4002 6412
179 359 230 429 τι
1259 405 1264 410 -
1672 379 1759 441 PB

1928 379 2088 442 .TIO.
2270 453 2274 463 ,
3445 375 3508 437 13

209 509 3500 550 WWM

1791 517 3250 550 Μ

1155 709 1426 797 ANG.
1575 707 1785 797 MAI
1851 707 2588 842 ‘PRIEFATIO.

1390 893 1592 966 (Class.
1646 895 1806 950 Auct.
1830 903 1873 950 t.
1907 893 1994 962 Vl,
2024 895 2241 968 Proleg.
2280 898 2361 968 5.)

295 1202 353 1257 in
393 1199 630 1259 exordio
666 1199 861 1270 operis
894 1199 1043 1270 quod
1097 1213 1127 1254 a
1156 1197 1317 1254 nobis
1355 1199 1460 1252 hoc
1489 1199 1771 1254 volumine
1799 1198 2004 1262 editur,
2056 1207 2246 1253 narrat
2301 1195 2601 1265 Procopius
2635 1196 2905 1266 duplicem
2970 1211 2998 1248 a
3061 1211 3120 1250 se
3184 1209 3519 1251 commenta-

230 1289 369 1342 rium
399 1289 466 1343 ad
497 1287 918 1344 Octateucbum
943 1286 1116 1343 fuisse
1141 1284 1504 1352 adornatum;
1538 1286 1778 1356 primum
1817 1287 2038 1357 quidem
2077 1285 2502 1355 :unplissimum,
2552 1299 2617 1338 ex
2683 1283 2926 1352 antiquis
2975 1281 3232 1338 Pati-ibus
3286 1284 3518 1353 aliisque

231 1375 602 1446 scriptoribus
657 1375 1008 1444 decerptum,
1061 1381 1117 1428 et
1173 1381 1400 1438 catena,
1462 1381 1524 1426 ut
1579 1372 1880 1444 loquimur,
1927 1376 2036 1428 ritu
2083 1375 2436 1429 ordinatum:
2505 1374 2734 1427 retentis
2779 1373 3023 1443 ipsorum
3079 1381 3363 1426 auctorqu
3421 1373 3521 1426 ad-

231 1465 500 1519 amussim
537 1463 769 1527 verbis;
803 1463 921 1517 sive
954 1460 1247 1531 opiniones
1296 1461 1438 1515 inter
1466 1475 1526 1515 se
1581 1471 1968 1531 congruerent,
2036 1463 2152 1518 sive
2187 1475 2371 1517 secus.
2417 1459 2609 1515 Postea
2663 1470 2839 1514 tamen
2899 1460 3026 1530 quia
3080 1459 3244 1529 hujus
3305 1460 3521 1530 generis

227 1549 550 1604 lucubratio
610 1551 668 1603 in
707 1549 1040 1603 immensum
1096 1561 1421 1602 excrescere
1469 1547 1782 1613 videbatur,
1842 1549 2134 1604 consilium
2177 1547 2319 1620 cepit
2366 1546 2509 1602 hanc
2556 1547 2621 1600 ad
2673 1547 2855 1617 aptius
2904 1546 3286 1616 compendium
3336 1545 3523 1601 confc-

231 1638 383 1691 rendi
423 1656 439 1690 :
503 1647 679 1705 atque
745 1638 821 1690 ita
868 1636 1192 1706 plerumque
1240 1634 1468 1690 omissis
1503 1642 1790 1690 auctorum
1824 1635 2164 1697 nominibus,
2200 1643 2252 1690 et
2294 1647 2390 1689 ore
2426 1633 2650 1704 proprio
2673 1634 2924 1702 loquens,
2956 1649 3070 1688 rem
3120 1633 3287 1689 semel
3339 1633 3523 1686 dicere

232 1723 446 1786 maluit,
508 1724 606 1778 ubi
654 1733 810 1778 certe
851 1730 1105 1777 auctores
1145 1722 1287 1775 inter
1331 1736 1395 1776 se
1459 1723 1892 1792 conspirabant;
1949 1724 2039 1778 ubi
2089 1734 2268 1779 autem
2318 1723 2549 1777 invicem
2597 1722 2958 1784 dissidebant,
3009 1737 3123 1776 rem
3167 1722 3523 1775 nihilominus

231 1812 509 1863 concinna
549 1810 832 1864 brevitate
856 1807 1186 1874 edisseruit;
1221 1824 1332 1878 quo
1364 1807 1623 1864 videlicet
1667 1826 1804 1878 opus
1839 1810 2153 1866 concretius
2203 1809 2373 1876 fieret,
2407 1818 2462 1866 et
2491 1825 2602 1864 uno
2659 1809 2826 1864 veluti
2857 1818 3086 1864 auctore
3145 1808 3517 1878 progenitum.

228 1896 399 1965 liajor
452 1899 546 1950 illa
598 1895 858 1966 ProcOpii
889 1897 1202 1950 lucubratio
1249 1896 1304 1950 in
1341 1911 1472 1951 mss.
1526 1896 1874 1954 bibliothecis
1935 1907 2150 1954 exstare
2195 1899 2412 1954 videtur
2458 1899 2559 1968 (1);
2626 1897 2720 1952 sed
2760 1897 2948 1952 Graece
3001 1897 3178 1951 lucem
3223 1906 3372 1951 certe
3413 1912 3523 1949 nou

227 1986 403 2038 vidit:
454 1985 642 2038 minor
681 1994 864 2038 autem
919 1999 1074 2054 aque
1120 1982 1324 2038 inedita
1363 1984 1416 2038 in
1478 1985 1695 2040 duobus
1737 1985 2029 2054 pontiﬁciae
2080 1986 2422 2041 bibliotheca:
2460 1985 2745 2040 codicibus
2789 1984 2921 2038 mihi
2964 2000 3025 2039 se
3089 1984 3312 2048 obtulit,
3362 1991 3418 2036 et
3465 1983 3520 2036 iu

229 2087 339 2124 uno
395 2073 570 2125 etiam
606 2071 954 2126 bibliotheca
999 2070 1357 2126 Albaniorum
1415 2069 1484 2124 ab
1529 2070 1650 2138 ejus
1683 2073 1944 2142 perdocto
1988 2073 2222 2144 praeside
2269 2073 2558 2129 observata
2597 2073 2794 2136 fuerat,
2829 2071 2924 2142 qui
2973 2079 3028 2126 et
3058 2071 3265 2125 codicis
3332 2085 3518 2132 usum,

231 2168 288 2210 ut
311 2173 440 2211 cum
476 2155 771 2211 Vaticanis
792 2156 1124 2224 conferrem,
1173 2157 1307 2210 mihi
1365 2158 1664 2212 concessit.
1702 2156 1823 2214 Una
1893 2169 2075 2215 tamen
2125 2160 2292 2216 trium
2343 2161 2596 2216 codicum
2657 2161 2811 2232 origo
2849 2160 2992 2214 fuit:
3036 2175 3160 2212 nam
3217 2167 3266 2212 et
3324 2157 3524 2212 iisdem

231 2260 464 2314 prorsus
497 2245 724 2300 lacunis
775 2245 951 2310 hiant,
1001 2252 1055 2298 et
1114 2243 1304 2298 eodem
1375 2243 1484 2298 line
1522 2245 1891 2314 clauduntur;
1952 2256 2006 2303 et
2039 2248 2149 2302 duo
2184 2249 2378 2303 saltem
2422 2248 2474 2302 in
2528 2248 2770 2303 minimis
2797 2248 2963 2302 etiam
2998 2247 3150 2300 vitiis
3177 2246 3520 2313 conspirant,

238 2331 540 2387 Vaticanus
594 2333 814 2387 scilicet
868 2333 1079 2401 primus
1106 2339 1162 2387 et
1198 2332 1566 2398 Albanensis;
1615 2349 1743 2388 nam
1800 2333 2126 2390 Vaticanum
2161 2335 2392 2390 alterum
2432 2336 2502 2390 ab
2548 2335 2802 2404 imperita
2852 2351 3019 2389 manu
3071 2333 3382 2388 confectum
3435 2332 3537 2385 vix.

234 2433 689 2474 commemorem.
755 2417 819 2470 Et
861 2418 1014 2472 illum
1070 2414 1304 2488 quidem
1339 2419 1644 2489 principem
1677 2420 1880 2475 saeculo
1925 2437 1995 2475 xv
2029 2423 2297 2493 scriptum
2335 2421 2549 2491 judico,
2586 2423 2948 2477 Albaneusem
2978 2430 3242 2476 autemet
3287 2421 3542 2474 alterum.

239 2503 568 2561 Vaticanum
607 2516 873 2576 sequente
903 2507 1140 2573 saeculo;
1171 2514 1549 2561 verumtamen
1589 2509 1801 2578 primus
1839 2507 2140 2564 Vaticanus
2177 2525 2206 2565 e
2255 2519 2572 2580 pervetusto
2610 2493 2807 2578 aliquo.
2843 2510 3142 2580 exemplari
3204 2509 3514 2576 exscriptus

240 2592 355 2654 init.
398 2595 616 2648 detrito
666 2595 782 2665 jam
817 2603 870 2648 et
900 2594 1232 2665 quandoque
1279 2594 1487 2660 lacero,
1538 2595 1682 2663 quod
1721 2611 1844 2651 cum
1909 2596 2030 2666 ipso
2076 2595 2329 2667 Procopii
2381 2598 2721 2667 autographo
2762 2590 3021 2651 collatuin
3079 2595 3280 2656 fuerat,
3333 2604 3392 2648 ut
3441 2593 3526 2646 in-

239 2683 470 2750 scriptio
494 2683 746 2753 insignis
784 2690 1020 2737 testatur
1067 2682 1123 2736 in
1154 2682 1306 2737 calce
1332 2681 1543 2736 codicis
1567 2680 1819 2752 Procopii

1946 2684 2071 2739 mini
2112 2684 2374 2756 adjecta:
2426 2685 2696 2757 Ἐξισὼὒη
2758 2685 2902 2740 κατὰ
2935 2684 2997 2738 τὸ
3050 2683 3246 2737 ἑαυτοῦ
3309 2681 3526 2752 πρωτό-

238 2784 422 2826 ωπον.
725 2789 736 2794 “

306 2862 471 2916 Nunc
498 2859 641 2915 illud
671 2859 929 2915 dubitare
970 2859 1118 2922 licet,
1171 2867 1354 2914 utrum
1400 2860 1706 2930 ProcOpius
1735 2861 1879 2915 hanc
1922 2876 2085 2931 quam
2119 2863 2386 2922 habemus
2425 2867 2479 2920 in
2517 2864 2773 2920 manibus
2826 2863 3269 2918 lucubrationem
3339 2863 3523 2916 absol-

241 2952 400 3015 verit,
437 2965 507 3003 an
545 2949 715 3002 ta-dio
773 2954 869 3002 aut
907 2947 1095 3002 labore
1138 2947 1318 3001 victus
1357 2947 1685 3015 abruperit:
1723 2961 1851 3001 nam
1887 2948 1944 3003 in
1973 2949 2242 3008 Romanis
2279 2954 2501 3024 quidem
2547 2954 2834 3024 codicibus
2879 2952 3023 3006 haud
3057 2953 3194 3004 ultra
3251 2950 3554 3005 Gencseos.

241 3039 550 3108 capitulum
578 3050 718 3090 mu
749 3035 1020 3105 procedit.
1051 3032 1234 3100 Quare
1277 3042 1531 3104 superest
1555 3043 1615 3088 ut
1643 3033 1874 3090 aliarum
1923 3021 2384 3095 bibliothecarum
2434 3039 2676 3112 praefecti
2748 3021 2969 3094 cinliccs
3023 3055 3154 3093 suos
3201 3038 3524 3107 iuSpiciaut,

239 3137 294 3181 et
323 3129 471 3182 bane
506 3127 676 3180 nobis
707 3124 1108 3180 dubitationem
1131 3123 1387 3193 eripiant.
1418 3122 1640 3180 Interim
1671 3139 1802 3180 vero
1857 3125 2159 3183 Christiani
2199 3128 2439 3183 rhetoris
2476 3141 2640 3200 atque
2699 3130 3092 3191 hermeneutm,
3131 3135 3288 3182 sexto
3311 3127 3524 3182 Christi

241 3216 443 3270 mulo
476 3214 641 3278 clari,
676 3213 841 3282 cujus
865 3212 978 3281 jam
1007 3211 1061 3265 in
1089 3218 1288 3280 quarto
1316 3209 1594 3264 volumine
1647 3209 1768 3279 plus
1833 3223 2054 3268 centum
2090 3215 2354 3285 epistolas
2393 3217 2691 3288 divulgavi,
2739 3217 3034 3272 classicum
3081 3215 3303 3286 oppido,
3369 3214 3527 3267 lucu-

244 3303 478 3366 lentum,
508 3304 883 3366 uberrimum,
906 3310 962 3354 et
984 3299 1197 3369 jamdiu
1236 3307 1554 3369 exoptatum
1584 3300 1651 3354 ad
1683 3299 1942 3355 Genesim
1994 3304 2450 3357 commentarium
2497 3305 2729 3358 libenter
2782 3303 3078 3356 admodum
3146 3301 3522 3354 commoditati

247 3393 479 3458 publica:
502 3391 787 3445 exhibeo:
825 3388 989 3458 cujus
1024 3387 1247 3457 quidem
1296 3388 1487 3442 laudes
1509 3387 1809 3455 prardicare
1836 3387 1967 3456 quid
2000 3388 2250 3456 interest,
2296 3407 2420 3444 cum
2467 3407 2545 3445 eae
2592 3390 2900 3461 legentibus
2970 3389 3214 3444 cordalis
3279 3396 3522 3458 pateant,

249 3479 454 3547 ignaris
478 3491 670 3530 autem
703 3484 760 3530 et
792 3475 1028 3543 illepidis
1079 3489 1185 3527 nou
1227 3471 1641 3544 suifragentur?
1667 3473 1830 3528 Certe
1857 3475 2044 3543 operis
2083 3485 2466 3546 argumentum
2531 3485 2696 3544 atque
2727 3475 2982 3528 tractatio
3021 3475 3302 3543 permagni
3341 3475 3516 3528 inter-

250 3577 358 3628 est,
400 3567 473 3620 de
528 3565 725 3618 mundi
782 3573 992 3617 natura
1030 3561 1310 3626 videlicet,
1361 3561 1430 3616 de
1479 3571 1602 3614 ortu
1634 3561 1872 3617 hominis
1914 3568 2080 3630 atque
2109 3564 2231 3632 ejus
2285 3557 2457 3617 libero
2496 3563 2748 3626 arbitrio,
2790 3561 2857 3614 de
2919 3563 3078 3629 culpa
3137 3560 3405 3628 principe,
3463 3563 3527 3614 de

257 3653 544 3705 homicidio
573 3652 782 3721 primo,
819 3650 887 3704 de
915 3649 1122 3703 diluvio
1153 3657 1207 3703 et
1232 3663 1382 3716 arca,
1415 3647 1483 3703 de
1518 3648 1741 3703 humani
1781 3649 1999 3718 generis
2058 3650 2397 3704 incremento
2444 3664 2508 3702 ac
2573 3648 2890 3703 diﬁ‘usione.
2926 3647 3211 3701 Accedunt
3267 3647 3525 3716 antiquo-

261 3754 368 3793 mn
398 3741 778 3809 interpretum
832 3745 997 3805 atque
1047 3737 1352 3790 editionum
1412 3735 1681 3790 lectiones
1739 3735 1906 3789 varia:
1936 3752 2003 3790 ex
2052 3735 2304 3807 Origenis
2341 3737 2601 3806 Hexaplis
2637 3752 2666 3789 a
2698 3735 2970 3804 Procopio
3020 3735 3150 3787 olim
3193 3734 3522 3802 desumptae,

255 3845 366 3896 qua
394 3845 545 3883 nunc
592 3828 664 3881 ad
694 3827 886 3881 eadem
933 3824 1182 3896 Hexapla
1223 3827 1366 3894 (qua:
1395 3840 1495 3896 pro
1559 3825 1769 3880 viribus
1826 3822 2271 3879 Montl‘auconius
2339 3821 2609 3893 restituit)
2661 3822 3000 3892 postliminio
3062 3821 3336 3875 redibunt.
3387 3822 3524 3874 Cum

254 3928 429 3970 autem
477 3925 590 3967 tota
635 3913 952 3968 lucubratio
1021 3928 1088 3968 ex
1121 3912 1476 3982 antiquorum
1510 3913 1735 3974 Patrum
1773 3913 1997 3980 scriptis
2030 3919 2289 3981 congesta
2325 3909 2418 3974 sit,
2471 3909 2722 3979 profecto
2758 3908 3026 3963 habemus
3078 3908 3521 3962 liermcneutiees

253 4020 421 4072 genus
453 4001 725 4064 solidum,
789 4000 1207 4068 doctrinamque
1253 4000 1654 4066 authenticam,
1701 4014 1867 4070 quam
1915 4013 2018 4069 ego
2044 3999 2263 4068 quidem
2311 4011 2424 4067 pra:
2465 3996 2750 4053 hodiernis
2798 3996 2985 4051 multis
3033 3984 3524 4065 grammaticorum:

254 4093 486 4155 argutiis
521 4097 578 4144 et
615 4088 1018 4158 philologorum
1055 4087 1379 4142 commentis
1409 4085 1566 4158 sequi
1599 4088 1806 4142 malim.

319 4176 508 4246 Longe
550 4177 664 4228 alia
703 4175 848 4228 ratio
893 4182 977 4229 est
1014 4173 1400 4228 commentarii
1443 4175 1749 4245 imperfecti
1795 4175 1851 4230 in
1893 4173 2182 4231 Canticum
2226 4173 2562 4242 Salomonis,
2591 4189 2753 4246 quem
2832 4172 2933 4228 sub
2983 4171 3231 4243 ejusdem
3269 4171 3522 4242 Procopii

255 4268 337 4318 vix
368 4265 544 4318 dubio
602 4262 834 4317 nomine
883 4277 957 4316 ex.
998 4261 1107 4316 alio
1160 4260 1353 4317 codice
1397 4263 1688 4318 eruimus:
1741 4263 1790 4316 is
1827 4264 1974 4318 enim
2013 4263 2082 4317 ob
2130 4263 2522 4318 declarandam
2569 4260 2952 4316 tantummodo
3005 4261 3301 4315 scribentis
3355 4265 3524 4330 picta-

257 4365 357 4407 tcn
391 4353 669 4423 scriptus.
725 4365 906 4421 neque
946 4349 1114 4404 ullam
1146 4350 1469 4407 historicum
1499 4365 1613 4422 pra:
1644 4366 1704 4408 se
1745 4351 1849 4407 l‘ert
1902 4349 2293 4417 eruditionem,
2331 4365 2508 4423 neque
2562 4351 2628 4407 ad
2660 4352 2846 4423 operis
2899 4350 3198 4422 superioris
3253 4361 3513 4422 praestru-

261 4441 382 4493 tiam
415 4456 663 4510 prorsus
686 4439 949 4508 assurgit.

323 4594 483 4665 m1.
514 4594 584 4648 Α.
622 4591 944 4649 Fabricius.
977 4591 1077 4647 sn
1104 4591 1200 4649 Gr.
1233 4565 1325 4651 εδ.
1356 4608 1484 4651 nov.
1522 4603 1565 4651 ι.
1597 4593 1713 4660 vu,
1735 4610 1789 4667 p.
1825 4595 1949 4652 sos.
