4002 6422
504 379 568 444 ιι)
1805 326 2158 420 Paccom
2197 359 2438 420 GAZZEI
3681 359 3752 427 20

506 520 769 534 5—“;

805 504 3728 537 Μ

1177 666 2220 1009 PROCOPII
2325 738 3062 919 GAZ/EI

1835 1084 2462 1178 SOPHISTAE

1386 1330 1547 1455 IN
1654 1325 2854 1457 OCTATEUCHUM

715 1585 887 1647 SIVE
926 1586 1258 1647 PRIORES
1294 1586 1481 1649 ΟΕΤο
1518 1586 1847 1650 VETERIS
1883 1586 2373 1648 TESTAMENTI
2418 1584 2693 1665 LIBROS
2730 1583 3088 1657 ANTIQUiE
3139 1584 3539 1647 LECTIONIS

1622 1772 2627 1891 COMMENTARII

1944 2007 2074 2047 NUNC
2113 2006 2309 2047 PRIMUS!

1002 2179 1065 2217 EX
1124 2175 1494 2226 ANTIQUISSIHO
1548 2175 1733 2218 GRSCO
1768 2175 1937 2222 εορυε
1965 2174 2321 2214 MANUSCRH‘TO
2354 2175 2582 2215 CODICEM

1677 2178 1733 2218 [ζο
1768 2175 1937 2222 εορυε
1965 2174 2321 2214 MANUSCRH‘TO
2354 2175 2583 2215 CODICEM
2630 2176 2681 2217 LV
2729 2176 2962 2217 ιΑτιΝωι
3002 2177 3257 2220 ΟΟἉΥΕΒΒΙ

1714 2340 1883 2394 Claud.
1917 2342 2227 2404 Thrasybulo
2262 2346 2562 2406 interprete.

1220 2634 1584 2728 ‘JACOBUS
1626 2667 2060 2767 GESNERUS
2122 2668 2646 2735 CHRISTIANO
2690 2668 3077 2738 LECTORI.

588 2828 912 2900 Quanquam
944 2837 998 2885 et
1052 2838 1243 2885 nostra
1275 2831 1435 2887 nobis
1472 2833 1812 2890 conscientia
1848 2846 1900 2891 et
1926 2837 2112 2894 emissi
2155 2839 2206 2892 in
2245 2840 2421 2895 lucem
2455 2855 2519 2894 ex
2560 2842 2774 2899 oﬂiciua
2806 2850 2993 2897 nostra
3037 2840 3164 2897 libri
3205 2841 3579 2898 testimonium
3611 2842 3772 2899 locu-0

520 2919 885 2985 plctissimum
931 2918 1255 2989 perbibeant
1288 2920 1701 2990 typographicis
1748 2922 1833 2977 his
1873 2922 2178 2988 laboribus,
2208 2940 2310 2980 nos
2340 2941 2450 2979 non
2490 2935 2599 2981 tam
2643 2937 2887 2985 nostram
2924 2942 3088 2997 quam
3136 2927 3458 2982 litterariam
3489 2928 3769 2998 publicam

517 3020 635 3058 rem
678 3013 928 3075 spectare
959 3007 1319 3061 cousitevisse
1360 3024 1375 3062 :
1420 3020 1485 3061 ac
1516 3016 1801 3077 propterea
1848 3024 1957 3062 noti
1991 3024 2215 3065 necesse
2250 3011 2481 3066 habeam
2531 3014 2788 3083 cuiquam
2834 3014 2918 3070 vel
2950 3020 3143 3069 nostra
3182 3014 3362 3070 studia
3390 3016 3645 3084 probare,
3682 3015 3772 3067 vel

515 3092 721 3146 librum
755 3093 903 3148 hunc
940 3093 1157 3163 magnis
1182 3094 1439 3150 laudibus
1473 3096 1709 3150 vehere:
1743 3092 1839 3151 sed
1871 3096 2092 3151 credam
2119 3097 2301 3166 potius
2321 3099 2451 3153 vino
2484 3100 2748 3155 vendibili
2771 3115 3046 3170 suspensa
3079 3101 3278 3155 hedera
3312 3110 3450 3169 opus
3475 3116 3580 3153 non
3615 3114 3771 3165 esse,

517 3187 702 3234 tamen
741 3190 801 3234 ut
835 3181 1134 3255 intelligas,
1168 3182 1415 3238 studiose
1455 3184 1647 3246 lector,
1672 3193 1890 3254 quantae
1915 3183 2286 3240 ex.hoelibro
2318 3180 2612 3256 diligenter
2633 3186 2778 3241 lecto
2813 3188 3085 3242 utilitates
3111 3186 3319 3256 percipi
3355 3194 3582 3255 queant,
3615 3186 3773 3255 quod

519 3268 699 3321 solent
727 3267 819 3322 alii
848 3267 1029 3323 facere
1059 3271 1411 3340 typographi,
1441 3269 1705 3341 quodque
1733 3287 1859 3327 cum
1895 3272 2031 3325 milti
2063 3278 2181 3325 tttm
2212 3271 2447 3328 Andreae
2477 3271 2634 3327 fratri
2670 3272 2816 3329 facto
2852 3288 2992 3343 opus
3036 3288 3161 3329 esse
3187 3272 3503 3336 videbatur,
3544 3270 3763 3334 aliquid

517 3354 586 3407 de
606 3355 879 3424 Procopio
908 3362 1073 3425 atque
1103 3359 1268 3411 etiam
1300 3356 1402 3411 hoc
1441 3357 1563 3427 ejus
1597 3358 2002 3413 Commentario
2042 3357 2335 3427 praefabor.
2370 3359 2449 3413 Ac
2477 3361 2544 3416 de
2596 3361 2719 3431 ipso
2771 3360 2991 3431 quidem
3036 3360 3328 3429 ProcOpio,
3363 3360 3626 3429 quoniam
3664 3372 3774 3412 nec

516 3442 771 3498 Photiqu
798 3441 1191 3515 patriarcham,
1226 3446 1319 3516 qui
1368 3462 1492 3501 cum
1536 3445 1605 3502 de
1638 3461 1705 3502 eo
1738 3447 1859 3516 ipso
1889 3454 2003 3501 tum
2039 3447 2107 3501 de
2144 3447 2292 3501 omni
2329 3446 2667 3517 scriptorum
2702 3463 2902 3518 genere
2933 3446 3154 3503 duobus
3184 3448 3343 3501 libris
3394 3445 3583 3500 Graece
3629 3446 3781 3499 scri-

519 3534 653 3600 psit,
692 3533 771 3587 in'
801 3543 1054 3602 promptu
1086 3533 1260 3588 habeo
1291 3552 1302 3587 :
1337 3549 1440 3590 nec
1477 3532 1848 3604 praedicandis
1900 3533 2039 3588 tanti
2071 3534 2174 3588 viri
2218 3532 2475 3589 laudibus
2512 3535 2630 3605 ipse
2672 3534 2909 3600 suﬂicio,
2944 3545 3122 3604 pau‘ca
3161 3549 3387 3604 possum
3420 3533 3623 3587 dicere.
3665 3530 3781 3586 Sed

521 3621 809 3689 quoniam,
841 3626 904 3674 ut
937 3620 1121 3674 Ovidii
1157 3620 1340 3675 verbis
1369 3627 1512 3684 utar,
1540 3621 1876 3676 conveniunt
1905 3618 2034 3675 fatis
2059 3621 2283 3676 nomina
2309 3636 2454 3690 sape
2486 3622 2606 3677 suis
2634 3640 2648 3676 :
2683 3623 2808 3691 quis
2839 3623 2943 3677 sibi
2970 3636 3077 3677 non
3109 3621 3276 3682 ausit,
3301 3620 3385 3675 vel
3419 3619 3606 3673 audito
3635 3617 3785 3673 Pro-

519 3708 663 3777 copii
702 3707 947 3774 nomine,
984 3706 1231 3777 μεγάλην
1263 3707 1572 3779 προκοπήν,
1604 3707 1712 3762 hoc
1743 3715 1828 3763 est
1861 3708 2472 3780 ingentesprogressus
2502 3710 2773 3779 polliceri,
2810 3711 2855 3765 si
2881 3710 3104 3779 quidem
3139 3710 3308 3763 hosce
3336 3707 3457 3777 ejus
3482 3707 3537 3760 in
3563 3706 3781 3762 Mosem

522 3805 692 3865 atque
747 3796 801 3848 in
855 3809 1073 3848 sacram
1119 3792 1420 3849 llistoriam
1474 3796 1908 3851 commentarios
1956 3804 2213 3851 accurate
2244 3796 2572 3866 perlegerit?
2620 3795 2754 3862 Quis
2807 3794 3010 3850 Gazam
3057 3797 3290 3865 patriam
3331 3794 3560 3849 audiens
3590 3832 3606 3857 ,
3651 3807 3784 3862 ῳιιι⁵

487 3881 743 3945 ,ρίγίιπςη
784 3881 922 3945 sive,
955 3880 1022 3934 de
1054 3895 1165 3950 quo
1214 3880 1375 3937 divus
1415 3879 1777 3952 Hieronymus
1817 3882 2111 3950 dubitavit,
2146 3890 2304 3939 vetus
2343 3883 2436 3936 illa
2476 3882 2579 3937 fuit
2610 3884 2664 3936 in
2706 3898 2865 3952 quam
2896 3883 3039 3937 bello
3078 3892 3271 3937 contra
3310 3879 3606 3951 Egyptunt
3652 3896 3789 3936 sus-

525 3978 690 4037 cepto
723 3984 751 4020 a
785 3967 1053 4038 Cambyse
1090 3965 1378 4022 Persarum
1417 3983 1542 4038 rege
1569 3983 1701 4039 opes
1744 3971 1909 4039 regiae
1932 3978 2289 4041 comportata:
2314 3968 2595 4025 Persicum
2637 3970 2743 4026 hoc
2770 3985 2971 4025 nomen
3003 3970 3126 4025 urbi
3166 3969 3419 4023 indidere
3455 3986 3470 4021 :
3510 3969 3626 4022 sive
3658 3967 3788 4021 hzec

528 4057 649 4126 ipsa
686 4054 788 4107 fuit
823 4069 987 4124 quam
1028 4060 1245 4107 constat
1277 4055 1442 4108 etiam
1488 4064 1800 4125 expugnata
1829 4055 2016 4110 Judaza
2053 4054 2328 4112 celebrem
2386 4064 2442 4112 et
2476 4056 2767 4112 fecundam
2795 4056 3024 4113 Christo
3078 4055 3251 4111 fuisse
3284 4073 3298 4109 :
3337 4069 3443 4108 non
3498 4053 3790 4123 intelligat

526 4157 655 4197 sane
679 4158 842 4211 quam
879 4142 1202 4210 praeclaram
1235 4134 1493 4210 utrinque
1528 4140 1792 4212 aﬂulgere
1826 4143 2018 4198 divitis
2041 4144 2287 4199 thesauri
2311 4157 2463 4214 spem
2487 4150 2540 4199 et
2572 4143 3083 4215 exspectationem?
3111 4143 3178 4197 Et
3211 4143 3340 4197 vita:
3367 4141 3512 4211 quod
3548 4150 3792 4196 secutus

524 4237 609 4284 est
635 4245 809 4298 genus
832 4230 999 4284 etiam
1028 4228 1205 4297 ipsum
1232 4236 1559 4297 argumento
1583 4237 1666 4283 est
1692 4227 2022 4300 Proc0pium
2065 4230 2237 4293 hunc,
2269 4245 2380 4285 non
2418 4230 2584 4286 modo
2624 4231 2922 4286 multarum
2958 4240 3017 4285 et
3054 4230 3333 4284 variarum
3365 4244 3551 4284 rerum
3584 4228 3792 4298 cogni-

528 4322 754 4381 tionem,
784 4332 972 4371 verutn
999 4317 1166 4371 etiam
1203 4330 1477 4370 summam
1511 4316 1566 4370 in
1600 4317 1928 4386 exponendo
1956 4316 2277 4373 facultatem
2301 4326 2357 4373 et
2378 4316 2700 4374 felicitatem
2728 4318 2834 4373 sibi
2863 4332 3189 4389 comparare
3213 4317 3487 4391 potuisse.
3505 4315 3795 4384 Sophistre

527 4422 673 4459 enim
706 4403 759 4458 in
790 4404 999 4461 Gratcia
1034 4406 1308 4473 quondam
1357 4404 1773 4474 appellabantur
1805 4404 1859 4458 hi
1903 4406 1996 4475 qui
2036 4404 2199 4462 ludos
2229 4405 2574 4476 aperiebant,
2621 4404 2678 4459 in
2709 4405 2913 4475 quibus
2947 4405 3030 4460 sic
3075 4404 3452 4475 philosophari
3503 4405 3791 4466 solebant,

534 4506 593 4547 ut
630 4494 915 4563 sapientiae.
946 4493 1149 4559 pariter
1177 4502 1340 4562 atque
1363 4493 1692 4562 eloquentia:
1731 4493 2005 4562 principia
2031 4492 2298 4548 docerent
2328 4509 2343 4547 :
2383 4493 2577 4561 quales
2608 4491 2835 4547 fuerunt
2879 4492 3173 4555 Isocrates,
3202 4492 3411 4558 Theon,
3446 4490 3794 4560 Apbtonius,

532 4583 921 4651 Hermogenes.
956 4581 1239 4644 Libanitts,
1274 4581 1664 4646 Philostratus,
1694 4588 1749 4637 et
1782 4582 1874 4636 alii
1910 4582 2217 4642 innumeri,
2239 4581 2334 4651 qui
2368 4579 2475 4636 sibi
2501 4580 2747 4635 creditos
2800 4579 3179 4635 adolescentes
3208 4594 3332 4634 eum
3378 4578 3631 4632 doctrina
3666 4588 3797 4631 tum

532 4673 734 4739 pietate
761 4670 1095 4723 iutbueruut.
1126 4666 1245 4733 Quo
1294 4668 1540 4738 profecto
1585 4669 1769 4723 studio
1802 4669 1909 4724 hoc
1956 4670 2241 4725 consecuti
2285 4679 2435 4732 sunt,
2472 4674 2532 4722 ut
2568 4668 2638 4722 ob
2674 4665 2967 4738 praebitum
3004 4667 3123 4721 suis
3152 4666 3508 4721 auditoribus
3537 4664 3799 4720 salubris

528 4756 873 4810 educationis
921 4755 1181 4813 ollicium,
1215 4756 1472 4810 omnibus
1518 4755 1836 4812 hominibus
1868 4758 1923 4809 in
1978 4757 2282 4827 primisque
2317 4756 2660 4825 principibus
2694 4753 3066 4822 undequaque
3115 4752 3254 4806 viris
3305 4752 3599 4804 venerandi
3627 4750 3800 4818 juxta

529 4862 595 4899 ac
624 4844 776 4899 citari
814 4843 994 4897 forent
1027 4861 1040 4897 :
1079 4842 1340 4912 deinceps
1363 4850 1417 4896 et
1468 4844 1753 4912 sapientiae
1784 4843 2009 4897 nomine
2046 4842 2278 4896 multttm
2316 4840 2650 4894 auctoritate
2679 4839 2929 4894 valerent
2968 4839 3113 4908 apud
3151 4837 3543 4907 phil050pltos,
3575 4844 3628 4889 et
3669 4837 3802 4890 elo-

530 4933 769 5000 quentiae
799 4930 1013 4985 landem
1042 4929 1184 4999 apud
1231 4937 1478 4984 oratores
1523 4929 1856 4985 obtinerent.
1900 4930 2275 4995 Quamobrem
2315 4943 2507 4983 eorum
2557 4928 2826 4982 orationis
2862 4927 3037 4997 genus
3079 4926 3132 4979 in
3184 4924 3425 4980 Oratore
3446 4939 3549 4980 suo
3588 4923 3804 4978 Cicero

531 5021 733 5074 mirum
763 5020 817 5072 in
868 5016 1088 5070 modum
1122 5016 1330 5079 laudat.
1362 5031 1427 5071 ac
1456 5016 1594 5070 dicit
1640 5031 1763 5072 esse
1794 5017 1979 5079 dulce,
2015 5016 2284 5079 solutum,
2318 5016 2566 5080 cﬂluens,
2603 5015 2896 5071 sententiis
2930 5023 3213 5084 argntum,
3241 5013 3428 5068 verbis
3475 5027 3709 5074 sonans,
3743 5019 3805 5067 et

535 5119 711 5162 totum
740 5104 1011 5175 epidictici
1046 5103 1282 5173 generis,
1319 5102 1464 5173 quod
1501 5103 1606 5158 sibi
1630 5102 1887 5159 videatur
1918 5104 2201 5174 pr0prium
2241 5103 2614 5173 sophistarum
2650 5117 2796 5158 esse.
2829 5101 2961 5167 Quae
2989 5115 3115 5155 eum
3152 5102 3228 5155 ita
3263 5100 3398 5162 sint,
3429 5102 3593 5154 etiam
3634 5097 3806 5155 ltuuc

535 5196 836 5264 sophistatn
887 5202 1140 5246 nostrum
1189 5199 1245 5245 et
1294 5206 1477 5245 rerum
1511 5191 1578 5245 ad
1614 5191 1834 5247 divinas
1884 5208 1972 5246 res
2003 5192 2385 5261 percipiendas
2411 5191 2532 5243 utili
2569 5190 2889 5259 cognitione
2940 5189 3254 5258 praeditum,
3311 5196 3365 5242 et
3399 5187 3456 5240 in
3494 5187 3606 5250 illo,
3635 5185 3806 5252 quod

535 5297 818 5338 sacrarum
847 5281 1177 5334 Litterarum
1211 5278 1527 5333 tractationi
1563 5280 1615 5332 in
1650 5278 1843 5348 primis
1864 5286 1949 5334 est
1982 5279 2476 5343 accommodatum,
2507 5278 2831 5346 ἐκφράσεως
2864 5276 2978 5331 sive
3011 5276 3197 5339 tenuis
3235 5285 3288 5330 et
3321 5274 3543 5329 subtilis
3568 5273 3811 5342 exposi-

535 5373 704 5427 tionis
737 5386 935 5441 genere
976 5370 1113 5423 bene
1139 5373 1416 5423 versatum
1445 5365 1626 5422 fuisse
1660 5382 1888 5422 necesse
1923 5375 2026 5422 est.
2068 5366 2298 5419 Tantam
2324 5378 2456 5420 vero
2490 5364 2798 5418 doctrinam
2837 5372 2891 5418 et
2936 5363 3309 5432 eloquentiam
3345 5359 3413 5414 ad
3461 5360 3814 5415 Christiana

534 5459 899 5531 p'tilosopbire
921 5456 1305 5511 tractationem
1331 5455 1587 5509 attulisse
1612 5455 1804 5524 quanti
1837 5454 2059 5520 referat,
2091 5455 2348 5523 quoniam
2385 5452 2688 5523 Gregorius
2727 5450 3131 5512 Nazianzenus,
3153 5449 3605 5519 Chrysostomus,
3638 5446 3814 5502 Basi-

538 5554 665 5613 lius,
702 5550 944 5617 itemque
991 5562 1056 5600 cx
1092 5544 1302 5599 Latinis
1333 5544 1699 5613 Augustinus.
1761 5541 2162 5613 Hieronymus,
2219 5540 2565 5605 Lactantius,
2621 5540 2827 5609 aliique
2882 5537 3065 5607 magni
3123 5538 3177 5589 in
3226 5536 3470 5589 Ecclesia
3524 5535 3623 5587 viri
3678 5536 3806 5589 suis

537 5637 801 5706 exempl's
847 5636 949 5704 ipsi
997 5635 1251 5704 probant,
1287 5648 1397 5686 non
1433 5647 1574 5700 opus
1605 5639 1690 5685 est
1724 5646 1811 5685 me
1844 5630 2000 5699 plura
2043 5630 2248 5684 dicere.
2283 5627 2553 5681 Caeterum
2598 5635 2657 5679 ιιι
2701 5627 2913 5701 leonem
2945 5640 3009 5678 ex
3060 5623 3334 5692 unguibus
3361 5622 3618 5705 aestimes,
3655 5636 3818 5691 opus

542 5700 723 5794 ipsum
762 5700 975 5792 inspice
999 5700 1058 5777 et
1095 5721 1385 5776 considera
1417 5736 1429 5772 :
1457 5728 1511 5774 et
1540 5719 1815 5788 intelliges
1856 5717 2056 5772 iactam
2092 5732 2215 5772 esse
2251 5716 2348 5769 tibi
2396 5731 2547 5785 spent
2590 5715 2817 5768 minime
2847 5700 3043 5767 vanam
3090 5711 3432 5780 minimeque
3459 5700 3717 5764 dubiam.
3754 5712 3818 5765 tn

547 5826 683 5884 quo,
715 5811 761 5867 si
810 5826 949 5881 quas
983 5826 1091 5876 res,
1120 5808 1415 5879 quomodo.
1454 5808 1656 5877 quibus
1680 5805 1861 5861 verbis
1908 5816 2145 5877 etputtat
2179 5804 2497 5860 cousitlcres
2535 5821 2549 5857 :
2590 5802 2836 5873 profecto
2868 5810 2921 5856 et
2954 5800 3018 5853 ad
3070 5799 3345 5869 publicam
3385 5797 3713 5861 utilitatem,
3756 5807 3821 5854 et
