4002 6446
463 331 536 397 23
772 424 777 431 ι
1773 343 2129 407 pnocom
2167 343 2413 408 GAZ/El
3661 359 3735 424 gf,

467 442 954 518 interpretationes
1015 448 1072 505 in
1122 449 1352 523 perfecti
1403 453 1657 523 corporis
1725 469 2042 512 consonan-

2149 472 2363 511 στασιν.
2417 455 2630 511 Οὐκοῦν
2676 455 2941 527 συνεργὸν
2989 457 3123 529 ἡμῖν
3174 459 3266 515 τὸν
3303 461 3439 518 Θεὸν
3479 465 3735 534 γενέσθαι

464 537 598 591 tiam
645 538 914 611 redigere,
963 555 1033 598 ex
1071 557 1182 613 quo
1211 558 1313 599 ceu
1354 543 1505 599 fonte
1546 543 1713 599 unico
1746 545 1909 600 liceat
1936 562 2037 601 no-

2143 549 2500 612 καλέσαντες,
2526 548 2781 603 ἐντεῦθεν
2809 548 3130 620 ἀρξώμεθα.

463 629 548 685 bis
580 633 826 688 omnium
874 636 1291 707 explanationes
1340 635 1586 702 haurire,
1623 639 1786 708 quasi
1827 656 1969 694 unus
1999 647 2053 695 et
2092 642 2245 697 solus
2274 643 2553 712 loquatur.
2585 639 2788 697 Verum
2818 650 2878 695 ut
2908 643 3095 697 omnia
3133 643 3242 697 sint
3278 645 3456 716 magis
3494 645 3735 707 dilucida

464 728 888 800 perSpicuaqne,
945 733 1224 788 interdum
1287 739 1342 790 et
1391 732 1461 788 de
1511 739 1701 789 nostro
1745 735 2073 805 adjiciemns
2112 736 2340 808 aliquid.
2400 736 2763 809 Quapropter,
2804 752 2928 792 cum
2979 743 3191 791 tantum
3241 754 3380 808 opus
3421 740 3730 812 moliamur,

461 824 774 879 consultum
812 826 1063 896 judicavi
1117 827 1413 898 implorare
1450 829 1718 883 auxilium
1770 829 2040 892 divinum.
2081 838 2135 885 et
2163 830 2361 885 deinde
2395 845 2507 884 rem
2544 831 2717 899 ipsam
2749 830 2991 901 aggredi.

530 913 762 984 Oportet
816 930 942 971 eum
975 918 1068 987 qui
1109 932 1332 988 operam
1362 920 1593 977 daturus
1626 928 1713 976 est
1748 918 2051 990 Scriptura:

461 1018 654 1071 sacra‘,
688 1021 798 1061 non
848 1008 1097 1077 accipere
1128 1008 1223 1063 illa
1255 1026 1378 1082 qure
1413 1012 1485 1068 ibi
1542 1013 1855 1077 traduntur,
1888 1014 2049 1083 quasi

457 1096 783 1165 proveniant
810 1112 877 1153 ex
908 1098 1230 1156 hominibus
1264 1119 1277 1155 :
1306 1103 1474 1157 altius
1505 1103 1721 1158 initium
1747 1104 1863 1159 sive
1894 1104 2045 1175 prin-

457 1186 662 1256 cipium
709 1191 1072 1259 spectandum
1107 1208 1234 1249 reor
1265 1213 1278 1248 :
1314 1195 1546 1252 firmiter
1588 1197 1782 1253 credat
1822 1214 2050 1256 necesse

456 1284 562 1342 est,
606 1278 700 1333 illa
744 1290 1106 1338 sacrosancta
1164 1285 1423 1354 dogmata
1485 1302 1550 1342 ex
1602 1288 1721 1358 ipso
1774 1290 2046 1360 originem

458 1384 680 1426 sumere
735 1373 866 1439 Deo,
908 1383 963 1431 et
1014 1375 1142 1432 imle
1190 1393 1286 1449 per
1325 1378 1580 1437 homines
1614 1381 1773 1450 quasi
1820 1382 2047 1439 canales

458 1475 558 1517 seu
598 1462 1027 1520 instrumentum
1060 1466 1130 1521 ad
1164 1482 1267 1524 nos
1297 1485 1644 1540 promanare.
1674 1470 2046 1539 Quemadmo-

455 1549 587 1629 dum
618 1553 768 1608 enim
799 1555 986 1625 regius
1023 1556 1293 1619 minister.
1327 1560 1445 1617 sive
1475 1568 1533 1616 tu
1564 1577 1691 1617 eum
1732 1577 2042 1633 praeconem

456 1657 768 1716 nuncupes,
823 1647 967 1717 regis
1022 1660 1358 1721 praeceptum
1411 1659 1467 1708 et
1517 1666 1711 1708 vocem
1771 1653 2040 1720 imitatur,

458 1731 701 1791 dicens:
740 1727 892 1793 Iussi
935 1754 949 1790 :
997 1741 1325 1796 sententiam
1368 1750 1512 1797 tuam
1570 1741 1848 1799 declaravi
1892 1762 1908 1798 :
1955 1743 2038 1799 sic

2218 923 2313 977 Δεῖ
2342 923 2433 977 τὸν
2463 922 2758 997 προσιόντα
2785 925 2850 995 τῇ
2884 922 3005 994 θεία
3041 923 3233 995 Γραφῇ
3260 963 3275 988 ,
3311 923 3387 996 μὴ
3415 923 3491 990 ὡς
3518 927 3732 1000 ἀνθρώ-

2150 1032 2267 1068 πων
2294 1015 2579 1077 εἰπόντων,
2612 1013 2725 1067 ἀλλ’
2753 1015 2829 1078 ὼς
2860 1014 2997 1068 Θεοῦ
3038 1014 3105 1069 δι’
3142 1015 3323 1069 αὐτῶν
3354 1016 3730 1089 φθεγξαμένου

2148 1104 2258 1157 τῶν
2284 1103 2590 1174 εἰρημένων
2627 1105 2870 1158 ἀκούειν.
2900 1104 3114 1176 ’Ὠσπερ
3134 1105 3245 1175 γὰρ
3275 1105 3556 1176 ὑπηρέτης
3576 1108 3732 1179 βασι-

2150 1193 2301 1257 λικὺς
2317 1193 2582 1265 βασιλέως
2598 1194 2781 1266 φωνὴν
2813 1195 3168 1265 ὑποκρίνεται
3190 1235 3205 1256 ,
3239 1195 3504 1249 ἐκέλευσα
3532 1195 3726 1266 λέγων,

2150 1284 2513 1357 έδωρησάμην
2534 1325 2548 1351 ,
2580 1283 2755 1348 οὕτως
2788 1287 2838 1339 οἱ
2883 1288 3160 1357 προφῆται
3191 1285 3444 1360 καθάπερ
3484 1288 3730 1357 κάλαμον

2144 1377 2243 1449 τὴν
2294 1376 2542 1446 γλῶτταν
2615 1375 2913 1446 ὀξυγράςρῳ
2981 1376 3316 1449 παρέχονται
3386 1380 3727 1447 γραμματεῖ.

2143 1469 2283 1523 κατὰ
2309 1470 2401 1522 τὸν
2435 1470 2608 1538 μέγαν
2638 1468 2835 1534 Δαὸὶδ,
2869 1467 2963 1522 καί
2996 1485 3129 1538 φασι
3170 1469 3353 1538 τυχόν
3393 1486 3411 1518 ι
3463 1469 3587 1521 Ἐὰν
3616 1469 3731 1522 eos.

2141 1559 2272 1631 λητε
2304 1560 2400 1613 καὶ
2443 1558 2808 1629 εἰσακούσητέ
2858 1575 2983 1629 μου,
3021 1558 3091 1612 τὰ
3119 1558 3303 1627 ἀγαθὰ
3346 1559 3448 1628 τῆς
3491 1558 3594 1626 γῆς
3627 1560 3730 1625 φά·

2140 1650 2329 1720 γεσθε.
2377 1669 2396 1703 ι
2432 1651 2642 1706 Οὐκοῦν
2666 1650 2803 1704 Θεοῦ
2828 1653 2899 1704 τὰ
2932 1651 3090 1719 λόγια
3118 1650 3247 1720 παρ’
3275 1644 3321 1720 ᾧ
3352 1649 3549 1719 ψεῦδος
3578 1650 3730 1705 οὐδὲν

2141 1742 2175 1814 ἢ
2204 1742 2415 1811 ἄλογον.
2448 1743 2561 1797 Καὶ
2600 1743 2684 1796 δεῖ
2726 1743 2828 1797 ὅσα
2877 1742 2981 1813 μὲν
3010 1742 3251 1805 εὐσεϐῶς
3283 1742 3486 1814 δυνήσῃ
3513 1743 3725 1811 νοῆσαι,

456 1825 738 1895 propheta:
781 1829 958 1884 sancti
1005 1829 1243 1901 linguam
1277 1832 1436 1901 quasi
1482 1832 1757 1889 calamum
1803 1833 2042 1903 praebent

2146 1837 2364 1905 κρατεῖν
2380 1850 2394 1864 ο
2421 1835 2470 1888 εἰ
2485 1833 2544 1888 δέ
2565 1836 2619 1886 τί
2643 1852 2736 1888 σου
2770 1835 3106 1907 παρατρέχει
3120 1834 3217 1904 τὴν
3232 1833 3482 1904 δύναμιν,
3504 1832 3537 1901 ἢ
3557 1833 3726 1885 Πατέι

457 1918 927 1975 excellentissimo
968 1923 1191 1989 scribae,
1227 1938 1392 1993 quem
1423 1924 1611 1980 nullus
1645 1926 1890 1995 scriptor
1912 1932 1917 1937 '
1941 1926 2039 1981 de-

459 2007 726 2072 scribere,
756 2027 855 2068 nec
887 2014 1032 2071 ullus
1057 2015 1241 2085 pictor
1273 2016 1552 2085 delipeare
1580 2021 1720 2088 quit,
1748 2018 1905 2089 juxta
1939 2018 2043 2073 Da-

2148 1942 2256 1996 ρων
2289 1924 2501 1996 μαθεῖν,
2520 1924 2552 1995 ἢ
2572 1925 2650 1996 τῷ
2669 1925 2789 1996 Θεῷ
2813 1920 3209 1997 παραπέμπειν
3238 1925 3346 1978 τῶν
3371 1925 3648 1993 γνῶσεων,
3668 1924 3728 1991 ὃς

2146 2017 2389 2072 διδάσκει
2413 2015 2703 2086 ἄνθρωπον
2729 2016 2954 2085 γνῶσιν.

458 2099 602 2154 vidis
647 2103 991 2159 vaticinium.
1045 2106 1111 2161 Et
1157 2108 1212 2162 in
1279 2109 1426 2165 hunc
1478 2086 1702 2166 modum
1750 2086 2045 2180 compellat
2082 2109 2317 2164 mortale
2345 2124 2540 2179 genus,
2596 2110 2858 2166 scilicet:
2899 2128 2917 2161 ι
2944 2110 3000 2164 Si
3030 2086 3416 2180 acqu'ievcritis
3483 2114 3538 2161 et
3600 2105 3730 2159 obe-

456 2195 697 2263 dieritis,
732 2197 938 2253 bonum
972 2206 1133 2255 terrae
1178 2203 1519 2260 comedetis:
1553 2212 1609 2259 et
1654 2205 1703 2261 si
1729 2204 2042 2269 nolueritis,
2082 2218 2148 2258 ac
2178 2202 2411 2262 rebelles
2447 2201 2664 2258 fueritis
2687 2243 2704 2268 ,
2741 2205 2921 2274 gladio
2991 2202 3411 2259 consumemini.
3447 2219 3466 2252 ι
3543 2200 3728 2268 itaque

457 2281 573 2342 Deo
600 2295 823 2356 accepta
859 2286 1084 2344 ferenda
1115 2298 1245 2347 sunt
1271 2291 1361 2346 illa
1404 2293 1660 2353 oracula.
1727 2292 1874 2364 apud
1931 2307 2096 2361 quem
2137 2292 2351 2347 nullum
2382 2306 2613 2348 cernere
2643 2302 2731 2348 est
2776 2294 3150 2355 mendacium,
3204 2292 3286 2346 vel
3325 2292 3456 2360 quid
3495 2286 3723 2345 sinitum

455 2390 553 2435 ant
584 2380 867 2437 frivolum.
903 2381 1281 2455 Quaecunque,
1316 2386 1621 2442 observans
1652 2401 1835 2442 veram
1868 2366 2150 2458 pietatem,
2183 2384 2397 2443 discere
2464 2387 2735 2457 potueris,
2780 2386 2867 2441 fac
2949 2384 3181 2441 memori
3254 2390 3436 2438 mente
3511 2389 3720 2436 teneas.

455 2475 514 2532 Si
550 2475 676 2546 quis
729 2476 884 2532 locus
935 2491 995 2532 se
1038 2475 1197 2531 offert
1249 2478 1557 2542 obscurior,
1588 2494 1752 2550 quam
1787 2478 1935 2533 hunc
1984 2478 2192 2548 ingenii
2218 2477 2331 2549 ‘tui
2367 2476 2514 2535 vires
2541 2478 2758 2554 assequi
2791 2478 3029 2543 valeant,
3054 2484 3150 2530 aut
3177 2475 3367 2530 Patres
3417 2474 3516 2528 tibi
3583 2487 3717 2527 con-

451 2564 667 2623 sulendi
701 2575 877 2631 sunt,
908 2574 1003 2621 aut
1046 2567 1402 2624 scientiarum
1437 2567 1579 2626 Deus
1642 2567 1909 2637 precibus
1974 2566 2285 2638 fatigandus
2349 2574 2457 2623 est.
2508 2565 2560 2623 Is
2628 2568 2775 2625 enim
2817 2568 3067 2624 homines
3108 2567 3391 2623 scientiam
3438 2567 3621 2629 docet,
3660 2571 3713 2619 et

450 2666 704 2712 nostrum
755 2657 1092 2715 intellectum
1133 2659 1383 2727 instruit,
1421 2669 1481 2716 ut
1510 2660 1816 2720 occultiora
1850 2660 2265 2732 apprchendere
2292 2667 2483 2730 queat,

521 2749 757 2805 Genesis
825 2761 1053 2817 autem,
1127 2768 1292 2825 quem
1364 2753 1568 2808 librum
1648 2752 2036 2824 explicandum

452 2845 811 2913 sumpsimus,
845 2844 1168 2913 praeclarum
1206 2859 1347 2915 opus
1386 2852 1491 2910 est,
1534 2846 1679 2915 quod
1708 2846 1869 2901 nobis
1902 2859 2039 2901 eon-

453 2931 626 2987 texuit
654 2929 856 2987 Moses.
895 2933 1190 2989 Auctorem
1226 2949 1295 2989 ne
1314 2935 1713 3005 contempseris
1750 2952 1764 2989 :
1797 2934 2038 2988 maxima

453 3024 726 3095 siquidem
772 3024 1034 3095 praeditus
1086 3025 1191 3079 fuit
1234 3026 1585 3081 auctoritate.
1645 3022 1745 3081 Hic
1794 3026 1921 3091 vir,
1968 3039 2037 3079 ne

452 3131 629 3181 erres,
666 3117 715 3172 is
770 3123 856 3172 est
884 3117 979 3187 qui
1011 3117 1190 3187 ipsum
1231 3114 1424 3182 Deum,
1452 3126 1729 3189 quatenus
1759 3118 2034 3173 humanus

452 3206 669 3270 oculus,
713 3216 768 3263 et
822 3208 1087 3278 possibile
1133 3206 1329 3280 fasque
1385 3216 1491 3272 est,
1559 3208 1713 3263 vidit.
1765 3208 1916 3273 lmo,
1975 3216 2035 3263 ut

453 3304 693 3353 testatur
730 3297 1017 3369 Scriptura
1043 3338 1058 3361 ,
1095 3316 1113 3350 ι
1137 3300 1401 3354 Dominus
1449 3299 1776 3368 loquebatur
1805 3298 1871 3353 ad
1914 3297 2035 3351 Mo-

455 3402 570 3442 sem
612 3387 750 3443 facie
773 3388 841 3442 ad
871 3387 1086 3455 faciem,
1118 3390 1279 3446 siculi
1316 3391 1478 3444 homo
1524 3390 1768 3459 loquitur
1805 3389 1871 3445 ad
1898 3390 2034 3443 ami-
2062 3366 2107 3425 (ἶ

454 3494 581 3533 cum
606 3495 791 3539 suum.
822 3482 1002 3537 etc'.»
1036 3482 1174 3537 Cum
1198 3481 1480 3538 afl'ectaret
1508 3483 1817 3541 uberiorem
1848 3482 2038 3554 cogni-

455 3573 665 3626 tionem
707 3571 1065 3644 indipisci,et
1093 3574 1259 3631 Deum
1285 3574 1693 3645 quodammodo
1738 3584 1932 3630 exacte
1983 3582 2040 3629 et

452 3677 563 3717 non
596 3665 753 3733 quasi
798 3680 897 3734 per
930 3674 1286 3722 transennam
1321 3682 1566 3733 cernere,
1600 3668 1807 3723 nullam
1842 3682 2038 3738 passus

455 3767 541 3810 est
600 3758 876 3827 repulsam
928 3758 981 3812 in
1014 3767 1181 3829 petrae
1211 3774 1448 3814 caverna
1486 3761 1725 3816 abditus.
1764 3759 2036 3815 Caeterum

456 3858 607 3905 recte
661 3858 719 3904 tu
771 3849 975 3905 dixeris
1034 3858 1201 3921 petra:
1249 3866 1583 3917 cavernam,
1641 3852 1892 3909 notitiam
1946 3851 2038 3906 Dei

458 3941 640 4007 illam,
688 3955 790 4012 per
845 3958 1007 4011 quam
1061 3959 1125 3998 ex
1175 3945 1560 4001 incarnatione
1606 3946 1812 4002 Christi
1859 3943 2039 4003 Patris

457 4034 831 4104 cognitionem
868 4048 1156 4088 venamur.
1192 4033 1371 4091 Moses
1417 4035 1472 4089 in
1506 4044 1660 4106 petra
1701 4037 2057 4101 consistens,

457 4125 746 4195 conspexit
791 4140 854 4182 ea
893 4139 1012 4193 qua:
1045 4134 1170 4193 post
1211 4124 1381 4182 Deum
1413 4135 1596 4189 erant,
1627 4127 1681 4184 id
1712 4137 1818 4195 est,
1851 4136 2038 4197 poste-

458 4217 628 4279 riora,
678 4232 745 4273 ex
787 4216 988 4286 quibus
1044 4217 1198 4287 quasi
1249 4233 1345 4288 per
1387 4221 1680 4286 quamdam
1730 4220 2039 4290 analogiam

457 4305 642 4377 opifex
679 4322 866 4361 eorum
902 4308 954 4389 2
990 4308 1340 4378 perspicitur.
1371 4307 1498 4364 Haec
1525 4311 1670 4365 enim
1705 4313 1724 4381 (
1754 4321 1813 4365 ut
1840 4311 2039 4366 verisi-

457 4399 591 4454 mile
630 4399 764 4469 est)
809 4398 989 4455 Moses
1037 4400 1288 4457 exactius
1334 4406 1390 4455 et
1442 4401 1720 4471 copiosius
1765 4402 2039 4471 cegnovit,

457 4505 623 4559 ("tam
654 4490 797 4546 ullus
834 4491 1175 4548 mortalium.
1221 4492 1358 4548 Cum
1395 4493 1581 4564 itaque
1613 4504 1911 4549 conaretur
1945 4504 2044 4564 po-

458 4582 648 4652 pulum
698 4583 799 4638 sibi
851 4584 1205 4639 commissum
1257 4585 1323 4640 ad
1373 4583 1469 4640 Dei
1522 4586 1891 4653 cognitionem
1953 4601 2043 4640 re-

462 4671 701 4736 trahere,
733 4672 988 4743 legesque
1020 4673 1414 4728 salnberrimas
1451 4672 1517 4727 ad
1546 4688 1665 4726 eam
1699 4688 1814 4727 rem
1840 4671 2035 4727 facien—

461 4773 545 4818 tes
589 4778 884 4831 exponere,
935 4763 1134 4834 dnplex
1177 4781 1347 4834 genus
1385 4765 1601 4820 dieemli
1654 4773 1878 4819 secutus
1916 4773 2038 4819 est:

2224 2754 2290 2807 Ἠ
2323 2752 2505 2807 τοίνυν
2532 2752 2776 2817 Γένεσις,
2828 2750 3110 2816 Μωῦσέως
3148 2749 3265 2804 ἐστὶ
3314 2748 3501 2820 γραφὴ
3529 2747 3724 2818 ἀνδρὸς

2138 2841 2450 2913 ἑωρακότος
2507 2841 2643 2895 Θεὸν
2666 2883 2683 2908 ,
2737 2841 2814 2905 ὡς
2877 2840 3102 2894 δυνατὸν
3159 2826 3404 2910 ὑπῆρχεν
3472 2838 3630 2899 ἰδεῖν,
3678 2827 3724 2902 ᾧ

2142 2951 2162 2984 ι
2197 2932 2381 3003 Στόμα
2417 2932 2554 3004 πρὸς
2584 2932 2760 3003 στόμα
2805 2931 3103 3002 λελάληκεν
3139 2933 3167 2984 ὁ
3209 2931 3342 2992 Θεὸς
3374 2932 3433 2982 ὲν
3466 2928 3600 2981 εῖδει
3630 2926 3723 2979 καὶ

2136 3024 2197 3079 οὐ
2231 3023 2300 3079 δι’
2335 3023 2697 3094 αἰνιγμάτων.
2733 3040 2753 3076 ›
2789 3024 3020 3089 Πλείορθα
3045 3023 3103 3077 δὲ
3132 3022 3350 3091 ’γνῶσιν
3382 3017 3720 3075 ἐπισπᾶσθαι

2143 3116 2491 3190 βουλόμενος,
2509 3118 2605 3171 καὶ
2628 3116 2887 3186 γνωστῶς
2913 3115 3039 3169 ἰδεῖν
3062 3114 3152 3168 τὸν
3177 3113 3330 3174 Θεὸν,
3362 3113 3423 3166 οὐ
3455 3113 3721 3183 διήμαρτε

2138 3210 2238 3284 τῆς
2266 3210 2539 3281 αἰτήσεως
2587 3210 2692 3262 ὑπὸ
2723 3208 2822 3280 τὴν
2869 3208 3010 3278 ὀπὴν
3048 3207 3151 3277 τῆς
3205 3206 3414 3276 πέτρας
3456 3203 3680 3272 κρυὸείς
3704 3215 3719 3230 ⁹

2137 3301 2245 3370 ὀπὴ
2278 3300 2334 3353 δὲ
2362 3301 2568 3371 πέτρας
2602 3300 2635 3371 ἡ
2665 3298 2753 3353 διὰ
2783 3300 2877 3353 τοῦ
2914 3297 3289 3369 σαρκωθέντος
3317 3296 3384 3349 δι’
3414 3297 3563 3366 ἡμᾶς
3590 3290 3722 3347 Υἰοῠ

2138 3391 2342 3463 γνῶσίς
2380 3392 2496 3445 ἐστι
2540 3390 2633 3445 τοῦ
2678 3390 2925 3462 Πατρόςο
2970 3392 3065 3443 καὶ
3101 3391 3170 3444 τὰ
3209 3388 3348 3459 μετὰ
3386 3388 3523 3442 Θεὸν
3563 3382 3719 3449 εἶδεν,

2140 3482 2287 3553 ἅπερ
2321 3484 2470 3537 ἐστὶν
2512 3482 2757 3543 ὀπίσθια.
2793 3482 2851 3547 ἐξ
2881 3477 2957 3536 ὧν
3005 3481 3284 3548 ἀναλόγως
3311 3482 3340 3534 ὁ
3379 3475 3724 3550 Δημίουργίις

2138 3575 2323 3631 αὐτῶν
2361 3574 2673 3645 θεωρεῖται,
2729 3575 2872 3644 ἅπερ
2918 3575 2993 3638 ὡς
3025 3575 3171 3637 εἰκὸς
3222 3573 3383 3626 πλέον
3410 3572 3522 3624 τῶν
3548 3571 3722 3625 ἄλλων

2139 3666 2486 3737 κατείληφεν.
2555 3666 2743 3731 Οὕτως
2787 3667 2816 3707 δ
2846 3663 2939 3721 οὖν
2978 3668 3069 3720 τὸν
3114 3665 3552 3734 ὲμπιστευθὲντα
3594 3659 3723 3714 λαὸν

2141 3757 2291 3828 αὐτῷ
2315 3757 2451 3826 πρὸς
2467 3756 2800 3826 θεογνωσίαν
2820 3757 2976 3825 ἄγειν
3004 3755 3366 3826 πειρώμενος,
3399 3754 3496 3807 καὶ
3527 3754 3723 3822 νόμους

2142 3848 2398 3905 ἐκθέσθαι
2437 3849 2573 3920 πρὸς
2593 3849 2693 3920 τὴν
2726 3849 3000 3920 σωτηρίαν
3032 3848 3344 3915 ἐνάγοντας,
3372 3847 3464 3899 δύο
3496 3842 3725 3915 μετελή-

2128 3941 2300 3995 ’λυθεν
2329 3940 2442 4011 εἴδη
2476 3943 2696 4011 γραφῆς
2722 3981 2736 4000 .
2772 3940 2833 3993 τὸ
2864 3941 2964 4011 μὲν
3001 3938 3296 4008 ἱστορικὸν,
3325 3938 3467 3998 tua:
3504 3935 3726 4006 νομοθε-

2140 4033 2324 4087 τικόν·
2366 4032 2461 4086 τοῦ
2500 4032 2558 4085 δὲ
2591 4030 2943 4101 νομοθετικοῠ
2978 4029 3040 4103 τὸ
3083 4030 3182 4099 μὲν
3228 4026 3642 4097 παραινετικὸν,
3667 4020 3727 4073 τὸ

2141 4123 2198 4176 δὲ
2232 4122 2701 4193 ἀπαγορευτὶκόν·
2733 4121 2827 4173 καὶ
2879 4119 2974 4173 τοῦ
3017 4118 3292 4186 ἱστορικοῦ
3345 4117 3407 4169 τὸ
3453 4117 3554 4187 μὲν
3601 4110 3726 4181 περὶ

2142 4215 2350 4285 κόσμου
2381 4214 2647 4282 γενέσεως
2670 4255 2684 4279 ,
2716 4213 2777 4266 τὸ
2807 4212 2865 4266 δὲ
2908 4209 3289 4281 γενεαλογικόν
3311 4226 3324 4238 ·
3358 4207 3450 4261 τοῦ
3477 4208 3536 4260 δὲ
3567 4218 3726 4274 νομο-

2143 4306 2357 4362 θετικοῦ
2389 4318 2412 4347 ε
2449 4307 2511 4360 τὺ
2562 4306 2661 4376 μὲν
2705 4306 2833 4377 περὶ
2864 4303 2965 4374 τῆς
2993 4304 3269 4364 κολάσεως
3307 4300 3542 4366 ἀσεϐῶν,
3574 4298 3634 4351 τὸ
3669 4294 3726 4347 δὲ

2142 4399 2390 4472 περὶτῆς
2418 4399 2528 4453 τῶν
2559 4398 2786 4452 δικαίων
2813 4398 2981 4468 τιμῆς
3007 4413 3020 4427 ·
3070 4395 3131 4448 τὸ
3159 4392 3216 4447 δὲ
3244 4392 3517 4465 ἱστορικὸν
3555 4387 3726 4463 προῦ-

2141 4492 2272 4558 ταξε
2300 4491 2396 4547 τοῦ
2442 4489 2796 4563 νομοθετικοῦ
2834 4489 2921 4543 διὰ
2963 4486 3222 4558 τοιαύτην
3272 4487 3372 4557 τὴν
3410 4484 3612 4547 αἰτίαν,
3660 4478 3722 4531 οὐ

2144 4589 2380 4660 πρᾶγμα
2392 4587 2453 4657 (⁴)
2470 4585 2639 4640 ποιῶν
2663 4583 2912 4638 παλαιῶν
2937 4581 3428 4653 πραγμάτωνήμῖν
3451 4578 3613 4649 διηγή
3623 4588 3722 4626 σα-

2076 4713 2121 4770 D
2147 4678 2272 4731 σθαι
2297 4677 2396 4749 τὴν
2430 4676 2673 4747 ἱστορίαν
2721 4673 3244 4741 κατεπαγγέλλεται.
3276 4668 3520 4770 ᾌνωθεν
3547 4667 3611 4770 δὲ,
3631 4660 3723 4716 καὶ

2150 4771 2256 4841 πρὸ
2282 4770 2385 4840 τῆς
2420 4767 2514 4822 τοῦ
2547 4767 2748 4827 παντὸς
2781 4766 3050 4836 γενέσεως
3072 4765 3172 4835 τὴν
3202 4763 3378 4833 ἀρχὴν
3416 4757 3724 4829 ποιησάμεο

463 4854 694 4909 alterum
746 4854 992 4909 historiae
1031 4857 1281 4925 congruit
1309 4898 1322 4921 ,
1385 4856 1619 4911 alterum
1663 4871 1794 4929 vero
1823 4856 2042 4925 legisla-

2148 4879 2259 4926 νος,
2299 4861 2540 4914 δείκνυσι
2569 4859 2662 4912 τὸν
2713 4857 2934 4929 Πατέρα
2960 4857 3057 4910 τοῦ
3103 4857 3314 4925 κόσμου
3350 4852 3446 4906 καὶ
3488 4842 3726 4916 Ποιητὴν

463 4945 595 5000 tioni
630 4945 788 5001 aliine
831 4954 938 5002 est.
982 4946 1275 5016 Legislatio
1304 4948 1414 5003 duo
1440 4950 1607 5004 habet
1631 4949 1878 5003 membra
1909 4967 1922 5004 :
1950 4958 2042 5003 aut

2147 4953 2338 5008 τοῦτον
2385 4953 2483 5005 σὺν
2530 4950 2760 5022 ἀληθείᾳ
2803 4948 3101 5021 νομοθέτην
3132 4945 3470 5015 ὑπάρχοντα.
3529 4934 3725 5007 Ἐχρῆν

463 5037 607 5093 enim
657 5036 909 5093 facienda
966 5038 1236 5106 imperat,
1291 5048 1384 5094 aut
1431 5040 1688 5108 fugienda
1736 5049 1903 5097 vetat.
1953 5040 2042 5096 Sic

2147 5044 2255 5113 γὰρ
2267 5039 2536 5109 ἐγνῶσθαι
2563 5040 2667 5111 πρὸ
2691 5039 2801 5092 τῶν
2819 5039 3001 5107 νόμων
3019 5036 3112 5089 τὸν
3142 5034 3463 5105 νομοθέτην.
3483 5024 3739 5094 Τοιγαρ-’

466 5135 523 5181 et
543 5130 680 5185 duas
720 5142 904 5199 partes
938 5132 1182 5186 continet
1214 5132 1539 5187 historicum
1570 5132 1791 5188 dicendi
1822 5144 1997 5204 genus
2027 5151 2042 5188 :

2148 5135 2244 5187 οὖν
2304 5133 2399 5189 καὶ
2502 5134 2762 5203 Ἰωάννης
2820 5131 3040 5203 πρῶτον
3111 5124 3264 5182 εἶπεν
3286 5142 3300 5157 ·
3360 5144 3381 5179 ι
3447 5123 3536 5177 Ἐν
3580 5113 3723 5190 ἀρχῇ

424 5342 430 5382 ί
542 5303 560 5335 ¹
591 5301 697 5359 lsa.
720 5319 759 5367 ι,
798 5302 885 5368 l9,
911 5304 1003 5359 20.
1080 5306 1100 5335 ²
1134 5304 1308 5361 Exod.
1346 5320 1542 5372 xxxm,
1573 5307 1658 5364 ll.

1354 5406 1365 5416 δ
1779 5391 2014 5447 VARI/Ii
2055 5390 2458 5449 LECTIONES.

582 5483 832 5543 hCatena
858 5486 1149 5559 Nicephori
1181 5482 1360 5555 οὗτος.
1473 5500 1495 5528 ο
1517 5487 1577 5546 Ω.
1613 5487 1680 5543 N.
1711 5483 2126 5554 γενεαλογικοῦ.

1996 5638 2224 5695 NOTAE

549 5736 617 5807 l‘)
640 5733 863 5792 Lacuna
887 5736 1105 5792 Catenae
1128 5735 1421 5806 Niccpltori
1453 5744 1506 5789 et
1524 5732 1785 5789 editionis
1811 5730 2041 5788 Gesneri
2072 5746 2138 5786 ex
2166 5734 2289 5785 cod.
2313 5729 2451 5783 Vat.’
2476 5743 2604 5797 sup.
