4002 6406
241 370 315 436 25
1363 366 1906 433 COMMENTARII
1952 364 2034 427 IN
2072 308 2442 427 GENESIbI.
3453 355 3541 419 26‘

237 483 363 557 ἧνό
405 484 630 557 Λόγος,
664 503 687 539 ι
717 487 815 541 καὶ
857 486 980 541 τότε
1002 486 1107 552 τὰς
1149 484 1316 541 αὐτοῦ
1369 484 1695 554 νομοθεσίας
1742 481 1828 546 ἐξ·

1940 481 2110 533 altera
2149 472 2680 533 commemoratione
2712 467 3012 526 creationis
3039 465 3229 523 mundi
3259 475 3530 537 occupata

240 578 413 633 έθετο.
1782 564 1797 571 ”
1949 580 2033 625 est
2061 588 2074 623 :
2107 570 2276 624 altera
2322 582 2449 622 vero
2485 573 2737 620 versatur
2767 563 2823 617 in
2854 561 3136 616 tradendis
3175 559 3529 632 genealogus.

244 665 555 722 Haedocet
584 666 852 731 honores,
895 640 1098 737 quibus
1149 666 1405 720 homines
1471 662 1542 734 pii
1587 678 1615 714 a
1685 662 1795 716 Deo
1856 659 2155 713 immortali
2206 664 2336 712 sunt
2392 655 2597 721 ali‘ecti,
2657 661 2713 708 et.
2760 660 3016 709 recenset
3078 665 3271 723 poenas
3332 650 3532 722 quibus

242 760 391 830 impii
438 761 754 817 nebulones
797 773 931 816 sunt
992 761 1223 817 subditi.
1253 761 1324 815 At
1372 759 1699 813 historicum
1737 756 2055 812 methodum
2132 754 2186 807 in
2256 752 2403 808 serie
2448 760 2739 806 contextus
2822 750 3119 819 praeposuit
3170 746 3532 817 legislatiotti,

242 865 290 907 et
320 853 423 906 bac
457 855 527 907 de
559 869 739 908 causa
786 868 895 907 non
930 853 1213 922 promittit
1260 866 1444 905 rerum
1483 849 1836 918 antiquarum
1879 846 2038 900 nobis
2105 843 2481 898 narrationem
2511 842 2704 896 ordiri.
2734 841 2911 894 Altius
2981 848 3162 894 autem
3211 838 3356 905 cupit
3382 838 3533 906 prin-

243 944 488 1012 cipium,
537 945 755 998 scilicet
817 942 964 1012 quod
1020 943 1300 1012 praecessit
1352 940 1513 1008 hujus
1565 937 1807 993 universi
1873 936 2231 998 creationem,
2294 935 2593 988 ostendens
2664 930 2835 985 Deum
2885 943 3011 983 esse
3079 926 3529 996 mundi-patrem

243 1042 663 1105 creatoremque
708 1054 722 1088 :
775 1047 830 1090 et
876 1036 1025 1090 hunc
1084 1035 1264 1104 ipsum
1341 1033 1585 1087 declarat
1653 1046 1820 1101 quam
1893 1029 2181 1083 verissime
2249 1042 2376 1082 esse
2428 1025 2825 1080 nomothetam.
2888 1022 3204 1077 Necessitas
3252 1020 3521 1089 siquidem

244 1131 521 1198 postulare
576 1129 871 1183 videbatur
905 1138 963 1183 ut
1019 1129 1148 1185 ante
1197 1127 1593 1197 Iegislationem
1637 1135 1800 1179 notus
1837 1130 1984 1177 esset
2025 1121 2323 1192 legisiator.
2374 1119 2457 1173 Ad
2495 1120 2645 1174 hunc
2688 1119 2833 1172 enim
2900 1115 3123 1170 modum
3166 1125 3221 1169 et
3286 1112 3530 1169 Joannes

243 1221 575 1291 evangelista
642 1222 825 1289 primo
880 1220 1061 1291 inquit
1108 1238 1123 1275 :
1172 1240 1192 1270 ι
1242 1218 1297 1272 In
1358 1218 1628 1288 principio
1686 1228 1801 1270 erat
1840 1215 2069 1278 Sermo,
2120 1233 2140 1265 ι
2191 1223 2300 1268 etc.
2340 1213 2537 1267 Postea
2589 1212 2807 1266 demum
2863 1208 2978 1277 ejus
3033 1209 3176 1275 leges
3233 1207 3527 1262 subnectit.

306 1321 561 1371 Δείκνυσι
609 1317 668 1371 δὲ
697 1319 940 1389 Mariis-ﬁ;
982 1319 1080 1371 καὶ
1122 1319 1204 1370 ὅτι
1237 1317 1318 1370 δεῖ
1359 1317 1452 1369 τὸν
1478 1316 1669 1384 νόμοις
1700 1330 1828 1384 χρη-

2015 1312 2210 1365 Verum
2244 1309 2422 1364 Moses
2454 1308 2648 1364 sedqu
2707 1307 2758 1359 id
2807 1306 2938 1375 agit,
2981 1321 3090 1374 quo
3126 1303 3383 1357 ostendat
3413 1302 3532 1357 olli-

242 1411 485 1480 σόμενον,
520 1409 824 1478 σῦμφωνον
853 1410 945 1463 τὸν
978 1409 1096 1479 βίον
1129 1411 1194 1479 τῇ
1242 1407 1337 1461 τοῦ
1370 1407 1571 1470 παντὸς
1597 1406 1828 1475 ἁρμονίᾳ

1937 1404 2082 1456 cium
2136 1417 2257 1455 esse
2315 1400 2434 1468 eius
2476 1400 2568 1467 qui
2610 1399 2764 1452 hisce
2801 1411 3006 1451 usurus
3041 1396 3112 1449 sit
3148 1395 3359 1462 legibus
3390 1394 3531 1447 divi-

239 1506 328 1558 καὶ
373 1505 439 1572 τῇ
475 1502 637 1568 τάξει
684 1501 1046 1573 παρέχεσθαι,
1091 1501 1186 1553 καὶ
1225 1498 1499 1552 δεικνῦναι
1537 1496 1828 1567 συνᾴδοντα

1939 1495 2048 1559 nis,
2080 1501 2140 1547 ut
2185 1509 2245 1545 se
2286 1500 2611 1561 attetuperet
2653 1489 2832 1543 ordini
2875 1498 2931 1543 ct
2982 1487 3279 1541 harmoniae
3317 1486 3530 1539 decorae

240 1595 409 1661 λόγοις
436 1594 607 1663 ἔργα,
652 1594 753 1646 καὶ
790 1595 905 1656 τοῖς
945 1591 1131 1664 ἔργοις
1156 1593 1226 1645 τὰ
1250 1592 1490 1663 ῥήματα.
1531 1582 1828 1658 Τοιγαροῦν

1938 1587 2098 1655 hujus
2144 1587 2384 1640 universi
2429 1601 2442 1637 :
2476 1584 2938 1654 quemadmodum
2974 1581 3046 1634 ibi
3086 1580 3222 1633 nihil
3257 1579 3533 1633 exorbita-

238 1684 339 1735 τῶν
371 1683 557 1736 ἄλλων
590 1681 924 1752 νομοθετῶν,
975 1680 1084 1734 τῶν
1118 1681 1218 1751 μὲν
1252 1680 1414 1742 εὐθὺς
1445 1677 1738 1749 ὀριζόντων
1767 1676 1828 1728 τὰ

1942 1694 2002 1732 re
2040 1687 2091 1732 et
2130 1693 2159 1731 a
2190 1691 2287 1731 sua
2319 1676 2608 1730 harmonia
2645 1675 2883 1729 delicere
2915 1671 3365 1726 animadvertitur
3395 1687 3408 1723 :
3449 1669 3531 1723 sic

237 1774 505 1844 πρακτέα,
543 1774 647 1826 καὶ
684 1773 795 1844 μὴν
830 1772 859 1813 δ
885 1774 982 1826 καὶ
1026 1772 1302 1844 τιμωρίας
1334 1770 1690 1825 ἐπιτιθέντων
1719 1769 1833 1831 τοῖς

236 1864 674 1935 παραϐαίνουσι,
704 1865 817 1917 τῶν
840 1865 897 1919 δὲ
932 1866 1087 1919 πόλιν
1127 1866 1432 1919 κτισάντων
1481 1865 1540 1917 ἐν
1571 1862 1831 1930 πρώτοις,

236 1953 349 2011 εἶτα
394 1957 489 2009 διὰ
546 1956 664 2010 τῶν
692 1956 879 2026 νόμων
920 1957 988 2026 ἢν
1038 1956 1300 2027 ἐνόμισαν
1340 1940 1620 2009 πολιτείαν
1657 1954 1824 2023 ἁρμοο

236 2041 437 2094 σάντων
466 2043 536 2110 τῇ
571 2040 756 2104 πόλει,
779 2041 807 2092 ὁ
831 2051 856 2079 ο
877 2040 1119 2109 Μωῦσῆς
1142 2039 1204 2092 τὸ
1231 2039 1332 2108 μὲν
1361 2037 1579 2107 πρῶτον
1601 2036 1832 2106 νομίσας

236 2130 366 2185 εἶναι
394 2132 738 2202 τυραννικὸν
764 2134 865 2184 καῖ
887 2131 1158 2201 μηδεμίαν
1186 2130 1309 2200 ἕχον
1334 2127 1510 2183 πειθὼ
1534 2128 1632 2182 καὶ⁵
1657 2143 1834 2197 παρα-

240 2221 452 2291 μυθίαν,
483 2220 547 2272 τὸ
576 2221 640 2273 δὲ
665 2220 859 2289 ἕτερον
890 2219 1128 2290 ἐμμελὲς
1165 2219 1284 2288 μὲν,
1328 2218 1390 2272 οὐ
1431 2216 1540 2288 μὴν
1576 2216 1667 2269 διὰ
1697 2216 1831 2269 πάν-

236 2330 333 2365 των
359 2312 837 2383 κατωρθωμένον,
866 2310 1028 2374 αὐτὸς
1072 2309 1350 2380 ἑκατέρων
1396 2308 1705 2380 διήνεγκεν.
1739 2304 1831 2376 Τῷ

235 2421 290 2457 τε
326 2404 434 2473 γάρ
482 2402 842 2472 νομοθετικῷ
882 2402 945 2455 τὸ
1001 2403 1394 2472 παραινετικδν
1440 2397 1827 2470 ἐγκατέμιξεν,

242 2497 567 2565 προτρέπειν
630 2494 902 2565 μᾶλλονῆ
951 2493 1237 2563 βιάζεσθαι
1266 2493 1426 2561 λόγον
1470 2490 1828 2563 ποιούμενοςο

236 2588 319 2639 καὶ
356 2587 418 2639 τὸ
460 2588 632 2639 :o'ltv
683 2583 1072 2657 χειροποίητον
1127 2584 1306 2654 ἀρχὴν
1348 2579 1685 2654 ποιήσασθαι
1729 2579 1832 2649 τῆς

233 2679 553 2746 συγγραφῆς
607 2676 943 2747 κτιζομένην
993 2673 1070 2745 τῷ
1112 2674 1294 2745 λόγῳ,
1363 2669 1826 2744 ταπεινότερον-ἢ

234 2769 365 2820 κατὰ
415 2767 486 2839 [Ε
530 2778 652 2821 cat.
691 2765 927 2836 Niceph.
971 2781 1129 2835 supp.
1181 2767 1281 2835 τὴν
1312 2765 1471 2831 ἀξίαν
1504 2763 1615 2816 τῶν
1647 2764 1831 2832 νόμων

234 2860 547 2930 ὑπείληφεν-
580 2854 663 2912 ὧν
705 2860 769 2911 τὸ
811 2859 1006 2921 κάλλος
1038 2857 1262 2929 ἀκριϐεῖ
1294 2861 1363 2928 τῇ
1401 2855 1501 2928 θέᾳ
1528 2854 1693 2927 κατὰ]
1730 2856 1830 2924 τὴν

229 2953 460 3007 διάνοιαν
484 2951 728 3015 datatim,
761 2951 860 3020 τῆς
889 2949 983 3003 ἐπὶ
1013 2950 1114 3021 γῆς
1153 2948 1424 3014 ὑπεριδὼν
1453 2947 1709 3009 κτίσεως,
1737 2945 1832 2998 ἐπὶ

1947 1769 2292 1823 vita‘nostra
2347 1783 2564 1838 quoque
2613 1766 2945 1829 consentiat,
3006 1779 3203 1833 nempe
3260 1771 3321 1817 ut
3363 1776 3531 1828 Opera

1942 1873 2130 1916 nosna
2158 1860 2455 1915 concinant
2477 1858 2685 1924 verbis,
2719 1857 2886 1912 verba
2913 1860 3221 1911 consonent
3246 1852 3531 1922 operibus.

1940 1953 2152 2023 Reliqui
2200 1954 2548 2022 legislatores
2580 1950 2842 2005 continuo
2882 1948 3028 2016 leges
3055 1945 3310 2001 sanciunt
3355 1942 3533 2012 politi-

1939 2058 2055 2098 cmn
2076 2044 2244 2096 vitam
2272 2041 2700 2111 prtescribentes
2726 2058 2738 2093 :
2765 2047 2820 2092 et
2846 2036 3293 2105 delinquentibus
3316 2047 3529 2103 poenas.

1938 2132 2134 2202 quibus
2163 2131 2473 2186 afﬁciantur
2491 2137 2761 2185 statuunt.
2783 2128 2888 2182 Alii
2920 2128 3153 2197 primum
3186 2126 3377 2178 urbem
3398 2139 3533 2177 con-

1939 2224 2096 2289 dunt,
2130 2223 2406 2277 conditam
2438 2223 2655 2277 demum
2692 2228 2967 2275 exornant
3002 2219 3237 2289 legibus,
3274 2231 3411 2285 quas
3442 2230 3532 2269 ac-

1938 2316 2285 2371 commodant
2318 2314 2393 2368 illi
2436 2314 2749 2384 reipublicae
2785 2311 2990 2375 formm,
3021 2325 3180 2379 quam
3211 2309 3264 2362 in
3298 2323 3360 2360 ea
3395 2308 3532 2363 civiv

1941 2415 2050 2462 tate
2082 2406 2333 2461 obtinere
2359 2406 2608 2475 cupiunt.
2633 2405 2817 2459 Moses
2840 2410 3027 2457 noster
3050 2403 3301 2471 primum-
3318 2399 3454 2452 nihil
3492 2414 3523 2452 a

1920 2498 2226 2571 ‘tyrannide
2256 2497 2557 2551 abhorrere
2616 2493 2973 2549 existimavit.
3030 2492 3170 2557 Quia
3223 2491 3406 2544 nullus
3455 2490 3529 2544 ibi

1937 2589 2091 2642 locus
2130 2587 2220 2643 vel
2273 2585 2652 2640 adhortatiuni
2711 2584 2797 2638 vel
2859 2581 3209 2654 persuasioni
3250 2581 3531 2634 videretur

1939 2680 2187 2734 relictus.
2216 2676 2468 2733 Alterum
2500 2691 2634 2732 vero
2671 2691 2782 2731 non
2830 2691 2929 2746 per
2959 2676 3144 2729 omnia
3207 2683 3530 2743 aspernatus

1935 2778 2043 2824 est.
2108 2768 2371 2835 Quamvis
2419 2767 2770 2823 commodum
2832 2767 2939 2821 hoc
2999 2773 3285 2837 appareat,
3344 2772 3528 2818 tamen

1938 2879 2044 2917 non
2103 2877 2201 2932 per
2253 2861 2439 2915 omnia
2492 2858 2836 2925 existimavit
2891 2858 3036 2912 belle
3091 2858 3228 2927 geri.
3270 2855 3533 2910 Diversus

1939 2955 2123 3021 itaque
2168 2953 2239 3006 ab
2275 2960 2510 3021 utroque
2568 2951 2703 3016 abit,
2744 2956 2799 3004 et
2850 2949 3182 3019 peculiarem
3236 2946 3528 3016 quemdam

230 3046 321 3116 τὴν
350 3046 635 3115 μεγίστην
676 3044 838 3097 πόλιν
866 3038 956 3096 τὸν
989 3042 1196 3112 κόσμον
1242 3039 1570 3110 ἀνέδραμεν,
1607 3038 1704 3091 καὶ
1730 3038 1828 3107 τὴν

1941 3044 2157 3097 modum
2187 3050 2456 3097 sectatur.
2493 3039 2628 3095 Nam
2666 3041 3072 3111 legislatiouem
3105 3055 3259 3095 suam
3288 3041 3360 3093 ita
3393 3050 3533 3094 tem-

231 3137 392 3207 αὗτῆς
418 3136 765 3206 ὑφηγήσατο
802 3134 1040 3201 γένεσιν,
1063 3130 1481 3203 ἐμφερεστάτην
1506 3127 1690 3182 εἰκόνα
1709 3128 1837 3191 τοὺς

231 3226 418 3296 νόμους
455 3228 560 3296 τῆς
606 3224 706 3277 τοῦ
750 3225 961 3293 κόσμου
999 3220 1279 3283 πολιτείας
1331 3217 1661 3290 ἡγούμενος.
1712 3216 1837 3270 Τῶν

234 3316 356 3383 τῶν
381 3319 571 3385 νόμων
614 3317 649 3386 ἠ
676 3313 947 3384 δύναμις,
995 3313 1047 3366 ετ
1072 3330 1156 3389 τις
1178 3309 1422 3381 ἀκριϐῶς
1444 3308 1739 3375 ἐξετάσειε,
1767 3310 1832 3378 τῇ

233 3405 323 3457 τοῦ
352 3406 558 3469 παντὸς
612 3405 861 3475 ἁρμονίᾳ
902 3403 1120 3474 συνᾴδει
1158 3402 1204 3454 τ.
1252 3400 1561 3472 Τοιγαροῦν
1588 3400 1643 3453 εἴ
1683 3415 1831 3462 τινες

236 3497 505 3559 παντελῶς
567 3496 928 3567 ἐξεπήδησαν
982 3494 1083 3561 τῆς
1135 3494 1358 3566 ἀρετῆς,
1408 3492 1509 3561 τῆς
1559 3489 1654 3544 τοῦ
1695 3488 1831 3544 Θεοῦ

240 3586 437 3657 διορεῇ
478 3588 888 3657 ἀτιμάσαντες,
939 3585 1014 3648 ὡς
1072 3585 1173 3638 οὐκ
1230 3582 1534 3654 ἀνθρώπων
1581 3580 1831 3653 ἐχθροὺς,

388 3678 470 3731 οῦν
512 3676 651 3731 οὔτε
693 3674 956 3749 [οὐρανοῦ
982 3673 1065 3748 τε]
1103 3671 1217 3728 καῖ
1249 3675 1459 3744 κόσμου
1514 3673 1736 3739 παντὸς,
1769 3674 1832 3726 οὐ

248 3772 338 3831 τὰς
361 3772 417 3822 ἐν
441 3769 551 3823 ἔθει
582 3769 869 3841 τιμωρίας
915 3765 1209 3838 ὑπομεῖναί
1242 3783 1408 3837 φησιν
1432 3808 1448 3833 ,
1476 3766 1615 3820 ἀλλὰ
1638 3766 1835 3830 καινὰς

243 3860 331 3913 καὶ
358 3864 453 3925 τὰς
475 3861 978 3934 παρηλλαγμένας,
1012 3861 1120 3914 τῶν
1151 3858 1245 3913 τοῦ
1286 3858 1492 3923 παντὸς
1524 3858 1834 3931 δραστικω-

237 3954 407 4006 τάων
468 3954 759 4024 στοιχείων
821 3952 1218 4023 ἐπιτιθεμένων
1265 3950 1451 4014 αὐτοῖς
1492 3951 1681 4015 ὓδατος
1727 3952 1821 4006 καὶ

238 4045 426 4115 πυρός.

1938 3133 2168 3203 peravit,
2223 3141 2281 3186 ut
2319 3131 2657 3187 admisceret
2700 3132 3073 3187 hortationem
3119 3148 3135 3185 :
3173 3139 3227 3184 et
3252 3145 3352 3199 pro
3401 3128 3532 3182 inde

1938 3222 2210 3277 hortando
2244 3222 2418 3293 magis
2447 3231 2502 3276 et
2532 3224 2915 3293 persuasione,
2948 3238 3114 3292 quam
3149 3223 3201 3274 vi
3235 3228 3290 3276 et
3326 3234 3528 3291 cogen-

1936 3317 2008 3371 do
2039 3316 2401 3387 legislationis
2437 3310 2720 3387 negotium
2754 3316 3009 3371 absolvit.
3049 3315 3339 3385 Auspicari
3370 3313 3533 3382 legis-

1935 3408 2156 3463 lationis
2188 3423 2324 3476 opus
2361 3408 2430 3461 ab
2461 3409 2596 3462 urbe
2633 3408 2888 3462 humanis
2921 3406 3176 3462 manibus
3234 3405 3528 3465 :rdilicata,

1940 3501 2025 3554 vel
2055 3514 2311 3555 sermone
2343 3506 2439 3571 aut
2479 3500 2732 3554 oratione
2784 3500 2945 3564 ficta,
2994 3482 3290 3552 admodum
3330 3498 3531 3551 obscu-

1944 3608 2063 3647 rum
2111 3599 2167 3647 et
2237 3591 2510 3671 abiectum
2575 3591 2903 3657 judicavit,
2966 3590 3340 3659 humiliusque
3407 3587 3530 3642 fore

1939 3682 2175 3741 censuit,
2203 3696 2367 3751 quam
2413 3691 2745 3752 congrueret
2771 3680 3113 3737 excellentiae
3148 3681 3350 3751 legum,
3385 3693 3526 3747 quas

1937 3783 2158 3847 pararet
2226 3774 2390 3829 ferre.
2448 3771 2690 3828 Proinde
2731 3774 2928 3829 harum
2990 3772 3172 3843 legum
3203 3757 3528 3842 pulchritu-

1937 3868 2121 3923 dinem
2148 3872 2339 3920 exacte
2359 3865 2526 3919 animi
2562 3866 2736 3923 oculis
2770 3866 3015 3931 intuens,
3048 3866 3298 3936 neglecto
3328 3863 3528 3918 urbem

1929 3958 2167 4027 aliquam
2202 3956 2256 4010 in
2280 3963 2429 4009 terra
2449 3965 2760 4020 exstruere,
2778 3971 2899 4027 qua:
2930 3962 3213 4012 constaret
3239 3964 3356 4011 arte
3382 3968 3532 4009 com-

1927 4049 2122 4118 positis
2188 4045 2436 4100 aediliciis
2461 4064 2490 4107 ,·
2544 4045 2826 4102 festinavit
2868 4046 2934 4100 ad
2982 4061 3235 4115 magnam
3308 4045 3523 4106 urbem,

236 4153 425 4207 nerupe
458 4134 753 4201 mundum,
795 4133 957 4203 cujus
981 4132 1390 4205 generationem
1429 4149 1555 4190 cum
1586 4137 1918 4204 edocuisset,
1951 4136 2190 4193 ostendit
2236 4148 2367 4190 suas
2438 4137 2584 4208 leges
2645 4152 2770 4192 esse
2822 4137 2980 4207 quasi
3024 4137 3208 4191 vivum
3283 4133 3525 4190 universi

237 4233 393 4299 huius
429 4230 740 4300 exemplar.
776 4225 984 4297 Legum
1009 4240 1243 4296 namque
1273 4225 1464 4281 harum
1490 4231 1598 4294 vis,
1625 4228 1668 4282 si
1699 4229 1827 4299 quis
1863 4244 1959 4285 eas
1984 4229 2302 4298 diligentius
2340 4228 2586 4283 adhibito
2621 4228 2831 4298 judicio
2900 4228 3223 4297 perpendat,
3303 4227 3531 4281 omnino

233 4336 480 4392 operosa:
502 4320 695 4374 mundi
730 4318 1007 4373 machinae
1073 4332 1390 4374 consonans
1449 4331 1552 4374 est.
1616 4319 1775 4386 Quod
1844 4320 2092 4390 quidam,
2144 4322 2341 4379 relicto
2389 4321 2612 4377 virtutis
2665 4321 2828 4387 calle,
2876 4327 2932 4373 et
2983 4327 3297 4387 contempto
3349 4320 3527 4387 legum

234 4430 458 4470 munere
511 4413 728 4478 divino,
778 4411 1145 4482 impegerunt,
1185 4411 1241 4465 in
1294 4412 1425 4466 vitia
1486 4428 1592 4466 non
1637 4413 1814 4467 solum
1858 4413 2083 4467 humani
2120 4415 2340 4483 generis
2392 4421 2595 4484 pestes,
2664 4412 2760 4467 sed
2806 4411 2927 4466 caeli
2981 4410 3282 4475 mundique
3350 4410 3524 4463 totius

232 4506 434 4571 hostes,
460 4515 694 4576 apparet
724 4506 873 4573 quod
900 4517 964 4557 ea
995 4517 1104 4557 non
1134 4504 1378 4558 tulerunt
1452 4504 1697 4573 impune.
1761 4503 1898 4558 Nam
1940 4504 2217 4574 signiﬁcat
2252 4506 2386 4560 talia
2424 4505 2705 4559 hominum
2744 4508 2988 4556 monstra
3040 4517 3147 4555 non
3200 4499 3398 4564 solitis,
3431 4501 3528 4554 sed

234 4600 387 4653 novis
446 4604 507 4650 et
547 4595 852 4665 exquisitis
883 4594 1155 4665 exagitata
1195 4609 1318 4650 esse
1364 4595 1565 4662 pinnis,
1607 4609 1751 4663 aqua
1777 4604 1831 4648 et
1872 4597 2017 4664 igne,
2052 4597 2455 4665 potentissimis
2493 4596 2709 4651 scilicet
2759 4593 3049 4649 elementis
3118 4607 3312 4661 pumas
3356 4607 3530 4662 expo-
3594 4632 3597 4636 .

228 4689 553 4752 arentibus,
603 4697 662 4741 et
706 4686 762 4740 in
811 4686 1033 4740 illorum
1081 4686 1257 4754 capita
1307 4685 1765 4740 redundantibus.

294 4780 578 4849 Τοιαύτης
607 4779 669 4832 δὲ
703 4777 920 4835 πόλεως
946 4776 1044 4849 τὴν
1087 4778 1265 4831 κτίσιν
1314 4778 1448 4848 ἡμῖν
1478 4778 1824 4847 ἐνστησάμεσ

2003 4777 2055 4848 3
2079 4776 2426 4849 Quapropter
2442 4792 2566 4833 cum
2591 4777 2751 4833 talem
2777 4785 2997 4830 nostros
3023 4773 3092 4829 ob
3117 4773 3308 4828 oculos
3338 4779 3525 4842 ponat,

224 4887 334 4937 νος,
354 4872 428 4925 τὰ
453 4871 558 4941 μὲν
606 4872 790 4941 σιωπῇ
817 4869 1157 4940 παραδίδωσι
1174 4909 1189 4933 ,
1220 4869 1352 4940 περὶ
1378 4868 1436 4921 δὲ
1472 4871 1574 4940 τῆς
1602 4868 1712 4922 τῶν
1736 4869 1832 4922 ὅν-

220 4981 333 5017 τιιη
359 4964 586 5035 φύσεως
640 4964 855 5034 σιωπᾷν
879 4964 980 5017 οὐκ
1005 4962 1279 5033 ἀνέχεται.
1331 4962 1542 5015 Σκοπὸν
1586 4961 1696 5032 γὰρ
1733 4961 1831 5015 ἕνα

228 5059 504 5129 armith
571 5059 675 5127 τῆς
735 5055 1002 5110 πολυθέου
1061 5057 1269 5128 πλάνης
1339 5060 1693 5126 μετενεγκεῖν
1739 5056 1832 5110 τὸν

226 5147 378 5214 λαὸν,
398 5148 543 5218 πρὸς
561 5149 636 5218 ἦν
669 5148 950 5217 Αἴγυπτον
974 5147 1252 5210 οἰκοῦντες
1274 5148 1592 5218 ἐξώκειλαν,
1623 5151 1718 5203 καὶ
1740 5149 1832 5201 τὸν

225 5236 327 5288 ἕνα
350 5237 447 5291 τοῦ
480 5238 688 5302 παντὸς
720 5238 1022 5293 ὑποθέσθαι
1066 5240 1425 5312 δημιουργόν.
1490 5242 1626 5314 Ὁρᾷ
1660 5243 1828 5313 γὰρὴ

225 5328 425 5401 Fecsti
476 5332 541 5385 οὗ
595 5332 740 5403 πρὸς
803 5331 1010 5404 ἀκριϐῆ
1061 5334 1263 5401 γνῶσιν
1315 5333 1517 5403 μᾶλλον
1565 5333 1599 5404 ἢ
1643 5333 1827 5387 θεοσέ-

226 5415 386 5474 ϐειαν
415 5424 478 5464 τ’
510 5420 592 5487 ὡς
624 5420 807 5485 καλῶς
834 5420 982 5493 ἔχειν
1007 5422 1107 5494 τὴν
1133 5422 1230 5476 τοῦ
1259 5422 1430 5494 Σιρὰχ
1474 5422 1824 5495 παραίνεσιν,

1928 4879 1992 4929 ,et
2032 4870 2166 4925 adeo
2197 4872 2468 4941 insignem
2513 4872 2726 4931 urbem,
2764 4867 3015 4940 quaedam
3061 4867 3286 4921 silentio
3342 4875 3530 4920 trans.

1939 4961 2143 5017 mittit:
2171 4978 2361 5018 verum
2422 4963 2488 5017 de
2536 4961 2745 5017 cntium
2779 4973 2997 5027 natura,
3044 4968 3210 5028 atque
3243 4958 3382 5013 adeo
3414 4965 3529 5013 tota

1942 5067 2121 5107 rerum
2154 5054 2438 5109 creatione
2474 5053 2611 5107 nihil
2644 5053 2916 5108 silendum
2956 5051 3207 5107 credidit.
3243 5049 3531 5118 Siquidem

1935 5142 1999 5195 ad
2028 5141 2175 5197 hunc
2196 5157 2363 5198 unum
2395 5142 2713 5198 collimabat
2766 5155 3013 5210 scopum,
3060 5147 3123 5192 ut
3151 5137 3411 5207 populum
3459 5134 3531 5191 ab

1933 5252 2121 5292 errore
2158 5237 2374 5293 colendi
2428 5239 2634 5293 multos
2679 5236 2814 5293 deos
2865 5233 3230 5296 abstraheret,
3278 5231 3331 5285 in
3362 5244 3529 5300 quam

1937 5329 2208 5384 insaniam
2245 5328 2302 5384 in
2357 5328 2595 5400 Egypto
2628 5335 2908 5384 morantes
2938 5326 3297 5382 devenerant.
3344 5320 3531 5386 Quare

1937 5420 2137 5490 ubique
2200 5437 2367 5477 unum
2423 5424 2602 5478 solum
2656 5419 2848 5476 mundi
2933 5418 3185 5489 opiliccm
3248 5411 3524 5488 proponit.

1526 5618 1757 5675 νΑιιωΞ
1799 5619 2203 5678 LECTIUNES.

298 5769 325 5815 ι
354 5768 516 5830 6.x.
543 5772 647 5844 μή,
730 5783 755 5814 ο
784 5772 847 5829 c.
879 5772 946 5828 Ν.
976 5774 1102 5830 add.
1132 5775 1253 5845 μέν.
1338 5775 1356 5816 ί
1393 5774 1453 5830 c.
1490 5774 1555 5829 Ν.

1602 5777 1827 5845 συνᾷδον
1837 5795 1922 5833 σα.

2009 5781 2031 5819 ⁸
2044 5778 2178 5835 Cod.
2209 5777 2378 5832 θέωσε
2409 5793 2533 5831 cum
2553 5777 2771 5833 lacuna.
