4002 6418
551 319 625 390 2⁵1
1720 391 1730 401 .
1886 337 2128 403 PROCO

2233 343 2240 403 ἱ
2274 343 2530 406 ΕΑΖΕῘ
3754 354 3822 425 28

556 434 838 506 Scriptura
868 434 1070 492 etenim
1104 450 1261 494 sacra
1296 453 1404 494 non
1434 445 1542 496 tam
1569 441 1635 496 ad
1668 453 1913 500 exactam
1941 449 2129 519 cogni-

2243 471 2262 504 ι
2309 453 2402 508 Ἐν
2431 457 2546 518 τοῖς
2591 457 2874 526 περισσοῖς
2915 456 3027 511 τῶν
3066 455 3248 530 ἔργων
3295 472 3388 514 σου
3419 457 3496 532 μὴ
3535 469 3822 536 περιεργά-

558 531 760 582 tionem
794 543 998 595 rerum,
1027 545 1188 599 quam
1220 529 1287 585 ad
1339 533 1592 602 pietatem
1625 534 1930 594 docendam
1961 541 2134 611 respi-

556 619 652 680 cit,
685 628 788 672 etc.
847 618 1145 675 Laudande
1197 629 1278 676 est
1334 623 1499 692 igitur
1547 626 1689 681 haud
1737 629 2014 684 immerito
2044 632 2135 686 illa

555 699 747 755 Sirach
801 702 1102 760 admonitio
1133 724 1147 760 :
1178 725 1197 759 ι
1225 708 1288 782 In.
1315 714 1734 779 supervacaneis
1763 731 1988 782 operum
2015 726 2137 774 tuo-

557 807 676 846 rum
708 809 774 848 ne
801 796 874 849 sis
904 799 1157 854 curiosus
1179 800 1252 852 ³.»
1276 772 1438 856 i’lura
1462 805 1604 858 enim
1643 805 1922 862 intellectu
1957 808 2136 862 homi-

557 899 684 938 nmn
713 895 931 941 ostensa
961 896 1088 944 sunt
1133 891 1251 956 tibi,
1293 901 1398 947 etc.
1446 891 1554 950 Nec
1608 895 1740 950 illud
1787 898 2135 955 Ecclesiasta:

557 974 976 1044 improbandum
1009 988 1092 1034 est
1127 998 1139 1034 :
1178 981 1297 1036 Non
1324 985 1402 1038 sis
1425 985 1652 1040 multum
1681 987 1892 1057 justus,
1953 989 2135 1060 neq'ue

556 1069 633 1122 sis
654 1069 880 1123 nimium
913 1072 1135 1140 sapiens
1169 1091 1182 1125 :
1214 1085 1273 1128 ut
1299 1077 1429 1144 quid
1459 1077 1605 1132 enim
1634 1080 1688 1133 in
1733 1080 2131 1138 desolationem

555 1161 791 1213 venies?
855 1161 1125 1218 Praeterea
1187 1181 1248 1217 ea
1305 1177 1634 1237 tempestate
1690 1175 1956 1228 sacculum
2013 1183 2134 1230 erat

554 1249 726 1303 rude:
787 1251 922 1305 nulli
973 1256 1056 1307 vel
1111 1255 1318 1311 Hebraei
1358 1260 1442 1312 vel
1487 1259 1662 1315 Grazci
1703 1264 2016 1333 quivissent
2041 1283 2133 1321 su-

553 1340 749 1396 blimes
779 1354 833 1398 et
863 1346 1144 1402 acutiores
1189 1351 1524 1418 qumstioues
1575 1369 1670 1408 seu
1721 1357 2132 1426 speculationes

553 1445 768 1500 capere,
803 1439 1107 1502 prmsertim
1139 1453 1263 1492 cum
1309 1442 1401 1495 illa
1450 1442 1731 1512 dogmata,
1763 1463 1882 1513 qua:
1913 1464 2018 1502 non
2064 1449 2130 1502 ad

552 1519 692 1574 bene
723 1523 988 1594 beateque
1017 1531 1328 1595 vivendum,
1368 1534 1734 1605 pietatemque
1772 1538 1901 1591 indu
1917 1549 2126 1605 cerent,

551 1623 618 1662 eo
671 1619 914 1681 tempore
950 1625 1009 1670 ut
1063 1633 1471 1688 supervacanea
1503 1633 1556 1680 et
1602 1629 1770 1682 stulta
1818 1628 2127 1697 rej’ccrent.

553 1700 802 1765 Atenim,
828 1707 872 1761 si
905 1709 1030 1778 quis
1054 1726 1166 1765 rem
1196 1713 1439 1781 penitius
1467 1717 1748 1787 inspiciet,
1778 1721 2013 1790 reperiet
2034 1721 2132 1774 No-

2239 543 2333 608 ζου
2355 559 2370 574 '
2405 561 2424 596 ι
2457 545 2552 597 καὶ
2584 545 2654 598 τὰ
2691 544 2840 615 ἑξῆς.
2892 548 3064 620 Καὶή
3118 549 3212 602 τοῦ
3256 549 3707 622 Ἐκκλησιαστοῦ,
3744 561 3819 632 μὴ

2239 632 2462 701 σοφίζου
2491 638 2744 704 περιττὰ,
2773 637 2846 707 μή
2902 654 3032 691 ποτε
3074 639 3360 712 ὲκπλαγῇς
3383 657 3396 670 ·
3431 643 3548 696 ἀλλ’
3593 647 3712 701 οὐδὲ
3735 651 3819 702 δε-

2237 722 2417 774 κτικοι
2450 739 2596 786 τινες
2636 725 2756 776 κατ’
2803 729 3012 781 ἐκεῖνον
3057 729 3150 782 τὸν
3207 732 3398 802 χρόνον
3454 733 3820 806 θεωρημάτων

2236 810 2580 881 λεπτοτέρων
2621 813 2918 885 ἐτύγχανον
2972 817 3101 871 οὔτε
3176 821 3328 892 παρὰ
3371 826 3487 886 τοῖς
3549 826 3821 896 Ἑϐραίοις

2233 905 2360 957 οῦτε
2379 907 2532 978 παρά
2554 911 2666 972 τοῖς
2697 909 2954 980 Ἕλλησιν
2981 928 2998 944 ο
3030 913 3208 978 ἄλλως
3232 932 3293 968 τε
3326 918 3420 969 καὶ
3459 918 3557 988 τὴν
3584 920 3661 990 μὴ
3687 922 3820 992 πρὸς

2235 997 2464 1060 εὐζωῖαν
2497 1000 2591 1052 καὶ
2625 999 2725 1070 τὴν
2751 999 3065 1056 θεοσέϐειαν
3087 1003 3398 1076 δυναμένην
3429 1009 3633 1074 γνῶσιν
3662 1011 3850 1078 ἄγειν⁹

2235 1086 2526 1158 περίεργον
2555 1089 2859 1156 ἐλογίζοντο
2883 1093 2974 1144 καὶ
2996 1093 3116 1146 λίαν
3147 1095 3376 1166 ἀνόητον
3405 1103 3477 1153 δ’.
3512 1099 3678 1171 Εῦροι
3710 1104 3818 1174 γὰρ

2239 1175 2304 1230 ἄν
2361 1195 2444 1240 τις
2499 1181 2700 1233 σκοπὸν
2751 1181 2853 1252 τὴν
2911 1183 3062 1237 Νέαν
3133 1188 3200 1256 τῇ
3260 1187 3473 1261 Παλαιᾷ
3526 1197 3817 1260 γεγονυῖαν

2235 1264 2449 1336 Γραφῇ,
2485 1269 2580 1320 καὶ
2613 1271 2984 1341 χειραγωγίαν
3011 1274 3133 1328 τινὰ
3170 1277 3532 1350 παιδευτικὴν
3559 1283 3660 1352 τὴν
3712 1284 3822 1338 Πα-

2233 1352 2388 1406 λαιὰν
2420 1356 2558 1426 πρὸς
2588 1358 2686 1428 τὴν
2729 1359 2877 1412 Νέαν
2920 1361 3298 1434 ὑπάρχουσαν.
3343 1367 3507 1422 Ὅθεν
3531 1373 3626 1424 καὶ
3655 1375 3823 1428 Mnib—

2235 1442 2334 1509 σῆς
2368 1445 2396 1495 ὀ
2441 1444 2616 1512 μέγας
2657 1445 2732 1508 ὡς
2773 1449 3079 1517 μειρακίων
3133 1450 3476 1528 διδάσκαλος,
3517 1457 3672 1510 οὐδὲν
3723 1459 3827 1528 μὲν

2230 1533 2337 1586 τῶν
2367 1535 2692 1607 ἀπορρήτων
2723 1537 2876 1606 φησί.
2924 1537 3060 1591 Θεοῦ
3103 1539 3160 1592 δὲ
3193 1542 3261 1594 τὰ
3307 1543 3501 1614 πρῶτα
3553 1545 3820 1618 δημιουρ-

2231 1625 2356 1692 γίαν
2383 1626 2476 1678 καὶ
2499 1627 2698 1696 νόμους
2723 1628 3008 1700 ἀγράφους
3038 1630 3273 1685 ὑπέθετο
3301 1633 3410 1687 τῶν
3442 1633 3574 1706 πρὶν
3605 1636 3820 1706 ἀνθρὼ-

2234 1734 2351 1769 πων
2380 1717 2490 1769 τῶν
2523 1719 3030 1790 ἐμπολιτευομένων
3055 1723 3243 1787 αὐτοῖς
3264 1740 3278 1754 ·
3302 1725 3432 1789 τοὺς
3462 1728 3660 1797 νόμους
3693 1727 3820 1780 τού-

553 1807 681 1846 vum
734 1793 1144 1852 Testamentum
1182 1817 1406 1872 scopum
1440 1807 1724 1862 exstitisse
1761 1789 1996 1870 Veteris,
2041 1827 2129 1864 co-

2236 1821 2360 1868 τους
2399 1805 2508 1876 γὰρ
2550 1807 2640 1860 διὰ
2681 1808 2790 1860 τῶν
2821 1807 2985 1862 θείων
3020 1809 3298 1866 ὀπτασιῶν
3327 1813 3438 1869 τῶν
3477 1815 3618 1868 κατὰ
3659 1815 3814 1868 δύνα-

551 1893 888 1955 gnoscetque
912 1886 1079 1944 Vetus
1105 1906 1227 1946 esse
1249 1895 1406 1963 quasi
1444 1895 1846 1954 institutionem
1874 1910 1924 1955 et
1957 1903 2133 1956 inuo-

549 1973 864 2030 ductionem
895 1979 962 2034 ad
985 1979 1216 2037 Novum.
1241 1984 1364 2040 Ideo
1384 1985 1585 2052 Moses,
1616 1997 1677 2042 ut
1699 2006 1996 2060 puerorum
2033 1995 2130 2046 do-

499 2071 506 2077 '
548 2075 690 2128 ctor,
714 2083 912 2124 arcana
949 2075 1212 2142 mysteria
1260 2077 1430 2132 missa
1463 2077 1612 2144 facit,
1648 2081 1895 2151 nihilque
1919 2083 2012 2135 alii
2049 2085 2130 2138 vel

545 2159 747 2212 exerrlsi
773 2162 1262 2218 sonat.Enumerat
1289 2167 1526 2235 primum
1555 2153 1744 2225 muniti
1771 2174 2128 2242 creationem,

544 2247 740 2303 deinde
772 2252 917 2322 leges
947 2255 1066 2309 sine
1093 2257 1304 2326 scripto
1353 2261 1586 2328 profert,
1617 2279 1756 2332 quas
1787 2265 1953 2334 prisci
1983 2280 2132 2319 mor-

543 2339 680 2395 tales
708 2357 806 2422 ceu
837 2343 959 2398 vitae
999 2332 1208 2399 certam
1235 2363 1484 2403 normam
1531 2355 1924 2422 sequebantur.
1953 2355 2129 2410 Acce-

543 2446 671 2501 pere
695 2433 838 2486 enim
867 2433 966 2488 bas
987 2451 1052 2489 ex
1081 2437 1387 2494 visionibus
1413 2443 1634 2508 divinis,
1665 2461 1786 2514 qua:
1809 2447 1960 2514 ipsis,
1983 2464 2122 2516 qua-
2151 2493 2164 2503 .

540 2530 704 2579 tenus
737 2524 850 2579 fieri
891 2525 1111 2592 licebat,
1133 2543 1438 2598 apparuere
1461 2534 1748 2590 divinitus.
1772 2537 1916 2590 Deus
1947 2540 2127 2608 siqni-

539 2613 662 2668 dem
675 2631 740 2670 ex
759 2615 1052 2671 Abrahami
1074 2620 1293 2675 semine
1315 2625 1576 2693 populum
1591 2626 1889 2697 delegerat,
1909 2645 2072 2699 quem
2099 2646 2127 2684 a

539 2707 880 2778 reliquorum
913 2711 1194 2766 hominum
1235 2717 1494 2786 contagio
1539 2730 1889 2790 segregatum
1920 2723 2120 2776 voluit.

539 2794 700 2852 llnnc
747 2801 938 2856 multis
983 2812 1038 2858 et
1071 2805 1461 2862 saluberrimis
1495 2812 1792 2880 praeceptis
1820 2828 2126 2869 conserva-

537 2891 638 2957 vit,
671 2901 725 2948 et
764 2909 875 2962 prce
903 2897 1119 2964 ueteris
1147 2913 1244 2953 sua
1279 2902 1882 2975 providentia'dignum
1910 2907 2125 2962 habuit.

537 2979 640 3038 His
683 2993 1141 3044 cmnmonstravlt
1195 2991 1413 3048 abunde
1461 3011 1585 3065 quae
1636 3009 1822 3053 tenere
1863 3000 2020 3055 decet
2063 2999 2130 3054 il-

539 3074 624 3131 los
668 3077 762 3147 qui
795 3067 1092 3150 agitantur
1134 3083 1398 3154 cupidine
1449 3090 1818 3156 cognoscendi
1867 3090 2127 3160 dogmata

2239 1915 2330 1968 μιν
2363 1899 2674 1968 γενομένων
2703 1899 2886 1963 αὐτοῖς
2912 1901 3347 1971 παρειλήφεσαν.
3383 1905 3528 1960 Am
3555 1905 3665 1977 γάρ
3700 1923 3823 1958 τινα

2233 1990 2364 2051 Θεὶς
2399 1990 2461 2042 ἐκ
2501 1991 2600 2057 τῆς
2631 1990 2722 2043 τοῦ
2765 1989 3016 2061 Ἀϐραὰμ
3048 1997 3212 2064 γονῆς
3244 1993 3548 2060 ἐξελέξατο,
3585 1998 3698 2060 τοῖς
3727 1995 3824 2050 ἄλ-

2232 2081 2343 2143 λοις
2397 2081 2630 2152 ἄμικτον
2692 2082 2974 2153 διαφόροις
3047 2087 3296 2156 τηρήσας
3361 2087 3817 2158 προστάγμασιν,

2233 2172 2527 2243 ἐξαιρέτως
2581 2174 2683 2244 τῆς
2735 2175 2900 2229 αὐτοῦ
2967 2177 3222 2248 προνοίας
3279 2177 3616 2246 ἠξιωμένον,
3672 2178 3820 2248 ἅπερ

2233 2264 2399 2333 ἐχρῆν
2429 2263 2496 2317 δι’
2528 2265 2706 2318 αὐτῶν
2733 2269 2812 2330 εἰς
2858 2267 2955 2338 τὴν
2994 2269 3108 2320 τῶν.
3149 2269 3275 2338 ἑξῆς
3322 2267 3676 2322 διδασκαλίαν
3719 2286 3838 2340 φυω

2233 2353 2540 2409 λάττεσθαι.
2581 2356 2660 2409 Δι’
2693 2359 2874 2412 αὐτῶν
2914 2360 3021 2430 γὰρ
3059 2359 3165 2412 ἔδει
3207 2362 3304 2423 τὰς
3335 2359 3428 2411 τοῦ
3460 2360 3598 2412 Θεοῦ
3629 2361 3822 2428 διαιρό-

2235 2465 2359 2518 ρους
2398 2450 2714 2520 οίκονομίας
2747 2451 2835 2503 καὶ
2881 2455 2993 2514 τοῖς
3020 2453 3046 2491 ιι
3074 2451 3388 2522 ἀνθρώποις
3425 2451 3817 2521 βραϐεύεσθαι.

2231 2539 2466 2608 Χριστὸς
2510 2541 2619 2610 γὰρ
2649 2542 2711 2592 ἐκ
2743 2541 2853 2592 τῶν
2885 2541 2990 2594 ὑπὸ
3030 2541 3193 2611 νόμον
3227 2541 3304 2610 τῷ
3333 2542 3496 2594 παντὶ
3534 2540 3637 2611 βίῳ
3680 2542 3822 2612 πρὸς

2230 2631 2328 2702 τὴν
2363 2631 2634 2700 σωτηρίαν
2684 2631 2948 2699 ἀνέτειλε,
2981 2633 3113 2703 παρ’
3145 2629 3226 2696 οἷς
3269 2635 3364 2686 καὶ
3404 2651 3511 2704 προ
3528 2630 3688 2700 θῆται
3718 2635 3830 2704 τὴν.

2231 2723 2395 2776 αὐτοῦ
2438 2723 2743 2792 παρουσίαν
2787 2725 3112 2794 ἐκήρυττον.
3161 2724 3328 2778 Ὅθεν
3371 2725 3508 2788 ίδίας
3563 2723 3824 2793 ἠξιοῦντο

2231 2814 2507 2886 προνοίας,
2545 2815 2631 2867 ἵνα
2661 2813 2736 2885 μὴ
2762 2817 2874 2879 τοῖς
2897 2815 3076 2878 ἄλλοις
3105 2815 3494 2886 ἀναμιχθέντες
3518 2813 3824 2885 διαφθορὰν

2231 2903 2620 2978 ὑπομείνωσιν,
2653 2907 2766 2960 ἀλλ’
2815 2908 2894 2970 εἰς
2923 2907 3116 2978 καιρδν
3164 2907 3450 2976 παραδῶσι
3479 2910 3592 2970 τοῖς
3630 2907 3822 2968 ἄλλοις

2229 3000 2328 3070 τῆς
2355 2998 2449 3053 τοῦ
2489 2997 2727 3070 Χριστοῦ
2770 2999 3076 3069 παρουσίας
3115 2998 3184 3052 τὰ
3231 2998 3675 3069 προμηνύματα,
3724 2995 3826 3052 καὶ

2231 3091 2363 3162 ὅσην
2391 3088 2597 3144 ἄνωθεν
2646 3091 2675 3141 ὁ
2705 3090 2836 3153 Θεὸς
2876 3089 3198 3160 ἐπιμέλειαν
3231 3090 3338 3144 τῶν
3375 3090 3686 3160 ἀνθρώπων
3718 3103 3824 3140 πε-

539 3182 663 3238 quze
692 3172 1042 3238 postmodum
1088 3151 1279 3230 esse—nt
1308 3151 1710 3246 depromenda.
1745 3177 1880 3233 Nam
1917 3151 2116 3234 horum

2233 3151 2475 3250 ποίηται,
2524 3181 2672 3242 ὅπως
2713 3197 2772 3233 τε
2803 3151 2890 3234 διὰ
2930 3151 3030 3252 vi};
3072 3181 3310 3250 νομικῆς
3358 3179 3656 3246 διατάξεως
3713 3177 3828 3232 ἀπδ

538 3274 706 3331 opera
731 3272 784 3316 et
809 3264 996 3319 studio
1021 3267 1314 3336 oportebat
1348 3269 1534 3324 divina
1563 3271 1827 3327 miracula
1859 3272 2122 3342 legesque

538 3354 705 3406 etiam
741 3355 974 3424 reliquis
1020 3360 1350 3416 mortalibus
1393 3364 1822 3418 communicari.
1865 3362 2124 3419 Christus

2228 3270 2337 3322 τῶν
2364 3269 2500 3340 πρὸς
2545 3268 2797 3338 Ἀϐραὰμ
2844 3267 3191 3337 ἐπαγγελιῶν
3221 3268 3532 3340 ἀρξάμενος
3556 3308 3570 3334 ,
3599 3268 3684 3330 είς
3720 3267 3833 3336 τὴν-

2231 3360 2326 3414 τοῦ
2361 3359 2600 3430 Χριστοῦ
2619 3360 2923 3430 παρουσίαν
2953 3359 3406 3428 ἔθπαιδαγὼγησεν
3433 3359 3703 3422 ἅπαντας.

541 3445 688 3499 enim
721 3447 866 3515 apud
915 3447 1016 3500 bos
1069 3451 1162 3516 qui
1218 3451 1319 3521 legi
1372 3453 1601 3507 obnoxii
1651 3463 1831 3520 erant,
1865 3463 1918 3510 et
1987 3464 2152 3511 natus
2223 3460 2280 3508 et
2329 3460 2696 3508 conversatus
2759 3459 2868 3518 est,
2933 3452 3096 3506 sicuti
3161 3451 3446 3505 vaticinati
3506 3459 3636 3505 sunt
3692 3463 3826 3521 pro-

538 3537 716 3607 phetae
744 3537 941 3593 sancti.
1005 3539 1344 3597 Peculiarem
1407 3543 1590 3613 itaque
1627 3544 1721 3600 Dei
1758 3547 1938 3601 sortiti
1992 3555 2123 3601 sunt
2163 3545 2596 3616 providentiam,
2633 3558 2701 3599 ne
2767 3542 2998 3614 reliquis
3051 3542 3278 3596 immisti
3323 3542 3544 3610 populis
3612 3539 3825 3596 foedam

541 3630 812 3685 sentirent
855 3635 1288 3704 corruptionem,
1349 3643 1406 3692 et
1453 3645 1511 3692 ut
1548 3655 1648 3694 suo
1703 3648 1953 3712 tempore
2020 3641 2239 3696 caeteris
2277 3639 2540 3710 gentibus
2591 3635 3250 3692 adventum-salutarem
3325 3633 3556 3697 Christi,
3619 3644 3828 3702 praesa“

539 3721 630 3791 gia
663 3731 718 3777 et
757 3727 1004 3792 oracula,
1045 3742 1150 3782 nec
1185 3744 1295 3783 non
1349 3741 1560 3802 quanta
1615 3749 1748 3789 cura
1780 3751 1806 3788 a
1840 3735 2146 3804 primordio
2215 3735 2330 3804 jam
2377 3733 2505 3787 inde
2553 3745 2740 3785 rerum
2784 3729 3084 3782 humanum
3134 3741 3309 3796 genus
3361 3723 3596 3780 fovisset
3643 3725 3822 3777 Deus.

538 3812 834 3868 eﬂicacitcr
877 3816 1350 3876 demonstrarent.
1408 3820 1654 3878 Proinde
1708 3826 2114 3897 legislationem
2192 3840 2428 3882 exorsus
2481 3839 2511 3878 a
2556 3821 3024 3894 promissiouibus
3075 3821 3130 3874 in
3202 3817 3580 3873 Abrahamum
3643 3813 3830 3869 colla-

538 3903 633 3968 tis,
721 3907 921 3978 satagit
989 3924 1183 3968 omnes
1260 3914 1557 3973 instituere
1618 3918 1684 3973 ad
1759 3921 2059 3977 adventum
2101 3919 2329 3977 Christi.

609 3995 768 4062 Quod
804 3996 974 4054 Vetus
1026 4001 1448 4062 Testamentum
1491 4011 1655 4078 paulo
1689 4013 1986 4071 obscurius
2016 4024 2123 4080 est,

536 4105 765 4144 causam
801 4093 965 4148 aliam
1018 4099 1292 4156 arbitrare
1327 4102 1562 4166 nullam.
1599 4120 1765 4174 quam
1814 4108 2124 4176 priscorum

539 4183 826 4236 hominum
870 4187 1074 4244 obtusa
1126 4198 1374 4260 pectora.
1417 4191 1553 4249 Nam
1609 4198 1733 4252 velo
1776 4197 2126 4268 indigebant,

535 4285 666 4325 cum
728 4287 836 4326 non
899 4278 1250 4333 sustinerent
1306 4281 1400 4336 illa
1459 4293 1684 4354 prepter
1741 4288 2125 4342 excellentiam

537 4363 747 4419 videre.
787 4366 1049 4423 Nonnihil
1089 4371 1238 4424 enim
1287 4375 1537 4442 ipsorum
1589 4377 1740 4431 acies
1787 4379 2126 4448 perstringe-

2299 4011 2408 4081 Τῆς
2435 4010 2492 4063 δὲ
2520 4008 2664 4064 κατά
2700 4011 2799 4076 τὴν
2839 4005 3087 4061 Παλαιὰν
3114 4003 3342 4075 Γραφὴν
3370 4001 3639 4072 ἀσαφείας
3673 3999 3830 4054 αίτία

2225 4105 2324 4175 μὲν
2375 4105 2408 4174 ή
2452 4102 2562 4156 τῶν
2612 4099 2862 4154 παλαιῶν
2911 4097 3217 4168 ἀνθρώπων
3247 4095 3527 4176 ,ἀσθένεια
3582 4092 3825 4163 δεομένη

2224 4195 2362 4268 πρὸς
2375 4194 2470 4264 τὴν
2489 4191 2670 4246 αὐτῶν
2693 4191 2850 4256 ἀξίαν
2879 4189 3410 4260 παραπετάσματος.
3442 4186 3686 4254 Μωῦσῆς
3711 4183 3826 4252 γὰρ

2221 4289 2323 4340 οὐκ
2366 4287 2583 4356 ἠγνόει·
2643 4284 2778 4352 πρὸς
2820 4283 3018 4345 αὐτοὺς
3072 4280 3184 4351 γὰρ
3237 4277 3352 4348 εἶχε
3417 4278 3479 4330 τὸ
3523 4278 3838 4346 κάλυμμα..

2223 4377 2338 4430 ἀλλ’
2385 4368 2446 4430 οὐ
2496 4375 2632 4446 πρὸς
2677 4373 2896 4434 ἑαυτὸν,
2942 4371 3062 4424 οὐδὲ
3109 4368 3516 4441 μεταστραφεὶς
3563 4366 3705 4436 πρὸς
3735 4367 3832 4418 τδν

538 4457 634 4511 hat
661 4468 996 4516 coruscante
1054 4463 1355 4532 splendore
1387 4466 1708 4521 divinorum
1740 4471 2120 4523 oraculorum.

2233 4469 2458 4538 Κύριον.
2481 4463 2784 4535 Τοιγαροῦν
2807 4462 2912 4515 τῶν
2962 4461 3302 4529 ἀγνοούντων
3331 4459 3430 4510 οὐκ
3458 4452 3526 4526 ἦν
3562 4454 3834 4524 ἔγκλημα

538 4545 740 4604 Verum
781 4549 964 4607 Moses
985 4555 1374 4624 mysteriorum
1401 4559 1647 4622 omnium
1683 4560 1898 4630 plenam
1937 4561 2129 4630 cognio

540 4641 744 4694 tionem
781 4643 1016 4698 habebat
1049 4665 1062 4699 :
1100 4647 1220 4701 velo
1271 4664 1378 4702 non
1421 4657 1650 4720 prepter
1697 4667 1780 4713 se,
1819 4651 1914 4706 sed
1962 4666 2130 4705 causa

538 4732 801 4796 aliorum,
827 4732 1025 4789 facient
1059 4738 1410 4806 contegebat,
1441 4739 1550 4796 Nec
1569 4743 1692 4796 velo
1723 4743 1982 4797 utebatur
2005 4760 2129 4798 cum

539 4834 599 4874 se
626 4822 952 4888 verteret‘ad
998 4821 1187 4885 Deum,
1219 4832 1274 4886 et
1303 4840 1430 4880 cum
1449 4842 1515 4882 eo
1549 4843 1738 4883 coram
1781 4831 2128 4900 colloquere-

538 4919 650 4965 tur.
679 4911 869 4982 Itaque
900 4923 1126 4982 propter
1161 4917 1551 4985 mysteriorum
1601 4920 1967 4990 ignorantiam
2009 4937 2126 4987 non

537 5011 696 5076 erant
725 5005 1070 5060 accusandi?
1111 5007 1255 5060 Audi
1295 5009 1583 5070 Christum
1627 5011 1908 5067 dicentem
1929 5033 1961 5090 ﬂ:
2003 5033 2023 5064 ι
2059 5013 2118 5068 Si

539 5110 649 5148 non
708 5097 1014 5160 venissem,
1049 5105 1104 5152 et
1149 5099 1374 5155 locutus
1411 5100 1642 5156 luissem
1678 5104 1782 5170 eis,
1833 5114 2122 5174 peccatum

537 5201 648 5240 non
701 5187 1031 5267 haberent‘.
1067 5208 1085 5241 ι
1144 5189 1435 5261 Prophetia
1464 5194 1686 5264 quidem
1715 5212 1908 5266 parum
1943 5201 2124 5267 primo

539 5287 764 5347 aspectu
787 5265 938 5334 clara
963 5290 1083 5348 est;
1118 5282 1213 5336 ubi
1241 5299 1374 5338 vero
1403 5283 1470 5338 ad
1495 5301 1611 5340 rem
1641 5289 1841 5342 collata
1873 5297 1927 5342 et
1959 5305 2126 5344 even-

540 5377 656 5422 tum
697 5371 892 5424 sortita
945 5371 1128 5439 fuerit,
1179 5390 1342 5444 quem
1407 5377 1680 5446 praedixit,
1745 5389 1859 5436 tum
1895 5382 2118 5436 demum

602 5510 620 5541 ³
645 5504 818 5560 Eccli.
848 5522 931 5569 tu,
964 5507 1053 5561 2t.
1130 5507 1151 5538 ⁸
1181 5505 1340 5565 Joan.
1377 5526 1470 5579 xv,
1501 5511 1592 5566 22.

2233 4562 2354 4614 κατ’
2385 4558 2584 4612 αὐτῶν.
2617 4577 2637 4608 ι
2691 4557 2752 4610 Εἰ
2805 4555 2879 4625 μὴ
2909 4548 3074 4626 ἦλθον
3115 4551 3244 4621 γὰρ.
3285 4549 3451 4618 φησιν
3481 4549 3508 4599 ὁ
3552 4547 3828 4616 Χριστὸς.

2229 4653 2324 4705 καὶ
2351 4652 2588 4720 ἐλάλησα
2635 4649 2840 4708 αὐτοῖς,
2881 4644 3159 4715 ἁμαρτίαν
3189 4644 3290 4696 οὐκ
3316 4639 3483 4711 εἶχον.
3529 4639 3591 4691 Ἦ
3623 4638 3683 4690 δὲ
3720 4638 3831 4705 τῆς

2228 4744 2567 4814 προφητείας
2597 4739 2834 4808 ἀσάφεια
2872 4738 2962 4790 διὰ
2987 4736 3088 4806 τῆς
3113 4734 3390 4795 ἐκϐάσεως
3425 4728 3826 4801 ἑρμηνεύεται.

2226 4837 2466 4906 Δευτέρα
2519 4833 2578 4888 δὲ
2629 4831 2780 4886 αἰτία
2833 4831 2894 4882 τὸ
2946 4829 3054 4882 ἀπὸ
3108 4828 3209 4896 τῆς
3263 4825 3534 4895 Ἐϐραίων
3586 4823 3671 4884 εἰς
3723 4821 3830 4886 τὴν

2230 4923 2452 4994 ἄλληνί
2502 4922 2921 4994 μεταληφθῆναι
2967 4921 3175 4990 φωνὴν,
3204 4917 3298 4970 τοῦ
3339 4913 3474 4968 Θεοῦ
3526 4913 3689 4966 τοῦτο
3735 4910 3834 4964 διὰ

2231 5017 2571 5090 Πτολεμαίου
2615 5014 2872 5084 γενέσθαι
2900 5013 3006 5082 πρὸ
3043 5012 3141 5080 τῆς
3181 5010 3276 5062 τοῦ
3311 5004 3552 5107 Χρῄιστοῦ
3608 5020 3833 5107 παρορ-

2233 5110 2354 5174 σίας
2382 5109 2865 5181 οίκονομήσαντος,
2893 5106 2985 5158 ὅτε
3010 5105 3163 5174 κοινῇ
3196 5102 3360 5155 πᾶσιν
3385 5097 3618 5170 ἤμελλεν
3641 5096 3833 5162 ἐγνῶ-

2230 5201 2356 5254 σθαι
2393 5202 2507 5262 τοῖς
2542 5199 2769 5252 ἔθνεσιν.
2809 5197 2932 5251 ’Ότι
2973 5195 3032 5248 δὲ
3072 5193 3216 5248 κατᾶ
3263 5191 3414 5244 θείαν
3461 5189 3762 5242 ἐπίπνοιαν
3803 5186 3836 5238 ὁ

2235 5293 2408 5364 μέγας
2427 5291 2668 5362 Μωῦσῆς
2697 5289 2793 5344 καὶ
2827 5289 2894 5342 τὰ
2937 5287 3057 5340 λίαν
3088 5286 3292 5356 ἀρχαῖα
3323 5282 3418 5336 καὶ
3457 5279 3526 5333 τὰ
3563 5277 3712 5348 μετά
3766 5275 3833 5330 τὸ

2233 5383 2482 5437 πλεῖστον
2523 5379 2858 5451 ἐγίνωσκεν,-
2887 5378 3064 5444 οὐδεὶς
3099 5376 3335 5448 ἀντερεῖ.
3375 5369 3511 5426 θεοῦ
3548 5368 3660 5440 γὰρ
3691 5368 3830 5422 ἑπι-

1803 5622 2041 5680 VARI/E
2103 5623 2515 5680 LECTIONES.

614 5743 836 5802 rem.
881 5746 1169 5817 ἀνόνητονε
1242 5751 1268 5791 h
1311 5749 1373 5804 C.
1406 5747 1450 5804 Ν
1515 5749 1602 5804 ad.
1647 5747 1848 5813 ἀλλοις.

1948 5743 1968 5786 ί
2014 5747 2078 5802 C.
2109 5745 2172 5801 Ν.
2208 5745 2456 5801 Ἑλλάδα.
