4002 6404
259 337 335 403 29
1395 350 1864 418 COMMEN'IAR

1978 356 2051 420 [Ν
2085 356 2455 422 GENESIM.
3468 363 3539 425 30

261 447 427 536 sunt?
453 447 518 502 τδ
532 447 834 518 λανθάνον,
855 451 968 508 εἴτε
998 453 1188 527 παρδν,
1221 457 1331 511 εἴτε
1351 461 1584 529 φθάσαν,
1611 465 1721 518 εἴτε
1745 464 1873 534 μὲλ-

1978 467 2218 536 perfecte
2247 467 2583 526 inclarescit.
2625 469 2860 525 Possum
2890 478 2944 527 et
2996 469 3230 527 alteram
3289 471 3542 528 obscuri-

262 535 373 603 λον,
404 538 742 614 ἐγνώρισεν.
811 598 816 604 _
1813 555 1821 565 '

1978 558 2108 614 tatis
2141 557 2350 616 referre
2379 575 2630 626 causam,
2660 572 2824 633 atque
2854 563 2968 618 lucc
2993 563 3122 618 inde
3153 563 3542 634 proficiscitur.

265 633 412 704 quod
469 635 650 695 Vetus
707 639 1124 698 Testamentum
1190 647 1244 700 in
1309 647 1553 716 linguam
1610 649 1858 706 Graecam
1937 669 2155 710 versum
2213 665 2300 712 est
2373 657 2646 712 industria
2725 666 2781 714 et
2839 660 3022 714 studio
3085 633 3366 715 Ptolomaei
3419 667 3548 713 ante

263 725 471 782 Christi
527 729 1002 788 incarnationem.
1075 732 1362 805 Siquidem
1423 740 1618 794 omnia.
1655 753 2022 796 sacrosancta:
2061 743 2185 798 fidei
2247 745 2504 814 dogmata
2571 757 2626 800 et
2673 746 2917 802 ethnicis
2997 747 3297 817 aperienda
3363 755 3544 810 erant,

266 834 374 890 quo
402 822 731 890 expeditius
762 823 834 878 ad
883 840 1070 880 veram
1124 826 1282 882 fidem
1341 829 1686 886 advolarent.
1737 829 1944 888 Verum
2008 835 2143 903 quin
2221 835 2402 890 Moses
2471 837 2784 892 instructus
2843 839 3009 893 fuerit
3068 841 3383 911 cognitione
3448 853 3553 894 and

267 916 615 985 tiquitatum,
643 927 702 972 et
722 933 848 988 qua:
880 918 1065 974 futura
1104 929 1264 978 erant
1300 923 1461 994 longe
1502 935 1630 982 ante
1667 927 1856 982 animo
1894 929 2239 1004 perspexerit
2283 941 2338 985 et
2368 931 2706 1000 cognoverit,
2753 947 2864 986 non
2897 933 3066 987 credo
3098 915 3429 1004 quemquam
3470 933 3550 990 ire

265 1011 502 1066 inﬁcias.
535 1011 618 1067 Ex
648 1016 841 1072 divina
875 1019 1079 1073 etenim
1121 1019 1764 1099 inspiratione_adeptus
1803 1033 1889 1076 est
1925 1001 2180 1076 notitiam
2240 1027 2648 1094 praeteritordm
2673 1067 2688 1091 ,
2718 1033 3066 1098 praesentium
3115 1001 3169 1086 et
3207 1001 3546 1086 futurorum.

345 1105 575 1177 Ἐπειδὴ
609 1107 671 1160 δὲ
701 1109 914 1180 κόσμου
948 1111 1169 1179 γένεσις
1210 1113 1344 1181 ἡμῖν
1373 1112 1436 1166 τὸ
1476 1111 1864 1183 προκείμενον,

2037 1113 2176 1168 Cum
2231 1125 2414 1172 autem
2471 1122 2762 1188 praesentis
2808 1123 3203 1192 disputationis
3249 1132 3426 1178 status
3477 1125 3550 1178 sit

268 1195 443 1249 ῑπέον
486 1198 576 1252 ὅτι
612 1199 730 1252 τῶν
771 1201 1045 1270 Ἐλλήνων
1096 1203 1286 1266 παῖδες
1326 1204 1601 1258 συναῖδιον
1633 1203 1714 1274 τῷ
1745 1204 1867 1274 Θεῷ

1978 1209 2256 1276 generatio
2285 1210 2502 1276 mundi,
2541 1213 2832 1267 sciendum
2875 1223 2960 1269 cst
2991 1215 3305 1268 Graecorum
3348 1230 3549 1283 piteros

264 1287 360 1358 τὴν
380 1288 565 1342 κτίσιν
597 1287 745 1346 εἷναί
772 1310 940 1362 φασιν
959 1309 975 1324 ·
1017 1294 1152 1366 ὕλην
1179 1297 1290 1367 γάρ
1319 1313 1441 1349 τινα
1481 1295 1561 1366 τῷ
1585 1295 1705 1365 Θεῷ
1739 1312 1869 1348 cov—

1978 1300 2024 1352 in
2081 1299 2182 1353 hac
2227 1301 2440 1355 versari
2489 1304 2774 1373 opinione,
2827 1316 2884 1360 ut
2943 1306 3236 1376 opinentur
3284 1307 3548 1360 mundum

267 1381 434 1434 αἳδιον
500 1383 887 1440 ὗποτξθενται.
944 1387 1037 1458 Μὴ
1095 1387 1417 1457 δυνηθέντες
1475 1387 1608 1456 γοῦν
1663 1388 1866 1460 εὑρεῖν,

264 1471 381 1534 πῶς
426 1473 494 1527 ἐκ
553 1475 789 1546 μηδαμῆ
851 1478 1116 1550 μηδαμῶς
1166 1479 1318 1541 ὖντος
1361 1478 1420 1532 δν
1447 1497 1500 1532 τι
1553 1479 1866 1550 γενήσεται,

269 1564 592 1633 μετρεῖσθαι
619 1568 720 1620 τοῦ
747 1569 885 1622 Θεοῦ
924 1570 1026 1632 τὴν
1055 1569 1290 1640 δύναμιν
1327 1573 1450 1634 ταῖς
1480 1571 1710 1634 οἰκείαις
1735 1571 1868 1623 ὑπο.

265 1654 642 1722 λαμϐάνοντες
659 1659 914 1723 ἐννοὲαις,
937 1661 1110 1714 ἀΐδιον
1131 1660 1266 1732 ὓλην
1295 1663 1428 1732 ἡμῖν
1451 1662 1830 1716 ἁνεπλάσαντο
1849 1679 1863 1694 ·

265 1748 356 1798 καὶ
367 1747 462 1799 τὸν
481 1747 627 1800 Θεὸν
663 1750 758 1802 ἀεὶ
780 1750 1118 1821 δημιουργὸν
1147 1749 1288 1806 εἶναι
1309 1753 1584 1822 λέγοντες,
1616 1754 1704 1808 ἀεί
1731 1770 1866 1825 φασι

1971 1391 2081 1444 Deo
2133 1407 2256 1446 esse
2303 1401 2669 1450 coaeternum.
2724 1396 2859 1450 Nam
2907 1398 3198 1451 materiam
3257 1398 3548 1466 quamdam

1972 1481 2165 1550 Opilici
2213 1485 2506 1540 immortali
2557 1503 2720 1557 quam
2780 1489 2828 1543 ei
2884 1498 3212 1544 coarternam
3268 1495 3548 1552 asserunt,

1971 1573 2250 1641 subjicere
2301 1591 2408 1630 non
2477 1576 2757 1632 dubitant.
2805 1579 2940 1634 Cum
3015 1579 3184 1634 nullis
3241 1579 3552 1634 rationibus

1970 1666 2304 1721 concludere
2353 1675 2604 1736 possent,
2663 1685 2727 1722 ex
2783 1669 2958 1722 nihilo
3015 1667 3223 1738 aliquid
3265 1667 3415 1732 licri,
3470 1668 3554 1720 lii-

1969 1760 2152 1812 vinam
2206 1759 2467 1812 virtutem
2526 1769 2582 1814 et
2633 1761 2934 1830 potentiam
2979 1759 3190 1815 nostris
3242 1758 3552 1813 rationibus

263 1836 332 1888 τὰ
359 1836 841 1910 δημιουργήματα
860 1856 874 1870 ·
907 1841 1085 1894 καίτοι
1118 1840 1277 1912 εἴπερ
1341 1843 1515 1906 ἀΐδιος
1543 1846 1576 1914 ἡ
1607 1842 1732 1915 ὕλη,
1771 1843 1868 1898 καὶ

1978 1850 2286 1912 metientes,
2327 1858 2592 1906 aeternam
2640 1851 2790 1906 illam
2844 1852 3056 1907 tinxere
3091 1851 3410 1906 materiam.
3467 1849 3552 1904 ln~

265 1927 568 1997 ἄτρεπτος·
603 1932 658 1983 εἴ
689 1930 804 2002 γὰρ
831 1935 1206 2004 τραπήσεται,
1237 1935 1380 1989 κατὰ
1404 1935 1466 1988 τὸ
1491 1935 1664 1989 ἀΐδιον
1694 1935 1868 2006 μόνην

263 2017 475 2083 δέξεται
502 2021 612 2090 τὴν
634 2021 854 2092 τροπὴν
872 2064 888 2087 ,
914 2024 1019 2076 οὐκ
1046 2023 1220 2084 ἀΐδιος
1254 2025 1544 2096 γινομένη,
1577 2027 1716 2098 ὅπερ
1745 2025 1871 2080 ἀδύ-

265 2126 440 2164 νατον.
463 2111 704 2176 ’Δποιος
743 2113 854 2185 γὰρ
888 2109 1049 2178 οὖσα,
1072 2115 1168 2168 καὶ
1199 2115 1426 2182 ἄποσος,
1473 2117 1572 2170 καὶ
1607 2117 1865 2182 ἀπίδεος,

267 2200 383 2253 κατ’
411 2199 576 2255 οὐδὲν
605 2201 818 2256 τούτων
842 2201 943 2274 τὴν
981 2205 1191 2274 τροπὴν
1235 2204 1546 2271 ὲπιδὲξεται
1567 2222 1582 2236 ο
1625 2205 1782 2259 ἔσται
1810 2206 1868 2259 δὲ

268 2292 360 2344 καὶ
393 2292 487 2362 ἴση
523 2293 677 2362 Θεῷ.
726 2295 924 2349 Ἀἳδιον
973 2295 1085 2365 γὰρ
1131 2295 1304 2350 ἀϊδίου
1338 2298 1448 2351 τίνι
1481 2297 1738 2363 Stoicus;
1775 2299 1869 2352 καὶ

269 2383 383 2444 m3;
403 2383 566 2439 ἔσται
598 2384 664 2438 τὺ
693 2385 797 2455 μὲν
822 2385 1034 2450 ποιοῦν,
1051 2389 1111 2441 ea
1137 2389 1196 2442 δὲ
1225 2389 1512 2458 γινόμενον
1539 2406 1555 2452 ς
1583 2389 1868 2462 εὐτύχημα

267 2477 320 2531 δὲ
343 2477 440 2530 τοῦ
482 2477 634 2532 Θεοῦ
673 2477 776 2532 καὶ
813 2478 876 2532 τὸ
921 2479 1022 2546 τὴν
1061 2479 1196 2552 ὕλην
1238 2481 1565 2554 εὑρεθῆναι*
1597 2478 1632 2554 ἦ
1668 2484 1779 2554 γὰρ
1803 2483 1870 2538 ἂν

269 2569 362 2622 οὐκ
386 2569 651 2638 ἐγεγόνει
679 2571 1038 2644 δημιουργὸς,
1069 2573 1294 2643 ἀπορῶν
1323 2575 1352 2627 ὃ
1380 2591 1434 2628 τι
1464 2576 1742 2643 ποιήσειε,
1775 2579 1872 2630 καὶ

273 2660 344 2730 μὴ
362 2661 680 2729 δυνάμενος
705 2663 773 2714 ἐκ
814 2661 890 2732 μὴ
919 2662 1092 2716 ὅντων
1126 2663 1435 2734 ὑποστῆναι
1467 2664 1534 2718 τὰ
1561 2664 1711 2718 ὄντα.
1746 2666 1870 2729 Πῶς

271 2750 324 2804 ἢ
347 2751 478 2822 ξένη
514 2748 664 2805 οὖσα
688 2752 830 2806 Θεοῦ
860 2754 955 2808 καὶ
981 2753 1056 2826 μὴ
1094 2773 1170 2810 πα
1180 2759 1227 2827 ρ’
1254 2757 1420 2810 αὑτοῦ
1444 2759 1733 2829 γενομένη,
1763 2759 1872 2812 τῶν

269 2843 423 2894 εἱδῶν
448 2843 567 2897 τῶν
590 2845 654 2908 ἐξ
683 2843 853 2900 αὐτοῦ
877 2847 1070 2916 γέγονε
1101 2849 1356 2924 Sex-emi];
1385 2853 1519 2907 Ποία
1537 2854 1646 2924 γὰρ
1671 2855 1872 2908 οἰκειό-

269 2949 390 3004 της,
427 2935 464 3006 ἦ
493 2935 642 3004 τῖςή
687 2937 830 3008 πρὸς
879 2939 952 2993 τὰ
997 2940 1116 3008 εἴδη
1166 2944 1480 3012 συγγένεια,
1531 2944 1640 3000 τῶν
1675 2946 1774 3016 μὲν
1807 2948 1873 3000 ἐκ

269 3024 430 3088 Θεοῦ,
467 3027 575 3095 τῆς
617 3028 676 3081 δὲ
729 3029 886 3098 (μή;)
948 3030 1076 3094 Πῶς
1113 3031 1170 3086 δὲ
1211 3034 1282 3087 τὰ
1337 3035 1450 3106 εἴδη
1476 3036 1541 3088 ἐκ
1569 3036 1662 3107 ¹μὴ
1703 3035 1874 3092 ὄντων

273 3115 466 3178 ποιῶν,
502 3117 637 3189 ἅδὴ
672 3119 771 3172 καὶ
815 3119 1138 3189 κρείττονα,
1181 3123 1281 3194 τὴν
1307 3123 1442 3196 ὕλην
1481 3122 1651 3180 οὖσαν
1676 3127 1869 3200 χείρω,

275 3211 446 3261 ποιεῖν
463 3209 576 3263 οὐκ
623 3208 862 3280 ἠδύνατο
884 3213 1082 3276 ;Ἀλλὰ
1112 3215 1164 3268 τι
1197 3216 1266 3268 τὰ
1294 3217 1408 3290 εἴδη
1435 3219 1607 3290 φημις
1632 3219 1730 3284 τὰς
1753 3238 1873 3274 νοε-

1969 1942 2426 2014 quiuntquoque,
2449 1953 2504 1998 et
2538 1945 2592 1998 in
2620 1943 2766 1999 hunc
2801 1944 3024 1998 modum
3059 1947 3550 2014 argumentantur:

1972 2033 2030 2089 Si
2051 2033 2201 2090 Deus
2235 2035 2559 2107 semper(ut
2585 2051 2694 2091 non
2715 2035 3011 2106 negamus)
3041 2035 3140 2090 fuit
3160 2033 3552 2106 opifex,etiam

1969 2125 2090 2196 ejus
2118 2141 2283 2196 opera
2331 2141 2552 2196 semper
2585 2126 2760 2182 fuisse
2804 2127 3110 2198 colligitur.
3143 2126 3454 2180 Praeterea:
3495 2123 3553 2178 Si

1973 2218 2206 2272 materia
2236 2224 2322 2272 est
2368 2225 2602 2283 :eterna,
2653 2219 2862 2272 nullam
2907 2233 3130 2289 quoque
3165 2217 3396 2287 recipiet
3429 2231 3554 2270 mu-

1971 2305 2259 2359 tationem.
2293 2303 2350 2360 Si
2385 2306 2533 2361 enim
2585 2307 2887 2362 mutationi
2919 2306 3160 2364 obnoxia
3197 2305 3323 2366 erit,
3354 2320 3556 2360 secuu-
3646 2324 3654 2332 δ

1971 2397 2099 2451 dum
2139 2399 2505 2453 mternitatem
2571 2399 2748 2453 solam
2805 2398 3168 2453 mutationem
3219 2397 3552 2466 experietur.

1972 2487 2038 2541 Et
2089 2489 2168 2542 sic
2215 2503 2280 2543 eo
2326 2489 2634 2555 deveniret,
2690 2497 2751 2543 ut
2820 2490 3102 2543 amitberet
3163 2487 3552 2551 a'teruitatem,

1971 2579 2114 2648 quod
2153 2579 2456 2634 secundum
2507 2580 2773 2650 praedicta
2836 2589 2924 2635 est
2979 2579 3348 2650 impossibile.
3414 2576 3552 2630 Nam

1972 2683 2097 2723 cum
2122 2669 2414 2740 qualitate,
2465 2673 2780 2740 quantitate
2809 2681 2863 2726 et
2904 2671 3081 2725 forma
3123 2670 3212 2724 vel
3247 2669 3430 2739 specie
3460 2682 3555 2720 ca-

1972 2769 2123 2826 reat,
2184 2776 2296 2814 non
2353 2769 2536 2827 potest
2589 2761 2704 2817 fieri
2755 2769 2832 2830 ut,
2873 2745 3179 2816 secundum
3233 2767 3555 2812 enumerata

1975 2852 2270 2906 mutationi
2345 2852 2654 2924 subiaceat.
2736 2853 2856 2906 Erit
2904 2854 3089 2921 itaque
3157 2860 3238 2918 (ut
3304 2856 3559 2904 statuunt

1973 2942 2150 2999 Grzcci
2211 2960 2276 2998 ex
2327 2945 2802 3016 commemoratis)
2869 2944 3100 2998 materia
3157 2943 3386 3012 aequalis
3423 2940 3555 3006 Deo,

1975 3021 2138 3107 eique
2169 3051 2373 3092 eoaeva.
2410 3034 2528 3103 Qua
2561 3036 2838 3107 siquidem
2885 3035 3200 3092 differentia
3234 3040 3560 3088 seceructur

1975 3135 2243 3183 aeternum
2295 3129 2364 3182 ab
2394 3127 2644 3183 aeterno?
2665 3127 2905 3183 Pulchra
2958 3125 3206 3197 profecto
3241 3125 3359 3178 lure
3391 3137 3560 3192 argu-

1977 3221 2260 3276 mentatio.
2312 3217 2450 3273 Nam
2483 3219 2528 3274 si
2567 3235 2631 3274 ea
2665 3234 2792 3274 vera
2821 3226 2930 3282 est,
2970 3217 3178 3272 nullam
3227 3216 3418 3269 liceret
3457 3228 3559 3282 po-

279 3301 375 3370 pa;
420 3301 533 3372 γὰρ
574 3301 901 3366 οὐσίαςκαὶ
943 3305 1224 3370 παντελῶς
1265 3307 1595 3378 ἀσωμάτους
1645 3310 1741 3364 καὶ
1775 3311 1873 3382 τὴν

1978 3329 2099 3370 nere
2123 3313 2178 3386 ἀ.
2205 3291 2582 3366 differentiam
2621 3310 2768 3366 inter
2789 3325 3020 3365 causam
3054 3307 3405 3366 efﬁcientem,
3438 3320 3562 3376 quae

278 3391 452 3460 ψυχὴν
483 3393 593 3461 τὴν
620 3393 908 3467 ἡμετέραν
963 3394 1079 3459 πῶς
1113 3397 1181 3450 ἐκ
1224 3397 1300 3470 μὴ
1341 3399 1512 3455 ὄντων
1547 3405 1872 3474 παρήγαγες

1978 3414 2058 3461 est
2086 3405 2254 3468 Deus,
2275 3402 2600 3458 cteﬂ'ectum
2645 3418 2809 3472 quem
2848 3402 2994 3456 Deus
3030 3408 3090 3453 ut
3123 3413 3292 3454 causa
3319 3398 3562 3452 alliciens

282 3482 494 3569 Τούτων
527 3483 646 3555 γὰρ
692 3485 762 3538 ὲκ
798 3486 911 3540 τῶν
958 3487 1230 3558 σωμάτων
1281 3493 1676 3564 ἀφῃρημένων,
1720 3497 1873 3550 οὐδέν

1978 3497 2252 3569 producit.
2313 3492 2482 3548 iidem
2539 3493 2718 3548 Grmei
2771 3508 2881 3548 non
2943 3491 3280 3561 erubescunt
3332 3488 3562 3544 dicere:

284 3567 395 3625 tm
433 3573 492 3625 τὺ
526 3571 887 3644 λειπόμενον.
935 3577 1129 3632 Καίτοι
1179 3579 1273 3632 τὸν
1333 3580 1498 3650 ὄγκον
1529 3585 1646 3648 τοῖς
1677 3584 1873 3639 εἴδεσιν

1978 3567 2189 3642 Meliori
2234 3585 2472 3640 fortuna:
2515 3584 2634 3640 sive
2684 3586 2914 3650 eventui
2968 3597 3091 3638 esse
3143 3579 3562 3639 ascribendum,

295 3661 472 3716 ἒιτῶν
500 3664 896 3734 ὑποκειμένων
933 3666 1092 3737 ἴσμεν
1122 3669 1210 3722 ἀεὶ
1238 3671 1671 3742 χορηγούμενον,
1708 3676 1769 3731 ἐν
1791 3671 1872 3740 οἷς

1978 3679 2121 3749 quod
2147 3677 2294 3750 Deus
2324 3677 2613 3730 materiam
2670 3676 2943 3731 invenerit
2974 3673 3012 3728 :'
3038 3687 3202 3744 quam
3255 3671 3364 3726 nisi
3402 3683 3565 3740 repe:

295 3751 388 3821 τήν
416 3751 546 3824 ὓλην
577 3755 878 3823 ωμΰαίνει
911 3759 1252 3814 συννοεϊσθαι
1285 3763 1400 3825 τοῖς
1427 3762 1621 3819 εἴδεσι.

1978 3771 2166 3834 risset,
2233 3769 2448 3838 epilicis
2499 3784 2702 3824 nomen
2754 3782 3036 3837 nunquam
3097 3765 3330 3834 adeptus
3393 3752 3561 3820 esset.

289 3861 496 3917 semper
521 3846 798 3904 dubitans
825 3849 960 3919 quid
1010 3850 1202 3917 faciat,
1231 3861 1288 3909 et
1317 3871 1425 3911 non
1455 3857 1647 3916 valens
1680 3875 1745 3915 ex
1809 3861 1897 3918 bis
1943 3879 2066 3934 quae
2128 3880 2237 3919 non
2291 3871 2442 3928 sunt,
2493 3863 2642 3917 entia
2699 3861 3064 3916 constituere.
3123 3856 3324 3912 Verum
3383 3852 3568 3924 impia

287 3935 411 3992 huic
449 3939 758 3994 assertioni
805 3940 885 3995 sic
919 3943 1338 4010 occurro:Qua
1407 3947 1625 4003 ratione
1687 3952 1942 4017 materia,
1983 3968 2150 4024 quam
2184 3968 2282 4009 vos
2327 3967 2358 4006 a
2391 3952 2502 4006 Deo
2550 3951 2812 4012 alienam,
2864 3963 2966 4004 nec
3001 3947 3072 4002 ab
3115 3947 3236 4016 ipso
3269 3941 3600 4000 excitatam'

283 4031 614 4096 autumatis,
650 4033 963 4102 Specierum
996 4033 1112 4090 sive
1163 4034 1434 4101 idearum,
1483 4053 1606 4108 quae
1637 4054 1704 4094 ex
1739 4041 1860 4110 ipso

1978 4043 2229 4106 acedunt,
2259 4043 2541 4112 particeps
2579 4042 2664 4096 vel
2690 4039 3079 4109 susceptibilis
3153 4035 3269 4090 fieri
3342 4030 3568 4104 potuit?

279 4122 411 4189 οιιε
438 4125 592 4178 enim
627 4123 886 4187 aliinitas,
909 4141 1099 4195 quaeve
1151 4129 1411 4196 cegnatio
1455 4131 1745 4200 speciebus
1805 4149 1928 4202 quae
1963 4151 2030 4190 ex
2067 4113 2178 4190 Deo
2214 4135 2510 4206 prodeunt,
2541 4149 2669 4188 cum
2715 4131 2952 4186 materia
2981 4129 3326 4185 intervenire
3353 4126 3568 4198 petitis-

278 4217 403 4270 set?
432 4215 732 4280 Quomodo
764 4215 931 4282 Deus,
961 4231 1088 4271 cum
1119 4229 1272 4273 creat
1301 4220 1518 4290 species
1579 4229 1635 4278 et
1671 4221 1900 4292 formas,
1959 4242 2081 4297 quae
2123 4229 2347 4298 quidem
2398 4227 2516 4296 ipsa
2601 4223 2835 4280 materia
2900 4230 3035 4277 sunt
3097 4219 3519 4292 prmstautiores
3546 4258 3565 4283 ,
3661 4220 3669 4228 ’

275 4307 600 4372 materiam,
637 4322 761 4375 qua:
791 4306 987 4362 formis
1037 4310 1202 4364 vilior
1237 4321 1292 4365 et
1315 4310 1562 4366 deterior
1592 4321 1700 4380 est,
1739 4330 1936 4385 parare
1977 4333 2085 4373 non
2117 4317 2438 4389 quivisset.’
2472 4316 2579 4371 Sed
2614 4315 2746 4386 quid
2788 4315 3100 4385 Specierum
3139 4327 3236 4366 seu
3264 4312 3568 4366 formarum

278 4401 804 4454 commemorationi
849 4401 1157 4469 immorer,
1201 4419 1328 4458 cum
1389 4406 1602 4476 liquido
1651 4417 1871 4466 constet
1946 4411 2114 4467 Deum
2180 4411 2552 4466 immortalem
2575 4409 2945 4470 substantias,
2975 4423 3098 4478 qua:
3132 4406 3252 4460 solo
3283 4404 3576 4459 intellectu.

278 4489 682 4559 νενεῑρίιιηιιιτ
733 4491 1166 4561 PlanisSiIneque
1207 4493 1584 4564 incorporeas,
1614 4513 1716 4553 nec
1757 4515 1864 4553 nou
1903 4503 2142 4555 animam
2177 4509 2423 4557 nostram
2453 4517 2521 4556 ex
2548 4500 2720 4554 nihilo
2751 4499 3022 4554 creasse?
3085 4496 3237 4564 Quas
3305 4497 3570 4550 substan-

274 4585 387 4637 tias
443 4583 492 4638 si
550 4582 884 4649 corporibus
917 4582 1283 4647 subtraxeris,
1340 4585 1488 4655 quod
1538 4587 1898 4658 relinquitur,
1976 4592 2112 4646 nihil
2147 4600 2252 4648 est.
2282 4591 2348 4646 Et
2378 4607 2512 4647 sane
2541 4591 2625 4646 vel
2654 4605 2802 4644 caeco
2836 4596 3090 4658 apparet,
3123 4586 3561 4656 magnitudinem

275 4677 488 4732 formis
547 4690 621 4731 ex
702 4675 932 4730 materia
984 4676 1236 4744 subjecta
1272 4691 1635 4734 accrescere:
1671 4682 1820 4736 unde
1859 4681 2077 4738 discere
2130 4693 2220 4741 est
2279 4699 2382 4740 nos
2439 4684 2729 4739 materiam
2779 4681 2940 4736 simul
2983 4694 3106 4734 cum
3189 4679 3366 4733 forma
3431 4693 3568 4733 con-

267 4769 538 4839 junctam
593 4781 813 4834 semper
877 4767 1210 4837 cogitatione
1259 4768 1549 4835 attingere.

343 4859 486 4921 Πῶς
512 4857 573 4912 δὲ
597 4858 695 4910 καὶ
728 4859 757 4910 ὁ
783 4857 987 4928 κόσμος
1011 4856 1088 4928 τῷ
1111 4858 1230 4928 Θεῷ
1256 4861 1560 4928 συναῒδιοςς
1592 4861 1744 4916 ἔσται
1769 4863 1873 4934 γὰρ

2055 4860 2328 4915 Caeterum
2353 4857 2557 4928 quibus
2591 4856 2930 4926 argumentis
2955 4854 3376 4910 continuabitur
3402 4869 3568 4910 muu-

271 4952 504 5020 ἁνᾶιγκῃ
528 4947 772 5018 φύσεως,
806 4947 867 5000 οὐ
898 4945 1183 5017 βουλήσει,
1216 4949 1279 5013 εδδ
1313 4945 1452 5004 εἶναι
1481 4951 1684 5022 λαχών.
1711 4954 1880 5007 Ποίαν

273 5043 336 5096 δὲ
385 5041 560 5114 χάριν
611 5038 942 5109 ὁμολογήσει
992 5039 1112 5110 Θεῷ
1167 5041 1238 5094 τὰ
1285 5041 1478 5096 τούτου
1543 5044 1883 5118 δημιουργή-

279 5150 463 5203 ματα,
525 5132 682 5201 παρά
725 5131 800 5201 μὴ
848 5130 1171 5201 βουλομένου
1217 5134 1486 5204 γενόμενα
1526 5135 1594 5190 δι’
1635 5137 1883 5210 ἀνάγκην

277 5225 384 5293 τῆς
422 5221 693 5292 φύσεωςς
745 5222 917 5291 Εἴπερ
974 5223 1281 5295 ἐπειδήπερ
1341 5226 1459 5279 ἐστὶ
1505 5227 1882 5299 δημιουργὸς,

279 5318 512 5377 πάντως
551 5313 770 5382 ὑπῆρχε
808 5313 872 5367 τδ
900 5312 1324 5386 δημιούργημα,
1356 5317 1432 5388 μὴ
1457 5319 1761 5389 δυναμένου
1788 5319 1882 5374 τοῦ

279 5404 428 5460 Θεοῦ
453 5405 558 5466 τὰς
585 5403 878 5474 ποιητικὰς
902 5406 1120 5476 ἐπέχειν
1143 5408 1344 5476 ὁρμάς.
1379 5409 1443 5461 Εἰ
1473 5409 1530 5463 δὲ
1558 5409 1731 5475 τοῦτο,
1767 5411 1884 5474 πῶς

282 5499 467 5553 ποιῶν
520 5497 829 5561 επαύσατο,
862 5499 957 5551 καὶ
1002 5499 1078 5569 μὴ
1123 5499 1474 5572 καθεκάστην
1511 5500 1752 5570 κόσμους
1789 5501 1885 5571 δην

287 5593 594 5663 μιουργεῖς
628 5589 756 5654 Πῶς
811 5590 868 5644 δὲ
939 5592 1040 5644 οὐκ
1105 5591 1260 5646 ἔσται
1323 5593 1761 5665 συμπληρωτικὰ
1819 5593 1887 5647 τὰ

284 5686 592 5756 ποιήματα
608 5682 710 5752 τῆς
741 5681 897 5748 θείας
923 5683 1135 5749 οὐσίας,
1155 5685 1212 5738 εἴ
1237 5701 1301 5752 γε
1336 5685 1541 5740 τούτων
1563 5687 1665 5740 οὐκ
1692 5686 1881 5750 ὄντων,

285 5775 391 5828 οὖν
441 5775 607 5828 ἔσται
657 5771 824 5842 φύσει
865 5773 1230 5846 δημιουργός;
1274 5773 1396 5840 Πῶς
1445 5776 1499 5830 δὲ
1550 5778 1610 5831 οὗ
1644 5777 1738 5831 τοῦ
1777 5780 1882 5848 Δγ,-

1988 4953 2042 5007 di
2093 4967 2219 5006 cum
2276 4949 2390 5006 Deo
2450 4947 3023 5004 coarternitas?N:uu
3081 4949 3127 5004 si
3178 4947 3415 5002 ruuudus
3459 4947 3568 5002 Deo

1987 5055 2075 5103 cst
2123 5059 2381 5106 coaevus,
2439 5051 2704 5112 sequetur
2760 5057 2865 5094 non
2918 5041 3203 5094 voluntate
3251 5031 3566 5104 Creatoris,

1991 5137 2086 5191 sed
2123 5138 2454 5190 necessitate
2498 5133 2764 5189 mundum
2803 5147 2926 5187 csse
2953 5139 3360 5203 constructum.
3391 5130 3568 5198 Quam

1992 5229 2160 5298 igitur
2215 5227 2446 5297 gratiam
2508 5223 2743 5278 Domino
2793 5224 3108 5292 pereeilvent
3167 5232 3470 5288 creaturae,
3523 5224 3586 5287 εἰ,

1993 5329 2190 5390 praeter
2248 5318 2589 5372 voluntatem
2655 5314 2976 5378 Creatoris,
3043 5328 3222 5381 eoque
3283 5315 3455 5368 invito
3514 5313 3572 5368 in

1991 5411 2202 5464 cntium
2253 5422 2544 5463 numerum
2602 5406 2788 5460 relatae
2842 5405 3034 5460 sunt?
3077 5403 3183 5461 Sed
3247 5407 3418 5460 multo
3472 5407 3574 5460 ab-

1991 5502 2216 5556 surdius
2272 5509 2358 5554 est
2422 5499 2568 5568 quod
2634 5505 2950 5568 proponunt
3003 5515 3016 5552 :
3080 5499 3137 5555 Si
3195 5497 3300 5554 fuit
3347 5499 3569 5569 opifex,

1993 5593 2366 5650 necessarium
2417 5592 2777 5660 consequiutn
2827 5599 2912 5646 est
2960 5599 3018 5645 ut
3062 5591 3228 5645 faciat
3275 5600 3324 5646 et
3387 5605 3524 5659 opus
3553 5630 3568 5655 ,

1991 5701 2114 5738 cum
2162 5685 2313 5738 nullo
2363 5683 2527 5736 modo
2581 5669 2848 5752 potuisset
2894 5683 3140 5737 inhibere
3192 5681 3411 5735 crcaudi
3468 5683 3571 5734 iut-

1995 5786 2179 5849 pctum
2241 5777 2324 5834 vel
2371 5777 2644 5832 ardorem.
2697 5775 2852 5842 Quod
2899 5775 2944 5831 si
2997 5792 3185 5830 verum
3231 5783 3350 5840 est,
3403 5789 3572 5843 quare
