4002 6422
489 344 557 411 3i
1786 348 2109 414 PROCOPI
2153 349 2400 414 GAZEI
3671 345 3747 413 32

491 475 523 514 a
588 461 831 519 creando
897 462 1151 534 quievit,
1215 467 1271 520 et
1339 476 1452 519 non
1524 461 1761 521 subinde
1824 463 2062 520 mundos

2169 462 2434 535 μιουργοῦ
2469 462 2854 537 πρεσϐυτέραν
2883 461 3102 537 ἀνάγκη
3137 463 3242 535 τὴν
3275 459 3411 535 ὓλην
3434 459 3602 530 νοεῖν,
3632 460 3745 517 επί-

489 552 725 609 statui‘t?
781 552 1059 613 Praeterea
1139 555 1273 612 hinc
1341 568 1714 628 consequetur
1780 567 2066 613 creaturas

470 655 615 707 ,esse
667 643 1053 713 supplementa
1106 644 1308 700 divinae
1365 645 1732 701 substantiae:
1789 645 2066 715 siquidem

489 729 579 786 his
634 747 746 788 non
798 734 1216 802 exsistentibus,
1256 749 1359 790 nec
1394 736 1670 791 naturalis
1720 739 1838 813 erit.
1858 735 2066 805 opifex.

487 823 573 878 Ad
623 824 739 881 hac
788 825 920 895 quid
986 825 1300 896 prohibebit
1346 826 1742 898 cogitationem
1768 826 2068 883 extendere

488 927 557 968 eo
608 930 804 985 usque,
860 924 921 969 ut
979 916 1404 987 pronuntiemus
1464 918 1776 982 materiam,
1828 932 1895 973 ex
1957 933 2068 990 qua

490 1006 727 1061 mundus
773 1012 1095 1075 compactus
1147 1014 1234 1062 est
1285 1005 1398 1062 Deo
1435 1016 1768 1072 coaeternus,
1827 1023 2067 1078 praeces-

487 1095 633 1150 sisse
662 1103 718 1149 et
747 1096 1268 1165 antiquioremfesse
1298 1096 1543 1166 Opifice?
1576 1097 1720 1153 Proh
1747 1099 2070 1155 absurdita-

486 1184 620 1238 teml
662 1184 897 1254 insuper
941 1200 1067 1239 eum
1118 1185 1581 1243 manifestissime
1632 1194 1819 1257 pateat
1850 1189 2070 1259 simpli-

485 1273 574 1330 cia
631 1275 938 1331 vetustiora
983 1290 1110 1333 esse
1178 1278 1527 1348 compositis,
1586 1278 1947 1333 concludetur
2001 1295 2069 1336 ex

484 1364 654 1420 modo
706 1368 1165 1423 commemoratis
1192 1368 1528 1435 ratiociniis,
1568 1367 1738 1424 Deum
1771 1369 2072 1440 simplicis-

485 1454 680 1508 simam
709 1455 859 1510 illam
884 1456 1275 1524 substantiam,
1324 1457 1574 1529 ejusdem
1632 1466 1716 1529 (ut
1753 1459 1829 1515 ita
1861 1460 2069 1531 dicam)

483 1545 668 1601 aetatis
702 1561 828 1602 cum
864 1548 1094 1615 mundo,
1140 1550 1234 1620 qui
1269 1550 1522 1620 partibus
1570 1556 1790 1606 constat
1831 1557 1889 1606 et
1920 1566 2075 1606 com-

484 1634 700 1706 positus
749 1638 1019 1704 cernitur,
1059 1640 1329 1697 exsistere
1379 1659 1393 1695 :
1451 1640 1643 1712 idque'
1672 1651 1854 1697 mente
1907 1657 2072 1712 posse

483 1727 714 1798 percipi,
741 1743 866 1784 cum
908 1728 1078 1787 Deum
1108 1733 1427 1804 compositis
1457 1740 1789 1789 coaeternum
1821 1748 2072 1804 pronun-

2170 572 2319 609 νοιαν
2377 556 2825 628 προταττομὲνην
2863 555 2960 611 τοῦ
3012 555 3226 627 κόσμου
3280 554 3341 621 ἐξ
3380 548 3451 627 ἧς
3478 555 3509 607 6
3547 552 3751 625 κόσμος

2168 645 2390 714 ἐγένετο
2422 646 2502 718 τῷ
2538 646 2661 718 Θεῷ
2691 648 3002 715 ωναῖδιοςς
3037 646 3163 711 Πῶς
3191 645 3251 701 δὲ
3281 649 3329 700 εί
3359 646 3431 701 τά
3460 646 3608 705 ἁπλᾶ
3643 645 3752 700 τῶν

2172 736 2445 791 συνθέτων
2481 738 2860 811 πρεσϐύτερα,
2895 739 3015 809 ἄμα
3067 738 3127 793 δὲ
3180 738 3338 804 Θεὸς,
3369 737 3488 809 ἃμα
3546 736 3750 809 κόσμος

2172 825 2428 890 σύνθετος
2457 826 2556 892 ῧτν,
2591 830 2655 884 ού
2701 829 2797 883 κα)⁸
2828 829 2930 883 τοῦ
2975 828 3113 883 Θεοῦ
3150 826 3328 882 ταῦτα
3367 828 3589 889 πάντως
3632 826 3753 880 ἑπι-

2170 916 2291 989 νοία
2320 919 2673 990 πρεσϐύτερα
2696 915 2795 973 τοῦ
2837 921 2956 984 τοῖς
2996 918 3276 982 συνθέτοις
3305 916 3576 971 συναϊδίου
3620 932 3751 985 τυγ-

2170 1006 2463 1078 χάνοντοςς
2497 1008 2623 1082 ῌῶς
2649 1007 2709 1062 δὲ
2734 1007 2832 1062 τοῦ
2873 1008 3085 1081 κόσμου
3124 1009 3194 1062 τά
3223 1008 3340 1078 εῐδη
3370 1006 3750 1077 συνεμετρήθη

2169 1099 2239 1168 τῇ
2274 1096 2414 1169 Din;
2444 1098 2478 1170 ἢ
2510 1098 2621 1170 γὰρ
2650 1102 2792 1154 κατά
2817 1098 2991 1169 τύχην
3014 1098 3289 1170 τοσαύτην
3310 1091 3438 1168 εὗρε
3459 1096 3592 1158 Θεὸς
3620 1095 3752 1163 ὓλην

2170 1184 2306 1256 ὅσην
2337 1185 2575 1255 ἠδύνατο
2599 1189 2976 1258 κοσμοποιεῖν,
3012 1188 3109 1243 καὶ
3149 1186 3587 1259 συνεπερατοῦτο
3621 1186 3753 1238 ταύ-

2169 1292 2240 1350 τῃ
2270 1275 2367 1331 τοῦ
2395 1278 2860 1349 δημιουργοῦντος
2887 1281 2922 1350 ἡ
2950 1279 3202 1348 δύναμις,
3224 1279 3365 1350 ὅπερ
3393 1278 3581 1331 ἀϊδίων
3602 1278 3754 1332 ἀλλό-

2171 1382 2324 1435 τριον
2344 1381 2360 1396 ⁵
2392 1366 2426 1437 ἦ
2458 1367 2687 1421 πλείονα
2717 1367 2929 1437 ταύτην
2961 1366 3065 1437 τῆς
3105 1368 3245 1431 ίδίας
3278 1358 3406 1437 εὗρε
3442 1367 3749 1436 δυνάμεως,

2171 1459 2268 1513 καὶ
2307 1458 2409 1529 τὴν
2439 1459 2535 1513 τοῦ
2566 1458 2705 1513 Θεοῦ
2738 1459 2973 1530 δύναμιν
3011 1459 3115 1529 τῆς
3160 1458 3295 1530 ὕλης
3322 1458 3384 1511 τὸ
3422 1457 3629 1528 πλῆθος
3666 1474 3754 1511 νε-

2173 1546 2420 1616 νίκηκεν,
2453 1547 2508 1601 εί
2532 1564 2596 1614 γε
2630 1546 2836 1617 πλῆθος
2860 1548 3141 1616 προσῆκεν
3179 1547 3357 1600 εἰπεῖν
3395 1547 3499 1600 ἐπὶ
3528 1549 3629 1618 τῆς
3662 1547 3754 1601 νό-

2174 1638 2252 1709 θῳ
2274 1638 2490 1710 ληπτῆς
2511 1638 2781 1710 λογισμῷ,
2810 1638 2958 1693 καθά
2986 1655 3152 1708 φασιν
3184 1638 3236 1692 οἱ
3272 1638 3448 1708 σοφοί.
3484 1638 3595 1691 Καὶ
3642 1637 3753 1692 λοι-

2173 1729 2276 1785 πὸν
2305 1728 2366 1794 ἐξ
2393 1731 2643 1800 ἀνάγκης
2668 1729 2728 1784 τὸ
2763 1730 2861 1800 μιν
2891 1729 3329 1800 ἐδημιούργησεν
3370 1729 3542 1798 αὐτῆς
3570 1731 3598 1782 6
3620 1729 3754 1795 Θεὸς

483 1819 628 1873 tiare
672 1834 784 1875 non
844 1824 1200 1879 erubescant.
1263 1822 1554 1890 Quomodo
1609 1825 1800 1879 mundi
1853 1826 2068 1895 species

2169 1820 2308 1891 πρὸς
2357 1820 2459 1891 τὴν
2504 1821 2736 1891 δύναμιν
2775 1817 2925 1892 εῖχεν
2969 1820 3309 1892 ἀρκέσασαν.
3342 1820 3418 1873 T6
3445 1820 3503 1873 δὲ
3539 1820 3758 1889 ἀφῆκεν

483 1910 1023 1968 commensurabilcs
1055 1911 1211 1969 fuere
1241 1913 1526 1970 materiae?
1557 1912 1669 1968 Aut
1689 1914 1863 1989 enim,“
1886 1916 2068 1982 aiunt,

2169 1911 2615 1983 ἀδημιούργητον
2662 1912 2872 1985 ἀπορίᾳ
2910 1912 3217 1984 δυνάμεως.
3244 1912 3317 1965 Ἦ
3345 1910 3553 1981 ταύτην
3579 1907 3758 1976 εὑρὼν

484 2013 555 2054 cx
588 2014 856 2071 prospero
910 2002 1148 2060 fortunae
1206 2019 1475 2060 successu
1536 2005 1747 2061 invenit
1806 2006 2068 2062 Conditor

2169 2003 2402 2071 ἐλάττω,
2435 2004 2496 2057 τὸ
2527 2004 2827 2070 πλεονάζον
2853 2006 2953 2075 τῆς
2990 2003 3193 2058 ἑαυτοῦ
3231 2008 3246 2061 i
3285 2003 3571 2073 δυνάμεως
3606 2001 3759 2055 ἄκων

483 2089 771 2143 materiam
824 2097 1056 2156 tantam,
1102 2100 1313 2163 quanta
1362 2094 1638 2150 sufﬁceret
1687 2094 1756 2150 ad
1811 2105 2068 2151 constru.

2171 2095 2396 2166 ἐπέσχε,
2436 2095 2574 2166 πρὸς
2615 2094 2717 2166 τὴν
2746 2094 2943 2166 λοιπὴν
2978 2094 3344 2166 δημιουργίαν
3383 2093 3550 2165 μηδὲν
3581 2090 3760 2162 εὑρὼν

483 2179 721 2234 ctionem
767 2183 1097 2252 amplissimi
1144 2184 1305 2255 hujus
1356 2184 1577 2254 operis:
1617 2193 1673 2241 et
1722 2186 1782 2240 in
1825 2185 1953 2250 hac,
2008 2192 2068 2241 ut

2172 2186 2552 2257 ὑποκείμενον.
2583 2184 2648 2241 Ei
2680 2187 2741 2241 δὲ
2772 2187 2938 2259 μέρος
2967 2187 3168 2256 ἐπέσχε
3203 2186 3304 2255 τῆς
3333 2185 3636 2254 δυνάμεως.
3661 2183 3759 2237 καὶ

481 2268 726 2333 infirma,
785 2273 1052 2328 conclusa
1098 2282 1153 2330 et
1186 2275 1484 2330 terminata
1522 2284 1610 2332 est
1638 2277 1864 2347 Opincis
1889 2277 2067 2334 virtus

2174 2276 2238 2331 τὸ
2259 2278 2370 2331 πᾶν
2395 2277 2616 2349 ἐπέχειν
2641 2277 2876 2349 ἠδύνατο
2902 2280 3002 2333 καὶ
3029 2277 3103 2349 μὴ
3131 2276 3410 2333 συναίδιον
3442 2275 3761 2346 ὑποστῆσαι

484 2375 580 2416 seu
616 2364 882 2432 potentia.
916 2352 1125 2420 Verum
1155 2365 1258 2420 hoc
1302 2366 1370 2420 ab
1400 2367 1625 2422 aeternis
1658 2375 1745 2423 est
1781 2367 2068 2423 alienissi-

2171 2369 2266 2423 τὸν
2292 2368 2526 2440 κόσμον.
3216 2378 3221 2383 ⁷
3526 2374 3537 2383 “

482 2466 658 2521 mum,
693 2471 873 2526 neque
923 2457 991 2513 de
1036 2457 1172 2527 ipsis
1214 2458 1653 2527 praedicandum.
1708 2459 1818 2515 Aut
1880 2458 2000 2529 (sic
2055 2468 2295 2533 pergunt
2343 2461 2775 2536 ratiocinando)
2850 2461 3143 2518 materiam
3198 2459 3407 2531 reperit
3459 2457 3759 2527 majorem,

480 2562 649 2617 quam
705 2559 765 2603 ut
805 2565 920 2605 suae
974 2554 1237 2621 potentia:
1283 2553 1672 2623 responderet,
1725 2559 1782 2608 et
1832 2553 1915 2608 sic
1969 2542 2067 2609 Dei
2143 2555 2446 2625 potentiam
2498 2556 2684 2612 obruit
2730 2562 2787 2612 et
2833 2556 2969 2611 vicit
3022 2555 3265 2610 materia:
3333 2552 3653 2615 multitudo,
3708 2553 3762 2609 si

482 2638 893 2696 multitudinem
946 2640 1136 2696 dicere
1179 2641 1338 2698 decet
1399 2642 1469 2698 de
1529 2643 1763 2699 materia
1836 2658 1961 2713 quae
2025 2643 2340 2701 adulterina
2420 2646 2852 2702 ratiocinatione
2902 2651 2998 2716 (ut
3043 2644 3336 2715 perhibent
3402 2641 3755 2713 philosophi)

480 2733 721 2803 capitur.
766 2732 1111 2792 Necessitate
1141 2736 1329 2809 itaque
1375 2738 1644 2795 subactus
1683 2744 1897 2809 partem
1937 2736 2057 2806 ejus
2096 2740 2341 2795 materiae
2374 2740 2429 2795 in
2461 2740 2747 2812 opificium
2812 2738 3025 2802 eduxit,
3052 2744 3328 2808 quatenus
3387 2734 3755 2790 sufﬁcientem

479 2827 754 2882 condendi
791 2829 985 2885 habuit
1012 2833 1339 2901 potentiam.
1385 2833 1630 2888 Alteram
1698 2841 1916 2903 partem
1988 2831 2179 2888 omisit
2230 2835 2492 2905 potentiae
2549 2836 2738 2906 inopia
2789 2849 2889 2891 seu
2945 2832 3188 2889 defectu.
3258 2829 3358 2886 Vel
3407 2837 3605 2885 nactus
3672 2837 3758 2886 est

483 2921 772 2976 materiam
804 2920 1021 2993 Opifex,
1052 2932 1109 2980 at
1140 2927 1407 2982 minorem
1446 2942 1611 2998 quam
1652 2942 1769 2984 sua:
1834 2927 2096 2998 potentias
2170 2939 2526 3000 congrueret.
2565 2930 2805 2985 Proinde
2870 2929 3081 2985 invitus
3152 2925 3424 2997 repressit
3481 2924 3632 2994 quod
3688 2924 3758 2981 de

484 3026 587 3065 sua
616 3013 1203 3093 potentiasupererat,
1236 3016 1442 3071 nullam
1525 3031 1654 3072 cum
1712 3017 1925 3074 videret
1989 3021 2277 3076 materiam
2304 3022 2579 3093 adjectam
2609 3021 2871 3093 amplius,
2919 3020 2974 3074 in
3022 3035 3128 3087 qna
3180 3021 3480 3078 creationis
3523 3022 3753 3092 reliquae

483 3103 765 3173 negotium
801 3092 1120 3162 conficeret.
1154 3107 1431 3164 Praeclara
1461 3107 1715 3180 profecto
1748 3113 2180 3181 argumentatio.
2231 3112 2290 3169 Si
2323 3092 2466 3186 parti
2527 3128 2642 3169 sure
2704 3092 2974 3183 potentia:
3021 3111 3207 3167 frenos
3282 3113 3514 3183 injicere
3577 3113 3760 3185 potuit

482 3190 774 3257 Conditor,
835 3211 946 3251 non
992 3197 1270 3267 quivisset
1325 3206 1495 3253 totam
1546 3214 1704 3256 suam
1753 3200 2065 3272 reprimere
2103 3205 2406 3274 potentiam
2439 3211 2539 3261 :et
2569 3204 2652 3261 sic
2676 3212 2870 3275 aperto
2907 3201 3164 3272 exemplo
3241 3202 3536 3259 ostendere
3595 3220 3759 3259 mun-

485 3279 614 3337 dum
647 3286 967 3354 neutiquam
995 3287 1104 3343 sibi
1134 3289 1515 3345 coaeternum?

559 3396 665 3453 Sed
697 3398 838 3452 hanc
867 3399 934 3454 de
966 3405 1175 3456 mundo
1211 3403 1523 3460 orationem
1576 3413 1932 3477 repetamus:
1962 3407 2068 3463 Aul

2248 3401 2352 3456 Τὸν
2392 3397 2635 3469 αὑτὸνδὲ
2665 3397 2826 3466 λόγον
2856 3395 2950 3450 ἐπὶ
2973 3395 3069 3449 τοῦ
3107 3395 3317 3467 κόσμου
3349 3397 3513 3451 πάλιν
3546 3399 3762 3468 σκοπὴ-

484 3487 630 3541 enim
668 3485 815 3543 Deus
845 3489 1054 3546 invenit
1077 3495 1391 3560 materiam,
1424 3511 1553 3552 eum
1580 3498 1885 3554 creationis
1906 3514 2069 3570 nego-

485 3579 624 3631 tium
648 3589 986 3650 capesseret,
1017 3584 1314 3642 mundana:
1353 3587 1724 3657 magnitudini
1758 3604 1946 3659 parem
1973 3601 2068 3645 aut

398 3685 405 3689 ·
485 3666 773 3737 imparem.
808 3669 862 3725 Si
885 3681 1008 3728 erat
1033 3672 1230 3745 impar,
1250 3686 1346 3731 aut
1368 3679 1547 3747 major
1569 3681 1653 3735 vel
1670 3682 1853 3737 minor
1874 3682 2069 3751 depre-

482 3758 852 3816 hendebatur.
882 3763 941 3818 Si
967 3764 1239 3822 minorem
1259 3768 1449 3823 mundi
1479 3769 1720 3826 aedilicio
1747 3786 1883 3827 eam,
1902 3781 2070 3828 mate-

484 3852 623 3905 riam
637 3852 870 3919 dixeris,
891 3854 1038 3911 unde
1063 3857 1299 3927 reliqua,
1317 3866 1439 3929 Quae
1460 3862 1809 3931 pertinebant
1827 3865 1892 3919 ad
1915 3879 2070 3919 mun-

481 3941 537 3997 di
558 3941 976 4013 perfectionem,
1005 3961 1163 4002 suam
1209 3950 1509 4005 essentiam
1554 3951 1833 4009 hausere?
1863 3953 1919 4008 Si
1950 3968 2067 4009 ma-

478 4031 682 4102 jorem,
709 4048 840 4103 ergo
857 4035 1013 4105 quod
1036 4037 1304 4101 restabat,
1333 4040 1537 4094 mansit
1561 4039 1820 4097 informis
1844 4050 1901 4097 et
1922 4042 2069 4098 indi-

484 4131 638 4193 gesta
666 4126 868 4191 moles,
896 4126 1131 4182 alterum
1161 4130 1320 4199 quasi
1348 4140 1681 4200 exspectans
1701 4134 1976 4203 opitlcem.
2009 4133 2066 4188 Si

484 4228 616 4270 vero
637 4215 837 4270 obtulit
869 4232 929 4272 se
964 4220 1198 4274 materia
1231 4221 1421 4276 mundi
1448 4222 1673 4292 opilicio
1712 4239 2068 4281 commensu-

484 4305 703 4371 rabilis,
754 4317 904 4364 certe
956 4309 1074 4366 fors
1108 4313 1194 4366 vel
1224 4313 1442 4368 fortuna
1480 4310 1733 4383 quaedam
1761 4318 2063 4373 antecessit

485 4396 539 4466 5
568 4396 735 4452 Deum
766 4406 822 4453 et
862 4402 1147 4457 materiam
1182 4405 1515 4474 praeparavit
1549 4405 1836 4461 Conditori
1868 4408 1936 4461 ad
1977 4407 2065 4463 fu-

484 4494 671 4543 turum
701 4492 989 4560 mundum,
1019 4505 1073 4549 et
1094 4495 1408 4553 Conditoris
1438 4499 1701 4568 potentiae
1734 4506 2068 4571 attempera-

484 4577 584 4632 vit.
620 4578 765 4645 Quid
816 4580 988 4653 igitur
1034 4583 1296 4651 obstabit,
1353 4587 1650 4656 quominus
1714 4588 1945 4644 materia
1996 4591 2068 4646 sit

487 4669 665 4736 finita,
696 4686 825 4727 cum
853 4690 973 4729 eam
994 4675 1203 4731 mundo
1220 4677 1553 4747 (secundum
1575 4680 1889 4750 opinionem
1910 4680 2065 4738 Grae-

2172 3507 2391 3562 σωμεν’
2428 3488 2460 3559 ἢ
2500 3488 2609 3559 γάρ
2654 3486 2972 3557 σύμμετρον
3030 3480 3158 3557 εὗρε
3217 3487 3317 3553 τὴν
3362 3486 3496 3557 ὓλην
3540 3490 3618 3558 τῷ
3664 3488 3761 3543 τοῦ

2170 3584 2378 3654 κόσμου
2409 3580 2758 3653 μεγέθει,ὃτε
2784 3574 2981 3633 ’τοῦτον
3012 3577 3444 3643 κατασκευάζειν
3474 3578 3761 3649 ἠϐούλετο,

2169 3677 2202 3746 ἢ
2236 3675 2404 3729 πλείω
2428 3673 2531 3743 τῆς
2564 3672 2778 3744 χρείας,
2806 3672 2840 3743 ἢ
2877 3670 3040 3725 πάλιν
3093 3670 3354 3724 ἐλάττονα
3376 3687 3390 3704 σ
3424 3671 3520 3724 καὶ
3569 3672 3618 3724 εἰ
3660 3671 3761 3743 μὲν

2168 3768 2397 3830 ἐλάττω,
2424 3765 2590 3820 πόθεν
2621 3764 2811 3818 λοιπὸν
2837 3763 3061 3833 ἐγένετο
3090 3779 3105 3830 ;
3143 3763 3207 3815 Εἰ
3235 3762 3293 3815 δὲ
3332 3761 3536 3830 πλείω,
3572 3762 3761 3833 ἔμεινε

2168 3859 2229 3912 τὸ
2264 3858 2568 3911 πλεονάσαν
2632 3856 2948 3924 ἀκόσμητον
3001 3853 3192 3924 ὥσπερ
3253 3852 3442 3923 ἕτερον
3484 3854 3763 3924 ἀναμένον

2168 3945 2524 4017 δημιουργόν.
2583 3944 2647 3998 El
2698 3944 2757 3998 δὲ
2796 3943 3134 4015 σύμμετρον,
3174 3942 3404 4014 τύχησις
3474 3944 3582 4016 πρὸ
3614 3945 3758 3998 Θεοῦ

2166 4038 2227 4092 τὸ
2280 4037 2482 4108 μέτρον
2541 4035 2691 4106 αὐτῷ
2755 4035 2849 4087 καὶ
2932 4036 3072 4106 πρὸς
3154 4034 3348 4106 χρείαν
3398 4032 3492 4088 τοῦ
3548 4035 3762 4106 κόσμου

2169 4128 2448 4199 καὶπρὸς
2510 4127 2612 4198 τὴν
2671 4127 2810 4181 ἰδίαν
2883 4126 3272 4198 παρεσκεύασε
3333 4125 3587 4197 δύναμιν.
3633 4126 3765 4191 Πῶς

2166 4220 2226 4274 δὲ
2278 4219 2340 4272 ού
2425 4219 2602 4289 πέρας
2670 4218 2891 4285 ἐδέξατο
2972 4215 3425 4289 συμμετρηθεὶᾟα
3484 4216 3562 4287 τῷ
3633 4216 3765 4271 κόσ-

2173 4325 2298 4380 μῳ;
2357 4309 2495 4379 ὅπερ
2550 4304 2721 4377 αὐτῆς
2776 4306 3056 4378 ἀλλότριον
3087 4343 3103 4370 ,
3161 4304 3322 4377 εἴπερ
3384 4304 3535 4360 ἐστὶν
3589 4305 3764 4370 ἀΐδιος

2170 4401 2265 4455 καὶ
2316 4399 2656 4469 ἀσώματος·
2716 4397 2843 4462 Πῶς
2889 4398 2948 4452 δὲ
3008 4397 3235 4467 γέγονεν
3283 4399 3313 4452 6
3361 4396 3569 4468 κόσμος
3600 4398 3767 4469 εἴπερ

2168 4492 2287 4546 ἐστὶ
2350 4491 2657 4556 συναῖδιοςς
2700 4491 2774 4544 Τὸ
2825 4489 2936 4559 γὰρ
2984 4490 3216 4561 ἄχρονον
3286 4489 3569 4555 άκτιστον,
3594 4489 3658 4543 τὸ
3706 4489 3765 4543 δὲ

2168 4583 2422 4637 ἀκτιστον
2451 4583 2692 4652 ἄναρχον
2714 4595 2728 4609 °
2766 4581 2902 4644 Θεὸς
2940 4581 2999 4634 δὲ
3037 4580 3200 4652 μόνος
3229 4581 3291 4635 τὸ
3320 4581 3560 4652 ἄναρχον
3585 4620 3600 4645 ,
3631 4580 3764 4635 καθ’

2170 4676 2200 4729 ὃ
2226 4691 2279 4727 τι
2306 4673 2350 4727 δ’
2375 4674 2442 4743 ἂν
2470 4673 2641 4744 λάϐῃς
2671 4672 3079 4743 σημαινόμενον
3104 4672 3205 4746 τὴν
3236 4672 3435 4744 ἀρχὴν,
3467 4672 3585 4726 εἴτε
3634 4671 3763 4725 κατ’

484 4764 704 4833 eorum)
735 4767 1288 4824 commensurabilem
1309 4769 1508 4824 factam
1527 4771 2068 4829 animadvertamus?

2170 4768 2369 4835 αἰτίαν,
2405 4768 2515 4821 εἴτε
2539 4768 2683 4821 κατὰ
2714 4766 2908 4837 χρόνον
2939 4782 2953 4797 ο
2980 4761 3019 4818 ἃ.
3049 4764 3114 4838 δὴ
3144 4766 3292 4837 μόνῳ
3313 4764 3391 4835 τῷ
3429 4764 3586 4834 ἀϊδίῳ
3620 4781 3766 4834 συμ-

488 4847 687 4907 Verum
715 4855 762 4910 si
791 4864 938 4911 esset
951 4865 1153 4913 aeterna
1177 4869 1231 4914 et
1253 4861 1599 4933 incorporea,
1637 4863 1958 4933 planissime
1978 4880 2067 4919 re-

484 4943 723 5014 spiceret
772 4947 1091 5016 praedictam
1141 4949 1509 5020 affectionem,
1566 4955 1798 5021 scilicet,
1843 4964 1904 5011 nt
1959 4956 2066 5012 ﬁne

487 5037 676 5105 aliquo
713 5039 1070 5097 limitaretur.
1103 5044 1176 5098 At
1196 5044 1329 5098 mihi
1390 5047 1678 5117 explanari
1719 5048 1885 5119 cupio
1923 5064 2066 5120 quo-

485 5130 649 5185 modo
678 5132 935 5190 conditus
965 5134 1039 5189 sit
1092 5136 1354 5203 mundus,
1402 5137 1447 5193 si
1480 5137 1727 5193 eamdem
1779 5153 1903 5194 cum
1956 5140 2067 5196 Deo

484 5220 733 5292 possidet
782 5225 1191 5281 aeternitatem?
1244 5225 1373 5282 Mihi
1424 5227 1500 5283 ita
1545 5228 1791 5293 videtur,
1847 5241 1901 5285 et
1948 5230 2065 5286 haec

485 5312 762 5368 sententia
795 5316 980 5371 animo
1028 5319 1205 5391 surgit
1251 5335 1414 5376 meo:
1457 5319 1614 5388 Quod
1665 5323 1874 5392 absque
1929 5329 2070 5377 tem-

488 5417 621 5473 pore
650 5413 736 5461 est
764 5406 850 5462 Vel
891 5415 1136 5478 tempore
1175 5423 1346 5480 caret,
1378 5428 1555 5486 neque
1605 5412 1860 5470 conditur
1890 5428 2070 5484 neque

2169 4859 2422 4929 ϐέϐηκεν.
2461 4858 2587 4921 Πῶς
2636 4857 2694 4912 δὲ
2751 4858 2814 4911 ού
2870 4858 3056 4928 πατὴρ
3102 4858 3326 4929 μᾶλλον,
3353 4856 3386 4927 ἢ
3415 4855 3510 4910 τοῦ
3545 4856 3760 4927 κόσμου

2165 4948 2498 5020 δημιουργὸς
2526 4951 2555 5002 6
2585 4948 2755 5014 826;;
2789 4947 2997 5017 γεννῶν
3028 4949 3198 5002 αὐτὸν
3223 4949 3302 5013 ὡς
3321 4948 3476 5019 ἥλιος
3512 4947 3612 5018 τὴν
3654 4948 3761 5000 αύ-

2167 5042 2292 5112 γὴν,
2328 5043 2443 5097 ἀλλ’
2472 5043 2572 5113 οὐχ
2618 5040 2695 5105 ὡς
2743 5040 2904 5095 πόλιν
2953 5041 3208 5112 οἰκιστὴς
3266 5038 3659 5112 ἐργαζόμενος.
3694 5039 3762 5093 Εἰ

2168 5134 2278 5206 γὰρ
2313 5136 2408 5189 καὶ
2443 5134 2522 5206 τῷ
2548 5133 2668 5205 Θεῷ
2700 5133 2932 5189 δυνατὸν
2974 5134 3064 5188 ἀεὶ
3100 5135 3298 5198 ποιεῖν,
3329 5132 3447 5187 ἀλλ’
3481 5133 3584 5186 οὐκ
3621 5132 3762 5203 ἡδύ-

2169 5226 2297 5280 νατό
2343 5245 2395 5280 τι
2433 5226 2695 5296 γεννητὸν
2744 5226 2834 5280 ἀεὶ
2862 5223 3005 5280 εἶναι
3044 5226 3141 5280 καὶ
3176 5223 3763 5305 συμπαρεκτείνεσθαι

2176 5322 2242 5390 τῇ
2276 5319 2374 5372 τοῦ
2398 5317 2679 5384 ποιοῦντος
2704 5316 2999 5391 ἀῖδιότητι.
3032 5316 3254 5382 Ἄλλως
3277 5334 3338 5371 τε
3365 5315 3460 5371 καὶ
3488 5317 3519 5368 6
3544 5314 3722 5368 εἰπὼν
3743 5353 3761 5377 ,

2176 5411 2540 5484 δημιουργὸν,
2570 5412 2669 5485 οὐχ
2734 5411 2853 5484 ἃμα
2898 5407 3206 5476 συνεισάξει
3252 5405 3638 5483 δημιουργίαν.
3679 5406 3758 5461 οὗ

1823 5606 2055 5665 VARUS
2090 5605 2498 5665 LECTIONES.

558 5738 573 5793 ί
605 5741 737 5797 Cod.
778 5744 880 5798 ὑπὸ
900 5744 1019 5817 τήν.
