4002 6408
260 424 332 489 33
1390 419 1807 480 COMMENTA
1817 419 1933 479 RII
1973 418 2058 479 IN
2088 418 2454 480 GENESIM.
3491 426 3563 490 34

261 537 373 606 γάρ
425 532 513 603 τῷ
546 532 828 603 οἰκοδόμῳ
871 530 1220 602 συνυπάρχει
1257 528 1318 582 τὸ
1351 528 1717 600 οἰκοδόμημα,
1742 528 1854 582 οὐδέ

1972 528 2254 582 conditum
2290 536 2394 583 est.
2432 527 2488 581 Ei
2538 528 2684 598 quod
2728 544 2837 584 non
2883 531 3163 586 conditum
3199 541 3303 594 est.
3347 534 3556 590 nullum

258 625 338 696 τῷ
367 623 654 696 ναυπηγῷ
687 626 751 677 rb
780 625 1016 694 σκάφος.
1064 622 1129 674 Ἦ
1161 620 1264 691 μὲν
1287 620 1400 690 γὰρ
1428 619 1765 691 δημιουργία
1803 622 1861 673 ὲν

259 717 335 789 τῷ
385 715 755 787 δημιουργιῖν
797 716 861 769 τὸ
910 715 969 769 δὲ
1015 711 1413 783 δημιούργημα
1453 709 1595 781 μετὰ
1635 710 1727 762 τὸν
1775 708 1864 779 δη-

262 805 557 877 μιουργόν.
588 805 655 857 Εἰ
680 806 803 874 ἅμα
837 804 1047 874 κόσμος
1073 802 1169 855 καὶ
1203 801 1358 854 οὐδὲν
1388 800 1605 865 καινὸν,
1631 798 1750 870 ἅμα
1783 800 1862 870 τῷ

258 897 455 967 κόσμῳ
482 895 669 949 κακία
692 911 708 925 ’
732 897 783 949 εί
805 894 867 947 δὲ
890 892 1074 957 τοῦτο,
1100 894 1221 963 ἅμα
1244 891 1367 962 Θεῷ
1400 894 1434 962 ἡ
1460 893 1630 946 κακία
1654 907 1668 922 ο
1702 893 1798 946 καὶ
1825 891 1858 962 ἢ

256 990 497 1058 ἄναρχος
571 986 722 1048 αὕτη
774 983 1154 1054 παντελῶς,ἢ
1215 984 1274 1053 ἐξ
1335 983 1524 1037 αὐτοῦ.
1553 984 1756 1053 Ἀμφω
1802 984 1860 1036 δὲ

256 1082 459 1136 ἄτοπα.
514 1081 585 1132 Ei
634 1079 756 1149 ἅμα
805 1078 939 1141 Θεὸς
980 1078 1097 1147 ἅμα
1140 1076 1367 1148 κόσμος,
1418 1075 1538 1146 ἅμα
1577 1075 1712 1139 Θεὸς
1765 1076 1861 1128 καὶ

254 1173 510 1242 δαίμονες
569 1171 827 1241 πονηροί.
860 1170 973 1225 Καὶ
1022 1171 1072 1223 εί
1140 1168 1244 1239 μὲν
1298 1167 1565 1237 οὐσιώδης
1624 1167 1860 1239 αὐτῶνή

256 1265 468 1330 κακία,
510 1264 724 1328 πόθεν;
767 1264 833 1317 οὐ
886 1262 999 1333 γάρ
1038 1260 1263 1332 ἀρχαία.
1304 1261 1367 1313 Εἰ
1426 1259 1484 1313 δὲ
1539 1259 1857 1329 ἐπίκτητος,

253 1354 336 1407 δεῖ
360 1354 763 1426 προϋπάρχειν
812 1353 913 1422 τῆς
957 1351 1156 1412 κακίας
1184 1351 1313 1410 τοὺς
1345 1348 1565 1417 ἐκείνης
1598 1347 1857 1419 μετέχον-

255 1464 353 1511 τας
374 1462 391 1475 ·
449 1446 644 1499 καίτοι
672 1445 792 1515 ἅμα
812 1444 1021 1513 κόσμος
1052 1445 1170 1513 ἅμα
1202 1441 1372 1496 κακία
1403 1440 1702 1512 προείρητο
1734 1438 1858 1493 κατ’

254 1537 477 1600 αὐτούς.
511 1537 584 1590 ΕΞ
636 1538 757 1607 ἅμα
808 1535 942 1596 Θεὸς
985 1534 1103 1605 ἅμα
1142 1534 1348 1603 κόσμος
1370 1574 1384 1598 ,
1415 1531 1537 1603 ἅμα
1564 1530 1713 1585 ἁπλᾶ
1741 1529 1859 1600 ἅμα

257 1629 491 1683 σύνθετα
518 1645 534 1658 ·
572 1630 671 1681 καὶ
711 1626 833 1691 πῶς
872 1626 934 1690 ἐξ
975 1625 1204 1679 ἐκείνων
1238 1624 1451 1689 ταῦτα,
1483 1623 1601 1692 ἆμα
1653 1622 1722 1675 τὰ
1767 1622 1860 1675 δυ-

194 1775 201 1779 .
252 1723 412 1792 νάμει
452 1720 584 1791 ἀμα
636 1720 710 1774 τά
754 1718 1029 1789 ἐνεργείᾳ,
1057 1718 1174 1784 ἅμα
1212 1716 1376 1787 ἀτελῆ
1417 1716 1536 1785 ἀμα
1581 1715 1762 1768 τέλεια
1790 1714 1861 1768 τὰ

252 1812 311 1879 ἐξ
365 1811 594 1865 ἀτελῶν
634 1810 923 1880 πεφυκότα
972 1802 1497 1874 τελειοῦσθαι;οἶον
1549 1807 1746 1878 ἄνδρες
1797 1808 1861 1859 ὲκ

1968 616 2097 671 licet
2113 617 2399 688 assignare
2417 619 2769 688 principium.
2802 623 2905 676 Sed
2930 622 3073 679 Deus
3100 625 3254 680 solus
3287 626 3558 698 principio

1968 718 2139 776 caret,
2156 717 2438 779 utcunque
2458 710 2912 781 signiﬁcationem
2938 717 3191 786 principii
3219 721 3427 787 capias,
3444 721 3561 775 sire

1970 806 2030 854 ut
2044 814 2293 862 causam,
2313 800 2433 856 sive
2448 809 2511 855 nt
2530 808 2898 874 lempus,quze
2916 806 3017 860 soli
3039 814 3247 862 aeterno
3272 810 3555 865 accidunt.

1966 890 2182 945 Atenim
2193 889 2334 947 Deus
2346 892 2694 949 commodius
2707 893 2986 950 diceretur
3003 907 3177 967 pater,
3192 916 3356 969 quam
3373 902 3559 970 opifex

1968 983 2179 1044 mundi,
2195 998 2318 1035 cum
2338 982 2485 1037 hunc
2499 985 2847 1054 generaverit
2861 1002 2974 1041 non
3000 1003 3163 1044 secus
3184 1004 3247 1044 ac
3269 991 3352 1045 sul
3372 994 3558 1060 splen-

1967 1071 2182 1133 dorem,
2208 1087 2310 1125 nec
2343 1081 2402 1127 ut
2426 1073 2763 1135 architectus
2789 1077 2930 1131 solet
2959 1080 3303 1135 constituere
3337 1082 3553 1136 urbem.

1965 1160 2121 1218 Licet
2172 1162 2283 1219 Deo
2341 1165 2604 1235 possibile
2650 1166 2723 1220 sit
2768 1182 2987 1238 semper
3036 1185 3268 1236 creare,
3311 1182 3558 1228 attamen

1968 1255 2312 1324 impossibile
2351 1271 2437 1312 est
2470 1266 2785 1313 creaturam
2820 1260 3059 1331 aliquam
3098 1277 3227 1319 esse
3249 1304 3265 1330 ,
3302 1280 3425 1334 qua:
3456 1282 3558 1336 pro

1967 1348 2271 1402 aeternitate
2297 1364 2423 1403 cum
2453 1349 2563 1404 Deo
2589 1354 2908 1417 contendat,
2942 1361 2996 1407 et
3021 1369 3236 1424 semper
3259 1359 3553 1412 exstiterit.

1968 1437 2237 1495 Praeterea
2261 1443 2306 1495 si
2337 1443 2610 1512 quispiam
2642 1442 2850 1499 dixerit
2882 1464 2896 1499 :
2930 1444 3217 1516 Opiﬁcem,
3250 1466 3359 1504 non
3385 1452 3551 1505 simul

1967 1546 2095 1586 cum
2128 1533 2324 1602 opiﬁce
2351 1542 2405 1587 et
2441 1550 2583 1604 opus
2612 1536 2668 1591 in
2698 1546 3054 1607 conspectum
3086 1540 3362 1608 producit.
3399 1534 3555 1596 [laud

1966 1624 2112 1677 enim
2148 1624 2313 1678 simul
2348 1641 2474 1680 cum
2507 1629 2815 1684 architeCto
2845 1640 2899 1686 et
2945 1630 3144 1687 domus
3168 1671 3186 1696 .
3223 1647 3348 1686 cum
3379 1632 3554 1688 fabri-

1966 1723 2157 1768 catore
2189 1715 2411 1769 navium
2450 1726 2505 1769 et
2528 1719 2688 1775 navis
2718 1719 2999 1776 consistit.
3035 1720 3140 1775 Sed
3170 1737 3258 1777 ars
3285 1724 3554 1792 cperandi

1969 1803 2023 1856 in
2049 1804 2262 1860 artitice
2284 1806 2366 1861 vel
2386 1806 2584 1876 Opitice
2606 1810 2712 1863 sita
2731 1821 2840 1865 est.
2861 1810 2917 1864 Si
2949 1811 3112 1865 simul
3140 1811 3283 1899 D‘ens
3309 1822 3365 1868 et
3392 1832 3554 1869 mum

252 1900 481 1966 παίδων,
554 1899 769 1969 καρποὶ
843 1898 953 1952 ἀπὸ
1017 1898 1375 1969 σπερμάτων,
1417 1896 1676 1969 αὐξήσεις
1741 1897 1853 1950 ἀπὸ

1964 1894 2094 1960 dus,
2125 1895 2266 1949 nihil
2300 1898 2423 1951 novi
2462 1898 2857 1970 deprompsero
2899 1901 2947 1957 si
2983 1894 3381 1965 sic‘iuferann:
3413 1902 3552 1961 Pec-

255 1992 543 2060 μειώσεων
571 2007 586 2018 ·
626 1992 745 2060 ἅμα
772 1990 928 2060 ἥλιος
959 1991 987 2043 ὁ
1013 1988 1238 2043 τελειῶν
1271 1988 1337 2042 τά
1363 1991 1427 2041 ὲκ
1449 1989 1594 2056 γῆς,
1630 1988 1705 2051 ὥς
1746 2004 1845 2056 φα-

255 2099 358 2145 σιν,
393 2083 517 2154 ἅμα
556 2083 749 2136 πάντα
800 2082 872 2136 τὰ
910 2082 1063 2136 ,κατὰ
1112 2080 1282 2151 μέρος
1334 2079 1655 2147 γεννώμενα
1711 2078 1856 2132 κατὰ

250 2175 501 2246 διαδοχὴν
522 2215 540 2236 ,
573 2174 667 2228 ἵνα
700 2174 872 2245 μηδὲν
905 2173 1009 2245 ἔχῃ
1038 2171 1170 2234 Θεὸς
1222 2171 1455 2241 δυνάμει
1489 2185 1502 2197 ·
1532 2169 1723 2237 λόγους
1755 2170 1854 2241 μὲν

250 2268 425 2321 αὐτῶν
473 2267 650 2337 ἔχων,
684 2267 787 2335 οὐχ
822 2264 940 2336 ἅμα
979 2265 1037 2318 δὲ
1074 2263 1427 2335 δημιουργῶν
1454 2262 1522 2316 τὰ
1565 2262 1687 2317 καθ’
1725 2262 1856 2316 ἔκα-

252 2375 391 2411 στον’
429 2359 602 2411 ἔσται
642 2357 704 2409 δὲ
735 2357 828 2410 καὶ
860 2357 975 2426 ἅμα
1007 2354 1141 2418 Θεὸς
1172 2354 1290 2425 ἅμα
1317 2354 1521 2424 κρίσις,
1556 2352 1610 2405 εί
1630 2368 1694 2421 γε
1727 2353 1854 2423 κρί-

252 2468 383 2513 σεως
444 2449 509 2503 τὸ
564 2447 901 2520 δεσμείοθαι
946 2450 1059 2509 τοῖς
1105 2446 1324 2516 σώμασι
1357 2461 1372 2475 ο
1404 2443 1499 2497 καὶ
1543 2442 1698 2496 ἔσται
1750 2443 1858 2516 πρὸ

252 2541 336 2593 τοῦ
363 2541 585 2611 κόσμου
625 2541 661 2609 ή
706 2540 909 2608 κρίσις.
943 2538 1006 2590 ΕΞ
1045 2537 1164 2605 ἅμα
1195 2535 1329 2598 Θεὸς
1353 2534 1472 2607 ἅμα
1505 2536 1734 2607 κόσμος,
1764 2536 1856 2589 οὐ-

1961 1995 2148 2040 catum
2182 1988 2346 2042 simul
2377 2004 2500 2043 cum
2533 1993 2745 2046 mundo
2778 2001 2883 2047 est.
2917 1994 3075 2059 Quod
3120 1995 3166 2049 si
3201 1995 3304 2048 hoc
3333 1998 3552 2052 veritati

1961 2090 2074 2130 non
2093 2086 2380 2147 repugnat,
2406 2090 2555 2135 certe
2581 2089 2838 2137 occurret
2860 2082 2965 2137 hoc
2987 2084 3348 2152 consequium
3369 2102 3382 2135 :
3400 2085 3552 2156 Ergo

1962 2175 2248 2235 peccaturo
2291 2169 2455 2223 simul
2494 2184 2618 2223 cum
2648 2169 2759 2225 Deo
2788 2180 2897 2235 est,
2933 2174 3015 2227 vel
3064 2172 3174 2227 Deo
3208 2184 3549 2230 consternunt

1962 2269 2068 2314 est.
2093 2258 2388 2315 Peccatum
2429 2261 2616 2331 itaque
2666 2263 2878 2318 carebit
2924 2264 3219 2334 principio,
3253 2274 3307 2319 et
3337 2282 3404 2320 ex
3441 2267 3552 2322 Deo

1954 2351 2081 2405 erit.
2109 2349 2422 2423 Utrumque
2446 2369 2577 2408 vero
2609 2354 3073 2411 absurdissimum
3108 2365 3356 2428 apparet.
3404 2356 3553 2415 Prte-

1957 2451 2109 2498 terea
2170 2444 2252 2498 sic
2307 2445 2496 2500 licebit
2550 2447 2927 2516 argumentari
2979 2466 2993 2502 :
3065 2447 3122 2501 Si
3186 2447 3331 2503 Deus
3382 2450 3549 2504 simul

1959 2549 2085 2591 cum
2120 2536 2324 2591 mundo
2359 2537 2444 2592 vel
2495 2536 2701 2591 mundo
2746 2552 2966 2593 coaevus
3009 2547 3117 2603 est,
3170 2538 3318 2594 Deus
3339 2548 3398 2616 _et
3435 2541 3550 2595 da:-

252 2632 333 2685 δέν
358 2632 557 2685 καινὸν
608 2634 672 2683 ὲν
719 2629 799 2701 τῷ
834 2631 1046 2701 κόσμῳ,
1070 2629 1171 2698 τῆς
1205 2626 1553 2699 εἱμαρμένης
1582 2627 1706 2680 καθ’
1730 2629 1854 2681 ἑαυ-

1960 2628 2311 2683 monesmali
2340 2639 2505 2683 cruut
2536 2630 2726 2683 comvi.
2756 2628 2822 2683 Et
2853 2629 2899 2685 si
2931 2632 3244 2685 daemonum
3275 2632 3548 2691 malorum

249 2724 338 2793 τὴν
368 2723 612 2794 προνοίᾳ
650 2719 1162 2791 συμπεπλεγμένης
1179 2760 1196 2784 ,
1223 2717 1448 2772 καὶτῶν
1468 2717 1854 2773 ἀποκαταστά-

1964 2720 2172 2774 malitia
2203 2736 2311 2775 non
2352 2721 2608 2792 privatio,
2642 2723 2735 2777 sed
2781 2724 3029 2793 quaedam
3080 2724 3389 2779 substantia
3421 2739 3550 2778 cen-

252 2831 380 2867 σεων
394 2816 489 2869 ἀεὶ
511 2812 853 2884 γινομένων,
869 2814 962 2865 καὶ⁵
978 2810 1145 2883 μηδὲν
1162 2809 1310 2874 εἰκὸς
1328 2809 1354 2849 ¹ί
1369 2810 1703 2882 ὲκπεριόδων
1715 2810 1854 2864 ἀπα-

1966 2824 2144 2878 setur,
2189 2814 2281 2868 dic
2326 2814 2461 2871 mihi
2511 2830 2634 2885 quae
2672 2817 2747 2869 sit
2799 2815 3029 2869 malitia:
3074 2817 3161 2871 vel
3201 2816 3413 2885 peccati
3451 2830 3551 2870 eo-

250 2904 569 2974 ρσλὶάκτως
622 2907 724 2959 καὶ
758 2904 953 2974 γέγονε
981 2903 1080 2957 καὶ
1102 2903 1391 2974 γενήσεται
1412 2917 1427 2931 °
1455 2900 1644 2957 τοῦτον
1672 2901 1854 2956 verine-

1968 2918 2090 2958 rum
2121 2905 2322 2975 origo?
2358 2904 2477 2960 Non
2505 2905 2652 2959 enim
2691 2904 2774 2974 (ut
2807 2906 3039 2960 multum
3071 2906 3420 2975 quaeritando
3440 2915 3553 2960 tor-

248 3014 339 3067 pm
364 2994 511 3052 εἷναί
540 3015 739 3066 φασιν,
769 2998 820 3049 εί
855 2995 972 3067 ἃμα
998 2994 1155 3060 Θεὸς,
1181 2994 1300 3065 ἅμα
1327 2993 1399 3047 τὰ
1433 2992 1612 3046 πάντα
1635 2991 1792 3063 ὁμοῦ.

1977 2996 2254 3068 quearis),
2276 2998 2460 3067 prisca
2476 2998 2559 3052 rel
2591 2998 2821 3067 antiqua
2852 3007 2940 3054 est
2974 2984 3097 3069 ejus
3133 2999 3210 3053 rei
3236 2998 3417 3069 origo.
3451 2996 3544 3052 Sin

250 3102 375 3142 vero
401 3087 639 3143 aliunde
674 3095 975 3157 peccatum
1004 3101 1106 3141 seu
1152 3084 1421 3139 malitiam
1455 3093 1784 3139 contraxEre
1808 3082 2090 3143 daemones
2113 3089 2264 3152 mali,
2320 3082 2551 3144 necesse
2577 3098 2662 3147 est
2695 3088 2904 3145 fuerint
2958 3091 3077 3146 sive
3145 3091 3552 3158 antecesserint

249 3182 412 3252 aliqui
439 3182 700 3251 ejusdem
736 3179 949 3250 peccati
978 3179 1064 3234 vel
1095 3177 1320 3233 malitiae
1349 3176 1681 3249 participes.
1719 3174 1925 3232 Verum
1957 3193 2128 3248 supra
2165 3181 2376 3236 dictum
2410 3189 2495 3237 est
2533 3198 2561 3235 a
2607 3181 2816 3239 Graecis
2859 3184 3126 3237 mundum
3178 3191 3234 3236 et
3279 3180 3550 3236 malitiam

251 3285 526 3330 caeterna
564 3276 656 3328 vel
686 3272 861 3329 simul
889 3279 983 3325 aut
1011 3285 1120 3325 una
1147 3269 1344 3325 fuisse.
1387 3266 1446 3323 Si
1474 3269 1641 3324 simul
1667 3268 1814 3324 Deus
1847 3278 1905 3324 et
1937 3273 2204 3336 mundus,
2246 3274 2417 3328 simul
2459 3275 2740 3345 simplicia
2773 3284 2828 3330 et
2865 3275 3183 3346 curnposita
3225 3280 3416 3330 erunt.
3450 3270 3552 3330 Ve.

254 3382 372 3421 rum
411 3382 519 3437 qua
544 3367 781 3420 ratione
808 3379 874 3418 ex
903 3361 1256 3432 simplicibus
1281 3360 1593 3431 composita
1615 3357 2048 3416 conﬂabuutur?
2076 3361 2395 3419 Secundum
2439 3365 2585 3421 banc
2617 3366 2892 3421 rationem
2924 3366 3064 3420 nihil
3098 3364 3391 3420 obstaculo
3415 3363 3549 3428 erit,

256 3461 381 3531 quin
409 3460 579 3514 simul
610 3459 802 3512 futura
831 3456 944 3510 sint
964 3469 1031 3510 ea
1058 3468 1184 3524 qua:
1215 3450 1463 3522 potentia
1493 3461 1548 3507 et
1569 3465 1696 3521 quae
1716 3448 1917 3515 effectu
1945 3463 2248 3510 censentur
2276 3473 2289 3509 :
2315 3457 2482 3510 simul
2510 3465 2675 3510 erunt
2698 3455 2942 3525 perfecta
2969 3468 3023 3511 et
3051 3453 3393 3526 imperfecta,
3424 3469 3551 3525 qua:

261 3569 322 3607 ex
354 3552 626 3622 perfectis
662 3550 852 3606 solent
886 3547 1027 3614 ﬁeri,
1077 3557 1137 3603 ut
1164 3546 1270 3601 viri
1304 3547 1400 3616 qui
1446 3560 1514 3601 ex
1550 3544 1759 3615 pueris,
1788 3551 1851 3599 ut
1889 3544 2108 3602 fructus
2135 3550 2229 3618 qui
2275 3564 2342 3605 ex
2386 3550 2720 3618 seminibus,
2792 3558 2853 3604 ut
2893 3550 3236 3604 incrementa
3285 3563 3409 3620 quae
3476 3564 3547 3604 ex
3612 3627 3616 3632 I

268 3639 732 3697 diminutionibus
778 3634 1092 3708 promoveri
1147 3645 1562 3689 consueverunt
1608 3651 1623 3689 :
1677 3633 1846 3688 simul
1882 3643 2048 3689 erunt
2077 3635 2164 3691 sol
2210 3637 2279 3691 ad
2322 3640 2700 3695 maturitatem
2730 3638 2818 3710 (ut
2844 3639 3004 3693 aiunt
3065 3638 3265 3709 Graeci)
3331 3640 3545 3710 perdu-

274 3747 397 3787 crus
438 3733 623 3791 omnia
678 3743 806 3799 qua:
856 3741 887 3782 e
935 3734 1085 3781 terra
1122 3723 1478 3795 proveniunt,
1520 3728 1576 3777 et
1623 3736 1691 3778 ea
1723 3738 1849 3792 qua:
1885 3727 2271 3781 maturitatem
2305 3729 2599 3798 recipiunt,
2633 3729 2764 3785 dum
2797 3730 3013 3786 nullum
3082 3731 3170 3786 his
3246 3731 3546 3803 pet-tectio-

264 3828 348 3882 nis
373 3826 707 3882 conceditur
735 3831 992 3897 tempus:
1039 3815 1207 3872 simul
1254 3822 1424 3872 erunt
1466 3815 1655 3870 omnia
1695 3829 1823 3884 qua:
1856 3816 2244 3885 particulatim
2296 3829 2663 3890 generantur.
2698 3829 2755 3878 et
2817 3838 2941 3893 qure
2979 3820 3336 3879 successione
3401 3838 3544 3894 qna~

261 3919 378 3972 dam
408 3916 720 3972 essentiam
754 3910 1085 3967 sortiuntur.
1122 3905 1271 3961 Niltil
1310 3907 1480 3977 igitur
1522 3905 1637 3961 Deo
1673 3907 1913 3977 relinqui
1952 3907 2274 3978 fatebimur,
2306 3912 2355 3968 si
2423 3913 2507 3968 sic
2543 3914 2623 3978 ﬁt,
2682 3923 2881 3986 praeter
2938 3916 3147 3971 nudam
3203 3916 3540 3987 petentium:

258 4010 475 4064 habebit
508 4008 741 4077 quidem
768 4004 824 4059 in
851 4018 911 4058 se
939 4001 1187 4057 omnium
1230 4000 1469 4057 istorum
1497 3998 1850 4056 deﬁnitiones
1886 4008 1942 4056 et
1981 4004 2249 4072 rationes,
2296 4020 2408 4061 non
2457 4017 2638 4063 tamen
2682 4008 2846 4064 simul
2877 4010 3097 4081 singula
3163 4010 3391 4066 creandi
3462 4009 3537 4064 ia-

257 4101 456 4153 cnltate
481 4098 745 4153 nollebit.

289 4101 456 4155 nitate
481 4101 745 4169 pollebit.

321 4196 538 4251 οὐκοῦν
566 4194 801 4256 εἰκότως
818 4193 850 4245 ό
873 4190 1116 4259 Μωῦσῆς
1134 4188 1263 4252 τοὺς
1294 4186 1522 4243 ἐκείνων
1546 4185 1623 4259 (ο)
1647 4187 1844 4249 ὕθλους

2017 4182 2215 4239 Merito
2246 4185 2418 4256 igitur
2460 4185 2642 4243 Moses
2673 4189 2837 4259 nugis
2869 4204 3061 4244 eorum
3102 4188 3292 4261 impiis
3340 4201 3393 4247 et
3431 4192 3542 4249 Deo

252 4290 343 4343 καὶ
372 4288 476 4350 τὰς
513 4284 745 4348 ἀσεϐεῖς
789 4283 887 4336 καὶ
919 4282 1225 4352 θεομάχους
1267 4280 1475 4344 ἑννοίας
1503 4278 1845 4343 καταλιπὼν,

258 4400 278 4432 ι
325 4380 417 4432 Ἐν
448 4379 598 4448 ἀρχῇ
627 4416 642 4439 ,
673 4374 843 4444 φησὶν
863 4416 877 4438 ,
902 4375 930 4426 ὁ
955 4372 1089 4434 Θεὸς
1117 4371 1340 4440 ἐποίησε
1369 4370 1462 4425 τὸν
1490 4370 1722 4442 οὐρανὸν
1753 4369 1849 4424 καὶ

250 4474 345 4543 τὴν
382 4471 517 4540 γῆν.
566 4489 586 4520 ι
649 4464 815 4519 Ἀλλά
846 4464 957 4534 γὰρ
983 4463 1065 4517 ἔτι
1090 4502 1105 4528 ,
1139 4461 1268 4533 πρίν
1310 4479 1366 4516 τι
1389 4460 1536 4517 κατὰ
1571 4460 1740 4532 μέρος
1771 4463 1848 4516 εί-

250 4568 391 4625 πείν,
431 4559 700 4614 τοσοῦτον
756 4554 1208 4628 ἐπισημήνασθαι
1240 4554 1388 4625 χρὴ,
1423 4552 1501 4618 ὡς
1549 4553 1612 4607 οὐ
1662 4553 1850 4622 πάσης

247 4652 624 4727 δημιουργίας
664 4651 890 4721 μνήμην
926 4649 963 4700 6'
989 4647 1341 4737 συγγραφεὺς
1367 4648 1499 4737 ημῖν
1528 4645 1844 4737 ἐποιήσατο,

245 4748 368 4800 οὔτε
398 4745 520 4815 γὰρ
549 4741 847 4810 ἀγγέλους,
881 4738 1003 4792 οὔτε
1029 4734 1224 4809 νοερᾶς
1252 4735 1516 4806 δυνάμεις
1538 4734 1845 4805 ὠνόμασεν.

242 4840 302 4892 0i
354 4836 467 4907 μέν
510 4848 650 4902 φασι
704 4829 783 4900 τῷ
820 4828 1206 4900 πρεσϐυτέρας
1265 4824 1516 4880 ἐκτίσθαι
1561 4823 1720 4878 τοῦδε
1756 4822 1848 4878 τοῦ

240 4930 486 5000 κόσμου,
518 4926 572 4977 οἱ
611 4923 668 4976 δὲ
694 4922 775 4992 τῷ
815 4918 1165 4973 συνεκτίσθαι
1191 4918 1269 4988 τῷ
1294 4917 1486 4988 κόσμῳ
1520 4918 1629 4970 πᾶν
1657 4917 1850 4988 νοητόν

242 5040 305 5076 τε
361 5021 467 5074 καὶ
508 5015 798 5087 αἰσθητόν.
831 5014 981 5083 Ἅμα
1032 5012 1142 5082 γὰρ
1180 5009 1259 5081 τῷ
1283 5009 1413 5073 τοὺς
1456 5009 1727 5077 ἀγγέλους
1756 5008 1851 5061 οὒ-

248 5113 402 5182 ραγῷ
462 5107 820 5180 περιέχοντι,
894 5103 986 5157 καὶ
1066 5104 1196 5166 τοὺς
1278 5100 1371 5154 ὑπ’
1416 5096 1594 5153 αὑτοῦ
1664 5115 1853 5170 περιε-

244 5203 521 5275 χομένους
604 5195 957 5269 συνεισῆχθαί
1035 5211 1223 5264 φασιν.
1295 5194 1510 5264 Ὥσπερ
1567 5189 1676 5259 γάρ
1746 5190 1849 5244 οὐκ

244 5296 566 5367 ὀνομάσας,
619 5292 764 5363 ἀέρα
801 5292 896 5344 καὶ
929 5288 1043 5359 πῦρ
1074 5289 1187 5351 τοῖς
1245 5285 1441 5357 ἄκροις
1491 5284 1563 5339 τὰ
1621 5283 1768 5356 μέσα
1799 5285 1850 5325 ¹ι⁴

1955 4274 2382 4332 adversantibus
2429 4278 2866 4348 cogitationibus
2906 4280 3191 4351 sepositis,
3235 4299 3254 4331 ι
3284 4281 3344 4334 lu
3383 4286 3542 4352 prin-

1956 4367 2125 4437 cipio,
2186 4368 2388 4439 inquit,
2463 4370 2610 4426 Deus
2681 4372 2816 4426 fecit
2873 4372 3073 4427 ctelmn
3145 4381 3200 4427 et
3247 4383 3472 4431 terram.
3515 4395 3533 4428 I

1954 4460 2161 4518 Verum
2194 4464 2522 4535 priusquam
2559 4467 2767 4538 aliquid
2809 4468 3109 4538 specialius
3140 4470 3413 4533 dicamus,
3447 4470 3541 4525 ine

1953 4552 2143 4611 dicare
2172 4563 2391 4625 oportet
2425 4557 2570 4626 quod
2601 4572 2713 4612 non
2757 4559 3004 4613 omnium
3057 4559 3405 4627 opiliciorum
3439 4575 3541 4613 au-

1953 4656 2077 4703 ctor
2111 4651 2447 4707 mentionem
2485 4649 2698 4708 fecerit.
2754 4650 2945 4722 Neque
2984 4652 3132 4707 enim
3188 4651 3534 4722 angelorum,

1950 4752 2132 4810 neque
2156 4740 2622 4798 iutellectualium
2652 4725 2923 4798 virtutum
2962 4743 3233 4809 meminit,
3268 4743 3432 4812 idque
3465 4759 3537 4798 ex

1950 4832 2318 4902 quorumdam
2347 4835 2650 4901 sententia,
2683 4850 2747 4891 eo
2782 4835 2928 4905 quod
2951 4844 3081 4890 ante
3110 4835 3375 4889 mundum
3402 4850 3538 4889 cono

1950 4922 2082 4978 ditac
2121 4924 2231 4979 illa:
2261 4925 2488 4989 fuerint,
2518 4941 2586 4981 ex
2622 4926 2858 4981 aliorum
2892 4943 3044 4990 vero,
3069 4925 3219 4996 quod
3263 4940 3372 4980 una
3408 4940 3535 4979 cum

1954 5012 2161 5067 mundo
2218 5015 2408 5068 omnia
2462 5016 2748 5070 seusibilia
2804 5026 2859 5072 et
2925 5014 3298 5087 intelligibilia
3349 5025 3537 5071 creata

1959 5104 2092 5159 sint.
2132 5103 2336 5160 Dicunt
2383 5107 2533 5161 enim
2573 5125 2680 5163 una
2728 5124 2852 5163 cum
2886 5109 3029 5163 (εωιο
3100 5110 3329 5177 angelos
3378 5123 3536 5161 com-

1958 5197 2143 5267 plexo,
2194 5200 2297 5255 bos
2346 5202 2512 5256 etiam
2561 5204 2706 5258 cmlo
2744 5202 3178 5271 comprehensos
3235 5201 3537 5268 productos

1957 5288 2154 5350 fuisse.
2196 5291 2671 5359 Quemadmodum
2723 5295 2868 5348 enim
2918 5310 3019 5348 nec
3070 5308 3250 5349 aerem
3289 5294 3538 5361 ignotum

1537 5444 1778 5502 VARUE
1801 5446 2210 5510 LECTIONES.

311 5574 343 5617 ιι
374 5574 524 5634 Cod,
555 5571 809 5646 μηδικός.
887 5571 936 5610 ι’
963 5568 1028 5624 C.
1061 5567 1130 5625 N.
1165 5566 1236 5621 τὰ
1269 5566 1402 5629 ἴσως
1439 5564 1669 5636 μεταξύ.

1782 5651 1994 5709 NOTAE
2008 5688 2021 5706 .

316 5759 403 5826 (α)
440 5755 749 5810 Ἐκείνων.
784 5749 1045 5826 lntelligit
1079 5749 1209 5826 robe
1257 5747 1365 5826 τῷν
1415 5745 1947 5826 Ἐλλήνωνῄπαίδαθ
2012 5762 2157 5820 quos
2203 5756 2383 5814 vocat,
2452 5761 2688 5817 quorum
2737 5748 3068 5803 sententiam
3141 5746 3207 5801 de
3252 5746 3532 5807 creazione

252 5818 363 5886 Deo
385 5818 703 5890 ceae-terna,
739 5827 791 5879 in
817 5818 1272 5877 antecedentibus
1301 5818 1743 5888 impugnaverat.
