4002 6412
490 293 559 350 43
1797 282 2072 348 PROCOI

2190 283 2435 348 ϐἈΖᾸΞῐ
3648 293 3720 358 ιι

492 405 686 475 ligulus
738 402 806 458 “'.
867 420 887 456 ι
937 379 1398 470 Quemadmodum
1435 398 1577 452 enim
1633 398 1830 468 ﬁgulus
1886 399 2057 453 lutum

2177 398 2569 466 μετεσκεύασα,
2595 397 2669 463 ὡς
2696 397 3004 467 ἀνθρώποις
3027 398 3288 457 ἀδύνατον
3318 402 3503 473 λέγειν
3529 402 3639 474 οἷος
3662 410 3719 477 ἐξ

494 500 668 554 turma
728 497 1071 559 destitutum,
1129 494 1182 548 in
1233 492 1590 564 quodcunque
1645 491 1911 561 placuerit
1964 505 2058 547 vas

495 592 874 655 transformat,
929 590 1009 645 sic
1051 603 1152 659 ego
1184 587 1347 640 etiam
1391 592 1442 638 te
1467 584 1639 638 lutum
1670 597 1702 639 e
1733 592 1875 640 terra
1908 584 2057 638 acci-

493 684 668 755 piens,
719 691 777 737 ut
804 681 996 736 melius
1039 678 1297 749 quiddam
1345 676 1624 738 evaderes,
1662 676 1715 730 in
1754 675 1913 729 aliam
1944 674 2058 731 for-

493 793 637 832 mam
665 786 716 830 te
739 775 900 840 verti,
936 774 1009 827 ita
1036 780 1096 826 ut
1122 785 1280 825 nemo
1308 768 1616 823 mortalium
1653 766 1834 823 dicere
1862 768 2054 835 possit,

491 870 670 942 qualis
699 881 751 926 et
773 883 842 924 ex
872 865 1014 935 quali
1041 876 1199 919 natus
1230 863 1418 919 fueris.
1445 862 1626 928 Quare
1650 869 1832 915 autem
1863 860 2062 916 caelum

492 963 711 1033 quidem
752 963 1050 1030 perrectum
1098 955 1527 1025 repraesentavit,
1573 965 1775 1008 terrain
1808 965 1937 1006 vero
1968 964 2066 1020 per

495 1066 674 1127 partes
704 1069 734 1108 a
759 1053 867 1105 Deo
892 1049 1210 1106 fabricatam
1235 1046 1509 1104 ostendit?
1536 1043 1605 1101 Ut
1636 1047 1690 1100 in
1720 1060 1779 1100 re
1802 1053 2065 1114 praestan-

494 1150 635 1201 tiore
689 1144 981 1211 potentiam
1035 1142 1152 1212 ejus
1213 1142 1521 1212 percipiens
1579 1148 1762 1193 certus
1821 1136 2067 1192 reddaris

496 1239 636 1290 hanc
663 1237 866 1306 pariter
899 1249 964 1289 ac
994 1233 1136 1289 istud
1158 1249 1280 1287 eum
1317 1229 1615 1301 perfectum
1658 1230 1840 1284 statim
1869 1228 2066 1284 sistere

492 1330 758 1401 potuisse.
816 1324 916 1381 Tui
969 1339 1148 1380 autem
1202 1336 1411 1393 tuasque
1460 1324 1649 1378 salutis
1680 1339 1844 1379 causa
1874 1326 2071 1378 incom-

491 1430 662 1492 posita
694 1421 836 1474 facta
867 1428 1012 1475 terra
1068 1416 1170 1471 fuit
1205 1432 1221 1468 :
1249 1418 1560 1471 communis
1585 1416 1729 1471 enim
1778 1430 1964 1471 mensa
2016 1424 2071 1470 et

495 1515 695 1585 patria,
722 1514 832 1567 imo
863 1510 1043 1567 nutrix
1084 1519 1139 1565 et
1182 1519 1379 1574 mater,
1414 1509 1717 1562 communis
1759 1507 1924 1561 etiam
1953 1520 2071 1561 om-

496 1608 647 1662 nium
681 1606 875 1660 civitas
904 1611 989 1658 est
1015 1611 1177 1671 atque
1203 1601 1533 1670 sepulcrum.
1566 1598 1642 1653 Ne
1667 1599 1869 1668 itaque,
1905 1612 2067 1667 quam

2166 492 2282 545 οἴου
2319 491 2636 561 γεγένησαι.
2671 491 2825 556 Τίνος
2862 492 2920 546 δι
2972 492 3139 548 ἕνεκα
3179 493 3275 565 (m)
3333 494 3427 549 τὸν
3485 496 3586 566 μιν
3627 500 3723 555 οὐ.

2168 582 2333 654 ρανδν
2364 584 2775 653 ἀπαρτισθέντα
2801 586 3116 665 παρήγαγε,
3147 586 3249 657 τήν
3266 587 3323 642 δὲ
3346 589 3452 660 γῆν
3474 589 3617 644 κατά
3641 608 3726 661 μι-

2165 677 2298 746 κρὸν
2327 674 2493 730 αὐτὸν
2522 678 2852 746 τεχνιτεύειν
2880 679 3046 748 φησὶν
3076 679 3108 748 ή
3150 678 3373 752 Γραφή;
3411 680 3530 734 Ἵνα
3566 682 3625 736 ἐν
3647 680 3722 754 τῷ

2165 767 2439 837 κρείττονι
2461 769 2713 840 στοιχείῳ
2741 768 2928 840 μαθὼν
2941 769 3107 823 αὐτοῦ
3137 771 3238 842 τὴν
3259 772 3511 841 δύναμιν,
3534 772 3730 843 πληρο-

2166 858 2408 929 φορηθῇς
2437 860 2521 913 ὅτι
2555 859 2652 913 καὶ
2701 861 2907 931 ταύτην
2954 861 3186 931 ἠδύνατο
3219 863 3473 934 καθάπερ
3520 866 3731 919 ἐκεῖνον

2164 953 2584 1023 ἀπηρτισμένην
2619 952 2984 1023 παραγαγιῐν.
3017 953 3117 1006 Διά
3139 954 3198 1007 σὲ
3230 955 3287 1008 δὲ
3311 956 3405 1008 καὶ
3428 955 3528 1025 τὴν
3557 973 3732 1029 σωτη-

2169 1044 2291 1115 ρίαν
2321 1044 2422 1112 τὴν
2454 1045 2558 1116 σὴν
2583 1044 3007 1111 ἀκατάσκευος
3029 1046 3251 1114 γέγονε·
3281 1046 3440 1118 κοινὴ
3468 1050 3574 1118 γὰρ
3600 1048 3733 1119 τρά-

2168 1134 2310 1199 πεζα
2345 1135 2421 1206 (η)
2445 1142 2539 1190 καὶ
2570 1136 2771 1201 πατρὶς
2795 1137 2890 1189 καὶ
2914 1123 3124 1205 τροφὸς
3142 1139 3237 1191 καὶ
3273 1138 3459 1210 μήτηρ
3479 1139 3732 1193 ἀπάντων

2168 1230 2286 1282 lati.
2317 1230 2411 1281 καὶ
2443 1228 2597 1291 πόλις
2627 1229 2723 1282 καὶ
2754 1229 2923 1298 τάφος
2952 1230 3152 1293 κοινός.
3186 1231 3306 1285 Ἵνα
3337 1226 3431 1285 οὖν
3468 1235 3543 1301 μή
3567 1232 3642 1301 (ο)
3673 1229 3735 1285 τὸ

2166 1320 2265 1387 τῆς
2301 1319 2490 1390 χρείας
2524 1322 2824 1387 ἀναγκαῖον
2855 1322 3156 1391 θαυμάζων
3183 1321 3514 1394 θεοποιήσῃς
3541 1322 3732 1392 αὐτὴν,

2166 1411 2405 1465 δείκνυσί
2444 1428 2525 1467 σοι
2576 1412 2783 1485 ταύτην
2835 1413 3213 1467 ἀδιατύπωτόν
3264 1430 3325 1467 τε
3375 1415 3473 1467 καὶ
3501 1415 3734 1485 ἀκαλλῆ.

2171 1504 2282 1558 Καὶ
2313 1504 2422 1573 γὰρ
2436 1503 2580 1557 οὕτω
2607 1503 3014 1574 τὴν·ἀσθένσιαν
3040 1504 3301 1574 ὁρῶντες.
3329 1504 3423 1558 τὸν
3446 1505 3540 1558 καὶ
3561 1521 3740 1575 ιιταρα-⁵

2169 1597 2413 1666 γαγόντα
2439 1597 2533 1652 xal.
2562 1597 2923 1667 κοσμήσαντα
2960 1596 3164 1665 ταύτην
3196 1596 3580 1666 θαυμάζομεν.
3678 1585 3688 1595 ’

498 1712 632 1753 usus
662 1698 784 1766 ejus
833 1697 930 1750 tibi
962 1696 1030 1749 sit
1075 1693 1420 1749 necessarius
1470 1691 1846 1754 considerans,
1890 1690 2087 1746 divinis
2119 1690 2417 1745 honoribus
2467 1704 2584 1744 eam
2619 1690 2987 1757 prosequaris,
3043 1688 3329 1743 informem
3380 1687 3526 1741 illam
3558 1695 3612 1741 et
3641 1685 3741 1743 fte-

503 1789 624 1839 dam
660 1786 759 1840 tibi
790 1784 861 1839 ob
907 1784 1095 1839 oculos
1140 1783 1312 1852 ponit.
1352 1779 1469 1837 Hac
1512 1780 1656 1837 enim
1710 1779 1943 1847 ratione,
1979 1779 2100 1852 ejus
2133 1779 2381 1836 videntes
2437 1778 2751 1847 utilitatem,
2793 1792 2916 1835 eum
2943 1779 3041 1849 qui
3076 1777 3334 1848 produxit
3360 1785 3418 1833 et
3458 1777 3744 1834 exornavit

501 1872 676 1939 illam,
708 1873 882 1927 solum
918 1873 1281 1927 admiramur.

556 1978 625 2032 Et
685 1976 912 2033 tenebrat
960 1983 1115 2031 erant
1160 1990 1317 2045 super
1341 1975 1531 2046 faciem
1563 1974 1765 2048 abyssi,
1795 1984 1902 2035 etc.
1934 1976 2062 2034 Plu-

2239 1974 2350 2032 Καὶ
2371 1976 2598 2045 σκότος
2621 1970 2700 2048 ἦν
2724 1975 2930 2032 ἐπάνω
2960 1976 3072 2047 τῆς
3093 1976 3397 2033 ἀϐύσσου.
3426 1975 3634 2050 Μακρὰ
3670 1979 3769 2049 λη-

473 2071 674 2125 rimum
697 2070 958 2136 delirant,
980 2069 1075 2139 qui
1102 2068 1231 2122 mali
1257 2068 1353 2122 s'eu
1378 2069 1586 2137 peccati
1612 2077 1867 2124 naturam
1894 2084 1955 2125 ex
1986 2072 2074 2127 his

472 2161 660 2215 verbis
705 2158 1008 2230 ingenitam
1055 2172 1307 2212 asserere
1349 2169 1646 2222 conantur,
1689 2159 1847 2228 quasi
1892 2156 2074 2215 Moses

472 2253 714 2307 voluerit
749 2260 1039 2321 peccatum
1073 2264 1197 2304 esse
1230 2258 1527 2316 aeternum,
1564 2251 1713 2320 quod
1747 2252 1869 2319 ejus
1909 2266 2075 2322 gene-

480 2345 751 2399 rationem
804 2342 999 2397 nuliibi
1049 2340 1542 2407 commenstrarit,
1591 2350 1857 2412 praeterea
1903 2344 2073 2398 verbo

476 2433 826 2491 substantive
876 2441 1015 2495 erat,
1041 2447 1174 2486 usus
1204 2432 1276 2486 sit
1306 2431 1360 2485 in
1390 2433 1674 2501 praesentis
1700 2432 1804 2487 loci
1831 2447 2075 2488 comme-

474 2530 808 2581 moratione.
845 2522 1049 2579 Verum
1102 2523 1251 2590 quod
1304 2524 1371 2577 ad
1422 2524 1527 2578 hoc
1577 2525 1803 2579 verbum
1854 2525 2070 2592 attinet,

475 2618 610 2675 satis
641 2618 852 2689 prolixe
881 2632 1047 2687 supra
1077 2616 1457 2672 tractavimus.
1486 2613 1625 2670 Nolo
1654 2616 1743 2670 hic
1771 2631 1895 2671 esse
1924 2631 2073 2671 eam-

475 2713 599 2766 dem
641 2711 712 2765 ob
752 2724 871 2764 rem
905 2709 1219 2764 verbosior.
1255 2708 1323 2763 At
1359 2710 1442 2781 (ut
1475 2710 1583 2763 illis
1616 2710 2072 2780 respondeamus)

475 2819 590 2857 rem
623 2818 747 2873 qua:
779 2816 887 2856 non
920 2802 1211 2866 subsistit,
1243 2818 1346 2857 nec
1379 2803 1432 2856 in
1463 2804 1673 2857 entiutn
1708 2818 1941 2858 numero
1974 2818 2072 2874 po-

476 2899 650 2960 nitur,
688 2896 971 2966 qnomodo
1006 2895 1183 2965 potuit
1217 2895 1405 2951 dicere
1440 2894 1764 2966 Scriptura?
1796 2895 2075 2953 Tenebras

476 2990 623 3043 enim
667 2987 799 3057 quid
844 2986 994 3040 aliud
1032 2987 1459 3052 existimaveris,
1497 3003 1662 3058 quam
1709 2989 2072 3058 privationem

477 3080 645 3145 lucis,
679 3094 807 3150 qua:
840 3078 1083 3133 nondum
1118 3094 1286 3149 opera
1318 3078 1412 3133 Dei
1449 3094 1736 3150 progressa
1771 3088 1911 3134 erat.
1936 3078 2074 3133 Tum

2177 2067 2366 2142 ροῢσιν
2388 2069 2439 2124 οἱ
2467 2066 2564 2123 τοῦ
2598 2067 2773 2123 κακοῦ
2805 2072 2969 2138 φύσιν
2996 2068 3261 2138 ἀγένητον
3290 2069 3356 2121 ὲκ
3418 2068 3626 2121 τούτων
3656 2070 3772 2121 είσο

2174 2162 2403 2231 ἀγοντες
2425 2201 2440 2228 ,
2482 2159 2574 2215 διά
2594 2175 2655 2213 τι
2684 2159 2779 2213 τοῦ
2806 2155 2886 2230 ἦν
2915 2158 3011 2213 καὶ
3044 2158 3136 2212 τοῦ
3174 2158 3249 2230 μή
3283 2158 3501 2228 γένεσιν
3540 2157 3774 2224 σκότους

2174 2253 2352 2304 εἰπεῖν
2382 2251 2481 2321 τὴν
2516 2251 2766 2323 Γραφήν.
2815 2250 2977 2304 Ἀλλά
3002 2252 3129 2320 περὶ
3159 2252 3260 2318 μὲν
3293 2248 3391 2303 τοῦ
3422 2245 3522 2320 ἦν,
3549 2249 3772 2323 εἴρηται

2174 2344 2246 2397 τὰ
2278 2343 2655 2414 προσήκοντα.
2690 2342 2911 2395 Γένεσιν
2946 2341 3004 2394 δὲ
3035 2341 3364 2412 πράγματος
3388 2342 3772 2396 ἀνυποστάτου

2176 2435 2296 2498 πῶς
2326 2430 2471 2505 εἶχεν
2499 2438 2680 2489 εἰπεῖν
2723 2436 2757 2506 ή
2792 2434 2985 2505 Γραφή
3016 2450 3030 2502 ;
3067 2434 3331 2505 Στέρησις
3368 2435 3475 2509 γάρ
3501 2437 3619 2489 ἐστι
3672 2432 3771 2488 τοῦ

2175 2527 2374 2596 φωτὸς,
2407 2521 2468 2581 οὗ
2514 2528 2682 2598 μήπω
2717 2527 3039 2597 γενομένου,
3081 2526 3192 2581 τῶν
3228 2527 3498 2597 σωμάτων
3531 2528 3565 2598 ἡ
3602 2526 3775 2598 φύσις

2172 2619 2234 2672 τὸ
2262 2619 2433 2688 αὑγὲς
2461 2619 2679 2674 οἴκοθεν
2715 2621 2817 2673 οὐκ
2849 2620 3071 2690 ἔχουσα,
3105 2619 3317 2685 πάντως
3341 2619 3650 2690 ἀφώτιστος
3676 2615 3771 2692 ἦν·

2172 2708 2296 2763 ὅθεν
2324 2713 2420 2763 καὶ
2450 2713 2561 2782 ἀὴρ
2603 2713 2699 2766 καὶ
2731 2710 2879 2780 ὕδωρ
2905 2706 2975 2783 ἦν
3014 2713 3308 2787 σκοτεινόν.
3358 2712 3469 2767 Καὶ
3508 2712 3629 2777 πῶς
3662 2712 3778 2788 γάρ

2172 2802 2398 2856 δυνατὸν
2431 2802 2593 2872 φύσιν
2621 2804 2872 2859 ἐναντίαν
2904 2797 3045 2856 εἶναι
3065 2803 3185 2875 Θεῷ
3209 2822 3226 2872 ;
3256 2804 3287 2876 ἢ
3310 2804 3421 2877 γὰρ
3446 2805 3534 2876 ἴση
3560 2804 3660 2876 τὴν
3683 2804 3778 2858 δύ-

2174 2910 2363 2961 ναμιν,
2418 2893 2733 2966 ῆχείρων,
2781 2895 2813 2965 ἢ
2856 2896 3159 2967 κρείττων·
3217 2895 3333 2950 ἀλλ’
3385 2897 3434 2949 εί
3498 2895 3602 2967 μὲν
3652 2896 3775 2968 ἴση,

2174 2985 2491 3055 ἀδιάκριτος
2529 2988 2562 3056 ἡ
2602 2987 2779 3058 μάχη,
2805 2992 2899 3041 καὶ
2920 2987 3073 3041 οὐδὲν
3110 2988 3302 3060 δράσει
3330 2987 3560 3059 θάτερον
3593 2969 3775 3060 Etito-

2173 3075 2279 3132 δὼν
2304 3078 2426 3149 ἕχον
2455 3077 2516 3129 τὸ
2537 3076 2727 3149 ἕτερον
2744 3096 2757 3108 ·
2781 3079 2906 3133 εἰδὲ
2936 3081 3161 3154 χείρων,
3194 3079 3310 3146 πῶς
3336 3081 3398 3135 οὐ
3421 3080 3781 3150 κεκώλυκενς

476 3173 625 3229 enim
675 3186 973 3243 corporum
1026 3179 1224 3226 natura
1276 3171 1624 3241 splendorem
1673 3185 1741 3226 ex
1793 3186 1915 3226 sese
1964 3185 2072 3226 non

2177 3169 2235 3223 οὐ
2267 3168 2378 3240 γὰρ
2408 3168 2525 3223 ἐστι
2559 3168 2741 3239 λέγειν
2766 3172 2842 3236 ὼς
2870 3173 2973 3227 ἀνά
3000 3174 3168 3246 μέρος
3198 3176 3391 3255 κρατεῖ
3418 3174 3514 3228 καὶ
3545 3177 3783 3247 κρατεῖ.

477 3265 686 3320 habens
730 3264 957 3321 omnino
1004 3264 1215 3336 absque
1259 3264 1469 3319 lumine
1511 3262 1891 3319 vel‘ciarilate
1933 3271 2072 3320 erat.

2177 3277 2288 3316 ται.
2318 3260 2492 3335 Τοῦτο
2514 3262 2622 3334 γὰρ
2650 3263 2911 3331 δείκνυσι,
2950 3265 3081 3319 ποτὲ
3112 3267 3209 3337 μὲν
3238 3267 3486 3321 ἀσθενεῖν
3506 3309 3522 3334 ,
3551 3268 3686 3322 ποτὲ
3719 3268 3783 3323 Si

477 3357 720 3414 Proinde
764 3373 859 3413 aer
896 3367 952 3414 et
992 3372 1157 3428 aqua,
1198 3356 1468 3412 elementa
1505 3356 1740 3427 caligine
1777 3367 1937 3412 erant
1975 3370 2072 3427 Op-

2180 3350 2486 3423 ρὠνυσθαι
2518 3351 2729 3408 τούτων
2751 3355 3015 3427 ἑκάτερον
3047 3373 3060 3387 ·
3093 3358 3232 3430 ὅπερ
3254 3358 3439 3412 ἀϊδίων
3466 3358 3784 3432 ἀλλότριον.

478 3465 693 3523 pressa.
729 3450 1003 3505 Praeterea
1036 3448 1315 3519 quomodo
1347 3447 1612 3519 possibile
1641 3457 1747 3513 est,
1782 3455 1842 3502 ut
1876 3457 2072 3504 natura

2181 3442 2307 3509 Πῶς
2339 3443 2397 3498 δὲ
2435 3444 2696 3517 ἀλλήλαις
2733 3445 2978 3502 σύνεισιν
3016 3449 3263 3503 ἂναντίαι
3297 3451 3708 3521 τυγχάνουσαι;
3746 3452 3783 3523 ἢ

480 3542 759 3600 contraria
796 3542 868 3597 sit
906 3541 1015 3597 Deo
1031 3528 1075 3596 Υ
1092 3540 1149 3596 Si
1193 3542 1342 3596 enim
1378 3540 1658 3596 contraria
1693 3548 1778 3597 cst
1809 3538 2071 3609 Numini,

2180 3532 2298 3589 ἔστι
2329 3552 2383 3589 τι
2420 3535 2481 3590 τδ
2506 3536 2782 3607 διορίζονς
2818 3540 2914 3594 καὶ
2962 3540 3192 3613 πότερον
3228 3542 3380 3609 ἴσον,
3413 3541 3446 3615 ἢ
3481 3545 3703 3616 χεῖρον,
3747 3543 3786 3615 ἢ

479 3643 577 3690 aut
621 3631 806 3705 quoad
854 3633 1185 3703 potentiam,
1235 3631 1485 3703 aequalis,
1529 3640 1624 3687 aut
1672 3631 1935 3698 deterior,
1979 3638 2072 3687 aut

2182 3631 2463 3701 κρεῖττονς
2505 3626 2678 3684 ταῦτα
2718 3631 2830 3703 γὰρ
2863 3634 2981 3698 τοῖς
3022 3632 3261 3706 πρόσθεν
3309 3633 3679 3706 συμϐήσεται.
3709 3636 3789 3690 Ἦ

479 3725 756 3795 potentior
794 3722 900 3778 erit
947 3720 1079 3777 Deo.
1122 3721 1183 3777 Si
1225 3723 1470 3792 potentia
1517 3730 1737 3776 natura
1777 3721 2072 3790 respondet

2181 3720 2301 3784 πῶς
2331 3719 2596 3792 συνῆλθεν
2630 3721 2883 3794 ἀλλήλοις
2916 3725 2986 3779 τὰ
3018 3725 3227 3780 τούτων
3264 3726 3738 3799 δημιουργήματα
3766 3747 3786 3798 ;

481 3816 740 3887 potentiae
764 3812 984 3881 divina,
1009 3812 1137 3883 quis
1163 3811 1578 3867 contrarietatis
1605 3824 1845 3880 pugnam
1871 3809 2072 3865 discer«

2177 3809 2248 3865 τὰ
2288 3810 2399 3883 γὰρ
2450 3810 2512 3878 ἑξ
2550 3812 2813 3868 ἐναντίων
2843 3814 2938 3869 καὶ
2983 3810 3296 3887 πολεμίων,
3327 3816 3552 3872 ἐναντία
3576 3833 3639 3871 τε
3687 3819 3790 3873 καὶ

484 3908 615 3962 net?
653 3922 751 3962 nec
794 3906 1029 3960 alterum
1073 3904 1378 3975 quidquam
1426 3900 1642 3958 eillcere
1681 3902 1903 3967 valebit,
1949 3917 2072 3959 cum

2180 3900 2441 3967 πολέμια.
2472 3901 2822 3978 Συνυπάρξαι
2846 3904 2903 3959 δὲ
2931 3903 3174 3973 ἒναντία,
3194 3906 3316 3963 λίαν
3339 3907 3624 3964 ἀδύνατον.
3650 3908 3792 3973 Πῶς

483 3999 714 4053 alterum
747 3998 981 4054 subinde
1012 3997 1404 4066 impedimento
1436 3995 1509 4051 sit
1538 3992 1808 4049 futurum.
1836 3992 1894 4049 Si
1923 3978 2081 4051 dele;

486 4092 598 4145 rior
624 4089 707 4143 vel
743 4087 1016 4143 inﬁrmior
1045 4088 1311 4151 creditur,
1344 4100 1451 4156 qua
1486 4085 1702 4140 ratione
1733 4099 1842 4139 non
1877 4084 2078 4155 poterit

485 4200 516 4237 a
545 4181 656 4236 Deo
688 4179 951 4246 inhiberi,
980 4195 1049 4234 ne
1080 4179 1209 4250 quid
1241 4193 1468 4234 suorum
1497 4191 1723 4247 operum
1753 4176 1950 4230 faciat?
1978 4175 2077 4231 Sin

486 4275 697 4330 ﬁrmior
732 4282 787 4328 et
827 4272 1106 4343 potentior
1140 4284 1244 4337 est,
1292 4285 1465 4339 quare
1512 4283 1625 4323 non
1671 4267 1975 4337 prohibuit,
2015 4282 2082 4322 ne

491 4369 633 4423 licus
667 4367 851 4421 omnia
887 4381 987 4436 pro
1024 4380 1125 4421 sua
1160 4365 1441 4417 voluntate
1475 4373 1529 4416 et
1560 4362 1682 4430 jure
1718 4361 1936 4432 ageret?
1968 4360 2081 4417 Nec

486 4459 633 4513 enim
677 4459 859 4513 dicere
901 4457 1052 4521 licet,
1092 4455 1242 4526 quod
1280 4453 1602 4509 vicissitudo
1638 4454 1888 4523 quaedam
1928 4468 2077 4507 nunc

489 4551 817 4622 imperandi,
855 4566 1003 4605 nunc
1049 4549 1339 4618 imperium
1382 4547 1681 4617 recipiendi
1722 4546 1869 4600 inter
1902 4543 2073 4600 Deum

2180 3990 2238 4045 δὲ
2271 3992 2523 4049 πείσεται
2567 3996 2721 4067 παρά
2750 3996 2860 4053 τῶν
2889 3996 3136 4071 ἀλλήλων
3169 3998 3293 4068 ἀεί;
3338 3996 3428 4053 διὰ
3458 3999 3631 4055 ταῦτα
3663 4001 3790 4071 γὰρ

2183 4084 2370 4155 ἀπαθῆ
2413 4102 2473 4141 τε
2514 4089 2612 4143 καὶ
2640 4087 2909 4161 ἄτρεπτα.
2943 4089 3068 4154 Πῶς
3111 4090 3170 4144 δὲ
3199 4090 3421 4145 ἐναντία
3456 4092 3555 4163 οὐχ
3581 4091 3695 4146 ὑπὸ
3723 4091 3793 4145 εν

2183 4178 2363 4246 γένος,
2417 4179 2555 4250 ὅπερ
2588 4181 2839 4251 κρεῖττόν
2881 4184 2999 4236 ἐστι
3046 4181 3155 4236 τῶν
3186 4182 3363 4249 είδῶν,
3404 4184 3501 4238 καὶ
3538 4184 3688 4239 κατά
3720 4184 3794 4240 τδ

2187 4270 2346 4339 γένος
2382 4271 2599 4335 πάντως
2632 4272 2937 4345 καθέστηκε
2971 4274 3273 4344 συγγενές;
3303 4275 3404 4330 οὐκ
3431 4276 3535 4348 ἄρα
3567 4293 3791 4331 παντε-

2185 4362 2293 4425 λῶς
2324 4361 2543 4415 ἐναντία
2570 4377 2584 4392 ’
2625 4362 2743 4427 πῶς
2770 4364 2827 4417 δὲ
2856 4365 3097 4431 ἐναντία,
3133 4365 3207 4437 μὴ
3241 4367 3565 4438 ποιότητες;
3595 4367 3793 4423 οὐσίαι

2183 4454 2292 4526 γὰρ
2326 4454 2478 4508 οὐδὲν
2513 4456 2779 4513 ἐναντίον.
2808 4459 2987 4514 Πολλὰ
3020 4459 3201 4528 λέγειν
3237 4455 3384 4532 εῐχον
3415 4462 3465 4513 εί
3504 4459 3663 4515 τοῦτο
3712 4456 3795 4532 ἦν

2181 4547 2243 4601 τὸ
2269 4548 2653 4619 προκείμενον.

486 4660 541 4701 et
567 4655 820 4701 naturam
848 4643 1135 4700 consistat.
1165 4641 1301 4695 Nam
1335 4641 1416 4697 sic
1444 4641 1807 4703 elucesceret,
1840 4653 1965 4693 eunt
1999 4638 2274 4695 interdum
2311 4651 2610 4712 potentem,
2675 4641 2949 4696 interdum
3014 4656 3146 4697 vero
3212 4643 3565 4715 impotentem
3633 4658 3794 4703 esse.

490 4737 798 4809 Utrumque
837 4737 983 4791 enim
1027 4737 1095 4791 ab
1139 4747 1348 4790 mterno
1390 4732 1795 4789 alienissimum
1838 4745 1940 4787 est.
1977 4732 2083 4786 Aut
2122 4734 2400 4803 quomodo
2434 4734 2579 4789 inter
2611 4748 2670 4788 sc
2701 4735 3054 4801 convenient,
3088 4751 3213 4791 cum
3283 4738 3394 4792 sint
3460 4742 3801 4797 contraria?

491 4831 606 4887 Erit
639 4832 805 4903 igitur
832 4830 1076 4901 aliquid,
1109 4833 1255 4902 quod
1287 4840 1586 4901 utrumque
1615 4827 1961 4884 disterminet
1992 4828 2077 4883 vel
2147 4828 2419 4901 sejungat.
2448 4828 2507 4883 id
2531 4844 2681 4897 vero,
2744 4839 2839 4885 ant
2899 4831 3131 4900 aequale,
3158 4841 3253 4889 aut
3277 4833 3539 4901 deterius,
3564 4846 3659 4891 aut
3688 4834 3801 4891 ﬁr-

565 5026 607 5056 "
631 5024 740 5079 lsa.
779 5034 933 5086 χχιι,
972 5017 1061 5073 16.

566 5204 661 5270 (in)
698 5204 869 5269 Τίνος
904 5201 972 5255 δὲ
1014 5200 1215 5253 ἕνεκα.
1252 5196 1378 5251 llaec
1420 5204 1504 5270 est
1568 5193 1801 5270 qnazstio
1838 5191 2085 5270 Chryso-

494 5265 657 5326 εδοιηί
694 5274 758 5325 ad
786 5265 1119 5342 lt.’l.,quatn
1154 5267 1522 5342 vero,qttoad-
1547 5270 1747 5342 verba,
1781 5265 2093 5342 immolavit
2194 5276 2429 5342 stemus
2457 5271 2556 5342 ita_
2584 5265 2857 5342 expressit
2898 5289 2915 5342 ξ
2943 5265 3082 5342 Α”Ινα

494 5342 813 5412 Procopius.
866 5335 1149 5397 llic-enim
1195 5342 1275 5395 sic
1323 5335 1648 5412 «pugnabat;
1683 5335 1843 5412 Τίνος
1872 5335 2088 5412 ἓνεῑςεν,

494 5415 615 5466 εἶπέ
648 5405 758 5482 Ρίοιν
786 5413 876 5465 τὸν
914 5412 1011 5482 μὲν
1041 5413 1267 5481 οὐρανὸν
1289 5405 1523 5482 φαιδρὸν
1548 5407 1645 5482 καὶ
1666 5406 1791 5482 -ἀπη
1803 5405 2090 5475 ρτισμένον

495 5477 812 5567 παρήγαγε,
836 5477 934 5567 την
963 5484 1023 5567 5s_
1060 5477 1166 5567 γῆν
1187 5477 1516 5561 ἀμόρφωτον
1545 5477 1788 5567 ἔδειξε-ιλ

569 5543 956 5622 (ἰιΪᾘὸάξτεξὶλ.
1010 5543 1083 5605 Ita
1120 5543 1427 5619 Ῥιοόυὶιῐιις
1471 5552 1706 5622 mutavit
1752 5548 1842 5622 illa
1881 5543 2081 5622 ⁸(ΖΜ-ς·-

495 5616 729 5678 sosidnti
759 5616 904 5694 ενἚξ
943 5624 1115 5694 αὐτῆς
1158 5616 1678 5694 (γῆςίέτρεφόμεθα,
1717 5616 1946 5672 καὶτῶν
1985 5633 2080 5686 μυ-

495 5695 630 5767 ρίων
668 5693 888 5767 ᾁγαθῷν
918 5693 983 5749 δι’
1025 5692 1195 5765 αὐτῆς
1222 5692 1593 5761 ἀπολαύομεν.

2264 5196 2340 5265 (ο)
2374 5198 2508 5251 Ἵνα
2529 5193 2768 5268 οὖνμή.
2803 5198 2931 5254 Haec
2958 5208 3011 5254 et
3051 5214 3170 5270 quae
3197 5210 3505 5269 sequuntur
3542 5198 3805 5270 Chryso-

3136 5272 3210 5341 μή
3232 5272 3321 5324 διὰ
3360 5272 3420 5323 τὸ
3460 5271 3562 5339 τῆς
3591 5273 3807 5340 χρείας

2191 5341 2490 5404 ἀναγκαῖον
2538 5339 2678 5409 ὑπὲρ
2715 5341 2814 5411 τὴν
2863 5339 3021 5407 ἀξίαν
3076 5339 3247 5411 αὐτὴν
3304 5342 3514 5411 τιμήσῃ
3563 5339 3624 5393 τὸ
3672 5342 3803 5395 τῶν

2190 5410 2496 5483 ἀνθρώπων
2522 5410 3091 5483 γενοςηδεέκνυσίησοι
3122 5410 3295 5483 αυτὴν
3314 5410 3585 5483 πρότερον
3608 5413 3808 5480 ἀμόρ-

2191 5478 2505 5553 (genesim).
2536 5478 2949 5553 ᾁδιατρπωτον·
2988 5480 3074 5553 ἵνα
3109 5479 3186 5553 μή
3227 5478 3293 5553 τῇ
3326 5478 3632 5553 γῴύσειατῆς
3654 5478 3806 5553 λγῆς

2188 5551 2289 5625 τὰς
2340 5548 2398 5625 eg
2435 5551 2607 5625 αθτῇς
2654 5550 2976 5625 εὐεργεσίας
3022 5548 3240 5625 λογίσῃ,
3268 5548 3425 5625 ’ἀλλὰ
3458 5551 3537 5622 τῷ
3578 5548 3807 5623 ταύτην

2189 5622 2255 5674 ἐκ
2292 5621 2389 5673 τοῦ
2434 5621 2510 5691 μὴ
2538 5621 2691 5685 ὄντος
2719 5617 2804 5685 εἰς
2833 5621 2895 5676 τὸ
2923 5617 3063 5678 εἶναι
3095 5617 3500 5695 παραγαγόντι.
