4002 6438
266 317 341 384 45
1394 301 1936 366 COMMENTARII
1980 299 2061 361 IN
2103 296 2464 360 GENESIN.
3521 290 3590 349 i’i

267 444 419 485 rasus
450 427 587 483 erit.
624 426 834 483 Eadem
862 424 1093 494 itaque,
1123 432 1247 490 quae
1282 414 1446 471 modo
1496 429 1601 483 ex,
1663 415 1767 467 ista
1837 409 2316 481 argumentatione
2370 413 2696 479 sequentur.
2750 403 3039 471 Quomodo
3094 417 3277 463 autem
3330 407 3473 461 inter

274 525 503 582 coibunt
530 534 590 578 et
622 519 928 577 concordia
958 515 1273 573 coalescent
1299 523 1495 566 eorum
1524 506 1725 577 opera?
1754 505 1886 573 Quae
1920 504 2068 560 enim
2104 518 2173 560 ex
2205 502 2501 557 contrariis
2533 509 2587 555 et
2615 499 2916 555 hostilibus
2980 501 3316 566 conﬂantur,
3388 517 3583 571 perpe-

272 631 366 672 tuo
392 615 646 671 naturali
682 616 829 669 inter
856 627 915 667 se
944 607 1219 665 discordia
1248 602 1622 660 dissidebunt.
1651 600 1846 655 Verum
1873 639 1889 664 ,
1928 605 1987 651 ut
2038 595 2205 651 simul
2261 594 2567 651 subsistant
2598 600 2653 647 et
2719 602 3108 662 permaneant,
3148 595 3253 665 ιο
3320 610 3582 665 perquam

273 708 626 780 ipossibile
659 698 770 763 est.
803 703 911 771 Qui
949 703 1119 771 igitur
1148 699 1385 753 alterum
1420 694 1636 764 patiens
1659 731 1674 756 ,
1709 692 1942 745 alterum
1977 704 2147 759 agens
2168 728 2183 753 ,
2221 696 2275 742 et
2303 687 2546 742 vicissim
2578 699 2701 740 esse
2731 685 3225 757 poterit?’Propter
3257 688 3374 743 haec
3405 690 3583 760 siqui-

270 778 393 859 dem
450 817 558 857 nec
613 799 937 872 passionem
990 810 1091 850 nec
1138 791 1501 847 mutationem
1552 784 1886 855 suscipiunt.
1930 783 2009 836 Ad
2042 783 2158 837 haec
2189 796 2315 837 cum
2348 781 2460 837 sint
2488 778 2803 840 contraria,
2835 779 2938 834 sub
2971 780 3111 834 idem
3175 798 3347 851 genus
3414 785 3579 840 redu—

273 904 492 963 centur,
523 894 685 965 quod
717 900 977 961 utrumne,
1006 895 1197 958 utpote
1229 882 1545 955 speciebus,
1578 880 1683 934 erit
1712 877 2022 948 potentius.
2061 874 2195 929 Nam
2274 888 2438 928 omne
2510 873 2566 927 in
2605 886 2805 965 genere
2844 873 3096 929 consistit
3137 875 3243 929 sibi
3322 888 3582 950 cognato.

268 990 391 1045 Non
434 963 617 1058 igitur
653 1000 754 1056 per
786 982 974 1039 omnia
1019 986 1152 1034 sunt
1194 974 1495 1031 contraria.
1561 971 1762 1025 Verum
1814 984 1923 1037 qua
1998 967 2212 1020 ratione
2262 973 2427 1019 erunt
2453 963 2775 1058 contraria,
2822 977 2946 1017 cum
3001 980 3108 1018 non
3159 967 3469 1024 referantur
3513 973 3581 1027 ad

272 1054 780 1153 medicamentum
816 1069 1152 1144 qualitatis?
1185 1065 1521 1122 Substantire
1555 1064 1703 1118 cnim
1740 1060 1878 1115 nihil
1920 1058 2261 1113 contrarium
2307 1063 2411 1111 est.
2452 1055 2618 1109 Multa
2666 1054 2942 1111 adducere
3014 1061 3348 1127 potuissem,
3426 1064 3473 1120 si
3517 1081 3583 1121 ea

275 1177 342 1231 de
371 1189 434 1229 re
461 1172 659 1227 dicere
690 1182 842 1223 nunc
872 1162 1267 1220 inStituisscm.

344 1315 506 1373 Δῖτὶα
544 1310 607 1367 δὲ
637 1311 735 1363 τοῦ
764 1309 1013 1380 ’ἀοράτου
1044 1308 1149 1378 τῆς
1184 1306 1320 1377 γῆς,
1345 1303 1408 1357 τὸ
1433 1300 1750 1357 ἐπικεῖσθαι
1780 1298 1884 1370 τὴν

2044 1291 2328 1350 Caeterum
2363 1299 2568 1347 terram
2604 1290 2775 1348 fufsse
2805 1291 3247 1362 inconspicuaut,
3272 1309 3450 1350 causa
3495 1305 3582 1351 est

276 1410 519 1464 ἄϐυσσον
547 1421 563 1435 ”
623 1402 872 1464 ἄϐυσσος
918 1401 979 1453 δὲ
1023 1398 1229 1469 πλῆθος
1274 1395 1507 1457 ὑδάτων,
1557 1391 1887 1460 δυσέφικτον

276 1501 402 1572 ἔχον
422 1499 487 1551 τὸ
518 1495 705 1566 πέρας
740 1492 838 1546 ἐπὶ
858 1492 929 1544 τὰ
957 1491 1132 1545 κάτω.
1167 1488 1268 1542 Διά
1292 1487 1356 1540 τὸ
1379 1484 1634 1539 πλεῖστον
1662 1479 1757 1536 οὖν
1793 1480 1889 1551 βά-

276 1595 366 1655 Ea;
396 1591 496 1644 καὶ
518 1589 589 1641 τὸ
647 1588 818 1658 μήπω
876 1582 1166 1652 ,γεγονέναι
1194 1579 1256 1634 τὸ
1280 1579 1420 1647 φῶς,
1443 1577 1675 1647 ἀόρατος
1706 1576 1887 1644 ὑπῆρ-

266 1684 415 1753 -χενὴ
440 1683 536 1752 γῆ.
556 1679 678 1732 Οὑκ
699 1678 813 1749 ἄρα
832 1673 1151 1746 θαυμαστὸν
1181 1673 1230 1725 εί
1249 1669 1456 1741 πρὸ,τό
1477 1666 1626 1737 φῶς,
1643 1666 1886 1730 σκότος·

273 1776 396 1828 οὐδὲ
422 1775 538 1842 γὰρ
570 1770 890 1824 ὑπόστασιν
939 1768 1226 1835 κέκτηται,
1255 1760 1486 1831 δυνάμει
1523 1758 1582 1812 δὲ
1620 1755 1889 1826 φωτιστὸν

264 1868 390 1918 ἐστι
421 1863 613 1932 φωτὸς
655 1858 971 1931 παρουσίας
1017 1856 1294 1926 δεόμενον.
1335 1851 1473 1924 Ἀήρ
1519 1851 1629 1922 γάρ
1658 1849 1776 1902 ἐστι
1806 1847 1890 1899 δε-

273 1955 463 2017 κτικὸς
506 1952 612 2006 τοῦ
647 1951 863 2022 φωτός·
912 1949 974 2002 οὐ
1030 1947 1168 2000 καθὸ
1206 1945 1315 2017 ἀὴρ
1366 1943 1560 2006 σκότος
1603 1941 1886 2009 ὑπάρχων,

271 2046 687 2116 ὲπισυμϐαῖνον
735 2043 796 2096 δὲ
840 2040 1002 2097 τοῦτο
1047 2038 1250 2109 λαχών.
1301 2035 1545 2105 Δυνάμει
1586 2051 1638 2087 τι
1668 2032 1763 2097 ὃν,
1793 2032 1888 2086 τοῦ

280 2142 401 2195 κατ’
456 2140 764 2211 ἐνέργειαν
812 2134 959 2206 ἀρχὴ
1008 2133 1106 2186 καὶ
1150 2130 1305 2199 φίλον
1337 2129 1456 2182 ὲστὶ
1497 2128 1594 2181 καὶ
1625 2124 1892 2195 συγγενὲς

266 2233 340 2287 δι’
362 2230 540 2287 αὑτοῦ
574 2227 995 2297 τελειοὺμενον.
1040 2224 1115 2277 Τὸ
1136 2222 1193 2276 δὲ
1213 2222 1396 2288 λέγειν
1426 2218 1573 2273 κατὰ
1605 2218 1707 2288 τὴν
1739 2215 1891 2271 ἀντί..

276 2327 478 2397 οραξιν
534 2320 747 2392 νοητοῦ
793 2319 975 2387 φωτὸς
1004 2315 1295 2386 γεγονέναι
1323 2313 1385 2367 τὸ
1412 2310 1628 2375 σκοτὸς,
1658 2311 1706 2362 εἰ
1732 2308 1890 2377 λόγον

270 2417 709 2488 εὖπαράδεκτον
742 2413 860 2483 ἔχει
890 2410 1286 2479 σκοπήσωμεν.
1318 2404 1384 2458 Τί
1411 2404 1522 2475 γὰρ
1546 2440 1562 2466 ,
1607 2401 1733 2455 είπέ
1776 2416 1888 2470 μοι,

276 2512 379 2563 τῶν
430 2508 731 2578 σωμάτων
774 2502 962 2573 νοητὸν
1013 2499 1130 2568 φῶς
1168 2493 1501 2567 ἀντιφράξαι
1552 2491 1888 2562 δυνήσεται;

275 2601 403 2664 Θεὸς
431 2599 551 2668 γὰρ
583 2597 758 2651 τοῦτο
795 2594 891 2649 καὶ
914 2595 949 2663 ἡ
984 2589 1200 2645 ἐκεῖθεν
1230 2590 1342 2651 τοῖς
1370 2586 1583 2655 νοητοῖς
1617 2596 1889 2653 χορηγου-

1976 1388 2170 1459 abyssi
2203 1385 2510 1449 inundatio,
2538 1399 2662 1454 qua-
2693 1384 2842 1439 illam
2871 1384 3098 1441 obtexit.
3127 1387 3378 1459 Ahyssus
3409 1404 3579 1460 aqua-

1991 1494 2112 1533 rum
2144 1477 2507 1532 redundantia
2535 1484 2642 1542 est,
2672 1474 2838 1545 cujus
2864 1475 3047 1538 tinctu,
3075 1476 3118 1529 si
3151 1477 3582 1547 profunditatem

1991 1570 2274 1640 inquiras,
2313 1568 2583 1638 attingere
2627 1568 2843 1637 nequis.
2872 1564 3229 1640 Quapropter
3263 1587 3387 1626 cum
3430 1582 3584 1628 tanta

1990 1670 2137 1716 esset
2186 1674 2454 1731 aquarum
2504 1656 2883 1727 profunditas,
2932 1674 3031 1714 nec
3085 1662 3250 1714 etiam
3302 1662 3396 1716 lux
3444 1664 3588 1718 foret

1991 1760 2197 1815 creata,
2241 1749 2444 1804 accidit
2517 1755 2576 1802 ut
2616 1755 2767 1803 terra
2822 1764 2932 1804 non
2983 1752 3228 1820 potuerit
3272 1752 3465 1808 videri.
3510 1754 3589 1807 Ne

1991 1843 2159 1913 igitur
2209 1841 2469 1905 mireris,
2524 1839 2571 1894 si
2629 1841 2870 1896 tenebra:
2920 1852 3326 1912 praecesserunt
3382 1845 3583 1901 lucem.

1991 1934 2128 1989 Nam
2164 1936 2407 1989 teut-bra:
2441 1948 2538 2004 per
2571 1949 2631 1988 se
2669 1949 2780 1988 non
2816 1934 3154 2001 subsistunt,
3191 1943 3247 1988 at
3281 1947 3423 2007 aptae
3458 1948 3590 1993 sunt

1991 2014 2325 2090 illuminari,
2375 2025 2625 2095 lucisque
2671 2025 2962 2094 praesentia
3010 2037 3189 2097 egent.
3234 2029 3342 2083 Aer
3382 2030 3587 2084 etenim

1993 2115 2369 2186 susceptibilis
2405 2124 2488 2171 est
2523 2116 2695 2182 lucis,
2732 2132 2844 2171 non
2881 2118 3154 2173 exsistens
3186 2129 3460 2190 quatenus
3496 2137 3589 2177 aer

1992 2216 2078 2264 cst
2113 2209 2296 2278 caligo
2334 2225 2349 2262 :
2387 2208 2528 2262 hanc
2565 2224 2696 2265 vero
2732 2208 3160 2263 accidentariam
3205 2219 3291 2265 est
3332 2213 3586 2283 adeptus.

1993 2300 2061 2352 At
2093 2299 2237 2369 quod
2272 2298 2511 2368 potentia
2543 2307 2662 2365 est,
2696 2298 2816 2368 cius
2847 2299 2992 2370 quod
3028 2302 3249 2372 energia
3310 2312 3394 2358 est
3432 2305 3590 2375 prin-

1984 2391 2194 2460 cipium
2236 2389 2578 2461 perhibetur,
2610 2390 2772 2461 eique
2805 2391 3043 2445 amicum
3080 2401 3134 2447 et
3168 2404 3465 2463 cognatum
3497 2398 3589 2465 ju-

1994 2482 2237 2545 dicatur,
2272 2491 2330 2536 ut
2365 2497 2464 2551 per
2493 2481 2643 2552 quod
2673 2482 3400 2552 inveneritperfectionem.
3431 2485 3588 2553 Quod

1982 2579 2182 2627 autem
2220 2560 2429 2625 dicitur
2458 2572 2723 2627 tenebras
2756 2582 2922 2628 natas
2952 2588 3079 2630 esse
3107 2590 3173 2630 ex
3205 2577 3591 2633 obstructiono

276 2693 411 2763 μένη
440 2664 565 2760 ζωή
602 2705 670 2741 τε
708 2687 810 2740 καὶ
838 2682 1133 2753 ελλαμψις.
1180 2678 1518 2748 Έτόλμησαν
1545 2675 1604 2730 δέ
1631 2692 1779 2738 τινες
1808 2676 1885 2727 εί-

1991 2665 2296 2720 invisibilis
2340 2665 2425 2719 vel
2467 2664 2865 2722 intellectualis
2906 2666 3082 2731 lucis,
3123 2667 3416 2725 videamus
3458 2688 3589 2728 num

275 2787 395 2839 πεῖν
419 2784 507 2836 ὅτι
533 2779 743 2840 σκότος
766 2778 794 2829 ὁ
817 2773 1065 2835 διάϐολός
1090 2773 1262 2831 ἐστιν,
1287 2766 1526 2829 ἄϐυσσος
1538 2767 1592 2819 οἱ
1607 2764 1884 2835 δαίμονες·

272 2879 363 2930 ὅτε
392 2874 454 2928 δὲ
506 2867 893 2930 εἷπενὸΘεὸς,
914 2883 933 2915 ι
950 2858 1393 2933 Γενηθήτωφῶς,
1420 2876 1440 2909 ›
1470 2856 1733 2925 γέγονενὸ
1761 2854 1890 2917 Υἱὸς

276 2967 374 3029 cmi
401 2962 568 3019 Θεοῦ.
606 2960 729 3014 Καὶ
752 2957 856 3010 οὑκ
894 2953 1250 3025 αἰσχύνονται
1286 2950 1383 3003 τοῦ
1411 2947 1546 3001 Υἱοῦ
1577 2945 1888 3018 πρεσϐύτε-

278 3077 370 3131 ρον
388 3058 481 3112 τὸν
504 3052 777 3109 διάϐολον
800 3050 1073 3118 λέγοντες,
1100 3047 1195 3100 καὶ
1218 3044 1310 3098 τὸν
1328 3041 1561 3113 οὐρανόν
1583 3056 1642 3093 τε
1663 3038 1759 3093 καὶ
1787 3038 1888 3131 τὴν

277 3129 398 3223 γῆν,
426 3149 499 3202 δι’
550 3140 623 3201 οὗ
661 3143 765 3198 καὶ
803 3141 981 3195 ταῦτα
1044 3139 1282 3207 ἐγένετο.
1323 3135 1473 3205 Πλὴν
1646 3129 1888 3223 γεγονως

277 3216 476 3314 ἀγαθὸς
500 3242 533 3294 ὁ
555 3235 823 3297 διάϐολος
848 3231 910 3296 ἐξ
923 3228 1118 3284 ἑαυτοῦ
1139 3224 1413 3299 προῆλθεν
1437 3216 1707 3314 διάϐολος.
1732 3238 1753 3273 ι
1776 3216 1890 3314 Τῆς

366 3333 641 3396 ἀϐύσσου,
664 3347 686 3381 ι
725 3323 922 3388 εἰπὼν,
955 3314 1467 3392 συμπεριεχομένης
1509 3312 1623 3376 τοῖς
1660 3309 1891 3380 γενομέ-

280 3447 386 3491 νοις
415 3423 699 3498 ἐμνήσθη,
715 3420 795 3497 ᾡς
833 3416 987 3488 δηλοῖ
1013 3413 1075 3467 τδ
1097 3410 1299 3483 ἄρθρον
1328 3407 1390 3462 τὸ
1413 3405 1564 3498 τῆς]
1584 3402 1776 3474 ὥσπερ
1796 3401 1895 3498 καλ

298 3522 374 3583 τὲ,
398 3540 417 3571 ι
703 3494 804 3565 τοῦ
832 3508 1043 3569 ὓδατος·
1064 3520 1086 3556 ι
1107 3501 1196 3556 διὰ
1219 3500 1329 3570 γὰρ
1358 3502 1455 3568 τῆς
1484 3495 1593 3549 τῶν
1618 3491 1896 3564 περιεχόν-

1996 2775 2303 2830 congruam
2338 2762 2426 2817 vel
2467 2762 2813 2832 probabilem
2850 2762 3127 2819 rationem
3167 2765 3390 2820 haheat.
3425 2765 3589 2831 Nam,

1995 2869 2208 2924 quaeso,
2225 2854 2358 2908 mihi
2388 2861 2640 2923 narrato,
2657 2855 2948 2925 quodnam
2974 2870 3181 2927 corpus
3211 2858 3594 2915 intellectualo

1995 2945 2174 3001 lucem
2205 2960 2310 3000 suo
2333 2946 2600 3016 oppositu
2629 2947 2935 3003 obscurare
2964 2948 3184 3017 potest?
3212 2949 3358 3007 Deus
3384 2952 3590 3007 ctenim

1994 3048 2081 3092 est
2113 3038 2207 3092 lux
2242 3037 2338 3094 illa
2376 3039 2684 3095 invisibilis
2718 3059 2731 3094 :
2767 3040 2880 3095 vita
2915 3048 2971 3095 et
3005 3041 3351 3098 illuminatio
3384 3059 3451 3098 ex
3485 3043 3592 3098 hoc

1991 3130 2146 3186 fonte
2178 3131 2571 3201 spiritualibus
2598 3132 2876 3188 hauritur.
2910 3131 3147 3200 Quidam
3182 3135 3302 3190 ausi
3338 3144 3473 3192 sunt
3505 3137 3593 3192 di.

1993 3235 2119 3276 cere
2157 3222 2439 3278 diabolum
2481 3222 2662 3280 fuisse
2698 3225 2825 3282 illas
2870 3225 3130 3281 tenebras
3171 3244 3185 3280 :
3228 3235 3286 3281 et
3327 3227 3587 3298 abyssum

1992 3313 2172 3367 malos
2201 3312 2484 3371 daemones
2516 3329 2645 3371 esse
2676 3323 2959 3380 statuere;
2989 3323 3256 3386 praeterea
3281 3331 3414 3371 cum
3448 3316 3592 3375 Deus

1994 3404 2235 3461 dixerit:
2261 3404 2553 3464 «Fiatlux:
2584 3428 2604 3460 ›
2624 3410 3209 3480 ριόίιίἰεεθζνθιιιιιῑυηι
3231 3425 3354 3466 esse
3385 3409 3589 3467 Filium

1995 3491 2114 3548 Dei.
2146 3493 2349 3549 Mirum
2383 3495 2632 3566 profecto
2664 3508 2785 3563 est,
2816 3499 2964 3569 quod
2998 3514 3110 3554 non
3134 3500 3313 3569 .pndet
3341 3515 3439 3557 eos
3470 3500 3593 3554 dia-

294 3582 391 3664 tua
426 3604 809 3679 δημιουργίας
858 3592 1202 3667 συνεδηλώθη
1251 3590 1349 3644 καὶ
1387 3588 1457 3642 τὰ
1496 3587 1884 3659 περιεχόμενα.

1988 3582 2204 3653 bolum,
2236 3587 2437 3642 caelum
2474 3596 2816 3661 terramque,
2850 3606 2972 3661 quae
2990 3592 3186 3646 omnia
3212 3600 3405 3647 creata
3435 3603 3589 3661 sunt,

296 3696 426 3759 p.130
597 3675 926 3766 antiquiora
960 3696 1254 3744 astruere.
1300 3683 1414 3738 Sua
1455 3680 1678 3752 quidem
1726 3675 2013 3751 creatione
2049 3677 2227 3733 bonus
2264 3686 2385 3733 erat
2422 3679 2686 3737 diabolus
2720 3699 2734 3736 :
2768 3682 2920 3753 quod
2957 3691 3137 3737 autem
3193 3697 3341 3738 nunc
3375 3685 3591 3746 calum.

292 3800 459 3853 uiator
489 3803 547 3850 et
586 3793 782 3847 malus
818 3794 929 3849 est,
971 3785 1025 3838 id
1096 3797 1163 3838 ex
1233 3795 1358 3837 sese
1391 3778 1579 3832 habet.
1604 3794 1622 3826 ‹
1667 3773 1844 3842 Super
1862 3770 2145 3842 ‘abyssum
2187 3793 2206 3827 ι
2247 3774 2462 3844 inquit,
2498 3779 2645 3848 quod
2684 3780 2933 3851 undique
2968 3780 3360 3835 continebatur
3392 3782 3460 3835 ah
3499 3782 3589 3836 his

282 3909 403 3965 qu:
430 3887 670 3946 condita
700 3890 890 3944 erant,
917 3879 1091 3934 sicuti
1123 3884 1310 3932 monet
1351 3854 1632 3929 articulus
1659 3868 1782 3939 τῆς,
1808 3866 1860 3921 id
1881 3873 1968 3921 est
1990 3867 2134 3924 hanc
2156 3909 2172 3934 ,
2205 3874 2372 3930 sicuti
2408 3883 2461 3929 ct
2496 3874 2552 3929 in
2571 3874 2677 3931 hoc
2710 3875 2833 3930 loco
2870 3893 2912 3929 ει
2933 3876 3117 3947 Supra
3138 3878 3281 3932 hanc
3319 3891 3581 3947 aquam.»

283 3959 414 4044 riam
454 3982 765 4038 continens
802 3960 1080 4044 accipitur
1115 3984 1215 4040 pro
1254 3974 1539 4034 contento,
1580 3963 1727 4037 quod
1760 3959 2065 4031 Scriptum
2093 3980 2267 4025 sacrae
2299 3968 2595 4026 admodum
2632 3970 2903 4027 familiare
2932 3977 3035 4026 est.

345 4122 456 4177 Καὶ
483 4116 739 4186 πνεῦμα
764 4111 914 4169 Θεοῦ
938 4108 1263 4180 ἐπεφέρετο
1283 4106 1485 4162 ἐπάνω
1506 4104 1613 4161 τοῦ
1642 4102 1881 4166 ὓδατος.

2060 4102 2134 4157 Et
2175 4108 2398 4176 spiritus
2438 4105 2538 4162 Dei
2578 4107 2817 4162 movebat
2863 4108 3124 4176 se'strper
3163 4110 3359 4180 faciem
3413 4126 3584 4181 aqua“

278 4216 339 4268 οξ
370 4214 478 4283 μέν
526 4225 669 4279 φασι
696 4207 762 4261 τὸ
788 4202 1017 4274 Πνεῦμα
1049 4202 1114 4256 τὸ
1139 4201 1297 4268 ἅγιον
1322 4216 1336 4230 ·
1368 4197 1491 4254 ὅθεν
1522 4192 1888 4268 προσκεῖσθαι

278 4307 372 4361 καὶ
394 4306 461 4358 τὸ
484 4324 502 4355 ι
542 4299 709 4366 Θεοῦ,
746 4318 765 4351 ι
798 4298 937 4367 ὅπερ
963 4295 1058 4348 ἐπὶ
1090 4293 1252 4365 μόνου
1271 4291 1365 4344 τοὺ
1385 4291 1542 4359 ἁγίου
1569 4286 1889 4355 Ηνεύματος

279 4396 562 4464 λέγεσθαι.
619 4389 881 4445 Τοιοῦτόν
923 4405 978 4440 τι
1029 4385 1139 4456 γὰρ
1187 4382 1588 4455 ὑποσημαίνειν
1630 4379 1729 4451 τὴν
1780 4375 1888 4430 τῶν

294 4486 579 4556 Ἐϐραίων
611 4480 800 4550 φωνὴν
831 4478 890 4532 τδ
914 4477 1077 4531 οἱονεὶ
1098 4475 1328 4529 θάλπειν
1357 4472 1574 4545 ὄρνιθος
1602 4471 1761 4540 δίκην
1790 4466 1888 4522 καὶ

280 4581 455 4633 κινεῖν
499 4573 643 4645 πρὸς
682 4569 982 4641 ζωογονίαν
1022 4568 1085 4622 τδ
1114 4567 1260 4638 ὕδωρ
1289 4583 1304 4597 ο
1326 4565 1413 4631 ’ὡς
1445 4564 1512 4619 ἂν
1546 4561 1746 4634 δειχθῇ
1776 4559 1886 4614 τῶν

280 4668 572 4740 στοιχείων
588 4666 625 4735 ή
644 4662 810 4733 φὺσις
834 4660 1001 4732 μηδὲν
1018 4657 1232 4715 οἴκοθεν
1249 4658 1448 4727 ἔχουσα
1462 4654 1599 4726 πρὸς
1616 4654 1677 4707 τὸ
1700 4651 1887 4723 ἀμέμ-

278 4778 431 4824 πτως
452 4759 555 4822 τὰς
605 4757 745 4820 ἰδίας
770 4744 1054 4823 ἐνεργείας
1077 4750 1363 4806 ἀποτελεῖν
1386 4742 1499 4802 οἷον
1530 4746 1819 4814 ζωογονεῖν
1848 4741 1882 4813 ἢ

279 4851 532 4905 θάλπεινο
552 4849 699 4917 ὅπερ
714 4847 818 4899 οὑκ
843 4844 999 4915 ἔσχεν
1032 4845 1066 4914 ὴ
1086 4841 1194 4899 τῶν
1227 4839 1493 4911 Ἐλλήνων
1510 4838 1597 4892 διὰ
1628 4837 1758 4907 μιᾶς
1781 4834 1885 4904 τῆς

276 4946 478 5011 λέξεως
507 4939 867 5014 παραστῆσαι
896 4936 1071 5006 φωνὴ,
1095 4930 1217 4989 εἷπε
1235 4935 1315 4999 τὸ,
1344 4931 1690 5002 ἐπεφέρετο,
1730 4931 1883 5002 ῥῆμα

282 5035 426 5090 θείου
448 5032 775 5101 “vstigia-to;
794 5030 935 5098 ἄγαν
953 5027 1258 5098 ἀλλότριον·
1278 5027 1327 5080 εί
1346 5027 1419 5098 μή
1433 5025 1606 5088 τις-ὼς
1624 5023 1705 5089 τὸ,
1738 5026 1883 5078 Kar-

280 5125 382 5191 ἐστι
428 5127 460 5176 ὁ
495 5123 635 5183 Θεὸς
670 5122 768 5174 καὶ
788 5119 973 5186 ἀνέϐη
1002 5121 1097 5173 καὶ
1120 5117 1480 5186 περιεπάτει,
1515 5117 1612 5170 καὶ
1649 5114 1719 5168 τὰ
1766 5130 1880 5167 τοι-

278 5213 447 5277 αὔτα,
483 5213 587 5266 καὶ
612 5210 774 5263 τοῦτο
806 5210 1075 5278 νοήσειεν.
1108 5209 1173 5261 Ol
1199 5208 1277 5271 δὲ,
1303 5205 1462 5260 τοῦτο
1498 5206 1597 5276 μὲν
1626 5203 1881 5258 ἀπεδοκίσι

277 5321 489 5377 pasam
505 5306 588 5374 μὴ
610 5306 723 5375 γὰρ
747 5303 855 5356 δεῖν
871 5306 938 5375 τῇ
962 5304 1140 5357 κτίσει
1159 5301 1617 5372 συναριθμεῖσθαι
1639 5290 1699 5354 τδ
1721 5302 1877 5356 ἄκτι-

274 5410 402 5452 om
426 5415 443 5428 ·
472 5397 709 5467 Πνεῦμα
732 5395 788 5448 δὲ
819 5395 955 5449 Θεοῦ
974 5395 1067 5448 τὸν
1083 5393 1221 5465 ἀέρα
1258 5392 1545 5464 σημαίνειν
1578 5391 1872 5446 ὑπέλαϐον.

270 5490 386 5543 Καὶ
409 5489 504 5543 διὰ
524 5490 606 5550 τί,
635 5487 810 5552 Θεοῦ;
834 5489 884 5540 τί
904 5486 1014 5557 γὰρ
1028 5485 1135 5540 τῶν
1153 5484 1360 5538 λοιπῶν
1378 5485 1440 5537 οὑ
1462 5483 1621 5551 Θεοῦ;
1653 5483 1873 5556 Ἐπειδὴ

1994 4209 2131 4250 rum.
2165 4197 2401 4265 Quidam
2434 4200 2627 4255 volunt
2657 4200 2748 4254 hic
2782 4200 3206 4272 intelligendum
3242 4217 3368 4259 esse
3398 4203 3582 4275 Spiri-

1989 4293 2108 4343 tum
2145 4299 2432 4358 sanctum,
2467 4290 2616 4363 Quod
2652 4291 2922 4362 colligunt
2957 4292 3120 4359 inde,
3156 4296 3287 4365 quia
3323 4296 3531 4351 dicitur
3562 4316 3583 4354 :

1997 4401 2015 4432 ‹
2047 4379 2292 4451 Spiritus
2318 4381 2439 4446 Dei,
2473 4402 2492 4436 ι
2523 4383 2672 4455 quod
2704 4383 2772 4438 de
2800 4385 2924 4440 solo
2955 4382 3172 4455 Spiritu
3206 4394 3406 4443 sancto
3436 4388 3583 4446 dici—

1992 4483 2098 4530 tur.
2141 4475 2278 4532 Nam
2324 4476 2591 4534 Hebraica
2634 4493 2738 4534 vox
2785 4479 3095 4550 signiﬁcat,
3138 4483 3303 4553 quasi
3334 4482 3581 4556 Spiritus

1990 4567 2239 4634 incubet,
2293 4570 2500 4637 foveat,
2547 4571 2727 4627 instar
2768 4572 2908 4639 avis,
2956 4588 3186 4645 aquam,
3233 4591 3467 4649 eamque
3510 4582 3577 4633 .171

1988 4661 2401 4729 generationem
2432 4662 2756 4718 animalium
2787 4673 3030 4720 moveat.
3069 4664 3188 4733 Qua
3221 4683 3281 4724 re
3309 4670 3580 4727 docemur

1986 4751 2262 4808 elementa
2290 4753 2499 4808 nullam
2526 4754 2635 4809 vim
2666 4763 2881 4823 tenere,
2909 4763 2971 4811 ut
3001 4758 3223 4828 possint
3250 4759 3463 4831 absque
3491 4779 3578 4817 rc-

1986 4847 2353 4918 prebensione
2400 4863 2500 4919 per
2549 4864 2610 4906 sc
2656 4864 2789 4906 suas
2837 4851 3203 4922 operationes
3252 4853 3573 4917 absolvere,

1984 4940 2199 4996 scilicet
2232 4941 2497 4998 animalia
2532 4956 2864 5014 procreare,
2899 4953 2994 5000 aut
3026 4945 3296 5002 incubare
3331 4963 3346 5000 :
3379 4962 3574 5003 verum

1984 5026 2101 5082 haec
2130 5027 2248 5083 ﬁeri
2280 5030 2468 5086 omnia
2493 5032 2704 5088 virtute
2728 5032 2947 5088 divina.
2975 5033 3250 5092 Caeterum
3282 5036 3437 5092 nulla
3469 5053 3572 5092 vox

1983 5118 2172 5197 Gragca
2204 5121 2386 5191 potuit
2414 5139 2512 5179 sua
2544 5124 2959 5192 significatione
2985 5126 3091 5180 ista
3121 5128 3363 5195 perfecte
3387 5131 3573 5199 expri—

1982 5227 2153 5277 mere,
2210 5227 2547 5284 quapropter
2581 5216 2658 5270 ait
2697 5234 2711 5271 :
2752 5213 3093 5279 Ferebatur;
3151 5217 3298 5287 quod
3342 5221 3568 5289 quidem

1981 5303 2222 5359 alienum
2251 5315 2335 5360 cst
2358 5306 2627 5377 aSpiritu
2654 5319 2870 5369 sancto.
2898 5309 3005 5365 nisi
3034 5307 3176 5364 forte
3199 5310 3351 5379 quis,
3377 5327 3571 5383 quem-

1982 5395 2278 5450 admodum
2315 5397 2405 5451 illa
2441 5417 2454 5452 ε
2489 5398 2635 5455 Dens
2693 5400 2962 5466 ascendit,
3013 5400 3281 5457 desreudit
3346 5412 3400 5458 et
3452 5421 3570 5457 am.

1982 5484 2198 5541 bulabal
2219 5529 2234 5555 ,
2256 5490 2422 5543 etiam
2463 5490 2609 5546 hanc
2632 5491 2850 5547 dicendi
2876 5493 3115 5548 formam
3144 5494 3435 5561 intelligat.
3459 5492 3567 5553 Sed

269 5582 379 5637 ιῖιν
412 5581 729 5654 εἰρημένων
754 5580 1103 5651 λεπτότερον,
1123 5579 1217 5632 καὶ
1238 5576 1549 5648 ἀσωμάτων
1579 5577 1768 5647 ἐγγὺς,
1788 5578 1870 5631 ἔτι

1988 5580 2196 5649 quidam
2233 5582 2379 5637 hunc
2412 5598 2640 5639 sensum
2679 5585 3066 5642 exsibilarunt.
3104 5585 3256 5639 llaud
3289 5584 3436 5642 enim
3473 5588 3571 5639 de.

266 5670 324 5723 δὲ
338 5672 439 5723 καὶ
455 5668 912 5740 κινητικώτερον,
934 5667 1153 5737 πνεῦμα
1171 5664 1260 5720 διὰ
1280 5665 1441 5719 τοῦτο
1462 5683 1709 5738 προσαγο
1719 5667 1872 5738 petie-

264 5775 378 5829 ται,
403 5761 434 5815 ὅ
456 5763 560 5816 καὶ
590 5759 695 5833 τὴν
724 5760 880 5816 θείαν
922 5762 1113 5817 οὐσίαν
1157 5760 1449 5832 ὀνομάζειν
1496 5755 1638 5816 οἶδεν
1679 5761 1713 5831 ἡ
1749 5760 1870 5816 θεία

1978 5689 2101 5728 cere
2141 5674 2550 5741 existimantes,
2587 5684 2650 5731 ut
2687 5686 2961 5734 creatura:
2996 5678 3304 5749 ingenitum
3348 5692 3565 5735 coman-

1979 5776 2249 5834 mcrctur,
2303 5768 2531 5838 proinde
2565 5770 2858 5827 voluerunt
2894 5791 2923 5849 ⁵ι
2958 5762 3225 5844 Spiritum
3269 5768 3363 5828 Dei
3403 5788 3424 5827 ι
3463 5770 3571 5829 hoc
