4002 6444
452 339 522 403 47
1772 341 2028 405 PROCOi

2163 291 2407 407 ΠΛΖΈῙ
2781 386 2791 417 .
3654 375 3728 441 48

457 452 578 505 loco
612 446 923 519 signiﬁcare
967 460 1148 501 aerem
1207 446 1291 502 vel
1323 452 1570 503 ventum.
1605 446 1673 502 At
1708 465 1913 521 quare,
1949 453 2028 507 in-

2140 456 2353 527 Γραφὴ·
2391 458 2467 521 ὡς
2494 453 2587 513 οὖν
2612 460 2687 533 μὴ
2711 460 2837 516 ἄλλο
2863 480 2913 517 τι
2947 464 3096 539 παρὰ
3122 468 3221 541 τὴν
3249 473 3427 530 κτίσιν
3449 478 3613 535 αὑτὸν
3633 484 3727 538 διά

455 543 577 615 quit
608 560 620 596 :
652 540 877 609 spiritus
912 537 1048 593 Dei?
1093 539 1249 609 quasi
1282 554 1413 593 vero
1451 547 1645 594 caetera
1679 544 1865 596 omnia
1927 559 2034 598 non

455 634 567 688 Deo
620 632 1013 685 attribuantur.
1067 629 1333 685 Cteterum
1393 646 1488 686 acr
1536 632 1622 686 vcl
1672 641 1872 689 ventus
1926 634 2035 691 Deo

452 725 634 796 magis
676 740 839 795 quam
887 724 1097 794 reliqua
1142 725 1404 793 congruit
1432 763 1445 790 ,
1489 724 1760 795 siquidem
1808 728 2039 798 reliquis

453 818 746 874 subtilibus
763 816 1151 872 etsubstautiis
1175 816 1519 886 incorporeis
1566 827 1652 873 cst
1676 820 2039 890 pmpinquius

452 911 600 966 istud
633 911 985 964 elementum.
1008 907 1305 977 Pr0pterea
1330 909 1512 963 isthoc
1541 912 1769 966 nomine
1803 920 2036 976 vocant,

451 1012 561 1068 quo
608 1010 766 1051 saera
818 994 1110 1064 Scriptura
1158 996 1399 1050 divinam
1453 1008 1709 1053 naturam
1762 1001 2038 1071 appellare

450 1087 762 1145 consuevit.
789 1086 896 1141 Sed
930 1102 998 1141 ne
1030 1087 1154 1157 plus
1182 1103 1346 1158 quam
1374 1089 1530 1145 decet
1561 1092 1671 1145 aeri
1702 1092 2035 1160 tribuamus,

449 1195 688 1250 eumque
711 1179 843 1249 quid
870 1173 1174 1234 increatum
1196 1181 1507 1251 credamus,
1535 1175 1729 1239 merito
1753 1187 2037 1258 subjunxit

430 1274 648 1341 Moses,
679 1272 796 1336 Dci,
825 1287 937 1343 quo
969 1282 1214 1335 auctore,
1244 1272 1387 1327 sicut
1415 1281 1468 1328 et
1495 1275 1622 1340 alia,
1654 1291 1810 1332 suam
1845 1294 2036 1334 essen-

450 1367 583 1422 tiam
627 1376 820 1420 naetus
859 1372 964 1420 est.
995 1362 1151 1430 Quod
1183 1378 1314 1419 vero
1354 1379 1461 1419 non
1501 1367 1801 1424 abhorreat
1831 1385 1862 1424 a
1897 1385 2034 1426 con-

447 1459 744 1515 suetudine
783 1455 1091 1527 Scripturae
1124 1470 1306 1512 aerem
1347 1459 1591 1514 vocitare
1623 1462 1870 1529 spiritum
1906 1478 2031 1519 cum

447 1551 735 1607 additione
774 1549 1038 1605 dictionis
1060 1589 1074 1616 ,
1110 1546 1246 1616 Dei,
1282 1550 1543 1604 audiatur
1574 1551 1750 1607 David
1804 1553 1873 1608 de
1908 1569 2035 1612 aere

445 1654 504 1703 et
552 1646 677 1704 aliis
724 1660 848 1717 quas
894 1645 950 1699 in
999 1643 1106 1698 hoc
1147 1643 1420 1699 elemento
1465 1644 1696 1715 produci
1748 1646 2031 1715 assolent,

444 1743 729 1802 disserens
763 1759 777 1796 :
819 1760 837 1794 ι
875 1738 996 1811 Ipse
1028 1739 1121 1794 dat
1152 1740 1333 1795 nivem
1365 1738 1513 1794 sicut
1544 1740 1761 1808 lanam,
1791 1748 1844 1798 et
1879 1743 2033 1813 prui-

444 1855 572 1896 nam
615 1839 766 1895 velut
814 1836 1059 1892 favillam
1093 1837 1302 1908 spargit
1327 1838 1369 1870 ι’
1405 1855 1419 1892 :
1460 1836 1695 1909 "proiicit
1737 1840 1887 1896 velut
1919 1841 2031 1896 ira-

445 1938 666 2001 gmenta
697 1930 927 2002 glaciem
958 1943 1114 1985 suam
1141 1930 1209 1989 ὀ,
1236 1947 1255 1981 ι
1291 1938 1399 1985 etc.
1433 1929 1497 1983 Et
1533 1930 1728 1985 iterum
1767 1946 1782 1985 :
1820 1949 1840 1982 ι
1877 1932 2033 1987 Facit
2065 1966 2105 2022 Β

442 2023 580 2080 ﬂare
607 2032 832 2080 ventum
870 2036 1056 2087 suum,
1089 2028 1143 2076 et
1178 2020 1349 2077 ﬂuent
1384 2036 1540 2094 aquae
1557 2022 1659 2078 ³³.»
1700 2022 1818 2078 Non
1863 2024 2030 2095 igitur

441 2132 510 2175 cx
556 2119 646 2176 his
689 2132 840 2173 nunc
880 2122 1134 2187 apparet,
1179 2116 1433 2186 spiritum
1477 2117 1781 2187 aliquando
1822 2119 1931 2173 dici
1973 2120 2027 2173 in

444 2209 735 2281 Scriptura
770 2221 952 2262 aerem
976 2245 993 2272 ,
1027 2205 1327 2276 aliquando
1354 2220 1487 2260 vero
1519 2215 1743 2261 ventum
1765 2246 1779 2271 ,
1814 2208 1906 2278 qui
1942 2216 2028 2263 est

378 2299 385 2305 ’
439 2316 581 2371 opus
608 2298 726 2366 Dei,
755 2306 812 2353 et
841 2296 1150 2353 secundum
1183 2295 1350 2366 hujus
1379 2296 1719 2351 voluntatem
1753 2306 2024 2363 movetur,

422 2402 495 2449 et
528 2393 693 2459 talia,
730 2391 915 2463 qualia
951 2376 1132 2445 Moses
1167 2395 1446 2455 recenset,
1481 2388 1687 2444 elﬁcit?
1710 2386 1906 2444 Visum
1941 2399 2026 2446 est

438 2484 773 2558 quibusdam
803 2482 1061 2553 spiritum
1093 2479 1185 2534 Dei
1214 2480 1318 2534 hoc
1347 2480 1470 2535 loco
1497 2481 1807 2550 nuncupari
1835 2496 2026 2551 opera-

440 2578 647 2633 tionem
696 2585 750 2633 et
794 2573 1091 2630 eﬂicaciam
1139 2572 1258 2639 Dei,
1298 2586 1422 2643 quae
1471 2571 1615 2627 fovet
1658 2580 1713 2627 et
1755 2573 2027 2644 gubernat

2143 549 2316 643 ταῦτα
2358 551 2674 622 νομίσωμεν
2700 550 2878 624 εἶναι,
2921 561 3278 629 προστέθεικε
3309 569 3406 636 τὸ,
3441 573 3619 628 Θεοῦ·
3662 576 3725 643 ἐξ

2140 635 2314 713 οὗπερ
2343 644 2541 713 ὁμοίως
2579 648 2691 709 τοῖς
2734 646 2915 711 ἄλλοις
2946 652 3182 720 ἐγένετο.
3215 657 3335 713 Ὅτι
3385 635 3442 715 δὲ
3492 635 3724 738 σύνηθες

2137 736 2204 826 τῇ
2242 735 2430 806 Γραφῇ
2479 735 2720 810 καλούσῃ
2765 741 3002 812 πνεῦμα
3044 746 3134 799 τὸν
3181 749 3322 821 ἀέρα
3368 735 3723 826 προστιθέναι

2136 825 2237 920 τὴν
2265 826 2413 880 Θεοῦ
2465 829 2650 899 φωνὴν
2674 870 2689 896 ,
2722 832 2929 900 ἐδίδαξε
2959 836 3051 889 καὶ
3082 840 3247 893 Δαϐ“ιδ
3277 825 3533 914 περὶτοῦ
3559 849 3723 920 ἀέρος

2137 916 2313 984 λέγων
2337 920 2430 973 καὶ
2456 921 2566 973 τῶν
2598 923 2655 977 ὲν
2687 923 2837 994 αύτῷ
2859 927 3001 981 κατὰ
3026 928 3311 986 ἀλλοίωσιν
3340 935 3450 1007 ὅρῳ
3475 938 3602 1011 θείῳ
3627 916 3720 1011 φι-

2136 1008 2372 1066 λούντων
2443 1013 2785 1085 συμϐαίνειν
2843 1035 2862 1069 ι
2906 1019 3014 1073 Τοῦ
3062 1022 3294 1089 διδόντος
3340 994 3496 1097 χιόνα
3550 994 3722 1086 αὑτοῦ

2134 1102 2266 1157 ὡσεὶ
2292 1103 2460 1175 ἔριον,
2494 1105 2728 1176 ὁμίχλην
2754 1108 2886 1161 ὡσεὶ
2917 1112 3113 1166 σποδὸν
3154 1116 3473 1185 πάσσοντος,
3504 1120 3725 1193 βάλλον-

2135 1212 2227 1258 τος
2277 1194 2613 1267 κρύσταλλον
2661 1199 2826 1253 αὐτοῦ
2868 1201 3001 1255 ὡσεὶ
3055 1203 3306 1276 ψωμούςθ
3342 1228 3361 1262 ι
3396 1214 3493 1266 καὶ
3530 1216 3718 1283 πάλιν,

2144 1304 2164 1338 ι
2199 1288 2496 1343 Πνεύσεται
2521 1288 2582 1343 τὺ
2617 1290 2835 1362 πνεῦμα
2861 1294 3028 1349 αὐτοῦ
3059 1298 3154 1351 καὶ
3204 1301 3468 1372 ῥυήσεται
3495 1310 3561 1362 τά
3591 1309 3721 1363 ὓδα-

2136 1394 2226 1433 τα.
2269 1397 2286 1431 ι
2325 1379 2536 1433 Οὐκοῦν
2566 1381 2626 1434 τὸ
2658 1383 2877 1453 πνεῦμα
2914 1385 2973 1439 έν
3002 1389 3116 1451 τοῖς
3148 1391 3414 1457 τοιούτοις
3440 1396 3573 1450 ποτε
3615 1399 3722 1468 μὲν

2134 1469 2226 1523 τὸν
2290 1470 2430 1542 ἀέρα
2450 1511 2464 1538 ,
2498 1472 2630 1526 ποτὲ
2657 1472 2712 1527 δὲ
2747 1476 3004 1546 σημαίνει
3028 1478 3118 1531 τὸν
3141 1480 3363 1553 ἄνεμον,
3396 1483 3556 1555 ἔργον
3586 1489 3723 1544 ὄντα

2133 1562 2228 1617 τοῦ
2262 1562 2397 1618 Θεοῦ
2437 1565 2530 1620 καὶ
2554 1565 2695 1620 κατὰ
2724 1567 2823 1639 τὴν
2850 1568 3075 1641 γνώμην
3107 1574 3273 1628 αὐτοῦ
3313 1578 3630 1650 κινούμενόν
3658 1600 3723 1636 τε

2134 1656 2229 1709 καὶ
2266 1656 2490 1711 τοιαῦτα
2523 1658 2656 1729 δρᾷν
2682 1659 2934 1715 είωθότα.
2970 1662 3158 1731 Ἔδοξε
3192 1666 3250 1720 δέ
3276 1684 3412 1734 τισι,
3450 1670 3547 1725 καὶ
3576 1672 3722 1726 Θεοῦ

2133 1747 2356 1819 πνεῦμα
2375 1748 2473 1820 τὴν
2509 1749 2790 1821 ἐνέργειαν
2824 1754 3022 1819 εἰπεῖν,
3052 1754 3363 1813 Θάλπουσάν
3391 1776 3450 1813 τε
3470 1764 3565 1817 καὶ
3583 1764 3725 1817 6m-

2134 1842 2337 1896 κοῦσαν
2380 1843 2487 1896 τῶν
2537 1843 2747 1898 ὑδάτων
2783 1845 2882 1917 τὴν
2928 1846 3110 1914 φύσιν·
3168 1850 3314 1914 τινὲς
3357 1852 3416 1906 δέ
3445 1870 3580 1923 φασι
3624 1857 3727 1910 καὶ

2134 1929 2467 2005 αἰνίττεσθαι
2500 1930 2662 1996 εὐθὺς
2692 1933 2800 1986 ἀπὸ
2838 1936 3150 2009 καταϐολῆς
3187 1939 3393 2011 κόσμου
3418 1942 3517 2013 τὴν
3556 1945 3726 2016 χάριν

2131 2019 2224 2072 τοῦ
2255 2020 2409 2089 ἁγίου
2433 2021 2825 2092 βαπτίσματος.
2862 2025 2956 2079 Διδ
2999 2027 3095 2080 καὶ
3120 2027 3181 2081 τὸ
3225 2030 3526 2103 καθάρσιον
3560 2038 3725 2105 ἡμῶν

2129 2111 2187 2162 ὲν
2220 2109 2375 2164 ὕδατι
2413 2111 2614 2181 μᾶλλον
2659 2112 2692 2182 ἢ
2727 2113 2902 2185 ἑτέρῳ
2932 2117 3205 2188 στοιχείῳ.
3268 2121 3438 2191 Ἀρχὴ
3482 2124 3590 2197 γὰρ
3627 2126 3727 2180 λέ-

2129 2217 2289 2268 γουσι
2310 2200 2404 2255 τοῦ
2434 2202 2641 2272 κόσμου
2665 2203 2726 2256 τὸ
2756 2204 2919 2274 ὕδωρο
2951 2207 3045 2260 καὶ
3074 2209 3214 2280 ἀρχὴ
3240 2210 3347 2264 τῶν
3372 2212 3727 2282 Εὑαγγελίων

2128 2293 2158 2345 ὁ
2212 2292 2503 2364 Ἰορδάνης.
2551 2294 2594 2347 Τ
2601 2294 2708 2358 ινὲς
2758 2295 2909 2349 δὲτὸ
2960 2299 3117 2367 ἅγιον
3156 2300 3386 2372 Πνεῦμα
3423 2308 3727 2376 νοήσαντες

2129 2385 2363 2439 ἐνταῦθα
2390 2385 2668 2455 λέγεσθαι,
2704 2387 2865 2471 ἁγίας
2895 2389 3157 2460 δυνάμεις
3178 2393 3247 2447 τὰ
3277 2393 3444 2449 ὕδατα
3481 2400 3726 2471 παρεδέ-

2131 2477 2314 2545 ξαντο,
2334 2476 2525 2548 ὥσπερ
2559 2479 2654 2531 καὶ
2677 2477 2777 2548 τὴν
2800 2470 3043 2535 ἄϐυσσον
3067 2486 3311 2556 πονηράς
3338 2470 3597 2562 δυνάμεις
3626 2492 3726 2560 ἐφ’

2130 2565 2207 2625 ὧν
2236 2568 2299 2622 τδ
2329 2568 2520 2629 σκότος
2552 2563 2622 2638 ἦν
2645 2571 2672 2622 ὁ
2705 2569 2972 2633 διάϐολος.

440 2684 710 2740 aquarum
744 2680 1020 2724 naturam.
1074 2666 1307 2735 Quidam
1338 2666 1630 2736 perhibent
1662 2667 1761 2736 ιι
1821 2669 2003 2723 statim
2037 2684 2068 2725 a
2102 2666 2270 2741 jaetis
2312 2662 2503 2718 mundi
2547 2661 2924 2721 fundamentis
2965 2667 3196 2738 gratiam
3230 2672 3377 2728 sacri
3451 2673 3723 2746 baptismi

438 2762 774 2819 denuntiari.
805 2763 947 2817 Hinc
977 2761 1056 2825 iit,
1071 2767 1133 2814 ut
1162 2758 1339 2816 nostri
1369 2756 1654 2813 mundatio
1684 2759 1767 2812 vel
1786 2759 2028 2829 puriﬁcal

2129 2748 2304 2832 potius
2332 2770 2492 2825 aqua,
2519 2769 2681 2825 quam
2711 2756 2821 2809 alio
2851 2761 3049 2827 quovis
3076 2761 3396 2830 perﬁciatur
3420 2766 3719 2824 elemento.

445 2857 789 2928 Princ‘piim
857 2854 1127 2926 siquidem
1200 2851 1294 2922 (ut
1330 2851 1620 2923 inquiunt)
1693 2852 1884 2907 mundi
1924 2863 2009 2909 est
2038 2867 2181 2925 aqua
2215 2867 2230 2905 :
2264 2857 2316 2905 et
2376 2848 2708 2920 principium
2767 2849 3074 2922 Evangelii,
3132 2852 3407 2914 Jordanis.
3444 2858 3581 2916 Sunt
3618 2865 3726 2935 qui

442 2948 754 3021 intelligunt
784 2946 888 3003 sub
920 2944 1193 3008 dictione,
1228 2943 1472 3011 spiritus,
1542 2952 1764 2999 sanctas
1833 2946 2113 3014 potentias
2153 2951 2208 2998 et
2253 2941 2514 3006 virtutes,
2576 2941 3042 3011 quemadmodum
3107 2946 3213 3002 sub
3239 2962 3393 3018 voce,
3438 2952 3657 3025 abyssus
3698 2998 3721 3024 ,

442 3043 565 3115 capi
592 3041 815 3096 voluere
877 3036 1218 3102 contrarias,
1281 3034 1487 3105 quibus
1549 3042 1749 3103 praeest
1806 3036 2010 3109 caligo,
2049 3050 2247 3105 nempe
2275 3033 2552 3088 diabolus.

510 3158 679 3213 Vens.
714 3156 769 3211 5.
800 3155 1046 3225 Dixitque
1067 3151 1204 3208 Deus
1218 3169 1238 3208 »ε
1274 3150 1403 3207 Fiat
1422 3152 1539 3217 luat,
1564 3161 1613 3207 et
1634 3151 1780 3221 facta
1799 3162 1878 3207 est
1900 3151 2015 3205 lux.

2193 3147 2302 3204 Kal
2327 3143 2498 3201 εἶπεν
2530 3151 2562 3203 ὁ
2596 3148 2763 3216 Θεόςί
2811 3151 3135 3223 Γενηθήτω
3174 3155 3320 3226 φῶς,
3350 3163 3448 3216 καί
3472 3165 3727 3236 ἐγένετο

433 3247 557 3304 Non
605 3255 693 3302 est
733 3253 794 3300 ut
823 3244 1145 3308 credamus,
1181 3241 1277 3298 Dei
1307 3257 1500 3299 vocem
1551 3242 2026 3297 intercedentibus

434 3340 726 3395 vocalibus
770 3334 996 3407 organis
1033 3334 1309 3390 evenisse.
1377 3333 1395 3356 ⁶
1456 3332 1667 3390 Divinas
1722 3332 2027 3389 voluntatis

433 3431 525 3487 hic
570 3429 855 3485 invenitur
909 3426 1162 3483 eﬂ'eclns.
1219 3424 1495 3480 Praeterea
1547 3423 1767 3481 effectui
1827 3424 2031 3479 divinas

434 3521 740 3576 voluntatis
796 3516 1178 3587 imputandum
1233 3514 1527 3586 quidquid,
1590 3514 1689 3585 qui
1726 3514 2023 3579 docentur,

433 3614 651 3669 discere
685 3619 940 3681 possunt.
976 3606 1094 3662 Huc
1149 3604 1647 3662 accommodentur
1677 3615 1733 3661 et
1783 3622 1850 3661 ea
1901 3620 2026 3675 quae

434 3707 560 3776 quis
593 3720 692 3775 pro
726 3702 932 3773 ingenii
986 3701 1072 3757 sui
1122 3699 1401 3765 viriculis,
1430 3699 1643 3755 clarius
1694 3706 1748 3753 et
1782 3698 2026 3753 lucidius

433 3802 691 3871 accipere
723 3798 885 3862 valet,
926 3793 1232 3849 secundum
1280 3792 1580 3847 eﬂicaciam
1632 3792 1897 3846 divinam.
1947 3790 2026 3845 Ex

432 3893 521 3949 his
569 3893 756 3959 itaque
788 3888 983 3961 liquet,
1029 3883 1124 3940 Dei
1161 3881 1529 3939 dialectorum
1563 3881 1833 3952 quasdam
1861 3882 2025 3935 altio-

433 3998 545 4049 res,
579 3978 845 4051 quasdam
881 3974 1117 4041 medias,
1162 3973 1432 4045 quasdam
1469 3988 1602 4028 vero
1641 3973 1913 4028 exsistere
1942 3973 2026 4027 in-

432 4076 689 4145 feriores.
724 4071 834 4127 Deo
876 4070 1198 4139 neutiquam
1224 4082 1363 4122 voce
1398 4080 1538 4136 opus
1568 4075 1692 4121 est:
1724 4066 1925 4122 sullicit
1973 4064 2029 4120 ei

434 4181 535 4223 sua
596 4166 878 4222 voluntas.
932 4159 1090 4227 Nam,
1143 4168 1200 4215 ut
1244 4165 1534 4213 attestatur
1566 4156 1760 4223 David,
1815 4176 1835 4208 ι
1875 4171 2029 4227 quae-

433 4272 654 4328 cunque
712 4253 905 4318 voluit,
934 4251 1066 4308 fecit
1095 4252 1163 4306 ".
1205 4269 1225 4304 ›
1262 4250 1344 4305 Ad
1378 4251 1527 4304 hunc
1581 4248 1769 4318 itaque
1803 4248 2027 4303 modum

434 4364 656 4421 semper
680 4343 963 4417 capiendae
992 4353 1117 4398 sunt
1141 4343 1192 4397 in
1215 4342 1499 4411 Scriptura
1516 4355 1675 4395 saera
1698 4341 1817 4394 istae
1839 4339 2027 4394 formte

431 4441 651 4498 dicendi
685 4460 699 4496 :
732 4438 969 4493 Locutus
999 4444 1077 4490 est
1113 4433 1392 4497 Dominus,
1418 4430 1572 4486 Dixit
1605 4430 1887 4496 Dominus,
1910 4438 2017 4487 etc.

431 4536 525 4589 Sic
558 4532 755 4605 procul
791 4529 960 4585 dubio
993 4535 1047 4584 et
1084 4528 1389 4581 daemones.
1416 4522 1599 4578 Prima
1634 4521 1727 4577 Dei
1755 4537 1863 4576 vox
1896 4536 2018 4576 om-

429 4628 520 4682 nia
556 4623 786 4696 replevit
832 4622 979 4687 luce,
1016 4618 1179 4688 cuius
1238 4617 1355 4671 haec
1410 4614 1513 4669 fuit
1549 4622 1769 4681 natura,
1810 4620 1871 4667 ut
1919 4625 2023 4667 sua

429 4719 639 4775 virtute
693 4715 934 4771 celerius
989 4710 1142 4767 omni
1211 4707 1551 4779 cogitatione
1610 4703 1915 4775 penetrarit
1964 4716 2020 4758 et

429 4808 797 4884 permeaverit
831 4803 1041 4869 omnia,
1078 4804 1136 4857 in
1185 4800 1382 4872 primis
1425 4807 1615 4853 tamen
1663 4797 1921 4851 tenuiora
1965 4806 2019 4850 et

430 4900 817 4975 pellucidiora,
865 4895 1033 4953 sicuti
1080 4893 1227 4948 aeris
1276 4900 1497 4945 natura.
1543 4889 1888 4958 Principium
1943 4887 2018 4943 si-

430 4994 547 5049 mul
590 5000 647 5049 et
677 4991 807 5047 ﬁnis
845 5003 956 5044 uno
1016 4987 1159 5041 lucis
1213 4985 1425 5054 impetu
1484 4992 1617 5039 sunt
1679 4981 2017 5048 illuminala,

432 5100 657 5156 unoque
695 5090 976 5138 momento
1007 5080 1076 5135 ab
1101 5078 1265 5133 initio
1296 5076 1364 5130 ad
1397 5078 1560 5132 tinem
1596 5090 1775 5146 usque
1799 5075 1889 5128 lux
1921 5090 2017 5129 ex-

433 5179 633 5232 currit.
672 5175 809 5230 Cum
845 5182 1032 5229 autem
1061 5176 1278 5227 crearet
1312 5167 1517 5229 celum
1540 5177 1596 5224 et
1625 5178 1852 5229 terram,
1889 5166 2017 5219 nul-

431 5270 543 5324 lam
579 5268 765 5323 emisit
794 5280 1012 5322 vocem.
1060 5261 1318 5318 Nondum
1367 5260 1514 5315 enim
1568 5257 1791 5314 formati
1832 5264 2016 5325 erant,

364 5362 371 5371 '
435 5359 529 5429 qui
557 5355 746 5411 divina
787 5371 924 5413 voce
963 5362 1019 5410 et
1062 5354 1263 5410 instrui
1298 5361 1351 5408 et
1380 5349 1567 5407 doceri
1599 5348 1897 5404 debebant.
1947 5351 2017 5403 At

438 5453 569 5518 post
599 5444 725 5500 celi
765 5452 821 5497 et
852 5450 1012 5498 terrae
1062 5441 1398 5496 creationem
1455 5437 1700 5493 condidit
1749 5436 2017 5507 angelos:

437 5550 580 5606 quos
617 5549 743 5617 cum
779 5535 943 5588 vellet
970 5533 1193 5595 ducere,
1235 5546 1296 5587 se
1327 5540 1382 5586 et
1411 5544 1660 5601 ipsorum
1706 5544 1833 5584 esse
1865 5543 2019 5583 crea-

428 5847 455 5875 ι
508 5770 549 5805 ¹⁹
584 5776 731 5835 Psal.
763 5792 942 5832 cum
966 5815 980 5842 ,
1016 5775 1117 5831 16.

2127 3239 2276 3310 φῶς.
2310 3239 2449 3294 Θεοῦ
2476 3240 2662 3311 φωνὴν
2700 3241 2774 3313 μὴ
2802 3242 2891 3297 διά
2922 3249 3247 3318 φωνητικῶν
3277 3253 3526 3323 ὀργάνων
3556 3276 3722 3327 γενος-

2129 3330 2300 3401 μένην
2326 3330 2633 3402 νοήσωμεν.
2659 3329 2794 3384 Θεοῦ
2838 3333 3018 3389 τοίνυν
3050 3338 3268 3409 νοητέον
3295 3345 3479 3417 φωνὴν
3516 3347 3612 3420 τήν
3650 3351 3724 3406 ἐν

2127 3419 2206 3491 τῷ
2237 3419 2504 3492 θελήματι
2550 3421 2744 3491 ῥοπὴν,
2780 3422 2960 3476 καὶτὸ
2986 3429 3098 3491 τοῖς
3122 3428 3531 3503 διδασκομένοις
3567 3419 3722 3497 κατὰ

2131 3511 2283 3566 θείαν
2339 3511 2629 3584 ἐνέργειαν
2685 3513 3117 3589 ὲντυπούμενον,
3175 3523 3270 3576 καὶ
3332 3524 3432 3596 τὴν
3484 3529 3548 3582 ἐκ
3610 3533 3711 3586 τοῦ

2129 3605 2273 3659 θείου
2310 3605 2617 3677 θελήματος
2664 3605 2903 3663 διάδοσιν
2938 3610 3020 3674 είς
3054 3611 3115 3664 τὸ
3154 3612 3455 3686 δυνάμενον
3503 3620 3717 3693 ταύτης

2127 3696 2505 3763 αἰσθάνεσθαι,
2552 3696 2833 3766 ἀναλόγως
2888 3702 2986 3771 τῆς
3027 3702 3260 3757 ἑκάστου
3314 3710 3716 3779 καταστάσεως

2127 3788 2229 3859 τῆς
2250 3788 2536 3860 ἐνεργείας
2573 3790 2937 3860 ἐγγινομένης
2982 3795 3309 3868 τρανότερόν
3342 3815 3401 3852 τε
3439 3801 3534 3855 καὶ
3562 3803 3719 3874 άμυ-

2127 3879 2408 3951 δρότερον,
2442 3880 2517 3941 ὡς
2553 3877 2694 3934 εἶναι
2719 3879 2854 3935 Θεοῦ
2889 3883 3201 3949 διαλέκτους
3240 3887 3578 3963 ὑψηλοτέρας
3610 3898 3712 3949 καὶ

2132 3973 2303 4044 μέσας
2333 3973 2427 4027 καὶ
2468 3971 2809 4037 τελευταίαςο
2856 3973 2989 4038 Θεὸς
3040 3976 3149 4049 γὰρ
3185 3979 3248 4033 ού
3291 3980 3461 4035 δεῖται
3495 3985 3715 4055 φωνῆς,

2128 4061 2405 4134 ἀρκούσης
2432 4061 2578 4133 αύτῷ
2610 4063 2708 4133 τῆς
2741 4062 3073 4135 βουλήσεως·
3106 4068 3250 4121 κατὰ
3302 4069 3411 4143 γάρ
3443 4073 3533 4126 τὸν
3560 4074 3719 4130 05lov-

2126 4153 2309 4219 Δαϐὶδ,
2346 4172 2366 4206 ι
2405 4154 2588 4208 Πάντα
2621 4154 2721 4206 ὅσα
2749 4154 3015 4226 ἠθέλησεν
3058 4158 3308 4230 ἐποίησε.
3343 4180 3362 4214 ι
3419 4164 3529 4219 Καὶ
3562 4166 3721 4222 οὕτω

2126 4245 2346 4315 νοητέον
2372 4245 2461 4299 ἀεὶ
2483 4244 2565 4311 τὸ,
2588 4246 2630 4298 Ε
2637 4241 2795 4311 Inter,
2827 4248 2940 4311 καὶ,
2962 4246 3261 4317 Ἐλάλησε
3283 4254 3519 4322 Κύριος.
3548 4258 3717 4313 Οὕτω

2127 4334 2269 4406 τάχα
2306 4336 2402 4388 καὶ
2431 4334 2707 4406 δαίμονες⁸
2745 4335 2938 4409 πρώτη
2962 4337 3019 4391 δὲ
3050 4338 3189 4393 Θεοῦ
3222 4346 3373 4416 φωνὴ
3410 4348 3585 4416 φωτὸς
3635 4353 3710 4406 τὰ

2129 4425 2307 4480 πάντα
2340 4425 2694 4496 πεπλήρωκει
2730 4427 2822 4480 καὶ
2850 4428 3106 4500 τοιαύτην
3136 4431 3232 4485 τοῦ
3269 4435 3445 4503 φωτὸς
3471 4437 3568 4511 τὴν
3601 4441 3709 4507 ego-

2127 4532 2213 4571 σιν
2252 4515 2560 4586 ύπέστησεν
2607 4515 2683 4579 ὡς
2729 4516 2933 4580 παντὸς
2987 4521 3259 4591 νοήματος
3310 4523 3564 4598 ὀξύτερον
3612 4530 3707 4585 διὰ

2121 4608 2342 4662 πάντων
2393 4608 2593 4678 χωρεῖν
2647 4607 2743 4661 καὶ
2788 4607 3123 4679 διέρχεσθαι.
3180 4615 3275 4668 καὶ
3324 4616 3562 4688 μάλιστα
3589 4621 3711 4675 τῶν

2118 4699 2460 4770 λεπτοτέρων
2490 4716 2550 4752 τε
2580 4700 2672 4753 καὶ
2701 4699 3006 4770 διαφανῶν,
3025 4705 3189 4760 όποία
3217 4705 3309 4760 τοῦ
3358 4709 3520 4781 ἀέρος
3547 4713 3579 4783 ή
3603 4714 3713 4782 φύ-

2120 4809 2227 4856 σις,
2278 4790 2453 4862 ἀρχὴν
2485 4790 2621 4862 ὁμοῦ
2663 4793 2760 4846 καὶ
2812 4794 2986 4866 πέρας
3015 4795 3119 4850 ὑπὸ
3148 4798 3280 4870 μίαν
3328 4803 3712 4875 φωτιζομένου

2126 4885 2323 4956 ῥοπήν.
2362 4884 2602 4953 Ποιήσας
2633 4883 2692 4937 δὲ
2737 4883 2829 4939 τὸν
2859 4886 3087 4958 οὐρανὸν
3116 4891 3210 4944 καὶ
3246 4892 3346 4963 τὴν
3385 4894 3515 4966 γῆν,
3550 4898 3715 4953 οὐδε-

2127 4976 2258 5047 μίαν
2310 4976 2490 5046 ἀφῆκε
2534 4977 2741 5048 φωνήν·
2784 4978 2907 5033 οὐδὲ
2940 4981 3050 5052 γὰρ
3100 4978 3241 5055 ᾖσαν
3285 4987 3337 5040 oi
3369 4986 3462 5042 διὰ
3495 4990 3715 5065 ταύτης

2121 5067 2427 5137 ὀφείλοντες
2451 5068 2893 5124 ἐκπαιδεύεσθαι.
2926 5071 3084 5126 Μετὰ
3118 5073 3223 5143 ίτοῦ
3260 5076 3495 5148 ούρανοῦ
3524 5082 3580 5135 δὲ
3607 5087 3715 5140 καὶ

2120 5160 2220 5232 τῆς
2240 5159 2365 5230 γῆς.
2392 5160 2484 5212 καὶ
2502 5159 2628 5223 τοὺς
2652 5160 2923 5229 ἀγγέλους
2941 5165 3307 5235 παραγαγὼν,
3338 5166 3460 5226 εἶτα
3476 5172 3715 5229 παιδεῦ-

2125 5270 2216 5308 σαι
2228 5252 2450 5314 τούτους
2465 5250 2813 5324 βουλόμενος,
2827 5254 2903 5319 ὡς
2916 5256 3010 5311 καὶ
3021 5258 3204 5314 αὐτῶν
3214 5261 3332 5316 ἐστι
3344 5262 3708 5339 δημιουργὸς,

2129 5346 2203 5415 μή
2231 5359 2361 5396 ποτε
2391 5342 2717 5414 αὐτομάτως
2759 5346 3063 5414 ὑφεστάναι
3091 5350 3381 5423 νομίσωσι,
3409 5355 3510 5425 τὴν
3563 5362 3712 5428 μετὰ

2124 5436 2299 5490 ταῦτα
2344 5435 2525 5488 πᾶσαν
2558 5434 2737 5489 κτίσιν
2779 5440 2935 5510 φωνῇ
2963 5440 3135 5495 ποιῶν
3164 5444 3557 5502 ἐπιδείκνυται·
3590 5449 3715 5504 τῶν

2128 5526 2522 5598 παραχθέντων
2554 5526 2654 5598 τήν
2702 5526 3065 5603 διακόσμησιν
3116 5536 3174 5589 ἐν
3230 5535 3418 5608 ὄψεσιν
3472 5539 3712 5597 ἐκείνων

1321 5777 1365 5809 ³ο
1408 5776 1541 5831 ibid.
1578 5776 1659 5833 l7.
1699 5771 1997 5829 "ibid.l8.
2039 5781 2084 5815 ”
2115 5778 2259 5837 Psal.
2299 5796 2466 5849 cxnt,
2513 5783 2567 5839 5.
