4002 6418
202 453 271 516 49
1320 461 1862 523 COMMENTARII
1896 462 1978 522 1N
2017 461 2353 523 GENESIN
3431 471 3500 533 50

207 568 559 639 ποιούμενος,
594 570 742 625 ὥστε
777 572 1024 644 ὁρῶντας
1076 574 1186 628 τῶν
1233 575 1374 646 μετὲι
1411 578 1587 631 ταῦτα
1620 593 1807 646 γιγνο-

1913 585 2110 639 torem,
2147 589 2216 630 ne
2257 573 2487 628 fortuito
2537 588 2598 630 se
2650 575 2971 635 substitisse
3026 579 3341 646 crederent,
3377 596 3499 636 om—

209 659 382 732 μένων
417 662 523 732 τὴν
554 664 930 735 παραγωγὴν,
973 666 1164 735 σαφῶς
1191 667 1406 737 μαθεῖν,
1433 669 1509 732 ὡς
1546 669 1574 721 6
1602 669 1811 723 τούτων

1915 681 2038 722 nem
2073 675 2398 734 sequentem
2429 669 2769 723 creationem
2805 669 3124 728 interventu
3161 673 3313 729 vocis
3344 689 3504 744 pere-

208 752 437 822 ποιητὴς
468 754 574 807 καὶ
604 754 791 809 αὐτῶν
825 758 945 809 ἐστι
998 758 1350 831 δημιουργὸς,
1397 761 1681 832 βουληθεὶς
1714 762 1812 833 μό-

206 863 291 897 νον
319 847 419 898 καὶ
446 847 826 917 παραγαγὼν,
877 850 954 913 ὡς
984 848 1221 903 ἐνταῦθα
1245 855 1312 923 τῇ
1360 856 1511 925 φωνῇ
1541 853 1603 906 τὸ
1650 839 1811 923 ἔργον

210 938 731 1009 παρηκολούθησεν.
762 940 939 995 Τοῦτο
971 944 1067 996 καὶ
1095 944 1259 1009 αὐτὸς
1298 947 1326 998 6
1373 944 1507 1008 Θεὸς
1538 945 1810 1016 δεδήλωκε

211 1029 341 1096 πρὸς
370 1030 465 1081 τὸν
490 1031 776 1102 μακάριον
797 1032 979 1101 λέγων
1008 1033 1152 1087 ’ῐώ6’
1182 1054 1201 1087 ι
1237 1036 1370 1089 Ὅτε
1396 1037 1616 1088 ἐποίουν
1634 1037 1813 1106 ἄστρα

213 1120 416 1191 ᾔνεσέιν
448 1138 520 1189 με
560 1122 771 1188 πάντες
818 1125 1046 1193 ἄγγελοί
1092 1145 1215 1198 μου.
1254 1147 1274 1181 ι
1316 1127 1552 1199 Εὔδηλον
1582 1128 1692 1198 γὰρ
1737 1128 1814 1192 ὡς

211 1214 341 1281 amp
371 1212 467 1264 ἐπὶ
493 1211 611 1264 τῶν
663 1213 910 1285 ἄστρων,
960 1216 1054 1269 ἐπὶ
1108 1218 1218 1271 τῶν
1260 1217 1812 1289 πάντων-ἐπλήρουν

210 1302 315 1353 τῶν
347 1304 690 1369 γεγονότων,
749 1306 1189 1377 ἐκπληττόμενοι
1244 1308 1343 1379 μὲν
1394 1310 1464 1363 τὰ
1519 1311 1811 1379 γινόμενα,

214 1391 590 1462 θαυμάζοντες
625 1394 687 1447 δὲ
725 1396 801 1460 ὡς
836 1388 1050 1471 ἆματῇ
1088 1403 1238 1471 φωνῇ
1291 1402 1590 1473 παρῄεσαν
1631 1402 1813 1456 οὐσίαι

216 1485 287 1554 μὴ
320 1486 599 1557 πρότερον
630 1483 813 1543 οὖσαι.
844 1490 1001 1554 Τινὲς
1027 1492 1085 1545 δὲ
1116 1493 1198 1556 τὸ,
1228 1489 1534 1563 εἷπε,πρὸς
1568 1494 1659 1547 τὸν
1685 1494 1813 1548 Υίὸν

214 1578 301 1629 καὶ
329 1578 503 1645 Λόγον
539 1580 704 1647 φασὶ,
749 1582 873 1635 καθ’
903 1582 1000 1646 οὓς
1030 1585 1268 1654 ἄπορον,
1298 1584 1417 1649 πῶς
1445 1587 1494 1638 εί
1515 1587 1609 1639 καὶ
1649 1586 1814 1656 οὐρα-

216 1669 295 1728 νὸς
341 1670 438 1722 καὶ
473 1670 551 1740 γῆ
604 1672 706 1725 καὶ
733 1674 916 1728 πάντα
953 1676 1144 1744 γέγονε
1174 1677 1241 1731 δι’
1273 1679 1461 1742 αὐτοῦ,
1498 1678 1574 1750 μὴ
1600 1678 1693 1731 καὶ
1724 1679 1813 1731 ἐπ’

212 1755 384 1808 οὔτῶν
414 1761 604 1812 κεῖται
632 1760 720 1826 τὸ,
754 1759 907 1816 εἶπε.
941 1764 1089 1836 Πλὴν
1119 1766 1272 1820 οὐδὲν
1293 1766 1509 1821 ’κωλύει
1545 1767 1812 1838 πρότερον

215 1847 303 1916 μὲν
352 1853 539 1920 σιωπῇ
563 1851 635 1903 δι’
661 1852 799 1905 Υίοῦ
834 1854 1007 1908 ταῦτα
1044 1857 1429 1928 πεποιηκέναι,
1462 1858 1558 1912 νῦν
1583 1858 1641 1912 δὲ
1673 1858 1810 1929 πρὸς

1913 758 1993 829 git
2027 758 2083 813 in
2132 759 2359 813 illorum
2408 769 2737 832 conspectu.
2777 762 2961 830 Quare
3002 774 3186 820 autem
3241 764 3386 821 hoc?
3432 764 3504 822 Ut

1913 852 2320 921 conspicientes
2345 867 2537 906 eorum
2566 868 2689 923 quae
2723 870 3051 912 successere
3085 857 3499 923 formationem,

1912 942 2217 999 manifesto
2240 952 2644 1015 cognoscerent
2677 944 2845 1000 Deum
2876 946 3043 1000 etiam
3063 946 3313 1017 ipsorum
3343 963 3502 1002 crea-

1914 1036 2081 1089 tionis
2142 1049 2266 1090 esse
2315 1042 2626 1100 auctorem,
2685 1043 2739 1090 et
2778 1036 2926 1106 quod
2976 1037 3046 1092 ab
3104 1038 3225 1108 ipso
3281 1039 3393 1095 sint
3444 1041 3499 1095 in

1911 1126 2217 1182 essentiam
2234 1127 2518 1197 producti,
2552 1129 2960 1184 interveniente
2992 1130 3111 1185 sola
3145 1129 3268 1200 ejus
3301 1131 3499 1186 volun-

1913 1225 2045 1281 tate,
2080 1218 2136 1271 in
2168 1233 2329 1287 quem
2368 1233 2578 1273 morem
2622 1227 2679 1273 et
2716 1227 2911 1275 caatera
2965 1237 3122 1276 suam
3159 1222 3496 1277 creationem

1912 1310 2189 1366 invenere.
2224 1307 2279 1361 ld
2312 1309 2383 1363 ita
2410 1324 2469 1363 se
2503 1309 2728 1373 habere,
2756 1311 2965 1367 diserte
2991 1310 3134 1368 Deus
3165 1313 3282 1383 ipse
3309 1320 3501 1368 osten-

1913 1393 1995 1449 dit
2022 1395 2076 1448 in
2110 1395 2195 1449 his
2219 1393 2438 1461 Verbis,
2466 1397 2671 1465 quibus
2705 1400 3006 1470 alloquitur
3030 1400 3226 1455 Jobum
3263 1419 3276 1456 :
3313 1420 3330 1453 ι
3359 1402 3498 1457 Cum

1913 1488 2434 1559 congratularentur
2463 1491 2671 1559 pariter
2703 1492 2875 1547 stellae
2893 1496 3182 1548 matutinze
3206 1496 3276 1549 ’³.
3318 1515 3335 1548 ι
3371 1494 3499 1567 [Per

1914 1583 2103 1639 stellas
2151 1579 2342 1636 Graeca
2397 1582 2721 1650 translatio,
2784 1600 2950 1655 quam
3006 1588 3258 1657 sequitur
3292 1585 3500 1643 Proco-

1914 1675 2062 1745 pius,
2101 1675 2362 1743 intelligit
2400 1675 2651 1747 angelos,
2699 1692 2864 1747 quam
2910 1693 3100 1734 vocem
3142 1678 3328 1735 Graeca
3373 1696 3498 1735 ver-

1913 1768 1998 1823 sio
2027 1764 2321 1837 continet.]
2373 1764 2524 1820 Satis
2554 1766 2702 1821 enim
2734 1767 2913 1823 cuivis
2963 1770 3176 1824 clarum
3231 1770 3496 1835 arbitror,

1914 1859 2162 1929 angelos,
2213 1873 2340 1927 quae
2380 1857 2609 1914 iecerint
2650 1859 2706 1914 in
2737 1862 3021 1917 creatione
3070 1870 3372 1928 astrorum,
3408 1879 3499 1918 ea-

212 1939 304 2008 τὴν
331 1940 702 1996 διδασκαλίαν
740 1944 848 1998 τῶν
880 1947 1191 2001 ἀκουόντων
1230 1927 1331 2020 τὴν
1362 1950 1548 2020 φωνὴν
1586 1927 1806 2019 γεγονέ·

1912 1952 2035 2008 dem
2072 1961 2370 2008 exsecutos
2403 1967 2528 2008 esse
2565 1953 2622 2008 in
2665 1954 3001 2024 reliquorum
3036 1956 3342 2012 creatione.
3385 1957 3499 2012 Ad-

212 2047 312 2085 ναι.
346 2031 424 2084 Οὐ
455 2031 573 2103 γὰρ
630 2034 710 2097 ὡς
760 2036 1047 2105 ἀγνοοῦντι
1086 2041 1115 2093 6
1154 2040 1342 2113 Πατὴρ
1371 2041 1705 2112 διαλέγεταιο
1762 2044 1811 2097 εί

1917 2044 2214 2099 miratione
2239 2044 2387 2099 enim
2418 2043 2656 2115 quadam
2689 2046 2918 2101 insolita
2960 2048 3324 2119 capiebantur
3370 2063 3498 2105 cer-

213 2124 303 2175 m‘t
330 2123 400 2176 τὰ
451 2125 711 2194 μάλιστά
765 2145 917 2193 τινες
956 2132 1144 2185 ἐκεῖνα
1203 2134 1301 2202 μὲν
1331 2134 1423 2188 τὸν
1461 2135 1687 2206 Πατέρα
1717 2152 1811 2189 πε·-

1912 2143 2132 2202 nentes,
2163 2135 2281 2191 sola
2324 2150 2459 2191 voce
2504 2136 2902 2204 intercedente,
2923 2139 3064 2195 adeo
3109 2139 3389 2195 mirabiles
3445 2145 3501 2193 et

214 2214 502 2283 πιηκέναι
531 2219 697 2286 φασὶ,
731 2218 907 2273 ταῦτα
945 2220 1002 2273 δὲ
1024 2222 1118 2275 τὸν
1154 2224 1285 2277 Υίὸν
1315 2224 1393 2289 ὡς
1427 2225 1652 2280 ἐκείνων
1678 2226 1811 2281 ὐπο-

1912 2225 2146 2281 decoras
2205 2227 2550 2282 substantias
2611 2228 2872 2298 prodire,
2924 2244 3051 2299 quae
3117 2238 3301 2284 tamen
3341 2228 3499 2300 prius

212 2305 484 2374 δεέστιρα,
536 2309 750 2378 μανίας
776 2310 1140 2382 φθεγγόμενοι
1171 2316 1415 2386 ῥήματα.

1912 2331 2022 2372 non
2049 2317 2402 2372 exstiterant.
2433 2316 2666 2384 Quidam
2709 2320 2959 2386 verbum,
2987 2322 3147 2386 dixit,
3195 2321 3262 2377 ad
3289 2320 3495 2377 Filium

212 2396 292 2451 vel
324 2395 672 2454 Sermonem
715 2400 993 2471 dirigunt;
1039 2405 1143 2458 ‘at
1198 2406 1505 2462 secundum
1543 2407 1647 2464 hos
1698 2406 1930 2462 dubium
1992 2409 2263 2472 exoritur,
2326 2423 2434 2479 qua
2504 2409 2721 2466 ratione
2766 2411 3050 2475 acciderit,
3099 2427 3226 2467 cum
3310 2411 3497 2466 omnia

217 2504 300 2555 per
329 2488 671 2547 Sermonem
698 2491 844 2547 facta
874 2494 1087 2560 sint,in
1112 2500 1637 2557 commemoratione
1695 2500 1995 2557 creationis
2059 2500 2187 2554 coeli
2232 2510 2288 2555 et
2358 2509 2520 2556 terrae
2565 2515 2675 2556 non
2732 2502 2916 2557 addita
2977 2503 3050 2560 sit
3090 2504 3281 2570 dictio,
3319 2504 3487 2564 dixit.

218 2578 407 2636 Verum
452 2583 580 2639 haec
625 2583 909 2640 dubitatio
955 2597 1153 2644 tenues
1206 2591 1489 2647 evanescit
1544 2591 1706 2649 facile
1744 2592 1801 2647 in
1841 2607 2031 2648 auras.
2065 2590 2217 2646 Nihil
2243 2592 2391 2645 enim
2435 2591 2640 2655 obstat,
2681 2593 2814 2662 quin
2846 2595 3049 2650 coelum
3083 2603 3137 2651 et
3202 2603 3349 2651 terra
3415 2604 3498 2649 tae

216 2674 311 2728 cite
338 2690 439 2743 per
499 2674 846 2732 Sermonem
900 2679 1014 2734 sint
1060 2681 1251 2737 eﬁ'eeta
1282 2701 1296 2749 ;
1332 2698 1481 2737 nunc
1527 2693 1732 2749 autem,
1807 2693 1868 2739 ut
1902 2683 2190 2739 audientes
2229 2682 2577 2750 erudiantur,
2607 2684 2926 2742 insenuisse
2956 2702 3167 2744 vocem.
3191 2686 3302 2743 Nec
3324 2688 3471 2744 enim

221 2778 305 2819 ceu
342 2764 637 2832 ignoranti
697 2767 946 2837 loquitur
996 2767 1178 2825 Pater.
1249 2771 1487 2838 Quidam
1551 2775 1805 2829 tribuunt
1843 2773 1969 2830 caeli
2000 2780 2055 2828 et
2084 2780 2248 2828 terra;
2298 2773 2633 2829 creationem
2680 2772 2831 2831 Patri
2887 2794 2903 2831 :
2973 2778 3336 2850 reliquorum,
3433 2786 3494 2834 ut

218 2871 328 2927 quae
362 2858 566 2911 viliora
599 2866 657 2912 et
686 2860 927 2915 exiliora
948 2863 1085 2929 sint,
1111 2862 1496 2921 formationem
1524 2869 1811 2937 assignant
1848 2865 2015 2931 Filio,
2046 2867 2215 2939 impia
2238 2874 2504 2924 sonantes
2531 2850 2718 2925 verba.

284 2948 384 3002 Καὶ
402 2945 581 3004 εἶδεν
608 2954 647 3005 ό
679 2951 830 3018 Θεὸς
856 2954 922 3006 τὸ
944 2953 1070 3023 φῶς
1099 2956 1189 3009 ὅτι
1222 2958 1438 3014 καλόν.
1475 2959 1568 3019 Τὸ.
1597 2960 1809 3023 καλὸν,

1985 2958 2149 3016 Vens.
2190 2961 2242 3015 4.
2278 2958 2349 3015 Et
2378 2960 2509 3015 vidit
2557 2961 2697 3017 Deus
2742 2961 2910 3016 lucem
2956 2962 3096 3031 quod
3129 2975 3266 3019 esset
3321 2965 3486 3023 bona.

218 3040 303 3092 ἐπὶ
328 3040 427 3108 τῆς
457 3043 712 3106 κτίσεως
741 3044 844 3098 οὐκ
870 3046 1103 3118 αἰσθητῇ
1129 3046 1230 3120 θέᾳ
1254 3049 1509 3121 ληπτέον·
1539 3052 1672 3114 Θεὸς
1699 3053 1811 3123 γὰρ

1912 3048 2303 3124 [Septuaginta
2338 3052 2671 3123 interpretes
2718 3054 2837 3109 loco
2870 3054 3137 3109 dictionis
3171 3054 3331 3120 bona,
3376 3059 3494 3113 col-

216 3131 308 3200 οὐχ
349 3132 528 3196 οὕτως
569 3135 707 3205 ὁρᾷ,
748 3134 951 3204 γνώσει
1002 3137 1061 3190 δὲ
1107 3139 1284 3208 οἰκείᾳ
1330 3139 1454 3193 καθ’
1481 3141 1548 3212 ἢν
1581 3143 1810 3198 ἕκαστον

1912 3145 2097 3199 locant
2133 3145 2429 3200 dictionem
2470 3145 2716 3214 pulchra,
2743 3161 2908 3216 quam
2934 3147 3333 3215 interpretatur
3358 3149 3495 3206 Pro-

218 3221 370 3294 ὥρα,
386 3226 449 3277 οὗ
474 3226 628 3297 πρὸς
659 3226 799 3280 θέαν
825 3226 1042 3292 πάντως
1059 3228 1243 3294 καλὸν,
1260 3230 1395 3301 πρὸς
1417 3231 1475 3285 δὲ
1494 3232 1593 3303 τὴν
1620 3235 1811 3303 χρείαν

1912 3235 2151 3309 copius.]
2205 3235 2367 3303 Quod
2416 3237 2631 3307 inquit:
2703 3238 2956 3307 pulchra,
3002 3249 3138 3303 etc.,
3198 3256 3307 3296 nou
3350 3243 3497 3297 acci-

218 3313 310 3385 τὴν
335 3317 556 3382 ἑαυτοῦ,
589 3317 690 3371 καὶ
727 3317 831 3386 τὴν
861 3318 1000 3389 πρὸς
1028 3321 1095 3375 τὰ
1123 3321 1288 3375 λοιπὰ
1328 3326 1648 3393 συμφωνίαν
1679 3327 1811 3379 ἀνά-

1914 3326 2178 3397 piendum
2209 3335 2297 3383 est
2337 3328 2624 3398 pulchram
2661 3332 2988 3401 apparuisse
3035 3333 3288 3387 sensibili
3344 3334 3493 3391 visu.

222 3406 385 3472 λογον,
411 3409 481 3461 δι’
518 3413 593 3482 ῆν
619 3411 723 3463 καὶ
749 3411 984 3475 ’Δκύλας
1011 3412 1072 3466 τὸ
1106 3414 1229 3467 σὺν
1261 3416 1409 3482 φιλεῖ
1432 3417 1803 3487 προστιθέναιο

223 3499 495 3568 τοιγαροῦν
524 3499 623 3568 ἐφ’
657 3500 902 3554 ἑκάστου
951 3500 1126 3569 λέγων
1169 3502 1252 3556 ὁτι
1285 3503 1469 3567 καλὸν,
1503 3504 1588 3558 ὅτι
1632 3505 1812 3560 πάντα

234 3589 635 3662 συνεπληρώθη,
678 3609 699 3643 ι
743 3592 857 3645 Καὶ·
882 3588 1010 3658 εἶδε,
1045 3593 1231 3664 φησὶν,
1272 3594 1302 3646 6
1333 3594 1466 3659 Θεὸς
1504 3596 1681 3650 πάντα
1708 3598 1813 3651 ὅσα

243 3679 490 3748 iacit-ges,
520 3682 633 3736 καὶ
698 3683 815 3737 ἰδοὺ
851 3684 995 3739 καλὰ
1025 3684 1169 3739 λίαν.
1206 3704 1229 3736 ›
1264 3687 1478 3758 Ὥσπερ
1515 3687 1622 3757 γὰρ
1671 3688 1814 3742 λίθοι

238 3771 401 3834 nam;
432 3775 800 3841 ὶαξευθέντες
828 3777 924 3830 καὶ
947 3776 1052 3831 ἀνὰ
1086 3777 1251 3849 μέρος
1287 3780 1554 3849 κείμενοι,
1583 3781 1677 3834 καὶ
1715 3781 1812 3834 ἁν-

227 3860 456 3932 εριάντος
487 3865 665 3936 μέρη,
700 3866 952 3937 λέγοιντο
989 3867 1089 3937 μὲν
1142 3871 1236 3925 καὶ
1277 3871 1399 3925 καθ’
1431 3871 1601 3927 ἑαυτὰ
1645 3873 1815 3939 καλὰ,

225 3955 271 4006 εξ
302 3958 392 4008 καὶ
425 3956 502 4029 μὴ
535 3959 741 4021 πᾶσιν,
774 3958 892 4012 ἀλλ’
925 3955 1019 4013 οὖν
1072 3959 1153 4028 τῷ
1200 3945 1466 4031 τεχνικῶς
1492 3963 1806 4035 θεωροῦντι.

220 4044 326 4097 Καὶ
340 4046 570 4116 χάλικες
596 4047 743 4118 γὰρ,
770 4048 820 4101 εί
854 4047 950 4101 καὶ
982 4048 1056 4120 μὴ
1088 4048 1210 4102 καθ’
1242 4051 1472 4113 ἑαυτοὺς
1493 4049 1672 4115 καλοὶ,
1691 4049 1810 4103 ἀλλ’

220 4134 306 4188 οὖν
337 4138 480 4206 μετὰ
506 4138 609 4192 τοῦ
641 4139 872 4204 παντὸς,
905 4139 1374 4211 συναρμοσθέντες
1398 4141 1454 4195 δὲ
1497 4142 1636 4212 πρὸς
1674 4142 1810 4209 κάλ-

222 4222 304 4287 λος
330 4226 785 4297 οἰκοδομήματος
813 4228 909 4281 καὶ
935 4226 1031 4282 τοῦ
1060 4229 1178 4293 ἑνὸς
1195 4228 1507 4300 ἀνδριάντος
1524 4230 1697 4301 μείζω
1718 4231 1810 4285 τὸν

222 4312 435 4369 ἔπαινον
480 4316 762 4386 δέχονται,
793 4315 940 4371 οῦτω
999 4316 1094 4371 καὶ
1146 4318 1216 4371 τὰ
1247 4317 1391 4389 μέρη
1426 4318 1526 4389 τῆς
1556 4320 1808 4382 κτίσεως.

220 4405 323 4474 τήν
346 4408 560 4478 ἀκριϐῆ
590 4408 651 4461 δὲ
682 4408 876 4479 χρείαν
905 4409 1001 4463 καὶ
1027 4409 1127 4477 τὴν
1157 4410 1293 4481 πρὸς
1322 4411 1390 4464 τὰ
1417 4411 1579 4465 λοιπὰ
1603 4412 1811 4468 τούτων

221 4496 529 4564 ἀναλογίαν,
576 4497 839 4567 αἰσθήσει
877 4499 1320 4569 καταλαμϐάνειν
1353 4501 1616 4556 ἀδύνατον
1658 4503 1810 4558 οὐδὲν

223 4585 289 4649 ὡς
331 4588 412 4658 τῷ
462 4591 721 4660 τυχόντι.
765 4591 1069 4662 Τοιγαροῦν
1121 4592 1420 4664 ἑτερόδοξοι
1470 4595 1662 4667 πόρῤω
1709 4594 1811 4663 τῆς

1912 3416 2104 3474 Absit!
2129 3419 2283 3475 Haud
2311 3420 2459 3475 enim
2499 3420 2743 3477 humano
2773 3438 2926 3478 more
2955 3422 3101 3479 Deus
3142 3425 3342 3492 cernit,
3394 3426 3495 3486 sed

1912 3525 2012 3581 pro
2059 3509 2296 3567 videndo
2333 3513 2506 3567 utitur
2535 3527 2638 3568 sua
2676 3514 3018 3584 cognitione,
3049 3530 3160 3584 qua
3193 3516 3347 3573 novit
3369 3534 3495 3573 om-

1912 3605 2004 3657 nia
2033 3618 2143 3659 non
2172 3604 2294 3659 visu
2326 3605 2504 3659 solum
2540 3605 2798 3676 pulchra,
2826 3607 2921 3662 sed
2956 3607 3248 3677 complecti
3274 3624 3496 3680 quoque

1914 3693 2183 3763 insignem
2211 3694 2526 3759 utilitatem,
2556 3702 2613 3750 et
2647 3696 2789 3752 inter
2818 3712 2877 3751 se
2923 3697 3107 3753 debita
3148 3708 3205 3753 et
3247 3701 3492 3770 legitima

1912 3786 2278 3856 proportione
2338 3788 2640 3842 convenire
2689 3805 2703 3843 :
2773 3798 3117 3859 quaprOpter
3175 3789 3377 3861 Aquila
3433 3792 3488 3846 in

1911 3890 2011 3931 sua
2070 3877 2436 3932 translatione
2521 3877 2724 3947 adjecit
2766 3879 2938 3934 verbo
2998 3879 3150 3945 vidit,
3226 3883 3495 3951 praeposio

1911 3967 2138 4031 tionem,
2204 3968 2324 4032 σὺν,
2381 3984 2505 4040 quae
2551 3969 2608 4024 in
2671 3972 3095 4040 compositione,
3147 3989 3287 4039 cum,
3328 3974 3497 4045 signi-

1914 4054 2041 4109 ﬁcat
2063 4096 2078 4120 ,
2110 4069 2175 4110 ac
2218 4056 2265 4110 si
2299 4056 2508 4113 diceret
2541 4076 2555 4113 :
2584 4056 2885 4116 Contuitus
2913 4069 3025 4128 est,
3051 4064 3360 4132 conspexit,
3384 4075 3494 4121 etc.

1912 4145 2071 4212 Quod
2120 4147 2356 4217 singulis
2402 4149 2519 4204 suis
2568 4149 2832 4219 operibus
2887 4150 3083 4222 Opifex
3143 4153 3435 4223 subjunxit
3473 4196 3489 4219 ,

1911 4237 2059 4310 quod
2085 4238 2196 4295 sint
2221 4240 2470 4309 pulchra,
2489 4240 2612 4297 ideo
2636 4240 2840 4297 factum
2859 4245 3106 4315 est,quia
3133 4246 3317 4301 omnia
3341 4259 3498 4304 erant

1912 4336 2104 4385 exacte
2129 4341 2535 4396 consummata,
2566 4341 2622 4387 et
2647 4333 2713 4387 ad
2748 4349 2986 4405 unguem
3010 4334 3260 4400 climata,
3291 4337 3496 4406 quibus

1914 4421 2048 4475 nihil
2107 4422 2300 4478 deesse
2360 4424 2806 4481 animadvertere
2857 4426 3159 4495 potuisses.
3193 4426 3493 4498 Protiterea

1916 4511 2025 4580 12
2042 4526 2148 4565 non
2180 4511 2283 4569 abs
2298 4528 2356 4568 re
2384 4514 2563 4584 inquit
2590 4533 2604 4569 :
2643 4534 2669 4568 ι
2693 4515 2761 4569 Ει
2793 4516 2932 4571 vidit
2960 4519 3167 4580 omnia,
3193 4534 3319 4587 quae
3345 4518 3496 4585 fecit,

1911 4600 2058 4669 quod
2099 4610 2289 4656 essent
2323 4617 2491 4671 supra
2532 4604 2752 4660 modum
2789 4606 3042 4674 pulchra.
3081 4625 3100 4657 ι
3139 4605 3377 4676 Lapides
3411 4609 3496 4663 in-
3570 4614 3585 4639 ’

225 4681 469 4751 τοιαύτης
491 4681 655 4745 ὅντες
677 4684 941 4754 νοήσεως,
956 4685 1442 4756 προσκόπτουσιτῇ
1474 4687 1582 4740 τῶν
1604 4686 1808 4758 θηρίων

1915 4693 2139 4763 geniose
2171 4694 2300 4751 caesi
2333 4703 2387 4750 et
2418 4697 2672 4766 expoliti,
2727 4698 2943 4753 etiamsi
2995 4714 3108 4753 non
3157 4699 3499 4770 conjungan-

224 4770 459 4841 ὠμότητι
481 4774 585 4825 καὶ
612 4773 693 4842 τῷ
721 4772 832 4826 τῶν
855 4775 1100 4845 ἑρπετῶν
1130 4775 1215 4846 ίῷ,
1240 4777 1335 4830 καὶ
1362 4777 1443 4848 τῷ
1471 4779 1809 4848 ἐμφαινομέ-

223 4864 584 4935 νῳὰχρήστῳ
620 4866 721 4936 τῆς
745 4883 909 4920 τινων
940 4867 1313 4932 ὑποστάσεως,
1342 4869 1437 4923 καί
1469 4869 1688 4939 φασινῆ
1733 4870 1813 4941 μὴ

218 4954 344 5008 Θεὸν
376 4952 524 5010 εἶναι
554 4956 651 5009 τὸν
680 4956 858 5010 ταῦτα
890 4958 1220 5027 ποιήσαντα,
1247 4959 1281 5029 ἦ
1307 4959 1382 5029 μὴ
1416 4960 1621 5028 ἀγαθὸν
1650 4960 1811 5015 Θεόν.

224 5046 341 5101 Ὅτι
372 5049 433 5101 δὲ
466 5047 528 5100 τὸ
551 5046 710 5101 ίδεῖν
738 5047 834 5100 ἐπὶ
866 5047 965 5118 τῆς
997 5050 1239 5120 νοήσεως
1274 5052 1512 5122 εἴρηται,
1544 5052 1705 5122 δῆλον
1745 5053 1811 5118 ἐξ

218 5129 293 5191 ὧν
325 5140 381 5191 ἐν
423 5138 630 5208 Ἐξὸδῳ
658 5140 848 5207 φησίν·
879 5157 903 5193 ι
938 5137 1119 5210 Ἑώρα
1148 5142 1176 5194 6
1205 5140 1332 5203 λαὸς
1366 5141 1465 5212 τὴν
1503 5142 1688 5213 φωνὴν
1710 5143 1813 5197 τοῦ

218 5230 448 5301 Κνρὲου·
491 5250 513 5282 ι
545 5231 733 5285 καίτοι
763 5231 886 5285 οὐδὲ
938 5234 970 5302 ἡ
1006 5232 1241 5304 αἰσθητὴ
1274 5235 1426 5305 φωνὴ
1453 5236 1647 5306 ὁρατή.
1679 5235 1812 5300 Πῶς·

216 5321 271 5375 δὲ
313 5324 376 5376 οὔ
415 5323 591 5376 καλὸν
637 5323 701 5376 τὸ
733 5323 846 5393 φῶς
870 5324 899 5377 6
927 5323 1058 5390 Θεὸς
1088 5328 1322 5394 ἐπαινεῖ,
1357 5328 1451 5381 καὶ
1483 5330 1543 5382 τὸ
1573 5332 1682 5384 πᾶν
1720 5330 1804 5383 δι-

218 5410 528 5482 ειὸσμησες
561 5412 675 5465 Καὶ
732 5412 864 5483 ὅπερ
890 5414 949 5467 ὲν
984 5415 1263 5484 αἰσθητοῖς
1292 5416 1354 5470 τὸ
1392 5418 1579 5488 νοητὸν
1609 5423 1811 5474 ἐνεικο-

216 5503 419 5567 νίζεται
448 5505 572 5574 φῶς
596 5505 878 5576 ἀναλόγως
900 5507 1043 5579 ἔχειν
1076 5512 1285 5573 ἐκεῖνος
1322 5513 1579 5581 σημαίνει
1603 5516 1661 5568 ὲν
1686 5531 1812 5585 νοη-

217 5598 344 5659 ττιῐς.
373 5598 739 5667 Σημειωτέον
772 5599 831 5654 δὲ
856 5602 941 5654 ὅτι
985 5602 1084 5655 σὺν
1114 5605 1179 5675 τῇ
1223 5602 1319 5657 τοῦ
1353 5604 1489 5658 Θεοῦ
1522 5610 1673 5679 φωνῇ
1715 5608 1812 5662 καὶ

206 5687 246 5767 ,ὃ
273 5690 381 5743 τῶν
418 5689 776 5761 γιγνομένων
835 5693 1259 5766 συνεισὲδραμεν
1311 5694 1553 5765 ἔπαινος.
1596 5701 1807 5775 ’Ὠσπερ

279 5873 326 5906 ⁸³
370 5872 481 5930 Job
531 5889 784 5941 xxxviii,
815 5876 870 5933 Ἰ.

1917 4794 2008 4838 tur
2042 4794 2101 4841 ut
2128 4784 2255 4840 inde
2288 4793 2473 4842 statua
2519 4787 2633 4854 ﬁat,
2670 4804 2856 4844 verum
2889 4792 3126 4861 sparsim
3170 4799 3224 4847 et
3253 4793 3494 4862 sejuncti

1911 4875 2134 4946 jaceant
2158 4892 2258 4932 ceu
2292 4887 2483 4947 partes
2514 4896 2579 4936 ex
2613 4882 2816 4952 quibus
2859 4891 3041 4939 statua
3071 4885 3417 4941 conﬁcienda
3441 4895 3496 4942 et

1914 4967 2293 5023 connectenda
2330 4970 2403 5025 sit
2433 4990 2446 5024 :
2481 4982 2719 5028 attamen
2749 4975 2963 5044 pulchri
3000 4976 3278 5041 videntur,
3312 4978 3360 5033 si
3384 4994 3495 5033 non

1915 5059 2094 5114 cuivis
2130 5061 2334 5127 idiotas.
2360 5072 2416 5117 at
2443 5065 2491 5119 ei
2536 5063 2629 5133 qui
2671 5081 2767 5121 eos
2796 5082 2862 5123 ex
2893 5067 3109 5123 ratione
3138 5068 3274 5124 artis
3305 5072 3494 5126 consi-

1912 5151 2067 5207 derat
2088 5163 2141 5209 et
2164 5155 2432 5213 intuetur.
2468 5158 2528 5213 Si
2557 5159 2642 5214 his
2672 5174 2965 5229 compares
2995 5160 3202 5230 lapides
3222 5162 3493 5233 ignarios,

1911 5242 2013 5297 etsi
2070 5259 2164 5312 per
2231 5260 2291 5300 se
2327 5248 2553 5303 minime
2587 5248 3056 5318 pulchritudinem
3110 5259 3351 5318 teneant,
3406 5260 3494 5308 ta-

1913 5348 2036 5389 men
2072 5336 2287 5393 ratione
2329 5339 2583 5396 universi
2622 5354 2980 5411 nequaquam
3035 5356 3135 5397 sua
3189 5343 3496 5414 pulchritu-
3557 5326 3561 5335 ’

1911 5422 2043 5479 dine
2067 5423 2473 5483 destituuntur.
2502 5429 2641 5483 Nam
2679 5430 2727 5485 si
2761 5445 2860 5487 eos
2892 5434 3242 5502 coaptat'eris
3268 5434 3335 5489 ad
3367 5433 3493 5504 pul-

1910 5515 2280 5573 ehritudinem
2326 5519 2565 5591 alicujus
2610 5521 2860 5588 aediﬁcii,
2897 5523 3024 5579 licet
3057 5525 3170 5580 sint
3218 5525 3491 5596 despecti,

1910 5616 2157 5664 attamen
2197 5611 2244 5666 si
2294 5619 2468 5666 totum
2525 5613 2818 5671 aedificium
2873 5616 3161 5688 respicias,
3225 5627 3492 5689 superant

1914 5701 2076 5775 longe
2116 5716 2282 5758 unam
2312 5709 2572 5772 statuam,
2605 5715 2887 5781 utcunque
2937 5709 3012 5765 sit
3054 5707 3338 5765 decorata.
3392 5707 3491 5765 Sic
