4002 6428
482 508 544 577 5t
1797 517 2155 580 PROCOPII
2181 523 2424 583 GALEI
3678 517 3737 580 52

481 626 910 682 existimandum
942 641 1141 684 censeo
1163 628 1228 682 de
1256 626 1504 696 partibus
1529 628 1699 682 totius
1719 630 2065 694 universi,ex

2173 630 2283 701 γὰρ
2311 630 2583 685 παιδεύων
2617 630 2714 694 τὰς
2739 627 2929 701 νοερὰς
2960 627 3227 699 δυνάμεις
3254 624 3574 695 ἐφθέγξατο,
3609 625 3739 678 οὕτω

482 715 683 786 quibus
701 718 746 771 si
774 731 896 786 qua:
936 708 1034 786 per
1059 732 1118 772 se
1148 716 1403 770 videnlur
1431 715 1959 780 deformes,collat:e
1996 719 2062 773 ad

485 809 758 863 rationem
810 809 1076 874 universi,
1126 809 1516 879 pulcherrimae
1560 808 2061 879 deprehendentur.

480 901 756 954 Caeterum
784 909 1031 954 exactam
1057 899 1345 953 utilitatem
1375 901 1715 968 singularum
1745 909 1797 954 et
1818 907 2065 955 mutuam

481 990 627 1045 inter
656 1005 778 1045 sese
808 989 1689 1055 convenientiam,cohmrentiam
1720 1000 1773 1045 et
1803 992 2061 1047 commis-

481 1097 669 1136 suram
704 1082 893 1137 sensui
926 1082 1170 1136 humano
1202 1083 1486 1153 percipere
1528 1083 1872 1152 impossibile
1920 1093 2005 1138 est
2038 1101 2052 1137 :

482 1172 594 1226 imo
642 1188 745 1227 nec
774 1172 1022 1243 vulgaris
1071 1180 1127 1228 et
1159 1173 1405 1243 cujusvis
1453 1174 1691 1228 hominis
1741 1176 2059 1233 intelleCtus

2174 722 2334 775 πάλιν
2367 721 2559 784 αὑταῖς
2588 720 2758 785 δεῖξαι
2787 719 3111 789 βουλόμενος
3159 717 3233 780 ὠς
3260 717 3360 770 οὐκ
3405 716 3565 779 ἄλλος
3596 715 3684 785 μὲν
3711 715 3737 766 ὀ

2137 814 2364 880 .ποιῶν,
2396 814 2553 878 ἄλλος
2585 813 2641 867 δὲ
2689 816 2718 867 ὁ
2768 812 2968 883 κρίνων
3042 809 3157 865 ἀλλ’
3208 808 3327 873 ἑνὸς
3379 808 3517 861 Θεοῦ
3547 805 3737 859 τούτων

2172 906 2457 976 ἑκάτερον,
2507 908 2574 975 τῇ
2625 905 2847 974 ποιήσει
2892 901 3097 973 συνῆψε
3149 902 3250 970 τὴν
3282 899 3465 971 κρίσιν
3509 897 3602 951 καὶ
3648 896 3737 965 τὴν

2174 996 2302 1066 περὶ
2333 996 2440 1049 τῶν
2474 996 2783 1065 γεγονότων
2820 993 3168 1066 δοκιμασίαν·
3205 991 3344 1063 ὁμοῦ
3379 991 3474 1044 καὶ
3513 1005 3741 1060 προανα-

2168 1085 2455 1159 [σῙτέλλων
2484 1090 2584 1158 τὴν
2606 1087 2743 1140 ίτῶν
2767 1087 2961 1157 ψέγειν
2991 1084 3319 1156 τολμώντων
3353 1084 3451 1155 τὴν
3483 1079 3738 1151 αἰσθητὴν

2168 1180 2529 1250 δημιουργίαν
2552 1179 2824 1250 δαιμόνων
2843 1179 3166 1243 ὑπόστασιν,
3182 1173 3281 1231 καὶ
3297 1176 3396 1244 τὴν
3420 1173 3578 1228 ἄθεον
3595 1172 3736 1244 αἴρε-

479 1262 573 1317 illa
602 1263 861 1334 indagare
920 1273 1124 1336 potest.
1162 1264 1266 1330 Qui
1318 1263 1592 1320 diversam
1649 1267 1888 1320 retinent
1945 1269 2064 1336 Opi-

2172 1288 2285 1333 cw,
2308 1270 2360 1324 οἳ
2388 1273 2483 1325 καὶ
2508 1271 2687 1341 κακὴν
2718 1269 2891 1342 ἀρχὴν
2924 1269 3338 1331 ἀναπλάσαντες
3377 1264 3742 1335 ἁντεγείρουσι

479 1352 727 1419 nionem,
795 1352 1046 1424 profecto
1074 1353 1210 1408 nihil
1244 1352 1506 1408 differunt
1537 1354 1608 1408 ab
1644 1352 2074 1411 immanissimis
2171 1360 2422 1432 τῷηΘεῷ.

477 1442 1048 1510 belluis,etmalefici
1081 1444 1302 1514 generis
1346 1444 1660 1515 reptilibus.
1696 1444 1829 1499 Nam
1868 1460 2060 1500 sanam
2098 1450 2438 1519 reliquorum
2493 1451 2827 1507 sententiam
2857 1446 3185 1516 dilacerare,
3243 1456 3300 1505 et
3362 1460 3572 1503 veneno
3653 1458 3745 1499 ex-

478 1537 765 1610 stinguere
794 1539 1071 1595 nituntur.
1092 1538 1359 1611 inquiunt
1394 1540 1565 1606 enim,
1591 1550 1686 1595 aut
1709 1540 1881 1595 Deum
1908 1583 1922 1605 ,
1957 1544 2049 1612 qui
2094 1543 2284 1601 islhtcc
2327 1549 2521 1602 fecerit
2553 1564 2673 1602 esse
2703 1548 2929 1613 ntalem,
2966 1556 3057 1601 aut
3091 1563 3197 1601 non
3231 1544 3452 1599 fecisse.
3474 1541 3620 1597 lianc
3645 1541 3745 1594 im-

477 1630 624 1699 piam
663 1631 979 1701 opinionem
1022 1631 1324 1701 accipiunt,
1363 1629 1495 1686 dum
1534 1631 1887 1686 considerant
1931 1631 2211 1689 feritatem
2248 1636 2577 1703 belluarum,
2609 1647 2661 1693 et
2693 1638 3034 1707 serpentium
3083 1634 3351 1690 maleficia
3408 1647 3504 1703 per
3530 1646 3610 1696 se,
3645 1642 3744 1684 nec

478 1722 775 1779 conferunt
806 1725 874 1780 ad
919 1726 1181 1781 rationem
1224 1725 1393 1795 hujus
1427 1726 1597 1782 totius
1638 1726 1866 1794 Opificii.
1939 1728 2099 1793 Quod
2176 1739 2356 1786 autem
2389 1733 2643 1798 verbum,
2696 1733 2851 1799 vidit,
2894 1731 3282 1803 porrigendum
3323 1729 3395 1784 sit
3437 1727 3505 1780 ad
3541 1726 3746 1782 intelle-

479 1819 681 1873 ctivam
724 1820 1015 1888 virtutem,
1039 1820 1147 1876 (ide
1177 1821 1378 1890 dignus
1411 1821 1575 1877 testis
1595 1830 1681 1876 est
1714 1821 1913 1887 Moses,
1953 1825 2044 1893 qui
2086 1825 2163 1878 ait
2190 1825 2245 1878 in
2288 1826 2479 1882 Exodo
2512 1845 2525 1882 :
2565 1826 2834 1882 «Videbat
2872 1827 3112 1896 populus
3142 1838 3326 1877 vocem
3366 1819 3517 1873 Dei.)
3543 1817 3609 1872 At
3646 1831 3749 1871 vox

477 1924 590 1966 non
622 1912 881 1981 visibilis,
906 1914 1001 1970 sed
1031 1915 1291 1971 audibiiis
1321 1925 1426 1971 est.
1462 1914 1568 1972 Sed
1600 1916 1724 1986 quis
1752 1916 2117 1986 reprehendat
2145 1917 2344 1983 lucem,
2375 1934 2499 1975 eum
2536 1935 2564 1973 a
2597 1918 2709 1974 Deo
2776 1920 2895 1989 ipso
2959 1917 3214 1971 laudibus
3282 1913 3515 1967 vehatur
3541 1909 3565 1964 ?
3624 1908 3734 1963 lmo

476 2007 606 2075 quis
636 2022 757 2063 eam
782 2009 1098 2080 vituperare
1119 2011 1379 2077 audebit,
1400 2026 1526 2067 cum
1554 2019 1747 2066 cernat
1772 2013 1841 2067 ab
1863 2027 1926 2067 ea
1958 2012 2062 2067 hoc
2094 2013 2413 2069 universum
2438 2031 2565 2072 esse
2597 2024 2924 2071 exornatum
2967 2022 3023 2070 et
3050 2009 3422 2068 illustratum?
3459 2009 3747 2069 Praeterea,

477 2100 628 2168 quod
655 2102 829 2173 magis
864 2104 933 2158 ad
956 2104 1078 2174 ejus
1112 2107 1493 2160 excellentiam
1521 2104 1670 2171 facit,
1703 2115 2064 2176 repraesentat
2104 2110 2265 2166 nobis
2291 2110 2395 2166 sub
2436 2111 2595 2179 quasi
2621 2112 2744 2166 viva
2773 2110 3009 2180 imagine
3046 2109 3223 2163 lucem
3290 2113 3569 2166 aeternam,
3633 2113 3754 2170 Quae

480 2195 758 2251 intellectu
807 2198 928 2253 solo
955 2199 1239 2269 arripitur.
1281 2200 1554 2255 Cancrum
1588 2200 1895 2255 notandum
1945 2211 2053 2267 est,
2093 2217 2217 2257 cum
2259 2218 2394 2259 voce
2423 2204 2612 2259 divina
2653 2204 2829 2259 simul
2901 2202 3231 2257 convenisse
3283 2206 3338 2252 et
3412 2192 3753 2249 creationem

476 2305 663 2345 rerum
708 2292 1057 2363 laudemque.
1103 2293 1176 2349 Ut
1219 2295 1365 2351 enim
1412 2298 1718 2351 instrueret
1783 2297 2105 2366 spirituales
2145 2307 2457 2364 creaturas,
2492 2299 2817 2368 perhibetur
2889 2313 3014 2353 esse
3045 2298 3264 2351 locutus
3297 2311 3311 2347 :
3350 2291 3452 2354 sie,
3477 2298 3537 2343 ut
3572 2288 3757 2344 decla-

477 2390 717 2439 raretse
750 2378 1102 2454 et'opiflcem
1153 2395 1210 2440 et
1253 2384 1499 2456 judicem
1549 2400 1673 2442 esse
1724 2386 1809 2441 sui
1860 2388 2066 2458 operis,
2106 2402 2209 2444 nec
2237 2391 2425 2456 alium,
2456 2403 2755 2461 utrumque
2784 2390 2893 2445 Deo
2926 2388 3189 2457 ascripsit
3257 2382 3463 2447 Moses,
3526 2380 3756 2434 creatio-

478 2476 647 2546 nique
673 2476 853 2545 junin
881 2488 937 2534 et
967 2479 1264 2547 judicium,
1298 2481 1535 2551 ejusque
1579 2480 2056 2553 approbationem.
2137 2484 2252 2541 Hoc
2305 2486 2457 2542 facto
2527 2487 2771 2541 occurrit
2826 2486 2936 2541 illis
2990 2482 3303 2539 hmreticis.
3355 2478 3449 2547 qui
3502 2476 3756 2529 nituntur

480 2581 743 2629 astruere
781 2574 916 2628 illud
961 2576 1224 2630 sensibile
1278 2576 1559 2647 opificium
1608 2593 1645 2632 a~
1689 2577 2040 2635 daemonibus
2109 2595 2234 2638 esse
2262 2584 2566 2640 conditum.
2636 2582 2708 2636 Et
2733 2596 2867 2637 sane
2907 2593 3109 2635 eorum
3150 2572 3517 2630 confidentem
3592 2567 3757 2621 audao

478 2665 623 2721 ciam
656 2668 974 2733 coiituudit,
1015 2676 1069 2722 et
1107 2669 1161 2723 in
1204 2677 1415 2725 arctum
1448 2669 1599 2740 cogit
1629 2674 1673 2724 δ.

553 2758 624 2813 Ει
672 2760 927 2815 distinxit
957 2761 1093 2815 Deus
1141 2762 1282 2816 inter
1318 2762 1485 2839 lucem
1528 2738 1578 2817 et
1608 2764 1761 2819 inter
1799 2764 2062 2820 tenebras.

2241 2763 2361 2818 Kal
2389 2760 2743 2831 διεχώρισεν
2778 2762 2811 2814 ὁ
2840 2755 2986 2821 Θεὸς
3019 2752 3137 2809 ἀνὰ
3174 2747 3381 2819 μέσον
3415 2738 3757 2839 reﬂ-gmw;

476 2848 838 2922 Nequaquam
872 2853 1017 2908 enim
1049 2854 1194 2911 inter
1223 2868 1282 2909 se
1306 2854 1760 2921 commiscentur,
1794 2857 2065 2927 siquidem

480 2947 715 3001 alterum
752 2946 989 3014 habitus,
1021 2963 1187 3019 porro
1234 2949 1467 3005 alterum
1519 2950 1760 3019 privatio
1805 2960 1913 3015 εει,
1947 2967 2069 3021 quae

479 3034 711 3107 quidem
746 3038 1067 3110 neutiquam
1113 3040 1266 3096 coire
1296 3049 1532 3111 possunt
1577 3042 1757 3101 altero
1804 3045 2069 3101 incolumi

479 3130 803 3187 exsistente.

553 3221 721 3278 Vens.
763 3222 817 3277 ὅ.
864 3220 934 3276 Et
982 3224 1185 3279 vocavit
1220 3223 1361 3281 Deus
1398 3227 1591 3293 lucem,
1612 3226 1769 3282 'diem
1801 3243 1819 3282 :
1848 3236 1909 3283 ει·
1931 3236 2070 3283 leue-

482 3314 607 3369 bras
634 3314 847 3369 vocavit
874 3323 1102 3369 noctem.
1131 3313 1293 3371 Nunc
1325 3331 1457 3372 vero
1492 3318 1597 3372 alia
1629 3318 1739 3374 diei
1778 3319 1921 3372 ratio
1957 3328 2064 3373 est.

480 3399 618 3456 Nam
655 3408 782 3472 post
812 3409 1059 3458 creatum
1112 3403 1309 3467 solem,
1335 3403 1461 3460 dies
1492 3412 1579 3460 est
1625 3420 1663 3461 at
1700 3404 1834 3462 solis
1884 3406 2068 3476 Splen-

481 3495 623 3550 dore
677 3492 1024 3551 illuminatus
1064 3509 1157 3550 aer
1200 3495 1257 3550 in
1299 3496 1690 3567 hemisphaerio
1734 3506 1938 3553 nostro
1975 3513 2068 3554 su-

480 3599 585 3652 pra
623 3591 859 3641 terram.
888 3583 1006 3642 Nox
1049 3594 1133 3643 est
1165 3588 1363 3643 umbra
1411 3597 1593 3652 terra),
1621 3604 1744 3659 qua:
1769 3590 2064 3661 contingit,

480 3676 576 3731 ubi
615 3666 889 3733 occiderit
931 3678 1036 3734 sol.
1070 3677 1229 3734 Tunc
1274 3688 1483 3746 autem,
1513 3680 1730 3736 scilicet
1782 3679 1836 3735 in
1880 3696 2066 3736 rerum

479 3770 811 3841 primordio,
846 3785 956 3826 non
999 3771 1310 3827 secundum
1356 3787 1583 3828 cursum
1630 3772 1766 3830 solis
1802 3773 2068 3828 nosceba~

479 3868 574 3917 tur
613 3861 755 3924 dies,
803 3876 1001 3917 verum
1057 3862 1397 3933 primogenia
1450 3871 1505 3920 et
1556 3865 1802 3935 undique
1831 3865 2077 3920 circum-

478 3951 605 4007 fusa
637 3954 752 4018 lux,
779 3951 934 4022 juxta
963 3953 1188 4012 modum
1222 3969 1252 4006 a
1278 3952 1391 4008 Deo
1423 3954 1712 4031 definitum
1748 3963 2061 4018 contracta.

481 4042 627 4098 diem
665 4042 986 4114 praestabat,
1021 4044 1109 4098 cui
1136 4043 1337 4100 deinde
1362 4045 1701 4102 succedebat
1736 4062 1866 4102 nox.
1890 4046 2063 4113 Diem,

481 4133 708 4202 inquit,
741 4136 982 4188 vocavit.
1029 4134 1239 4207 Ἡμέρα
1276 4134 1465 4193 Graeca
1492 4136 1660 4193 dictio
1679 4139 2076 4209 ponitur,quae

482 4229 778 4295 quamdam
797 4227 1273 4283 mansuetudinem
1302 4228 1584 4299 importat.
1610 4228 1892 4301 Quidquid
1921 4231 2071 4285 enim

480 4317 686 4372 festum
731 4326 786 4372 et
834 4317 1009 4373 hilare
1070 4324 1177 4383 est,
1232 4317 1289 4372 id
1341 4316 1532 4374 Graece
1568 4320 1799 4392 ἥμερον,
1854 4320 1908 4375 id
1959 4328 2071 4383 est,

481 4412 761 4481 placidum
818 4419 874 4466 et
924 4421 1272 4467 mansuetum
1328 4413 1609 4483 appellare
1660 4414 1860 4469 solent.
1919 4413 2069 4479 Qua-

479 4511 706 4573 propter
753 4502 920 4557 etiam
985 4503 1383 4558 humanitatem
1440 4504 1525 4558 vel
1580 4504 2064 4560 mansuetudinem

479 4596 830 4650 nominamus
856 4594 1192 4666 ἡμερότητα.
1224 4594 1499 4652 Praeterea
1541 4597 1647 4651 alia
1682 4594 2064 4652 mansuefacta

479 4703 868 4759 nuneupamus
906 4688 1112 4759 ἥμερα,
1155 4688 1210 4742 id
1241 4696 1349 4752 est,
1381 4689 1574 4743 cicura
1613 4696 1667 4744 et
1700 4697 1913 4759 pacata.
1947 4686 2067 4742 Nox

479 4779 692 4835 dicitur
733 4778 941 4834 Graecis
975 4780 1095 4846 νύξ,
1119 4782 1279 4851 quasi
1336 4779 1540 4844 νύττει,
1574 4779 1626 4833 id
1667 4788 1773 4844 est,
1822 4779 2068 4835 stimulet

482 4871 766 4925 hominem
835 4868 949 4924 fere
1000 4870 1388 4936 dormientem,
1434 4871 1669 4926 subinde
1705 4871 1997 4925 inculcans
2049 4886 2064 4923 :

483 4961 666 5029 Disce,
702 4964 893 5027 homo,
920 4971 973 5019 te
1005 4978 1129 5019 esse
1154 4965 1465 5031 mortalem,
1496 4972 1551 5020 et
1591 4980 1789 5022 somno
1819 4963 2063 5031 servire;

481 5068 539 5113 et
563 5058 696 5130 quid
743 5059 955 5130 majora
992 5060 1102 5115 tuis
1128 5059 1338 5115 viribus
1371 5068 1425 5115 et
1457 5059 1670 5115 moliris
1703 5066 1758 5114 et
1805 5056 2069 5127 cogitas?

480 5150 617 5206 Nam
651 5151 750 5219 νύξ
773 5161 863 5207 εει
897 5152 1199 5223 κατανυγή,
1236 5151 1289 5206 id
1340 5159 1446 5219 est,
1480 5151 1790 5207 stimulatio
1821 5151 1903 5205 vel
1955 5149 2066 5204 ad—

482 5244 736 5298 monitio.
766 5243 911 5299 Hinc
939 5251 1125 5300 motus
1169 5243 1365 5307 David,
1420 5242 1497 5297 ait
1532 5261 1547 5298 :
1584 5261 1604 5295 ι
1640 5239 1954 5311 Loquimini
2011 5241 2064 5294 in

484 5335 650 5389 corde
675 5342 880 5401 vestro,
921 5343 974 5391 et
1006 5336 1061 5389 in
1095 5335 1353 5391 cubiculo
1367 5344 1572 5399 vestro,
1593 5341 1647 5389 ει
1667 5330 2055 5387 ειὶηιιιιειιιῑυί»

479 5427 565 5480 vel
608 5444 625 5477 ι
662 5399 1096 5499 pungamini“.i
1133 5427 1334 5483 Verum
1360 5426 1617 5483 Hebraeus
1643 5424 1803 5479 habet
1830 5463 1844 5485 ,
1875 5430 2059 5476 tacete.

2168 5427 2282 5487 τοῖς
2321 5422 2438 5493 μὲν,
2464 5411 2934 5484 ἀναπαυομένοις·
2960 5410 3071 5472 τοῖς
3100 5404 3179 5471 δὲ,
3217 5399 3538 5502 νεμομένοις

482 5512 955 5582 Quemadmodum
1024 5536 1117 5575 rex
1171 5520 1395 5590 aliquis,
1437 5519 1533 5590 qui
1590 5519 1644 5573 in
1697 5516 1831 5571 urbe
1877 5515 2058 5586 aliqua

481 5610 614 5678 quid
648 5610 763 5665 ﬁeri
796 5614 1078 5682 praecepit,
1110 5614 1203 5669 ubi
1243 5612 1452 5668 factum
1488 5618 1596 5678 est,
1626 5611 1680 5666 id
1732 5609 1891 5664 laude
1922 5610 2060 5664 insi-

483 5708 573 5772 gni
604 5697 797 5759 efferre
838 5706 1144 5771 consuevit,
1182 5710 1373 5773 postea
1401 5703 1453 5757 id
1487 5702 1553 5758 ad
1596 5717 1779 5766 usum,
1824 5715 1987 5770 quem
2019 5699 2207 5755 animo
2260 5696 2362 5767 13
2408 5689 2737 5749 destinavit.

2170 2857 2267 2911 καὶ
2294 2855 2411 2910 ἀνὰ
2438 2853 2634 2924 μέσον
2659 2850 2766 2906 τοῦ
2796 2849 3077 2915 σκότους.
3105 2845 3349 2911 Ἀμικτα
3367 2836 3477 2905 γὰρ
3504 2830 3759 2901 ἀλλήλοις

2170 2950 2224 3003 ετ
2249 2966 2311 3017 γε
2338 2948 2399 3001 τὸ
2431 2947 2529 3007 μὲν
2581 2946 2717 3012 ἕξις,
2745 2944 2806 2997 τὸ
2833 2943 2889 2996 δὲ
2919 2939 3228 3007 καθέστηκε
3286 2933 3563 3004 στέρησις·
3606 2926 3765 2997 ἅπερ

2170 3041 2422 3111 ἀλλήλοις,
2472 3038 2786 3110 ἀσύμϐατα,
2832 3034 2925 3089 τοῦ
2968 3031 3162 3102 ἑτέρου
3212 3023 3590 3082 ἀνυποστάτου
3623 3035 3766 3088 τυγ-ι.

2246 3151 2452 3195 νοντος.

2246 3154 2271 3185 ν
2408 3151 2452 3195 ς,

2171 3135 2669 3295 χάιέἔῖἒκάλεσεν
2701 3224 2734 3276 ὀ
2786 3218 2933 3283 Θεὸς
2965 3215 3032 3270 τὸ
3079 3212 3205 3284 φῶς
3232 3209 3482 3280 ἡμέραν,
3536 3203 3634 3260 και
3681 3204 3771 3257 τὸ

2172 3320 2394 3383 σκότος
2446 3315 2705 3370 ἐκάλεσε
2756 3313 2968 3366 νύκτα.
3003 3305 3121 3359 Νῦν
3170 3304 3270 3373 μὲν
3304 3301 3443 3370 μετὰ
3472 3297 3571 3369 τὴν
3595 3296 3771 3366 quo»

2171 3411 2405 3481 γένεσιν,
2438 3406 2622 3476 ἡμέρα
2654 3402 2801 3455 ἐστὶν
2831 3400 2858 3452 ὁ
2889 3396 2992 3453 ὑπὸ
3020 3393 3175 3465 ἡλίου
3203 3389 3613 3481 πεφωτισμένος

2170 3476 2229 3558 έν
2281 3501 2359 3572 τῷ
2410 3499 2551 3565 ὑπὲρ
2604 3496 2706 3565 γῆν
2752 3489 3105 3563 ἡμισφαιρίῳ
3150 3485 3483 3556 λάμποντος,
3531 3479 3625 3534 καὶ
3653 3476 3771 3545 νὺξ

2173 3594 2419 3663 σκίασμα
2447 3591 2547 3661 τῆς
2566 3588 2668 3658 γῆς
2696 3580 3190 3654 ἀποκρυπτομένου
3220 3578 3373 3647 ἡλίου
3403 3575 3756 3663 γιγνόμενον.

2170 3662 2387 3738 Τότεοδὲ
2421 3683 2482 3735 οὐ
2505 3678 2646 3734 κατὰ
2669 3679 2766 3747 τὴν
2788 3676 3004 3745 κίνησιν
3030 3670 3291 3743 ἡλιακὴν,
3313 3666 3428 3720 ἀλλ’
3451 3662 3767 3736 ἀναχεομέ-

2168 3790 2262 3827 νου
2290 3770 2431 3825 κατὰ
2464 3769 2523 3821 τὸ
2565 3765 2785 3837 ὁρισθὲν
2826 3764 3025 3833 μέτρον
3063 3758 3215 3829 παρὰ
3245 3755 3341 3811 τοῦ
3375 3753 3535 3818 Θεοῦ,
3566 3752 3759 3822 ἡμέρα.

2167 3864 2387 3933 ἐγένετο
2412 3861 2506 3913 καὶ
2538 3857 2635 3924 νὺξ
2667 3855 2945 3925 ἀντεπῄει.
2976 3850 3223 3921 Ἡμέραν
3248 3847 3327 3913 δὲ,
3355 3844 3757 3916 φασὶν,ὲκὰλε-

2170 3971 2283 4014 σεν,
2307 3951 2497 4020 ἐπειδὴ
2532 3950 2642 4003 πᾶν
2691 3948 2752 4001 τὸ
2780 3945 3007 4016 φαιδρὸν
3039 3944 3135 3997 καὶ
3175 3939 3362 4012 ἱλαρὸν
3397 3939 3626 4007 ἥμερον
3656 3935 3760 3989 λέ-

2169 4062 2347 4116 γεται·
2373 4044 2454 4098 διὸ
2476 4043 2572 4096 καὶ
2598 4041 2696 4112 τὴν
2728 4035 3144 4110 φιλανθρωπίαν
3181 4033 3521 4104 ἡμερότητα
3550 4027 3765 4084 καλοῦ-

2178 4153 2297 4210 μεν·
2328 4137 2423 4191 καὶ⁸
2447 4135 2517 4189 τὰ
2556 4132 2818 4205 χειροήθη
2866 4130 3034 4201 θηρία
3074 4129 3286 4197 ἥμερα.
3323 4123 3452 4187 Νὺξ
3483 4121 3771 4176 δὲ’καλεϊ-

2172 4248 2283 4295 ται,
2303 4227 2490 4298 ἐπειδὴ
2515 4226 2694 4279 νύττει
2723 4224 2814 4276 τὸν
2844 4222 3133 4293 ἄνθρωπον
3160 4219 3257 4271 καὶ
3278 4213 3628 4276 καθεύδοντα,
3652 4226 3769 4280 μο-

2172 4320 2387 4391 νονουχὶ
2414 4320 2677 4387 λέγουσα·
2714 4314 2895 4379 Μάθε,
2925 4311 3181 4383 ἄνθρωπε
3222 4309 3298 4372 ὡς
3328 4304 3519 4376 θνητὸς
3550 4298 3604 4356 εἴ
3657 4300 3772 4355 καὶ

2174 4411 2329 4478 ὕπνῳ
2367 4405 2642 4469 δουλεύεις
2663 4424 2676 4436 ·
2706 4403 2799 4471 καί
2831 4420 2886 4456 τι
2916 4398 3166 4473 φαντάξῃ
3198 4397 3267 4452 τὰ
3291 4396 3433 4466 ὑπὲρ
3465 4394 3555 4455 as’;
3584 4394 3617 4460 ὴ
3642 4391 3773 4460 γὰρ

2169 4501 2268 4567 νὺξ
2318 4497 2627 4567 tatur-vrri
2678 4499 2845 4549 ἐστιν.
2884 4492 3047 4546 Ὅθεν
3088 4490 3185 4545 καὶ
3218 4492 3245 4543 ὁ
3274 4486 3460 4551 Δαϐὶδ,
3493 4504 3511 4536 ι
3545 4485 3612 4536 "A
3660 4481 3769 4534 λέ-

2168 4608 2316 4660 γετε,
2342 4590 2531 4661 φησὶν,
2561 4588 2618 4640 ὲν
2640 4587 2761 4649 ταῖς
2789 4583 3038 4653 καρδίαις
3062 4578 3238 4648 ὑμῶν,
3269 4575 3361 4630 ἐπὶ
3389 4576 3509 4637 ταῖς
3537 4571 3773 4632 κοίταις

2169 4683 2323 4755 ὑμῶν
2370 4679 2737 4750 κατανύγητε.
2774 4695 2793 4728 ι
2865 4676 2953 4739 Ὠς
2982 4674 3039 4727 δὲ
3090 4668 3345 4743 βασιλεῦς
3392 4669 3452 4721 ὲν
3492 4667 3558 4736 τῇ
3592 4662 3776 4755 πόλεις

2168 4754 2497 4848 προστάξειε
2543 4790 2596 4825 τι
2626 4768 2901 4841 γενέσθαι,
2931 4764 3051 4820 εἶτα
3079 4762 3262 4826 καλῶς
3285 4758 3506 4831 γεγονὸς
3540 4754 3778 4810 ἔπαινὲ-

2169 4887 2304 4931 σειε,
2336 4867 2431 4921 καὶ
2464 4864 2604 4938 μετὰ
2644 4863 2817 4916 ταῦτα
2858 4859 2995 4932 πρὸς
3032 4857 3133 4929 τὴν
3159 4856 3544 4926 προσήκουσαν
3571 4864 3769 4903 κατα-

2164 4961 2349 5026 τάξειε
2383 4958 2591 5031 χρείαν·
2645 4955 2820 5019 οὕτως
2861 4954 2890 5004 ὁ
2944 4951 3078 5013 Θεὸς
3128 4944 3251 5002 εἶπε
3304 4942 3560 5012 γενέσθαι
3609 4938 3775 5007 φῶς,

2167 5054 2401 5125 ἐπῄνεσε
2431 5049 2676 5119 γεγονὸς,
2713 5045 2910 5117 ὥρισεν
2943 5044 3019 5105 ὡς
3046 5038 3280 5110 ἤμελλεν
3311 5033 3619 5125 ἐπιτήδειον
3646 5045 3777 5098 φα-

2148 5122 2380 5202 νεῖσθαι
2408 5141 2484 5212 τῷ
2507 5142 2718 5211 κόσμῳ.
2744 5136 2917 5191 Τοῦτο
2950 5134 3059 5205 γὰρ
3089 5131 3239 5202 δηλοῖ
3268 5128 3352 5193 τδ,
3377 5145 3396 5177 ι
3433 5122 3784 5212 διεχώρισεν

2166 5241 2273 5294 ἀνὰ
2310 5207 2494 5307 μέσον.
2538 5252 2557 5284 ι
2752 5226 3032 5298 ἠϐουλήθη
3057 5223 3168 5295 γὰρ
3197 5216 3480 5279 παντελῶς
3612 5207 3785 5307 εἶναι

2166 5333 2227 5386 τὸ
2260 5302 2470 5391 σκότος·
2491 5322 2775 5393 ἐπιτηδεία
2802 5319 2913 5390 γὰρ
2935 5315 3084 5387 mea
3115 5309 3429 5383 ἀνθρώποις
3456 5306 3550 5360 καὶ
3567 5302 3779 5368 ζώοις·
3848 5368 3861 5385 ὁ

2169 5427 2282 5447 --ιω
2321 5422 2417 5447 -.ιη
2468 5411 2934 5447 ιηηιι-...ιηηέυωρι
2960 5410 3071 5447 eni'r
3100 5404 3173 5447 δὴ
3217 5399 3537 5447 νειιοαὲνοιε
3562 5412 3578 5428 ⁹
3616 5413 3633 5444 ι
3666 5394 3790 5447 Ἐν

3562 5412 3633 5444 ⁸(
3692 5412 3790 5444 ιον

2170 5488 2467 5585 ανζιτῇὴγὰρ
2517 5505 2862 5575 ἐξελεύσεται
2913 5501 3093 5556 πάντα
3152 5497 3220 5551 τὰ
3276 5493 3445 5565 Θηρία
3500 5489 3594 5543 τοῦ
3625 5488 3789 5557 δρυ-

2215 5625 2328 5661 GU.)

2175 5626 2213 5742 Ξ
2260 5696 2362 5742 In
2408 5689 2737 5742 destinavit.
2825 5680 3206 5742 accommodat
3248 5696 3262 5731 :
3306 5671 3473 5731 simili
3544 5668 3798 5726 ratione

480 5770 749 5868 praecepit
791 5794 957 5865 Deus,
1004 5806 1065 5854 ut
1107 5770 1353 5857 oriretur
1403 5798 1518 5865 lux,
1568 5804 1815 5853 exortam
1859 5792 2220 5862 collaudavit,
2264 5799 2454 5862 postea
2493 5801 2614 5841 eam
2662 5782 2941 5854 disposuit
2976 5779 3043 5834 ad
3113 5790 3241 5833 eum
3316 5770 3560 5835 modum,
3640 5780 3796 5838 quo

557 5970 605 6007 "
644 5970 792 6028 Psal.
844 5987 917 6037 tv,
948 5971 1001 6027 5.
