4002 6428
233 483 295 550 53

1350 484 1892 549 COMMENTARII
1916 485 1997 547 ΙΝ
2037 483 2376 546 GENESIN
3455 480 3527 549 54

248 592 578 656 existimabat
624 594 859 652 mundo
883 596 1021 655 usui
1050 597 1314 653 futuram.
1340 598 1406 653 Et
1434 599 1538 655 hoc
1564 600 1840 670 colligitur
1863 614 1928 655 ex
1963 598 2150 663 verbo,
2189 616 2208 650 ι
2238 595 2495 650 distinxit
2519 614 2537 647 ι
2575 594 2660 650 vel
2697 593 2916 650 «divisit
2942 614 2987 650 ι.
3024 593 3210 650 Voluit
3234 595 3435 652 etenim
3474 604 3529 654 et

249 690 485 744 tenebras
504 702 635 744 esse
666 698 876 744 mutua
905 692 1271 748 successione
1291 706 1390 747 seu
1417 691 1822 748 vicissitudine.
1861 690 2009 745 Nam
2031 706 2138 745 nox
2174 687 2495 743 hominibus
2560 695 2617 743 et
2665 687 2892 758 reliquis
2955 688 3337 746 animantibus
3416 689 3529 744 uti-

252 786 313 842 is
337 794 437 838 est.
461 781 585 839 Illis
614 798 858 840 suavem
896 787 1143 857 quietem
1180 788 1387 857 praebet
1421 805 1436 842 :
1483 787 1569 843 bis
1598 788 1665 842 ad
1704 802 1911 858 pascua
1936 785 2100 841 eundi
2143 785 2361 854 copiam
2415 781 2569 848 facit,
2646 791 2707 837 ut
2768 783 2926 838 canit
3002 783 3191 854 regius
3258 782 3531 845 ‘Psaltes:

258 899 280 933 ι
316 876 479 932 Ponis
513 879 794 934 tenebras
850 886 909 932 et
960 878 1020 933 iit
1060 893 1187 945 nox,
1222 885 1277 934 et
1318 880 1376 933 in
1410 894 1472 934 ea
1508 886 1847 950 proserpunt
1883 891 2078 931 omnes
2118 875 2307 929 bestiae
2340 873 2492 928 silvae
2533 873 2599 926 ".
2637 891 2657 925 ι
2781 921 2787 927 .

315 968 421 1023 Kal
464 968 717 1038 ἐγένετο
762 967 920 1035 πρωῒ
950 966 1144 1036 ἡμέρα
1169 968 1298 1037 μία.
1343 966 1403 1021 '0
1430 968 1711 1038 χωρισμὸς
1736 969 1794 1022 ὃν
1820 969 1847 1020 ὁ

2022 963 2092 1018 Et
2126 965 2229 1032 fuit
2259 978 2496 1030 vespera,
2535 962 2742 1033 fuitque
2783 979 2938 1017 mane
2972 961 3084 1017 dies
3125 979 3285 1017 unus.
3320 960 3534 1016 Distin-

254 1060 378 1123 Θεὺς
398 1058 734 1130 διεχώρισεν
769 1059 975 1127 μεταξὺ
1005 1058 1103 1113 τοῦ
1138 1059 1315 1128 φωτὸς
1351 1060 1445 1112 καὶ
1470 1057 1564 1112 τοῦ
1601 1059 1848 1125 σκότους,

254 1155 379 1215 τοῦς
417 1153 642 1215 κοινοὺς
679 1153 1016 1222 ἀμφοτέρων
1051 1150 1431 1220 ἀπεγέννησεν
1461 1152 1642 1222 ὄρους·
1675 1153 1853 1225 πέρας

256 1245 363 1313 γὰρ
395 1244 621 1313 ἡμέρας
670 1244 774 1313 μὲν
798 1245 833 1315 ἡ
864 1243 1095 1312 ἑσπέρα,
1128 1243 1322 1306 νυκτὸς
1352 1244 1409 1297 δὲ
1443 1244 1505 1296 τὸ
1536 1246 1701 1316 πρωῒ·
1758 1245 1855 1300 καὶ

256 1332 552 1398 ἁνᾶπαλιν,
593 1334 744 1405 ἁρχὴ
808 1334 909 1404 μὲν
958 1333 1170 1404 ἑσπέρα
1224 1334 1443 1399 νυκτὸς,
1493 1335 1552 1388 τὸ
1596 1334 1743 1409 πρωῒ
1799 1335 1856 1389 δὲ

258 1424 500 1492 ἡμέρας.
544 1424 668 1476 ’Δεὶ
717 1424 832 1496 γὰρ
862 1424 932 1477 τὰ
988 1424 1203 1495 πέρατα
1238 1425 1332 1478 καὶ
1376 1425 1445 1479 τὰ
1489 1423 1620 1497 τέλη
1671 1426 1767 1479 καὶ
1799 1426 1855 1478 αἱ

258 1515 430 1584 ἀρχαὶ
478 1514 939 1570 ωνεπινοοῦνται
990 1518 1107 1579 τοῖς
1166 1515 1512 1587 πράγμασιν.
1552 1516 1713 1570 Ὅθεν
1757 1518 1859 1573 ούκ

262 1599 443 1668 εἶπεν,
473 1606 748 1676 Ἐποίησε
778 1607 878 1677 τὴν
908 1607 1150 1676 ἑσπέραν
1182 1608 1276 1661 καὶ
1324 1609 1384 1661 τι
1432 1605 1596 1679 πρωϊ,
1628 1608 1744 1662 ἀλλ’
1776 1609 1858 1663 ὅτι

256 1695 512 1765 Γέγονε,
548 1697 972 1753 ωνυποστάντα
995 1697 1074 1769 τῷ
1114 1697 1376 1771 χωρισμῷ
1404 1697 1501 1753 τοῦ
1540 1699 1719 1769 φωτὸς
1763 1702 1860 1756 καὶ

255 1786 353 1840 τοῦ
385 1786 649 1854 σκότους.

326 1962 576 2034 melo-n7
608 1962 668 2017 δὲ
696 1963 928 2036 ζὴτησις
962 1965 1093 2035 περὶ
1117 1964 1235 2033 τοῦ,
1268 1966 1416 2031 τίνος
1452 1968 1720 2040 ἡγήσατο.
1749 1969 1862 2025 Καὶ

260 2056 448 2110 αὐτῶν
500 2057 620 2129 γὰρ
676 2057 789 2111 τῶν
822 2059 1012 2111 ούσὶαν
1053 2059 1147 2113 καὶ
1199 2058 1361 2129 φύσιν
1390 2063 1693 2134 εἰρηκότων
1722 2059 1862 2119 εἶναι

262 2147 357 2201 τοῦ
390 2148 657 2214 σκότους,
709 2150 763 2202 οἱ
816 2150 914 2218 μὲν
952 2149 1052 2222 τὴν
1082 2150 1318 2222 ἡμέραν,
1348 2153 1398 2206 οι
1438 2153 1494 2207 δὲ
1531 2154 1631 2225 τὴν
1691 2155 1865 2209 νύκτα

265 2240 606 2310 προέταξαν·
648 2241 847 2305 κοινῶς
883 2242 986 2313 μὲν
1021 2237 1115 2296 οὗν
1150 2242 1391 2309 ἅπαντες
1425 2245 1477 2298 οι
1514 2245 1613 2317 τὴν
1647 2246 1863 2317 ἡμέραν

1953 1054 2087 1119 ctio,
2115 1071 2221 1123 qua
2256 1053 2401 1108 Deus
2454 1054 2693 1108 secrevit
2749 1054 2931 1109 lucem
2974 1063 3029 1108 et
3063 1056 3344 1119 tenebras,
3383 1068 3538 1108 com-

1953 1163 2151 1201 munes
2184 1147 2437 1215 utrisque
2478 1145 2630 1200 dedit
2650 1153 2706 1200 et
2745 1147 3048 1221 praestituit
3107 1147 3407 1201 terminos.
3444 1145 3537 1199 Fio

1953 1239 2044 1293 nis
2103 1239 2253 1294 enim
2306 1237 2460 1303 diei,
2500 1246 2559 1292 ut
2606 1246 2858 1309 apparet,
2906 1246 2991 1293 est
3017 1252 3290 1307 vespera:
3353 1239 3537 1293 noctis
3608 1302 3613 1311 I

1955 1344 2109 1394 vero,
2148 1344 2330 1385 mane.
2389 1328 2456 1382 Et
2509 1330 2761 1385 vicissim
2827 1346 2925 1385 seu
2975 1330 3175 1384 ordine
3233 1344 3537 1395 converso,

1957 1420 2176 1477 initium
2214 1421 2440 1491 quidem
2498 1422 2683 1477 noctis
2723 1436 2957 1491 vespera
3007 1428 3117 1484 est,
3161 1428 3218 1475 et
3252 1436 3414 1475 mane
3441 1420 3542 1474 ini-

1956 1516 2095 1570 tium
2146 1516 2277 1569 diei.
2326 1514 2555 1584 Semper
2603 1513 2808 1569 etenim
2841 1514 3143 1584 principia,
3182 1513 3320 1569 lines
3356 1522 3542 1568 extre-

1958 1605 2294 1674 mitatcsque
2349 1604 2750 1675 concipiuntur
2786 1603 2955 1659 simul
2989 1618 3113 1659 cum
3147 1603 3313 1658 rebus
3337 1603 3540 1657 animo.

1959 1695 2313 1767 Quapropter
2379 1711 2495 1752 non
2560 1696 2740 1751 dixit:
2808 1694 2984 1764 Fecit,
3038 1695 3174 1751 sed:
3235 1715 3255 1747 ι
3311 1694 3543 1750 Factum

1958 1798 2065 1854 est,
2109 1808 2127 1841 ο
2165 1799 2298 1853 ctc.,
2344 1790 2507 1860 quasi
2547 1805 2655 1844 una
2686 1796 2811 1859 post
2843 1787 3262 1845 distinctionem
3305 1787 3448 1844 lucis
3481 1794 3539 1842 et

1960 1882 2317 1936 tenebrarum
2355 1880 2734 1936 substiterint.

2030 1971 2280 2026 Plurima
2350 1971 2663 2042 disputatio
2733 1981 2841 2039 est,
2919 1977 3105 2025 utrum
3167 1968 3543 2040 praecesserit.

1961 2061 2100 2117 Nam
2139 2062 2358 2132 quidam
2414 2078 2479 2117 ex
2533 2062 2630 2117 illo
2679 2077 2866 2133 grege,
2925 2062 3017 2131 qui
3069 2060 3443 2116 substantiam
3492 2066 3549 2114 et

1962 2155 2260 2224 quamdam
2303 2163 2564 2208 naturam
2615 2154 2931 2209 concedunt
2981 2153 3251 2219 tenebris,
3290 2167 3391 2207 nec
3440 2152 3547 2221 ipsi

1964 2247 2111 2300 inter
2140 2262 2200 2301 se
2234 2247 2375 2301 satis
2409 2245 2737 2311 concordes,
2767 2245 2992 2315 quidam
3029 2255 3271 2311 noctem,
3317 2245 3548 2315 quidam

268 2332 672 2403 προτάξαντες,
712 2337 879 2403 φασὶν
916 2335 993 2400 ὡς
1021 2336 1089 2392 τὰ
1125 2338 1394 2408 πρεσϐεῖα
1445 2339 1748 2410 παρασχὼν
1791 2342 1860 2410 τῇ

1969 2337 2109 2393 diem
2158 2337 2214 2392 in
2248 2353 2432 2393 rerum
2470 2338 2668 2392 ordine
2714 2344 3065 2408 przvponunt.
3106 2335 3211 2391 Sed
3252 2337 3346 2405 qui
3383 2350 3548 2406 argu-

266 2423 472 2494 ἡμέρᾳ,
497 2425 731 2495 πρῶτον
763 2423 885 2481 εἷπε
909 2429 1114 2501 ταύτης
1143 2430 1203 2484 τὸ
1225 2429 1401 2502 πέρας
1425 2430 1503 2493 ὡς
1535 2430 1708 2500 αὐτῆς
1734 2432 1864 2503 ήγη.

272 2515 516 2585 σιμένης
546 2515 650 2568 καὶ
670 2514 1076 2587 παρελθούσης,
1110 2517 1206 2571 καὶ
1237 2516 1382 2572 οὕτω
1411 2518 1512 2589 τῆς
1538 2518 1732 2580 νυκτὸς
1766 2518 1865 2588 ἀρ·-

272 2603 365 2674 κὴν
395 2604 691 2676 λαϐούσης
722 2606 944 2677 ἐκείνης
976 2606 1039 2660 τὸ
1076 2608 1272 2680 πέρας.
1320 2607 1710 2680 Προλαϐούσης
1758 2608 1865 2679 γὰρ

273 2694 367 2764 τῆς
409 2695 664 2766 ἡμέρας,
696 2697 732 2767 ἡ
789 2698 888 2763 νὺξ
935 2699 1013 2762 εἰς
1048 2696 1234 2752 ἄνεσιν
1277 2701 1379 2770 τῆς
1417 2699 1685 2771 ἡμερινῆς
1734 2700 1868 2770 ἡμῖν

278 2787 539 2856 ιρτασίας
587 2788 927 2856 ἐπιγίνεται.
969 2789 1032 2842 Ἠ
1082 2789 1138 2842 δὲ
1182 2789 1289 2863 πρὸ
1334 2788 1431 2844 τοῦ
1462 2790 1641 2858 φωτὸς
1692 2793 1751 2846 ὲν
1788 2790 1866 2862 τῷ

274 2878 459 2948 κόσμῳ
478 2878 856 2943 κατάστασις,
890 2880 1010 2950 οὐχὶ
1042 2878 1160 2945 νὺξ,
1185 2880 1323 2935 ἀλλὰ
1358 2883 1549 2946 σκότος
1579 2882 1864 2953 ἐτύγχανε.

273 2968 386 3033 Νὺξ
412 2970 470 3022 δὲ
512 2970 578 3022 ab
636 2970 780 3041 πρὸς
826 2971 925 3042 τὴν
957 2972 1174 3044 ἡμέραν
1219 2973 1632 3028 ἀντιδιασταλὲν
1665 2975 1869 3045 ἑτέρως

276 3061 426 3133 παρὰ
444 3062 508 3115 τὸ
532 3063 740 3126 σκότος
774 3061 996 3134 κληθένο
1020 3064 1082 3117 τὸ
1116 3064 1175 3117 δὲ
1210 3064 1271 3130 ἐξ
1296 3066 1502 3136 ἀμφοῖν
1528 3068 1868 3139 συμπληρω-

273 3152 361 3207 Ιὲν
393 3152 831 3224 ἡμερονύκτιον,
869 3153 973 3208 οὐκ
999 3154 1259 3209 ὲκάλεσεν
1299 3156 1518 3229 ἡμέραν
1545 3157 1641 3211 καὶ
1671 3158 1865 3222 νύκτα,

274 3242 387 3298 ιη’
421 3243 673 3313 ἡμέραν,
710 3243 825 3297 ἀπὸ
854 3243 949 3297 τοῦ
994 3243 1329 3314 κρείττονος.
1355 3246 1467 3299 Καὶ
1496 3246 1565 3299 δι’
1594 3247 1724 3315 ὅλης
1768 3247 1869 3318 τῆς

274 3333 496 3403 Γραςῆς
538 3333 726 3398 οὕτως
771 3335 1047 3407 εὑρήσεις,
1094 3337 1207 3390 τῶν
1242 3338 1455 3391 νυκτῶν
1484 3341 1607 3402 ταῖς
1634 3339 1869 3411 ἡμέραις

281 3426 707 3495 σνννοουμένων·
737 3427 768 3481 ὅ
794 3445 853 3482 τε
882 3427 992 3499 γὰρ
1012 3426 1344 3499 Ψαλμῳδὺς,
1386 3447 1415 3481 ι.
1442 3430 1508 3485 AI
1532 3430 1735 3501 ἡμέραι
1768 3429 1869 3500 τῆς

283 3516 421 3588 ζωῆς
444 3518 640 3590 ἡμῶν,
688 3538 711 3573 ι
745 3520 901 3590 φησι·
948 3522 1046 3575 καὶ
1092 3519 1318 3588 Ἰακὼὸ,
1360 3539 1378 3573 ι
1421 3522 1488 3576 Δὶ
1510 3524 1716 3594 ἡμέραι
1770 3523 1873 3593 τῆς

291 3609 425 3717 ζωῆς
454 3629 555 3682 μου
593 3613 803 3714 μικραὶ
832 3614 930 3667 καὶ
953 3613 1210 3687 πονηραί·
1238 3632 1258 3665 ι
1279 3615 1375 3668 καὶ
1408 3615 1598 3668 πάλιν*
1631 3634 1650 3667 ι
1682 3616 1874 3680 Πάσας
1897 3659 1940 3717 C

298 3701 390 3763 τὰς
428 3704 632 3773 ἡμέρας
679 3702 790 3773 τῆς
821 3704 979 3775 ζωῆς
1002 3721 1105 3771 μου
1133 3721 1148 3736 ο
1193 3724 1212 3757 ι
1274 3706 1544 3777 πρόδηλον
1591 3706 1649 3760 δὲ
1696 3707 1870 3761 ὅτιτὸ

290 3792 548 3866 διάστημα
577 3798 680 3850 καὶ
718 3796 817 3849 τὸν
860 3796 1079 3854 τοσόνδε
1111 3796 1310 3869 καιρὸν
1336 3798 1551 3868 ἡμέραν
1576 3799 1668 3852 καὶ
1696 3798 1870 3853 νύκτα

284 3885 449 3952 καλεῖ,
477 3889 541 3941 ού
571 3888 681 3957 τὴν
710 3888 918 3959 ἀμφοῖν
947 3888 1207 3961 ὓπαρξιν·
1238 3891 1271 3960 ἡ
1310 3888 1411 3961 μὲν
1443 3890 1553 3961 γὰρ
1582 3890 1698 3959 φῶς
1723 3890 1872 3961 λέγε-

278 3993 363 4030 ui
397 3979 493 4030 nl.
559 3978 783 4043 σκότος,
814 3980 880 4033 τὸ
922 3980 981 4033 δὲ
1011 3981 1197 4050 ἡμέρα
1239 3982 1337 4035 καὶ
1383 3981 1499 4048 νύξ.
1533 3985 1711 4055 Διχῶς
1759 3985 1871 4057 γὰρ

275 4072 461 4142 ἡμέρα
494 4074 734 4136 νοεῖται,
778 4073 924 4127 κατά
971 4090 1031 4126 τε
1061 4072 1124 4126 τὸ
1155 4074 1409 4144 χρονικὸν
1441 4074 1740 4147 διάστημα,
1776 4078 1872 4130 καὶ

275 4163 414 4216 uti
439 4163 542 4219 τὸν
567 4164 869 4233 φωτισμὸν.
889 4163 1141 4234 τοῦοπερὶ
1173 4164 1319 4234 ἡμᾶς
1350 4165 1530 4237 ἀέρος.
1557 4168 1691 4236 Καὶ,
1732 4188 1752 4222 ι
1789 4169 1868 4242 Τῇ

274 4256 455 4327 ἡμέρᾳ
484 4258 557 4325 τῇ
594 4254 763 4325 τρίτῃ
791 4255 970 4323 γάμος
999 4254 1217 4323 ἐγένετο
1262 4256 1321 4308 ὲν
1380 4258 1539 4328 Κανᾷ
1575 4257 1675 4329 τῆς
1713 4260 1875 4315 Γαλι-

274 4344 450 4408 λαίας,
490 4363 513 4396 ι
558 4345 626 4397 τὸ
654 4343 827 4398 ποσὸν
852 4344 955 4415 τῆς
993 4344 1210 4415 ἡμέρας
1248 4344 1527 4417 δηλοῦται,
1549 4347 1649 4418 οὐχ
1684 4349 1874 4420 ἡφαι-

274 4435 424 4506 δρὰῆ
454 4435 675 4505 ζοφερὰ
706 4436 912 4507 ἡμέρα.
947 4435 1074 4489 Ἐὰν
1116 4435 1302 4509 λέγῃς,
1336 4436 1592 4509 Ζοφὼδης
1629 4441 1675 4512 ἡ
1699 4442 1875 4512 σήμε-

279 4543 367 4596 ρον
391 4528 609 4599 ἡμέρα,
649 4527 715 4580 ού
749 4527 807 4579 τὸ
830 4526 997 4581 ποσὸν
1026 4527 1201 4598 αὐτῆς
1241 4529 1578 4597 spargam
1599 4530 1660 4583 τὸ
1696 4534 1870 4587 ποιόν.

278 4621 341 4673 Δί
370 4621 561 4673 τοίνυν
596 4619 709 4691 πρὸ
741 4619 892 4691 ἡλίου
941 4620 1036 4674 καὶ
1066 4620 1176 4674 τῶν
1207 4623 1516 4693 φωστήρων
1549 4623 1778 4694 ἡμέραι,
1811 4624 1873 4678 τὸ

279 4714 444 4767 ποσὸν
475 4712 769 4782 διάστημα
793 4711 889 4766 τοῦ
910 4714 1113 4784 χρόνου
1165 4713 1545 4785 σημαίνουσιν.
1585 4715 1720 4770 Οὐδὲ
1762 4717 1872 4788 γὰρ

278 4806 570 4876 ποιητικὸς
593 4807 627 4858 ὁ
650 4806 806 4875 ἡλιος
854 4807 954 4876 τῆς
976 4806 1221 4877 ἡμέρας,
1245 4804 1382 4860 ἀλλὰ
1410 4810 1766 4878 σημαντικὸς,
1795 4810 1873 4867 ὡς

276 4901 371 4953 καὶ
415 4899 491 4953 τὰ
533 4898 862 4971 μηχανικῶς
908 4896 1455 4968 κατασκευαζόμενα.
1506 4901 1621 4955 Οὐκ
1668 4902 1870 4957 ἄτοπον

1965 2439 2309 2495 mentantur,
2344 2430 2519 2497 diem,
2554 2440 2613 2485 ut
2640 2431 2805 2499 vulgo
2834 2428 3390 2491 creditur,seniorem
3423 2441 3546 2483 esse

1965 2532 2152 2583 nocte,
2186 2522 2270 2577 sic
2318 2521 2668 2592 procedunt:
2705 2521 2851 2577 Deus
2884 2523 3005 2591 ipse
3042 2521 3347 2590 primatum
3377 2520 3548 2574 dona-

1965 2614 2043 2667 vit
2100 2613 2229 2667 diei.
2293 2612 2428 2667 Nam
2482 2614 2665 2684 primo
2715 2614 2903 2684 posuit
2946 2604 3294 2675 tinem'diei.
3352 2625 3549 2678 nempe

1966 2719 2278 2775 vesperam,
2308 2706 2471 2781 quasi
2510 2705 2633 2761 dies
2690 2705 3060 2761 antecesserit
3097 2714 3337 2766 noctem,
3370 2713 3425 2757 et
3454 2701 3541 2757 ubi

1968 2793 2235 2851 desiverit
2281 2795 2335 2851 in
2385 2811 2696 2866 vesperam,
2753 2802 2870 2849 tum
2914 2795 3136 2850 demum
3190 2810 3255 2849 ex
3288 2794 3406 2863 ejus
3442 2794 3549 2848 line

1968 2892 2292 2955 prognatam
2363 2901 2485 2941 esse
2557 2893 2794 2939 noctem.
2858 2883 2977 2939 Nox
3048 2885 3220 2948 enim,
3276 2892 3336 2937 ut
3391 2884 3551 2953 quies

1968 2974 2156 3030 diurni
2206 2975 2413 3045 operis,
2470 2975 2635 3029 nobis
2672 2974 2901 3030 aiIertur
2936 2990 3005 3029 ex
3054 2974 3402 3043 prmcedcute
3435 2972 3547 3028 die.

1968 3067 2243 3125 Car-terum
2294 3071 2484 3125 vultus
2518 3070 2602 3124 vel
2644 3068 2847 3129 forma,
2899 3082 3021 3137 quae
3052 3075 3179 3122 ante
3217 3068 3355 3120 lucis
3383 3080 3552 3120 exor-

1970 3160 2129 3215 dium
2172 3160 2380 3215 mundo
2430 3167 2583 3224 erat,
2628 3174 2738 3214 non
2777 3159 2985 3214 dicitur
3028 3158 3253 3229 praprie
3283 3172 3417 3223 nox,
3451 3156 3550 3211 sed

1970 3251 2156 3321 potius
2189 3251 2381 3321 caligo.
2402 3266 2498 3305 seu
2545 3250 2807 3304 tenebrae.
2855 3246 3210 3301 Verinn-‘nox
3254 3261 3416 3301 suum
3453 3260 3553 3299 noo

1972 3358 2118 3406 men,
2148 3342 2298 3413 quod
2339 3348 2512 3410 tenet,
2568 3344 2770 3397 sortita
2804 3348 2915 3406 est,
2948 3342 3094 3410 quod
3129 3340 3551 3395 distinctionem

1970 3432 2141 3489 faciat
2177 3436 2319 3489 inter
2361 3434 2506 3489 diem
2558 3448 2776 3503 seque:
2831 3449 2934 3488 nec
2984 3432 3314 3503 appellanda
3351 3442 3435 3487 est
3466 3432 3553 3485 vel

1970 3524 2150 3596 caligo
2188 3525 2272 3579 vel
2301 3525 2561 3581 tenebrae.
2597 3524 2705 3580 Sed
2738 3524 3105 3589 dienoetinm,
3143 3532 3203 3577 ut
3236 3525 3309 3577 ita
3343 3523 3552 3587 dicam,

1973 3616 2121 3686 quod
2164 3632 2228 3671 ex
2272 3615 2524 3685 utrisque
2578 3615 2964 3681 constituitur,
3015 3614 3067 3669 id
3110 3623 3215 3675 est,
3256 3625 3554 3683 utrumque

1973 3714 2089 3761 tam
2149 3706 2258 3762 diei
2308 3721 2474 3775 quam
2526 3707 2714 3762 noctis
2762 3705 3031 3775 spatium,
3089 3718 3251 3758 nemo
3301 3703 3444 3757 diem
3497 3713 3556 3758 et

1972 3808 2192 3856 noctem
2233 3799 2552 3869 appellabit,
2587 3798 2684 3857 sed
2712 3805 3012 3853 contentus
3047 3797 3155 3852 erit
3198 3796 3251 3851 id
3317 3796 3552 3865 spatium

1972 3887 2182 3945 dixisse
2210 3889 2378 3952 diem,
2428 3889 2815 3944 nominatione
2858 3891 3029 3959 petita
3066 3903 3097 3942 a
3158 3887 3471 3959 potentiore
3502 3898 3555 3941 et

1972 3979 2389 4051 principaliore.
2436 3978 2573 4033 Nam
2622 3978 2836 4035 Psaltcs
2884 3980 3119 4050 inquit:
3181 3997 3199 4031 ι
3247 3977 3372 4033 Dies
3432 3978 3556 4032 vita:

1973 4081 2178 4127 nostrae
2203 4072 2271 4137 ’⁸,
2288 4091 2305 4123 ι
2334 4081 2444 4128 etc.
2470 4071 2533 4125 Et
2549 4070 2722 4126 Iacob
2742 4071 3061 4141 patriarcha
3081 4071 3157 4125 ait
3185 4090 3200 4126 :
3230 4089 3250 4123 ι
3278 4069 3408 4127 Dies
3428 4071 3557 4126 vita:

1972 4165 2304 4234 meaepauci
2332 4174 2388 4220 et
2443 4164 2710 4219 laboriosi
2738 4164 2961 4232 ",ietc.
2993 4163 3058 4218 Et
3100 4164 3340 4220 iterum:
3369 4182 3387 4216 ι
3425 4162 3556 4217 Om.

1970 4274 2069 4334 pes
2097 4258 2216 4315 dies
2245 4260 2372 4314 vita:
2412 4274 2565 4314 meae.
2602 4275 2621 4308 ι
2680 4259 2751 4313 At
2778 4264 3040 4313 constare
3069 4256 3334 4322 arbitror,
3383 4256 3554 4311 Deum

1973 4366 2298 4420 nuncupare
2324 4350 2432 4406 duo
2475 4350 2572 4405 illa
2613 4349 2925 4412 intervalla,
2953 4348 3189 4404 alterum
3219 4348 3390 4412 diem,
3420 4350 3556 4405 alte-

1972 4458 2096 4497 rum
2124 4453 2340 4499 noctem
2374 4457 2515 4498 :nec
2558 4441 2784 4497 nomina
2845 4440 3193 4496 confundere
3247 4441 3557 4509 utriusque.

1971 4531 2109 4588 Cum
2138 4532 2286 4589 enim
2309 4533 2543 4589 alterum
2567 4532 2641 4589 sit
2674 4534 2792 4599 lux,
2827 4532 3064 4587 alterum
3084 4532 3291 4603 caligo,
3327 4533 3555 4596 merito,

1973 4625 2069 4680 lux
2116 4624 2249 4693 diei,
2325 4626 2521 4696 caligo.
2551 4627 2734 4681 noctis
2779 4624 3010 4679 nomine
3057 4624 3283 4696 gaudet.
3349 4623 3556 4680 Verum

1972 4719 2258 4774 enimvero
2297 4718 2552 4773 bifariam
2588 4720 2707 4774 dies
2753 4717 3091 4788 intelligitur
3123 4724 3381 4787 respectu
3410 4727 3555 4773 ‘tem-

1972 4807 2183 4877 poralis
2234 4806 2509 4862 intervalli
2540 4818 2593 4862 et
2639 4805 2957 4870 illuminati,
3015 4808 3112 4876 qui
3158 4807 3408 4875 undique
3454 4821 3557 4861 nos

1973 4898 2329 4965 circumﬂuit,
2356 4901 2524 4957 aeris.
2551 4899 2710 4966 Quod
2754 4891 3044 4971 Scriptura
3092 4906 3362 4953 annotat:
3404 4917 3424 4950 ι
3462 4897 3556 4954 Die

273 4986 369 5044 ὥν
391 4989 700 5060 δηλοῦσθαι
742 4990 1018 5062 διάστημα
1051 4989 1268 5043 τοσόνδε
1311 4991 1720 5061 προϋφεστάναι
1763 4992 1868 5046 τῶν

1979 4992 2145 5048 tertio
2177 4993 2379 5062 nuptias
2407 4994 2562 5049 factae
2593 5003 2723 5049 sunt
2748 4994 2804 5048 in
2836 4993 2985 5049 Cana
3018 4990 3255 5048 Galileca:
3276 4992 3343 5056 ’⁸,
3370 5008 3388 5042 ›
3422 4998 3555 5056 etc.,

278 5085 595 5153 ςδωστὴρων
620 5080 650 5133 ὃ
677 5081 1060 5152 προϋπῆρχεν,
1094 5081 1144 5135 εἰ
1186 5082 1283 5135 καὶ
1309 5081 1460 5151 ἡλιος
1508 5083 1642 5136 αὐτὸ
1673 5082 1871 5155 ἐξεμέ-

276 5190 471 5246 emes.
500 5175 583 5244 Ση
593 5172 853 5243 μαντικὸν
878 5172 977 5226 τοῦ
1001 5173 1104 5245 τῆς
1129 5173 1345 5244 ἡμέρας
1375 5173 1747 5247 διαστήματος
1773 5176 1871 5230 καὶ

274 5266 363 5333 οδ,
391 5284 413 5319 ε
460 5267 688 5338 Ἡμέρα
738 5268 803 5338 τῇ
835 5265 1023 5339 ἡμέρᾳ
1063 5264 1351 5337 ἐρεύγεται
1383 5268 1558 5338 ῥῆμα,
1590 5284 1609 5318 ι
1641 5267 1758 5324 ἀλλ’
1782 5267 1866 5334 ού,

274 5360 425 5414 οωτι
468 5360 626 5429 φῶς,
647 5358 960 5430 εἰρημένον·
1009 5357 1070 5412 ἓν
1100 5357 1212 5429 γὰρ
1258 5357 1321 5411 τὸ
1350 5357 1467 5427 φῶς
1517 5358 1614 5414 καὶ
1649 5359 1725 5414 ἓν.
1759 5360 1869 5413 τῶν

275 5451 499 5506 νυκτῶν
542 5450 611 5505 τὸ
641 5449 858 5516 σκότος⁹
903 5450 1044 5504 ἀλλὰ
1072 5448 1144 5504 τὰ
1195 5448 1436 5521 διάφορα
1475 5449 1684 5505 τούτων
1716 5450 1870 5523 δηλοῖ

275 5545 655 5618 διαστήματα·
683 5543 1076 5614 ἀλλαττόμεναι
1096 5544 1207 5612 γὰρ
1232 5542 1337 5596 καὶ
1357 5540 1736 5613 διαδεχόμεναι
1777 5543 1873 5596 ἀλ-

276 5638 474 5713 λήλας,
502 5637 842 5710 κηρύττουσι
876 5638 966 5691 τὸν
999 5636 1365 5709 Δημιουργόν’
1412 5636 1516 5689 κᾶν
1546 5636 1795 5705 ἀλλήλων
1814 5636 1871 5688 δὲ

276 5731 383 5788 ἀνὰ
433 5730 610 5804 μέρος
654 5729 820 5785 πλέον
864 5728 1061 5800 ἔχωσιν
1110 5728 1294 5801 ἡμέρα
1326 5726 1422 5781 καὶ
1463 5726 1563 5792 νὺξ
1603 5728 1740 5798 πρὸς
1770 5727 1870 5789 τὰς

346 5912 397 5945 ⁸⁸
430 5909 586 5968 Psal.
611 5921 711 5966 cut
751 5948 769 5978 ,
797 5909 891 5965 20.

1978 5084 2330 5154 significatur
2386 5084 2548 5141 nobis
2597 5084 2706 5139 diei
2767 5084 3078 5156 quantitas,
3128 5095 3230 5136 nec
3275 5081 3354 5135 ibi
3406 5094 3557 5136 som-

1978 5174 2179 5229 nianda
2228 5183 2314 5232 est
2368 5176 2480 5231 diei
2550 5176 2818 5246 qualitas,
2880 5174 3095 5231 scilicet
3157 5170 3430 5226 nubilam:
3486 5186 3555 5226 an

1977 5283 2175 5324 serena
2210 5266 2379 5323 fuerit
2409 5268 2549 5324 dies.
2593 5267 2651 5323 Si
2691 5266 2935 5323 dixeris:
2968 5263 3095 5319 Dies
3127 5263 3295 5319 hodie
3327 5274 3412 5319 est
3452 5280 3558 5320 nu-

1976 5358 2136 5414 bibus
2195 5359 2516 5423 obscurata,
2556 5373 2665 5413 non
2727 5357 2850 5426 ejus
2918 5354 3287 5425 quantitatem
3364 5369 3558 5415 sonas.

1976 5468 2168 5508 verum
2215 5452 2534 5522 qualitatem
2579 5461 3009 5505 commemoras.
3062 5443 3234 5516 Igitur
3278 5447 3400 5502 dies
3461 5446 3556 5515 qui

1980 5550 2314 5598 antevenere
2341 5541 2483 5597 solis
2510 5548 2565 5596 et
2615 5540 2900 5596 stellarum
2948 5539 3389 5609 generationem,
3420 5546 3557 5590 tem-

1980 5636 2133 5704 poris
2165 5635 2533 5704 quantitatem
2583 5639 2802 5686 notant.
2849 5628 2956 5685 Nec
2984 5630 3128 5686 enim
3162 5628 3246 5686 sol
3281 5628 3557 5705 dieuivpa-

1983 5725 2075 5792 rit,
2109 5725 2205 5780 sed
2234 5723 2468 5787 indicat,
2501 5735 2610 5776 non
2647 5735 2811 5778 secus
2843 5735 2907 5777 ac
2937 5734 2999 5777 ea
3064 5735 3185 5790 qua:
3218 5719 3554 5775 instrumen-

1005 5907 1226 5963 “Pml.
1283 5922 1506 5973 tum,
1569 5903 1650 5960 l0.
1728 5904 1940 5961 "Gen.
2001 5918 2167 5972 xtvu,
2217 5901 2270 5957 9.
2349 5898 2580 5957 "Joau.
2621 5915 2684 5966 ιι,
2722 5901 2772 5958 i.
