4002 6442
509 473 578 537 55
1817 484 2176 546 PROCOPII
2204 485 2443 546 GAZEI
3687 492 3751 558 56

504 592 686 637 torum
733 583 1102 653 quorumdam
1154 584 1495 642 adminiculo
1543 587 1659 643 fieri
1706 592 1911 646 solent.
1967 591 2082 646 Non

2214 595 2399 665 τροπὰς
2432 590 2540 649 τῶν
2588 596 2974 667 διαστημάτων
3022 596 3289 670 ἑκατέρας
3332 601 3752 676 ἀλλαττομένης·

505 672 697 744 itaque
721 675 1028 732 absurdum
1068 677 1174 731 erit
1207 690 1540 747 proponere,
1580 688 1793 749 tantum
1834 683 2082 739 intersti-

508 777 640 821 ttum
691 769 992 825 anteivisse
1041 769 1362 836 luminaria,
1420 782 1694 843 quantum
1748 776 1967 845 fuisset,
2036 779 2084 833 si

509 859 588 911 sol
618 858 670 912 id
708 869 858 915 esset
887 876 987 916 suo
1016 875 1187 917 cursu
1234 877 1519 920 emensus.
1554 865 1751 921 Etiam'
1787 868 1892 923 hoc
1932 868 2087 923 Scri-

2189 686 2304 741 an.»
2342 688 2546 757 ἀμφοῖν
2598 689 2631 758 ἡ
2662 686 2880 751 σύνοδος
2923 689 3105 761 ἡμέρα
3138 688 3235 762 μία
3264 693 3572 765 καλουμένη
3598 700 3757 750 ταυτδ

2190 777 2366 830 διόλου
2400 778 2665 846 φυλάττει
2703 778 2999 853 διάστημα,
3053 782 3562 856 συμπληρουμένων
3605 784 3757 856 ὡρῶν

2190 868 2233 922 δ’
2255 870 2350 923 καὶ
2371 874 2438 924 κ’.
3784 879 3798 949 τ

511 959 687 1018 plura:
725 953 1102 1007 testimonium
1124 954 1406 1024 signiﬁcat
1446 957 1554 1013 diei
1582 960 1823 1029 spatium
1856 980 1869 1016 :
1903 979 1923 1013 ι
1958 961 2087 1018 Dies
2123 962 2233 1018 diei
2285 964 2520 1020 instillat
2568 980 2880 1022 sermonem
2909 966 2978 1022 ".
3020 986 3043 1020 ι
3086 967 3205 1024 Non
3242 969 3461 1039 inquit:
3532 967 3645 1024 Lux
3677 970 3761 1025 in-

512 1045 685 1100 stillat
754 1047 883 1100 luci.
928 1044 1114 1103 Divisa
1162 1050 1309 1104 enim
1381 1062 1511 1107 sunt
1555 1054 1646 1108 lux
1696 1063 1751 1110 et
1817 1057 2062 1112 noctium
2127 1059 2350 1128 caligo:
2406 1066 2465 1115 et
2517 1060 2737 1116 diversa
2787 1061 3061 1116 inducunt
3126 1063 3414 1117 intervalla
3469 1071 3525 1117 et
3566 1062 3759 1131 spatia.

513 1137 646 1190 Nam
687 1135 816 1189 dum
850 1145 1156 1203 mutantur,
1187 1145 1243 1194 et
1277 1148 1470 1196 mutua
1504 1143 1889 1200 vicissitudine
1947 1161 2005 1201 se
2069 1147 2303 1203 invicem
2355 1148 2695 1220 suscipiunt,
2745 1150 3124 1220 depraedicant
3163 1159 3219 1205 et
3282 1152 3615 1206 annuntiant
3676 1166 3766 1207 su-

513 1246 760 1301 promum
823 1230 1166 1290 Creatorem.
1211 1236 1500 1303 Quamvis,
1545 1239 1592 1295 si
1626 1241 1763 1295 solis
1799 1230 2083 1298 accessum
2125 1253 2179 1298 et
2242 1244 2566 1299 abscessum
2621 1256 2801 1301 mente
2873 1245 3084 1311 volvas,
3145 1246 3267 1300 dies
3322 1261 3544 1314 noxque
3592 1247 3764 1301 inter-

516 1322 650 1377 dum
678 1321 985 1391 inaequales
1031 1325 1166 1389 sint,
1208 1342 1378 1398 seque
1422 1328 1659 1384 invicem
1696 1332 1991 1394 excedant,
2035 1340 2276 1387 attamen
2346 1334 2636 1403 utriusque
2665 1348 2980 1389 concursus
3024 1348 3166 1387 unus
3198 1344 3425 1388 vocatur
3457 1334 3596 1399 dies,
3660 1342 3768 1389 ter-

516 1413 870 1482 minaturque
920 1416 1109 1484 spatio
1134 1416 1330 1486 viginti
1358 1424 1598 1487 quatuor
1636 1418 1922 1487 horarum,
1953 1436 2092 1491 quas
2130 1437 2413 1493 nunquam
2444 1423 2876 1493 transgreditur.

592 1506 825 1562 Videtur
863 1516 1045 1563 autem
1079 1510 1190 1566 illis
1230 1512 1325 1582 qui
1372 1513 1579 1582 priore,
1631 1530 1795 1583 quam
1851 1525 2089 1582 noctem,

519 1602 663 1657 diem
694 1601 818 1656 loco
858 1611 1093 1672 ponunt,
1143 1605 1429 1661 adversari
1462 1613 1680 1676 tempus
1715 1605 2006 1674 festorum,
2039 1617 2096 1664 et

519 1693 576 1748 in
613 1693 811 1764 primis
843 1694 1085 1750 triduale
1116 1703 1337 1766 tempus
1366 1696 1673 1755 Salvatoris
1705 1699 1880 1755 nostri
1914 1701 2098 1770 sepul-

519 1793 661 1840 turae
691 1790 746 1840 et
779 1786 1233 1843 resurrectionis.
1269 1786 1404 1842 Nam
1430 1789 1518 1845 lex
1554 1804 1772 1860 semper
1802 1798 1857 1846 et
1894 1792 2097 1862 ubique

521 1873 791 1944 praeponit
837 1882 1031 1930 noctes
1087 1874 1307 1942 diebus,
1370 1886 1435 1931 ut
1486 1877 1676 1935 videre
1721 1886 1808 1935 est
1850 1883 1904 1934 in
1952 1879 2096 1935 festo

2284 1518 2616 1571 Ἀντίκειται
2665 1517 2723 1571 δέ
2766 1520 2880 1581 τοῖς
2920 1516 3143 1587 πρώτην
3172 1514 3390 1582 λέγουσι
3439 1516 3535 1588 τὴν
3564 1515 3772 1587 ἡμέραν

2199 1608 2309 1662 τῶν
2338 1609 2543 1680 ἑορτῶν
2563 1609 2592 1661 ὁ
2624 1608 2833 1679 καιρὸς,
2866 1609 2960 1661 καὶ
2993 1609 3227 1679 μάλιστα
3255 1609 3316 1661 τὸ
3350 1607 3450 1677 τῆς
3477 1607 3773 1679 τριημέρου

2201 1699 2296 1753 τοῦ
2326 1701 2578 1769 Σωτῆρος
2607 1700 2786 1771 ταφῆς
2815 1716 2873 1752 τε
2909 1701 3004 1753 καὶ
3045 1701 3144 1771 τῆς
3182 1700 3553 1760 ἀναστάσεως.
3604 1699 3673 1751 Δῖ
3715 1715 3775 1751 τε

2202 1791 2309 1862 γὰρ
2337 1790 2649 1860 νομοθεσίαι
2672 1793 2945 1860 πανταχοῦ
2977 1790 3292 1860 προτιθέασι
3320 1790 3418 1852 τὰς
3452 1789 3650 1854 νύκτας
3672 1789 3778 1845 τῶν

2204 1882 2459 1954 ἡμερῶν
2512 1875 2625 1934 οἷον
2660 1881 2789 1951 περὶ
2834 1880 2945 1932 τῶν
2977 1879 3204 1951 ἀζύμων
3237 1881 3610 1950 ἐναρχόμενοι,
3645 1900 3665 1931 ι
3699 1880 3777 1951 Τῇ

522 1964 881 2048 Azymorum.
904 1966 1009 2021 Sed
1038 1968 1157 2037 ipsa
1191 1968 1550 2026 recitabimus
1582 1970 1886 2041 Scripturae
1908 1972 2095 2027 verba.

2214 1973 2265 2027 St'
2296 1973 2398 2044 [ita
2454 1970 2605 2043 cod.]
2658 1972 2752 2025 τοῦ
2785 1970 2951 2042 μηνὸς
3007 1969 3102 2023 τοῦ
3154 1969 3374 2041 πρώτου
3409 1970 3502 2039 ἀφ’
3536 1969 3779 2040 ἑσπέρας

531 2073 553 2109 ι
589 2055 648 2111 ln
682 2042 860 2125 primo
906 2073 1118 2124 mense,
1161 2062 1585 2131 quartadecima
1632 2063 1722 2119 die
1763 2064 1911 2120 illius
1948 2080 2100 2119 men-

524 2147 602 2203 sis
633 2149 702 2203 ad
738 2164 1049 2219 vesperam,
1091 2152 1397 2209 comedetis
1449 2153 1553 2226 14
1598 2169 1789 2226 azyma
1826 2172 2003 2227 usque
2029 2155 2099 2211 ad

520 2240 842 2295 vicesimum
900 2242 1138 2313 primum
1192 2244 1335 2300 diem
1378 2246 1530 2303 illius
1561 2248 1769 2305 mensis
1803 2240 1869 2303 ad
1905 2264 2102 2319 vespe-

523 2346 660 2387 ram.
719 2334 940 2404 Septem
984 2334 1183 2391 diebus
1241 2335 1572 2392 fermentum
1629 2355 1737 2395 non
1790 2340 2103 2395 invenietur

524 2423 577 2477 in
623 2423 899 2481 domibus
935 2426 1140 2482 vestris
1172 2425 1240 2479 ³ο.
1281 2446 1300 2479 ι
1342 2426 1504 2494 Nam,
1538 2438 1599 2484 ut
1648 2429 1844 2501 liquet,
1881 2430 2101 2485 initium

522 2528 842 2586 azymorum
897 2515 1153 2588 designat
1206 2517 1274 2571 H
1316 2518 1467 2573 diem
1499 2547 1531 2582 ,~
1561 2535 1723 2590 quem
1772 2536 1804 2574 a
1868 2535 2102 2591 vespera

523 2608 888 2676 auspicatur:
946 2615 1000 2661 at
1055 2608 1217 2663 tinem
1280 2625 1604 2681 azymorum
1660 2611 1790 2667 lacit
1827 2612 1972 2667 diem
2005 2611 2102 2678 2i,

524 2713 685 2768 quem
720 2699 977 2755 similiter
1015 2700 1070 2754 in
1094 2715 1379 2769 vesperam
1412 2717 1714 2758 excurrere
1744 2704 1886 2770 vult,
1919 2713 1978 2759 ut
2015 2704 2104 2758 iii-

527 2789 779 2844 tercedat
815 2805 947 2853 nov,
981 2806 1104 2860 quae
1159 2791 1360 2847 deinde
1416 2792 1561 2847 diem
1618 2791 1817 2857 festum
1849 2793 2101 2849 inducat.

529 2875 683 2933 Haud
731 2877 1024 2935 dissimilis
1088 2879 1234 2933 ratio
1280 2888 1375 2936 est
1407 2880 1767 2950 jejuniorum.
1807 2884 1874 2937 At
1903 2884 1951 2939 si
1990 2898 2104 2939 rem

529 2979 685 3024 recta
714 2970 1093 3039 reputabimus
1130 2972 1241 3034 via,
1287 2972 1579 3027 sciendum
1622 2983 1706 3027 est
1735 2972 2107 3043 legislatorem

529 3061 646 3116 illis
684 3062 868 3117 verbis
894 3064 1214 3132 explanare,
1254 3062 1532 3133 quomodo
1561 3066 1767 3128 omnia,
1802 3079 1926 3118 cum
1952 3064 2108 3133 prius

530 3161 719 3209 essent
771 3152 1041 3218 confusa,
1105 3168 1266 3209 suum
1325 3163 1578 3208 ornatum
1611 3170 1677 3210 ex
1731 3156 2111 3226 pulcherrimo

534 3245 639 3301 illo
669 3246 973 3301 creationis
1003 3261 1269 3317 processu
1306 3246 1644 3317 acceperint,
1697 3247 1958 3302 videlicet
1987 3249 2111 3318 ipso

534 3339 625 3395 die
655 3355 720 3394 ex
752 3338 1010 3394 obscuris
1061 3338 1421 3393 illucescente
1470 3338 1739 3393 tenebris.
1784 3337 1891 3393 Sed
1932 3338 2111 3408 perfe-
2141 3322 2186 3383 (ἶ

535 3431 681 3487 etior
732 3428 954 3484 futurus
993 3435 1080 3483 est
1131 3436 1388 3493 ornatus,
1450 3430 1612 3499 cujus
1663 3429 1755 3484 ille
1801 3444 2116 3499 prtecursor

536 3531 647 3588 est,
684 3520 778 3591 qui
811 3534 909 3590 per
949 3519 1364 3574 innovationem
1396 3535 1586 3576 rerum
1616 3520 1865 3575 omnium
1894 3520 2117 3574 contin-

536 3620 650 3683 get.
701 3612 916 3668 Etenim
965 3613 1073 3680 lex,
1103 3626 1226 3682 quae
1259 3611 1412 3681 prius
1465 3611 1608 3667 facta
1647 3613 1780 3678 sint,
1824 3622 1884 3666 ut
1918 3627 2118 3668 evene-

534 3705 681 3769 rint,
709 3704 766 3759 in
797 3703 1123 3760 memoriam
1151 3712 1399 3768 revocat,
1434 3713 1487 3760 et
1515 3719 1641 3774 quae
1673 3705 1859 3758 futura
1889 3704 2000 3758 sint
2023 3705 2119 3758 de-

537 3803 729 3854 center
755 3795 1078 3850 adumbrat.
1110 3794 1205 3850 Sic
1238 3803 1294 3849 et
1327 3796 1629 3851 Sabbatum
1663 3796 1972 3868 symbolum
2011 3804 2116 3862 est,

542 3886 886 3958 requievisse
933 3887 1004 3941 ab
1049 3885 1269 3956 cpiﬁeio
1319 3886 1505 3941 mundi
1562 3886 1769 3943 Deum:
1807 3896 1862 3942 et
1892 3901 2001 3943 una
2032 3902 2121 3943 re-

538 3985 836 4049 praesentat
894 3977 1319 4043 sabbatismum,
1393 3979 1486 4048 qui
1535 3979 1868 4047 relinquitur
1913 3980 2120 4049 populo

538 4068 635 4126 Dei
665 4070 737 4125 ad
766 4069 1128 4125 imitationem
1162 4068 1371 4123 divinae
1389 4069 1624 4139 requiei.
1658 4068 1750 4124 Sic
1779 4069 2120 4139 Scenopegia

541 4169 960 4216 monumentum
989 4167 1074 4214 est
1106 4160 1229 4215 vita
1245 4158 1588 4226 Iudaeorum,
1617 4174 1782 4229 quam
1811 4160 1866 4213 in
1903 4159 2122 4214 deserto

544 4251 598 4305 in
632 4248 1013 4304 tabernaculis
1044 4262 1246 4317 egere:
1285 4249 1454 4305 simul
1493 4248 1723 4303 denotat
1754 4248 2127 4310 tabernacula,

544 4349 761 4404 sancta,
821 4339 879 4394 in
937 4340 1144 4409 quibus
1197 4339 1472 4394 moraturi
1528 4347 1661 4394 sunt
1726 4338 1928 4394 sancti.
1994 4336 2119 4390 Pari

543 4432 731 4496 modo,
770 4448 895 4487 cum
928 4433 999 4488 ab
1031 4432 1298 4489 noctibus
1349 4432 1568 4487 initium
1613 4439 1842 4487 sumunt
1890 4429 2121 4484 celebri-

542 4534 705 4589 tates,
734 4526 989 4581 innuitur
1027 4526 1190 4597 quasi
1241 4526 1402 4597 longa
1444 4523 1790 4594 praecedente
1826 4531 1988 4577 nocte
2021 4521 2120 4575 deo

543 4631 693 4671 mum
735 4614 1007 4686 prodierit
1042 4616 1160 4671 dies
1204 4614 1502 4686 splendore
1573 4629 1899 4668 coruscans.
1933 4612 2123 4666 Tacite

2201 2065 2385 2118 ἔδεσθε
2426 2062 2613 2134 ἄζυμα
2662 2062 2769 2127 ἕως
2800 2069 2888 2116 ακ¹
2919 2062 3014 2116 τοῦ
3048 2062 3217 2134 μηνὸς
3243 2062 3459 2133 ἡμέρας
3489 2060 3781 2125 ἐωςέσπέ-

2205 2176 2323 2231 ρας,
2361 2156 2501 2211 ἑπτὰ
2531 2140 2744 2227 ἡμέρας
2786 2154 2933 2225 ζύμη
2989 2155 3087 2224 οὐχ
3139 2153 3496 2225 εὑρεθήσεται
3552 2155 3613 2207 ἐν
3662 2155 3783 2217 ταῖς

2201 2249 2404 2311 οίκίαις
2436 2246 2614 2317 ὑμῶν.
2652 2265 2669 2299 ι
2702 2243 2812 2316 Τὴν
2835 2244 2943 2317 γὰρ
2977 2242 3043 2298 ει⁹
3065 2244 3158 2313 ἀφ’
3200 2244 3438 2314 ἑσπέρας
3468 2244 3644 2316 ἀρχὴν
3674 2243 3784 2297 τῶν
3808 2284 3824 2306 ,

2202 2342 2448 2413 ἀζύμων,
2480 2337 2652 2411 ὁρίζει
2681 2342 2748 2411 τῇ
2770 2355 2834 2406 γε
2867 2337 2967 2409 μιᾷ
2984 2336 3079 2391 καὶ
3106 2337 3312 2391 εἰκάδι·
3334 2336 3429 2392 καὶ
3453 2338 3785 2407 περιγράφει

2204 2433 2313 2503 πρὸ
2344 2435 2443 2504 τῆς
2468 2432 2711 2502 ἑσπέρας
2731 2432 2830 2502 τὴν
2860 2428 3073 2501 ἑορτὴν,
3115 2428 3205 2482 διὰ
3235 2428 3298 2482 τδ
3326 2428 3424 2498 τὴν
3454 2426 3631 2481 νύκτα
3659 2417 3787 2498 προ-

2205 2524 2521 2592 εισαγαγεῖν
2556 2520 2869 2593 ἡγουμένην
2918 2519 3107 2587 αὐτῆς.
3154 2518 3312 2572 Οῦτω
3339 2519 3435 2573 καὶ
3474 2520 3503 2572 ό
3529 2518 3787 2589 περὶτῆς

2204 2614 2460 2686 νηστείας
2479 2612 2589 2683 ἔχει
2619 2612 2803 2680 νόμος.
2823 2611 2911 2679 Μή
2944 2627 3074 2663 ποτε
3091 2605 3184 2664 οὖν
3206 2609 3306 2681 τὴν
3333 2609 3392 2675 ἐξ
3414 2610 3687 2681 ἀκοσμίας
3707 2611 3787 2673 είς

2205 2705 2503 2776 εὐκοσμίαν
2534 2703 2757 2775 πρόοδον
2788 2704 2817 2755 ὁ
2848 2702 3144 2773 νομοθέτης
3170 2702 3483 2765 αἰνίττεται,
3521 2701 3555 2774 ἡ
3587 2699 3783 2770 γέγονέ

2205 2813 2265 2850 τε
2289 2797 2389 2867 ἤδη
2428 2793 2570 2848 κατὰ
2592 2793 2689 2864 τὴν
2707 2794 2771 2845 ἐκ
2796 2793 3020 2855 σκότους
3035 2794 3296 2861 φανεῖσαν
3318 2792 3550 2863 ἡμέραν,
3577 2792 3675 2845 καὶ
3697 2808 3791 2844 τε·

2206 2885 2346 2949 λέως
2377 2883 2529 2937 ἔσται
2560 2885 2702 2937 κατὰ
2738 2882 2837 2952 τὴν
2891 2882 3191 2952 μέλλουσαν
3222 2882 3629 2949 ἀνακαίνωσινς
3678 2880 3789 2935 Καὶ

2208 2976 2317 3046 γάρ
2348 2978 2494 3030 ἐστιν
2531 2976 2563 3045 ἡ
2603 2974 2889 3044 νομοθεσία
2925 2973 3033 3027 τῶν
3061 2991 3120 3027 τε
3151 2973 3429 3044 προτέρων
3462 2971 3795 3042 ὑπόμνημα,

2207 3066 2306 3119 καὶ
2339 3064 2450 3117 τῶν
2481 3063 2783 3134 μελλόντων
2831 3061 2979 3115 σκιά.
3016 3061 3230 3131 Ὥσπερ
3261 3059 3323 3113 τὺ
3369 3059 3652 3114 Σάϐϐατον
3689 3061 3791 3129 τῆς

2209 3168 2269 3204 τε
2301 3152 2401 3222 ἤδη
2444 3151 2537 3204 τοῦ
2563 3149 2699 3204 Θεοῦ
2735 3148 3133 3221 καταπαύσεως
3175 3148 3283 3202 ἀπὸ
3313 3147 3423 3201 τῶν
3462 3148 3665 3218 ἔργων,
3698 3145 3803 3221 κα).

2210 3244 2305 3296 τοῦ
2326 3241 2760 3312 ἀπολειπομένου
2773 3239 3143 3310 σαῦϐατισμοῦ
3156 3237 3234 3309 τῷ
3250 3238 3366 3309 λαῷ
3381 3237 3474 3292 τοῦ
3494 3238 3633 3291 Θεοῦ
3654 3235 3797 3290 κατὰ

2215 3336 2314 3406 τὴν
2345 3334 2572 3405 μίμησιν
2599 3331 2698 3401 τῆς
2724 3330 2816 3384 τοῦ
2846 3329 2980 3383 Θεοῦ
3006 3328 3426 3392 καταπαύσεως.
3454 3329 3563 3382 καὶ
3587 3329 3624 3398 ἡ
3653 3326 3798 3395 Σκη-

2216 3424 2451 3494 νοπηγία
2481 3422 2824 3493 μνημόσυνον
2857 3418 2959 3486 μὲν
3000 3418 3108 3471 τῶν
3142 3417 3234 3471 ἐπὶ
3266 3417 3370 3488 τῆς.
3412 3417 3624 3487 ἐρήμου
3657 3429 3796 3483 σκη-

2218 3514 2326 3569 νῶν
2361 3513 2456 3566 τοῦ
2487 3510 2729 3583 Ἰσραὴλ,
2762 3510 2958 3580 δεῖγμα
2985 3508 3042 3564 δέ
3079 3508 3187 3561 τῶν
3223 3507 3456 3561 αἰωνίων
3494 3504 3712 3575 σκηνῶν
3741 3505 3801 3557 ἐν

2218 3598 2306 3666 αἶς
2345 3600 2634 3671 σκηνοῦσιν
2667 3599 2719 3651 oi
2755 3596 2921 3665 ἅγιοι.
2971 3594 3126 3650 Οῦτω
3165 3593 3224 3647 δέ
3254 3593 3350 3647 καὶ
3379 3593 3440 3646 τὸ
3486 3594 3551 3646 ἐκ
3580 3589 3808 3646 νυκτῶν

2218 3693 2483 3767 ἄρχεσθαι
2522 3690 2621 3754 τὰς
2642 3689 2858 3760 ἑορτὰς,
2887 3686 3296 3757 ὑπομιμνήσκει
3326 3683 3424 3753 μὲν
3455 3682 3553 3753 τὴν
3596 3683 3665 3737 ἐκ
3695 3698 3803 3752 μα-

2220 3789 2358 3859 κρᾶς
2379 3785 2476 3856 τῆς
2498 3783 2662 3836 οἱονεὶ
2680 3780 2871 3843 νυκτὸς
2908 3775 3242 3849 προκοσμίου
3271 3775 3533 3844 φανεῖσαν
3554 3772 3797 3843 ἡμέραν,

2223 3876 2556 3951 προφητεύει
2581 3874 2638 3928 δέ
2670 3874 2769 3943 τὴν
2802 3874 2858 3925 ἐν
2895 3870 3039 3924 τέλει
3064 3867 3385 3937 λάμψουσαν
3420 3865 3651 3936 ἡμέραν
3670 3863 3807 3946 άληο

2223 3969 2392 4040 θινὴν,
2431 3967 2564 4038 πρὸς
2594 3968 2660 4036 ἢν
2697 3964 2792 4018 καὶ
2821 3961 2917 4016 νῦν
2942 3963 2974 4031 ἡ
3000 3960 3184 4031 ἡμέρα
3210 3957 3309 4023 νύξ
3332 3959 3481 4011 ἐστιν
3501 3971 3517 3987 ο
3544 3975 3563 4007 ι
3612 3955 3679 4008 Ἦ
3708 3951 3809 4017 νὺξ

2222 4061 2356 4131 γοῦν
2395 4057 2732 4131 προέκοψεν,
2763 4057 2796 4125 ἡ
2833 4054 2890 4107 δὲ
2915 4051 3097 4124 ἡμέρα
3130 4051 3348 4121 ἥγγικε,
3395 4066 3414 4099 ι
3458 4047 3492 4099 ό.
3528 4045 3806 4099 Ἀπόστο-

2220 4154 2311 4217 λός
2335 4168 2498 4223 φησιν
2537 4147 2856 4221 ἑρμηνεύων
2876 4146 2936 4200 τὸ
2959 4145 3055 4199 τοῦ
3094 4145 3259 4214 νόμου
3295 4140 3584 4211 σύμϐολον.
3617 4140 3806 4212 Προσ-

2220 4246 2403 4316 τίθησι
2455 4243 2604 4313 γάρ·
2667 4260 2687 4294 t
2744 4237 3102 4311 Ἀφελώμεθα
3129 4235 3221 4293 οὖν
3253 4237 3321 4290 τὰ
3357 4237 3493 4307 ἔργα
3539 4234 3638 4289 τοῦ
3681 4233 3811 4288 6x6—

2220 4352 2367 4398 τους,
2401 4331 2749 4401 ἐνδυσώμεθα
2776 4330 2833 4384 δὲ
2874 4330 2942 4383 τὰ
2985 4330 3122 4400 ἔργα
3154 4327 3249 4382 τοῦ
3282 4328 3494 4397 φωτὸς,
3551 4346 3570 4380 ι
3608 4327 3754 4396 ὅπερ
3770 4327 3813 4397 ,ό

2222 4425 2384 4493 νόμος
2411 4421 2697 4490 ὑποφαίνει
2730 4419 2985 4490 προάγων
3011 4422 3074 4473 ἐκ
3097 4418 3288 4482 νυκτὸς
3322 4419 3399 4478 εἰς
3422 4416 3640 4487 ἡμέραν
3679 4414 3813 4476 τοὺς

2224 4513 2582 4586 ἑορτάζοντας
2611 4511 2687 4582 τῷ
2711 4510 2851 4581 Θεῷ.
2880 4510 3037 4564 Οὕτω
3067 4510 3163 4564 καὶ
3188 4509 3281 4563 τοῦ
3309 4507 3517 4570 πάθους
3543 4506 3644 4559 τοῦ
3692 4508 3813 4559 Κυ-

2232 4611 2347 4679 ρίου
2372 4607 2470 4670 τὰς
2502 4608 2651 4676 τρεῖς
2677 4602 3021 4674 ἀριθμοῦμεν
3063 4603 3280 4673 ἡμέρας
3320 4601 3412 4655 καὶ
3445 4600 3545 4662 τὰς
3573 4599 3811 4660 νύκτας,

545 4722 670 4762 vero
693 4706 971 4777 signiﬁcat
992 4706 1159 4771 diem,
1191 4722 1312 4777 quae
1341 4706 1395 4761 in
1436 4705 1541 4761 ﬁne
1569 4705 1902 4775 Splendebit,
1939 4717 2113 4758 veram

2229 4695 2708 4769 προσλογιζόμενοι
2737 4693 2837 4764 μὲν
2868 4695 2934 4763 τῇ
2970 4692 3070 4763 τῆς
3096 4690 3461 4762 Παρασκευῆς
3489 4689 3649 4742 νυκτὶ
3672 4688 3817 4741 καθ-

545 4814 669 4855 esse
696 4807 751 4853 et
778 4799 1105 4869 perlectam,
1137 4799 1204 4853 ad
1238 4813 1403 4869 quam
1436 4799 1484 4853 si
1521 4798 1636 4851 haec
1661 4796 1807 4862 dies,
1837 4811 1943 4865 qua
1985 4794 2125 4848 frui-

546 4904 693 4952 mur,
754 4887 1101 4964 conferatur,
1156 4903 1307 4942 mera
1365 4888 1636 4945 sentietur
1673 4901 1780 4940 nox
1838 4891 1894 4939 et
1922 4886 2126 4955 caligo.

556 4999 574 5033 t
610 4979 731 5035 Nox
760 4999 780 5033 ι
834 4980 1003 5048 igitur
1063 4979 1164 5049 (ut
1195 4979 1300 5034 hoc
1340 4979 1652 5050 symbolum
1725 4978 2128 5047 interpretatur

550 5071 791 5141 Paulus)
833 5090 853 5124 ι
905 5086 1197 5143 progressa
1254 5081 1364 5139 est,
1419 5072 1539 5128 dies
1590 5080 1776 5126 autem
1822 5071 2127 5141 appropin-

553 5177 686 5234 quat
717 5165 781 5219 ".
825 5183 844 5216 ι
905 5163 1021 5228 Et,
1072 5172 1133 5218 ut
1201 5171 1390 5236 typum
1440 5163 1753 5219 evidentius
1802 5177 1833 5217 e
1881 5162 2130 5216 tenebris

552 5258 790 5319 evolvat,
822 5254 1111 5326 subjungit
1142 5271 1156 5309 :
1195 5274 1214 5308 ι
1257 5254 1598 5324 Abjiciamus
1643 5255 1814 5324 igitur
1843 5267 2013 5319 opera
2046 5261 2128 5308 te-

554 5349 869 5412 nebrarum,
921 5354 977 5402 et
1012 5346 1309 5402 induamur
1356 5362 1510 5401 arma
1559 5348 1759 5401 lucis.»
1795 5344 1934 5400 Ecce
1986 5360 2127 5415 quo-

558 5435 724 5492 modo
760 5438 844 5504 lex
885 5452 953 5492 ex
992 5446 1153 5495 nocte
1180 5439 1235 5493 in
1271 5438 1417 5493 diem
1450 5455 1550 5494 nos
1586 5436 1857 5509 proferat,
1893 5444 1955 5490 ut
1981 5438 2127 5492 cele-

557 5528 785 5584 bremus
842 5527 964 5610 dies
1011 5527 1187 5586 festos
1228 5528 1482 5584 Domino.
1529 5528 1655 5583 Pari
1689 5527 1905 5582 ratione
1933 5541 2128 5580 nume—

556 5636 655 5679 rus
684 5622 847 5678 trium
877 5622 1093 5678 dierum
1125 5631 1180 5679 et
1220 5623 1468 5678 noctium
1503 5622 1782 5692 passionis
1813 5620 2033 5674 Domini
2075 5629 2131 5674 et

2225 4790 2551 4861 ηγησαμένῃ
2584 4790 2684 4860 τὴν
2746 4788 2960 4859 ἡμέραν
2999 4789 3296 4857 ἐσχηκυῖαν
3344 4785 3404 4838 τὸ
3450 4784 3647 4847 πάθος,
3685 4799 3819 4836 συν·-

2229 4881 2594 4953 αριθμοῦντες
2626 4881 2683 4935 δὲ
2709 4884 2775 4951 τῇ
2799 4881 2958 4952 τρίτῃ
2980 4881 3156 4946 νυκτὶ,
3186 4879 3308 4933 καθ’
3326 4879 3390 4950 ἦν
3416 4879 3449 4949 ἡ
3486 4877 3815 4939 ἀνάστασις,

2228 4973 2327 5044 τὴν
2372 4972 2646 5041 ἑπομένην
2678 4971 2815 5038 αὐτῇ
2847 4968 3135 5040 Κυριακὴν
3185 4968 3420 5038 ἡμέραν,
3469 4964 3555 5018 διὰ
3585 4965 3650 5016 τὸ
3681 4979 3819 5033 προ-

2231 5064 2541 5118 κοπτόντων
2602 5064 2666 5115 ἐκ
2712 5062 2935 5123 σκότους
2989 5061 3070 5122 εἰς
3130 5058 3248 5127 φῶς
3295 5057 3405 5111 τῶν
3462 5055 3821 5127 πραγμάτων

2237 5153 2805 5227 προκαταριθμεῖσθαι
2841 5152 2951 5205 δεῖν
2975 5150 3036 5205 τὺ
3054 5125 3369 5218 νυκτερινὸν
3409 5125 3617 5210 σκότος,
3651 5146 3720 5199 τὸ
3759 5144 3822 5197 δὲ

2234 5249 2333 5318 τῆς
2376 5245 2589 5317 ἡμέρας
2636 5244 2934 5314 ἐφέπεσθαι
2980 5242 3117 5313 φῶς.
3166 5240 3293 5295 Ἐπὶ
3333 5239 3390 5292 δὲ
3435 5238 3534 5305 τῆς
3574 5237 3823 5299 κτίσεως

2238 5339 2442 5410 πρέπει
2468 5337 2559 5390 τὸν
2585 5336 2718 5390 Θεὸν
2759 5334 2868 5387 τῶν
2910 5335 2969 5387 ὲν
2998 5332 3156 5402 οὐσίᾳ
3189 5328 3557 5401 φαιδροτέρων
3597 5325 3819 5396 κατάρ-

2237 5431 2452 5504 χεσθαι,
2491 5429 2606 5484 ἀλλ’
2637 5428 2701 5481 οὐ
2730 5426 2838 5481 τῶν
2871 5423 3102 5478 σκοτίων
3143 5423 3234 5476 καὶ
3265 5419 3554 5489 ἀφεγγῶν,
3598 5417 3704 5470 καὶ
3736 5413 3827 5478 07.;

2237 5526 2299 5578 τδ
2324 5519 2466 5577 εἶναι
2492 5523 2592 5576 οὐκ
2612 5520 2761 5574 ἔστιν
2782 5514 3079 5583 ούσιωδῶς,
3101 5514 3223 5570 οὐδὲ
3245 5511 3575 5586 δημιουργία
3603 5508 3826 5563 τούτων

2240 5633 2369 5670 κατε
2379 5615 2607 5669 ίλεκται.

558 5713 992 5769 resurrectimiis
1047 5713 1324 5769 ineundus
1372 5721 1426 5769 et
1487 5686 1875 5782 supputandus
1921 5718 2029 5765 est.
2128 5707 2178 5763 ls
2252 5707 2393 5770 dies,
2446 5720 2556 5776 quo
2606 5708 2941 5773 passus-est
2992 5696 3249 5752 Salvator
3308 5701 3522 5760 noster,
3573 5686 3829 5745 addatur

638 5875 682 5907 "
757 5874 902 5929 Psal.
970 5890 1127 5938 XVIII,
1187 5874 1239 5927 5.

1317 5873 1361 5904 ³⁰
1393 5871 1561 5926 Exod.
1615 5889 1711 5935 xu,
1769 5869 1856 5934 18,
1912 5868 1990 5922 l0.
2075 5869 2113 5899 ³¹
2158 5866 2315 5922 Rom.
2353 5882 2473 5927 xm,
2506 5863 2589 5919 1‘2.
