4002 6432
247 501 302 572 l’l
1375 505 1916 568 COMMENTARII
1971 507 2054 568 IN
2097 507 2458 570 GENESIN.

3481 506 3564 572 δα

255 607 963 686 praecellentil’arasceves
1021 613 1194 670 nocti.
1231 611 1482 685 Sequens
1533 603 1656 672 dies
1726 617 2042 674 Domintcus
2099 632 2378 674 connume
2396 627 2552 674 retur
2606 617 2755 675 nocti
2805 617 3002 687 tertiae,
3052 617 3108 674 in
3192 632 3300 689 qua
3365 632 3554 674 resur-

259 711 406 767 rexit.
441 707 580 763 Nam
622 706 764 762 dum
819 723 922 764 res
951 723 1024 764 ex
1077 709 1324 766 tenebris
1373 719 1665 778 eruuntur,
1697 723 1752 767 et
1798 711 1852 767 in
1927 713 2105 770 lucem
2164 715 2594 786 protrahuntur,
2627 723 2915 772 nocturnae
2963 715 3204 771 tenebrae
3249 716 3405 786 prius
3443 729 3543 768 an-

278 801 631 860 numeranda:
681 809 848 866 sunt,
886 811 951 858 nt
997 803 1350 861 commodius
1379 805 1506 860 inde
1533 803 1644 862 diei
1699 803 1962 876 splendor
2021 807 2422 878 subsequatur.
2474 809 2748 864 Caeterum
2809 809 2969 864 decet
3041 807 3287 862 divinam

3369 805 3546 877 maje-
3635 866 3643 874 ,

265 903 451 948 atatem
500 894 562 950 in
601 891 908 950 creatione
939 895 1136 950 mundi
1161 895 1381 952 initium
1417 911 1616 966 capere
1679 895 1750 950 ab
1783 895 1870 952 his
1907 911 2028 966 qua
2096 899 2445 969 splendorem
2525 899 2785 962 fundunt,
2841 907 2898 952 et
2935 912 3172 968 quorum
3235 895 3546 953 substantia

263 993 374 1040 051:
412 999 521 1040 nec
549 985 816 1042 exordiri
851 987 924 1042 ab
975 986 1066 1044 bis
1126 1002 1251 1058 quae
1281 1002 1393 1043 non
1428 995 1585 1052 sunt,
1651 988 1966 1058 quibusque
2030 989 2127 1045 lux
2191 989 2462 1062 denegata
2509 997 2618 1046 est.
2671 989 2884 1045 Horum
2923 989 3090 1045 etiam
3149 990 3362 1044 creatio
3436 1003 3548 1042 non

265 1075 522 1129 traditur.

325 1171 439 1224 Kal.
474 1169 602 1232 πῶς
630 1170 722 1225 δεῖ
750 1171 884 1243 περὶ
912 1170 1122 1227 τούτων
1161 1173 1346 1244 ζητεῖν
1383 1175 1432 1229 εἰ
1455 1175 1651 1246 πρῶτα
1694 1176 1886 1248 γεγέ-⁴

2029 1177 2135 1233 Sed
2171 1191 2280 1248 qua
2311 1177 2402 1229 via
2437 1189 2632 1231 eorum
2687 1175 2901 1232 creatio
2970 1171 3360 1241 investiganda
3405 1171 3554 1227 erit?

261 1277 446 1332 ηταις
485 1261 583 1314 Ἕν
613 1262 733 1331 γὰρ
763 1263 845 1334 τῷ
876 1263 994 1334 φῶς
1039 1265 1118 1337 μὴ
1148 1268 1432 1337 παρεῖναι,
1465 1267 1686 1338 λέγεται
1726 1271 1860 1324 σκό-

258 1371 348 1417 τος
371 1353 470 1407 καὶ
506 1352 634 1418 νύξ.
689 1355 851 1408 Οὗτοι
883 1355 990 1428 γὰρ
1021 1355 1085 1410 τὸ
1124 1358 1292 1428 μέλαν
1335 1363 1430 1413 καὶ
1460 1360 1521 1414 τὸ
1552 1359 1862 1428 ἀφώτιστον

259 1444 350 1498 τοῦ
396 1445 708 1514 διαφανῶς
749 1447 910 1518 ἀέρος
949 1448 1288 1518 ὠνόμασται.
1328 1452 1396 1506 Ἀ
1425 1453 1540 1514 τοῖς
1577 1452 1863 1520 γεγονόσιν

257 1535 741 1606 {mulo-$813!“,
768 1537 845 1600 ὡς
869 1539 900 1609 ἡ
933 1539 1063 1592 σκιὰ
1083 1539 1163 1610 τῷ
1187 1539 1419 1611 σώματι,
1442 1540 1714 1610 λεγομένη
1742 1543 1863 1612 μὲν,

259 1626 624 1696 ἀνύπαρκτος
671 1627 732 1680 δὲ
773 1629 1027 1700 καθάπερ
1055 1633 1240 1684 ἐκεῖνα
1283 1633 1650 1701 τυγχάνουσα.
1699 1635 1763 1686 Εἰ
1807 1634 1865 1687 δέ

262 1735 392 1772 ποτε
443 1719 545 1772 καὶ
591 1719 784 1786 λέγειν
825 1720 888 1774 τὸ
935 1721 1238 1790 γεγονέναι,
1283 1723 1466 1786 ’ἄλλως
1509 1723 1573 1777 τὸ
1602 1724 1859 1793 γενέσθαι

263 1809 446 1864 αὖτῶν
483 1811 822 1882 ἐκδέχεσθαι
864 1814 992 1884 χρὴ,
1038 1815 1116 1877 ὡς
1139 1816 1196 1868 ὲν
1233 1815 1313 1886 τῷ
1359 1814 1601 1887 ψαλμῷ·
1643 1837 1660 1868 ι
1697 1817 1865 1872 Ἐθου

261 1903 478 1967 σκότος,
503 1905 609 1957 καὶ
647 1905 870 1972 ἐγένετο
892 1905 1026 1970 νύξ’
1063 1926 1083 1958 ι
1116 1908 1210 1960 καὶ
1236 1909 1336 1961 οὐκ
1379 1905 1538 1964 εἶπεν
1573 1909 1680 1963 ὑπὸ
1710 1909 1860 1974 τινος

260 1997 480 2062 ὶγένετο
500 2012 518 2028 ο
551 1995 679 2050 οὐδὲ
705 1995 767 2050 τὸ
793 1996 935 2052 ἔθου
965 1998 1270 2069 διήρθρωσε
1305 2001 1545 2054 ποταπὸν
1571 2003 1858 2072 τυγχάνει.

261 2086 396 2140 οὐδὲ
425 2083 592 2140 εἶπεν
611 2127 628 2152 ,
678 2088 972 2158 Ἐποεησας
1006 2089 1218 2153 σκότος,
1252 2091 1392 2148 οὐδὲ.
1421 2093 1711 2164 Γενηθήτω
1741 2095 1872 2147 σκό-

263 2192 348 2238 τος
373 2175 472 2230 καὶ
491 2175 726 2244 ἐγένετο
755 2177 965 2242 σκότος,
997 2177 1074 2240 ὡς
1100 2179 1318 2232 ἐπὶτῶν
1339 2179 1869 2253 δημιουργημόιτων,

267 2266 397 2322 ἀλλᾶ
433 2267 540 2338 μὲν
557 2267 644 2330 τὺ,
681 2285 702 2320 ι
736 2267 876 2333 Φῶς,
913 2265 1057 2336 εἷπε,
1091 2271 1394 2342 γενηθήτω.
1427 2291 1446 2324 ι
1475 2273 1549 2326 Τὸ
1579 2273 1640 2327 δὲ
1674 2275 1870 2340 σκότος

269 2359 725 2432 ια-ιῖκολούθησεν
757 2363 822 2414 ὲκ
845 2361 940 2414 τοῦ
985 2363 1326 2433 σκιάσματος
1363 2366 1462 2435 τῆς
1509 2367 1612 2436 γῆς
1635 2382 1659 2400 ο
1683 2366 1780 2420 καὶ
1809 2366 1872 2420 τὸ

277 2452 370 2522 μὲν
397 2451 654 2523 ἡμέραν,
691 2451 760 2504 τὸ
791 2451 848 2504 δὲ
879 2451 1051 2506 νύκτα
1076 2453 1301 2508 ἐκάλεσε
1333 2454 1428 2508 τοῦ
1451 2456 1629 2525 φωτὸς
1661 2459 1722 2511 ἐν
1747 2473 1874 2510 στε-

281 2547 422 2615 ρήσει
442 2543 804 2613 γιγνόμενον.
831 2545 940 2596 Καὶ
967 2543 1159 2616 ὥσπερ
1178 2544 1412 2616 λέγομεν
1433 2524 1566 2618 ὁρᾷν
1596 2547 1754 2609 αὐτὸ,
1795 2547 1870 2618 μὴ
1903 2524 1944 2578 Β

275 2635 505 2707 ἡβῶντες
529 2634 784 2706 ἀληθῶς,
831 2636 1253 2706 ἐμποδιζόμενοι
1279 2639 1338 2691 δὲ
1387 2639 1524 2710 όρᾷν
1555 2639 1648 2692 ὑπ’
1681 2639 1869 2693 αὐτοῦ·

277 2729 410 2781 οὕτω
448 2727 554 2782 καὶ
603 2727 670 2779 τι
713 2727 1002 2780 καλεῖσθαι
1053 2727 1189 2781 αὐτὸ
1247 2729 1494 2798 φήσομεν
1543 2731 1647 2784 οὐκ
1695 2733 1752 2784 ἐν
1797 2727 1877 2799 τῷ

279 2821 430 2892 εἶναι,
462 2825 590 2879 ἀλλ’
629 2826 690 2877 ὲν
729 2823 808 2893 τῷ
838 2823 1278 2894 παρακολουθεῖν
1302 2824 1479 2895 ἑτέρῳ
1501 2823 1634 2880 ὄντι.
1667 2825 1742 2878 Τδ
1769 2825 1878 2896 γὰρ

282 2919 458 2981 σκότος
491 2915 802 2985 γενόμενον
833 2915 930 2968 καὶ
969 2913 1200 2984 γενητόν
1241 2918 1356 2978 πῶς
1381 2916 1504 2970 ἐστι
1550 2915 1644 2970 καὶ
1674 2916 1878 2985 ἀγένη-

278 3027 385 3064 τον.
431 3007 741 3077 ’Δγένητον
766 3005 868 3075 μὲν
894 3005 994 3076 οὐχ
1025 3007 1102 3070 ὡς
1127 3007 1186 3061 οὐ
1216 3005 1527 3076 γενόμενον,
1555 3007 1673 3060 ἀλλ’
1707 3007 1781 3071 ὡς
1817 3007 1880 3060 τὸ

280 3099 485 3170 γένεσιν
511 3100 578 3150 ὲν
610 3095 854 3166 ὑπάρξει
879 3095 955 3166 μὴ
981 3093 1150 3148 λαὸόν
1173 3107 1188 3122 °
1216 3095 1444 3164 γενητὸν
1472 3094 1530 3146 δὲ
1559 3092 1649 3147 διὰ
1677 3093 1736 3146 τὸ
1763 3095 1880 3156 τοῖς

280 3191 585 3264 γινομένοις
608 3186 1007 3243 ἐπακολουθεῖν
1041 3185 1200 3256 δίκην
1243 3187 1426 3249 σκιᾶς,
1453 3183 1645 3258 ὥσπερ
1671 3185 1740 3239 τὰ
1769 3184 1880 3240 ἀπὸ

281 3285 382 3338 τῶν
411 3282 715 3354 ἡμετέρων
751 3278 1023 3350 σωμάτων
1047 3279 1348 3350 γιγνόμενα
1371 3293 1384 3308 ⁶
1429 3270 1504 3332 ὧν
1537 3279 1598 3332 τὸ
1637 3276 1882 3346 γενεσθαι

285 3379 380 3448 μὲν
405 3379 438 3446 ἡ
467 3375 747 3443 αἴσθησις
789 3371 1167 3442 συνομολογεί.
1221 3371 1444 3434 Οὐσίαις
1477 3369 1534 3423 δὲ
1584 3369 1767 3424 αὐτῶν
1796 3369 1884 3422 διὰ

284 3470 340 3522 τι
365 3468 500 3538 μηδὲ
527 3463 677 3519 εἶναι
723 3465 831 3518 οὐκ
862 3463 1232 3532 ὲπιόἀ)λομεν
1253 3481 1268 3494 ·
1309 3462 1432 3515 οὐδὲ
1456 3461 1565 3532 γὰρ
1601 3459 1724 3514 καθ’
1759 3461 1886 3512 ἐαυ-

286 3561 377 3624 τὲς
395 3564 452 3614 αἱ
493 3558 679 3620 σκιαὶ,
721 3557 845 3610 ἀλλ’
891 3555 986 3624 ἀφ’
1035 3555 1228 3624 ἑτέρου
1279 3552 1449 3620 μέσου
1505 3549 1761 3620 σώματος
1786 3549 1888 3620 τὴν

301 3654 528 3708 εἰκασὶσί
563 3651 816 3704 ποιοῦσι.
855 3647 990 3702 Οὐδὲ
1021 3647 1132 3716 γὰρ
1163 3648 1192 3699 ὁ
1225 3645 1334 3716 ἀὴρ
1363 3645 1422 3698 τὸ
1465 3643 1674 3710 σκότος,
1711 3641 1759 3694 εἰ
1795 3640 1888 3694 καὶ

310 3745 464 3815 μέλας
486 3743 672 3815 ὥσπερ
698 3741 881 3803 οὕτως
916 3741 984 3810 τῇ
1017 3737 1178 3807 φύσει
1204 3753 1216 3766 ·
1247 3734 1516 3806 διαφανὴς
1548 3733 1658 3804 γὰρ
1688 3733 1763 3786 ὢν
1792 3731 1890 3785 ἁλ-

1963 1267 2099 1324 Nam
2133 1279 2250 1323 tum
2292 1267 2516 1322 demum
2563 1267 2742 1337 caligo
2792 1277 2848 1322 et
2881 1282 2990 1320 nox
3031 1265 3384 1334 intelligitur,
3421 1277 3548 1317 cum

1965 1364 2220 1417 submota
2253 1357 2422 1412 fuerit
2453 1360 2540 1412 vel
2571 1358 2812 1414 abfuerit
2857 1359 2976 1412 lux.
3021 1354 3112 1412 Sic
3140 1357 3288 1413 enim
3321 1361 3556 1408 vocatur

1965 1452 2197 1522 nigredo
2243 1463 2304 1507 et
2346 1467 2408 1507 ea
2463 1467 2596 1522 pars
2651 1453 2798 1506 aeris
2872 1467 2996 1522 quze
3043 1451 3166 1506 luce
3199 1455 3378 1502 caret.
3415 1443 3552 1499 Nam

1967 1545 2083 1600 haec
2107 1545 2222 1600 duo
2261 1547 2526 1599 comitata
2575 1552 2705 1600 sunt
2743 1559 2846 1599 res
2883 1551 3120 1604 creatas,
3165 1557 3274 1596 non
3301 1553 3462 1594 secus
3490 1551 3558 1591 ac

1967 1651 2170 1706 corpus
2209 1637 2510 1691 comitatur
2539 1636 2764 1698 umbra,
2797 1651 2920 1704 qua:
2953 1635 3175 1703 quidem
3215 1648 3312 1702 per
3347 1646 3406 1686 se
3443 1644 3555 1683 non

1966 1728 2212 1792 exsistit,
2267 1727 2433 1782 sicuti
2471 1741 2573 1781 nec
2607 1727 2895 1796 praedicta.
2932 1724 3128 1780 Sicubi
3181 1732 3366 1778 autem
3406 1721 3557 1775 facta

1967 1835 2092 1876 esse
2119 1820 2405 1889 leguntur,
2438 1821 2548 1874 alio
2579 1827 2742 1890 pacto
2770 1833 2964 1874 eorum
3005 1817 3422 1885 generationem
3453 1827 3557 1868 nos

1971 1913 2322 1983 interpretari
2368 1921 2607 1982 oportet,
2678 1911 2842 1966 sicuti
2874 1920 2930 1964 et
2971 1909 3079 1963 hoc
3109 1910 3276 1964 loco:
3313 1925 3333 1958 ι
3391 1904 3559 1962 Ponis

1971 2003 2228 2058 tenebras
2257 2010 2311 2055 el.
2347 2002 2406 2058 fit
2448 2017 2576 2056 nox.
2621 2023 2639 2053 ι
2673 1999 2788 2054 lloc
2831 2001 2952 2055 loco
3005 2013 3118 2053 non
3161 2001 3562 2052 commemorat

1970 2110 1999 2148 a
2030 2111 2140 2164 quo
2192 2095 2337 2148 facta
2376 2093 2470 2148 sit.
2515 2091 2628 2146 Nec
2662 2091 2916 2154 verbum,
2961 2088 3138 2156 ponis,
3172 2097 3438 2153 expresse
3469 2082 3561 2136 in-

1972 2186 2158 2241 sinuat
2187 2186 2334 2239 unde
2369 2184 2466 2238 sit.
2517 2183 2631 2236 Nec
2663 2180 2806 2236 dixit
2834 2200 2846 2236 :
2893 2177 3102 2257 Fecisti
3137 2175 3414 2230 tenebras.
3444 2169 3560 2226 Nec

1937 2277 2190 2331 .locutus
2221 2285 2328 2340 est,
2372 2281 2432 2328 ut
2474 2273 2530 2328 in
2559 2273 2688 2328 aliis
2727 2270 2986 2326 evenisse
3032 2275 3301 2323 constat:
3343 2283 3361 2316 ι
3400 2261 3564 2318 Fiant

1971 2369 2236 2424 tenebrae.
2269 2385 2288 2420 ι
2341 2365 2570 2428 Verum,
2607 2363 2754 2434 quod
2799 2363 2868 2416 ad
2904 2361 3054 2416 lucis
3095 2357 3441 2415 creationem
3475 2362 3562 2410 at-

1972 2461 2132 2524 tinet,
2188 2458 2416 2514 disertis
2460 2456 2648 2512 verbis
2703 2455 2843 2510 dixit
2877 2471 2892 2510 :
2925 2471 2944 2505 ι
2973 2451 3094 2506 Fiat
3122 2451 3241 2505 lux.
3291 2469 3310 2502 ι
3353 2445 3561 2501 Verum

1976 2552 2216 2608 tenebrae
2247 2549 2518 2618 insecuta:
2551 2553 2684 2604 sunt
2713 2561 2780 2602 ex
2817 2545 3016 2599 umbra
3069 2551 3254 2598 terras.
3314 2541 3564 2592 Alterum

1975 2645 2201 2715 quidem
2261 2656 2466 2696 nomen
2517 2637 2724 2694 meruit
2771 2636 2904 2702 diei,
2971 2635 3209 2689 alterum
3255 2631 3458 2692 nectis,
3506 2637 3570 2682 et

1977 2751 2102 2806 quae
2138 2745 2300 2790 enata
2349 2739 2503 2788 esset
2533 2745 2604 2785 ex
2639 2726 2954 2800 privatione
2985 2719 3564 2804 lucis-Quemadmo-

1977 2827 2108 2882 dum
2136 2825 2448 2894 inquimus,
2487 2837 2591 2878 nos
2627 2819 2818 2876 videre
2864 2815 3126 2873 tenebras
3170 2800 3302 2868 cum
3335 2828 3429 2867 eas
3457 2825 3568 2865 non

1979 2935 2109 2976 vere
2135 2933 2454 2981 cernamus,
2493 2913 2592 2970 sed
2619 2913 2795 2982 magis
2829 2910 2982 2966 visus
3012 2917 3206 2963 noster
3237 2906 3307 2959 ab
3347 2905 3432 2958 bis
3466 2905 3572 2958 im-

1983 3013 2246 3084 pediatur
2276 3017 2331 3064 et
2375 3015 2721 3062 occaecetur:
2775 3003 2859 3058 sic
2885 2999 3286 3056 aﬂirmabimus
3315 2996 3575 3052 tenebras

1982 3103 2207 3174 quidem
2243 3110 2438 3155 nactas
2473 3113 2601 3154 esse
2626 3110 2828 3151 nomen
2855 3108 2966 3149 non
2997 3108 3066 3148 ex
3103 3091 3192 3148 sui
3229 3087 3574 3152 substantia,

1985 3193 2080 3252 sed
2105 3191 2253 3264 quod
2283 3195 2714 3258 consequantur
2747 3191 2804 3240 et
2847 3181 3196 3237 comitentur
3245 3191 3462 3246 semper
3491 3175 3576 3230 al-

1984 3295 2166 3342 terum
2217 3280 2506 3352 quiddam.
2562 3279 2808 3348 Apparet
2863 3274 3052 3345 itaque
3121 3272 3384 3328 tenebras
3432 3283 3578 3338 quo-

1987 3375 2284 3432 dammodo
2326 3381 2382 3428 et
2429 3371 2650 3442 genitas
2692 3378 2746 3424 et
2785 3382 2898 3422 non
2932 3364 3145 3436 genitas
3183 3359 3575 3416 animadverti.

1985 3467 2108 3522 Non
2140 3465 2360 3538 genitas
2411 3462 2658 3531 quidem,
2695 3475 2805 3514 non
2854 3455 3014 3526 quasi
3058 3469 3159 3525 per
3189 3469 3249 3508 se
3282 3453 3392 3507 sint
3422 3451 3580 3519 inge-

1987 3559 2120 3614 nitte
2171 3551 2592 3624 intelligendum
2643 3557 2757 3611 est,
2807 3548 2905 3604 sed
2947 3546 3097 3616 quod
3134 3546 3188 3597 in
3219 3543 3305 3596 sui
3342 3555 3580 3609 genuera-

1990 3651 2141 3706 tione
2179 3643 2560 3702 substatitiam
2617 3641 2825 3696 nullam
2868 3635 3295 3706 acquisiverint.
3349 3631 3582 3686 (lenitas

1992 3754 2127 3795 vero
2158 3753 2318 3807 cape,
2354 3733 2498 3806 quod
2543 3732 2719 3785 instar
2765 3729 2978 3784 umbrae
3015 3738 3238 3793 semper
3265 3721 3584 3786 conjunctae

297 3809 480 3906 έοτρέῳ
505 3809 775 3904 χρώματι
796 3831 876 3902 τῷ
899 3809 992 3883 τοῦ
1027 3827 1203 3898 φωτὸς
1229 3828 1422 3898 ὁρᾶται
1449 3843 1464 3857 ο
1494 3817 1556 3878 οὗ
1588 3825 1662 3896 μὴ
1686 3823 1886 3894 παρόν-

1997 3834 2109 3887 sint
2159 3827 2516 3899 corporibus.
2571 3819 3051 3890 Quemadmodum
3105 3815 3382 3874 umbram,
3419 3809 3586 3880 cujus

291 3945 396 3992 τος,
430 3929 491 3980 τὸ
523 3925 850 3995 ἀφώτιστον
898 3920 992 3975 τοῦ
1025 3919 1187 3990 ἀέρος
1239 3921 1334 3972 καὶ
1373 3916 1536 3970 οἱονεὶ¹
1583 3916 1752 3986 μέλαν
1803 3913 1888 3985 ἐφ’

293 4020 477 4074 ἑαυτοῦ
509 4019 686 4089 μένον
707 4055 725 4081 ,
756 4015 950 4076 σκότος
977 4012 1246 4075 καλεῖται,
1279 4010 1356 4081 μὴ
1398 4007 1458 4062 ὃν
1491 4007 1670 4060 οὐσία.
1703 4007 1767 4058 Ei
1797 4003 1893 4059 καί

293 4129 450 4183 φησιν
493 4110 774 4170 Ἦσαΐας’
821 4122 846 4157 ο
908 4102 1052 4172 Ἐγὼ
1082 4104 1111 4156 ὁ
1141 4101 1274 4166 Θεὸς
1321 4099 1742 4160 κατασκευάσας
1779 4095 1895 4165 φῶς

289 4205 380 4258 καὶ
401 4204 649 4271 ποιήσας
696 4199 892 4261 σκότος
915 4213 931 4228 ·
971 4214 993 4248 ι
1025 4194 1281 4265 ἐπιφέρει
1328 4192 1469 4262 γὰρ·
1507 4209 1527 4243 ι
1569 4190 1629 4243 Ὀ
1656 4189 1890 4258 ποιήσας

295 4298 522 4367 εἰρήνην
569 4293 672 4347 καὶ
707 4289 914 4356 κτέζων
947 4287 1016 4341 τὰ
1055 4285 1236 4347 κακὰ,
1269 4303 1288 4336 ι
1323 4284 1469 4354 ἅπερ
1501 4281 1704 4352 ὁμοίως
1735 4277 1898 4332 ἀνούο

296 4405 404 4442 eu.
433 4388 513 4442 Οὔ
551 4379 920 4454 πρωτουργδν
937 4372 1030 4432 οὖν
1051 4377 1115 4432 τὸ
1143 4377 1354 4441 σκότος,
1379 4373 1495 4428 ἀλλ’
1523 4372 1895 4441 ἀνυπάρκτως

296 4481 590 4550 γινόμενον
622 4472 772 4529 κατὰ
813 4472 914 4543 τὴν
948 4471 1086 4541 πρὸς
1126 4468 1188 4522 τὺ
1229 4467 1344 4538 φῶς
1397 4463 1901 4537 παρακολούῦησιν.

299 4569 368 4624 ω
394 4569 604 4640 πρώτη
627 4565 816 4619 τοίνυν
845 4566 879 4636 ή
907 4562 1004 4630 νύξ
1023 4579 1038 4594 ο
1071 4563 1120 4614 εἰ
1150 4562 1244 4615 καὶ
1275 4560 1334 4613 ὲν
1373 4559 1587 4630 ἑορταῖς
1612 4557 1642 4610 ό
1663 4553 1907 4622 Μωῦσῆς

301 4656 780 4732 εροδιαναπαύει,
810 4656 875 4708 ὲκ
906 4651 1282 4725 προλαϐούσης
1307 4649 1501 4714 νυκτὸς
1537 4648 1618 4710 εἰς
1642 4647 1739 4716 τὴν
1772 4645 1908 4698 ἀνά-

301 4769 504 4806 εαοσιν
547 4749 652 4803 τοῦ
695 4745 981 4801 Σαϐϐἁτου
1016 4745 1178 4799 οἱονεὶ
1221 4742 1538 4814 προεόρτιον
1591 4737 1786 4809 ἑορτὴν
1827 4736 1911 4790 δι-

1993 3931 2252 3978 nostrum
2310 3933 2516 3984 corpus
2549 3915 2708 3985 origo
2741 3917 2851 3978 est,
2894 3909 3032 3965 nihil
3076 3921 3200 3962 esse
3255 3903 3341 3959 vel
3377 3915 3580 3957 sensus

1994 4013 2326 4077 conﬁtetur,
2397 4008 2480 4064 sic
2538 4017 2592 4062 ct
2623 4005 2700 4060 ibi
2745 4019 2849 4058 usu
2917 3999 3113 4057 venire
3157 4004 3307 4066 avet.
3369 3993 3591 4049 Nullam

1997 4103 2368 4161 substantiam
2443 4099 2652 4153 umbra:
2735 4095 3017 4150 addimus.
3075 4091 3211 4146 Nam
3267 4087 3590 4156 neutiquam

2003 4195 2105 4268 15
2141 4195 2282 4248 inter
2310 4192 2453 4246 entia
2483 4191 2844 4253 collocantur,
2893 4199 3080 4240 verum
3125 4181 3420 4252 quamdam
3446 4179 3592 4233 ima-

2003 4287 2334 4359 ginationem
2366 4291 2421 4338 et
2452 4281 2855 4349 conjecturam,
2887 4275 3044 4345 quasi
3073 4272 3186 4328 sint
3207 4287 3305 4342 per
3335 4286 3415 4332 se,
3452 4283 3594 4338 pra:-

2003 4380 2134 4436 bent
2161 4377 2290 4432 dum
2322 4376 2390 4430 ab
2411 4375 2518 4429 alio
2537 4385 2769 4443 corpore
2797 4365 3126 4424 intermedio
3145 4361 3592 4434 progrediuntur.

2004 4469 2116 4526 Nec
2150 4479 2208 4524 tu
2237 4483 2417 4523 aerem
2452 4465 2660 4520 dixeris
2702 4462 3015 4533 caliginem,
3069 4457 3222 4517 licet,
3257 4453 3417 4510 sicuti
3457 4451 3597 4515 bare,

2009 4564 2164 4632 niger
2191 4561 2284 4617 sit.
2319 4557 2456 4612 Nam
2487 4572 2618 4612 cum
2657 4550 2968 4625 pellucidus
3002 4548 3094 4613 sit,
3127 4548 3305 4616 alieno
3333 4543 3474 4598 lucis
3503 4557 3599 4597 co-

2014 4655 2131 4709 lore
2162 4649 2460 4705 accedente
2485 4645 2827 4716 conspicitur
2853 4659 2867 4696 :
2897 4655 3001 4711 qua
3038 4641 3157 4693 luce
3205 4644 3406 4690 remota
3429 4672 3444 4697 ,
3495 4631 3597 4685 ob-

2015 4745 2256 4801 scuritas
2295 4740 2438 4795 acris
2480 4755 2574 4810 per
2630 4753 2689 4793 se
2720 4733 2881 4804 quasi
2934 4733 3036 4785 atri
3092 4725 3364 4782 manentis
3423 4723 3601 4792 caligo

297 4843 416 4906 Bai;
441 4861 454 4872 '
492 4844 566 4895 ἐκ
615 4837 861 4908 φυτικῆς
911 4835 1220 4906 ἐκεχειρίας
1277 4833 1376 4907 τῆς
1416 4833 1473 4884 ὲν
1521 4831 1678 4884 νυκτὶ
1717 4829 1819 4900 τὴν
1849 4829 1886 4880 ἐξ

2017 4843 2268 4896 vocatur,
2307 4832 2435 4886 licet
2495 4847 2600 4884 non
2655 4825 2832 4896 possit
2882 4820 3072 4877 referri
3107 4819 3172 4873 ad
3206 4816 3601 4888 praedicamen-

296 4938 462 5003 λόγου
485 4933 871 4988 circvitum-LV
900 4932 957 4982 ὲν
981 4931 1046 4998 τῇ
1077 4927 1260 4998 ἡμέρᾳ
1293 4921 1732 4995 προστακτικῶς
1767 4936 1912 4990 παρ-

309 5029 474 5097 έχων.
511 5024 772 5082 Εἰκότως
817 5015 911 5074 οὖν
947 5017 1006 5072 οὕ
1043 5033 1211 5087 φησν
1253 5034 1273 5068 ι
1317 5016 1426 5068 Καὶ
1446 5015 1664 5080 ἐγένετο
1686 5011 1917 5081 ἑσπέρα,

308 5121 402 5172 καὶ
429 5117 656 5186 ἐγένετο
701 5111 884 5184 πρωϊ,
930 5129 948 5161 ι
983 5110 1079 5176 νὺξ
1119 5109 1218 5180 μία
1244 5147 1258 5170 ,
1287 5107 1404 5160 ἀλλ’
1438 5125 1458 5158 ι
1498 5105 1684 5177 ἡμέρα
1739 5103 1856 5173 μία.
1896 5121 1914 5151 ο

2021 4936 2134 4982 tum
2169 4923 2512 4981 substantim.
2543 4917 2806 4986 Quamvis
2835 4914 3007 4969 Isaias
3034 4911 3207 4979 inquit
3241 4927 3252 4962 :
3294 4926 3312 4958 ι
3358 4904 3471 4974 Ego
3493 4901 3600 4953 Du-

2025 5023 2227 5083 minus,
2273 5025 2328 5072 et
2377 5031 2486 5070 non
2547 5021 2632 5068 est
2680 5010 2955 5080 amplius;
3025 5005 3268 5059 formans
3319 4999 3494 5052 lucem
3549 5001 3604 5050 et

2009 5129 2220 5168 -creans
2293 5107 2549 5164 tenebras
2584 5106 2652 5169 3’,
2695 5122 2712 5154 ι
2776 5117 2882 5156 non
2954 5106 3134 5152 tamen
3183 5091 3413 5144 aﬂirmat
3466 5085 3604 5142 sub-

597 5181 841 5276 μὲνγὰρ
875 5205 1112 5273 ἐγένετο,
1157 5201 1346 5272 ἐπειδὴ
1383 5201 1492 5256 ἀπὸ
1533 5200 1635 5268 τῆς
1681 5198 1886 5270 πορεία

2016 5195 2785 5279 stantiis_connmnerandam
2817 5206 2939 5247 esse
2964 5186 3255 5255 caliginem
3291 5181 3407 5236 sive
3442 5187 3604 5233 tenc~

309 5303 406 5357 τοῦ
460 5301 649 5371 τρωτὸς
704 5298 997 5369 ἠριθμεῖτο
1037 5297 1107 5351 τὰ
1145 5296 1492 5365 διαστήματα
1538 5295 1752 5364 πρωῒας
1814 5292 1909 5345 καὶ

311 5394 561 5464 ἑσπέρας
581 5409 598 5422 ·
624 5390 726 5455 νὺξ
749 5391 805 5444 δὲ
830 5391 932 5442 οὐκ
957 5388 1193 5458 ἐγένετο.
1225 5388 1347 5440 ἐπεὶ
1373 5385 1446 5458 μὴ
1473 5385 1632 5439 οὐσία
1657 5382 1752 5438 τοῦ
1781 5383 1909 5436 σκό-

307 5503 464 5548 τως,
498 5484 716 5551 ταύτης
755 5477 824 5552 ἦν
859 5481 1142 5550 ποιητική.
1178 5479 1243 5533 El
1277 5479 1336 5532 δέ
1376 5495 1541 5548 φησιν
1571 5479 1598 5531 ὀ
1631 5475 1910 5545 Μωῡσῆς,

317 5597 338 5628 ι
377 5577 646 5644 Ἐγένετο
688 5572 900 5642 ἑσπέρα
922 5573 1014 5625 καὶ
1033 5571 1249 5640 ἐγένετο
1289 5569 1454 5642 πρωῒ,
1486 5568 1672 5640 ἡμέρα
1709 5567 1806 5639 μία
1832 5607 1846 5629 ,
1887 5586 1907 5617 ι

311 5667 388 5729 ὡς
415 5666 483 5719 ἑκ
507 5664 712 5718 τούτου
743 5661 914 5714 νύκτα
955 5660 1172 5731 πρῶτον
1215 5659 1324 5712 ἀπὸ
1352 5661 1450 5732 τῆς
1492 5659 1732 5731 ἑσπέρας
1759 5657 1915 5726 γενέο

317 5755 467 5818 σθαι,
503 5753 873 5825 νομίζεσθαι·
901 5753 1016 5808 ἀλλ’
1049 5747 1142 5807 οὖν
1191 5753 1253 5807 οὐ
1285 5747 1540 5826 τῇ’τάξει
1571 5753 1681 5807 τῶν
1709 5751 1906 5822 ὀνομά-

427 5939 476 5970 ³¹
507 5938 621 5991 lsa.
659 5940 918 6004 va.’S,7.
956 5936 998 5968 ³³
1027 5933 1156 5989 ibid.
1182 5935 1235 5991 7.

2017 5298 2166 5352 bras.
2213 5275 2339 5348 Mox
2393 5291 2540 5346 enim
2593 5283 2893 5343 subtexit:
2953 5297 2970 5328 ι
3018 5275 3244 5330 Faciens
3296 5284 3485 5339 pacem
3552 5276 3608 5322 et

2015 5397 2212 5440 creans
2242 5380 2489 5443 malum;
2561 5391 2663 5446 ego
2701 5371 2842 5426 facio
2881 5367 3067 5422 omnia
3115 5363 3216 5417 ista
3250 5361 3317 5413 ³³.
3359 5377 3378 5410 ι
3413 5357 3608 5412 Testa-

2015 5484 2104 5529 tur
2139 5489 2198 5530 se
2229 5485 2420 5526 creare
2452 5467 2679 5528 malum,
2705 5459 2958 5532 quamvis
2983 5473 3048 5512 ne
3079 5457 3183 5510 hoc
3212 5453 3432 5525 quidem
3467 5451 3610 5504 inter

2019 5564 2358 5622 substantias
2380 5560 2701 5614 collocetur.
2725 5553 2803 5608 Ne
2823 5552 2986 5622 igitur
3012 5549 3136 5620 quis
3153 5547 3258 5602 sibi
3282 5539 3612 5616 persuadeat

2019 5659 2308 5727 caliginem
2370 5654 2570 5708 factam
2614 5662 2736 5704 esse
2779 5645 3056 5716 priorem,
3095 5655 3218 5695 cum
3259 5647 3608 5704 nequaquam

2017 5747 2289 5806 subsistat
2331 5759 2345 5796 :
2381 5741 2478 5798 sed
2524 5737 2712 5795 credat
2773 5743 2888 5790 tum
2937 5731 3155 5788 domum
3189 5732 3437 5781 exortam
3481 5730 3613 5774 cum
