4002 6410
495 474 573 539 se
1813 473 2174 537 mocoeu
2208 474 2461 536 eum
3090 448 3101 465 ’
3702 475 3773 539 eo

490 586 660 659 capit
684 586 867 642 lucem
894 583 1179 654 subsequi.
1222 580 1333 638 Nec
1389 580 1573 655 colligi
1631 590 1813 653 potest
1862 596 2079 643 noctem

2187 602 2291 640 των
2319 582 2636 638 ἀκολουθεῖν
2683 580 3004 650 ἀναγκαῖον.
3059 580 3133 636 'H'
3169 581 3278 654 γάρ
3312 582 3522 657 ἑσπέρα
3565 588 3661 659 τῆς
3700 591 3776 647 in,

491 695 617 737 esse
646 681 887 750 priorem
915 680 1022 740 tl'e,
1057 691 1124 731 ex
1155 674 1479 730 testimonio
1535 673 1727 742 Mosis,
1756 676 1905 747 quod
1940 694 2093 734 sem-

491 787 591 844 per
618 770 950 841 praemittere
980 767 1155 824 soleat
1189 765 1345 821 festis
1384 775 1625 833 noctem,
1651 778 1704 822 et
1732 768 1801 822 ab
1832 783 1897 823 ea
1928 784 2091 824 exor-

494 860 608 914 diri
661 857 983 913 Sabbatntn.
1017 854 1154 909 Nam
1209 855 1380 909 alium
1413 855 1578 910 linem
1616 857 1854 926 respexit
1885 856 2089 925 Moses,

492 951 705 1006 scilicet
743 957 803 1003 ut
837 946 1008 1015 magis
1035 961 1096 1001 se
1145 955 1451 1016 praeparent
1488 947 1744 1004 homines
1773 948 1840 1002 ad
1860 949 2090 1005 audien-

492 1043 618 1098 dam
645 1043 1134 1113 legem,propterea
1154 1054 1346 1109 magna
1364 1042 1691 1095 auctoritate
1711 1039 1777 1094 ad
1805 1055 2088 1111 vesperam

496 1133 903 1204 praecedentem
960 1131 1158 1185 indicit
1222 1131 1543 1187 Sabbatum.
1622 1130 1970 1202 Quapropter
2028 1141 2090 1187 ut

492 1223 677 1281 omnia
695 1224 804 1278 sint
826 1222 1001 1292 magis
1025 1222 1327 1287 luculenta,
1351 1223 1427 1277 ait
1452 1237 1468 1274 :
1508 1240 1528 1274 ι
1566 1221 1692 1277 Fuit
1712 1223 2093 1293 vesp-tramit-

494 1332 601 1387 que
635 1330 796 1369 mane
822 1315 941 1370 dies
980 1331 1149 1371 unus.
1185 1333 1206 1368 ι
1236 1315 1354 1370 Νοη
1391 1315 1573 1385 inquit
1603 1313 1757 1371 :Nox
1784 1332 1915 1383 una,
1947 1315 2085 1372 sed:

499 1422 520 1455 ι
564 1404 688 1459 Dies
727 1419 895 1458 unus.
925 1422 946 1456 ι
982 1402 1116 1457 Nam
1148 1404 1267 1459 dies
1300 1403 1551 1459 constitit
1581 1419 2091 1460 cumnumeraren-

438 1496 459 1503 ’
492 1505 584 1549 tur
615 1495 912 1550 interstitia
975 1494 1230 1549 matutini
1260 1502 1316 1549 et
1372 1495 1673 1563 vespertini
1718 1496 1986 1564 temporis
2019 1495 2087 1550 ad

490 1587 633 1642 lucis
661 1587 1028 1643 curriculum.
1073 1583 1272 1640 Verum
1311 1600 1422 1640 nox
1462 1599 1571 1640 non
1597 1591 1786 1641 creata
1825 1586 1911 1640 vel
1944 1582 2088 1640 iacta

490 1688 596 1737 est.
626 1677 764 1734 Nam
823 1694 948 1735 cum
1002 1679 1154 1734 nulla
1198 1679 1272 1734 sit
1328 1678 1642 1734 substantia
1696 1680 2084 1743 tenebrarum,

490 1773 790 1841 nequivere
853 1782 1072 1828 noctem
1110 1786 1425 1842 procreare.
1472 1770 1733 1836 Quidam,
1764 1781 1825 1827 ut
1854 1771 2088 1827 demon-

2193 678 2289 731 καὶ
2317 675 2420 745 τῆς
2441 674 2571 746 ὅλης
2599 672 2815 746 ἡμέρας
2870 671 3048 745 πέρας
3078 673 3261 741 ἐστὶν,
3290 674 3367 738 ὥς
3399 677 3614 744 πάντως
3651 681 3779 737 ῑπε-

2193 768 2317 821 σθαι
2339 767 2407 837 τῇ
2435 766 2622 837 ἡμέρᾳ.
2651 764 2753 837 τὴν
2780 762 2970 822 νύκτα.
2996 763 3123 829 Πῶς
3143 764 3256 836 γάρ
3274 766 3505 823 δυνατὸν
3531 771 3768 845 ἑσπέραν

2191 857 2446 927 γενέσθαι
2500 855 2578 927 μὴ
2619 854 3003 927 προλαὸούσης
3053 857 3298 929 πρωίας
3348 857 3447 929 Ετη
3476 859 3523 912 δ’
3571 861 3637 915 ἂν
3684 864 3784 919 καὶ

2186 953 2486 1021 τριήμερος
2517 951 2549 1019 ἡ
2575 946 2670 1001 τοῦ
2700 946 2954 1018 Σωτῆρος
2997 947 3297 1013 ἀνάστασις
3321 990 3337 1017 ,
3374 952 3433 1003 εί·
3456 951 3600 1005 κατὰ
3626 952 3785 1023 Μάρ-

2192 1056 2290 1094 κον
2330 1041 2458 1112 περὶ
2499 1040 2691 1111 τρίτην
2733 1038 2886 1109 ὥραν
2937 1039 3306 1111 ἐσταύρωται,
3360 1041 3469 1094 ἀπὸ
3512 1041 3570 1096 δὲ
3616 1042 3781 1113 ἕκτης

2193 1130 2385 1194 σκότος
2445 1131 2664 1200 ἐγένετο
2713 1129 2820 1192 ἓως
2868 1131 3069 1202 ἐνάτης
3118 1132 3214 1185 ent
3261 1132 3446 1203 πάσης
3493 1133 3593 1204 τῆς
3652 1137 3773 1205 γῆς.

2196 1219 2534 1291 Πληρούσθω
2558 1220 2670 1290 γάρ
2694 1218 2770 1283 ὡς
2805 1222 2864 1274 ὲν
2894 1220 3055 1291 τύπῳ
3085 1220 3187 1290 μία
3216 1221 3404 1292 ἡμέρα
3436 1221 3528 1275 διά
3574 1222 3780 1278 τούτων

2202 1311 2368 1382 μέχρι
2396 1311 2496 1382 τῆς
2533 1312 2730 1381 ἐνάτης
2762 1311 2912 1382 ὥρας
2930 1330 2946 1344 ·
2974 1310 3228 1382 ἀρχέσθω
3253 1311 3310 1365 δὲ
3345 1314 3379 1383 ὴ
3411 1311 3641 1385 δευτέρα
3669 1314 3775 1368 ἀπὸ

2188 1404 2291 1475 τῆς
2330 1405 2528 1475 ἐνάτης
2570 1403 3047 1475 ἐπακολουθούσης
3078 1404 3183 1475 ἤδη
3226 1403 3329 1472 τῆς
3373 1404 3640 1469 πλατείας
3694 1424 3784 1460 νυ-

2189 1495 2341 1558 κτός·
2372 1495 2407 1566 ἡ
2438 1494 2494 1548 δὲ
2528 1493 2687 1566 τρίτη
2719 1492 3026 1564 λογιζέσθω
3051 1495 3162 1549 ἀπὸ
3191 1494 3287 1548 τοῦ
3318 1495 3626 1559 Σαόὗάτου,
3658 1513 3787 1551 συν-

2189 1586 2504 1657 απτομένης
2546 1586 2649 1656 τῆς
2688 1585 2867 1656 ὅψεως
2889 1585 3187 1640 Σαὸσάτων
3220 1586 3320 1657 τῆς
3354 1587 3785 1660 ὲπιφωσκούσης

2189 1680 2269 1744 είς
2306 1679 2405 1751 τὴν
2438 1679 2745 1749 Κυριακήν.
2792 1678 2951 1749 Είβὲ
3000 1678 3193 1750 πρώτη
3226 1679 3260 1749 ἡ
3290 1676 3409 1743 νὺξ,
3457 1696 3478 1730 σ
3533 1677 3784 1747 Ἐγένετο

2188 1768 2418 1838 ἑσπέρα,
2463 1769 2557 1822 καὶ
2591 1769 2811 1837 ἐγένετο
2840 1758 3009 1839 πρωῒ,
3063 1786 3082 1821 ι
3119 1769 3152 1839 ἡ
3181 1767 3389 1822 διάνοια
3418 1766 3608 1839 ζητεῖν
3646 1769 3780 1823 ὑπο-

493 1872 670 1920 strent
694 1872 913 1919 noctem
947 1864 1187 1934 priorem
1221 1863 1499 1918 conditam
1522 1878 1646 1919 esse
1696 1862 1809 1927 die,
1836 1877 2079 1932 sequun-

2189 1861 2374 1915 σάλλει
2393 1862 2519 1915 πότε
2529 1878 2619 1931 ρον
2644 1860 2750 1930 πρὸ
2770 1859 2863 1914 τοῦ
2884 1858 3138 1928 γενέσθαι
3163 1860 3376 1931 ἡμέραν
3401 1860 3618 1931 ἑσπέρα
3633 1861 3790 1929 γέγοο

495 1964 587 2009 tur
624 1955 731 2009 hoc
793 1929 1070 2023 eloquium
1120 1951 1332 2009 Hosis:
1372 1972 1390 2004 ι
1431 1952 1557 2007 Fuit
1603 1967 1834 2022 vespera
1863 1929 2079 2024 fuitque

2187 1970 2294 2017 νεν,
2316 1954 2350 2026 ἢ
2372 1929 2646 2024 ληγούσης
2670 1929 2773 2023 τῆς
2812 1952 3066 2024 ήμέραςς
3102 1929 3212 2006 Καὶ
3232 1929 3289 2005 ὲν
3319 1952 3400 2023 τῷ
3420 1992 3436 2017 ,
3469 1972 3487 2005 ι
3545 1929 3793 2023 Ἐγένετο

493 2061 657 2101 mane
685 2045 804 2101 dies
830 2061 977 2102 unus
999 2062 1019 2099 :
1044 2064 1064 2098 ι
1087 2059 1214 2100 nam
1237 2060 1523 2115 vesperam
1546 2043 1705 2114 juxta
1721 2045 1921 2100 seriem
1947 2060 2079 2100 nar-

493 2135 725 2190 rationis
754 2136 986 2204 positam
1042 2150 1166 2191 esse
1198 2135 1379 2202 primo
1406 2134 1549 2197 loco,
1576 2141 1630 2188 et
1670 2149 1737 2189 ex
1782 2149 1848 2189 ea
1880 2133 2082 2191 deinde

2184 2045 2243 2099 δὲ
2282 2044 2448 2117 πρωῒ,
2492 2045 2679 2115 ἡμέρα
2713 2044 2832 2115 μία,
2867 2064 2886 2097 ι
2915 2045 3015 2115 τῆς
3047 2044 3275 2115 πρώτης
3321 2046 3538 2117 ἡμέρας
3573 2047 3695 2101 ἐστὶ
3729 2047 3793 2102 τὸ

2191 2136 2338 2207 πρωῒ
2367 2137 2401 2207 ἢ
2430 2137 2530 2207 τῆς
2561 2137 2874 2208 ἀρχομένης
2894 2136 3193 2208 δευτέραςς
3234 2137 3298 2190 Et
3334 2137 3447 2207 γάρ
3474 2138 3581 2209 τῆς
3639 2137 3795 2210 πρῶ-

490 2236 709 2281 noctetn
746 2226 1089 2295 provenisse.
1125 2226 1395 2282 Caeterum
1432 2240 1537 2281 nos
1576 2240 1926 2296 nequaquam
1961 2227 2079 2280 ani-

2187 2246 2307 2300 της,
2343 2229 2764 2299 συναπτομένων
2787 2222 2924 2302 αύτῇ
2957 2228 3066 2283 τῶν
3089 2228 3225 2299 ἑξῆς
3239 2231 3578 2300 γενομένων,
3633 2233 3796 2304 εὑρε-

490 2331 640 2371 mum
669 2316 735 2371 ad
772 2318 1065 2373 verborum
1088 2317 1288 2373 seriem
1315 2316 1625 2386 appellere,
1639 2315 1738 2370 sed
1770 2315 1961 2370 virtuti
1994 2331 2079 2370 re-

2189 2321 2416 2388 θήσεται
2447 2321 2476 2373 ὁ
2507 2321 2793 2391 ἄνθρωπος
2833 2325 2901 2393 τῇ
2941 2320 3171 2394 πέμπτῃ
3208 2322 3509 2393 γενόμενος
3549 2326 3744 2397 ἡμίρὲ
3774 2340 3794 2359 ⁸

491 2421 613 2462 rum
665 2408 942 2478 applicare
997 2415 1232 2479 oportet.
1292 2405 1431 2461 Nam
1471 2421 1701 2477 vespera
1735 2407 1970 2462 orientis
2001 2418 2079 2462 to-

2192 2411 2554 2483 εύρεθήσεται
2601 2412 2659 2466 δὲ
2711 2413 2807 2466 καὶ
2849 2414 2878 2467 6
2920 2412 3055 2477 Θεὸς
3110 2415 3176 2485 τῇ
3222 2412 3360 2487 ἕκτῃ
3415 2415 3798 2484 καταπαύσας

495 2503 716 2573 tiusqne
764 2505 872 2559 diei
905 2505 1174 2560 terminus
1221 2503 1307 2559 vel
1355 2503 1478 2558 ﬁnis
1515 2509 1623 2557 est.
1651 2500 1792 2556 Hinc
1834 2501 2085 2570 sequitur
2193 2503 2411 2574 ἡμέρᾳ..

490 2594 634 2650 diem
679 2596 916 2665 priorem
946 2609 1072 2652 esse
1110 2602 1292 2651 nocte.
1329 2593 1463 2661 Quae
1503 2595 1646 2648 ratio
1683 2593 1977 2664 permittit.
2014 2600 2073 2646 ut
2110 2592 2183 2649 sit
2212 2608 2461 2660 vespera,
2491 2593 2596 2649 nisi
2633 2593 2909 2663 praecedat
2947 2602 3164 2665 tempus
3232 2598 3573 2655 matutinum
3600 2602 3640 2657 τυ
3687 2601 3807 2658 Erit

490 2701 624 2742 sane
677 2688 733 2742 in
784 2688 927 2743 hunc
987 2688 1212 2743 modum
1254 2687 1590 2743 resurrectio
1634 2685 1941 2741 Salvatoris
1973 2686 2247 2750 tridnalis,
2274 2687 2343 2750 si,
2377 2696 2438 2740 ut
2498 2687 2751 2756 perhibet
2801 2685 3180 2752 Marcus“'“,
3224 2690 3386 2745 tertia
3455 2690 3603 2749 hora
3683 2707 3805 2751 cru.

488 2777 691 2834 cilixus
716 2790 824 2835 est.
850 2779 896 2833 A
925 2788 1079 2837 sexta
1112 2782 1245 2835 hora
1275 2780 1516 2835 tenebrae
1537 2789 1741 2836 exorta
1756 2787 1888 2835 sunt
1916 2794 2080 2851 super
2120 2780 2434 2836 universam
2484 2789 2689 2835 terram
2786 2788 3177 2850 permanentes
3250 2798 3435 2851 usque
3481 2786 3551 2841 ad
3602 2786 3800 2844 horam

488 2884 716 2927 nonam.
744 2872 1126 2928 Constituatur
1162 2871 1368 2942 itaque,
1432 2872 1665 2942 exempli
1692 2870 1890 2941 gratia,
1927 2887 2072 2926 unus
2104 2871 2223 2928 dies
2259 2886 2356 2941 per
2394 2872 2511 2926 haec
2576 2872 2864 2926 intervalla
2909 2872 2978 2927 ad
3049 2887 3249 2928 nonam
3323 2891 3510 2944 usque
3582 2878 3805 2935 horam.

487 2959 792 3031 lncipiatnr
823 2962 1025 3017 deinde
1075 2961 1195 3017 dies
1252 2962 1392 3017 alter
1422 2976 1451 3016 a
1495 2976 1641 3017 nona
1674 2961 1809 3017 hora
1867 2961 2150 3030 sequentis
2188 2962 2366 3017 noctis
2407 2961 2767 3031 intempestae.
2832 2960 3057 3017 Tertius
3146 2974 3507 3034 computetur
3565 2983 3599 3023 a
3666 2969 3807 3026 Sab-

485 3054 618 3109 bato
650 3054 864 3125 adjecta
900 3053 1264 3110 Sabbatorutn
1290 3071 1542 3126 vespera,
1571 3072 1701 3126 quae
1747 3056 1978 3112 lucescit
2001 3055 2056 3110 in
2096 3056 2241 3110 diem
2269 3055 2635 3112 Dominicum.
2661 3055 2788 3111 Hazc
2802 3055 2870 3112 de
2924 3056 3110 3112 triduo
3173 3061 3638 3127 resurrectionis,
3695 3071 3806 3120 etc.

484 3148 690 3208 Vérum
729 3152 774 3208 si
807 3167 915 3208 nox
940 3155 1237 3211 antecessit
1266 3155 1433 3221 diem,
1478 3162 1539 3210 ut
1586 3156 1809 3227 quidam
1839 3158 2153 3228 opinantur,
2215 3158 2493 3228 quomodo
2557 3157 2735 3215 Moses
2804 3160 2881 3214 ait
2925 3175 2940 3213 :
3025 3178 3044 3212 ι
3077 3157 3204 3214 Fuit
3243 3171 3486 3229 vespera
3584 3155 3812 3226 fuitque

485 3261 651 3303 mane
683 3246 805 3304 dies
835 3249 1006 3306 unus?
1044 3267 1062 3300 ι
1099 3249 1335 3309 Animus
1391 3252 1475 3308 sic
1511 3253 1821 3309 consistere
1897 3253 2109 3324 nequit,
2184 3253 2281 3309 sed
2343 3253 2622 3324 inquirere
2673 3254 2987 3321 conabitur,
3040 3269 3113 3311 an
3164 3268 3394 3325 vespera
3465 3252 3813 3325 praevenerit~

486 3343 663 3411 diem;
707 3350 822 3408 aut,
848 3359 914 3399 an
949 3352 1066 3399 tum
1094 3346 1314 3403 demum
1367 3349 1676 3414 emerserit,
1711 3362 1838 3402 cum
1877 3346 2181 3402 cessaverit
2213 3346 2354 3404 dies.
2414 3345 2473 3400 ln
2537 3348 2661 3403 istis
2728 3347 2957 3403 verbis:
3028 3365 3048 3399 ι
3096 3345 3225 3401 Fuit
3266 3361 3513 3417 Vespera
3591 3346 3811 3417 fuitque

485 3451 648 3493 mane
699 3438 819 3495 dies
868 3456 1033 3506 unus,
1072 3460 1091 3493 ι
1128 3451 1257 3507 etc.,
1304 3441 1649 3512 intelligitur,
1706 3452 1802 3497 aut
1853 3442 2059 3512 prioris
2114 3440 2223 3496 diei
2294 3441 2629 3496 matutinum
2687 3448 2926 3509 tempus,
2969 3449 3063 3497 aut
3092 3441 3323 3497 secundi
3358 3441 3480 3496 diei
3516 3440 3638 3511 jam
3666 3440 3813 3498 inci-

483 3530 706 3597 pientis.
750 3530 809 3585 Si
850 3532 1051 3601 prioris
1077 3533 1184 3589 diei
1217 3536 1799 3606 respicismatutinum
1832 3544 2068 3606 tempus,
2106 3534 2157 3591 si
2192 3533 2251 3591 ei
2267 3535 2945 3607 conjungasinseqnentes
2964 3536 3105 3601 dies,
3174 3534 3436 3591 invenies
3513 3534 3827 3592 hominem:

485 3621 575 3678 die
603 3624 798 3692 quinto
829 3638 953 3680 esse
979 3627 1259 3684 conditum
1305 3648 1317 3684 :
1353 3639 1409 3685 et
1435 3630 1678 3700 reperies
1728 3630 1894 3686 Deum
1923 3626 2202 3699 quievisse
2225 3626 2316 3681 die
2345 3637 2526 3683 sexto.

555 3713 758 3770 Verum
784 3717 889 3772 hoc
922 3726 1036 3774 tum
1059 3721 1188 3785 erit,
1209 3738 1334 3776 cum
1369 3724 1536 3781 latius
1557 3723 1819 3779 fortassis
1849 3725 2094 3794 accipie-

482 3820 611 3860 mus
643 3806 942 3863 dictionem
985 3828 1160 3878 mane,
1194 3813 1267 3868 ita
1293 3822 1352 3868 ut
1383 3815 1457 3870 ad
1491 3815 1633 3870 diem
1666 3816 1942 3884 pertinere
1985 3816 2074 3871 di-

484 3911 699 3968 camus,
745 3902 895 3971 quod
967 3902 1136 3957 simili
1202 3906 1417 3960 ratione
1448 3906 1601 3962 etde
1640 3914 1805 3964 nocte
1839 3908 2072 3980 intelligi

484 3992 708 4065 poterit.
742 3991 1087 4063 Quapropter
1138 3993 1377 4050 Joannes
1416 3996 1780 4065 evangelista,
1824 4011 1948 4051 cum
1987 3996 2073 4051 di-

485 4088 680 4149 xisset,
723 4102 899 4149 mane,
928 4095 984 4141 nt
1034 4088 1219 4142 omnia
1276 4096 1466 4145 essent
1501 4089 1767 4153 clariora,
1812 4089 2070 4145 addidit:

492 4198 512 4231 ι
550 4180 686 4235 Cum
714 4179 896 4235 adhuc
941 4188 1134 4236 essent
1179 4181 1443 4239 tenebrae.
1482 4201 1501 4235 ι
1542 4182 1782 4249 Marcus,
1814 4198 1938 4239 eum
1979 4198 2075 4250 po-

486 4270 730 4325 suisset:
766 4269 985 4326 Summo
1039 4271 1301 4340 diluculo,
1367 4272 1609 4329 admovit
1640 4284 1696 4329 et
1741 4273 2069 4344 sequentia:

492 4383 511 4416 ι
546 4363 754 4420 Exorto
784 4365 921 4419 sole.
961 4384 980 4418 ι
1007 4364 1302 4432 Caeterum,
1337 4376 1396 4422 ιιι
1427 4375 1690 4440 apparet,
1730 4375 1963 4438 uterque
2004 4383 2073 4423 ex

485 4456 924 4511 circumstantiis
950 4474 1062 4514 rem
1096 4460 1469 4516 consideravit
1516 4468 1570 4517 et
1600 4460 1842 4531 scripsit.
1886 4460 2074 4541 Sien-

485 4555 594 4601 tem
632 4549 755 4618 quis
790 4549 1025 4617 accipiat
1055 4550 1359 4607 diluculum
1410 4568 1507 4609 seu
1557 4569 1719 4608 mane
1770 4553 2070 4610 conﬁnium

485 4637 594 4694 diei
623 4640 921 4711 noctisque
946 4641 1315 4710 individuum,
1348 4653 1408 4699 ut
1435 4646 1617 4716 ipsum
1640 4660 1802 4701 mane
1830 4645 1966 4700 nihil
2003 4643 2075 4700 ab

484 4740 718 4799 uiroque
746 4737 996 4801 tempore
1021 4748 1251 4801 prorsus
1284 4743 1573 4790 mutuetur
1594 4775 1609 4801 ,
1665 4735 1948 4806 quomodo
1987 4735 2072 4790 di-

484 4832 576 4874 ces
619 4836 633 4875 :
677 4819 858 4885 Mane.
918 4823 1001 4879 vel
1053 4823 1163 4880 diei
1211 4826 1291 4882 vel
1325 4827 1504 4884 noctis
1566 4828 1651 4884 vel
1709 4835 2074 4897 utrarumque

483 4911 738 4977 partem?
772 4910 878 4967 Sed
947 4913 1065 4969 haec
1108 4931 1195 4972 res
1228 4916 1563 4974 luculentior
1607 4919 1734 4981 erit,
1792 4918 1837 4974 si
1884 4933 2072 4974 exem-

483 4997 633 5067 plum
669 5000 1004 5060 dederimus.
1028 5003 1197 5061 Linea
1227 5007 1477 5077 quadam
1521 5009 1873 5066 indivisihilis
1920 5008 2073 5064 ﬁniat

2260 3719 2434 3774 Τοῦτο
2472 3721 2574 3791 μὲν
2607 3717 2702 3775 οὖν
2738 3719 2941 3792 ἀληθὲς
2986 3720 3036 3774 εί
3089 3720 3372 3785 πλατικῶς
3412 3719 3836 3795 λαμϐάνοιμι*

2179 3812 2241 3868 τὸ
2279 3813 2430 3882 πρωῒ
2495 3813 2650 3884 παρά
2677 3812 2729 3866 τ’
2760 3815 2820 3867 ἐν
2857 3812 3007 3883 αύτῷ
3050 3813 3149 3883 τῆς
3191 3813 3414 3883 ἡμέρας
3472 3806 3814 3886 δεχόμενοιι

2181 3905 2318 3975 ὅπερ
2360 3904 2498 3959 κάπὶ
2526 3903 2625 3975 τῆς
2669 3904 2863 3966 νυκτὸς
2905 3902 3110 3972 ὁμοίως
3155 3902 3376 3969 ἐξέσται
3425 3908 3607 3961 νοεῖν.
3645 3907 3837 3962 Ὅθενρ

2181 3998 2209 4050 6
2236 3997 2334 4068 μὲν
2384 3996 2645 4068 Ἰωάννης
2696 3994 2873 4049 εἰπὼν
2908 3996 2990 4058 τὸ,
3046 3994 3218 4065 πρωῒ,
3256 3996 3591 4068 προσέθηκε
3633 4018 3653 4052 t
3691 4015 3823 4054 σκο·

2182 4091 2303 4153 τίας
2334 4089 2415 4142 ἔτι
2451 4087 2620 4159 οὔσης
2639 4103 2652 4118 °
2688 4107 2708 4142 ι
2732 4090 2760 4142 6
2785 4088 2843 4142 δὲ
2886 4089 3134 4157 Μάρκος,
3156 4087 3312 4155 πρωῒ
3331 4130 3347 4155 ,
3368 4090 3501 4155 καὶ,
3530 4109 3551 4143 t
3592 4092 3828 4147 ἀνατείὸ

2179 4182 2372 4246 λαντος
2405 4181 2500 4234 τοῦ
2530 4180 2712 4249 ἡλίου,
2761 4200 2781 4234 ι
2817 4180 3079 4251 ἑκάτερος
3104 4179 3169 4232 ὲκ
3194 4178 3306 4233 τῶν
3342 4185 3838 4254 παρακειμένων.

2178 4273 2277 4345 τὴν
2306 4273 2687 4345 προσηγορίαν
2715 4273 3068 4344 ποιούμενος.
3108 4272 3168 4326 Εί
3187 4271 3245 4326 δὲ
3281 4272 3566 4347 μεθόριον
3595 4278 3828 4349 ἀμερὲς

2180 4366 2372 4429 νυκτός
2415 4383 2476 4419 τε
2509 4368 2602 4420 καὶ
2652 4367 2870 4437 ἡμέρας
2909 4366 3219 4437 ἐκδέχοιντο
3264 4365 3326 4419 τὸ
3382 4367 3575 4437 πρωῒ,
3638 4370 3835 4442 μηδὲν

2177 4458 2287 4512 τῶν
2323 4458 2753 4531 παρακειμένων
2800 4458 2862 4524 ἐξ
2918 4459 3182 4529 ἐκατέρου
3225 4458 3527 4527 λαμϐάνον
3580 4462 3825 4537 καιροῦ⁹

2181 4550 2301 4612 πῶς
2328 4550 2429 4621 τῆς
2456 4550 2668 4621 ἡμέρας
2718 4549 2955 4621 μόνης-ἣ
3004 4549 3106 4619 τῆς
3138 4553 3338 4611 νυκτὸς
3385 4550 3424 4621 ἢ
3479 4552 3591 4607 καὶ
3636 4554 3833 4624 ἀμφο-

2178 4642 2353 4714 τέρων
2374 4643 2664 4713 γενήσεται
2692 4641 2896 4713 μέρος;
2925 4640 3107 4695 Οίονεὶ
3132 4640 3243 4711 γάρ
3264 4643 3523 4714 γραμμή
3546 4643 3640 4708 τίς
3670 4647 3845 4699 ὲστιψ

2178 4734 2391 4805 ἀμερὴς
2426 4733 2738 4806 περατοῦσα
2763 4733 2974 4788 τούτων
3004 4734 3287 4803 ἑκάτερον,
3326 4734 3559 4803 μᾶλλον
3584 4738 3648 4791 δὲ
3676 4738 3840 4793 κατὰ.

2178 4826 2402 4891 ταυτὸν,
2446 4826 2546 4896 τῆς
2588 4825 2687 4897 μὲν
2726 4825 2893 4897 ἀρχὴ,
2941 4825 3041 4894 τῆς
3077 4825 3136 4879 δὲ
3179 4825 3355 4896 πέρας
3413 4830 3831 4900 τυγχάνουσα.

2179 4916 2484 4987 Τοιγαροῦν
2511 4919 2538 4971 6
2598 4916 2840 4989 Μωῦσῆς
2881 4916 2953 4969 τά
2996 4916 3104 4969 τῶν
3136 4915 3350 4987 καιρῶν
3396 4917 3568 4990 ἄκρα
3607 4922 3832 4987 λαϐὼν,

2178 5008 2248 5062 τὰ
2278 5008 2419 5079 μέσα
2442 5007 2535 5062 διὰ
2561 5006 2767 5062 τούτων
2798 5005 3070 5078 ἐδήλωσεν
3091 5047 3106 5072 ,
3143 5007 3242 5060 ούκ
3279 5006 3345 5061 ἃν
3367 5008 3437 5062 ὲν
3471 5010 3697 5085 ἄκροις
3730 5015 3839 5069 θα-

481 5098 591 5144 tam
621 5102 838 5150 noctem
872 5110 1037 5166 quam
1062 5097 1228 5153 diem.
1266 5098 1322 5154 Si
1357 5115 1469 5155 rem
1523 5102 1765 5172 penitius
1808 5101 2063 5173 introspi-

2187 5102 2336 5172 τέρου
2395 5100 2562 5173 μέρος
2606 5099 2808 5154 εἰπών’
2861 5100 3091 5171 ἀριθμεῖ
3141 5099 3199 5152 δὲ
3258 5097 3362 5163 τὰς
3425 5103 3677 5176 ἡμέρας
3728 5105 3837 5160 τοῦ

482 5195 608 5236 cere
640 5183 999 5253 voluerimus,
1048 5188 1216 5257 linea,
1258 5208 1380 5262 quae
1408 5194 1635 5251 alterius
1677 5194 1844 5251 fuerit
1867 5195 2077 5266 princi-

481 5272 655 5340 pium,
681 5273 908 5333 alterius
932 5277 1056 5336 ﬁnis
1072 5295 1194 5338 esse
1219 5284 1447 5352 patebit.
1472 5284 1610 5340 Hinc
1625 5293 1679 5341 et
1708 5286 1908 5353 Moses,
1937 5296 2077 5344 tem-

483 5378 680 5432 porum
713 5368 1091 5427 extremitates
1142 5389 1378 5444 ponens,
1434 5378 1614 5433 media
1642 5379 1815 5434 voluit
1846 5394 1944 5450 per
1976 5396 2071 5437 eas

481 5453 831 5527 signiﬁcare;
865 5475 965 5516 nec
1002 5462 1123 5531 ejus
1151 5467 1369 5523 animus
1403 5467 1526 5533 fuit,
1551 5470 1605 5523 in
1629 5471 2069 5529 extremitatibus

486 5544 776 5616 utriusque
834 5561 1040 5618 partem
1089 5568 1548 5616 commonstrare.
1593 5560 1799 5617 Exacta
1828 5564 1917 5617 illa
1949 5563 2069 5619 die-

486 5650 610 5691 rum
640 5644 1055 5702 enumeratione
1111 5665 1215 5705 nos
1275 5649 1456 5716 docet,
1488 5654 1751 5710 mundum
1805 5671 1913 5710 non
1948 5671 2071 5713 esse

472 5734 773 5805 aeternum,
807 5735 899 5791 sed
927 5752 955 5791 a
974 5737 1084 5795 Deo
1099 5742 1565 5802 conditum.Deus
1596 5746 1775 5818 opilex
1803 5765 1908 5806 non
1931 5761 2069 5807 tem-

559 5905 677 5940 """
704 5906 872 5967 Marc.
924 5929 1018 5983 xv,
1043 5915 1140 5973 25.

2182 5193 2412 5264 κόσμου,
2453 5192 2515 5247 τδ
2562 5192 2789 5264 γενητὸν
2820 5186 3079 5264 ἀκριϐῶς
3128 5190 3504 5263 παραστῆσαι
3542 5194 3842 5269 βουλόμε.

2179 5304 2289 5350 νος.
2324 5285 2533 5359 Χρόνου
2573 5285 2682 5358 γάρ
2720 5287 2782 5340 ού
2825 5285 3001 5339 δεῖται
3049 5276 3413 5355 δημιουργῶν
3450 5285 3484 5338 ὁ
3533 5285 3712 5354 Θεός.
3752 5290 3838 5344 Ού

2181 5379 2287 5449 μὴν
2318 5378 2529 5434 ἄτακτα
2548 5379 2618 5433 τὰ
2640 5378 2907 5449 γεγονότα
2940 5378 3106 5444 ποιεῖ,
3136 5373 3377 5446 ἀριθμὸς
3410 5376 3480 5430 δὲ
3516 5379 3633 5453 τὴν
3663 5381 3839 5449 τάξιν

2174 5470 2487 5542 ἐργάζεται.
2519 5469 2693 5523 Ὅθεν
2729 5470 2831 5524 ούκ
2876 5464 3020 5533 εἷπε,
3052 5466 3267 5539 πρώτη,
3298 5466 3452 5523 ἀλλὰ
3504 5473 3655 5542 μία.
3737 5476 3840 5531 Ἐν

2176 5562 2286 5633 γὰρ
2304 5565 2414 5626 τοῖς
2442 5562 2558 5633 ἅμα
2589 5561 2951 5632 τυγχάνουσιν
2980 5561 3083 5614 οὐκ
3115 5558 3233 5613 ἔστι
3269 5557 3516 5630 πρῶτον
3544 5566 3659 5622 καὶ
3696 5567 3839 5623 δεύε-

2178 5673 2363 5726 τερον·
2393 5656 2507 5710 ἀλλ’
2538 5656 2772 5727 ἐπείπερ
2818 5656 2850 5726 ἡ
2894 5654 3146 5723 διήγησις
3186 5653 3285 5722 τὴν
3312 5652 3488 5718 τάξιν
3539 5658 3697 5731 ἔχει.
3739 5662 3838 5717 διὰ

2179 5748 2337 5804 τοῦτο
2372 5747 2509 5820 μετὰ
2538 5747 2635 5820 τὴν
2662 5748 2811 5818 μίαν·
2844 5745 2939 5799 καὶ
2972 5742 3260 5813 δευτέραν
3282 5742 3532 5811 λέγεται
3570 5750 3681 5806 καὶ
3729 5750 3841 5825 με..
