4002 6454
252 540 312 609 ιι
631 641 655 649 ἱ
1394 557 1884 620 COMMENTAR]

1990 561 2050 623 Ν
2092 561 2451 624 GENESIN.
2699 518 2715 527 Γ
2761 518 2789 594 ί
3499 556 3571 620 δε

269 677 347 733 ιρι
367 655 469 711 τῶν
488 654 571 721 ιξ,
616 652 798 711 ἓνεκα
827 657 1085 727 τάξεως.
1119 663 1184 717 El
1221 662 1278 717 δὲ
1319 663 1500 731 τοῦτο,
1547 666 1768 730 πάντως
1791 670 1884 721 καὶ

1990 684 2119 738 pore
2165 685 2305 740 opus
2372 668 2556 723 habet.
2612 664 2724 721 Nec
2756 671 2935 720 tamen
2974 661 3224 731 confuse,
3256 660 3352 717 sed
3383 660 3571 720 debito

272 749 476 824 πριὶιτην
502 765 855 821 προεπινοου
867 753 1050 824 μένην
1075 753 1320 825 ἔχουσιν,
1346 758 1413 826 ἢν
1442 756 1572 824 μίαν
1600 756 1881 823 ἐκάλεσεν,

271 847 324 897 τό
341 861 397 898 τε
423 845 520 913 τῆς
557 844 954 918 δημιουργίας
986 848 1261 917 δηλοῦσαν
1285 848 1483 919 ἀθρόον
1506 866 1520 880 ο
1560 850 1655 902 καὶ
1680 850 1761 902 ὅτι
1784 849 1883 913 τὰς

273 937 473 1007 ἡμέρας
514 938 621 991 οὐκ
659 937 843 1004 οὔσας
877 940 1076 1008 ἔταξεν
1110 943 1139 994 6
1172 942 1341 1006 Θεὸς,
1378 941 1516 997 ἀλλὰ
1550 943 1645 995 καὶ
1674 942 1882 995 τούτων

274 1029 383 1083 tot}
425 1029 816 1100 δημιουργὸς,
864 1031 1099 1103 πρώτην
1151 1033 1388 1101 ποιήσας
1437 1032 1569 1103 μίαν
1620 1033 1879 1102 ἡμέραν·

274 1123 412 1193 ἣτις,
449 1123 622 1193 μήπω
652 1123 775 1176 τῶν
801 1124 986 1179 ἄλλων
1030 1124 1233 1189 οὐσῶν,
1273 1123 1375 1177 οὐκ
1400 1124 1629 1184 εἰκότως
1656 1123 1876 1190 ἐλέγετο

276 1211 484 1282 πρώτη.
517 1214 591 1265 Δί
620 1213 683 1266 δὲ
715 1214 916 1268 λοιπαὶ
960 1216 1351 1286 προστεθεῖσαι
1380 1213 1479 1284 τὴν
1507 1214 1681 1279 τάξιν,
1715 1214 1875 1283 ἔσχον

275 1303 653 1373 προσηγορίαν
684 1305 815 1358 καθ’
857 1306 926 1377 ἢν
953 1306 1094 1376 μετὰ
1130 1309 1231 1375 τὴν
1266 1306 1399 1376 μίαν
1439 1307 1689 1374 ἐγένοντο
1734 1304 1879 1358 κατὰ

276 1395 428 1462 λόγον
455 1396 559 1464 τῆς
586 1395 648 1459 ἐξ
674 1398 855 1466 αὐτῆς
886 1399 1277 1471 ἀποστάσεως.⁸

1989 763 2095 833 16
2126 764 2319 819 ordine
2372 778 2535 831 opera
2561 776 2661 818 sua
2693 757 2924 829 perﬁcit.
2961 756 3030 811 At
3073 755 3130 811 in
3164 754 3359 825 primis
3383 769 3570 809 nume-

1983 871 2082 910 rus
2109 856 2356 911 ordinem
2391 861 2634 924 praestat.
2658 851 3001 920 Quapropter
3029 848 3208 918 inquit
3229 863 3241 898 :
3259 846 3371 900 dies
3410 861 3569 911 unus,

1985 947 2037 994 et
2091 956 2223 1003 non,
2281 940 2514 1008 primus.
2548 938 2683 992 Nam
2722 939 2777 993 in
2812 953 2920 992 uno
2961 952 3069 989 non
3126 937 3286 989 datur
3321 942 3570 987 statuere

1983 1031 2069 1084 vel
2106 1031 2340 1100 primum
2370 1032 2453 1085 vel
2489 1030 2813 1085 secundum.
2856 1028 3128 1082 Caeterum
3172 1040 3294 1079 cum
3330 1024 3573 1077 narratio

1984 1136 2097 1174 non
2143 1123 2263 1175 sine
2295 1121 2488 1174 ordine
2538 1121 2777 1183 feratur,
2840 1127 2965 1188 post
3026 1117 3522 1176 dictionem,unus
3556 1150 3574 1176 ,

1983 1212 2204 1276 dicitur,
2262 1213 2545 1277 secundus,
2600 1222 2654 1267 et
2687 1212 2760 1266 ita
2806 1226 2981 1280 usque
3029 1209 3095 1263 ad
3148 1190 3359 1263 sextum
3410 1206 3573 1262 diem.

1984 1305 2077 1359 sed
2114 1316 2368 1374 respectu
2404 1304 2639 1360 ordinis.
2662 1304 2799 1358 Cum
2829 1302 3047 1357 dicatur
3076 1317 3089 1353 :
3129 1319 3147 1351 ι
3181 1298 3339 1354 Unus
3371 1296 3510 1360 dies,
3548 1313 3569 1345 ι

1986 1409 2083 1449 nec
2104 1395 2338 1464 primus,
2378 1408 2510 1460 etc.,
2544 1393 2882 1465 signiﬁcatur
2923 1407 3031 1446 una
3084 1389 3383 1445 creationis
3435 1402 3576 1455 opus

276 1499 395 1539 esse
424 1494 749 1551 peractum.
786 1486 996 1543 Deinde
1030 1488 1438 1545 demonstratur
1483 1492 1714 1552 dierum,
1743 1487 1871 1557 quia
1906 1493 2033 1540 ante
2064 1501 2174 1540 non
2202 1484 2385 1552 fuere,
2435 1487 2768 1540 creationem
2834 1485 2941 1539 Deo
3010 1498 3134 1538 esse
3204 1491 3433 1552 accepto
3491 1482 3575 1537 fe-

278 1575 530 1629 rendam.
560 1575 708 1631 Nam
768 1588 825 1633 et
883 1580 984 1634 hos
1003 1582 1231 1644 creavit,
1282 1583 1458 1651 primo
1491 1581 1701 1636 faciens
1731 1580 1878 1634 diem
1955 1593 2144 1641 unum,
2177 1578 2269 1647 qui
2298 1578 2440 1632 haud
2473 1577 2769 1640 immerito,
2809 1591 2933 1629 cum
2969 1574 3149 1629 caeteri
3182 1574 3421 1627 nondum
3488 1571 3574 1628 fo-

277 1679 417 1733 ταδί.
470 1685 586 1723 non
638 1673 881 1740 primus,
914 1675 1007 1729 sed
1046 1691 1187 1731 unus
1223 1675 1409 1731 dictus
1435 1684 1541 1731 est.
1577 1677 1647 1729 At
1670 1673 1876 1736 caeteri,
1915 1674 2006 1739 qui
2031 1672 2531 1741 consequebantur,
2584 1670 2703 1726 dies
2763 1676 3060 1725 tenuerunt
3135 1681 3256 1722 eam

3332 1664 3573 1735 appeﬁa-

276 1760 512 1823 tionem,
549 1777 723 1831 quam
754 1772 877 1832 post
909 1766 1143 1833 primum
1178 1767 1428 1820 Collocati
1463 1782 1529 1821 ex
1560 1766 1678 1821 suis
1708 1762 2014 1818 intervallis
2048 1762 2232 1831 adepti
2257 1769 2408 1818 sunt.

350 1853 516 1907 Κατὰ
560 1856 658 1907 τὸν
685 1857 855 1910 αὑτὸν
892 1857 948 1910 δὲ
979 1858 1181 1927 τρόπον
1222 1859 1319 1912 καὶ
1369 1860 1495 1929 μίαν
1521 1858 1616 1913 τοῦ
1657 1858 1823 1929 μηνὸς
1854 1860 1888 1929 ἡ
1921 1863 1960 1918 13

278 1944 471 2014 Γραφὴ
494 1944 603 2015 τὴν
642 1946 873 2018 πρώτην
900 1949 1079 2014 καλεῖ,
1113 1950 1207 2003 καὶ
1250 1951 1381 2021 μίαν
1409 1951 1728 2006 Σαϐϐάτων.
1756 1951 1886 2006 Ἀλ-

281 2034 387 2098 λως
431 2052 496 2088 τε
533 2040 859 2107 παράτασιν
904 2041 1119 2111 ἡμέραν
1156 2042 1285 2112 μίαν
1328 2042 1611 2108 ἐκάλεσεν,
1666 2044 1782 2098 ἀλλ’
1821 2044 1884 2097 οὐ

280 2125 535 2197 πρώτην.
576 2127 647 2179 Ἦ
685 2127 792 2197 μὲν
820 2129 930 2198 γάρ
959 2131 1190 2202 δευτέρα
1222 2133 1316 2185 καλ⁵
1345 2133 1504 2204 τρίτη
1528 2134 1622 2187 τὸν
1655 2134 1885 2205 ἀριθμὸν

284 2220 631 2276 musca.
662 2223 744 2275 Τὸ
768 2223 829 2276 δὲ
855 2225 969 2293 φῶς
1002 2226 1164 2293 μένον
1194 2226 1254 2279 τὸ
1290 2227 1423 2280 αὐτὸ
1457 2228 1656 2296 κληθὲν
1676 2229 1885 2299 ἡμέρα,

288 2311 412 2381 μίαν
440 2313 536 2380 ἀφ’
567 2308 642 2385 ἦς
663 2314 875 2383 ἡρξατο
903 2315 1007 2378 ἓως
1044 2316 1123 2369 ἔτι
1155 2319 1251 2371 καὶ
1289 2317 1370 2370 ἔτι
1404 2318 1693 2371 καλεῖσθαι
1718 2320 1881 2372 ποιεῖ.

292 2402 357 2456 Ἥ
396 2404 545 2473 αὑτὴ
588 2405 703 2475 γάρ
742 2408 804 2460 ὲν
856 2407 1059 2469 πάσαις
1103 2408 1345 2478 ἡμέραις
1373 2411 1552 2477 φωτὸς
1590 2409 1884 2478 ἐνέργεια·

286 2492 361 2544 διὸ
407 2495 469 2546 αἱ
517 2495 733 2557 πᾶσαι,
790 2494 911 2565 μία.
948 2496 1105 2548 Μετὰ
1154 2497 1286 2565 γοῦν
1324 2498 1384 2551 τὸ
1424 2498 1775 2554 καταπαῦσαι
1816 2503 1883 2570 τῇ

294 2585 492 2656 ἑϐδόμῃ
522 2585 625 2638 τὸν
654 2585 798 2638 Θεὸν
829 2587 938 2640 ἀπὸ
963 2588 1068 2640 τῶν
1107 2586 1285 2657 ἔργων
1314 2588 1502 2653 αὑτοῦ,
1540 2591 1884 2661 ἐπιφέρεται*

294 2696 311 2727 ι
346 2676 496 2748 Αὕτη
534 2678 574 2746 ἡ
616 2676 808 2746 βίϐλος
845 2677 1074 2748 οὐρανοῦ
1126 2680 1223 2731 καὶ
1263 2680 1386 2749 γῆς,
1435 2681 1523 2734 ὅτε
1570 2681 1808 2748 ἐγένετο,

298 2767 476 2836 ἡμέρα
507 2766 787 2834 ἐποίησεν
814 2768 844 2819 6
883 2767 1014 2830 Θεὸς
1061 2767 1154 2821 τὸν
1178 2768 1404 2835 οὐρανὸν
1439 2771 1531 2822 καὶ
1571 2770 1668 2839 τὴν
1694 2770 1819 2840 γῆν.
1861 2790 1881 2822 ι

307 2857 434 2909 Ἰδοὺ
462 2858 582 2926 γὰρ
617 2859 719 2910 καὶ
757 2857 900 2928 μετὰ
936 2859 1037 2927 τὴν
1063 2858 1299 2929 ἑϐδόμην
1319 2901 1335 2925 ,
1372 2860 1502 2929 μίαν
1527 2860 1732 2930 ταύτην
1755 2861 1887 2916 ἐκάε-

288 2948 442 3002 ὴσε·
495 2950 577 3019 μή
627 2966 768 3003 ποτε
794 2951 889 3003 καὶ
925 2950 1054 3020 περὶ
1095 2952 1195 3021 τῆς
1233 2953 1364 3021 μιᾶς
1405 2952 1616 3021 ταύτης
1660 2954 1719 3003 ὲν
1771 2955 1886 3016 τοῖς

286 3042 533 3113 Ψαλμοῖς
560 3043 803 3114 ἐρρέθη,
841 3061 862 3095 ι
898 3042 1049 3113 Αῦτη
1074 3043 1109 3112 ἡ
1132 3043 1317 3114 ἡμέρα
1356 3044 1426 3115 ἢν
1466 3044 1691 3115 ἐποίησε
1716 3045 1889 3098 ό-Κύ-

288 3152 422 3204 pag;
464 3154 487 3188 ι
520 3136 723 3205 ἐπειδὴ
748 3137 844 3190 καὶ
870 3136 976 3189 ἀπὸ
1001 3133 1097 3188 τοῦ
1140 3135 1348 3206 Κυρίου
1378 3135 1476 3208 τὴν
1505 3137 1883 3209 προσηγορίαν

282 3228 477 3300 ﬁgant
505 3227 778 3299 δέχεσθαι
817 3226 1073 3299 Κυριακὴ
1109 3226 1420 3299 καλουμένη
1445 3244 1459 3258 ο
1512 3227 1588 3291 ὡς
1641 3224 1735 3281 οὖν
1773 3230 1880 3296 ἀφ-

279 3321 559 3390 ορισθεῖσι
600 3322 759 3391 μόνῳ
784 3320 998 3389 Κυρίῳ,
1021 3320 1122 3389 μία
1157 3320 1429 3376 καλεῖται.
1454 3321 1615 3391 Φέρει
1644 3322 1753 3391 γὰρ
1789 3322 1885 3375 καὶ

281 3413 374 3481 τῆς
398 3414 667 3468 διακόπου
715 3413 951 3483 μονάδος
989 3413 1177 3467 εἰκόνα
1231 3413 1368 3483 πρὸς
1405 3414 1575 3484 τιμὴν
1607 3414 1700 3466 τοῦ
1731 3430 1885 3482 γενο-

287 3504 437 3573 μένου
490 3505 681 3571 φωτός
704 3520 721 3534 ’
771 3503 890 3572 φῶς
933 3504 1042 3573 γὰρ
1070 3502 1148 3557 ὣν
1172 3503 1377 3568 όΘεὺς,
1426 3508 1523 3557 καὶ
1568 3506 1631 3557 τὸ
1668 3507 1883 3575 πρῶτον

285 3597 562 3662 γενόμενον
598 3594 746 3663 φῶς,
779 3596 877 3647 καὶ
908 3596 1131 3664 πρῶτον
1170 3598 1228 3649 ὲν
1249 3600 1500 3667 γενητοῖς
1526 3596 1713 3659 καλὸν,
1748 3597 1884 3667 πρὸς

305 3686 507 3753 parabo;
546 3687 753 3740 οὐσίαν
797 3686 1100 3740 ὑπόστασιν
1150 3687 1337 3739 λαϐεῖν
1384 3687 1777 3757 όΔημιουργὸς
1815 3687 1883 3739 διο

300 3776 541 3838 καιὼσας.
585 3776 820 3846 ἡμέραν
864 3776 1024 3829 τοῦτο
1066 3777 1194 3847 μίαν
1245 3777 1527 3832 ἐκάλεσεν.
1571 3777 1788 3845 Ταύτην
1825 3776 1883 3830 δὲ

290 3863 374 3914 καί
400 3864 615 3935 ήῄραν
640 3864 851 3934 ὀγδόην
872 3865 1135 3919 ἐκάλεσεν
1163 3868 1189 3919 ό
1210 3866 1424 3936 ψαλμδς
1454 3866 1552 3929 τὴν
1580 3868 1882 3937 μέλλουσαν

284 3950 543 4019 δτροῦσαν
617 3955 1006 4020 κατάστασιν,
1095 3956 1185 4009 διά
1243 3956 1305 4009 τὸ
1358 3956 1463 4023 ἔξω
1519 3957 1733 4011 κεῖσθαι
1790 3957 1885 4010 τοῦ

283 4042 648 4112 ἑϐδοματικοῦ
704 4045 905 4099 τούτου
965 4046 1183 4117 χρόνου,
1250 4043 1384 4101 οὖσα
1448 4048 1549 4117 μία
1609 4048 1697 4101 διὰ
1755 4050 1884 4118 μιᾶς

282 4137 505 4199 εἰκότως
530 4138 935 4203 ἐνεικονίζεται
958 4156 970 4168 ·
1000 4156 1017 4188 ι
1062 4138 1275 4212 Ἡμέρα
1293 4141 1424 4210 γάρ,
1454 4141 1611 4211 φησὶ,
1668 4140 1881 4209 Κυρίου

283 4227 494 4295 μεγάλη
517 4228 624 4280 καὶ
667 4229 984 4298 ἐπιφανήςο
1022 4247 1042 4281 ι
1078 4231 1174 4282 καὶ
1202 4230 1383 4298 πάλιν,
1426 4249 1445 4281 ‹
1493 4231 1654 4302 Ὑμῖν
1690 4230 1886 4302 ἐπιζη-

281 4322 390 4371 τεῖν
409 4320 512 4392 τὴν
540 4322 770 4392 ἡμέραν
824 4320 1056 4393 Κυρίου,
1089 4323 1183 4377 καὶ
1230 4323 1368 4393 αῦτη
1401 4325 1518 4377 ἐστὶ
1556 4325 1769 4389 σκότος.
1790 4326 1886 4378 καὶ

282 4411 339 4462 ob
376 4411 519 4479 φῶς,
561 4429 585 4461 ι
635 4411 804 4480 δῆλον
842 4411 924 4465 ὅτι
947 4415 1060 4477 τοῖς
1108 4413 1367 4478 ἀναξίοις.
1411 4415 1738 4484 Ἀνέσπερον
1776 4413 1884 4486 γάρ

282 4500 372 4551 καὶ
402 4499 779 4570 ἀτελεύτητον
813 4500 915 4571 τὴν
944 4501 1155 4572 ἡμέραν
1186 4503 1401 4572 ἐκείνην
1440 4498 1580 4556 οἶδεν
1603 4506 1630 4557 ὀ
1669 4506 1843 4572 Λόγος
1868 4521 1881 4533 ·

281 4588 490 4659 δήπερ,
523 4590 609 4651 ὡς
634 4590 877 4660 εἴρηται,
907 4592 1002 4645 καὶ
1040 4591 1232 4664 ὀγδόην
1280 4594 1436 4648 καλεῖ
1483 4595 1684 4666 αὐτὴν,
1719 4584 1886 4665 ἄλλην

285 4676 443 4734 ὦσαν
472 4681 737 4752 παρόντα
780 4683 966 4736 τοῦτον
988 4685 1157 4738 αἰῶνα
1182 4702 1195 4715 ⁸
1234 4680 1314 4749 εἷς
1341 4686 1396 4739 δὲ
1431 4688 1522 4739 καὶ
1545 4688 1573 4739 6
1615 4687 1721 4750 πᾶς
1749 4686 1885 4741 αἰὼν

285 4768 363 4823 διὰ
400 4772 619 4841 ταύτης
657 4770 1012 4842 δηλούμενος.
1071 4773 1144 4826 Τὸ
1183 4774 1240 4827 δὲ
1277 4774 1458 4841 λέγειν
1498 4774 1597 4845 τὴν
1637 4758 1893 4844 Γραφὴν,

292 4876 308 4905 ι
339 4859 563 4922 Δξῶνας
602 4858 850 4922 αἰώνων,
903 4878 922 4910 ι
964 4858 1263 4931 διαφόρους
1300 4864 1664 4926 καταστάσεις
1706 4863 1879 4933 δηλοῖ.

282 4947 391 5000 Καὶ
430 4950 614 5003 ταῦτα
645 4950 749 5018 μὲν
785 4951 914 5020 περὶ
941 4950 1165 5007 τούτων.

2073 1856 2240 1911 Simili
2270 1857 2481 1911 ratione
2504 1870 2665 1910 unam
2695 1853 2922 1917 mensis,
2945 1858 3179 1908 ettmam
3210 1846 3577 1903 Sabbatornm

1989 1946 2274 2020 Scriptura
2301 1948 2548 2004 nominat
2576 1948 2826 2016 primam.
2855 1944 3127 1999 Craterum
3148 1942 3259 2012 jam
3294 1950 3406 1994 tum
3438 1954 3579 2010 quo-

1988 2056 2094 2109 que
2122 2041 2262 2094 lucis
2295 2039 2665 2096 substantiam
2702 2037 3039 2107 nuncupavit
3072 2037 3213 2088 dicm
3250 2046 3439 2097 unam,
3473 2045 3577 2086 nec

1987 2140 2169 2187 tamen
2210 2132 2466 2202 primam.
2492 2130 2627 2185 Nam
2659 2136 2897 2186 secunda
2933 2138 2987 2185 et
3016 2126 3177 2182 tertia
3214 2126 3427 2181 numeri
3451 2138 3578 2178 mu-

1988 2226 2248 2280 tationem
2293 2224 2558 2279 inferunt.
2617 2222 2729 2277 Lux
2781 2237 3132 2292 permanens,
3169 2235 3290 2289 quae
3336 2218 3444 2273 diei
3477 2231 3575 2271 no-

1987 2331 2111 2371 men
2135 2316 2328 2371 sortita
2364 2324 2473 2381 est,
2504 2322 2730 2385 prestat
2760 2322 2819 2367 ut
2858 2314 3155 2366 etiamnum
3189 2312 3409 2365 dicatur
3441 2321 3577 2363 una.

1989 2405 2187 2460 Eadem
2214 2405 2418 2460 etenim
2469 2405 2649 2458 adhuc
2698 2402 2953 2458 omnibus
3004 2401 3199 2456 diebus
3236 2401 3378 2454 inest
3433 2398 3576 2455 lucis

1987 2500 2092 2562 vis,
2125 2512 2247 2567 qua).
2291 2512 2322 2551 a
2378 2511 2560 2552 rerum
2619 2494 2924 2566 primordio
2947 2493 3181 2549 exstitit.
3228 2492 3576 2560 Quapropter

1986 2606 2179 2646 omnes
2212 2605 2319 2644 una
2346 2595 2647 2644 censentur
2668 2588 2808 2642 dies.
2859 2585 2997 2640 Nam
3048 2584 3190 2640 Deus
3232 2583 3464 2653 septimo
3487 2583 3578 2638 die

1988 2697 2112 2737 cum
2140 2682 2467 2751 quievisset,
2494 2678 2761 2736 continuo
2790 2677 3025 2733 infertur
3054 2694 3067 2731 :
3101 2695 3121 2728 ‹
3168 2676 3291 2731 Ista:
3318 2681 3447 2731 sunt
3480 2690 3575 2745 go-

1987 2775 2304 2831 nerationcs
2352 2773 2621 2828 cmlorum
2664 2781 2718 2827 et
2767 2779 3098 2837 terrae,eum
3154 2776 3493 2832 crearentur,
3521 2767 3576 2819 in

1988 2866 2096 2931 die,
2130 2880 2255 2919 cum
2275 2863 2483 2919 faceret
2512 2863 2777 2917 Dominus
2800 2861 2943 2917 Deus
2966 2867 3170 2915 terram
3192 2868 3246 2913 et
3272 2856 3445 2912 caelos
3473 2854 3572 2909 η.»

1988 2957 2130 3012 Ecce
2152 2967 2275 3027 post
2334 2956 2476 3011 diem
2528 2954 2822 3026 septimum
2868 2967 3037 3008 unum
3096 2950 3251 3004 illum
3292 2946 3578 3004 vocitavit.

1988 3048 2239 3104 Forsitan
2283 3048 2351 3103 de
2396 3063 2504 3104 uno
2551 3047 2645 3101 illo
2698 3046 2787 3101 die
2824 3054 2878 3101 et
2930 3047 2984 3100 in
3023 3042 3263 3099 Psalmis
3296 3041 3578 3095 habetur:

1994 3158 2013 3192 ι
2049 3138 2150 3194 llic
2180 3148 2265 3194 est.
2295 3139 2436 3205 dies,
2464 3154 2628 3209 quem
2655 3137 2785 3193 fecit
2822 3137 3087 3191 Dominus
3127 3150 3138 3185 :
3176 3126 3579 3189 exsultabimus

1984 3238 2038 3285 et
2060 3230 2365 3285 la3tabimur
2391 3231 2447 3284 in
2474 3244 2541 3285 eo
2559 3230 2625 3282 ³⁷.
2667 3249 2685 3282 ι
2725 3229 2840 3284 Νοιι
2876 3228 2975 3283 abs
2998 3244 3054 3282 re
3090 3226 3268 3295 inquit
3301 3239 3315 3276 :
3349 3240 3367 3274 ι
3401 3222 3577 3287 Quem

1986 3320 2115 3375 fecit
2145 3322 2434 3376 Dominus.
2474 3340 2494 3374 ι
2532 3320 2818 3391 Siquidem
2844 3321 2912 3376 ab
2940 3321 3059 3390 ipso
3092 3318 3325 3372 Domino
3364 3329 3574 3383 cogno-

1985 3428 2108 3467 men
2137 3411 2526 3481 dcsumpturus
2574 3420 2715 3475 erat,
2752 3418 2813 3465 ut
2853 3412 3133 3465 diceretur
3171 3407 3288 3462 dies
3333 3404 3578 3459 Domini-

1984 3520 2103 3569 eus,
2132 3514 2390 3572 tanquam
2420 3504 2522 3558 soli
2552 3501 2782 3556 Domino
2812 3507 3169 3556 consecratus
3209 3507 3263 3553 et
3292 3497 3578 3551 dedicatus

1987 3594 2058 3648 sit
2096 3595 2183 3647 ille
2210 3609 2358 3649 unus
2401 3594 2543 3647 dies.
2569 3592 2946 3645 Adumbratur
2972 3590 3136 3643 etiam
3196 3587 3286 3642 hic
3329 3584 3583 3640 indivisi-

1984 3684 2111 3739 bilis
2155 3682 2385 3737 unitatis
2417 3680 2722 3737 similitudo
2742 3691 2794 3734 et
2822 3682 2999 3749 imago
3021 3678 3297 3748 quaedam,
3330 3675 3582 3745 utmagis

1988 3771 2290 3824 honorctur
2340 3770 2431 3824 lux
2488 3781 2693 3824 creata.
2730 3767 2863 3822 Nam
2916 3783 3038 3821 cum
3086 3767 3229 3821 Deus
3269 3780 3459 3820 revera
3504 3765 3580 3818 sit

1984 3861 2100 3923 lux,
2136 3871 2188 3915 et
2212 3862 2300 3914 lux
2336 3861 2515 3930 primo
2569 3860 2641 3913 sit
2691 3860 2860 3922 facta,
2890 3866 2943 3911 et
2973 3857 3148 3927 primo
3168 3871 3388 3925 quoque
3411 3869 3576 3924 appa-

1986 3954 2159 4008 ruerit
2188 3952 2438 4021 pulchra,
2498 3952 2740 4021 respexit
2778 3950 2998 4006 divinus
3053 3947 3245 4018 Opifex
3296 3947 3485 4001 mundi
3509 3946 3621 4000 ad\

1986 4043 2215 4098 unitatis
2240 4044 2560 4103 essentiam,
2594 4058 2717 4097 cum
2771 4042 3070 4113 appellaret
3129 4041 3366 4111 primum
3409 4038 3580 4105 diem,

1986 4139 2127 4193 diem
2164 4153 2351 4192 unum.
2376 4137 2646 4191 Eumdem
2708 4137 2852 4191 dicm
2884 4136 3137 4191 Psalmns
3170 4134 3405 4205 appellat
3429 4140 3584 4186 octa-

1987 4244 2138 4290 vum,
2177 4235 2234 4281 ut
2264 4227 2358 4297 qui
2386 4226 2657 4295 signiﬁcet
2707 4235 2929 4279 aeterna:
2977 4226 3120 4290 vitm,
3151 4240 3269 4293 qua:
3294 4232 3414 4293 post
3438 4222 3585 4275 hunc

1986 4318 2250 4374 mundum
2280 4327 2507 4374 ventura
2565 4326 2672 4385 est,
2716 4319 2969 4371 formam.
3010 4317 3138 4369 Eam
3189 4330 3319 4371 vero
3349 4315 3473 4369 ideo
3498 4328 3586 4369 re-

1988 4420 2305 4483 praesentat,
2338 4412 2467 4480 quia
2512 4410 2829 4465 octonarius
2862 4418 3013 4465 extra
3049 4407 3416 4479 septenarium
3441 4407 3582 4461 situs

1918 4538 1962 4592 1)
1989 4513 2093 4564 est,
2131 4520 2367 4573 eumque
2414 4503 2633 4557 excedit
2667 4518 2794 4556 uno.
2839 4501 3074 4557 Proinde
3123 4500 3267 4555 haud
3303 4500 3583 4554 immerito

1994 4610 2189 4649 novam
2220 4610 2401 4649 rerum
2426 4596 2672 4649 Omnium
2705 4594 3157 4650 constitutionem
3186 4605 3581 4647 successuram

1992 4686 2119 4739 huic
2150 4686 2349 4740 smeulo
2404 4701 2499 4755 per
2544 4700 2740 4751 unum,
2797 4684 2955 4754 quasi
2997 4683 3100 4737 sub
3133 4681 3367 4751 imagine
3392 4687 3583 4735 nostro

1989 4776 2292 4831 intellectui
2327 4776 2541 4845 ingerit.
2570 4776 2662 4831 Sic
2694 4791 2820 4832 vero
2841 4775 3005 4829 habet
3041 4772 3329 4843 Scriptura
3356 4788 3371 4824 :
3408 4790 3427 4822 ε
3455 4770 3580 4825 Dies

1988 4869 2133 4921 enim
2199 4867 2415 4921 Domini
2471 4883 2705 4937 magnus
2735 4876 2789 4922 et
2836 4868 3085 4922 illustris.
3137 4886 3156 4917 ι
3202 4864 3271 4919 Ει
3338 4864 3574 4918 iterum:

1988 4976 2008 5008 ι
2048 4957 2139 5013 Vae
2168 4958 2610 5013 desiderantibus
2667 4960 2809 5015 diem
2845 4958 3101 5018 Domini:
3150 4959 3217 5012 ad
3253 4954 3382 5025 quid
3422 4953 3571 5008 enim

284 5036 383 5088 istc
406 5037 598 5101 nobis,
624 5052 755 5090 cum
791 5038 911 5093 dies
938 5036 1150 5093 Domini
1175 5040 1352 5109 caligo
1373 5041 1445 5095 sit
1474 5048 1528 5096 et
1560 5058 1666 5097 non
1688 5043 1776 5095 lux
1802 5042 1866 5097 ³³.
1900 5064 1918 5095 ι
1960 5045 2066 5101 Sed
2104 5048 2365 5103 nimirum
2421 5050 2608 5117 impiis
2639 5050 2899 5104 horridus
2944 5049 3179 5118 caligine
3249 5044 3571 5100 imminebit.

289 5127 443 5183 llunc
474 5130 630 5184 diem
690 5127 978 5198 Scriptura
1019 5134 1271 5201 agnoscit
1311 5133 1521 5203 absque
1567 5150 1793 5204 vespera
1826 5146 1879 5189 et
1918 5139 2024 5193 ﬁne
2054 5149 2357 5194 carentem.
2413 5139 2759 5211 Quapropter
2819 5141 3106 5196 octonario
3183 5151 3413 5192 numero
3476 5133 3576 5190 de-

286 5229 645 5288 terminatur,
701 5235 763 5278 ut
793 5227 888 5296 qui
937 5226 1095 5297 longe
1127 5228 1270 5282 alius
1310 5227 1400 5291 sit,
1435 5244 1597 5299 quam
1668 5246 1911 5299 μνιιεεριιε
1950 5232 2053 5288 hoc
2088 5235 2372 5289 Saeculum.
2395 5234 2629 5289 Necnon
2661 5252 2827 5288 unum
2854 5231 3210 5302 portendit,si
3280 5231 3578 5299 Scriptura:

284 5318 933 5383 credimus,unircrsum
955 5320 1388 5376 saeculunn.Nam
1412 5324 1555 5392 quod
1594 5323 1876 5395 Scriptura
1916 5343 2060 5397 saepe
2099 5330 2171 5381 ait
2206 5347 2219 5383 :
2256 5348 2273 5380 ‹
2312 5327 2519 5385 Smcula
2547 5331 2903 5392 saeculorum,
2936 5346 2954 5379 ι
3021 5338 3159 5389 etc.,
3208 5325 3458 5380 diversas
3525 5336 3581 5381 et

282 5416 466 5470 varias
492 5416 932 5471 constitutiones
982 5433 1165 5473 rerum
1222 5418 1473 5473 denotat.
1506 5420 1572 5474 Et
1603 5421 1716 5475 haec
1756 5422 1975 5493 quidem
2016 5424 2083 5479 de
2126 5425 2233 5480 his.

350 5505 418 5557 ΟΞ
474 5504 537 5557 δὲ
594 5504 825 5575 πρώτην
852 5502 991 5559 εἶναι
1030 5507 1127 5577 τὴν
1166 5506 1339 5560 νύκτα
1385 5506 1722 5581 βουλόμενοι,
1761 5512 1880 5565 ἀντὶ

280 5593 376 5647 τοῦ
400 5595 639 5657 σκότους
673 5595 772 5662 τὴν
788 5596 1029 5664 ἑσπέραν
1054 5596 1305 5667 εἰρῆσθαί
1345 5616 1532 5667 φασιν,
1564 5600 1684 5653 ἀντὶ
1708 5601 1763 5654 δὲ
1785 5603 1877 5655 τοῦ

282 5685 461 5753 ξωτος
488 5687 555 5739 τὸ
587 5686 757 5755 πρωΐ.
807 5686 1025 5757 Ἐπειδὴ
1069 5688 1164 5741 καὶ
1208 5690 1446 5762 ἑσπέραν
1478 5691 1753 5760 καλοῦμεν
1781 5696 1881 5764 τῆς

283 5777 479 5840 τακτὸς
501 5778 605 5846 τὴν
639 5779 841 5849 ἀρχὴν,
876 5779 971 5833 καὶ
1012 5779 1157 5851 πρωῒ
1184 5782 1518 5839 τούναντίον.
1566 5784 1653 5847 Ὡς
1685 5785 1877 5852 εἰπὼν,

350 5952 395 5986 ³⁸
423 5957 570 6014 Gen.
610 5974 671 6025 ιι,
710 5961 761 6015 ι.

841 5959 886 5991 ³⁷
912 5956 1060 6017 Psal.
1084 5977 1249 6029 εις-ιι,
1280 5963 1368 6018 24.
1448 5965 1492 5996 ³³
1523 5964 1708 6021 Amos.
1745 5981 1797 6031 v,
1830 5965 1914 6021 18.

2060 5512 2164 5580 Qui
2194 5513 2333 5569 hanc
2361 5514 2685 5571 sententiam
2715 5521 2920 5575 tenent,
2960 5520 3017 5567 ut
3075 5512 3178 5567 sibi
3215 5512 3574 5582 persuadeant

1991 5618 2205 5659 noctem
2236 5606 2597 5661 antevertissc
2647 5604 2815 5669 diem,
2849 5605 3199 5660 tenebrarum
3230 5605 3351 5658 loco
3379 5617 3572 5672 vespe—

1992 5709 2105 5749 ram
2135 5695 2367 5765 positam
2426 5694 2751 5762 ariolantur,
2788 5702 2843 5749 et
2900 5693 3020 5749 loco
3064 5693 3205 5747 lucis
3242 5708 3401 5751 mane
3432 5691 3571 5747 scri-

1989 5795 2142 5856 ptum
2200 5786 2715 5842 conuninismtutur.
2774 5785 3066 5858 Vesperam
3110 5785 3254 5842 enim
3310 5797 3571 5839 vocamus
