4002 6424
425 416 522 510 ’³3
738 483 756 496 ρ
1747 453 2024 514 PROCOI

2133 451 2380 513 GAzm
2663 453 2670 459 ·
2803 466 2808 470 -
3633 445 3698 512 ot

443 551 622 613 noctis
647 549 977 624 principium
1013 569 1026 606 :
1065 560 1119 608 ct
1147 565 1310 608 mane
1362 552 1479 608 sive
1507 552 1810 612 diluculum
1845 565 2024 612 matu-

2131 556 2318 626 φασιν,
2341 555 2424 609 ὅτι
2453 554 2572 608 κατ’
2597 551 2774 624 ἀρχὰς
2804 553 3023 620 ἐγένετο
3054 551 3268 618 σκότος,
3305 552 3444 624 μετά
3471 552 3530 608 δὲ
3551 555 3698 624 τοῦτο

421 644 619 700 .tinum
677 645 1028 700 nominamus
1085 643 1190 699 diei
1230 643 1470 699 initium.
1516 645 1610 700 Sic
1657 645 1825 717 igitur
1855 648 2027 704 inter-

442 743 731 808 pretantur
764 736 928 791 verba
959 735 1150 801 Mosis,
1179 735 1272 790 illa
1305 737 1474 792 verba
1501 737 1854 808 azquipollere
1888 737 1977 794 his
2008 757 2020 793 :

443 829 498 882 in
537 827 813 898 principio
845 827 1019 881 factas
1046 841 1169 882 esse
1197 827 1474 892 tenebras,
1511 838 1564 882 et
1589 845 1654 884 ex
1681 829 1768 884 his
1800 830 2022 886 demum

443 919 736 974 exsiluisse
764 919 962 975 lucem.
996 917 1128 972 Nam
1163 919 1420 976 tenebras
1471 922 1649 976 noctis
1689 922 2025 978 sustinuisse

441 1009 618 1064 vicem
655 1026 668 1061 :
700 1017 752 1064 et
781 1009 976 1063 deinde
1026 1009 1226 1074 lucem,
1274 1027 1396 1080 qua-
1433 1011 1539 1067 diei
1568 1011 1859 1082 perfecerit
1886 1020 2027 1066 tem-

443 1117 567 1172 pus,
589 1101 890 1156 induxisse.
912 1101 980 1155 Et
1007 1110 1289 1172 propterea
1317 1103 1521 1159 Mosem
1549 1105 1756 1160 dixisse
1785 1122 1800 1160 :
1826 1123 1844 1156 ι
1869 1104 2026 1158 Fuit-

442 1209 548 1264 que
584 1207 806 1262 vespera
860 1191 1070 1261 fuitque
1109 1209 1288 1262 mane,
1333 1213 1352 1248 ι
1392 1196 1817 1258 ete.,volentem
1843 1195 2028 1250 dicere

441 1292 681 1352 tempus,
711 1299 819 1351 quo
846 1283 1050 1338 fuerint
1082 1287 1342 1352 tenebrae,
1363 1288 1658 1343 anteivisse
1695 1288 1854 1355 quasi
1875 1301 2030 1358 qua:-

443 1373 565 1427 dam
596 1389 703 1428 nox
759 1390 789 1428 a
835 1390 1062 1444 vespera
1087 1375 1302 1430 initiqu
1340 1385 1552 1446 petens.
1582 1376 1681 1432 Ubi
1716 1385 1895 1433 autem
1931 1378 2026 1432 lux

443 1471 632 1517 exorta
664 1471 770 1527 est,
795 1463 912 1520 dies
970 1465 1216 1534 quietiam
1265 1467 1539 1536 apparuit,
1571 1468 1725 1536 quasi
1756 1482 1823 1522 ex
1843 1475 2027 1522 matu-

444 1553 562 1606 tino
584 1561 829 1622 tempore
864 1553 980 1610 sive
1009 1571 1172 1611 mane
1220 1571 1539 1626 prorepens.
1570 1557 1738 1613 Recte
1770 1573 1902 1614 vero
1926 1575 2027 1616 no—

446 1658 572 1698 men
612 1660 642 1698 a
694 1646 1126 1715 prazdominante
1186 1655 1420 1704 tractum
1474 1651 1756 1720 imposuit,
1794 1659 1850 1706 et
1876 1651 2019 1706 diem

445 1749 617 1789 unum
653 1739 886 1793 vocavit.
920 1737 1052 1793 Nam
1105 1739 1196 1795 lux
1252 1757 1375 1797 eum
1418 1742 1641 1796 cursum
1675 1743 2020 1812 absolvebat,

445 1841 608 1894 quem
656 1843 804 1884 nunc
861 1829 943 1885 sol
1005 1831 1237 1902 peragit.
1283 1831 1348 1886 Et
1379 1840 1438 1886 ut
1483 1843 1682 1889 nostrae
1713 1835 2021 1901 sententiae,

445 1917 623 1981 aiunt,
671 1921 840 1975 robur
897 1923 1202 1987 accederet,
1257 1931 1312 1978 et
1358 1925 1512 1994 quasi
1572 1925 2017 1994 conﬁrmaretur,

444 2006 626 2078 primo
684 2011 936 2066 meminit
999 2012 1176 2070 Muses
1215 2015 1590 2080 tenebrarum,
1623 2024 1678 2071 et
1711 2023 1899 2088 postea
1925 2017 2022 2072 de-

443 2115 592 2152 mum
631 2101 932 2158 invaluisse
964 2103 1139 2159 lucem
1180 2105 1530 2162 determinat.
1556 2107 1688 2162 Nam
1716 2123 1826 2162 non
1855 2123 2024 2178 nega-

444 2204 592 2250 mus,
619 2189 894 2260 inquiunt,
925 2191 1036 2247 imo
1074 2193 1402 2250 conﬁtemur
1435 2196 1610 2252 lucem
1656 2196 2021 2268 potentiorem

445 2295 570 2336 esse
598 2281 838 2338 tenebris
865 2299 881 2336 :
912 2299 1098 2338 verum
1136 2284 1190 2339 in
1237 2284 1487 2342 Mosaicae
1512 2289 1849 2344 narrationis
1883 2303 2022 2343 con-

445 2380 593 2427 textu
627 2372 880 2429 videmus
931 2375 1118 2444 priore
1172 2376 1296 2430 loco
1332 2379 1592 2433 tenebras
1633 2393 1758 2435 esse
1787 2379 2022 2443 locatas,

446 2459 608 2514 sicuti
669 2461 775 2530 1⁸1
830 2464 1125 2520 creationis
1173 2465 1310 2521 ordo
1379 2469 1709 2538 postulabat.
1751 2468 2022 2523 Prmterea

447 2549 735 2620 Scriptura
770 2567 931 2609 saera
983 2555 1127 2610 diem
1159 2572 1189 2610 a
1219 2573 1440 2626 vespera
1465 2569 1589 2630 post
1629 2560 1763 2616 solis
1805 2560 2022 2616 demum

445 2653 704 2696 occasum
736 2644 1042 2712 exorditur,
1075 2663 1174 2702 nec
1207 2664 1234 2701 a
1269 2652 1542 2706 matutino
1600 2661 1866 2722 tempore,
1914 2666 2028 2723 quo

446 2732 529 2784 sol
556 2734 824 2800 exoritur,
854 2735 1000 2792 diem
1051 2740 1390 2810 auspicatur.
1427 2743 1486 2798 ld
1525 2747 1720 2800 merito
1774 2745 2024 2816 quidem.

339 2905 346 2913 .
443 2819 579 2876 Nam
636 2827 812 2896 primo
841 2831 1059 2886 condita
1118 2841 1202 2889 est
1241 2835 1438 2904 caligo,
1467 2852 1589 2906 qua
1629 2838 1811 2894 noctis
1848 2838 2024 2894 vicem

444 2919 740 2982 pra-stabat
760 2929 840 2974 :et
867 2928 981 2976 tum
1011 2924 1228 2977 demum
1250 2929 1516 2982 successit
1535 2928 1671 2993 dies,
1707 2929 1802 2998 qui
1829 2929 2027 2984 deinde

445 3019 665 3076 quoque
697 3009 762 3063 ad
781 3024 1039 3068 occasum
1059 3013 1362 3072 festinavit.
1385 3019 1682 3074 Adducunt
1711 3027 1766 3074 et
1793 3019 2028 3089 Aposto-

445 3095 556 3150 lum
579 3108 794 3166 testem,
835 3104 932 3172 qui
961 3104 1036 3158 ait
1064 3121 1080 3158 ε
1120 3125 1138 3156 ‹
1173 3105 1394 3162 Noctem
1425 3115 1478 3160 et
1498 3107 1642 3161 diem
1669 3108 1722 3161 in
1752 3107 2033 3177 profundo-

443 3187 528 3258 egi
568 3189 680 3242 ³³2»
715 3191 784 3245 At
815 3191 905 3247 hic
924 3194 1076 3250 locus
1097 3196 1314 3251 illorum
1341 3198 1652 3267 Opinionem
1676 3215 2022 3268 nequaquam

443 3280 773 3340 conﬁrmare
809 3293 1009 3355 potest.
1052 3287 1187 3342 Nam
1242 3288 1444 3346 Paulus
1475 3301 1868 3346 commemorat
1891 3298 2029 3346 tem~

2128 649 2189 703 τὸ
2216 647 2331 718 φῶς
2354 689 2368 713 ,
2405 647 2481 710 ὡς
2507 645 2760 699 ἐντεῦθεν
2788 644 2851 697 τὺ
2895 645 2996 715 μὲν
3026 643 3220 706 σκότος
3250 643 3488 714 φανῆναι
3517 647 3698 710 νυκτός

2125 754 2272 798 τινος
2319 736 2475 802 τάξιν
2522 735 2850 806 ἐπεσχηκδς,
2906 735 2966 788 τὺ
3015 733 3073 788 δὲ
3124 735 3242 804 φῶς
3299 735 3510 807 ἡμέρας
3565 737 3697 802 τινὸς

2127 827 2429 896 πληρῶσαν
2469 825 2684 897 καιρὸν,
2731 827 2982 895 ἐπήγαγε
3019 825 3100 888 τὸ,
3141 845 3161 878 ι
3209 827 3459 894 Ἐγένετο
3502 826 3698 900 ἑσπέρα

2127 917 2221 970 καὶ
2252 915 2470 985 ἐγένετο
2505 917 2653 986 πρωΐ
2673 933 2688 947 ο
2728 935 2748 969 ι
2787 916 2953 969 οἱονεὶ
2991 914 3168 986 δηλῶν
3195 915 3272 979 ὡς
3304 915 3524 982 ἐγένετο
3556 916 3644 986 μὲν
3667 919 3697 970 ό

2124 1005 2220 1060 τοῦ
2257 1007 2485 1068 σκότους
2515 1006 2712 1077 καιρὸς
2739 1006 2929 1078 ὥσπερ
2963 1025 3049 1071 τις
3078 1007 3176 1073 νὺξ
3216 1009 3308 1078 ἀφ’
3334 1010 3574 1080 ἑσπέρας
3608 1010 3696 1081 ἆρ-

2127 1098 2320 1168 χεσθαι
2342 1101 2586 1152 εἰωθυῖα.
2625 1099 2781 1154 Μετὰ
2823 1099 2884 1153 τὸ
2926 1100 3182 1168 γενέσθαι
3230 1101 3369 1171 φῶς,
3413 1102 3597 1173 ἡμέρα
3623 1120 3698 1167 τις

2125 1188 2281 1260 ὤφθη
2309 1189 2576 1262 γενομένη
2600 1192 2663 1244 ἐκ
2684 1191 2899 1262 πριοῖας
2930 1190 3196 1262 ἄρχεσθαι
3228 1191 3524 1263 πεφυκυῖα.
3552 1192 3695 1246 Εἰκό-

2125 1296 2234 1343 τως
2258 1276 2353 1334 οὖν
2391 1281 2523 1352 μίαν
2551 1281 2768 1354 ἡμέραν
2792 1281 3018 1336 ἐκάλεσε
3047 1284 3457 1353 συναμφότερον
3480 1283 3586 1337 ἀπὸ
3612 1283 3696 1336 τοῦ

2125 1370 2222 1425 νῦν
2255 1373 2682 1443 ἐπικρατοῦντος
2703 1389 2717 1404 ο
2759 1373 2850 1427 τὸν
2879 1373 2989 1443 γὰρ
3024 1373 3184 1426 αὐτὸν
3213 1373 3412 1444 δρόμον
3455 1373 3700 1427 ἀπετέλει

2123 1462 2186 1516 τὸ
2213 1464 2328 1532 φῶς
2357 1463 2527 1536 ὅνπερ
2550 1463 2700 1534 ἥλιος
2727 1463 2844 1518 νῦν.
2878 1465 3100 1534 Πρῶτον
3131 1461 3243 1524 οὖν.
3274 1465 3464 1533 φασὶν,
3501 1460 3620 1517 εἶπε
3641 1466 3702 1518 τὸ

2127 1553 2340 1618 σκότος,
2374 1547 2494 1606 εἶτα
2515 1552 2616 1622 τὴν
2645 1552 2739 1606 τοῦ
2774 1554 2954 1623 φωτὸς
2979 1554 3361 1625 ἐπικράτειαν.
3389 1555 3451 1607 Ei
3484 1554 3594 1625 γὰρ
3613 1555 3705 1613 καὶ

2126 1649 2376 1716 κρεῖττον
2425 1646 2488 1699 τὸ
2531 1645 2668 1714 φῶς,
2715 1646 2830 1699 ἀλλ’
2865 1642 2962 1700 οὖν
3008 1648 3067 1700 οὗ
3119 1649 3528 1718 προτέτακται·
3574 1646 3704 1717 ἐφύ-

2125 1737 2253 1804 λαξε
2282 1737 2338 1791 δὲ
2363 1737 2548 1802 αὐτοῖς
2567 1739 2667 1807 τῆς
2687 1737 3056 1809 δημιουργίας
3084 1739 3186 1808 τὴν
3215 1738 3370 1806 τάξιν
3397 1755 3411 1768 ο
3438 1738 3707 1807 λογίζεται

2126 1829 2236 1899 γὰρ
2271 1829 2304 1898 ἡ
2349 1827 2539 1900 Γραφὴ
2585 1827 2685 1900 τὴν
2725 1828 2939 1901 ἡμέραν
2982 1830 3078 1898 ἀφ’
3124 1829 3367 1900 ἑσπέρας
3404 1829 3709 1898 ἀρχομένης

2134 1920 2255 1991 μεθ’
2277 1919 2428 1992 ἡλῐου
2463 1919 2701 1990 δυσμὰς,
2730 1921 2831 1974 οὐκ
2869 1921 2978 1974 ἀπὸ
3000 1919 3094 1974 τοῦ
3127 1919 3225 1990 τῆς
3253 1919 3329 1973 ἐω
3359 1917 3554 1991 καιροῦ
3585 1919 3708 1972 καθ’

2127 2011 2186 2064 δν
2227 2011 2468 2082 ἀνίσχειν
2503 2011 2620 2064 ἐστὶ
2662 2011 2754 2065 τὸν
2796 2011 2968 2082 ἥλιον,
3013 2010 3206 2083 ἐπειδὴ
3257 2011 3476 2081 πρῶτον
3518 2010 3708 2079 γέγονε

2127 2100 2322 2164 νυκτὸς
2347 2099 2502 2165 τάξιν
2529 2100 2652 2170 ἔχον
2687 2099 2750 2154 τὸ
2777 2101 2990 2168 σκότος,
3021 2102 3116 2155 καὶ
3145 2102 3286 2172 μετὰ
3317 2101 3480 2154 τοῦτο
3501 2100 3562 2154 τὸ
3595 2101 3712 2170 φῶς

2127 2189 2156 2242 ὃ
2192 2189 2294 2259 τὴν
2334 2187 2549 2260 ἡμέραν
2585 2189 2966 2259 ἐργασάμενον
3017 2188 3246 2256 ἀφίκετο
3295 2187 3432 2258 πρὸς
3473 2184 3708 2256 δυσμάς.

2127 2281 2514 2352 Μαρτύρονται
2574 2281 2632 2335 δὲ
2699 2281 2794 2334 καὶ
2868 2281 2962 2335 τὸν
3042 2279 3368 2334 Ἀπόστολον
3437 2279 3659 2347 λέγοντα
3687 2293 3714 2308 -

2135 2386 2155 2420 ι
2185 2369 2547 2441 Νυχθὴμερον
2577 2371 2634 2424 ἐν
2667 2369 2744 2440 τῷ
2781 2369 2926 2440 βυθῷ
2963 2371 3263 2442 πεποίηκα,
3310 2388 3330 2422 ι
3360 2371 3498 2442 ὅπερ
3525 2369 3589 2423 οὐ
3616 2367 3717 2438 βέ-

2131 2463 2284 2518 ϐαιον
2331 2464 2410 2525 εις
2445 2462 2547 2532 τὴν
2598 2463 2895 2529 ἀπόδειξιν.
2950 2465 3016 2517 Τί
3062 2463 3194 2536 γὰρ,
3236 2467 3321 2519 δτι
3370 2463 3467 2518 τοῦ
3515 2464 3719 2534 χρόνου

2129 2552 2279 2621 λέγει
2309 2551 2408 2624 τὴν
2453 2551 2607 2617 τάξιν
2645 2553 2770 2606 καθ’
2806 2554 2874 2624 ἡν
2912 2553 3064 2624 αὐτῷ
3101 2554 3293 2624 γέγονε
3332 2553 3394 2608 τὸ
3425 2554 3722 2622 ναυάγιον,

2127 2644 2204 2708 ὡς
2233 2643 2547 2716 ἀρχομένης
2583 2644 2779 2709 νυκτδς
2809 2645 3073 2718 ῥαγείσης
3104 2645 3253 2718 αὐτῷ
3284 2647 3384 2716 τῆς
3407 2645 3565 2709 νεὼς,
3593 2638 3722 2698 εἷτα

2129 2735 2499 2790 διατελέσαντι
2519 2735 2612 2788 καὶ
2639 2735 2739 2808 τὴν
2769 2736 2856 2791 ἐπ’
2881 2737 3018 2808 αὐτῇ
3045 2739 3346 2809 γενομένην
3373 2737 3474 2808 τὴν
3497 2736 3722 2808 ἡμέραν

2132 2830 2189 2882 ἐν
2221 2827 2300 2898 τῷ
2333 2825 2515 2898 βυθῷ;
2565 2824 2699 2882 Εἶτα
2727 2827 3064 2899 προφέρουσι
3097 2829 3201 2882 τῶν
3240 2828 3444 2900 ἑορτῶν
3470 2827 3560 2882 τὸν
3585 2845 3730 2882 και-ι

2133 2919 2250 2990 ρὸν,
2281 2918 2377 2972 καὶ
2405 2919 2488 2972 ὅτι
2526 2918 2668 2972 κατά
2700 2917 2792 2971 τὸν
2820 2919 2923 2988 τῆς
2966 2919 3164 2984 νυκτὸς
3201 2921 3236 2974 δ’
3264 2919 3472 2992 Κύριος
3511 2919 3722 2988 ἀνέστη

2131 3010 2343 3080 καιρὸν,
2389 3009 2466 3074 ὡς
2509 3010 2568 3064 ἐν
2605 3011 2742 3082 αὐτῇ
2783 3015 2849 3083 τῇ
2902 3011 3003 3084 μιᾷ
3046 3013 3231 3084 ἡμέρᾳ
3275 3012 3375 3084 τὴν
3415 3011 3738 3066 ἀνάστασιν

2131 3102 2532 3174 ἐργαζόμενοςο
2574 3103 2722 3165 ὅπως
2761 3103 2819 3154 ἐν
2859 3096 3007 3177 ᾗπερ
3053 3102 3126 3156 τά
3161 3103 3356 3173 πρῶτα
3395 3101 3740 3171 γεγένηται»

2134 3197 2228 3250 καὶ
2265 3197 2298 3268 ἡ
2329 3195 2439 3249 τῶν
2482 3195 2702 3250 πάντων
2738 3195 3021 3260 ἀνάκτισις
3050 3197 3300 3268 γένηται.
3337 3195 3502 3251 Ὅθεν
3546 3194 3621 3258 ὡς
3653 3195 3746 3246 ἐνί

2131 3287 2216 3360 τῷ,
2233 3289 2411 3360 σκότῳ
2446 3289 2667 3343 πάντων
2697 3291 3032 3358 γεγονότων,
3065 3285 3186 3344 εἶτα
3223 3289 3322 3344 τοῦ
3368 3288 3545 3359 φωτὸς
3586 3289 3744 3340 ἐπι*

442 3373 596 3442 poris
627 3377 870 3441 modum,
901 3393 1010 3448 quo
1047 3379 1395 3451 naufragium
1446 3397 1648 3452 passus
1700 3392 1805 3448 est,
1867 3383 2024 3453 quasi

2130 3382 2524 3454 λαμϐάνοντος,
2556 3383 2853 3454 ἐργάζεται
2892 3381 2992 3452 μὲν
3024 3382 3081 3436 ἐν
3127 3381 3205 3452 τῷ
3250 3381 3426 3451 σκότῳ
3458 3380 3556 3449 τὴν
3586 3377 3730 3432 ἀνά-

442 3466 600 3520 navis
663 3467 878 3541 dirupta
945 3471 1018 3527 sit
1068 3473 1122 3528 vi
1186 3474 1457 3528 undarum
1509 3474 1922 3531 intendentibus
1967 3490 2024 3529 se

2130 3492 2338 3540 στασιν,
2364 3473 2607 3528 δείκνυσι
2643 3474 2703 3528 δὲ
2745 3473 2916 3544 αὐτὴν
2945 3473 3046 3544 τῆς
3074 3473 3288 3544 ἡμέρας
3321 3468 3744 3537 ἐπιλαϐούσης.-

439 3559 622 3615 noctis
650 3563 934 3632 tenebris;
982 3565 1262 3622 deindein
1292 3583 1355 3623 ea
1412 3570 1866 3640 perseveraverit,
1904 3586 2028 3640 quae
2068 3571 2121 3623 in
2152 3569 2428 3642 profundo
2476 3570 2740 3634 haerebat,
2791 3577 2970 3625 totum
3052 3569 3220 3623 diem.
3311 3565 3608 3621 Proferuut
3659 3571 3734 3617 et

440 3645 707 3707 festonum
759 3662 1002 3722 tempora
1034 3697 1047 3720 ,
1079 3664 1139 3710 ut
1182 3659 1264 3712 vel
1320 3659 1446 3715 imle
1484 3675 1599 3716 sua:
1655 3661 1902 3731 Opinioni
1938 3661 2177 3731 aliquam
2217 3660 2376 3714 ﬁdem
2429 3659 2746 3715 concilient.
2804 3659 2909 3716 Sed
2979 3676 3080 3715 nec
3125 3661 3208 3715 sic
3271 3673 3462 3713 eorum
3521 3653 3760 3726 opinio-

438 3737 588 3796 vires
608 3745 864 3814 acquirit,
921 3755 982 3801 ut
1049 3763 1215 3820 supra
1275 3750 1552 3808 dedimus.
1584 3754 1652 3807 Et
1695 3762 1754 3808 ut
1803 3768 2022 3808 omnem
2064 3760 2318 3806 moveant.
2344 3753 2602 3824 lapidem,
2643 3767 2820 3823 neque
2851 3753 3152 3823 quidquam
3227 3754 3556 3806 intentatum
3627 3763 3737 3804 re-

437 3829 714 3901 linquant,
746 3849 961 3906 tempus
1004 3843 1436 3898 resurrectionis
1470 3844 1820 3914 depromunt.
1849 3844 1987 3900 Nam
2027 3858 2150 3899 cum
2191 3846 2242 3899 in
2281 3860 2392 3900 una
2417 3845 2721 3917 eademque
2750 3845 3080 3908 die,verum.
3096 3855 3288 3909 noctu,
3325 3841 3733 3906 resurrexerit,

439 3924 678 3981 allusum
711 3945 835 3985 esse
862 3931 928 3986 ad
963 3933 1194 4004 primam
1218 3951 1401 3991 rerum
1441 3941 1799 4006 creationem,
1827 3941 1920 3996 ubi
1955 3957 2018 3996 ex
2062 3941 2308 3998 tenebris
2367 3942 2583 3998 scilicet
2643 3941 3023 3998 coruscaverit
3066 3941 3182 4006 lux,
3233 3954 3340 3995 non
3424 3953 3587 3995 secus
3653 3947 3747 3993 ut

439 4025 713 4092 processit
769 4025 1023 4086 Christus
1081 4047 1146 4086 ex
1201 4034 1458 4102 sepulcro
1507 4037 1560 4089 in
1591 4036 1728 4106 ipsis
1761 4038 2004 4095 tenebris
2045 4055 2338 4112 resurgens
2369 4039 2550 4096 noctis
2614 4047 2668 4095 et
2701 4053 2888 4095 rerum
2978 4039 3222 4093 omnium
3314 4037 3756 4108 reparationem

441 4128 498 4172 et
529 4125 988 4182 restaurationem
1025 4127 1313 4187 inducens.
1345 4132 1539 4203 igitur,
1571 4135 1731 4204 quasi
1763 4151 1956 4192 omnes
2003 4137 2057 4192 in
2113 4136 2360 4192 tenebris
2425 4143 2738 4204 versentur,
2805 4141 2976 4191 noctu
3029 4148 3314 4204 resurgere
3355 4131 3546 4188 voluit.
3607 4127 3744 4185 Re-

441 4215 840 4272 surrectiouem
910 4237 1040 4277 vero
1103 4239 1258 4280 suam
1291 4235 1479 4282 exorta
1507 4227 1631 4283 luce
1655 4228 1936 4286 evidenter
1964 4231 2036 4286 ob
2059 4231 2248 4286 oculos
2292 4231 2497 4302 posuit.

511 4310 680 4367 Vens.
713 4311 767 4368 6.
823 4311 890 4366 Et
941 4314 1078 4370 dixit
1133 4317 1316 4375 Deus:
1365 4318 1493 4374 Fiat
1535 4321 1936 4389 ﬁrmamentum
1968 4325 2024 4378 in

443 4403 616 4458 medio
641 4423 926 4476 aquarum,
967 4417 1016 4463 et
1053 4409 1220 4480 faciat
1249 4412 1651 4467 distinctionem
1683 4414 1820 4467 inter
1854 4432 2022 4486 aquas

443 4507 494 4552 et
529 4514 716 4568 aquas.
755 4497 988 4566 Quidam
1037 4501 1255 4558 inﬁcias
1289 4515 1448 4572 eunt,
1500 4505 1590 4561 hic
1632 4506 1862 4562 secundi
1895 4507 2025 4563 εαξιί

445 4590 856 4657 generationem
895 4592 1140 4666 depingi.
1177 4595 1508 4654 Existimant
1535 4606 1862 4667 praesentem
1898 4614 2024 4653 ver-

445 4677 640 4732 borum
690 4680 890 4735 seriem
945 4697 1070 4738 esse
1128 4685 1539 4739 breviusculam
1580 4686 1732 4749 caeli,
1785 4687 1852 4741 de
1912 4701 2022 4756 quo

443 4781 638 4837 supra,
692 4771 1104 4838 repetitionem.
1137 4775 1266 4830 Haec
1297 4783 1352 4831 et
1387 4777 1516 4830 talia
1553 4777 1766 4846 garrire
1794 4777 2021 4843 audent,

444 4859 576 4914 licet
624 4861 914 4931 Scriptura
970 4865 1138 4931 hujus
1193 4869 1420 4922 secundi
1470 4870 1596 4924 εαξιί
1629 4869 1778 4924 aliud
1821 4885 2022 4924 nomen

443 4952 721 5024 aliamque
770 4955 1062 5012 utilitatem
1131 4968 1408 5029 apportet.
1470 4961 1536 5015 Et
1585 4961 1814 5031 quidem
1870 4961 2024 5016 Scri-

443 5053 605 5112 ptura
643 5061 804 5101 sacra
849 5049 1082 5104 multum
1128 5052 1304 5106 utitur
1335 5054 1779 5121 repetitionibus,
1815 5069 2024 5124 easque

446 5133 766 5206 frequentes
811 5139 994 5208 habet,
1031 5143 1250 5198 interim
1299 5151 1481 5201 tamen
1515 5157 1671 5200 caret
1710 5147 2026 5202 contrarie-

447 5228 678 5284 tatibus.
715 5228 920 5286 Nullibi
970 5236 1118 5290 enim
1161 5237 1266 5292 sibi
1301 5253 1408 5292 non
1437 5247 1674 5293 constat.
1722 5239 2028 5307 Repetitio-

449 5333 548 5373 nes
579 5319 881 5390 Scriptura:
909 5339 1084 5382 sacrae
1132 5329 1436 5382 dilucidam
1471 5343 1692 5398 semper
1717 5329 2028 5399 expositio-

449 5425 574 5464 nem
603 5418 656 5466 et
687 5414 1024 5471 omissorum
1066 5421 1510 5490 supplementum
1566 5423 1867 5476 advehunt.
1912 5422 2030 5476 Cae-

449 5511 628 5557 terum
658 5519 766 5576 qua
796 5507 1008 5564 ratione
1039 5526 1149 5564 non
1191 5523 1434 5582 emerget
1457 5513 1853 5576 contrarietas,
1898 5528 2025 5568 cum

448 5591 737 5650 videamus
783 5596 1020 5664 primum
1073 5603 1274 5656 coelum
1351 5619 1476 5658 esse
1533 5611 1916 5658 constructum
1969 5605 2026 5658 iu

452 5679 734 5752 principio
780 5700 887 5740 una
938 5701 1063 5742 cum
1115 5697 1282 5756 terra,
1329 5700 1385 5746 et
1435 5693 1599 5747 simul
1635 5693 1878 5749 cumbis
1909 5710 2029 5764 qua:

564 5850 666 5905 "ll
701 5851 830 5908 Cor.
865 5872 939 5920 xl,
970 5857 1059 5910 ‘33.

2209 4323 2323 4379 Kal
2349 4319 2519 4378 εἶπεν
2552 4325 2588 4379 ὁ
2637 4325 2782 4390 sedc
2804 4340 2820 4356 ·
2871 4323 3192 4392 Γενηθήτω
3221 4321 3526 4392 στερέωμα
3549 4360 3564 4385 ,
3616 4315 3762 4371 aea}:

2129 4418 2289 4472 ἔστω
2326 4415 2674 4484 διαχωρίζον
2729 4417 2849 4471 ἀνὰ
2893 4415 3084 4484 μέσον
3133 4415 3240 4470 τοῦ
3269 4415 3507 4481 ὕδατος.
3554 4413 3750 4478 Τινές

2131 4525 2266 4576 φασι
2290 4507 2366 4579 μὴ
2391 4507 2648 4576 δευτέρου
2685 4506 2902 4576 γένεσιν
2929 4507 3160 4578 οὐρανοῦ
3189 4506 3392 4576 ταύτην
3424 4505 3744 4576 ὑπάρχειν,

2129 4598 2468 4670 ἑπεξὴγησιν
2489 4597 2546 4652 δὲ
2577 4593 2717 4652 εἶναι
2759 4598 2868 4652 τῶν
2912 4600 3194 4669 συντόμως
3242 4595 3552 4668 εἰρημένων
3586 4597 3764 4664 περὶ-

2127 4690 2222 4744 τοῦ
2251 4691 2560 4758 φθάσαντος
2580 4706 2594 4722 ·
2624 4691 2805 4743 καίτοι
2839 4689 2936 4742 καὶ
2967 4688 3138 4758 ὄνομα
3180 4688 3370 4758 ἓτερον
3404 4686 3498 4741 καὶ
3527 4686 3749 4756 χρείαν

2126 4781 2444 4846 ἰδιάζουσαν
2485 4782 2520 4852 ἡ
2573 4780 2764 4850 Γραφὴ
2815 4779 2911 4834 τοῦ
2941 4779 3198 4849 δευτέρου
3258 4778 3563 4850 παρέδωκε.
3605 4777 3750 4830 Καὶ

2127 4873 2302 4936 ἄλλως
2327 4873 2386 4926 αἱ
2419 4873 2519 4942 τῆς
2552 4871 2782 4942 Γραφῆς
2819 4871 3192 4942 έπαναλὴψεις
3247 4870 3345 4924 οὐκ
3399 4869 3774 4924 ἐναντίωσιν·

2125 4963 2364 5034 ἔχουσιν,
2389 4963 2525 5018 ἀλλά
2558 4963 2719 5034 μόνον
2749 4963 3052 5032 σαφήνειαν
3085 4961 3182 5015 καὶ
3228 4961 3340 5015 τῶν
3367 4960 3766 5030 παρειμένων.

2125 5057 2226 5125 τὴν
2249 5055 2662 5124 ἀναπλήρωσιν.
2699 5053 2822 5118 Πῶς
2854 5053 2912 5107 δὲ
2941 5054 3041 5107 οὐκ
3077 5053 3344 5118 ἐναντίον,
3369 5053 3417 5104 εἰ
3443 5052 3470 5104 ὁ
3494 5051 3594 5121 μὲν
3626 5051 3751 5118 γέ-

2092 5157 2283 5210 ,γονεν
2316 5142 2373 5194 ἐν
2414 5142 2557 5212 ἀρχῇ
2606 5140 2742 5210 μετά
2795 5141 2900 5211 γῆς
2949 5142 3042 5196 καὶ
3089 5140 3198 5195 τῶν
3225 5139 3556 5212 ἀμφοτέροις
3589 5156 3754 5193 συν-

2135 5231 2510 5302 υπαρξάντων,
2566 5233 2643 5296 ὡς
2700 5233 2868 5303 μηδὲν
2904 5233 3008 5305 πρὸ
3042 5231 3210 5286 αὐτοῦ
3256 5233 3560 5302 γεγονέναι,
3600 5235 3630 5286 ὁ
3669 5231 3768 5286 δὲ

2133 5325 2325 5394 γέγονε
2349 5326 2492 5380 κατά
2515 5325 2614 5396 τὴν
2637 5325 2899 5396 δευτέραν
2925 5327 3138 5398 ἡμέραν
3173 5327 3232 5379 ἐν
3271 5326 3422 5398 μέσῳ
3447 5324 3556 5378 τῶν
3587 5325 3765 5378 ὑδά-

2133 5438 2240 5474 των
2268 5421 2409 5492 ἒχων
2437 5420 2536 5492 τὴν
2566 5421 2828 5474 σύστασιν
2854 5438 2868 5487 ;
2895 5422 2972 5486 ὡς
3005 5422 3161 5494 δῆλον
3185 5423 3264 5476 ὅτι
3306 5421 3777 5494 προγεγονότων-

2137 5507 2212 5567 ὦν
2242 5515 2299 5566 ἐν
2329 5512 2478 5582 μέσῳ
2506 5513 2868 5584 καθέστηκεν.
2905 5515 3021 5568 Οὐκ
3057 5515 3122 5569 ἂν
3159 5515 3215 5569 δέ
3245 5533 3328 5578 τις
3355 5514 3497 5568 εἴποι
3529 5531 3762 5584 περιτ-

2135 5605 2232 5675 τὴν
2263 5599 2401 5658 εἶναι
2449 5603 2641 5658 τούτου
2685 5605 2785 5676 τὴν
2837 5604 3076 5674 γένεσιν.
3130 5607 3303 5661 Τοῦτο
3337 5607 3464 5679 μὲν,
3495 5607 3576 5659 ὅτι
3613 5605 3764 5660 τῶν

2138 5697 2344 5752 ὑδάτων
2383 5695 2442 5748 οὗ
2479 5697 2683 5766 μικράν
2724 5713 2844 5750 τινα
2909 5699 3104 5768 μοῖραν
3146 5698 3286 5767 ὑπὲρ
3331 5699 3501 5752 νώτου
3531 5696 3762 5751 λαϐὼν
