4002 6420
549 343 617 412 67
1865 336 2160 402 PROCOP

2277 335 2522 402 GAZJEI
3759 337 3824 404 σε

547 468 770 519 constat
807 457 963 515 varia
991 471 1116 515 esse
1146 453 1524 528 receptacula.
1559 453 1854 526 variasque
1889 455 2210 512 mansiones
2239 465 2296 510 et
2363 455 2618 511 diversas
2687 467 2786 524 pro
2866 451 3118 508 locorum
3171 450 3522 509 diversitate.
3588 451 3822 522 Colum,

548 557 698 631 quod
731 571 880 612 nunc
925 554 1134 628 fastigii
1181 553 1362 608 vicem
1418 552 1686 618 sustinet,
1717 551 2141 608 fundamentum
2178 552 2287 608 erit
2319 551 2524 607 summi
2557 550 2685 606 cmli
2716 549 2773 606 in
2841 547 3148 604 universali
3197 549 3639 608 resurrectione.
3699 545 3826 608 Nam

547 653 752 710 coelum
796 651 1040 721 primum
1102 655 1187 702 est
1239 644 1402 717 quasi
1451 646 1656 701 coelum
1704 647 1852 702 coeli.
1885 646 2105 701 Etenim
2147 657 2260 702 non
2295 645 2395 702 abs
2432 659 2491 701 re
2519 642 2913 699 canitDavid:
2955 661 2973 695 ι
3005 641 3220 697 Caelum
3270 643 3394 696 coeli
3467 640 3724 709 Domino,
3781 655 3833 700 et

550 751 756 800 terram
783 741 938 798 dedit
992 738 1121 792 llliis
1156 736 1444 790 hominum
1475 733 1548 787 ”.
1585 753 1604 788 ι
1633 734 1918 800 Quantum
1955 747 2140 790 autem
2182 735 2422 806 primum
2464 735 2667 789 coelum
2721 742 2994 787 remotum
3053 738 3140 787 est
3184 747 3214 786 a
3287 733 3558 797 secundo,
3627 740 3830 788 tantum

551 837 718 893 dismt
769 831 1076 890 secundum
1134 828 1204 881 ab
1247 828 1384 881 orbe
1441 825 1756 881 habitabili.
1798 825 1866 878 Et
1915 826 2138 896 quidem
2181 826 2422 896 primqu
2471 825 2672 879 caelum
2722 825 2830 878 erit
2859 822 3208 877 domicilium
3274 833 3626 879 sanctorum.
3689 825 3830 892 Qua-

552 937 780 1003 propter
811 925 1103 994 Scriptura
1139 935 1300 974 sacra
1329 919 1535 988 ubique
1574 933 1700 973 eum
1742 920 1922 973 locum
1966 919 2256 972 nominare
2285 917 2496 972 assolet
2543 915 2795 984 Regnum
2830 915 3128 969 cmlorum.

626 1021 901 1077 Caeterum
948 1014 1075 1070 cmli
1105 1027 1309 1066 nomen
1343 1010 1524 1080 primo
1573 1010 1800 1080 pr0prie
1838 1009 2103 1079 competit
2135 1027 2148 1062 :

2326 1007 2402 1060 Τὸ
2430 1007 2488 1060 δὲ
2515 1005 2609 1059 τοῦ
2645 1004 2874 1076 οὐρανοῦ
2906 1002 3082 1074 ὄνομα
3107 1003 3312 1073 κυρίως
3348 1002 3450 1072 μὲν
3483 1004 3744 1074 ἁρμόττει
3764 1009 3836 1081 τῷ

555 1112 793 1167 alterum
851 1107 966 1162 sive
1015 1103 1367 1165 secundum,
1419 1101 1575 1170 juxta
1623 1099 1918 1166 quamdam
1977 1096 2134 1152 simi-

553 1201 840 1258 litudinem
887 1213 1048 1254 suum
1087 1209 1290 1250 nomen
1341 1192 1656 1261 acquisivit,
1713 1200 1768 1246 et
1825 1191 2140 1244 ﬁrmamen-

555 1307 670 1350 tum
700 1299 954 1348 vocatur.
1004 1287 1118 1342 lmo
1149 1294 1204 1341 et
1259 1285 1428 1338 David
1477 1283 1641 1338 docet
1680 1299 1848 1337 unmn
1881 1284 1986 1339 tale
2015 1297 2141 1338 esse

555 1387 782 1451 coelum,
818 1393 873 1440 et
923 1395 1092 1450 supra
1161 1378 1215 1434 id
1275 1377 1586 1432 consistere
1651 1390 1878 1444 aquam,
1907 1376 2138 1430 dicens:

561 1499 582 1534 ι
620 1475 938 1534 Extendens
993 1471 1168 1528 caelos
1214 1470 1384 1526 veluti
1437 1469 1708 1523 cortinam
1749 1467 1815 1522 ⁵³.
1857 1468 1960 1534 Qui
1989 1467 2146 1537 ponit

558 1571 746 1626 trabes
777 1565 1196 1622 cmnaculorum
1257 1575 1487 1616 suorum
1543 1561 1598 1614 in
1637 1560 1817 1630 aquis.
1857 1577 1879 1614 ι
1912 1557 2146 1626 Quando

561 1662 732 1734 igitur
776 1661 1012 1730 legimus
1056 1663 1151 1710 aut
1201 1653 1457 1708 audimus
1520 1654 1575 1708 in
1637 1651 1927 1724 Scriptura
1985 1666 2145 1708 sacra

561 1753 672 1808 dici
711 1751 798 1807 vel
827 1748 1028 1805 scribi:
1069 1764 1089 1798 ι
1123 1745 1264 1799 Caeli
1293 1755 1563 1798 enarrant
1591 1745 1823 1816 gloriam
1855 1754 2009 1799 tuam
2042 1744 2145 1809 ",r

556 1853 618 1900 et
661 1861 675 1898 :
712 1861 732 1895 ι
790 1841 1059 1896 Dominus
1100 1835 1234 1891 fecit
1285 1836 1458 1892 eteius
1488 1836 1558 1902 ⁸³,
1593 1856 1611 1888 ι
1648 1845 1703 1891 et
1737 1853 1753 1892 :
1792 1855 1810 1888 ι
1857 1835 2022 1891 Pater
2055 1850 2153 1890 no-

555 1943 682 1992 ster
745 1935 838 2003 qui
901 1947 961 1986 es
1017 1931 1075 1985 in
1125 1927 1280 1984 caelis
1311 1927 1390 1994 ⁸⁷,
1423 1947 1442 1981 ι
1489 1942 1652 1983 nemo
1713 1927 1985 1998 intelligat
2043 1941 2155 1982 etn-

554 2029 675 2084 ium
726 2027 988 2096 primum,
1039 2025 1186 2094 quod
1223 2030 1453 2093 superat
1487 2021 1818 2088 secundum,
1856 2023 1951 2077 sed
1990 2021 2154 2076 intel-

562 2121 804 2191 ligamus
877 2120 970 2173 hic
1006 2117 1291 2172 nominari
1349 2117 1764 2169 ﬁrmamentum
1821 2121 1877 2169 et
1936 2127 2155 2168 omnem

560 2214 874 2285 Tegionem,
928 2224 1052 2280 quas
1091 2208 1271 2264 media
1303 2208 1448 2262 inter
1485 2209 1668 2278 ipsum
1713 2216 1768 2261 et
1819 2214 2024 2261 terram
2065 2221 2162 2260 ex-

565 2305 765 2370 currit,
803 2311 859 2360 et
901 2303 956 2356 in
990 2303 1264 2373 plurimos
1295 2301 1470 2355 cmlos
1507 2299 1686 2354 divisa
1741 2299 1825 2353 vel
1857 2298 2156 2352 distributa

553 2402 652 2452 est
688 2404 914 2464 propter
967 2391 1342 2446 altitudinem.
1397 2388 1540 2443 [line
1595 2387 1889 2458 Scriptura
1945 2386 2152 2443 habet:

561 2504 593 2538 τ
640 2483 897 2538 Volatilia
929 2483 1082 2544 coeli,
1124 2500 1143 2534 ι
1181 2481 1236 2536 id
1293 2489 1380 2536 est
1419 2480 1586 2536 aeris.
1617 2480 1735 2534 lmo
1773 2478 2048 2534 Jeremias
2079 2481 2161 2534 in-

557 2575 690 2645 quit
716 2574 765 2605 "°
833 2573 1113 2626 ciconiam
1165 2571 1221 2624 in
1272 2571 1418 2626 caelo
1447 2586 1611 2624 nosse
1647 2571 1752 2624 iter
1787 2586 1975 2624 suum.
2018 2569 2158 2624 lluic

561 2681 682 2720 non
711 2663 985 2719 dissimile
1028 2671 1114 2716 est
1140 2670 1194 2716 et
1225 2660 1362 2714 illud
1395 2659 1704 2730 Scriptura:
1731 2662 2112 2716 testimonium
2143 2678 2158 2715 :

564 2772 595 2809 η
629 2755 954 2811 Ascendunt
997 2766 1176 2822 usque
1225 2751 1280 2804 in
1333 2753 1535 2805 coelum
1584 2751 1652 2804 ⁸⁸.
1711 2768 1731 2803 ι
1783 2750 2079 2820 Propterea
2101 2757 2162 2805 et

571 2845 753 2900 Moses
800 2845 974 2899 beans
1000 2842 1505 2898 benedictionibus
1533 2841 1739 2896 tribum
1771 2840 2031 2911 Iosephi,
2065 2857 2161 2898 eas

570 2937 770 3007 petita
820 2933 1104 2990 riioderata
1134 2935 1260 2988 cceli
1301 2933 1598 3003 temperie,
1653 2933 1801 2987 roris
1848 2934 2148 2997 descensu,

565 3026 710 3083 solis
767 3025 1253 3090 conversionibus,
1305 3025 1579 3079 mensium
1647 3025 2066 3095 congressibus,
2107 3033 2166 3080 et

568 3118 646 3174 ub
693 3117 1018 3173 summitate
1073 3115 1343 3170 montium
1393 3116 1758 3184 eolliumque,
1807 3118 1966 3185 quasi
2016 3126 2164 3172 terra

567 3225 674 3282 per
711 3208 962 3264 debitum
995 3219 1051 3264 et
1092 3209 1360 3264 decorum
1403 3209 1621 3263 illorum
1669 3208 1924 3262 ordinem
1956 3209 2164 3279 guber-

547 3309 738 3359 .uetur
761 3309 818 3356 et
847 3309 1210 3370 temperetur.
1246 3299 1522 3355 Similiter
1553 3302 1665 3370 agit
1721 3303 1774 3355 in
1823 3316 2166 3358 commemo-

567 3393 769 3448 randis
803 3391 1298 3448 maledictionibus
1331 3395 1414 3444 vel
1437 3394 1959 3448 exsecrationibus:
1999 3413 2019 3446 ι
2051 3395 2168 3451 Erit

573 3485 803 3548 coelum,
853 3484 998 3552 quod
1032 3484 1134 3538 tibi
1186 3483 1490 3552 impendet,
1548 3499 1763 3538 aeneum
1797 3485 1866 3548 '°,
1899 3503 1918 3538 ι
1961 3485 2166 3554 quibus

573 3576 761 3631 verbis
793 3575 1125 3644 signiﬁcavit
1178 3589 1454 3628 summam
1490 3583 1545 3628 et
1593 3577 1964 3630 universali-in
1999 3575 2156 3632 sicci-

2240 1097 2478 1170 πρώτῳ,
2532 1096 2657 1152 καθ’
2709 1097 2974 1167 ὁμοίωσιν
3003 1095 3061 1148 δὲ
3103 1093 3180 1165 τῷ
3212 1093 3465 1164 κληθέντι
3501 1100 3834 1172 στερεώματι

2241 1189 2615 1261 κυριώτερον·
2658 1189 2718 1242 6v
2751 1189 2849 1242 ἕνα
2891 1188 3058 1258 φησιν
3092 1186 3342 1256 οὐρανὸν,
3378 1185 3523 1257 ῦξωρ
3560 1183 3699 1243 εἶναι
3739 1193 3836 1259 φά-

2247 1305 2393 1342 σκων
2428 1288 2574 1359 ὑπὲρ
2615 1287 2779 1341 αὐτὸν
2831 1289 2860 1340 6
2904 1285 3069 1339 Δαὸὶδ
3105 1285 3316 1354 λέγων’
3366 1305 3385 1337 ι
3432 1281 3723 1338 Ἔκτεῑνων
3751 1283 3840 1337 τὸν

2244 1382 2471 1452 οὐρανὸν
2527 1380 2662 1434 ὡσεὶ⁵
2721 1379 2950 1450 δέρριν,
2995 1379 3024 1429 6
3083 1377 3365 1446 στεγάζων
3431 1378 3490 1430 ὲν
3564 1377 3718 1430 ὐδασι
3774 1377 3840 1430 τὰ

2247 1469 2472 1540 ὑπερῷα
2503 1467 2692 1523 αὐτοῦ.
2721 1487 2740 1520 ι
2781 1470 2954 1521 Ὅταν
2981 1463 3074 1522 οῦν
3100 1466 3342 1536 λέγεται,
3371 1485 3389 1517 ι
3419 1467 3484 1520 0i
3508 1465 3727 1537 οὐρανοὶ
3773 1459 3843 1519 δι-

2247 1563 2510 1636 ηγοῦνται
2543 1562 2700 1629 δόξαν
2739 1559 2875 1615 Θεοῦ
2896 1577 2912 1591 ·
2950 1579 2969 1612 ι
3007 1559 3123 1622 καὶ,
3153 1578 3172 1612 ι
3213 1557 3273 1611 ὐ
3293 1556 3501 1628 Κύριος
3528 1557 3655 1620 τοὺς
3676 1556 3843 1626 οὐρα-

2249 1657 2375 1722 νοὺς
2405 1657 2633 1726 ἐποίησε
2656 1670 2672 1685 ο
2721 1673 2740 1707 ι
2777 1655 2890 1717 καὶ,
2927 1671 2946 1704 ι
2983 1651 3166 1724 Πάτερ
3199 1650 3358 1722 ἡμῶν
3391 1651 3420 1702 ό
3453 1650 3509 1702 ὲν
3543 1653 3655 1714 τοῖς
3681 1648 3845 1719 οὐραι

2251 1753 2384 1813 νοϊς,
2420 1769 2439 1802 ι
2471 1749 2571 1818 οὐχ
2603 1747 2744 1816 ὑπὲρ
2777 1746 2838 1799 τὸ
2883 1745 3176 1816 στερέωμα
3222 1743 3510 1813 νομιστέον
3551 1737 3693 1796 εἶναι
3721 1742 3844 1803 τούς

2252 1840 2580 1911 λεγομένους
2605 1838 2893 1910 οὐρανοὺς,
2928 1837 3034 1889 ὑπὸ
3070 1836 3125 1889 δὲ
3151 1831 3311 1888 τοῦτο
3357 1833 3672 1902 τυγχάνειν,
3711 1847 3845 1882 παν-

2254 1931 2345 1994 τδς
2368 1928 2462 1984 τοῦ
2499 1927 2706 2000 μεταξὺ
2749 1926 2856 1996 γῆς
2909 1925 3006 1978 καὶ⁵
3050 1922 3145 1977 τοῦ
3185 1920 3591 1995 περεώματος,
3617 1917 3846 1990 οὐρανοῦ

2257 2023 2620 2094 καλουμένου,
2668 2021 2764 2074 καὶ
2795 2019 2874 2082 εἰς
2913 2017 3182 2089 οὐρανοὺς
3211 2015 3464 2078 πλείονας
3500 2013 3590 2067 διὰ
3617 2013 3678 2066 τδ
3717 2012 3850 2082 ὕψος

2258 2114 2661 2186 διαιρουμένου.
2687 2111 2852 2165 Ὅθεν
2881 2109 3104 2176 λέγεται
3135 2109 3230 2162 καὶ
3262 2126 3280 2159 ι
3302 2104 3528 2160 πετεινὰ
3549 2104 3804 2175 οὐρανοῦ,
3823 2123 3843 2156 ι

2261 2206 2544 2260 τουτέστιν
2572 2204 2755 2274 ἀέρος.
2791 2203 2902 2256 Καὶ
2930 2203 3031 2272 τὴν
3064 2200 3228 2254 άσὶδα
3251 2198 3312 2251 τδ
3343 2199 3535 2270 ῦρνεον
3557 2199 3612 2250 ὲν
3637 2195 3851 2268 οὐρανῷ

2265 2316 2432 2370 φησιν
2494 2295 2769 2366 Ἱερεμίας
2818 2291 3110 2364 ὑπάρχειν.
3177 2289 3431 2344 Τοιοῦτόν
3467 2291 3616 2342 ἐστιν
3643 2289 3740 2342 καὶ
3770 2288 3850 2352 τὸ,

2267 2409 2286 2443 ι
2326 2389 2739 2443 Ἀναϐαίνουσιν
2767 2385 2873 2446 ἓως
2911 2385 3024 2437 τῶν
3068 2381 3335 2453 οὐρανῶν.
3385 2400 3402 2432 ι
3443 2377 3559 2433 Καὶ
3611 2379 3854 2448 Μωύσῆς

2260 2479 2502 2548 εὐλθγως
2531 2480 2597 2548 τῇ
2635 2477 2774 2546 φυλῇ
2805 2475 2900 2529 τοῦ
2931 2475 3132 2543 Ἰωσὴφ
3165 2473 3273 2526 ἀπὸ
3309 2471 3470 2541 ὡρῶν
3495 2470 3732 2542 οὐρανοῦ
3763 2472 3854 2525 ita!

2260 2571 2451 2643 δρόσου
2487 2570 2579 2623 καὶ
2609 2569 2718 2623 ἀπὸ
2765 2567 2860 2620 τοῦ
2894 2565 3046 2637 ἡλίου
3077 2564 3298 2636 τροπῶν
3350 2564 3444 2616 καὶ
3490 2562 3726 2616 συνόδων
3749 2579 3854 2633 μηο

2263 2664 2370 2716 νῶν
2401 2662 2496 2716 καὶ
2526 2661 2635 2715 ἀπὸ
2664 2658 2912 2730 κορυφῆς
2936 2657 3110 2728 ὀρέων
3138 2657 3233 2709 καὶ
3261 2654 3466 2725 βουνῶν
3502 2654 3744 2707 αἰωνξων
3758 2653 3855 2718 τὰς

2263 2755 2513 2824 εὐλογίας
2550 2754 2766 2806 δίδωσιν
2787 2766 2802 2782 ο
2832 2751 2907 2814 ὡς
2941 2750 3032 2802 τοῦ
3067 2748 3195 2818 περὶ
3220 2750 3324 2817 γῆν
3349 2747 3515 2800 τόπου
3547 2746 3635 2799 διὰ
3667 2745 3769 2816 τῆς
3797 2739 3858 2799 ἒν

2263 2850 2476 2910 τούτοις
2502 2845 2753 2912 εὐταξίας
2778 2841 3157 2910 εὐθυνομένου.
3177 2837 3342 2892 Ἀλλὰ
3373 2839 3468 2892 καὶ
3495 2840 3552 2892 έν
3573 2840 3696 2900 ταῖς
3727 2850 3861 2890 κατ-

2263 2941 2428 3011 άραις
2476 2939 2570 2992 τοῦ
2598 2935 2846 3007 Ἰσραὴλ,
2876 2954 2894 2985 ι
2929 2934 3148 2998 Ἔσται,
3175 2933 3364 3001 φησιν,
3391 2933 3419 2984 6
3440 2929 3580 3001 ὑπὲρ
3614 2928 3859 2999 κεφαλῆς

2264 3031 2492 3104 οὐρανὸς
2529 3028 2788 3100 χαλκοῦς,
2826 3027 2925 3104 τὴν
2957 3023 3194 3094 παντελῆ
3227 3023 3494 3094 ξηρασίαν
3537 3021 3718 3093 δηλῶν
3765 3021 3862 3074 καὶ

2267 3102 2374 3177 τῶν
2408 3123 2610 3191 ἀερίων
2645 3102 2854 3173 ὑδάτων
2889 3115 3169 3185 ἐπίληψιν.
3208 3116 3375 3167 Ὅταν
3405 3109 3498 3167 οῦν
3533 3115 3598 3167 ὲκ
3629 3112 3742 3167 τῶν
3768 3104 3860 3166 οὐ·

2264 3216 2448 3289 ρανῶν
2474 3213 2740 3286 φέρεσθαι
2781 3213 2920 3285 λέγῃ
2957 3210 3172 3282 δρόσον,
3220 3209 3353 3279 περὶ
3386 3207 3598 3264 ὑδάτων
3628 3208 3863 3277 νοοῦμεν

2269 3309 2368 3362 ὅσα
2417 3308 2521 3376 τὴν
2575 3307 2688 3362 ἄνω
2741 3305 3091 3358 διατέτακται
3121 3299 3306 3373 χώραν
3342 3301 3597 3370 κατέχειν
3631 3299 3865 3372 οὐρανὸν

2270 3399 2594 3470 λεγομένην.
2628 3398 2721 3461 Εἰς
2744 3397 2928 3468 τρίτον
2953 3395 3010 3448 δὲ
3037 3393 3266 3464 οὐρανὸν
3311 3391 3600 3464 ἡρπάσθαι
3650 3390 3867 3454 Παῦλός

2272 3507 2460 3563 φησιν,
2493 3493 2572 3554 εις
2599 3489 2691 3544 τὸν
2719 3487 3052 3560 παράδεισον
3083 3484 3411 3556 ἁρπασθεὶς,
3434 3481 3492 3536 ὃν
3522 3483 3628 3536 ὑπὸ
3661 3483 3724 3536 τὸ
3751 3493 3868 3535 στε-

2275 3585 2465 3657 ρέωμα
2495 3582 2908 3652 πεφυτευμένον
2939 3578 3217 3644 ἐπέδειξεν
3239 3580 3267 3631 ὁ
3305 3577 3568 3646 Μωῦσῆς.
3602 3576 3700 3639 Εἰς
3735 3573 3868 3644 ὕψος

575 3677 767 3732 tatem,
805 3684 906 3724 uec
941 3682 1054 3721 non
1085 3671 1252 3720 aeriae
1298 3682 1455 3736 aquai
1490 3667 1792 3724 defectum.
1824 3665 1962 3724 Cum
1995 3671 2160 3741 igitur

2271 3675 2330 3729 δὲ
2356 3677 2581 3746 ἀνήκειν
2627 3671 2790 3724 αὐτὸν
2833 3667 3096 3739 ’Ῑεζεκιὴλ
3132 3665 3523 3738 ἐμαρτύρησεν
3549 3666 3677 3736 ὅρος
3704 3664 3868 3718 αὐτὸν

573 3758 835 3814 ostendat
877 3773 945 3811 ex
993 3757 1152 3812 costis
1199 3758 1476 3812 distillare
1523 3773 1700 3812 rorem
1729 3799 1746 3825 ,
1787 3759 1855 3814 de
1884 3763 2045 3829 aquis
2072 3779 2169 3818 ca.

2276 3765 2554 3837 ὀνομάσας
2589 3761 2747 3816 Θεοῦ.
2780 3755 2873 3823 Εἷς
2900 3755 2994 3813 οῦν
3030 3758 3258 3830 οὐρανὸς
3286 3759 3346 3811 τδ
3373 3757 3686 3828 στερέωμα.

572 3852 836 3924 piendum
882 3861 968 3906 est
1005 3867 1129 3922 quae
1161 3867 1331 3922 supra
1361 3869 1464 3908 nos
1496 3853 1552 3908 in
1594 3856 1741 3910 aeria
1787 3857 2016 3925 regione
2043 3871 2356 3925 morantur,
2393 3870 2448 3917 et
2521 3869 2576 3914 ut
2643 3871 2957 3928 supremam
3041 3855 3344 3926 regionem,
3414 3866 3537 3925 Quae
3583 3853 3718 3909 coeli
3769 3866 3865 3906 no.

575 3961 706 4002 tuen
743 3944 967 4008 meruit,
999 3945 1321 4000 contineant
1346 3951 1404 4000 et
1433 3945 1678 4016 undique
1719 3950 2151 4020 amplectantur.
2188 3956 2399 4012 Pauius
2437 3953 2575 4008 dicit
2609 3953 2663 4006 in
2705 3951 2925 4006 tertium
2963 3964 3024 4004 se
3077 3956 3296 4017 raptum
3325 3963 3450 4003 esse
3514 3947 3727 4002 caelum
3794 3944 3862 4012 ⁸³,

569 4040 634 4096 id
688 4048 771 4096 est
814 4038 1160 4110 paradisum,
1195 4038 1289 4106 qni
1324 4038 1520 4094 hortus
1563 4039 1706 4093 inl'ra
1745 4027 2157 4101 ﬁrmamentum
2199 4047 2428 4111 colitur,
2463 4053 2521 4098 ut
2553 4043 2772 4098 videtur
2801 4042 3002 4096 docere
3041 4035 3263 4095 Moses:
3292 4055 3398 4107 qua
3441 4039 3510 4094 de
3576 4054 3638 4093 re
3717 4038 3867 4094 diceb

577 4140 671 4186 tur
717 4131 884 4186 inira.
931 4129 1044 4184 lmo
1085 4137 1141 4184 et
1174 4128 1432 4184 Ezechiel
1485 4131 1732 4202 paradisi
1775 4141 1941 4190 situm
1977 4137 2034 4192 in
2102 4141 2342 4195 sublime
2386 4139 2617 4194 tendere
2667 4145 2906 4192 testatur
2935 4133 3006 4198 δ’,
3054 4133 3184 4187 dum
3254 4149 3382 4189 eum
3463 4134 3684 4188 hortum
3761 4147 3871 4189 non

576 4222 798 4277 dubitat
841 4220 1119 4291 appellare
1155 4230 1396 4275 montem
1430 4219 1544 4276 Dei.
1594 4221 1692 4278 Est
1719 4224 1886 4294 igitur
1919 4236 1974 4282 et
2016 4227 2429 4286 ﬁrmamentum
2473 4228 2786 4298 ponendum
2815 4241 2986 4280 unum
3019 4226 3245 4279 caelum.

651 4317 788 4373 Sunt
819 4318 914 4386 qui
951 4317 1242 4385 perhibent
1295 4317 1422 4384 ejus
1471 4327 1732 4374 naturam
1763 4323 1923 4378 nobis
1965 4341 2160 4394 parum

579 4409 1017 4477 esse,cognitam
1045 4416 1100 4462 et
1126 4416 1490 4478 compertam,
1538 4413 1795 4482 quamvis
1825 4415 1912 4469 via
1946 4418 2172 4486 pervul-

581 4508 708 4572 gata
759 4499 1008 4555 omnium
1056 4501 1450 4570 theologorum
1492 4519 1559 4558 ex
1615 4519 1758 4576 aqua
1817 4519 2170 4578 compactum

572 4609 708 4651 esse
739 4593 1016 4649 tradatur.
1055 4593 1166 4649 Nec
1193 4596 1418 4657 desunt,
1455 4597 1552 4666 qui
1583 4610 1874 4654 autumant
1906 4601 2030 4672 ejus
2058 4618 2175 4657 ma-

575 4684 782 4739 teriam
817 4698 944 4739 esse
984 4697 1207 4754 aquam.
1239 4694 1292 4738 et
1315 4684 1648 4748 subsistere,
1677 4686 1787 4742 Deo
1817 4689 1868 4743 id
1904 4692 2176 4748 rorinante

575 4785 640 4832 et
673 4782 1072 4844 componente.
1139 4775 1247 4845 19
1289 4776 1399 4864 lilii
1431 4777 1633 4832 docent
1661 4779 1856 4834 saltem
1891 4797 2016 4835 esse
2051 4797 2176 4851 par-

583 4876 692 4924 tem
741 4867 1037 4937 quamdam
1093 4882 1270 4936 aquae.
1329 4867 1572 4935 Quidam
1629 4872 1930 4940 allirmant,
1990 4875 2178 4929 ﬁrma-

584 4965 833 5014 mentum
893 4966 1282 5012 constrnctum
1342 4974 1464 5015 esse
1523 4977 1589 5016 ex
1668 4965 1832 5018 tertia
1907 4980 2176 5032 aquarum

584 5059 762 5122 parte,
800 5050 930 5106 aliis
954 5051 1172 5105 duabus
1205 5053 1459 5120 partibus
1494 5054 1671 5109 altera
1701 5057 1755 5110 in
1789 5065 1966 5121 terra,
2001 5058 2176 5112 altera

585 5161 752 5216 supra
814 5147 1230 5201 firmamentum
1287 5147 1488 5203 ﬂuente
1541 5168 1554 5203 :

588 5335 698 5386 lum
729 5333 815 5388 vel
846 5348 1044 5399 aquam
1086 5336 1430 5406 congelatam
1478 5338 1727 5393 denotat.
1763 5339 1901 5394 Cum
1953 5355 2016 5394 ea
2047 5355 2176 5410 pars

583 5423 953 5490 ﬁrmamenti,
1005 5443 1129 5498 qua
1179 5445 1283 5486 nos
1322 5431 1573 5500 respicit,
1628 5433 1700 5485 sit
1743 5447 2010 5496 concava,
2049 5433 2175 5501 qui-

585 5521 713 5572 dam
751 5519 1020 5592 colligunt
1049 5532 1354 5578 extremam
1386 5524 1472 5578 vel
1498 5539 1772 5579 summam
1810 5524 1931 5595 ejus
1966 5534 2176 5596 partem

2342 4328 2452 4383 Καὶ
2482 4328 2533 4380 οἱ
2567 4325 2668 4398 μὲν
2702 4323 2868 4378 αὑτοῦ
2919 4326 3018 4395 τὴν
3041 4321 3234 4376 οὐσίαν
3267 4317 3464 4390 ἄδηλον
3490 4311 3629 4373 εἶναι
3676 4335 3872 4388 φασιν,

2271 4418 2376 4472 κᾶν
2407 4415 2466 4483 ἐξ
2497 4418 2705 4471 ὑδάτων
2729 4405 2870 4468 εἶναι
2901 4413 3070 4478 δοκεῖ,
3097 4413 3239 4464 κατὰ
3267 4411 3366 4482 τὴν
3397 4410 3584 4480 κοινὴν
3607 4409 3870 4480 ἐκδοχὴν

2273 4511 2322 4564 οἱ
2347 4511 2402 4562 δὲ
2433 4509 2526 4563 καὶ
2561 4507 2622 4574 ἐξ
2659 4507 2868 4562 ὑδάτων
2891 4503 3056 4560 αὐτὸν
3086 4501 3434 4556 ὑποτίθενται
3471 4501 3750 4568 πήξαντος
3779 4497 3875 4554 τοῦ

2227 4605 2234 4614 ’
2277 4602 2445 4656 Θεοῦο
2479 4605 2526 4656 οἱ
2555 4601 2655 4672 μέν
2682 4617 2818 4669 φασι
2848 4601 3014 4670 μέρος
3046 4595 3258 4659 ἁπλῶς,
3280 4597 3328 4648 οἱ
3359 4594 3415 4648 δὲ
3448 4595 3541 4647 καὶ
3567 4595 3759 4664 τρίτον
3779 4590 3878 4646 τοῦ

2282 4694 2494 4756 ὓδατος,
2528 4695 2638 4746 τῶν
2667 4692 2872 4746 λοιπῶν
2903 4691 2998 4744 δύο
3035 4689 3219 4760 μερῶν
3243 4687 3339 4742 τοῦ
3370 4687 3468 4758 μὲν
3496 4686 3649 4748 ὄντος
3687 4689 3750 4738 ὲν
3783 4687 3881 4754 γῇ,

2278 4786 2375 4839 τοῦ
2409 4786 2464 4838 δὲ
2499 4787 2640 4854 ὑπὲρ
2669 4784 2730 4838 τδ
2760 4785 3068 4854 στερέωμα,
3097 4783 3220 4836 ὅθεν
3257 4783 3350 4834 καὶ
3373 4779 3627 4847 λέγεσθαι
3660 4777 3884 4849 σουμὴν

2283 4877 2510 4948 (ΰηέῑζέ)
2539 4875 2810 4947 Ἐὕραίων
2829 4877 3004 4945 φωνῇ,
3031 4873 3175 4942 ὕδωρ
3197 4870 3390 4941 δηλοῦν
3414 4869 3661 4939 πεπηγός
3678 4887 3692 4899 -
3711 4886 3886 4938 σφαι-

2287 4967 2524 5040 ροειδοῦς
2576 4967 2634 5020 δὲ
2690 4964 2788 5019 τοῦ
2847 4965 2986 5036 πρὸς
3031 4965 3179 5035 ἡμᾶς
3231 4965 3432 5034 μέρους
3482 4963 3838 5031 ὑπάρχοντες
3868 5001 3884 5027 ,

2284 5059 2496 5125 ἀξιοῦσι
2513 5076 2658 5124 τινες
2673 5057 2931 5128 τοιαύτην
2950 5053 3089 5110 εἶναι
3113 5057 3209 5109 καὶ
3226 5057 3326 5126 τὴν
3343 5057 3497 5117 ἐκτὸς
3525 5055 3887 5122 ἐπιφάνειαν,

1617 5151 1762 5205 unde
1819 5151 2160 5206 llebrtcoruu

2283 5153 2358 5215 ὡς
2386 5151 2642 5220 αἰσθητὸν
2669 5150 2813 5221 ῦδωρ
2835 5151 2910 5220 μὴ
2939 5148 3202 5202 δύνασθαι
3265 5148 3552 5218 περιρρεῖν
3578 5148 3690 5216 γὰρ
3717 5145 3892 5199 τοῦτο

587 5239 770 5309 lingua
819 5248 1182 5310 nuncupetur
1232 5241 1520 5306 chamaim,
1561 5259 1685 5312 quae
1728 5243 1902 5299 dietio
1941 5247 2178 5317 crystal-

2285 5244 2422 5315 πρὸς
2456 5243 2524 5297 τὰ
2559 5241 2714 5296 κοῖλα
2765 5242 3108 5312 φερόμενον*
3164 5241 3303 5311 πρὸς
3355 5237 3449 5298 οὒς
3497 5238 3892 5306 ἀντιλέγουσιν

2284 5337 2485 5405 ἕτεροι,
2544 5335 2617 5398 ὡς
2669 5335 2822 5388 οὐδὲν
2861 5333 3086 5415 ,ἔνδοθεν
3128 5333 3364 5385 κωλύσει
3392 5331 3685 5400 τυγχάνειν
3723 5346 3898 5400 περι-

2286 5431 2448 5499 φερῆ,
2480 5428 2740 5481 ἐπιπέδου
2788 5427 2888 5497 τῆς
2945 5425 3050 5490 ἔξω
3105 5423 3483 5494 τυγχανούσης
3514 5420 3894 5489 ἐπιφανείας·

2286 5522 2593 5592 ὑπόδειγμα
2627 5521 2764 5593 πρὸς
2796 5521 2956 5574 τοῦτο
2988 5519 3086 5583 τὰς
3117 5517 3306 5580 ϐόλους
3336 5516 3432 5570 καὶ
3475 5513 3546 5568 τὰ
3600 5513 3900 5587 περιφερῆ

640 5697 694 5734 ⁸³³
758 5699 908 5759 Psal.
964 5718 1122 5768 cxm,
1158 5705 1248 5760 16.
1321 5705 1366 5736 ⁸⁵
1407 5705 1553 5760 Psal.
1596 5721 1714 5768 cm,
1754 5705 1811 5762 2.
1877 5705 1921 5739 ⁸⁸
1976 5704 2160 5762 Psal.‘

2265 5720 2315 5766 rt,
2357 5707 2409 5760 ‘2.
2468 5703 2513 5737 ⁸⁸
2555 5703 2702 5757 Psal.
2734 5716 2854 5764 xcv,
2891 5701 2944 5755 5.
3011 5698 3054 5730 δ’
3113 5697 3308 5752 Matth.
3336 5715 3431 5762 vr,
3468 5697 3520 5754 9.
3587 5694 3877 5750 “Jerem.

588 5778 711 5842 νιιι,
743 5771 798 5828 7.
869 5774 913 5807 "
943 5771 1093 5832 Psal.
1127 5789 1240 5845 cvi,
1268 5774 1360 5833 26.
1423 5776 1662 5853 ‘°_Deut.
1701 5793 1894 5847 xxviii,
1925 5778 2018 5834 25.
2088 5777 2130 5808 ⁸³

2265 5776 2372 5830 Sor.
2411 5791 2508 5844 xu,
2551 5775 2606 5828 2.
2683 5775 2727 5806 "
2756 5773 2958 5828 Ezech.
2997 5785 3195 5838 xxutt,
3231 5769 3293 5823 16
3321 5810 3338 5840 ,
3373 5770 3458 5827 16.
