4002 6420
236 382 311 452 πθ
1344 378 1888 442 COMMENTARII
1920 383 2004 444 IN
2035 380 2389 447 GENESIN.
3454 392 3530 457 '79

241 496 347 550 τῶν
366 494 589 566 ἄντρων
619 491 1026 566 προφέροντες·
1053 487 1102 543 εἰ
1134 487 1190 541 δὲ
1221 484 1299 560 μὴ
1330 490 1533 561 σφαῖρα
1561 489 1819 561 καθέστη-

1941 506 2061 547 esse
2101 506 2409 549 convexam
2446 514 2457 550 :
2493 494 2683 566 itaque
2721 496 3069 569 impOSsibile
3103 515 3246 565 esse,
3284 510 3344 558 ut
3386 518 3529 574 aqua

243 607 355 655 κεν,
373 588 501 643 οὐδὲ
538 587 760 657 κίνησιν
787 584 1011 657 ἔχεικαὶ
1039 581 1137 653 τὴν
1165 581 1350 653 κύκλῳ
1370 580 1562 652 φορὰν,
1599 582 1657 633 έν
1684 581 1819 652 μέσα

1935 583 2008 638 ibi
2042 589 2375 640 commorari
2419 588 2643 657 possit;
2676 603 2802 644 nam
2858 605 2978 646 eam
3040 607 3259 663 semper
3297 610 3362 649 ex
3408 595 3529 649 edi-

238 687 293 740 se
327 685 441 739 τῶν
472 682 690 738 ὑδάτων
723 682 1071 749 ἐστήρικται,
1108 674 1365 744 καθάπερ
1398 676 1431 743 ἡ
1465 676 1558 745 γῆ,
1592 673 1654 726 τὸ
1689 673 1819 745 ὕδωρ

1933 677 2173 732 tioribus
2220 677 2360 734 locis
2390 681 2571 735 solere
2616 683 2672 736 in
2705 684 2876 740 valles
2909 692 2963 739 et
2995 699 3264 741 cavernas
3300 687 3527 741 collabi.

237 775 444 845 ἀνέχων
481 774 631 843 ὑπὲρ
653 772 824 825 αὐτὸν
854 771 911 823 ὲν
951 768 1193 837 ἀκινήτῳ
1236 767 1304 837 τῇ
1345 765 1567 818 στάσειο
1603 766 1651 816 εἰ
1680 764 1737 817 δὲ
1771 762 1832 816 τὸ

236 866 499 919 ὑποκάτω
524 863 626 916 τοῦ
657 856 894 933 οὐρανοῦ
928 857 1170 931 βιάζοιτο
1211 874 1297 920 τις
1344 857 1567 910 ἀκούειν
1597 855 1672 919 ὡς
1695 857 1829 908 ὐπο-

233 962 377 1010 κὲτω
393 956 492 1009 τοῦ
508 954 901 1026 ἡμισφαιρίου,
920 951 1133 1020 ἀνάγκη
1149 950 1229 1017 τὸ,
1245 948 1600 1020 ιΣυναχθήτω
1611 949 1669 1001 τὸ
1686 947 1829 1020 ὕδωρ

229 1048 287 1102 τὸ
314 1049 587 1101 ὑποκάτω
617 1045 715 1099 τοῦ
754 1042 1012 1116 οὐρανοῦ,
1045 1062 1065 1095 r
1110 1044 1196 1096 ἐπ’
1226 1044 1430 1111 ἀμφοῖν
1458 1041 1685 1095 ἀκοῦσαι
1719 1041 1828 1095 τῶν

230 1139 543 1210 λεγομένων
568 1137 988 1209 ἡμισφαιρίων·
1022 1134 1111 1188 ἵνα
1146 1132 1222 1206 μὴ
1261 1133 1376 1198 ,ὑπὸ
1412 1131 1488 1203 τῷ
1516 1131 1827 1202 φαινομένῳ

231 1233 347 1287 καθ’
375 1235 535 1302 ἡμᾶς
575 1231 764 1300 μόνον,
795 1227 933 1283 ἀλλὰ
964 1227 1061 1281 καὶ
1095 1227 1200 1280 ὑπὸ
1227 1225 1306 1297 τῷ
1341 1225 1513 1297 ἑτέρῳ
1554 1224 1826 1288 θαλάσσας

232 1324 616 1393 συναγομένας
640 1323 952 1391 νοήᾳωμεν.
983 1320 1105 1373 Ὀτι
1133 1319 1192 1372 δὲ
1213 1320 1364 1372 πᾶσα
1392 1319 1425 1389 ἡ
1450 1317 1522 1387 γῆ
1546 1317 1669 1371 καθ’
1695 1315 1825 1369 ὑδά-

231 1431 330 1468 των
351 1414 587 1485 ἕστηκε,
625 1415 726 1466 καὶ
757 1412 913 1466 οὐδέν
935 1414 1085 1464 ἐστιν
1112 1410 1217 1464 ὑπὸ
1241 1410 1341 1479 τὴν
1375 1410 1478 1479 γῆν
1502 1409 1666 1479 μέρος
1698 1407 1824 1462 ὑδά-

227 1523 333 1560 των
357 1506 574 1576 γυμνὸν
596 1504 678 1568 ὼς
700 1505 844 1575 ὑπὲρ
876 1505 979 1573 γῆς
1008 1501 1318 1572 θεωρεῖται,
1344 1501 1521 1570 δῆλον*
1547 1499 1667 1569 «Τῷ
1703 1517 1822 1553 στε-

233 1598 502 1669 ρεὼσαντι
526 1596 666 1665 γὰρ,
699 1596 859 1666 φησι,
894 1595 993 1665 τὴν
1021 1595 1125 1665 γῆν
1156 1594 1250 1646 ἐπὶ
1278 1593 1340 1646 τὸ
1359 1593 1532 1662 ὕδωρ*
1553 1592 1646 1646 καὶ
1662 1592 1825 1657 αὐτὸς

228 1692 316 1743 ἐπὶ
344 1687 650 1743 θαλασσῶν
680 1686 1048 1755 ἑθεμελίωσεν
1091 1684 1279 1756 αὐτὴν,
1308 1686 1405 1739 καὶ
1432 1685 1524 1737 ἐπὶ
1561 1683 1823 1754 ποταμῶν

1931 765 2033 821 llis
2076 767 2170 820 alii
2224 781 2286 823 se
2344 778 2633 838 opponunt
2694 771 2989 828 dicentes:
3032 775 3170 829 nihil
3228 790 3396 845 posse
3428 778 3530 832 ob-

1932 865 2100 920 stare,
2144 857 2305 928 quin,
2363 859 2495 913 licet
2529 862 2763 916 interior
2797 879 2925 934 pars
2954 864 3027 920 sit
3070 880 3336 930 concava,
3371 877 3527 922 exte-

1929 946 2047 1001 rior
2086 948 2160 1002 sit
2208 950 2435 1020 planitie
2486 955 2807 1023 conspicua.
2856 956 3115 1026 Exempla
3183 958 3520 1028 producunt.

1927 1054 2050 1109 quae
2091 1049 2355 1110 petuntur
2401 1058 2431 1096 a
2486 1045 2720 1100 mactris
2760 1048 3034 1116 pistorum
3072 1055 3127 1104 et
3166 1062 3196 1102 a
3266 1052 3526 1106 cavernis

1928 1139 2111 1199 terrae,
2165 1150 2289 1203 qua;
2350 1135 2576 1204 quidem
2628 1137 2774 1192 intra
2825 1138 3035 1194 habent
3081 1144 3517 1209 concavitatem,

1928 1222 2025 1279 sed
2078 1232 2236 1278 extra
2288 1225 2622 1296 plerumque
2657 1235 2791 1282 sunt
2834 1227 3001 1298 plana
3034 1231 3332 1302 superﬁcie
3383 1248 3522 1289 con-

1927 1323 2112 1370 tentas.
2146 1315 2204 1370 Si
2231 1325 2416 1372 autem
2453 1318 2582 1372 θα)Ιί
2622 1317 2794 1388 figura
2830 1335 2941 1375 non
2979 1321 3250 1391 sphaerica
3290 1330 3396 1387 est,
3425 1323 3521 1379 de-

1927 1404 2162 1458 struitur
2193 1416 2345 1460 motu
2383 1415 2436 1462 et
2487 1407 2543 1462 in
2590 1410 2782 1478 primis
2811 1411 3097 1468 circulari.
3157 1411 3427 1468 Caeterum
3462 1414 3519 1469 in

1927 1497 2109 1550 medio
2156 1514 2429 1568 aquarum
2478 1501 2751 1562 constitit,
2805 1503 2970 1556 sicuti
3017 1511 3071 1557 et
3123 1512 3294 1566 terra.
3348 1507 3519 1563 susti-

1925 1602 2065 1643 nens
2097 1604 2264 1659 supra
2296 1604 2356 1645 se
2398 1605 2575 1661 aquas
2617 1591 2886 1647 immobili
2933 1594 3195 1650 statione.
3230 1594 3432 1652 Verum
3470 1597 3518 1652 si

1926 1680 2052 1747 quis
2085 1688 2343 1749 torqueat
2393 1679 2511 1735 haec
2542 1682 2753 1737 verba:
2814 1683 2962 1738 inter
2992 1700 3168 1755 aquas
3216 1702 3337 1756 quae
3383 1694 3517 1743 sunt

228 1782 531 1852 ἡτοίμασεν
552 1779 734 1850 αὐτήν
751 1795 767 1809 ·
791 1797 812 1829 ι
838 1777 997 1849 μόνον
1020 1777 1200 1849 ἄρατὸ
1219 1775 1344 1830 καθ’
1365 1777 1512 1847 ἡμᾶς
1534 1776 1819 1846 πρόσωπον

1923 1771 2029 1825 sub
2061 1772 2227 1835 caelo,
2258 1780 2369 1828 etc.
2392 1813 2406 1839 ,
2436 1782 2491 1828 et
2521 1775 2651 1830 velit
2684 1774 2832 1831 hunc
2857 1792 3084 1833 sensum
3117 1778 3338 1845 elicere,
3364 1782 3518 1836 scili-

224 1874 316 1942 της
333 1871 441 1943 γῆς
458 1870 771 1925 ἀκουστέον
794 1872 849 1922 ὲν
871 1868 971 1941 τῷ,
985 1887 1000 1917 ι
1028 1867 1355 1937 Συναχθήτω
1374 1866 1434 1919 τὸ
1457 1866 1601 1937 ὕδωρ
1627 1866 1688 1919 τὸ
1705 1867 1819 1919 ὑπο-

1934 1870 2017 1914 cet
2044 1860 2189 1917 inter
2210 1876 2384 1933 aquas
2415 1879 2537 1935 qua:
2576 1873 2707 1920 sunt
2756 1866 2859 1922 sub
2914 1867 3329 1938 hemisphaerio,
3363 1878 3516 1925 certe

224 1966 370 2018 κᾶτω
395 1963 499 2016 τοῦ
537 1960 781 2032 οὐρανοῦ
815 1961 895 2023 εἰς
935 1958 1255 2030 συναγωγὴν
1290 1958 1421 2029 μίαν
1441 1978 1454 1990 ·
1491 1978 1510 2009 ι
1545 1959 1636 2012 καὶ
1663 1958 1825 2029 μόνον

225 2053 309 2104 τὶν
346 2051 499 2119 ὑπὲρ
536 2051 694 2120 ἡμᾶς
722 2047 1021 2121 ὁρώμενον,
1052 2049 1287 2118 ἡγητέον
1315 2048 1565 2119 οὐρανὸν,
1611 2041 1654 2116 ᾧ
1691 2065 1827 2120 συμ-

226 2142 456 2212 ϐἑὸηκεν
476 2141 818 2196 ὑποκεῖσθαι
845 2142 1002 2212 τήνδε
1025 2143 1125 2212 τὴν
1145 2142 1473 2211 οἰκουμένην
1492 2157 1505 2170 °
1539 2142 1824 2196 dnomou-

230 2236 388 2304 μένην
411 2233 474 2287 δὲ
509 2234 625 2288 ὑπὸ
666 2234 766 2301 τῆς
791 2234 895 2304 γῆς
920 2232 1178 2302 οὐδεμίαν
1203 2228 1343 2286 εἶναι
1366 2232 1732 2303 πιστεύομεν,
1754 2235 1825 2288 Ἢ

226 2325 327 2396 γὰρ
348 2327 415 2379 ἂν
445 2325 621 2378 κάκεῖ
664 2325 905 2396 Χριστὸς
953 2327 1289 2398 ἐπεδήμησε,
1320 2327 1418 2379 καὶ
1456 2328 1527 2381 τὰ
1558 2326 1722 2381 λοιπὰ
1753 2328 1822 2381 τὰ

228 2421 346 2487 παρ’
368 2419 511 2488 ἡμῖν
535 2417 886 2486 ἀπήντηκεν,
912 2417 946 2487 ἢ
976 2418 1356 2488 παραπλήσια.
1388 2419 1484 2470 καὶ
1520 2418 1712 2489 Ἀδὰμ,
1734 2419 1828 2472 καὶ

229 2509 358 2576 δᾳις,
380 2511 485 2562 καὶ
521 2510 576 2561 εἰ
610 2506 768 2577 τύχοι
791 2507 1197 2579 κατακλυσμός.
1245 2507 1319 2560 Τὸ
1346 2508 1402 2560 δὲ
1433 2509 1536 2562 ὑπὸ
1560 2510 1665 2578 γῆν
1683 2509 1828 2582 ὕδωρ

230 2601 431 2671 ἄδηλον,
468 2601 591 2653 εἴτε
622 2599 908 2670 μετέωρον
950 2599 1253 2671 ἀνήρτηται
1280 2599 1511 2671 δυνάμει
1538 2600 1633 2654 τοῦ
1664 2601 1822 2668 Θεοῦ,

228 2690 326 2743 dre
354 2690 452 2743 ἐπὶ
489 2688 819 2759 πνεύματος
849 2690 1080 2759 ὀχεῖται.

230 2800 337 2842 tum
365 2804 375 2813 '

364 2828 379 2841 ⁸

1927 1962 2213 2021 sequetur.
2277 1962 2336 2009 ut
2388 1956 2680 2011 credamus
2727 1972 2840 2011 non
2899 1958 3076 2012 solum
3137 1973 3336 2029 aquas,
3392 1976 3516 2031 quae

1927 2056 2086 2099 erant
2119 2035 2222 2101 sub
2254 2047 2462 2102 visihili
2495 2050 2663 2113 ctelo,
2689 2048 2786 2103 sed
2819 2065 2943 2118 quae
2969 2057 3130 2105 erant
3161 2065 3381 2121 quoque
3411 2053 3515 2107 sub

1928 2135 2220 2202 invisibili,
2258 2138 2313 2192 in
2354 2155 2516 2192 unam
2569 2139 2978 2204 collectionem,
3013 2154 3137 2210 quae
3191 2156 3343 2195 mare
3379 2158 3517 2197 nun-

1928 2238 2187 2299 cupatur,
2224 2229 2597 2285 conﬂuxisse:
2631 2239 2687 2286 et
2718 2231 2800 2287 sic
2827 2232 2893 2287 de
2924 2239 3165 2302 utroque
3190 2232 3515 2303 hemispha-

1929 2321 2015 2375 rio
2049 2323 2144 2375 illa
2176 2323 2343 2378 verba
2393 2323 2795 2394 intelligentur.
2845 2322 3004 2390 Quod
3035 2332 3221 2379 autem
3253 2324 3512 2381 universa

1925 2417 2075 2466 terra
2130 2412 2187 2466 in
2249 2416 2413 2482 aquis
2457 2412 2757 2480 subsistat,
2814 2427 2917 2466 nec
2960 2411 3073 2466 ulla
3104 2413 3176 2467 sit
3203 2426 3333 2482 pars
3365 2411 3512 2481 eius.

1923 2521 2046 2574 quae
2079 2505 2226 2560 infra
2270 2520 2372 2562 nos
2420 2505 2525 2562 sita
2558 2515 2665 2570 est,
2717 2507 2880 2577 aquis
2907 2520 3082 2561 vacua
3121 2515 3175 2561 et
3206 2505 3509 2572 deuudata,

1924 2597 2182 2653 omnibus
2231 2609 2423 2652 notum
2487 2613 2635 2653 reor.
2665 2595 2801 2650 Nam
2848 2597 2932 2652 sic
2983 2597 3144 2652 docet
3180 2595 3508 2668 Scriptura:

1932 2708 1949 2741 ι
1981 2688 2087 2755 Qui
2137 2689 2403 2759 expandit
2457 2696 2663 2743 terram
2722 2703 2893 2759 super
2942 2703 3119 2760 aquas
3148 2689 3216 2741 ⁸³.
3257 2706 3277 2741 ›
3314 2688 3378 2741 Et
3407 2690 3514 2745 ite-

416 2804 437 2839 ι
470 2784 623 2853 Quia
671 2784 797 2855 ipse
849 2798 1017 2855 super
1071 2782 1245 2838 maria
1301 2782 1553 2838 fundavit
1590 2798 1736 2849 eam,
1768 2795 1822 2841 et
1861 2799 2032 2854 super
2097 2783 2320 2838 ﬂumina
2369 2784 2698 2854 praeparavit
2773 2797 2892 2838 eam
2933 2782 3002 2836 δι.
3057 2800 3078 2835 ι
3138 2780 3267 2835 Sola
3318 2781 3509 2851 itaque

227 2887 377 2936 terra:
415 2878 792 2950 superﬁcies,
836 2894 958 2949 qua:
990 2893 1163 2949 penes
1198 2894 1300 2936 nos
1329 2890 1435 2943 est,
1468 2880 1818 2951 intelligitur,
1859 2882 1989 2937 dum
2024 2883 2140 2936 ait:
2195 2899 2215 2934 ι
2261 2881 2683 2952 Congregeutur
2730 2894 2892 2950 aqua:
2931 2878 3036 2934 sub
3103 2879 3264 2934 caelis
3310 2877 3365 2932 in
3430 2876 3514 2930 lo-

225 2988 341 3027 cum
380 2987 583 3026 unum.
643 2989 667 3023 ι
708 2969 981 3026 Similiter
1032 2972 1233 3026 cmlum
1288 2972 1381 3026 hic
1425 2974 1809 3043 accipiendum
1851 2984 1935 3030 est
1982 2991 2082 3045 pro
2121 2975 2491 3040 ﬁrmamento,
2529 2975 2676 3045 quod
2741 2974 2904 3029 nobis
2951 2983 3181 3045 apparet
3226 2982 3283 3027 et
3352 2979 3514 3026 terra

221 3062 529 3133 impendet.
556 3059 678 3116 Nec
712 3061 873 3117 decet
904 3071 962 3116 ut
1006 3062 1304 3118 credamus
1343 3063 1591 3134 aliquam
1616 3073 1821 3120 terram
1863 3066 2009 3120 inira
2042 3082 2145 3122 nos
2173 3068 2283 3121 coli
2327 3075 2523 3121 nostro
2554 3066 2678 3121 orbi
2714 3065 3051 3136 oppositam.
3098 3065 3235 3119 Nam
3302 3062 3348 3119 si
3410 3076 3514 3118 an-

222 3160 431 3230 tipodes
479 3159 705 3226 forent,
756 3168 912 3215 certe
964 3157 1228 3215 Christus
1297 3176 1364 3216 eo
1413 3177 1640 3233 quoque
1702 3162 1988 3232 profectus
2055 3173 2225 3229 esset,
2268 3172 2326 3219 et
2390 3172 2612 3228 caetera,
2675 3178 2795 3233 quae
2823 3163 3102 3232 pertinent
3151 3162 3218 3216 ad
3275 3159 3511 3216 salutem

217 3251 438 3307 humani
506 3252 762 3323 generis,
821 3250 896 3305 ibi
963 3251 1289 3320 perficisset
1328 3253 1544 3316 ;Adam
1612 3255 1832 3322 generis
1872 3256 2050 3310 nostri
2106 3256 2286 3325 prima
2318 3258 2496 3321 origo.
2531 3269 2765 3325 serpens
2808 3255 2903 3324 qui
2967 3253 3270 3309 humanum
3338 3265 3514 3324 genus

219 3348 341 3405 dolo
364 3347 777 3409 circumvenit,
815 3347 1079 3401 nimirum
1147 3356 1203 3403 et
1273 3348 1543 3403 diluvium
1610 3363 1781 3419 penes
1849 3351 2163 3420 oppositam
2212 3324 2493 3425 regionem
2571 3352 2945 3431 exstitissent.
3044 3352 3318 3405 Caeterum
3367 3361 3513 3421 aqua

217 3453 337 3509 qua
368 3436 520 3492 intra
561 3451 670 3491 nos
699 3435 895 3501 fertur,
927 3451 998 3495 an
1026 3437 1287 3493 sublimis
1330 3438 1567 3508 pendeat
1595 3438 1647 3492 id
1680 3450 2022 3509 procurante
2074 3443 2263 3498 divina
2343 3444 2574 3511 virtute,
2626 3442 2715 3499 vel
2804 3448 2995 3497 vento-
3020 3440 3289 3506 vehatur,
3323 3440 3512 3501 incer-

220 3538 332 3584 ιω
366 3538 474 3584 est.

293 3623 590 3693 Στερέωμα
619 3622 685 3676 δέ
712 3639 849 3701 φασι
878 3621 1161 3676 καλεῖσθαι
1193 3620 1285 3676 τὸν
1308 3620 1555 3699 οὐρανὸν,
1585 3623 1617 3695 ἦ
1648 3624 1722 3689 ὡς
1752 3623 1815 3690 ἐξ

1986 3623 2423 3679 Firmamentum
2465 3633 2648 3679 autem
2692 3625 2886 3679 dicunt
2918 3623 3229 3693 nuncupari
3270 3622 3494 3685 cmlum.

238 3714 443 3784 ἁπαλῆς
469 3715 719 3784 παγέντα
739 3714 833 3769 τοῦ
861 3714 1056 3778 ὕδατος
1086 3714 1324 3786 φύσεως,
1349 3715 1380 3786 ἢ
1411 3716 1545 3785 πρὸς
1583 3717 1817 3770 ἀντιδια-

442 3807 544 3877 τῆς
564 3807 681 3860 τῶν
715 3806 1136 3878 ὑπερκειμένων
1158 3807 1393 3876 φύσεως,
1424 3806 1625 3877 λεπτῆς
1650 3807 1816 3880 οὔσης

227 3900 317 3953 καὶ
341 3900 549 3968 ἀραιᾶς
578 3898 680 3952 καὶ
713 3897 839 3952 οὐδὲ
869 3899 971 3970 μιᾷ
990 3896 1625 3969 αἱσθήσεικαταληπτῆς.
1642 3899 1714 3951 Τὸ
1736 3898 1813 3964 δὲ,

226 4011 249 4042 ι
270 3991 357 4045 Ἐν
368 3993 529 4061 μέσῳ
553 3992 651 4045 τοῦ
678 3990 896 4055 ὕδατος,
921 3991 1071 4061 ιῐσην
1082 3989 1233 4061 δηλοῖ
1244 3993 1342 4062 τὴν
1356 3991 1461 4044 τῶν
1478 3992 1815 4062 ἑκατέρωθεν

224 4083 720 4155 ὕδάτωνδιιιίρεσιν
740 4083 1040 4156 ’λέγειγάρ
1059 4100 1073 4113 ·
1100 4102 1119 4136 ι
1151 4084 1332 4137 Ἔστω
1354 4083 1679 4155 διαχωρίζον
1709 4084 1814 4138 ἀνὰ

224 4174 385 4243 μέσον
398 4174 601 4237 ὓδατος
617 4175 716 4227 καὶ
728 4172 925 4236 ὕδατος
936 4189 951 4205 ⁸
966 4193 988 4227 ι
1010 4173 1339 4243 προσεκτέον
1357 4173 1436 4240 δὲ,
1452 4175 1618 4242 φασιν
1629 4213 1644 4239 ,
1666 4175 1815 4238 ὅπως

222 4269 307 4320 ἐπὶ
331 4266 673 4338 διδασκαλίᾳ
701 4265 810 4320 τῶν
858 4266 1105 4338 ἀοράτων
1150 4264 1371 4335 φύσεων
1426 4266 1461 4336 ή
1492 4263 1603 4318 τῶν
1636 4252 1816 4319 *ὄντων

223 4358 441 4428 γέγονεν
492 4358 657 4424 τάξις
678 4375 697 4391 ·
728 4358 797 4423 ἃς
818 4359 989 4430 ἐχρῆν
1020 4357 1110 4413 διὰ
1138 4358 1249 4412 τῶν
1279 4357 1586 4430 γινομένων
1624 4359 1815 4430 μαθεῖν

220 4451 306 4504 τον
329 4450 714 4521 Δημιουργδν,
732 4452 827 4504 καὶ
855 4449 1130 4505 διδάσκειν
1151 4452 1279 4514 τοὺς
1304 4451 1443 4523 μετὰ
1461 4451 1639 4508 ταῦτα
1660 4470 1814 4523 γενο-

228 4543 414 4610 μένους
438 4545 619 4614 ἡμᾶς.
651 4542 813 4596 Κατὰ
856 4543 966 4614 γὰρ
992 4544 1084 4597 τδν
1111 4545 1386 4617 μακάριον
1438 4544 1650 4600 Παῦλον
1678 4547 1816 4619 πρὸς

228 4636 493 4705 ἡμετέραν
543 4635 824 4705 σωτηρίαν
872 4638 994 4699 ταῖς
1042 4636 1212 4700 θείαις
1252 4637 1655 4708 ὑπηρετοῦνται
1683 4638 1811 4708 βου-

227 4725 351 4791 ish.
396 4727 541 4781 Τότε
570 4726 684 4797 γὰρ
718 4726 835 4796 φῶς
858 4728 997 4796 μετὰ
1025 4728 1122 4800 τὴν
1143 4729 1251 4782 τῶν
1288 4729 1520 4797 πρώτων
1551 4730 1812 4802 δημιουρ-

229 4820 336 4883 γίαν
364 4822 435 4872 ὲκ
464 4818 547 4889 μὴ
600 4820 774 4872 ὅντων
824 4821 1143 4891 πεποίηκεν,
1181 4821 1267 4876 ῖνα
1302 4822 1398 4875 καὶ
1442 4824 1642 4886 ἑαυτὰς
1669 4822 1812 4878 οὕτω

224 4912 503 4983 παρῆχθαί
533 4912 801 4983 νοήσωσι·
831 4913 927 4966 καὶ
955 4913 1023 4967 τὰ
1054 4917 1177 4985 μετ’
1206 4915 1387 4969 αὐτῶν
1432 4916 1626 4986 πρῶτα
1654 4934 1812 4986 γεγο-

1924 3733 2019 3773 seu
2049 3717 2195 3787 quod
2228 3724 2546 3771 concretum
2586 3723 2642 3771 et
2691 3728 3038 3787 compactum
3076 3715 3148 3771 sit
3193 3730 3258 3770 ex
3293 3715 3508 3782 simpli.

1923 3809 2151 3864 cissima
2181 3824 2339 3878 aquae
2371 3819 2607 3875 natura;
2643 3824 2764 3874 seu,
2799 3816 2859 3861 ut
2896 3807 3203 3877 distinguat
3234 3815 3286 3862 et
3318 3822 3509 3862 secer-

1922 3909 2018 3955 nat
2070 3901 2138 3955 ab
2199 3900 2559 3955 inferioribus
2622 3899 3005 3956 tenuissimam
3053 3906 3108 3953 et
3162 3899 3502 3955 levissimam

1921 4001 2206 4057 naturam,
2238 3993 2500 4063 nulloque
2524 4006 2692 4047 sensu
2725 3990 3307 4062 comprehensibilem.
3345 3988 3503 4056 Quod

1921 4085 2035 4140 ait:
2066 4107 2091 4136 ‹
2121 4083 2180 4139 ln
2215 4084 2397 4139 medio
2421 4098 2709 4154 aquarum,
2753 4101 2774 4136 ι
2816 4084 2953 4139 satis
3001 4082 3290 4139 evidenter
3314 4083 3503 4150 docet,

1920 4176 2183 4247 aequalem
2224 4178 2487 4248 utrinque
2520 4175 2693 4233 fuisse
2724 4191 2992 4247 aquarum
3024 4175 3383 4231 divisionem.
3408 4173 3505 4230 Sic

1920 4270 2067 4324 enim
2124 4270 2289 4326 habet
2337 4278 2554 4327 textus:
2599 4272 2633 4323 ι’
2677 4269 2996 4339 Distinguat
3051 4269 3202 4324 inter
3239 4283 3411 4339 aquas
3445 4276 3505 4324 et

1921 4377 2117 4434 aquas,
2155 4380 2176 4414 ι
2210 4363 2325 4419 sive
2357 4381 2378 4416 ι
2415 4362 2470 4418 in
2503 4362 2680 4417 medio
2721 4376 3014 4432 aquarum.
3053 4379 3075 4413 ι
3109 4359 3502 4418 Observandus

1919 4458 2004 4509 est
2035 4462 2217 4507 tamen
2252 4451 2389 4508 ordo
2422 4452 2725 4507 visibilium
2751 4459 3159 4511 creaturarum,
3193 4447 3499 4504 secundum

1919 4559 2083 4615 quem
2116 4543 2398 4614 prodiere,
2445 4550 2506 4597 ut
2548 4542 2835 4598 videamus
2856 4555 3020 4611 quam
3056 4539 3289 4594 mirillce
3315 4541 3519 4595 omnia,

1918 4637 2029 4693 huc
2062 4638 2307 4702 tendant,
2341 4643 2404 4689 ut
2448 4650 2513 4690 ex
2553 4635 2641 4690 his
2683 4646 3087 4703 cognoscamus
3115 4629 3413 4685 invisibilia
3444 4640 3500 4687 et

1919 4710 2039 4801 quae
2078 4745 2191 4784 non
2214 4743 2403 4792 sensu,
2426 4727 2521 4783 sed
2548 4726 2664 4781 sola
2698 4733 2885 4779 mente
2911 4722 3337 4794 investigantur.
3360 4720 3497 4776 Nam

1918 4840 1983 4880 ex
2013 4824 2120 4879 illis
2163 4822 2497 4895 pergendum
2554 4827 2673 4875 erat
2731 4821 2787 4874 iu
2821 4819 3075 4875 notitiam
3131 4817 3224 4872 Dei
3260 4816 3496 4887 Opiﬁcis,

1918 4931 2040 4987 quae
2067 4915 2262 4971 deinde
2284 4922 2339 4970 et
2376 4929 2479 4970 nos
2505 4912 2737 4969 docendi
2760 4924 3002 4968 eramus.
3026 4909 3161 4964 Nam
3194 4908 3497 4965 secundum

219 5007 348 5060 νοτα
395 5007 886 5078 δημιουργήματα,
946 5010 1039 5062 καὶ
1092 5010 1256 5063 πάλιν
1290 5012 1383 5064 ἐπὶ
1417 5012 1514 5083 τῆς
1557 5012 1816 5084 δευτέρας

1923 5008 2141 5063 beatum
2172 5005 2424 5069 Paulum,
2460 5006 2697 5061 visibilia
2726 5003 3036 5061 inserviunt
3067 5000 3269 5056 divinis
3312 4998 3500 5055 consi-

222 5096 436 5166 ἡμέρας
462 5097 704 5167 οὐρανὸν
741 5097 998 5166 γενέσθαι
1030 5100 1367 5172 προσέταξεν
1415 5101 1510 5156 τοῦ
1548 5104 1813 5174 προτέρου

221 5188 343 5240 καθ’
370 5189 675 5257 ὁμοιότητα
697 5202 711 5218 ·
735 5188 796 5251 ὃς
837 5190 933 5243 καὶ
963 5190 1055 5245 τὸν
1088 5190 1302 5263 πρῶτον
1327 5193 1423 5247 καὶ
1441 5193 1510 5246 τὰ
1539 5196 1635 5247 σὺν
1666 5194 1816 5266 αὐτῷ

218 5280 362 5333 κατὰ
395 5281 489 5335 τὸν
520 5280 690 5334 αὑτὸν
732 5281 990 5351 γενέσθαι
1038 5286 1303 5355 νομίσωσι
1359 5285 1596 5355 τρόπον’
1639 5296 1817 5358 παρὰ·

220 5370 449 5441 ελήσιον
472 5373 589 5444 γὰρ
623 5376 772 5427 ποιεῖ
794 5377 861 5446 τῇ
892 5375 1058 5443 φύσει
1097 5377 1175 5449 τῷ
1204 5377 1461 5448 προτέρῳ
1500 5378 1592 5432 τὸν
1626 5379 1814 5432 δεύτε-

224 5479 309 5531 ρςν
327 5482 342 5494 ’
368 5464 495 5520 ὅθεν
523 5466 622 5519 καὶ
644 5467 875 5537 οὐρανὸς
900 5469 1133 5541 ἐκλήθη·
1159 5471 1209 5522 εἰ
1241 5475 1336 5524 καὶ
1357 5472 1385 5524 ὁ
1416 5470 1515 5541 μὲν
1537 5470 1597 5535 ἐξ
1620 5470 1811 5537 ὄντων,

222 5557 247 5607 ὁ
265 5555 321 5608 δὲ
343 5557 412 5609 ἐκ
441 5556 524 5629 μὴ
556 5556 726 5613 ὄντων
748 5560 1061 5632 γεγένηται.
1099 5560 1271 5617 Τοῦτο
1298 5562 1407 5634 γὰρ
1430 5563 1694 5635 διαφορὰν
1714 5563 1814 5617 οὐκ

224 5648 510 5718 εἰργάζετο
540 5651 783 5721 φύσεως
813 5655 846 5725 ὴ
866 5655 976 5728 γὰρ
1002 5656 1259 5729 ὁμοιότης
1281 5656 1382 5729 τὴν
1404 5657 1591 5714 πίστιν
1615 5657 1814 5730 παρεί-

320 5836 368 5871 ⁸³
402 5832 558 5893 Psal.
585 5848 788 5905 τηις,
826 5837 909 5916 6.-
944 5839 990 5871 ³⁸
1021 5837 1170 5897 Psal.
1206 5853 1362 5907 mu,
1395 5837 1449 5894 Ξ.

1919 5100 2028 5166 liis,
2064 5099 2158 5154 sed
2191 5098 2259 5152 ad
2304 5109 2549 5153 nostram
2601 5098 2863 5152 salutem.
2896 5095 3216 5164 Postquam,
3250 5110 3370 5161 qtue
3410 5110 3499 5146 m-

1918 5192 2045 5247 dine
2073 5207 2255 5247 rerum
2289 5193 2465 5260 prima
2489 5205 2612 5245 esse
2641 5190 2877 5251 volebat,
2912 5189 2976 5242 de
3015 5187 3190 5240 nihilo
3223 5185 3493 5248 condidit.

1919 5296 2034 5341 tum
2057 5287 2275 5341 demum
2300 5285 2476 5341 lucem
2505 5285 2732 5349 creavit,
2776 5290 2835 5337 ut
2862 5288 3072 5338 caeteras
3119 5288 3387 5337 creaturae
3416 5283 3502 5337 di-

1919 5386 2141 5434 scerent
2185 5377 2353 5432 simili
2411 5378 2644 5441 ratione,
2701 5390 2824 5430 cum
2857 5375 3011 5445 prius
3050 5389 3159 5429 non
3196 5375 3395 5439 forent,
3430 5388 3500 5447 ex

1921 5470 2093 5527 nihilo
2124 5470 2180 5524 in
2206 5470 2501 5524 essentiam
2533 5484 2591 5524 se
2623 5474 2925 5539 promotas.
2951 5466 3219 5522 Praeterea
3250 5466 3500 5553 secundo

1920 5563 2008 5638 die
2039 5561 2237 5618 cmlum
2264 5567 2325 5615 ut
2355 5560 2506 5615 ﬁeret
2529 5560 2835 5629 imperavit,
2870 5558 3016 5629 quod
3038 5557 3256 5629 quidem
3286 5558 3501 5615 consti-

1920 5655 2027 5714 tuit
2065 5654 2132 5713 ad
2159 5654 2571 5711 similitudinem
2594 5652 2756 5723 primi
2780 5652 2925 5721 coeli,
2957 5668 3067 5725 quo
3096 5666 3259 5723 opere
3286 5650 3500 5707 nullum

2106 5780 2222 5817 .1!

2029 5825 2068 5839 ο..
2111 5828 2119 5837 I
2296 5830 2305 5837 ι
