4002 6442
569 345 642 410 τι
1875 340 2244 414 ῬΒΟΕΟΡΠ
2274 342 2518 404 ΘΑΖᾹἩ
3669 325 3672 330 ’
3785 344 3857 410 τε

574 467 696 518 erat
731 459 816 515 vel
866 459 1141 514 ammnius
1201 457 1286 513 vel
1323 455 1630 529 pulchrius.
1683 456 1867 523 Quare
1917 457 2057 512 hoc?
2087 457 2161 512 Ut

2276 462 2431 528 (ετοδ
2485 454 2642 526 καὶὴ
2679 455 2817 528 αὐτὴ
2869 455 3100 525 δύναμις
3147 457 3208 509 τδ
3239 456 3296 510 δν
3351 458 3428 521 εἰς
3454 457 3642 512 οὐσίαν
3682 476 3856 530 μετα-

577 552 860 610 discamus
919 553 1158 622 primum
1211 551 1412 606 ccelum
1447 564 1557 604 non
1598 563 1696 618 per
1719 564 1781 604 se
1821 549 2160 615 substitisse,

577 644 676 702 sed
704 660 769 699 ex
811 642 986 697 nihilo
1011 649 1388 697 constructum
1439 656 1583 706 esse,
1613 647 1673 695 ut
1713 650 1768 694 et
1807 642 2110 696 secundum
2145 660 2158 696 :

577 751 740 807 quam
771 736 842 790 ob
873 749 1098 787 causam
1127 733 1249 802 ejus
1301 732 1634 787 creationem
1679 733 1846 802 priori
1895 731 2164 787 creationi

578 827 832 896 subjecit.
860 824 1020 879 Nulla
1045 823 1188 877 enim
1213 823 1376 876 datur
1416 822 1728 876 diﬂerentia
1761 825 1816 878 in
1841 821 2046 894 Opilice
2073 825 2166 879 illo

577 917 836 971 mirabili.
861 917 987 970 Pari
1015 913 1176 968 modo
1207 921 1264 968 et
1294 914 1471 982 prima
1503 921 1557 967 et
1585 913 1827 968 secunda
1853 913 2002 969 facit.
2025 915 2166 969 llinc

579 1007 706 1063 cmli
743 1023 938 1061 nomen
971 1016 1025 1060 et
1056 1005 1186 1058 huic
1223 1005 1456 1058 inditum
1491 1015 1596 1070 est,
1631 1006 1747 1061 sive
1785 1007 2023 1076 primum
2055 1021 2170 1060 ca:-

579 1099 692 1154 lnm
719 1115 784 1154 ex
829 1099 1078 1168 subjecta
1131 1098 1390 1165 materia,
1449 1108 1501 1152 et
1533 1099 1836 1153 secundum
1885 1114 1950 1153 ex
1991 1099 2170 1152 nihilo

579 1189 872 1246 formatum
907 1191 1005 1245 sit.
1054 1187 1268 1244 Nullam
1311 1190 1416 1244 ista
1457 1189 1760 1259 important
1799 1187 2167 1243 dillerentiam

579 1289 814 1336 naturae.
834 1279 969 1334 Nam
1004 1281 1314 1336 similitudo
1340 1280 1499 1335 ﬁdem
1525 1281 1747 1352 praebet,
1772 1297 1872 1336 nec
1903 1296 2011 1334 non
2049 1280 2167 1349 ipsa

577 1371 824 1440 potentia
862 1369 1072 1432 divina,
1109 1384 1230 1438 qute
1262 1369 1546 1423 materiam
1585 1370 1638 1424 in
1699 1370 1863 1424 aliam
1905 1370 2166 1424 substan-

580 1459 712 1512 tiam
745 1473 842 1528 pro
869 1473 972 1513 suo
1001 1457 1230 1512 arbitrio
1265 1457 1535 1526 digerere,
1568 1457 1676 1527 20
1707 1466 1760 1513 et
1793 1457 2049 1526 ellingere
2078 1472 2170 1527 po-

581 1558 710 1612 test,
741 1559 794 1605 et
833 1566 899 1603 ex
936 1550 1108 1604 nihilo
1149 1549 1494 1604 substantias
1539 1565 1733 1604 creare
1770 1551 1933 1603 valet.
1978 1549 2170 1618 Siqui-

2275 549 2564 613 σκευάζειν
2591 547 2684 601 καὶ
2730 546 2791 613 ἐξ
2824 547 2926 600 οὐκ
2958 545 3128 614 δντων
3159 546 3354 617 ἑτέραν
3380 554 3558 601 ποιεῖν
3582 565 3597 580 ·
3629 551 3856 624 κάκείνη

2271 638 2379 708 γὰρ
2397 641 2620 707 γέγονεν
2637 638 2696 705 ἐξ
2714 638 2814 690 οὐκ
2845 636 2996 700 ὄντος
3013 637 3276 693 τοιούτου.
3299 639 3372 692 Τὸ
3397 639 3476 704 δὲ,
3489 658 3508 690 ι
3545 640 3657 693 Καὶ
3674 641 3862 711 ἐποίη-

2275 746 2368 784 σεν
2397 733 2424 784 ὁ
2457 731 2614 794 Θεὸς,
2646 749 2666 782 ιι
2699 732 2777 793 είς
2809 729 3049 800 ἔμφασιν
3083 729 3302 800 εἴρηται
3320 732 3415 784 τοῦ
3442 734 3518 802 μὴ
3569 731 3728 786 ἄλλον
3758 733 3859 803 μὲν

2272 817 2410 874 εἶναι
2439 821 2530 874 τὸν
2557 819 2958 892 προστάξαντα.
2981 821 3142 874 ἄλλον
3163 822 3222 875 δὲ
3245 822 3336 875 τὸν
3365 824 3690 892 ποιήσαντα.
3719 826 3783 878 Ol
3804 823 3861 878 δὲ

2269 909 2509 974 πλείους,
2529 909 2603 973 ὡς
2621 911 2858 980 εἴρηται,
2881 910 2981 961 οὐκ
3003 911 3084 972 εἰς
3102 909 3452 966 διδασκαλίαν
3465 913 3698 981 λογικῶν
3712 913 3863 968 δυνά-

2273 1015 2420 1067 μεων
2437 999 2515 1062 τὸ,
2540 1015 2558 1048 1
2591 993 2757 1050 Εἶπεν
2786 997 3032 1081 ςζΘεδςρ
3063 999 3248 1067 φασὶν,
3268 998 3384 1051 ἀλλ’
3415 1001 3495 1062 εἰς
3519 1003 3860 1070 παράστασιν

2269 1089 2362 1142 τοῦ
2388 1088 2746 1157 Μονογενοῦς
2773 1090 3070 1159 τοιγαροῦν
3087 1089 3186 1142 οὐκ
3207 1090 3424 1159 εἴρηται
3445 1089 3527 1156 τὸ,
3546 1089 3792 1158 Ἐγένετο
3804 1088 3864 1142 τὸ

2274 1178 2584 1249 στερέωμα,
2612 1179 2800 1243 ἁλλὰ,‹
2824 1179 2934 1232 Καὶ
2964 1180 3222 1250 ἐποίησεν
3241 1181 3269 1232 ὁ
3288 1181 3418 1243 Θεὸς
3433 1181 3495 1234 τὸ
3517 1197 3604 1233 στε
3616 1181 3859 1252 pinum-9

2273 1271 2367 1324 καὶ
2395 1270 2578 1337 πάλιν,
2604 1289 2622 1322 ι
2649 1269 2977 1342 Διεχὼρισεν
3017 1273 3044 1325 ὁ
3071 1271 3200 1336 Θεὸς
3221 1287 3234 1302 °
3263 1291 3282 1324 ι
3313 1271 3374 1325 τὸ
3401 1272 3501 1340 μὲν
3521 1268 3636 1337 οὖν,
3663 1273 3863 1344 «Γενη-

2275 1361 2424 1432 θήτω
2467 1361 2528 1414 τὸ
2585 1363 2908 1431 στερέωμα,
2944 1381 2962 1414 ι
3001 1362 3155 1434 φωνὴ
3205 1363 3303 1432 τῆς
3383 1364 3866 1434 προκαταρκτικῆς

2275 1455 2454 1516 αἰτίας
2476 1470 2490 1483 ·
2525 1453 2586 1506 τὺ
2606 1453 2714 1519 δὲ,‹
2739 1453 2994 1524 Ἐποίησε
3008 1455 3068 1508 τὸ
3094 1455 3432 1525 στερέωμα.»
3455 1455 3554 1524 τῆς
3573 1453 3866 1526 ποιητικῆς

2276 1546 2368 1600 καὶ
2397 1545 2494 1615 τῆς
2529 1544 2932 1616 δημιουργικῆς
2965 1546 3244 1617 μαρτυρία
3275 1547 3579 1616 δυνάμεως.

583 1645 705 1699 dem
741 1653 793 1699 et
819 1645 912 1698 illa
945 1644 1164 1698 condita
1195 1654 1297 1709 est,
1337 1659 1460 1698 cum
1545 1644 1702 1714 prius
1741 1644 1868 1700 talis
1938 1658 2048 1698 non
2082 1641 2243 1698 foret.
2284 1640 2441 1706 Quod
2477 1640 2652 1710 inquit
2683 1657 2696 1693 :
2733 1659 2752 1691 ι
2788 1639 2930 1696 Deus
2982 1639 3128 1705 fecit,
3173 1659 3192 1693 ι
3227 1645 3543 1698 memineris
3591 1657 3715 1698 cum
3741 1656 3865 1697 em—

571 1736 742 1805 .phasi
806 1751 931 1791 esse
993 1735 1398 1806 accipiendum,
1438 1735 1698 1790 videlicet
1735 1750 1817 1791 ne
1847 1735 1973 1806 quis
2019 1742 2173 1806 putet
2209 1731 2376 1787 alium
2437 1746 2562 1787 esse
2621 1732 2716 1802 qui
2745 1731 2960 1802 jnbeat,
2991 1742 3047 1789 et
3077 1735 3244 1789 alium
3276 1735 3374 1816 qui
3416 1735 3602 1791 faciat.
3635 1735 3862 1793 Plurimi

569 1839 735 1895 sunt,
767 1829 861 1898 qui
891 1830 1080 1886 volunt
1112 1847 1126 1884 :
1163 1847 1181 1880 ‹
1205 1827 1349 1884 Dixit
1382 1829 1558 1896 Deus,
1602 1849 1620 1882 ι
1655 1846 1762 1885 non
1794 1830 2181 1901 porrigendum
2222 1843 2309 1894 eo,
2346 1835 2406 1882 ut
2435 1828 2724 1883 credamus
2764 1826 2932 1883 Deum
2968 1844 3064 1899 per
3095 1830 3194 1886 ista
3231 1831 3397 1886 verba
3462 1831 3704 1887 voluisse
3761 1847 3866 1886 an-

569 1925 789 1996 .gelicas
819 1924 1054 1978 virtutes
1077 1921 1320 1976 docere:
1357 1922 1454 1977 sed
1480 1923 1743 1978 statuisse
1771 1923 1964 1977 iisdem
1988 1921 2172 1976 verbis
2211 1919 2372 1974 nobis
2404 1919 2696 1975 ostendere
2725 1918 2924 1974 Filium
2965 1935 3128 1976 suum
3171 1920 3538 1990 unigenitum.
3606 1921 3713 1990 Qui
3785 1931 3862 1995 tit,

583 2023 730 2094 quod
754 2037 867 2077 non
891 2019 1115 2090 scripsit
1144 2018 1358 2075 Moses:
1388 2018 1614 2074 Factum
1635 2019 2174 2081 estlirmamentum,
2215 2014 2308 2070 sed
2353 2016 2582 2085 potius:
2679 2033 2699 2065 ι
2745 2013 2901 2070 Fecit
2951 2013 3098 2070 Deus
3180 2013 3608 2070 (irritamentum.
3647 2035 3665 2069 ι
3713 2017 3866 2074 Prae-

584 2126 733 2170 terea
771 2131 785 2166 :
829 2133 848 2165 ‹
889 2113 1144 2168 Distinxit
1169 2110 1336 2176 Deus,
1379 2131 1399 2164 ι
1431 2123 1539 2168 etc.
1572 2111 1729 2178 Quod
1753 2112 1972 2182 inquit:
2004 2127 2023 2162 ι
2053 2107 2179 2164 Fiat
2213 2107 2640 2172 ﬁrmamentum,
2674 2125 2692 2159 ι
2721 2115 2852 2172 etc.,
2883 2122 2986 2161 vox
3013 2116 3096 2162 est
3123 2106 3312 2177 primas
3369 2121 3553 2164 causae
3610 2109 3862 2175 initialis,

583 2205 740 2274 Quod
763 2209 879 2260 ait:
918 2223 934 2257 ι
973 2203 1125 2260 Fecit
1165 2206 1593 2269 firmamentum,
1625 2224 1644 2257 ο
1681 2215 1814 2267 etc.,
1849 2202 2091 2287 creantis
2117 2212 2171 2257 et
2207 2200 2499 2257 elﬁcientis
2539 2215 2723 2256 causae
2761 2201 3138 2256 testimonium
3169 2209 3274 2256 est.

653 2295 1086 2352 Firmamentum
1147 2295 1565 2351 distinctionem
1617 2310 1890 2366 aquarum
1935 2293 2160 2349 invexit.

2346 2293 2418 2346 Τὸ
2464 2291 2510 2346 δ’
2555 2288 2650 2346 οὖν
2683 2293 2974 2362 στερέωμα
3023 2289 3342 2362 διεχώριζεν
3389 2291 3494 2345 ἀνά
3541 2293 3707 2362 μέσον
3763 2291 3859 2346 τοῦ

581 2386 717 2445 Nam
745 2402 900 2456 aquae
929 2387 1217 2442 inundatio
1244 2395 1367 2442 erat
1399 2387 1636 2450 inlinita,
1675 2399 1728 2442 et
1762 2385 2066 2455 superabat
2089 2398 2174 2439 re-

582 2477 883 2550 liquorum,
938 2477 985 2532 si
1019 2479 1376 2543 contulisses,
1433 2479 1832 2532 elementorum
1867 2474 2180 2546 proportio-

584 2586 730 2625 nem.
793 2568 935 2624 Hinc
984 2585 1094 2624 non
1129 2570 1408 2624 immerito
1461 2569 1640 2640 abyssi
1695 2583 1895 2622 nomen
1949 2565 2176 2621 invenit.

571 2659 716 2714 {lum
743 2659 874 2714 huic
899 2659 1158 2714 universo
1182 2675 1320 2727 onus
1345 2667 1492 2714 esset
1517 2661 1790 2714 elemento
1815 2658 2008 2728 ignito,
2033 2655 2180 2726 quod

584 2751 870 2806 resisteret
917 2766 1092 2822 aquas,
1127 2753 1474 2820 alterumque
1502 2752 1836 2806 elementum
1864 2751 1916 2804 in
1947 2751 2178 2804 alterum

573 2841 977 2904 resolveretur,
1026 2857 1094 2895 ne
1119 2841 1452 2917 elementum
1512 2843 1656 2911 ignis
1705 2841 1984 2898 cﬂicacius
2007 2850 2182 2910 etpov

568 2931 794 2986 ~tenlius
846 2931 1094 3001 reliquis,
1144 2933 1390 3002 aquatile
1436 2932 1769 2987 elementum
1801 2937 2178 2993 consumeret,

583 3031 640 3076 et
673 3023 919 3076 universi
951 3021 1319 3076 destructioni
1355 3023 1706 3076 occasionem
1739 3021 2028 3092 przrberet,
2056 3034 2181 3088 pro-

590 3110 743 3168 vidus
787 3109 930 3166 Deus
961 3122 1167 3165 tantam
1205 3125 1360 3179 aqua-3
1411 3112 1520 3164 vim
1553 3111 1861 3177 substituit,
1897 3125 2019 3180 qum
2050 3123 2180 3178 pos-

586 3213 694 3264 set,
721 3217 954 3257 manens
986 3204 1132 3256 intra
1168 3203 1523 3272 praescriptos
1573 3201 1741 3270 hujus
1771 3216 2018 3270 operosa:
2061 3213 2180 3252 ma-

585 3292 768 3350 chinae
796 3294 1020 3358 limites,
1059 3295 1224 3348 reniti
1249 3296 1524 3348 elemento
1554 3293 1720 3364 ignis,
1759 3309 1826 3347 ne
1863 3292 2084 3362 penitus
2112 3289 2181 3345 ab

589 3385 710 3455 ipso
748 3383 1154 3439 absumeretur.
1173 3383 1358 3438 Isaias
1386 3385 1568 3452 inquit
1595 3401 1610 3436 :
1648 3383 1972 3436 «.Futurnm
2007 3391 2091 3437 est
2122 3388 2180 3434 ut

585 3471 772 3527 omnia
807 3472 1207 3525 comburantur
1265 3473 1390 3541 igne
1440 3471 1510 3527 ".
1564 3490 1584 3523 ι
1620 3469 1688 3524 Et
1734 3471 1972 3525 iterum:
2018 3488 2036 3521 ι
2074 3468 2180 3536 Qui

585 3561 724 3616 dicit
763 3563 983 3633 abysso,
1023 3561 1077 3616 In
1111 3563 1464 3618 solitudinem
1508 3561 1774 3632 redigeris
1808 3562 1876 3616 ⁵⁸.
1920 3581 1938 3613 ι
1971 3561 2035 3614 Ει
2075 3562 2180 3616 ite-

2281 2382 2472 2446 ὓδατος
2503 2383 2600 2436 καὶ
2634 2381 2726 2436 τοῦ
2768 2382 2987 2445 ὓδατος·
3013 2381 3242 2452 ἄπειρος
3274 2381 3384 2452 γὰρ
3407 2379 3477 2454 ἦν
3509 2382 3619 2437 τῶν
3649 2383 3864 2437 ὑδάτων

2277 2478 2310 2548 ἡ
2348 2477 2528 2547 χύσις,
2575 2476 2652 2539 ὡς
2709 2475 2808 2548 τὴν
2857 2476 2968 2528 τῶν
3011 2475 3187 2529 ἄλλων
3236 2477 3522 2547 στοιχείων
3569 2475 3864 2545 ἀναλογίαν

2279 2567 2589 2620 ἐκϐαίνειν·
2643 2567 2770 2620 ὅθεν
2823 2566 2919 2618 καὶ
2951 2565 3226 2631 ἄϐυσσος
3256 2566 3506 2636 εἴρηται·
3556 2566 3864 2634 ἀναγκαίας

2278 2657 2388 2727 γὰρ
2408 2655 2575 2728 οὔσης
2608 2657 2685 2728 τῷ
2707 2657 2876 2710 παντὶ
2902 2659 3004 2727 τῆς
3034 2655 3130 2708 τοῦ
3161 2657 3334 2726 πυρὸς
3366 2656 3552 2720 οὐσίας
3586 2659 3682 2710 καὶ
3705 2657 3865 2712 ὲναν-

2277 2749 2400 2812 τίας
2421 2749 2500 2818 τῷ
2537 2749 2711 2812 ῦδατι,
2735 2749 2812 2812 ὼς
2838 2749 3118 2819 φθαρτικὰ
3148 2749 3440 2818 τυγχάνειν
3471 2749 3737 2820 ἀλλήλων,
3773 2751 3863 2804 ἵνα

2283 2835 2357 2907 μὴ
2389 2837 2828 2908 δραστικώτερον
2858 2837 3106 2907 ὑπάρχον
3152 2836 3214 2889 τὸ
3261 2835 3370 2908 πῦρ
3416 2833 3730 2906 ὲξαναλὼσῃ
3760 2835 3865 2906 τὴν

2279 2927 2376 2980 τοῦ
2406 2927 2598 2992 ὕδατος
2626 2927 2810 2996 φύσιν,
2843 2927 2940 2981 καὶ
2980 2930 3045 2998 τῇ
3093 2926 3188 2980 τοῦ
3227 2927 3431 2990 παντὸς
3471 2927 3714 2980 διαλύσει
3751 2943 3865 2980 πα-

2273 3021 2468 3092 ράσχῃ
2519 3019 2618 3092 τὴν
2665 3020 2922 3091 ἀφορμὴν
2951 3061 2966 3086 ,
3018 3019 3266 3090 προνοῶν
3313 3021 3340 3072 ὁ
3394 3019 3548 3084 Θεὸς,
3592 3017 3867 3088 τοσαύτην

2281 3111 2453 3182 ὑγροῦ
2484 3111 2647 3180 φύσιν
2675 3109 3006 3180 ύπέστησεν,
3037 3108 3185 3162 ὥστε
3231 3108 3396 3179 μέχρι
3438 3107 3548 3160 τῶν
3583 3109 3867 3174 τεταγμέ-

2279 3223 2388 3260 νων
2431 3204 2574 3273 ὅρων
2603 3203 2704 3274 τῆς
2736 3201 2832 3256 τοῦ
2881 3203 3088 3272 κόσμου
3135 3201 3450 3262 συστάσεως
3489 3201 3632 3252 κατὰ
3663 3198 3869 3272 μικρὸν

2274 3297 2344 3366 τῇ
2405 3294 2634 3365 δυνάμει
2688 3292 2782 3347 τοῦ
2841 3293 3014 3364 πυρὸς
3082 3294 3330 3362 ἀντέχειν
3401 3293 3862 3362 ἀναλισκόμενον.

2281 3386 2477 3438 Ἔσται
2536 3384 2726 3455 μέντοι
2783 3385 2882 3437 καὶ
2911 3385 2999 3437 ὅτε
3043 3385 3112 3437 τὰ
3144 3384 3324 3438 πάντα
3366 3384 3868 3454 καταφρυγήσεται

2277 3475 2355 3546 τῷ
2388 3477 2521 3548 πυρὶ
2557 3517 2571 3541 ,
2606 3475 2682 3539 ὦς
2733 3493 2898 3546 φησιν
2923 3477 3150 3540 Ἡσαΐας
3171 3490 3184 3504 '
3210 3495 3230 3529 ι
3251 3479 3310 3530 '0
3331 3476 3505 3545 λέγων
3533 3479 3597 3547 τῇ
3614 3476 3866 3548 άὸύσσῳ,

2289 3566 2658 3638 Ἐρημωθήσῃ
2679 3609 2692 3630 ,
2729 3568 2824 3620 καὶ
2860 3567 3070 3632 πάντας
3093 3569 3220 3632 τοὺς
3253 3567 3534 3638 ποταμούς
3568 3585 3660 3621 σου
3689 3567 3870 3640 ξηρα-

586 3668 710 3708 rum
749 3669 764 3706 :
796 3671 814 3703 ‹
848 3652 1043 3708 Omnia
1076 3653 1300 3707 [lumina
1349 3661 1441 3706 tua
1472 3651 1698 3706 siccabo
1742 3651 1812 3705 ⁸⁷.
1850 3669 1868 3702 ι
1901 3649 2174 3706 Craterum

2279 3637 2361 3709 νῶί
2381 3674 2394 3689 ο
2436 3637 2456 3710 δ
2487 3637 2579 3710 διά
2609 3655 2769 3734 τοῦτο
2801 3657 2900 3728 μὲν
2925 3652 3018 3713 οῦν
3043 3657 3250 3728 πλῆθος
3278 3658 3389 3711 τῶν
3406 3637 3644 3715 ίὺδάτων.
3670 3637 3779 3712 Διά
3811 3657 3868 3712 τί

584 3761 752 3815 quam
783 3745 854 3799 ob
883 3759 1108 3800 causam
1143 3761 1172 3798 a
1204 3744 1315 3800 Deo
1337 3745 1582 3798 admissa
1608 3743 1681 3798 sit
1719 3753 1868 3796 tanta
1905 3757 2174 3812 aquarum

573 3835 768 3904 cepia,
816 3835 954 3891 satis
1002 3835 1164 3888 modo
1214 3833 1641 3888 declaravimus.
1695 3832 1954 3888 Nascitur
1992 3842 2178 3888 tamen

575 3928 840 3998 quaestio,
875 3941 1046 3994 quare
1081 3939 1352 3994 aquarum
1378 3925 1645 3978 medietas
1669 3939 1836 3992 supra
1867 3923 2178 3979 ﬁrmamen-

577 4025 704 4071 tum
738 4023 1004 4070 convecta
1041 4015 1134 4070 sit.
1166 4012 1366 4068 Verum
1395 4015 1510 4070 haec
1538 4015 1762 4092 dabitur
1789 4029 1956 4069 causa
1985 4029 2000 4066 :
2034 4013 2176 4072 Deus

581 4107 795 4168 lucem,
859 4106 1054 4170 solem,
1115 4106 1304 4159 lunam
1345 4113 1629 4174 astraque,
1663 4120 1898 4175 quorum
1929 4106 2176 4160 omnium

573 4195 903 4252 substantia
932 4195 1103 4264 ignita
1129 4204 1238 4259 est,
1276 4195 1553 4264 disposuit
1592 4196 1660 4250 ad
1695 4212 1819 4250 eum
1849 4195 2095 4264 modum,
2119 4207 2180 4253 ut

573 4295 794 4343 anetum
823 4301 985 4341 suum
1012 4287 1067 4340 in
1095 4287 1442 4342 ﬁrmamento
1467 4297 1812 4358 peragerent.
1849 4287 1918 4344 At
1947 4289 2089 4358 ignis
2112 4303 2176 4344 ea

585 4388 783 4434 natura
815 4386 921 4441 est,
977 4386 1039 4432 ut
1071 4378 1362 4447 congelata
1387 4387 1442 4432 et
1475 4394 1542 4432 ex
1577 4379 1736 4448 aquis
1784 4374 2041 4437 codereta
2073 4395 2176 4450 p0-

575 4474 764 4522 ienter
791 4467 1026 4538 dissipet
1055 4476 1110 4522 et
1140 4466 1430 4522 dissolvat.
1485 4467 1562 4524 Ne
1616 4469 1784 4540 igitur
1825 4469 1880 4523 id
1932 4471 2176 4524 eveniret

579 4561 725 4619 forte
750 4564 910 4629 coelo,
948 4562 1270 4618 necessario
1293 4570 1502 4616 tantam
1537 4579 1805 4632 aquarum
1841 4563 2198 4620 alﬁuentiam‘

573 4658 642 4714 a'n
665 4661 949 4728 superiore
977 4658 1203 4728 regione
1229 4659 1539 4726 collocavit,
1558 4673 1680 4730 quae
1711 4661 1912 4714 cmlum
1943 4659 2177 4714 illaesum

567 4758 637 4808 «et
673 4751 994 4805 inviolatum
1029 4753 1099 4806 ab
1147 4751 1292 4821 ignis
1322 4751 1521 4807 ardore
1557 4760 1940 4808 conservaret.
1971 4749 2174 4806 Verum

571 4841 640 4896 .in
662 4841 808 4895 hunc
825 4842 1048 4896 modum
1069 4842 1276 4912 placuit
1301 4845 1412 4900 Deo
1440 4843 1582 4898 tueri
1605 4845 1806 4899 caelum
1829 4860 2173 4914 supremum,

571 4933 709 4990 dicet
737 4935 855 4989 sola
880 4933 1002 5004 ejus
1025 4935 1284 4990 voluntas
1315 4936 1362 4988 ei
1389 4936 1622 4990 salutem
1654 4944 1708 4991 et
1739 4937 2168 4992 incolumitatem

574 5035 848 5097 praestare
887 5029 1179 5097 potuisset.
1212 5027 1497 5098 Siquidem
1531 5037 1586 5085 et
1620 5038 1810 5084 nostra
1831 5045 2064 5101 corpora
2089 5030 2172 5084 in-

570 5125 734 5188 tegra
771 5134 991 5175 servare
1018 5119 1287 5176 valuisset
1315 5121 1523 5190 absque
1560 5121 1838 5175 alimentis
1871 5140 1886 5176 :
1920 5131 1974 5176 et
2005 5121 2080 5176 ita
2106 5136 2170 5176 ea

572 5207 864 5276 ordinare,
889 5216 950 5263 ut
981 5210 1122 5264 citra
1153 5211 1540 5266 necessitatem
1571 5210 1958 5266 alimentorum
1990 5211 2047 5265 in
2071 5225 2167 5265 sua

575 5298 896 5368 integritate
925 5311 1329 5371 permanerent.
1374 5301 1547 5371 quue
1577 5303 1877 5370 evenisset,
1923 5303 1969 5358 si
2003 5301 2168 5356 modo

577 5392 837 5446 voluntas
861 5390 982 5462 ejus
1005 5393 1083 5448 rei
1115 5393 1411 5450 elliciendee
1437 5392 1724 5449 adfuisset.
1759 5394 1956 5448 Verum
1991 5393 2047 5448 in
2085 5391 2166 5448 fu-

583 5487 710 5533 turo
741 5481 943 5536 saeculo
969 5482 1020 5536 id
1042 5483 1346 5554 continget.
1371 5485 1540 5554 Aquae
1563 5498 1728 5554 supra
1761 5483 2167 5540 ﬁrmamentum

573 5570 814 5636 collatae,
839 5585 951 5627 non
1002 5573 1180 5628 solum
1219 5575 1382 5645 primi
1433 5575 1559 5631 caeli
1605 5575 2044 5632 incolumitatem
2065 5585 2165 5631 -ιιι-

2276 3748 2332 3801 δὲ
2359 3747 2454 3804 καὶ
2487 3749 2627 3820 ὑπὲρ
2656 3749 2716 3802 τὸ
2765 3751 3055 3822 στερέωμα
3089 3751 3262 3822 ἣμισυ
3307 3751 3402 3804 τοῦ
3429 3751 3622 3814 ῦδατος
3659 3751 3866 3805 ἀναῦἐο

2277 3839 2484 3912 ϐλητος
2531 3839 2723 3912 ἐπειδὴ
2755 3841 2855 3913 τὴν
2885 3841 2979 3896 τοῦ
3015 3843 3192 3910 φωτὸς
3225 3843 3412 3897 οὐσίαν
3445 3843 3544 3914 τὴν
3575 3841 3668 3896 τοῦ
3703 3842 3866 3914 ἡλίου

2278 3928 2422 4000 φημὶ
2451 3929 2546 3982 καὶ
2572 3929 2807 4000 σελήνης
2832 3931 2928 3984 καὶ
2953 3931 3169 4001 ἄστρων
3196 3929 3420 4002 πυρώδη
3449 3947 3507 3982 τε
3533 3929 3627 3984 καὶ
3658 3929 3869 3998 πολλὴν

2277 4018 2446 4075 οὖσαν
2495 4021 2591 4074 ἐπὶ
2641 4021 2736 4074 τοῦ
2789 4021 3172 4094 στερεώματος
3223 4023 3409 4076 ἔταττε
3447 4021 3716 4076 ποιεῖσθαι
3764 4022 3868 4092 τὴν

2277 4113 2520 4184 κίνησιν.
2577 4115 2746 4178 Φύσις
2802 4115 2860 4170 δὲ
2906 4114 2981 4185 τῷ
3030 4116 3167 4186 πυρὶ
3196 4116 3294 4187 τὴν
3341 4115 3729 4187 κρυσταλλώδη
3769 4115 3870 4168 καὶ

2277 4203 2334 4270 ἐξ
2370 4203 2580 4259 ὑδάτων
2624 4208 2943 4276 πεπηγυῖαν
2991 4206 3206 4270 οὐσίαν,
3267 4207 3430 4277 οἵπερ
3486 4207 3700 4276 ἐστὶνὴ
3763 4205 3867 4258 τοῦ

2281 4296 2668 4368 στερεώματος
2725 4297 2962 4368 χαυνοῦν
3015 4315 3075 4351 τε
3112 4301 3206 4352 καὶ
3250 4297 3521 4351 διαλύεινο
3554 4297 3630 4359 ὡς
3675 4297 3746 4350 ἂν
3789 4296 3868 4368 μὴ

2275 4388 2438 4444 τοῦτο
2475 4389 2691 4459 γένοιτο
2733 4390 2861 4461 περὶ
2899 4389 2988 4444 τὸν
3037 4388 3288 4458 οὐρανὸν,
3343 4389 3658 4458 ἀναγκαίως
3707 4391 3870 4460 αὐτῷ

2275 4483 2550 4554 τοσαύτην
2583 4479 2950 4552 ὑπερκεῖσθαι
2999 4480 3094 4535 τοῦ
3127 4481 3321 4544 ῦδατος
3365 4481 3634 4550 πεποίηκε
3670 4481 3865 4549 φύσιν,

2275 4575 2375 4644 ὅση
2415 4572 2708 4637 διασώζειν
2761 4573 3019 4644 ἀκαίριον
3071 4573 3343 4642 ἤμελλεν·
3375 4572 3519 4626 οὕτω
3573 4572 3666 4625 τοῦ
3717 4570 3868 4626 Θεοῦ

2279 4665 2576 4736 φυλάττειν
2607 4665 2772 4718 αὑτὸν
2800 4664 3217 4733 εὖδοκήσαντος,
3237 4665 3286 4716 εί
3311 4665 3404 4716 καὶ
3429 4665 3564 4734 μόνη
3603 4662 3870 4734 βουλήσει

2273 4757 2435 4811 τοῦτο
2462 4757 2730 4828 πράττειν
2763 4755 3018 4826 ἠδύνατο,
3035 4754 3287 4826 καθάπερ
3320 4757 3412 4808 τὸν
3443 4754 3661 4826 πρῶτον
3688 4757 3872 4826 ούρα-

2275 4847 2387 4902 νόν.
2427 4848 2583 4902 Ἐπεὶ
2636 4849 2732 4903 καὶ
2786 4847 2886 4918 τὴν
2940 4849 3218 4920 ἡμετέραν
3275 4847 3454 4918 σάρκα
3501 4849 3596 4902 καὶ
3648 4851 3875 4920 τροξρῆς

2275 4939 2445 5009 χωρὶς
2487 4939 2776 5004 διασώζειν
2811 4939 3044 5008 ἢδύνατο
3073 4941 3170 4994 καὶ
3205 4939 3388 5012 μένειν
3422 4941 3517 4992 ἐπὶ
3559 4939 3654 4993 τοῦ
3685 4941 3872 4996 αὑτοῦ

2277 5029 2726 5111 παρασκευάὶσαι,
2763 5029 2790 5082 ὃ
2817 5030 2882 5101 δὴ
2931 5031 3027 5084 καὶ
3060 5031 3153 5082 ἐπὶ
3193 5032 3290 5084 τοῦ
3321 5030 3608 5102 μέλλοντος
3660 5030 3876 5096 αἰῶνος

2275 5121 2600 5191 ἐργάσεται.
2636 5122 2720 5176 Τά
2749 5121 2804 5175 δὲ
2849 5123 3180 5194 ἐπικείμενα
3229 5121 3397 5175 ῦδατα
3443 5123 3505 5174 οὐ
3541 5123 3702 5192 μόνον
3735 5139 3877 5176 συν-

2273 5215 2438 5283 τηρεῖ
2461 5213 2555 5267 τὸν
2597 5213 2849 5284 οὐρανὸν,
2891 5212 3029 5268 ἀλλὰ
3077 5215 3173 5267 καὶ
3216 5213 3316 5286 τὴν
3346 5212 3524 5282 φλόγα
3565 5213 3659 5266 τοῦ
3699 5214 3871 5282 ἡλίου

2273 5306 2370 5360 καὶ
2403 5305 2633 5378 σελήνης
2685 5307 2838 5362 κάτω
2891 5307 3128 5378 πέμπει·
3159 5310 3208 5362 εί
3256 5306 3367 5378 γὰρ
3411 5301 3481 5377 ἦν
3521 5304 3798 5376 διαφανὴς
3846 5307 3878 5360 ὁ

2273 5397 2525 5466 οὐρανὸς,
2565 5398 2662 5470 ὅλη
2721 5399 2836 5453 ἄνω
2878 5398 3102 5470 ἔτρεχεν
3157 5399 3194 5471 ἡ
3241 5399 3424 5470 αὐγή·
3483 5398 3546 5452 τὸ
3579 5399 3687 5468 γὰρ
3748 5397 3876 5470 πῦρ

2275 5490 2557 5563 ἀνωφερὲς
2577 5507 2593 5523 ο
2617 5489 2912 5564 ὲπυκνώθη
2937 5493 3120 5546 τοίνυν
3157 5495 3270 5557 τοῖς
3300 5491 3510 5548 ἄνωθεν
3551 5490 3741 5546 ὕδασιν
3789 5491 3878 5556 ὡς

2274 5583 2490 5656 ἀντωθῇ
2523 5583 2624 5655 τὴν
2662 5584 2841 5655 αὐγὴν
2871 5585 3012 5658 πρὸς
3037 5585 3108 5641 τὰ
3129 5585 3283 5641 κάτω
3311 5587 3534 5658 χωρεῖν.

525 5693 528 5698 -
575 5669 788 5729 tantur,
820 5663 916 5719 sed
940 5672 996 5720 et
1021 5665 1186 5721 aliam
1219 5668 1422 5725 habent
1445 5669 1917 5734 commoditatem,
1951 5670 2166 5726 scilicet
2203 5675 2354 5745 quod
2385 5677 2518 5736 solis
2559 5677 2817 5750 lunaeque
2851 5677 3040 5735 radios
3081 5677 3348 5736 deorsum
3411 5674 3736 5752 impellunt,
3811 5679 3882 5730 ut

649 5773 699 5806 "
738 5773 846 5832 lsa.
879 5791 1076 5849 xxxnt,
1113 5777 1204 5832 12.
1277 5781 1325 5812 ⁸⁸
1365 5779 1467 5838 lsa.
1508 5796 1618 5852 xu,
1652 5781 1738 5860 l8.
1818 5782 1864 5815 ⁸⁷
1905 5780 2007 5841 lsa.
2049 5798 2164 5852 xu,
2204 5781 2266 5846 6..
