4002 6432
488 328 558 393 ’75
1804 321 2152 383 PROCOPII
2212 322 2455 383 GAZJEI
3678 318 3748 381 Ἰῐὶ

489 442 688 499 iterum
720 438 1084 510 applicentur,
1122 433 1265 505 quod
1301 432 1522 505 quidem
1558 431 1919 489 Ecclesiastes
1960 431 2073 485 evi-

2186 430 2445 502 Ἀλλαχοῦ
2491 433 2524 501 ὴ
2558 429 2748 501 Γραφή
2775 445 2790 462 ο
2818 448 2836 481 ι
2868 430 2937 483 Ἦ
2958 426 3059 499 ἐμὲ
3089 426 3150 480 οὐ
3173 427 3549 498 φοϐηθήσεσθε
3573 425 3752 495 ,λέγει

488 533 683 587 denter
704 531 862 588 docet
889 529 1042 585 hisee
1067 527 1249 583 verbis
1279 545 1292 580 :
1327 544 1345 578 ι
1378 524 1572 579 Omnia
1602 522 1830 578 flumina
1860 524 2065 579 vadunt

2177 523 2397 595 Κύριος,
2414 522 2506 576 τὸν
2526 522 2745 576 τιθέντα
2771 522 2957 592 ἄμμον
2974 522 3122 591 ὅριον
3139 522 3204 591 τῇ
3225 518 3531 592 θαλάσσῃ.»
3550 520 3615 572 Ἢ
3643 519 3754 591 γὰρ

489 624 546 679 in
579 638 748 688 mare,
800 630 854 677 et
907 636 1053 674 mare
1101 620 1279 688 ipsum
1324 632 1435 671 non
1483 616 1743 686 impletur
1768 620 1832 668 ‘°.
1869 635 1887 668 ι
1925 614 2068 669 Alibi

2177 614 2243 670 ἂν
2268 614 2507 684 Ἐρυθρὰ
2557 614 2800 668 θάλασσα
2846 614 2947 685 τὴν
3003 614 3279 681 Αιγυπτον
3306 612 3524 665 ἃπασαν
3562 627 3758 664 ταπειο

488 730 711 785 quoquc
740 714 925 783 inquit
956 711 1239 779 Scriptura
1273 725 1286 762 :
1329 726 1349 760 ι
1391 708 1474 760 An
1516 722 1601 760 me
1625 724 1733 762 non
1776 706 2070 769 timebitis,

2178 705 2407 777 νοτέραν
2438 704 2603 759 οὖσαν
2635 704 2960 759 ἐπέκλυσεν.

487 808 621 862 dicit
643 803 940 861 Dominus?
974 810 1068 856 aut
1113 816 1144 855 a
1181 800 1321 854 faeie
1349 813 1468 855 mea
1518 816 1621 854 non
1652 799 2131 856 contremiscetis?
2168 801 2264 869 qui
2327 799 2485 870 posui
2533 813 2758 854 arenam
2788 799 3084 853 terminum
3151 796 3325 851 maris
3387 796 3442 851 in
3490 804 3756 853 statutum

490 913 834 972 perpetuum,
866 913 967 954 nec
995 895 1249 951 transibit
1278 909 1402 949 eum
1435 896 1501 948 °'.
1542 912 1561 945 ι
1588 892 1650 948 Ni
1699 896 1846 949 enim
1876 896 2059 951 divina
2117 892 2468 950 Providentia
2497 894 2644 949 intra
2675 895 3021 965 praestitutos
3060 892 3330 948 terminos
3397 894 3572 946 maria
3611 908 3764 948 conn

489 992 766 1051 linuisset,
798 986 1046 1059 profecto
1096 1004 1247 1045 mare
1312 989 1558 1044 Rubrum
1610 991 1925 1047 universam
1962 988 2465 1061 Egyptum,cujus
2490 993 2633 1046 situs
2662 990 2925 1044 humilior
2956 998 3042 1046 est
3087 988 3207 1052 illo,
3268 1002 3538 1058 aquarum
3588 988 3762 1043 inun-

486 1083 711 1140 dationc
738 1079 1052 1136 delcvisset.

556 1176 823 1231 Mirantur
850 1175 1042 1245 aliqui,
1061 1190 1185 1246 quae
1209 1175 1385 1247 possit
1413 1173 1688 1245 assignari
1724 1170 1889 1236 ratio,
1915 1167 2064 1238 quod

2238 1166 2364 1230 Πῶς
2416 1166 2474 1220 δὲ
2530 1168 2614 1231 είς
2679 1170 2811 1238 μίαν
2852 1171 3177 1244 συναγωγὴν
3225 1173 3611 1239 κελευσθέντος
3657 1175 3760 1230 τοῦ

487 1267 685 1322 dixerit
721 1265 865 1321 Deus
895 1283 909 1320 ε
951 1285 968 1316 ι
1001 1266 1056 1320 In
1094 1281 1258 1321 unam
1286 1267 1671 1322 collectionem
1703 1273 2071 1332 congregetur

2177 1257 2379 1321 ὓδατος,
2406 1260 2486 1323 εἰς
2506 1258 2601 1322 τὰς
2642 1261 2963 1330 συναγωγὰς
2992 1263 3193 1331 αὐτῶν,
3213 1267 3347 1335 φησὶ
3368 1306 3382 1329 ,
3417 1267 3652 1337 συνήχθη
3682 1269 3765 1321 τὰ

488 1373 629 1429 aqua
654 1373 670 1423 ;
715 1375 733 1408 ι
772 1356 972 1413 deinde
995 1357 1346 1427 subjunxerit
1374 1377 1387 1412 :
1416 1375 1435 1408 ι
1468 1356 1525 1411 ln
1555 1356 1914 1412 collectioncs
1939 1367 2071 1407 suas

2177 1345 2369 1409 ὕδατα,
2393 1348 2491 1400 καὶ
2522 1348 2738 1411 πλείους
2765 1351 2821 1402 αἱ
2845 1350 3114 1407 θάλασσαι
3135 1354 3454 1422 φαίνονταις
3491 1358 3605 1411 Μία
3655 1357 3766 1427 μὲν

488 1456 833 1521 congregatze
863 1460 997 1503 sunt
1028 1463 1204 1518 aquae.
1232 1467 1249 1499 ι
1280 1447 1353 1501 Ex
1387 1448 1473 1503 his
1499 1448 1625 1501 licet
1657 1444 1938 1515 conjicere
1960 1455 2070 1496 non

2177 1433 2265 1491 οῦν
2295 1436 2514 1509 εἴρηται
2538 1441 2832 1512 συναγωγὴ
2862 1442 3345 1518 ἀντιδιαιρουμὲνη
3382 1450 3449 1518 τῇ
3485 1446 3648 1520 ξηρᾷ,
3676 1447 3767 1512 ὡς

489 1558 659 1596 unum
701 1558 821 1600 esse
848 1556 1022 1604 mare,
1053 1540 1145 1595 sed
1178 1540 1434 1609 plurima.
1489 1539 1584 1593 Sic
1618 1534 2017 1607 respondemus
2050 1551 2064 1589 :

2177 1527 2308 1598 μίαν
2360 1529 2459 1599 μὲν
2493 1524 2632 1583 εἶναι
2678 1529 2846 1600 κοινῷ
2902 1531 3052 1604 λόγῳ
3080 1534 3181 1604 τὴν
3227 1535 3356 1605 γῆν,
3388 1537 3516 1607 μίαν
3559 1538 3616 1591 δὲ
3651 1538 3787 1610 τὴν.

488 1635 768 1702 Aquarum
797 1633 1052 1688 collectio
1075 1647 1181 1685 una
1212 1630 1433 1700 quidem
1466 1637 1661 1683 vocata
1695 1636 1781 1685 est
1808 1633 2065 1696 respectu

2177 1619 2455 1675 θάλασσαν
2478 1637 2491 1652 ⁸
2527 1622 2626 1692 μία
2659 1622 2717 1676 δὲ
2746 1619 2879 1677 οῦσα
2907 1625 3207 1694 διαιρέσεις
3243 1628 3355 1697 ἔχει
3389 1632 3484 1683 καὶ
3519 1631 3769 1694 κόλπους

488 1724 680 1787 arida),
716 1739 838 1793 quae
865 1733 919 1779 et
940 1723 1059 1792 ipsa
1088 1737 1195 1777 una
1216 1730 1320 1777 est.
1352 1720 1419 1775 Ut
1453 1729 1594 1775 terra
1633 1735 1761 1784 una,
1798 1719 1877 1772 sic
1900 1718 2065 1772 etiam

2177 1712 2401 1776 πολλοὺς
2452 1713 2547 1777 οὓς
2585 1715 2861 1781 θαλάσσας
2903 1718 3132 1771 ἐκάλεσε
3157 1736 3169 1750 ·
3217 1721 3313 1774 καὶ
3349 1722 3448 1793 τὴν
3490 1723 3766 1795 Ἐρυθρὰν

489 1828 658 1866 untun
689 1812 891 1865 dicitur
924 1826 1098 1871 mare.
1127 1809 1390 1877 Quamvis
1430 1823 1562 1864 vero
1596 1824 1764 1861 unum
1799 1807 1894 1872 sit,
1925 1806 2068 1861 rcci-

2177 1804 2277 1876 γὰρ
2304 1807 2400 1861 καὶ
2429 1807 2726 1878 Ὑρκανίαν
2750 1811 2815 1879 τῇ
2852 1812 3068 1885 μεγάλῃ
3114 1785 3564 1884 συνεστομιῦσθαί
3590 1785 3765 1884 φασιν

488 1905 569 1973 pit
597 1913 783 1958 tamen
819 1903 1123 1958 divisiones
1155 1903 1357 1957 multas
1384 1901 1696 1971 multosque
1725 1901 1903 1965 sinus,
1926 1912 2069 1968 quos

2177 1899 2219 1952 oi
2256 1898 2355 1970 τὴν
2402 1899 2508 1969 γῆν
2567 1901 3035 1971 περιοδεύσαντες.
3101 1905 3213 1959 Καὶ
3273 1905 3466 1977 ὥσπερ
3525 1909 3765 1978 οὐρανὸς

490 1994 659 2047 maria
707 1993 1049 2063 appellitant.
1110 1990 1215 2057 Qui
1264 2000 1538 2046 terrarum
1568 1990 1762 2045 orbem
1805 2002 2067 2060 peragra-

2177 1990 2367 2054 κοινῶς
2398 1990 2500 2061 μὲν
2528 1994 2558 2045 ὁ
2596 1987 2700 2059 εἷς,
2730 1996 2758 2048 ὁ
2808 1994 2913 2047 ὑπὸ
2935 1995 2997 2048 τὸ
3029 1996 3319 2067 στερέωμα
3351 2000 3480 2062 πᾶς,
3517 1999 3661 2062 ἰδίως
3695 2001 3764 2054 δὲ

486 2092 637 2146 runt,
671 2090 978 2138 memorant
1029 2098 1180 2139 mare
1209 2081 1454 2137 Rubrum
1491 2092 1545 2136 et
1579 2082 1890 2152 Hyrcanum
1933 2096 2069 2135 con-

2177 2082 2392 2147 πλείους
2431 2085 2481 2136 oi
2506 2086 2564 2137 ὲν
2595 2084 2770 2156 τούτῳ
2811 2086 3175 2158 διῃρημένοι·
3212 2088 3386 2152 οὕτως
3425 2093 3522 2161 μία
3560 2092 3662 2160 μὲν
3720 2096 3757 2163 ἡ

480 2174 634 2245 jungi
662 2174 918 2228 faucibus
952 2173 1129 2245 magni
1172 2173 1358 2227 maris.
1394 2170 1569 2227 Sicuti
1608 2172 1807 2227 etelum
1840 2170 2065 2242 quidem

2177 2175 2386 2247 μεγάλη
2410 2176 2714 2248 καθέστηκε
2728 2176 2974 2233 θάλασσα
3001 2180 3030 2232 ὁ
3060 2180 3332 2247 Ὠκεανδς,
3366 2182 3426 2247 ἐξ
3448 2176 3510 2236 οῦ
3537 2183 3762 2237 διεκϐο-

487 2284 654 2322 ttnum
690 2260 781 2322 est
817 2266 920 2323 sub
976 2265 1343 2330 ﬁrmamento,
1398 2270 1642 2317 attamen
1694 2262 1914 2332 plurimi
1941 2270 2069 2315 sunt

486 2360 589 2415 sub
639 2374 705 2414 eo
756 2362 809 2414 in
869 2357 990 2413 suis
1043 2355 1181 2412 locis
1218 2365 1275 2412 et
1314 2355 1629 2426 regionibus
1675 2354 1957 2421 distincti;
1996 2355 2068 2407 ita

486 2468 655 2507 unum
690 2451 911 2522 quidem
945 2463 1097 2503 mare
1148 2455 1235 2502 est
1271 2462 1551 2518 magnum,
1603 2445 1751 2519 quod
1786 2445 2070 2500 nominaut

484 2544 791 2607 Oceanum,
828 2557 895 2598 ex
928 2557 1037 2611 quo
1065 2540 1292 2594 flumina
1320 2550 1375 2594 ct
1394 2538 1758 2611 scaturigines
1781 2537 2069 2607 fontesque

485 2633 792 2706 procedunt
824 2633 878 2686 in
918 2632 1040 2687 loca
1086 2629 1241 2685 orbis
1292 2627 1676 2698 profundiora,
1713 2643 1834 2697 qua:
1871 2626 2071 2683 deinde

485 2728 714 2797 gignunt
750 2738 994 2794 aequora,
1058 2721 1308 2789 aliasque
1351 2735 1621 2790 aquarum
1681 2720 2079 2783 collectiones,

485 2835 623 2889 quas
656 2817 941 2886 Scriptura
972 2830 1132 2871 sacra
1189 2812 1392 2868 assolet
1446 2827 1645 2867 vocare
1698 2813 1900 2867 maria.
1925 2810 2073 2885 .Snnt

487 2918 668 2963 autem
703 2907 838 2960 nihil
877 2904 1050 2970 aliud,
1083 2917 1247 2973 quam
1276 2901 1468 2957 fauces
1499 2900 1753 2972 quaedam
1789 2902 1905 2957 sive
1946 2902 2069 2968 rivi,

487 3000 739 3069 ostiaque
794 2996 976 3066 magni
1032 2995 1225 3050 maris.
1282 2993 1531 3058 Aridam,
1589 3008 1714 3062 qua:
1761 2993 1951 3048 eadem
1985 3001 2072 3049 est

2168 2267 2258 2320 λαί
2296 2285 2441 2332 τινες
2470 2269 2743 2341 χωροῦσιν
2777 2271 2859 2335 εἰς
2878 2272 3081 2336 τόπους
3120 2272 3327 2343 βαθεῖς,
3356 2275 3415 2341 ἐξ
3440 2268 3516 2329 ὧν
3545 2276 3612 2328 τὰ
3650 2294 3762 2329 πε-

2167 2359 2309 2428 λάγη
2330 2361 2669 2426 συνίσταται,
2686 2364 3031 2432 συναγωγαί
3047 2365 3139 2417 καὶ
3158 2365 3460 2420 θάλασσαι
3484 2368 3670 2440 Γραφῇ
3683 2374 3761 2440 τῇ

2171 2451 2294 2523 θείᾳ
2321 2451 2620 2523 λεγόμενα,
2665 2454 2865 2524 ῥύακές
2894 2472 3043 2519 τινες
3093 2457 3189 2509 καὶ
3236 2458 3483 2529 στόματα
3516 2461 3615 2530 τῆς
3654 2479 3765 2532 με-

2169 2542 2343 2611 γάλης
2371 2541 2531 2598 οὖσαι
2566 2547 2913 2616 συναγωγῆς.
2978 2548 3090 2616 Τὴν
3118 2547 3175 2600 δὲ
3210 2549 3383 2620 ξηρὰν
3421 2554 3489 2622 τῇ
3535 2554 3605 2622 γῇ
3652 2552 3764 2623 τὴν

2170 2633 2344 2703 αὐτὴν
2394 2630 2560 2687 οὖσαν
2606 2636 2729 2690 καθ’
2782 2637 2981 2708 ἑτέραν
3024 2638 3270 2692 ἐπίνοιαν
3316 2641 3587 2711 διαφόρως
3620 2642 3765 2696 ὠνό-

2174 2739 2368 2792 μασεν.
2413 2723 2500 2787 Ὠς
2531 2726 2639 2795 γὰρ
2666 2725 2726 2777 τὸ
2755 2726 3077 2795 γελαστικὸν
3107 2728 3237 2782 ἴδιόν
3270 2732 3417 2784 ἐστιν
3440 2725 3760 2804 ἀνθρώπου,

2169 2817 2203 2883 ὴ
2228 2815 2283 2866 δὲ
2310 2815 2624 2883 ἄνθρωπος
2645 2817 2794 2888 φωνὴ
2818 2819 3127 2890 σημαντικὴ
3147 2816 3242 2873 τοῦ
3263 2820 3424 2887 ζώου,
3449 2817 3491 2891 ᾧ
3517 2825 3764 2895 ὑπάρχει

2170 2903 2230 2955 τὸ
2258 2904 2422 2956 ἴδιον·
2456 2905 2600 2959 οὕτω
2631 2909 2724 2960 καὶ
2750 2909 2810 2962 τὸ
2855 2908 3025 2980 ξηρὸν
3053 2912 3183 2965 ἴδιον
3212 2913 3310 2982 τῆς
3347 2914 3448 2983 γῆς
3484 2915 3577 2968 καὶ
3604 2916 3763 2980 ἐξαί-

2173 3012 2329 3066 ρετον
2354 3011 2367 3025 ·
2404 2995 2519 3067 ἔχει
2551 2998 2607 3052 δὲ
2641 3000 2738 3055 καὶ
2779 3001 2839 3053 τὸ
2868 3000 3097 3072 ψυχρὸν,
3143 3003 3280 3058 ἀλλὰ
3315 3007 3493 3059 κοινὸν
3526 3007 3659 3078 πρὸς
3691 3011 3763 3061 τὸ

487 3102 613 3143 cum
650 3096 823 3150 terra,
859 3085 969 3139 alio
1020 3086 1257 3154 quodam
1306 3099 1471 3145 sensu
1526 3081 1851 3138 differentiae
1895 3083 2069 3153 gratia

2177 3087 2319 3160 ὕδωρ
2343 3105 2357 3119 ο
2389 3088 2467 3152 ὼς
2486 3088 2664 3145 ἐκεῖνο
2690 3093 2852 3145 τοῦτο
2889 3093 3020 3146 ἴδιον
3049 3095 3194 3164 ἕχον,
3232 3098 3410 3152 κοινὸν
3450 3097 3593 3168 ἔχειν
3620 3101 3765 3171 πρὸς

488 3181 648 3234 dixit.
711 3178 780 3233 Ut
826 3178 971 3234 enim
1025 3176 1240 3230 risibile
1269 3176 1550 3246 proprium
1602 3184 1688 3231 est
1723 3175 1987 3238 hominis,
2019 3186 2073 3230 et

488 3274 645 3325 homo
686 3278 771 3326 est
797 3284 997 3324 nomen
1026 3283 1121 3322 seu
1155 3283 1257 3321 vox
1287 3267 1407 3338 ejus
1432 3268 1709 3335 animalis,
1739 3267 1828 3321 cui
1862 3268 2073 3323 risibile

492 3364 635 3418 inest
668 3402 683 3426 ,
735 3362 815 3416 sic
875 3359 1103 3414 ariditas
1132 3364 1217 3414 est
1261 3358 1544 3429 proprium
1585 3367 1770 3422 terrai,
1820 3369 2075 3428 terraque

493 3454 801 3508 :triditatem
836 3449 993 3521 quasi
1028 3450 1386 3520 peculiaritcr
1411 3449 1598 3505 habet.
1627 3447 1926 3518 Frigiditas
1951 3450 2074 3519 qni-

492 3548 615 3601 dem
665 3561 884 3616 quoque
925 3544 1155 3599 inhreret
1207 3554 1385 3610 terra},
1416 3542 1510 3598 sed
1565 3556 1674 3596 non
1708 3551 1869 3597 terra:
1915 3542 2073 3612 quasi

492 3638 771 3711 proprium
805 3645 1098 3691 censetur:
1143 3635 1252 3688 imo
1284 3650 1404 3689 eam
1458 3634 1785 3704 qualitatem
1825 3649 2074 3689 commu-

490 3747 612 3788 nem
649 3727 891 3798 possidet
917 3742 1042 3782 cum
1071 3741 1234 3796 aqua.
1266 3725 1338 3780 Ut
1363 3741 1504 3796 aqua
1529 3725 1887 3796 frigiditatcm
1913 3741 2076 3796 pecu-

398 3882 403 3885 ,
491 3823 701 3877 iiaritcr
732 3826 904 3897 tenet,
953 3818 1037 3874 sic
1094 3817 1442 3871 humiditatis
1479 3831 1601 3870 cum
1638 3831 1767 3870 acre
1797 3816 2075 3886 particeps

492 3912 833 3982 perhibetur.
888 3907 958 3964 Ut
996 3924 1091 3963 aer
1126 3923 1228 3963 ceu
1280 3907 1561 3976 proprium
1595 3906 1791 3961 retinet
1828 3906 2073 3959 huniidi-

493 4013 678 4069 tatem,
716 4002 796 4059 sie
830 4000 990 4073 quasi
1025 4014 1121 4067 per
1163 3999 1460 4068 quamdam
1494 3998 1815 4052 societatem
1850 3998 1919 4052 ab
1950 3998 2075 4068 igne

492 4098 727 4151 ralorem
763 4095 953 4148 trahit.
983 4092 1055 4149 Ut
1096 4093 1243 4162 ignis
1273 4106 1374 4146 Ceu
1407 4092 1690 4161 proprium
1741 4091 1845 4145 sibi
1894 4091 2070 4146 vindi-

492 4195 582 4239 cat
635 4185 901 4247 calorem,
961 4185 1042 4239 sic
1102 4198 1225 4237 eum
1279 4189 1430 4235 terra
1477 4182 1713 4251 partitur
1760 4181 2072 4236 ariditatem

492 4293 659 4348 quam
685 4285 831 4331 terra
864 4275 1195 4345 peculiarem
1228 4273 1426 4341 adepta
1446 4282 1551 4327 est.
1591 4275 1656 4327 Et
1690 4274 1745 4326 in
1782 4273 1931 4327 hunc
1960 4288 2076 4328 mo-

493 4373 622 4424 dum
655 4369 763 4438 22
806 4375 954 4437 patet
984 4365 1219 4436 singulis
1243 4364 1527 4421 clementis
1561 4364 1694 4435 quid
1736 4365 1919 4420 inesse
1944 4380 2074 4435 pro-

2174 3180 2315 3250 ἀέρα
2340 3180 2399 3234 το
2424 3183 2590 3252 ὑγρόν
2611 3185 2660 3238 ’ὀ
2701 3184 2757 3238 δὲ
2782 3184 2843 3237 τὸ
2873 3185 3040 3257 ὑγρὸν
3086 3187 3218 3241 ἴδιον
3249 3188 3408 3258 ἔχων,
3436 3192 3612 3245 κοινὸν
3641 3194 3764 3262 ἔχει

2175 3272 2315 3342 πρὸς
2346 3273 2406 3327 τὸ
2449 3274 2560 3345 πῦρ
2590 3275 2652 3329 τὸ
2700 3274 2935 3347 θερμόν·
2971 3278 3156 3332 καὶτὸ
3202 3279 3316 3352 πῦρ
3369 3282 3498 3336 ἴδιον
3543 3283 3663 3353 ἔχον
3693 3285 3767 3339 τὸ

2176 3361 2401 3433 θερμὴν,
2425 3366 2604 3418 κοινὸν
2641 3365 2754 3436 ἔχει
2803 3367 2941 3438 πρὸς
2996 3369 3096 3436 τὴν
3141 3370 3247 3440 γῆν
3288 3371 3348 3424 τὸ
3383 3371 3567 3443 ξηρὸν,
3616 3375 3765 3445 ὅπερ

2174 3453 2391 3524 ἐκείνης
2417 3454 2759 3526 καθέστηκεν
2791 3456 2924 3510 ἴδιον
2947 3473 2961 3486 ·
2989 3460 3084 3511 καὶ
3105 3459 3283 3523 οὕτως
3316 3462 3532 3532 ἑκάστῳ
3563 3463 3624 3515 τὸ
3654 3464 3763 3533 μὲν

2178 3544 2330 3608 ἴδιον,
2364 3544 2425 3598 τὸ
2473 3547 2530 3599 δὲ
2581 3548 2760 3600 κοινὸν
2792 3549 3127 3619 ἐνυπάρχει’
3176 3552 3319 3605 κατὰ
3368 3553 3466 3623 μὲν
3511 3554 3571 3607 τὸ
3624 3555 3763 3609 ἴδον

2182 3635 2567 3708 ἀφοριζομένῳ
2603 3639 2711 3692 τῶν
2762 3639 2962 3704 ἄλλων,
2997 3643 3387 3714 συναπτομένη)
3416 3644 3473 3697 δὲ
3516 3646 3654 3699 κατὰ
3692 3648 3765 3700 τὸ

2176 3727 2356 3781 κοινδν
2384 3731 2497 3791 τοῖς
2529 3728 2758 3800 πλησίον
2788 3730 3151 3803 ὑπάρχουσιν.
3180 3734 3328 3786 Ἔδει
3367 3735 3474 3806 γὰρ
3495 3731 3634 3791 εἶναι
3661 3739 3764 3791 καὶ

2173 3815 2610 3889 διακεκριμένα,
2661 3818 2737 3883 ὡς
2792 3820 2859 3875 ἂν
2905 3822 3005 3892 τὴν
3051 3823 3188 3877 ίδίαν
3228 3824 3391 3892 φύσιν
3435 3826 3764 3894 φυλάττοιεν

2175 3909 2271 3961 καὶ
2307 3909 2713 3982 συναπτόμενα,
2743 3912 2818 3976 ὡς
2847 3913 2912 3967 ἂν
2942 3916 3007 3967 ὲκ
3040 3914 3243 3970 τούτων
3271 3919 3303 3986 ή
3341 3917 3450 3970 τῶν
3485 3920 3765 3988 σωμάτων

2178 4001 2428 4066 σύνθεσις
2462 4003 2697 4072 γένοιτο,
2721 4004 2973 4075 ἀλλήλοις
3002 4007 3092 4061 ἀεὶ
3115 4008 3256 4062 κατὰ
3284 4008 3383 4079 τὴν
3419 4008 3601 4079 κοινὴν
3631 4027 3766 4063 συν-

2176 4093 2512 4163 απτομένοις
2568 4096 2868 4166 ποιότητα·
2927 4096 3119 4168 διόπερ
3175 4101 3203 4151 ὁ
3253 4098 3387 4162 Θεὸς
3432 4101 3532 4169 τὴν
3584 4100 3765 4172 ξηρὰν

2175 4183 2398 4237 ἐκάλεσε
2430 4182 2569 4253 γῆν,
2619 4184 2733 4236 ἀλλ’
2763 4185 2824 4238 οὐ
2852 4184 2952 4256 τὴν
2997 4185 3102 4252 γῆν
3158 4184 3385 4238 ἐκάλεσε
3417 4186 3608 4255 ξηράν
3631 4205 3644 4218 ·
3672 4188 3766 4242 ’τὸ

2178 4273 2280 4342 μὲν
2309 4273 2418 4343 γὰρ
2453 4273 2656 4343 ἰδίωμα
2688 4275 2784 4328 καὶ
2825 4276 3326 4345 χαρακτηριστικόν
3359 4279 3474 4329 ἐστι
3512 4277 3611 4345 τῆς
3649 4277 3763 4345 φύ-

2177 4381 2336 4428 σεως,
2368 4366 2402 4435 ή
2440 4364 2498 4417 δὲ
2552 4364 2625 4434 γῆ
2652 4365 2813 4435 ψιλὴ
2861 4366 3205 4437 προσηγορία
3251 4366 3345 4421 τοῦ
3393 4367 3763 4437 πράγματοςο

497 4461 701 4532 prium,
737 4469 790 4515 et
817 4458 947 4530 quid
977 4457 1121 4528 quod
1147 4471 1272 4511 cum
1300 4458 1513 4511 caeteris
1535 4456 1737 4512 habent
1761 4472 2070 4512 commune.

2178 4455 2269 4507 καὶ
2296 4455 2370 4518 ὡς
2400 4457 2498 4526 μὲν
2538 4457 2643 4527 πρὸ
2674 4457 2766 4511 τοῦ
2802 4458 3126 4511 ὑποκεῖσθαι
3169 4456 3383 4529 οὐρανῷ
3408 4455 3482 4527 γῆ
3512 4459 3765 4525 λέγεται,

495 4554 601 4607 l’er
631 4551 855 4622 propria
902 4548 1117 4619 singula
1174 4562 1207 4601 a
1254 4546 1488 4625 singulis
1548 4555 1916 4617 separantur:
1978 4564 2076 4618 per

496 4643 809 4699 communia
845 4642 1060 4711 singula
1098 4638 1334 4709 singulis
1375 4636 2077 4709 connectuntur..0porte~

499 4739 589 4790 hat
619 4738 768 4791 enim
817 4749 941 4789 esse
995 4739 1272 4803 separata,
1310 4738 1369 4785 ut
1399 4730 1612 4800 singula
1646 4746 1803 4785 suam
1845 4744 2073 4786 conser-

499 4836 690 4883 γει-ειη
741 4833 1043 4882 naturam:
1099 4823 1387 4895 oportebat
1430 4833 1485 4880 et
1536 4838 1661 4878 esse
1711 4823 1897 4893 aliquo
1928 4837 2074 4876 new

499 4921 773 4989 rnpttlala,
809 4927 869 4972 ut
929 4932 998 4972 ex
1038 4916 1124 4970 his
1160 4930 1458 4985 corporum
1497 4920 1822 4969 nasceretur
1852 4926 2076 4980 compo-

501 5011 651 5076 sitio,
686 5024 810 5064 cum
852 5007 999 5062 aliud
1052 5008 1143 5061 alii
1195 5015 1345 5062 esset
1389 5003 1743 5076 conjunctum
1778 5002 2089 5071 secundum

501 5117 847 5158 communem
878 5100 1221 5169 qualitatem.
1282 5086 1629 5168 Quapmpter
1662 5097 1807 5152 Deus
1839 5095 2078 5165 optimus

504 5193 819 5263 imponendi
842 5192 1008 5249 rebus
1041 5191 1263 5246 nomina
1293 5190 1496 5245 artifex
1546 5188 1755 5243 aridam
1788 5187 2082 5259 appellavit

509 5291 740 5346 terram,
773 5296 874 5336 nec
927 5289 1127 5334 terram
1162 5279 1376 5334 vocavit
1421 5277 1653 5332 aridam.
1709 5275 1825 5332 [loc
1876 5277 2077 5332 etenim

509 5371 708 5429 n‘omen
748 5381 831 5429 est
857 5374 1013 5443 quasi
1065 5371 1344 5441 proprium
1380 5381 1433 5425 et
1487 5369 1740 5440 quaedam
1782 5367 2081 5437 peculiaris

508 5466 637 5521 nota
668 5472 902 5529 naturae,
945 5479 1109 5533 quam
1149 5474 1306 5518 terra:
1368 5462 1621 5517 novimus
1659 5460 1881 5516 insitam
1934 5475 2078 5514 esse.

510 5557 577 5613 iit
605 5554 1065 5629 quemadmodum
1108 5564 1253 5610 terra
1285 5569 1444 5609 suutn
1487 5567 1683 5607 nomen
1715 5550 1841 5607 inde
1878 5550 2081 5617 traxit,

582 5734 627 5766 ‘°
653 5731 836 5789 Ecele.
884 5747 921 5800 ι,
986 5730 1041 5785 7.
1118 5730 1160 5761 “
1195 5728 1395 5783 Jcrem.
1436 5742 1489 5792 ν,
1519 5726 1607 5780 22.

2177 4549 2252 4612 ὡς
2283 4548 2340 4602 δὲ
2371 4549 2507 4616 πρὸς
2541 4549 2640 4619 τὴν
2667 4549 2843 4621 ὑγρὰν
2872 4549 3060 4604 οὐσίαν
3100 4550 3273 4618 ξηρά.
3288 4550 3349 4604 ’0
3380 4551 3438 4604 δὲ
3470 4552 3766 4621 προφήτης

2175 4640 2251 4703 ὡς
2279 4640 2550 4710 διαιρόρων
2577 4641 2886 4712 μεμνῆσθαι
2912 4642 3060 4695 δοκεῖ
3084 4642 3255 4711 λέγων
3275 4644 3454 4701 ἰ’Έτι
3471 4642 3617 4709 ἅπαξ
3646 4644 3768 4710 ἐγὼ

2176 4730 2343 4785 σείσω
2382 4732 2473 4784 τὸν
2515 4732 2744 4802 οὐρανὸν
2793 4733 2891 4787 καὶ
2919 4733 3018 4804 τὴν
3051 4735 3153 4805 γῆν
3202 4735 3298 4788 καὶ
3342 4736 3442 4804 τὴν
3477 4734 3767 4790 θάλασσαν

2178 4823 2273 4883 καὶ
2305 4824 2399 4895 τὴν
2425 4824 2651 4894 ξηράν.)
2675 4824 2914 4896 Εἴπομεν
2946 4825 3003 4878 δὲ
3025 4826 3126 4897 τὴν
3155 4827 3327 4896 αὐτὴν
3350 4822 3624 4881 εἷναικαθ⁶
3641 4829 3771 4899 ἐτεά

2188 4933 2288 4985 ραν
2335 4916 2580 4969 ἐπίνοιαν
2628 4916 3073 4988 ὀνομαζομένην
3108 4920 3181 4990 μή
3229 4935 3360 4972 ποτε
3422 4918 3480 4970 δὲ
3513 4919 3609 4988 τὴν
3661 4920 3772 4989 μὲν

2185 5006 2343 5076 ἔσχεν
2373 5006 2749 5080 προσηγορίαν
2791 5009 2892 5079 τῆς
2923 5007 3114 5074 οὐσίας
3166 5010 3534 5080 σημαντικὴν,
3574 5011 3671 5078 τὴν
3699 5010 3771 5064 δὲ

2184 5100 2284 5170 τῆς
2322 5100 2639 5170 ποιότητοςο
2693 5100 2816 5154 ὅθεν
2869 5103 2966 5157 καὶ
3014 5102 3153 5172 μετὰ
3198 5100 3293 5155 τοῦ
3328 5101 3561 5173 οὐρανοῦ
3607 5119 3774 5169 γενο-

2189 5192 2325 5260 μὲνη
2356 5191 2576 5259 λέγεται
2608 5190 2708 5261 τῆ,
2732 5191 2922 5263 ὥσπερ
2961 5194 3169 5256 ἐκεῖνος
3216 5192 3423 5263 κυρίως
3468 5194 3726 5261 οἰφανίς
3749 5211 3768 5226 ·

2184 5280 2256 5341 τὰ
2293 5280 2350 5334 δὲ
2384 5282 2521 5352 μετὰ
2549 5281 2727 5336 ταῦτα
2756 5284 3047 5353 γενόμενα,
3085 5284 3147 5337 τὸ
3181 5283 3283 5354 μὲν
3318 5283 3525 5353 ἐκλήθη
3557 5283 3773 5354 κυρίως

2187 5371 2513 5455 (κεἐἠρέιιιμιιἶ
2541 5374 2770 5443 ἐπῖκλην
2801 5373 2857 5427 δὲ
2886 5375 3141 5442 οὐρανός
3162 5390 3175 5402 ·
3203 5373 3263 5427 τὸ
3284 5374 3345 5455 δὲ
3367 5373 3515 5445 ξηρὰ
3534 5374 3771 5441 κυρίως.

2188 5462 2419 5533 ἐπίκλην
2451 5445 2513 5515 δέ
2542 5463 2617 5532 γῆ
2641 5480 2653 5494 ·
2688 5465 2766 5534 πῆ
2801 5465 2899 5534 μὲν
2937 5464 3048 5534 γὰρ
3100 5445 3305 5528 οὐσία,⁷
3333 5464 3408 5532 πῆ
3437 5463 3492 5516 δὲ
3542 5463 3777 5529 ποιότης

2190 5554 2250 5608 τὸ
2275 5556 2709 5627 προηγούμενον.
2740 5557 2813 5609 Τὸ
2843 5556 2902 5610 δὲ
2950 5557 3218 5628 χρήσιμον
3248 5554 3416 5620 ἔδειξε
3457 5551 3554 5623 τῆς
3592 5568 3773 5623 προσ-
