4002 6422
262 338 330 403 ’Π
1381 341 1790 401 ΟΟΜΜΕΝΤΑ
1805 342 1886 400 RI

1995 344 2040 403 Ν
2076 343 2434 405 GENESIN.
3500 352 3572 414 '78

265 457 501 521 τάξεως,
536 452 767 511 simium
807 451 1063 522 Ὀφϐήτω
1093 452 1126 522 ἡ
1160 449 1444 524 inpigri);
1481 456 1547 508 ἂν
1573 455 1884 525 ἐπιτήδειος

1992 460 2136 526 quod
2163 460 2302 514 caelo
2333 457 2582 528 suLjacct
2617 473 2629 508 :
2666 457 2747 512 sic
2773 465 3028 528 respectu
3055 457 3290 514 humida!
3313 461 3580 537 Sttbstan;

265 552 495 616 γένηται.
536 545 679 615 πρὸς
712 545 904 615 φυτῶν
935 562 994 597 τε
1034 548 1128 598 καὶ
1161 545 1318 610 ζώων
1347 548 1587 616 γένεσιν.

1991 549 2076 601 tite
2100 551 2416 603 nominatur
2437 549 2612 604 arida.
2641 547 2754 602 lmo
2779 557 2832 604 et
2851 550 3113 620 propheta
3138 550 3352 606 videtur
3373 570 3572 622 quant-

267 647 390 700 dam
447 643 598 694 inter
652 641 763 696 ista
815 655 1026 711 ponere
1086 639 1488 706 diﬂ'erentiam,
1538 659 1662 696 cum
1698 621 1877 698 dicit:
1925 661 1944 694 ι
1983 643 2176 698 Adhuc
2216 660 2384 698 unum
2456 644 2735 700 modicum
2803 654 2910 711 est,
2967 655 3023 702 et
3070 626 3172 718 ego
3219 621 3576 712 cmnuiovelto

267 745 470 789 coetum
519 744 579 789 et
634 744 870 797 terram,
927 749 1080 788 mare
1113 741 1168 787 et
1217 733 1428 788 aridam
1463 735 1530 789 ".
1563 754 1582 786 ι
1624 737 1872 792 Dicimus
1909 736 2074 806 igitur
2103 745 2328 800 terram,
2357 737 2485 791 licet
2515 739 2672 806 plura
2695 739 2896 794 habeat
2927 740 3172 802 nomina,
3233 755 3358 796 esse
3423 760 3576 799 eam-

266 829 425 894 dem;
459 829 710 882 alterum
745 843 950 882 nomen
1011 825 1157 880 forte
1208 837 1370 882 terra:
1443 831 1835 896 substantiam,
1897 829 2130 883 alterum
2178 845 2346 898 porro
2393 830 2654 884 nimirum
2707 833 2829 901 ejus
2885 833 3206 902 qualitatem
3276 835 3572 905 signiﬁcat.

267 925 431 976 Terra
457 937 571 974 una
595 935 730 974 cum
755 922 918 983 caelo,
947 935 1058 975 non
1084 935 1208 975 cum
1237 910 1604 988 ﬁrmamento,
1635 923 1730 978 sed
1751 937 1872 976 cum
1913 923 2096 992 primo
2129 923 2270 977 ctelo
2295 923 2516 977 condita
2557 933 2662 980 est.
2684 925 2920 990 Caelum,
2944 927 3092 991 quod
3153 925 3280 980 huic
3330 942 3578 993 ,ευριπιδε-

268 1017 337 1068 sit
363 1015 589 1069 ratione
618 1015 1174 1078 creationis,nomen
1199 1017 1357 1086 quasi
1379 1016 1662 1086 proprium
1722 1017 1911 1078 traxit,
1991 1027 2051 1070 ut
2109 1017 2385 1070 vocitetur
2448 1018 2883 1086 ﬁrmamentum,
2943 1019 3039 1073 sed
3095 1034 3401 1088 cognomen
3459 1022 3578 1076 cwli

270 1122 493 1179 quoque
545 1107 884 1176 assumpsit.
926 1106 1250 1177 Sic‘quoad
1300 1115 1556 1163 terram:
1597 1107 1874 1178 proprium
1915 1105 2038 1176 ejus
2066 1123 2262 1161 nouten
2314 1117 2400 1162 est
2465 1109 2638 1169 arida,
2691 1126 2882 1164 verum
2936 1121 3304 1179 cognomento
3372 1113 3579 1168 dicitur

275 1213 435 1257 trrru.
476 1199 668 1255 linum
698 1214 903 1254 nomen
935 1199 1328 1268 substantiam,
1374 1201 1612 1256 alterum
1639 1200 1959 1268 qualitatem
1983 1199 2244 1268 explicat,
2305 1214 2369 1253 ex
2407 1195 2613 1270 quibus
2685 1203 2848 1256 rebus
2911 1202 3013 1254 ista
3075 1201 3298 1255 nomina
3339 1203 3574 1262 invenit.

275 1295 344 1350 lit
373 1295 679 1348 utilitatem
735 1301 900 1346 terra
929 1303 1412 1360 commonstraret,
1455 1293 1636 1364 inquit
1667 1311 1680 1347 :
1742 1311 1761 1345 ‹
1802 1289 1874 1346 Ut
1913 1291 2090 1344 videri
2121 1293 2300 1361 possit
2327 1292 2503 1346 arida.
2529 1311 2548 1342 ι
2582 1291 2787 1362 Nempe
2813 1300 2873 1346 ut
2903 1304 3164 1362 appareat
3199 1301 3255 1346 et
3318 1295 3393 1348 sit
3456 1297 3576 1350 ido-

273 1405 373 1446 nea
409 1397 465 1442 et
501 1385 869 1442 accommoda
909 1388 1221 1456 plantarum
1255 1387 1684 1456 animaliumque
1709 1383 2075 1457 generationi.

340 1484 452 1536 Καὶ
477 1481 612 1534 τότε
663 1477 810 1540 εἶδεν
844 1483 874 1533 ὁ
913 1481 1048 1542 Θεὸς
1082 1481 1168 1534 ὃτι
1214 1481 1403 1536 καλόν.
1455 1479 1742 1552 Πανταχοῦ
1786 1478 1872 1544 τὸ,

273 1573 611 1636 ἐτέλεσεν,
667 1571 762 1623 ἐπὶ
816 1569 1320 1640 ὃηλώσειιλέγεται
1370 1571 1466 1626 τοῦ
1515 1572 1653 1644 πρὸς
1703 1572 1732 1625 ὃ
1781 1588 1884 1625 πε-

277 1667 538 1730 τοίᾟςεν.
595 1663 721 1730 Ἐφ’
766 1664 1020 1716 ἁπάντων
1037 1663 1095 1716 δὲ
1128 1663 1378 1732 φαίνεται
1413 1663 1586 1726 τιθεὶς
1617 1663 1698 1726 τὸ,
1729 1683 1747 1714 ι
1772 1663 1883 1716 Καὶ

2059 1474 2198 1530 Τιιιιι
2223 1475 2358 1529 vidit
2382 1473 2525 1530 Deus
2553 1475 2700 1546 quod
2723 1477 2908 1531 omnia
2941 1477 3140 1548 ubique
3165 1481 3575 1550 pulchritudine

1988 1567 2249 1622 niterent.
2275 1567 2430 1634 Quod
2477 1569 2575 1630 ait,
2626 1567 2864 1632 Vocavil,
2922 1569 3146 1626 additur
3191 1583 3249 1626 ut
3303 1575 3578 1644 signiﬁcet

1987 1659 2331 1730 singulorum
2355 1660 2692 1728 singularem
2722 1661 2880 1714 liuent
2911 1669 2964 1716 et
2987 1661 3262 1730 cll'ectum,
3291 1667 3382 1720 cui
3406 1682 3434 1720 a
3460 1668 3576 1722 Deo

273 1755 748 1820 ἑγὲνετοοῦτωςμ
778 1756 858 1816 είς
895 1755 1130 1824 δήλωσιν
1159 1752 1319 1806 τοῦτο
1343 1753 1503 1822 ἔργον
1537 1753 1876 1824 παρηκολου-

1991 1762 2238 1805 creatore
2285 1753 2561 1805 destinata
2604 1761 2754 1806 sunt.
2799 1753 3070 1808 Omnihus
3102 1757 3368 1824 operibus
3421 1757 3575 1827 adje-

273 1847 506 1916 θηκέναι
534 1848 602 1914 τῇ
646 1845 908 1914 βουλήσει
940 1847 1006 1916 τῇ
1037 1845 1132 1899 τοῦ
1157 1844 1322 1898 Θεοιῖν
1371 1847 1464 1899 ἐπὶ
1485 1845 1543 1900 δὲ
1591 1846 1686 1900 τοῦ
1719 1846 1883 1917 οὐρα-

273 1937 388 1998 νοῦ,
417 1937 508 2002 τὸ,
535 1956 557 1987 σ
588 1937 706 1990 Καὶ
739 1937 998 2008 ἐποίησεν
1023 1939 1051 1990 ὁ
1081 1937 1216 2001 Θεὸς
1238 1938 1298 1990 τὸ
1326 1939 1761 2008 στερέωμα,ιείς
1783 1939 1880 2008 δή·

273 2033 440 2083 λωσιν
467 2028 574 2082 τοῦ
610 2028 692 2099 μὴ
721 2029 916 2096 ἕτερον
945 2023 1086 2082 εἶναι
1111 2029 1204 2082 τὸν
1235 2029 1578 2108 πεποιηκότα
1610 2031 1763 2098 παρὰ
1789 2029 1880 2082 τὸν

278 2121 547 2188 γενέσθαι
611 2121 1042 2190 προστάξανταο
1092 2121 1190 2174 καὶ
1247 2120 1406 2176 τοῦτο
1461 2121 1608 2190 ἅπαξ
1665 2121 1885 2186 διδάξας

280 2213 442 2280 ἡμᾶς.
486 2211 588 2264 ἐπὶ
630 2209 748 2263 τῶν
783 2210 986 2264 λοιπῶν
1033 2214 1284 2281 ἀρκεῖται
1307 2211 1407 2282 τῷ,
1443 2212 1727 2282 Ἐγένετο,
1759 2211 1882 2265 καθ’

281 2303 513 2357 ἕκαστον
541 2301 878 2371 ὀφείλοντας
901 2303 1041 2356 νοεῖν
1073 2302 1150 2367 ὡς
1173 2305 1201 2356 6
1229 2305 1466 2373 ποιήσας
1493 2305 1654 2368 Θεὸς’
1685 2305 1746 2358 οὐ
1773 2305 1883 2376 γὰρ

282 2397 464 2464 ἕτερος
496 2395 604 2465 μὲν
627 2395 1028 2464 προσέταττεν,
1059 2394 1252 2466 ’ἐτερος
1276 2395 1333 2450 δὲ
1359 2395 1558 2461 ἐποίει,
1581 2397 1718 2451 ἀλλὰ
1747 2395 1882 2460 Θεὸς

287 2485 604 2556 ἀμφότερα.
627 2483 784 2555 Ὀδὴ
809 2486 1142 2555 σημαντικὸν
1161 2486 1259 2557 τῆς
1286 2485 1435 2552 θείας
1459 2488 1648 2552 οὐσίας
1672 2488 1884 2559 Πατρὸς

286 2578 370 2628 καὶ
412 2574 557 2628 Υξοῦ
609 2575 712 2628 καὶ
749 2575 913 2643 ἁγίου
962 2576 1314 2645 Πνεῦματος·
1347 2577 1488 2630 ὥστε
1543 2577 1618 2648 μὴ
1674 2577 1884 2643 ξενίζον

285 2665 512 2749 ὓστερον
547 2666 776 2720 ἀκούων
824 2665 914 2719 τὸν
962 2667 1093 2720 Υἱὸν
1125 2668 1219 2720 τοῦ
1253 2667 1390 2721 Θεοῦ
1425 2669 1535 2723 τῶν
1585 2671 1886 2738 γεγονότων

284 2760 644 2831 δημιουργόν.
659 2759 830 2826 Λέγει
855 2759 963 2830 γάρ
984 2775 1028 2811 ἰ
1051 2759 1110 2812 '0
1132 2761 1316 2831 Πατήρ
1330 2779 1432 2832 μου
1456 2761 1559 2824 ἓως
1585 2761 1887 2834 ἄρτιὲργάσ

283 2851 453 2916 ζεται,
496 2851 664 2918 κάγὼ
693 2851 1028 2922 ἐργάζομαι·
1046 2850 1142 2904 »τὸ
1171 2853 1268 2921 μὲν
1297 2853 1430 2924 γὰρ,
1454 2872 1474 2904 ι
1501 2853 1608 2918 ἕως
1629 2855 1808 2922 ἄρτῳ
1826 2853 1889 2906 τὸ

282 2943 524 3013 διηνεκὲς
561 2943 671 3012 τῆς
701 2943 966 3014 ἐργασίας
991 2943 1175 3012 δηλοῖ·
1209 2943 1270 2996 τὸ
1289 2943 1344 2996 δὲ
1379 2963 1397 2994 ι
1425 2945 1716 3014 ἐργάζεται
1746 2965 1764 2997 ι
1793 2947 1889 3000 καὶ

295 3049 317 3082 ι
357 3031 739 3102 ἑργὰζομαι,›
771 3031 834 3083 τὸ
865 3031 964 3101 τῆς
1015 3031 1276 3102 ἐργασίας
1307 3033 1504 3088 κοινόν,
1542 3034 1651 3086 Καὶ
1691 3035 1850 3088 πάλιν
1871 3048 1884 3061 ⁸

291 3125 508 3188 (Azan
547 3124 616 3178 ἂν
650 3123 834 3196 βλέπῃ
859 3123 952 3175 τὸν
977 3123 1198 3194 Πατέρα
1244 3124 1524 3188 ποιοῦντα,
1553 3125 1649 3179 καὶ
1681 3127 1708 3178 ὁ
1765 3125 1886 3190 Υἱὸς

1993 3138 2116 3177 esse
2145 3123 2416 3191 opilicem.
2448 3119 2630 3190 lnquit
2669 3123 2816 3176 enim
2859 3138 2872 3173 :

283 3219 484 3284 ὁμοίως
514 3219 726 3269 ποιεῖ’»
769 3215 834 3268 οὐ
863 3214 1264 3276 conﬁrmaturi:
1287 3215 1464 3268 ταῦτα
1490 3230 1504 3244 '
1525 3215 1632 3268 οὐδ’
1663 3210 1885 3289 οἷάπερ,

283 3305 393 3360 ἁλλ’
444 3307 605 3374 ἅπερ
635 3321 654 3336 ·
708 3305 774 3358 οὐ
833 3303 943 3373 γὰρ
977 3303 1045 3357 τὰ
1103 3304 1202 3375 μὲν
1241 3297 1416 3368 οὗτος,
1459 3305 1528 3356 τὰ
1572 3304 1630 3357 δὲ
1681 3307 1889 3369 ἐκεῖνος

283 3401 606 3469 ἐργάζεται.
647 3398 915 3452 Βλέπετε·
945 3397 1002 3450 δὲ
1031 3395 1250 3464 λέγεται
1277 3396 1354 3463 τῷ
1382 3396 1549 3466 μηδὲν
1575 3397 1737 3450 αὐτὸν
1760 3397 1889 3450 λαν-

285 3492 466 3544 Θπιν
493 3491 610 3543 τῶν
651 3489 754 3543 τοῦ
793 3491 1026 3558 Πατρός.
1077 3490 1331 3542 Δείκνυσι
1359 3489 1416 3542 δὲ
1445 3490 1607 3543 αὐτὸν
1637 3488 1889 3561 βουλήσει

292 3581 464 3634 τιὰ-δτι
493 3582 885 3652 παράγοντι(
916 3582 1100 3634 Πάντα
1130 3581 1260 3650 γὰρ,
1279 3581 1580 3650 φησιν,ὂσα
1596 3581 1884 3652 ἠθέλησεν.

305 3675 562 3742 imitari.
593 3693 614 3724 ι
651 3675 768 3726 Καὶ
799 3674 1074 3728 κοινωνῶν
1105 3675 1254 3744 αὐτῷ
1283 3675 1382 3744 τῆς
1414 3675 1628 3745 βουλῆς,
1645 3677 1892 3728 κοινωνεῖ

301 3769 390 3820 καὶ
433 3767 530 3836 τῆς
579 3765 886 3838 ἐργασίας,
941 3769 1037 3820 καὶ
1099 3764 1302 3834 ὁμοίως
1348 3769 1520 3819 ποιεῖ·
1579 3765 1738 3819 τοῦτο
1779 3766 1890 3835 γὰρ

288 3860 596 3930 ἐπήγαγεν,
650 3859 875 3922 δεικνὺς
925 3859 988 3910 οὐ
1023 3857 1188 3926 μόνον
1247 3860 1315 3912 τὰ
1371 3857 1532 3922 αὐτὰ,
1590 3856 1730 3910 am
1793 3859 1890 3912 καὶ

284 3952 484 4020 ὁμοίως
545 3952 722 4012 ποιεῖ,
757 3949 788 4002 ὅ
837 3951 954 4002 ἐστι
1002 3948 1256 4020 βουλήσει
1307 3948 1670 4022 καὶὲξουσίᾳ.
1719 3949 1890 4003 Τοῦτο

283 4043 389 4110 γὰρ
421 4043 780 4112 σαφέστερον
839 4043 1146 4112 ἐπήνεγκεν
1201 4039 1406 4109 λέγων’
1446 4059 1464 4092 ι
1499 4043 1710 4113 Ὥσπερ
1735 4043 1891 4114 γὰρό

285 4132 476 4202 Πατὴρ
525 4133 742 4201 ἐγείρει
779 4131 908 4194 τοὺς
963 4133 1196 4200 νεκροὺς
1250 4133 1344 4185 καὶ
1392 4133 1668 4198 ζωοποιεῖ,
1715 4131 1890 4196 οὕτως

287 4228 422 4280 καὶὸ
451 4227 587 4288 TR;
613 4223 714 4287 οὓς
748 4223 894 4276 θέλει
925 4223 1199 4291 ζωοποιεῖ,
1227 4243 1245 4274 ι
1271 4225 1410 4294 ὅπερ
1437 4225 1720 4295 Πατρικῆς
1742 4227 1892 4279 ἐστιν

289 4323 540 4388 ἰσότητος
565 4336 578 4348 ·
603 4318 672 4370 τὸ
695 4336 713 4368 ι
747 4317 823 4380 ὡς
857 4316 1055 4380 Gelu,»
1073 4319 1193 4370 ἀντὶ
1220 4316 1482 4390 τοῧ,μόνῃ
1508 4317 1724 4388 θελήσει
1745 4317 1894 4372 ’ὅθεν

291 4413 382 4464 καὶ
433 4411 500 4462 τὸ
545 4409 863 4479 βάπτισμα,
892 4410 1029 4478 ὅπερ
1057 4410 1179 4461 ἐστὶ
1222 4413 1418 4479 καινῆς
1455 4407 1726 4474 σύμϐολον
1771 4408 1891 4462 κτί-

293 4520 450 4564 σεως,
480 4504 567 4564 εἰς
593 4499 700 4572 τὴν
729 4499 946 4570 Πατρὸς
977 4501 1072 4553 καὶ
1099 4500 1230 4554 Υἱοῦ
1257 4502 1354 4554 καὶ
1384 4502 1546 4570 ἁγίου
1567 4501 1706 4554 Πνεύ
1717 4519 1888 4572 ματος

293 4591 586 4660 ἐπίκλησιν
637 4591 815 4640 ποιεῖν
863 4591 1358 4660 προστεταγμεθα’
1417 4591 1651 4662 ἐπείπερ
1694 4591 1892 4644 συνθα-

293 4679 548 4750 πτῦμεθά
589 4694 655 4730 τε
697 4679 756 4730 ὲν
792 4677 940 4746 αὐτῷ
991 4677 1091 4731 καὶ
1137 4677 1585 4747 συνανιστὰμεθα
1641 4676 1719 4746 τῷ
1757 4679 1892 4747 Χρι-

293 4772 424 4841 ετῷ,
473 4770 625 4823 κατὰ
676 4769 769 4822 τὸν
809 4769 952 4821 Θεῖον
996 4767 1350 4823 Ἀπόστολον·
1401 4768 1477 4832 ὡς
1521 4767 1588 4822 ἂν
1623 4769 1892 4838 μάθοιμεν

291 4863 368 4917 in
401 4864 470 4915 ὲκ
507 4861 613 4932 τῆς
657 4859 890 4928 Τριάδος
933 4859 1360 4929 ἀνακτιζόμεθα,
1400 4859 1491 4927 ὑφ’
1531 4854 1716 4928 ἧσπερ
1747 4859 1893 4911 ἐκτίσ

289 4951 473 5021 σμεθα
492 4967 510 4980 ·
537 4952 569 5004 6
607 4950 722 5019 γὰρ
762 4947 925 5011 αὐτὸς
945 4949 1080 5012 Θεὸς
1103 4949 1198 5002 καὶ
1237 4948 1334 5002 τοῦ
1389 4945 1532 5003 εἶναι
1562 4949 1658 5003 καὶ
1695 4947 1791 5002 τοῦ
1823 4943 1882 5002 εὖ

293 5038 429 5095 εἶναι
467 5043 696 5110 πέφυκε
744 5040 1394 5112 χορηγό;,’Σημειωτέον
1424 5041 1481 5094 δὲ
1526 5041 1608 5094 ὅτι
1655 5041 1724 5094 δι’
1757 5041 1886 5110 ὅλης

289 5134 387 5203 τῆς
407 5132 784 5204 κοσμοποιίας
809 5131 909 5202 τῷ,
929 5127 1128 5186 «Εἶπεν
1154 5134 1182 5184 ὁ
1209 5131 1367 5195 Θεὸς,
1393 5151 1412 5182 ι
1451 5133 1736 5204 πρόκειται
1767 5134 1882 5197 καὶ,

297 5241 320 5276 ι
341 5225 640 5294 ἐποίησεν
669 5224 697 5276 ὀ
711 5222 862 5287 Θεὸς,
875 5221 1108 5291 »δηλοῦν
1119 5221 1180 5274 τὸ
1199 5221 1592 5292 δημιουργικόν
1612 5237 1625 5252 ο
1655 5223 1889 5292 μάλιστα

293 5315 400 5382 γὰρ
439 5313 538 5367 διὰ
561 5311 778 5384 ταύτης
817 5311 921 5382 τῆς
951 5311 1354 5382 προσηγορίας,
1391 5312 1454 5364 τὸ
1491 5312 1888 5382 δημιουργικὸν

291 5404 554 5471 δηλοῦται
570 5421 586 5436 ·
610 5405 650 5475 ἡ
676 5403 735 5458 δὲ
763 5404 980 5472 Κύριος
1002 5401 1292 5476 ὀνομασία,
1323 5401 1586 5474 ἄρχοντος
1610 5407 1707 5456 καὶ
1737 5403 1894 5473 βασι-

1984 1840 2062 1894 cit
2099 1859 2112 1894 :
2148 1862 2166 1893 ι
2199 1840 2263 1894 Ει
2292 1841 2492 1895 factum
2534 1851 2641 1906 est,
2675 1861 2693 1894 ι
2732 1843 2936 1912 quibus
2979 1844 3164 1900 verbis
3205 1845 3446 1902 indicare
3473 1864 3576 1904 vo.-

1985 1932 2108 1997 luit,
2139 1947 2282 2002 Opus
2335 1948 2553 2002 semper
2599 1935 2956 1988 subsecutum
2987 1950 3112 1991 esse
3152 1936 3363 2006 iussum
3391 1951 3448 1996 et
3478 1957 3576 1996 νο-

1985 2024 2249 2078 luntatem
2291 2025 2559 2078 divinam.
2586 2025 2858 2080 Cmterum
2895 2027 2947 2081 in
2980 2029 3105 2083 coeli
3133 2032 3414 2088 creatione
3439 2050 3574 2088 usus

1983 2126 2069 2172 est
2125 2117 2238 2171 illis
2295 2118 2480 2172 verbis
2513 2135 2526 2172 :
2560 2137 2578 2169 ι
2625 2118 2692 2172 Ει
2728 2119 2857 2174 fecit
2897 2118 3040 2176 Deus
3087 2121 3512 2192 ﬁrmamentum,
3547 2146 3566 2179 ι

1984 2226 2106 2280 quae
2141 2226 2246 2264 non
2271 2210 2574 2264 oscitanter
2594 2221 2651 2266 et
2679 2211 2857 2264 obiter
2885 2211 3170 2280 interiecta
3197 2225 3344 2270 sunt.
3387 2216 3574 2272 Voluit

1982 2301 2130 2356 enim
2163 2301 2476 2364 ostendere,
2499 2315 2610 2355 non
2635 2300 2800 2354 alium
2822 2302 2945 2355 cceli
2970 2318 3094 2358 esse
3113 2305 3390 2374 opiﬁcem,
3409 2323 3570 2378 quam

1985 2409 2132 2456 eum,
2167 2395 2260 2462 qui
2309 2392 2762 2462 jusseritcoelum
2800 2394 2938 2448 ﬁeri.
2967 2393 3105 2449 Cum
3149 2397 3200 2450 id
3255 2400 3425 2453 semel
3472 2389 3574 2454 nos

1985 2483 2256 2550 docuerit,
2293 2483 2348 2538 in
2373 2484 2601 2553 reliquis
2630 2491 2714 2538 sat
2744 2484 2906 2540 habet
2936 2486 3180 2543 dixisse:
3269 2488 3335 2543 Et
3373 2491 3574 2560 factum

1982 2580 2088 2638 est,
2176 2581 2418 2628 attamen
2459 2583 2519 2628 ut
2547 2573 2601 2627 in
2629 2574 2864 2643 singulis
2903 2575 3357 2650 subintelligatur
3381 2592 3574 2635 auctor

1985 2674 2038 2718 et
2065 2665 2304 2720 efﬁciens
2329 2680 2496 2720 causa
2531 2665 2691 2722 Deus.
2719 2663 2874 2720 Haud
2899 2667 3044 2722 enim
3074 2669 3216 2724 alius
3247 2670 3572 2742 imperabat,

1985 2767 2037 2812 et
2079 2757 2218 2810 alius
2248 2742 2472 2810 creabat
2505 2773 2519 2808 :
2553 2765 2848 2826 utrumque
2872 2757 3170 2826 praestabat
3192 2759 3358 2826 Deus,
3378 2777 3576 2832 nempe

1983 2847 2171 2902 divina
2221 2847 2530 2902 substantia
2587 2846 2788 2912 Patris,
2833 2847 2960 2902 Filii
2991 2861 3045 2904 et
3074 2849 3316 2921 Spiritus
3373 2859 3572 2908 sancti.

1984 2940 2064 2994 Ne
2095 2943 2262 3010 igitur
2287 2940 2384 2994 tibi
2414 2939 2665 2994 insolens
2705 2949 2758 2995 et
2803 2942 3153 3011 peregrinum
3207 2945 3477 3006 videatur,
3526 2948 3574 3000 si

1984 3031 2247 3101 deinceps
2279 3031 2474 3086 audias
2500 3031 2696 3085 Filium
2727 3031 2814 3085 Dei
2844 3047 3060 3096 eorum,
3089 3049 3205 3104 qua.
3243 3035 3386 3090 facta
3424 3049 3574 3102 sunt,

2924 3141 2942 3173 ι
2981 3121 3144 3178 Pater
3176 3140 3330 3180 meus
3367 3125 3432 3180 ad
3476 3127 3577 3181 Inc

1992 3229 2167 3283 usque
2201 3224 2418 3284 tempus
2469 3221 2749 3282 operatur,
2783 3222 2836 3268 et
2867 3228 2968 3284 ego
3017 3230 3217 3285 operor
3263 3215 3329 3272 ⁸³.
3365 3235 3382 3268 ι
3419 3217 3576 3284 Quod

1991 3307 2065 3360 ait
2117 3324 2130 3360 :
2183 3327 2200 3358 ι
2253 3306 2320 3360 ad
2385 3310 2700 3374 hocusque
2759 3315 3017 3378 tempus,
3082 3326 3101 3359 ι
3156 3311 3576 3380 perpetuitatem

1989 3397 2172 3468 operis
2195 3399 2278 3451 vel
2304 3398 2622 3452 continuam
2663 3399 3041 3468 operationem
3076 3400 3318 3454 denotat.
3349 3400 3574 3464 Verum,

1996 3507 2015 3542 ι
2057 3499 2320 3560 operatur
2378 3498 2434 3544 et
2489 3504 2708 3559 operor,
2753 3509 2771 3541 ι
2829 3492 3170 3560 operationis
3226 3509 3573 3549 communem

1991 3581 2310 3636 societatem
2389 3579 2644 3635 edocent.
2715 3580 2779 3633 Et
2831 3581 3028 3635 iterum
3080 3583 3280 3638 ibidem
3333 3584 3513 3654 inquit
3561 3607 3574 3638 :

1995 3689 2014 3722 ι
2051 3672 2397 3740 Quacumque
2446 3671 2593 3723 enim
2654 3671 2745 3726 ille
2781 3673 2994 3739 tecerit,
3034 3673 3150 3728 haec
3181 3674 3371 3729 eadem
3408 3687 3464 3730 et
3494 3676 3578 3730 Fi-

1992 3765 2098 3818 lius
2122 3762 2254 3818 facit
2282 3763 2539 3817 similiter
2569 3763 2635 3817 “.
2663 3783 2680 3814 ο
2705 3763 2824 3818 Non
2853 3763 2985 3819 talia
3036 3764 3193 3832 dicit,
3221 3767 3316 3820 sed
3341 3769 3529 3822 eadem
3559 3785 3573 3820 :

1993 3872 2100 3911 non
2133 3857 2320 3924 qualia
2375 3856 2579 3926 inquit,
2622 3855 2717 3910 sed
2765 3872 2902 3928 qum.
2938 3855 3096 3923 Quod
3137 3861 3457 3924 adiunctum
3493 3873 3580 3916 cst

1992 3947 2217 4002 verbum
2247 3945 2438 4008 videre,
2463 3947 2600 4002 satis
2631 3946 2914 4001 evidenter
2940 3957 3232 4022 monstrat,
3271 3951 3416 4020 quod
3441 3952 3579 4004 nihil

1991 4054 2204 4104 eorum,
2239 4055 2361 4109 qua:
2409 4037 2572 4092 Pater
2623 4037 2778 4102 facit,
2805 4037 3004 4093 Filium
3031 4040 3219 4096 lateat.
3264 4041 3412 4096 Satis
3443 4057 3575 4112 pra:-

1991 4141 2138 4186 terea
2171 4129 2480 4184 luculenter
2514 4130 2740 4193 indicat,
2775 4143 2901 4184 eum
2937 4131 3120 4183 omnia
3153 4130 3432 4184 voluntate
3461 4136 3578 4184 Sola

1993 4239 2202 4278 creare.
2250 4242 2268 4274 ‹
2308 4221 2506 4277 Omnia
2549 4222 2696 4276 enim
2747 4222 3017 4291 (testatur
3053 4221 3404 4292 Scriptura),
3457 4240 3581 4292 qua:

1989 4313 2192 4378 voluit,
2229 4311 2356 4366 fecit
2387 4311 2454 4364 ⁸³.
2495 4329 2514 4362 ι
2553 4311 2896 4380 Cum.igitur
2927 4310 2981 4364 in
3008 4311 3332 4366 societatem
3362 4313 3579 4368 consilii

1994 4404 2404 4472 voluptatisque
2435 4403 2784 4468 adhibeatur,
2840 4419 2950 4457 non
2992 4403 3302 4458 excluditur
3330 4420 3581 4457 commu-

1995 4500 2158 4554 nione
2196 4506 2250 4552 et
2307 4499 2648 4567 operationis
2694 4499 2982 4552 societate.
3032 4497 3150 4552 Non
3206 4499 3355 4552 cnim
3389 4500 3488 4553 abs
3523 4516 3581 4552 re

1989 4589 2120 4644 illud
2153 4589 2400 4642 additum
2431 4596 2536 4651 est,
2573 4590 2681 4642 imo
2719 4597 2776 4642 ut
2809 4589 3126 4643 ostenderet
3165 4591 3308 4658 quod
3341 4607 3450 4644 non
3483 4608 3579 4646 Stt-

1989 4681 2100 4733 lum
2131 4679 2324 4733 eadem
2357 4676 2584 4740 faceret.
2611 4677 2707 4732 sed
2739 4687 2794 4733 et
2822 4681 3117 4742 similiter,
3160 4681 3214 4735 id
3246 4692 3352 4743 est,
3386 4686 3582 4738 volun-

1989 4778 2097 4822 tate
2119 4779 2171 4822 et
2205 4768 2468 4837 potentia.
2497 4767 2640 4822 Idem
2668 4776 2728 4821 ut
2759 4768 2967 4822 clarius
3000 4771 3344 4840 explanaret,
3374 4772 3574 4826 infert:

1996 4877 2013 4910 ι
2048 4859 2202 4914 Sicut
2237 4859 2383 4912 enim
2419 4856 2584 4910 Pater
2643 4859 2878 4913 suscitat
2935 4870 3185 4916 mortuos
3213 4870 3268 4916 et
3313 4863 3576 4926 virilium,

1991 4949 2073 5002 sic
2121 4955 2177 5000 et
2207 4945 2382 5001 Filius
2422 4963 2562 5014 quos
2619 4947 2734 5000 vult
2787 4948 3032 5003 viviﬁeat
3077 4951 3161 5015 “;
3207 4970 3225 5002 ι
3274 4967 3395 5019 qua:
3427 4964 3580 5007 cette

1993 5038 2159 5090 Verba
2219 5037 2356 5091 satis
2408 5037 2642 5092 edocent
2666 5037 2792 5104 Filii
2821 5054 2943 5092 cum
2997 5039 3153 5094 Patre
3184 5043 3576 5110 aequalitatem.

1994 5127 2150 5194 Quod
2183 5129 2278 5187 ait,
2303 5147 2341 5179 εί
2395 5144 2537 5198 (pios
2571 5113 2712 5195 vult,
2745 5149 2764 5181 ι
2805 5131 3189 5198 accipiendum
3229 5142 3315 5188 est
3355 5151 3454 5204 pro
3490 5153 3580 5200 eo,

1995 5235 2060 5276 ac
2087 5220 2132 5275 si
2173 5220 2400 5282 diceret,
2430 5221 2546 5275 sola
2581 5223 2884 5275 voluntate.
2925 5221 3063 5278 llinc
3102 5223 3367 5292 jubemur
3405 5231 3584 5296 bapti-

1995 5326 2203 5376 smum,
2255 5312 2353 5380 qui
2407 5320 2497 5367 est
2547 5313 2857 5384 symbolum
2910 5329 3068 5370 nova:
3126 5319 3447 5383 creationis,
3481 5322 3585 5375 rite

2004 5421 2266 5476 peragere
2299 5409 2354 5462 in
2416 5407 2642 5464 nomine
2707 5403 2907 5474 Patris,
2965 5415 3020 5462 et
3069 5393 3189 5462 Filii
3227 5419 3282 5465 et
3340 5410 3581 5482 Spirtns

361 5544 410 5578 ⁸⁸
444 5544 588 5613 Agg.
622 5558 686 5608 ιι,
719 5541 772 5596 7.
845 5541 896 5576 ⁸³
930 5539 1092 5598 Joan.
1127 5542 1278 5611 v,17.
1356 5541 1400 5574 “
1443 5541 1578 5598 Ibid.
1621 5543 1708 5596 l9.
1783 5543 1829 5576 ⁸⁸
1864 5541 1886 5596 Ι

1996 5584 2010 5596 .
2083 5560 2255 5609 cxtn,
2301 5545 2356 5600 5.
2433 5545 2479 5576 ⁸⁸
2514 5539 2676 5597 Joan.
2712 5558 2761 5608 v,
2801 5543 2892 5598 2|.

1641 5674 1873 5732 VARUE
1912 5675 2317 5734 LECTlﬁNES.

369 5777 390 5808 ⁵
413 5768 560 5824 Cod.
595 5767 758 5838 ἐπιδη
769 5767 964 5838 μὼσει.
