4002 6418
458 423 528 486 επ
1772 435 2030 499 PROCO]

2164 439 2404 501 GAZ/EI
3647 459 3720 520 81

460 543 746 590 merentur
771 536 971 600 herbae,
988 553 1177 593 verum
1205 547 1260 592 nt
1279 539 1326 608 pl
1336 539 1524 594 nrimm
1538 550 1650 596 tum
1676 545 1902 602 arbores
1919 563 2030 603 cun

2148 550 2350 618 ἀγαθὸν
2381 552 2518 624 ὅπερ
2576 553 2808 625 ἔϐλαψεν
2840 557 3044 630 ἕτερον,
3079 560 3266 633 ὥσπερ
3305 565 3422 620 ἐστί
3457 565 3590 640 πρῦς
3623 575 3726 641 μὲν

461 625 644 679 herbae
677 627 1008 696 pullularent
1049 639 1332 682 venenata.-
1363 640 1414 684 ct
1448 632 1742 700 pestiferae.
1790 634 2038 707 Respon-

457 717 654 770 demus
685 734 698 768 :
743 715 858 770 Non
901 725 1031 772 sunt
1065 719 1290 771 omnino
1329 721 1526 781 noxiae.
1558 739 1746 778 verum
1779 727 1888 780 vim
1920 743 2034 782 me-

457 803 637 858 dicam
672 805 948 871 retinent;
998 807 1128 860 lmso
1171 808 1526 875 auxiliantur,
1563 820 1622 864 ut
1650 813 1838 868 videre
1873 815 1926 870 in
1955 818 2032 870 ci-

456 902 581 949 cuta
609 903 714 958 est,
749 911 872 966 qua!
928 896 1152 966 prodest
1206 898 1355 968 lepra
1409 901 1655 963 infectis.
1692 904 1744 960 in
1786 907 2030 962 elleboro

457 991 692 1038 sanante
719 992 940 1056 ortygas
986 995 1212 1056 propter
1248 989 1542 1057 quamdam
1577 995 1878 1049 naturalem
1915 998 2026 1050 vim

453 1086 508 1129 et
555 1077 833 1132 virtutem.
877 1075 1180 1132 Plurimum
1245 1081 1565 1135 conducunt
1623 1087 2025 1142 conservationi

457 1167 620 1237 hujus
666 1168 932 1234 universi,
961 1171 1214 1240 quamvis
1249 1172 1531 1228 damnosa:
1580 1175 1857 1229 interdum
1890 1179 2026 1246 parti

2139 641 2325 714 ψᾶρας
2355 643 2418 696 τδ
2443 643 2688 711 κώνειον,
2727 649 3012 720 ἐλλέϐορος
3055 648 3110 704 δὲ
3138 654 3275 722 πρὸς
3303 657 3431 720 τοὺς
3462 657 3720 730 ὄρτυγας,

2139 733 2228 786 διά
2259 751 2384 788 τινα
2413 739 2651 808 φυσικὴν
2695 735 2934 812 ἰδιότητα
2961 759 2976 772 ·
3029 743 3110 812 τῷ
3144 746 3312 799 παντὶ
3343 749 3526 804 τοίνυν
3578 751 3708 807 λυσι-

2135 824 2268 894 τελῆ
2316 825 2385 878 τὰ
2417 828 2556 898 μέρη
2604 829 2714 881 τινὶ
2761 830 3163 902 λυμαινόμενα.
3213 835 3324 889 Καὶ
3373 838 3484 908 γάρ
3516 843 3544 894 ὁ
3591 841 3722 910 βοῦς

2136 911 2273 982 πρὸς
2322 917 2596 987 γεωργίαν
2649 917 2966 989 εὔχρηστος,
3028 925 3076 976 εἰ
3141 924 3236 976 καὶ¹
3287 925 3349 979 τὸ
3399 923 3537 998 αἷμα
3589 931 3718 984 10'3-

2133 1017 2227 1053 του
2286 1004 2622 1074 καθέστηκεν
2705 1010 2836 1076 ἡμῖν
2903 1011 3264 1082 δηλητήριον·
3307 1017 3364 1067 ἐν
3419 1019 3595 1090 καιρῷ
3656 1023 3715 1074 δὲ

2134 1091 2269 1160 ἡμῖν
2337 1093 2432 1146 καὶ
2481 1095 2652 1149 ταῦτα
2686 1101 2950 1170 χρήσιμα,
3007 1102 3083 1166 ὠς
3125 1104 3327 1174 ἰατρῶν
3373 1107 3553 1162 ἴσασιν
3591 1115 3718 1165 παῖ-

2139 1180 2250 1244 δες.

455 1262 616 1318 alicui
641 1263 1050 1318 existimentur.
1093 1263 1226 1317 Nam
1259 1273 1312 1319 et
1347 1265 1447 1321 bos
1482 1268 1633 1322 utilis
1663 1275 1750 1322 est
1789 1268 1855 1322 ad
1889 1271 2306 1340 agriculturam,
2337 1275 2556 1331 interim
2612 1283 2838 1352 sanguis
2876 1285 2996 1354 ejus
3054 1303 3324 1346 venenum
3385 1265 3489 1348 est.
3541 1293 3721 1352 Inter-

455 1355 586 1410 dum
617 1369 821 1409 venena
857 1353 1019 1409 nobis
1051 1357 1289 1410 maxime
1322 1365 1572 1427 prosunt,
1623 1360 1780 1414 sicuti
1825 1371 2030 1416 norunt
2069 1364 2408 1420 medicorum
2437 1368 2554 1426 lilii.

525 1445 632 1502 Sed
674 1462 780 1516 qua
813 1447 1024 1500 ratione
1065 1448 1134 1500 ait
1170 1447 1236 1502 de
1272 1448 1500 1503 herbis:
1539 1467 1556 1500 ι
1597 1449 1886 1505 Seminans
1932 1467 2026 1506 se-

455 1553 612 1603 men;
642 1557 661 1589 ›
686 1546 740 1592 et
770 1539 834 1591 de
861 1538 1154 1592 arboribus
1184 1557 1197 1593 :
1233 1555 1251 1590 ι
1285 1537 1513 1608 Lignum
1551 1537 1899 1594 fructiferum
1924 1556 2026 1594 cu-

449 1631 538 1696 jus
571 1644 757 1684 semen
789 1629 844 1683 itt
887 1630 987 1683 se?
1018 1647 1036 1680 ι
1077 1641 1208 1694 etc.,
1259 1645 1382 1683 cum
1415 1645 1592 1700 neque
1625 1632 1892 1698 calamus,
1929 1649 2024 1688 ne-

455 1737 564 1790 que
601 1721 834 1792 agrestis
872 1719 1070 1793 [herba
1120 1731 1206 1776 est
1258 1736 1378 1791 quat
1433 1722 1487 1776 in
1547 1738 1757 1778 morem
1809 1723 2027 1780 hedera:

455 1815 626 1884 serpit
655 1821 709 1868 et
755 1812 1060 1885 dilatatur],
1097 1828 1272 1881 neque
1305 1815 1548 1877 mentha,
1583 1830 1760 1885 neque
1809 1830 2027 1883 crocus,

2219 1455 2377 1509 Ἀλλά
2427 1459 2565 1523 πῶς,
2620 1461 2806 1529 φασὶν,
2869 1464 2963 1517 ἐπὶ
3007 1467 3106 1536 μὲν
3150 1468 3258 1521 τῶν
3301 1468 3543 1537 βοτανῶν
3569 1470 3715 1541 εἷπε,

2138 1549 2397 1635 ιῌσπείρον
2411 1551 2652 1620 σπέρμα,
2668 1572 2684 1603 ι
2706 1554 2796 1607 ἐπὶ
2807 1553 2862 1608 δὲ
2875 1556 3218 1629 τῶνδένδρων
3236 1579 3254 1611 ι
3277 1560 3430 1635 ξύλον
3441 1563 3719 1635 κάρπιμον

2128 1630 2190 1691 οὗ
2224 1639 2284 1692 τὸ
2315 1642 2538 1713 σπέρμα
2570 1643 2736 1698 αὐτοῦ
2776 1649 2834 1700 ὲν
2864 1649 3048 1720 αὐτῷς
3090 1669 3109 1702 ι
3142 1631 3370 1721 arma.”
3397 1630 3721 1711 obtexi—la-

2135 1747 2255 1800 μος,
2273 1731 2394 1786 οὔτε
2419 1734 2712 1804 ἄγρωστις,
2729 1736 2849 1791 οὔτε
2866 1741 3088 1812 ήμίνθη,
3110 1743 3172 1795 οὐ
3197 1745 3416 1816 κρόκος,
3433 1747 3494 1800 οὗ
3525 1750 3722 1820 σκόρο-

2131 1821 2316 1886 δον.οὑ
2345 1823 2628 1896 βούτομον,
2656 1829 2764 1882 οὐδ’
2801 1830 2936 1884 ἄλλα
2961 1833 3128 1904 μυρία
3148 1836 3278 1906 γένη
3315 1840 3722 1908 σπερματίςον-

459 1919 633 1973 neqne
672 1904 884 1968 allium,
941 1921 1038 1958 nec
1066 1905 1352 1958 buten-tum
1404 1903 1598 1976 [herba
1643 1914 1732 1961 est
1765 1907 2026 1962 arundini

2134 1927 2198 1963 τα
2230 1912 2519 1979 φαίνεται·
2567 1917 2660 1968 καὶ
2701 1917 2810 1972 τῶν
2854 1903 3088 1992 δένδρων
3134 1903 3350 1994 ὁρῶμεν
3381 1903 3555 1981 πολλὰ
3587 1903 3719 1982 οὔτε

457 1995 676 2060 similis,
709 2001 763 2048 et
793 1995 844 2048 in
881 1995 1082 2064 pabulo
1127 1995 1256 2047 data
1307 1995 1474 2050 boves
1507 1995 1747 2065 enecat],
1803 1997 2032 2066 aliaeque

459 2085 748 2139 herbarum
779 2086 988 2154 species
1027 2084 1252 2140 infinitae
1273 2101 1460 2141 semen
1489 2085 1684 2143 ali‘erre
1707 2096 2028 2159 appareant;

459 2175 720 2229 Praeterea
767 2177 1142 2246 conspicimus
1189 2179 1413 2233 arbores
1463 2177 1749 2246 plurimas,
1785 2195 1907 2250 qua:
1940 2197 2032 2236 ue-

455 2283 563 2336 que
609 2267 824 2322 fruetus
865 2284 1042 2337 neque
1094 2268 1304 2323 semina
1355 2278 1672 2340 apportant.
1709 2271 1922 2338 Quibus
1975 2272 2030 2326 in

459 2359 604 2411 hunc
657 2357 881 2411 modum
931 2357 1332 2428 respondemus
1389 2377 1402 2414 :
1453 2358 1658 2424 Multa,
1714 2377 1837 2431 qua;
1885 2363 2028 2416 alma

459 2447 638 2502 fundit
677 2448 897 2514 humus,
949 2449 1003 2502 in
1039 2451 1157 2504 solo
1190 2457 1244 2502 et
1273 2449 1457 2505 radice
1500 2451 1644 2506 vires
1689 2451 1916 2518 habent,
1950 2453 2029 2508 si-

455 2539 570 2593 cuti
599 2548 656 2594 et
701 2539 965 2595 calamus.
1021 2539 1154 2594 Nam
1206 2553 1494 2610 postquam
1550 2543 1850 2598 excesserit
1897 2545 2027 2598 anni

456 2641 674 2702 tempus
697 2647 764 2686 ex
793 2632 975 2688 radice
1011 2634 1288 2703 protrudit
1328 2635 1634 2700 surculum,
1667 2636 1761 2705 qui
1801 2637 2029 2692 seminis

458 2723 724 2778 rationem
773 2724 996 2779 retinet.
1053 2723 1246 2780 Herba:
1291 2740 1414 2794 quae
1457 2725 1614 2799 humi
1673 2735 1924 2797 serpunt,
1973 2728 2026 2781 in

460 2813 738 2869 radicibus
785 2815 994 2870 sobolis
1030 2817 1438 2871 successionem
1486 2829 1835 2874 conservant.
1891 2819 2029 2874 llinc

457 2904 637 2959 elucet
661 2905 892 2976 singulis
921 2907 1102 2965 insse
1134 2923 1317 2962 semen
1358 2917 1452 2963 aut
1483 2910 1588 2962 vim
1619 2912 1911 2980 quamdam
1943 2927 2029 2967 sc-

461 2997 786 3052 minantem.
815 2997 973 3064 Quod
1013 2999 1078 3053 ad
1112 3000 1342 3054 arbores
1396 3000 1610 3056 steriles
1661 3003 1917 3072 pertinet,
1947 3004 2028 3058 sic

461 3085 759 3142 habetote:
803 3088 934 3155 alni,
979 3087 1132 3152 ulmi,
1181 3088 1401 3154 salices,
1442 3093 1740 3160 populique
1781 3093 1886 3148 etsi
1917 3109 2024 3148 non

461 3181 513 3234 in
547 3179 834 3250 propatulo
859 3192 1054 3252 gerunt
1088 3183 1319 3249 fructus,
1367 3195 1606 3239 attamen
1653 3186 1799 3242 loliis
1841 3188 2028 3258 subje-

457 3281 580 3328 ctus
614 3288 797 3326 ramus
831 3274 1015 3342 (quem
1059 3274 1252 3345 μισχὸν
1281 3275 1503 3345 vocant)
1533 3277 1760 3332 seminis
1790 3278 1897 3332 vim
1929 3254 2027 3333 ub-
2053 3254 2100 3316 θ

459 3365 612 3418 tinet.
655 3362 1007 3434 Quaecunque
1038 3366 1183 3420 enim
1222 3382 1294 3422 ett
1319 3369 1486 3423 ramis
1515 3371 1766 3438 generari
1792 3385 2028 3425 consue-

460 3461 674 3518 verunt,
707 3455 1029 3526 plerumque
1072 3457 1198 3510 inde
1233 3458 1565 3526 promittunt
1600 3459 1831 3514 radices.
1883 3459 2028 3515 Prte—

461 3554 606 3600 terea
656 3546 798 3601 inter
831 3549 1043 3602 semina
1091 3551 1552 3605 connmnerandae
1601 3563 1730 3606 sunt
1777 3551 2026 3607 radicum

455 3636 807 3707 appendices,
840 3654 976 3708 quas
996 3639 1332 3708 plantatores
1361 3641 1679 3713 defringunt
1707 3651 1760 3698 et
1785 3631 1838 3698 in
1868 3655 2026 3700 trun-

457 3743 553 3784 ros
580 3731 838 3785 arborum
870 3729 1182 3800 depangunt
1209 3741 1476 3802 augentes
1521 3734 1784 3789 arborum
1823 3752 2021 3804 genus.

454 3812 720 3874 Gzrte'rum
754 3836 876 3890 quae
900 3808 1199 3878 nobiliores
1233 3825 1456 3878 arbores
1489 3833 1648 3880 erant
1676 3835 1891 3892 natura,
1915 3843 2026 3899 prta

456 3911 880 3979 ignobiltoribus
919 3913 1242 3966 nobiliorem
1303 3930 1524 3983 quoque
1569 3915 1825 3971 invenere
1876 3933 2026 3972 men-

457 4003 686 4067 tionem,
721 4009 920 4071 utqnae
955 4003 1075 4056 suis
1104 3999 1376 4055 l‘ructibns
1409 4003 1684 4056 hominem
1711 4010 1898 4057 essent
1933 4001 2029 4057 ad-

452 4093 676 4157 jnturzr,
727 4106 836 4162 quo
899 4091 1102 4147 lautius
1145 4093 1372 4146 viveret.
1423 4091 1772 4164 Signiﬁcatur
1809 4109 2030 4164 quoque

455 4183 660 4248 ontnia,
697 4183 788 4239 ubi
819 4185 1054 4255 primum
1073 4185 1266 4254 jussus
1291 4185 1512 4239 divinus
1527 4187 1842 4256 contigerit,
1867 4189 2032 4256 prod-

458 4277 592 4332 iisse
625 4293 638 4331 :
673 4273 739 4332 et
790 4278 1005 4350 singula
1059 4293 1168 4332 una
1243 4279 1519 4348 propriam
1573 4272 1678 4348 25
1737 4278 2029 4349 quamdam

458 4367 739 4438 accepisse
761 4369 1048 4434 virtutem,
1079 4385 1184 4440 qua
1217 4387 1314 4424 cett
1349 4383 1473 4424 nota
1504 4371 1740 4440 quadam
1770 4373 2032 4442 peculiari

2133 2005 2386 2074 καρποῖς,
2408 2004 2531 2058 οὔτε
2583 2007 2858 2078 σπέρματι
2900 2013 3241 2082 κεχρημένα.
3275 2016 3416 2084 Πρὸς
3457 2016 3493 2070 ἃ
3534 2035 3720 2088 φαμεν

2131 2093 2216 2147 δτι
2241 2094 2414 2148 πολλὰ
2441 2096 2552 2150 τῶν
2595 2100 2884 2168 φυομένων
2921 2103 2986 2155 ὲκ
3017 2103 3120 2174 γῆς
3169 2106 3264 2159 ἐπὶ
3304 2107 3399 2160 τοῦ
3441 2108 3719 2180 πυθμένος

2131 2185 2226 2237 καὶ
2253 2187 2352 2256 τῆς
2387 2185 2546 2258 ῥίζης
2580 2187 2694 2258 ἔχει
2722 2189 2819 2260 τὴν
2851 2191 3081 2263 δύναμιν
3106 2208 3118 2223 ⁸
3169 2195 3362 2268 ὥσπερ
3409 2199 3439 2253 ὁ
3471 2199 3718 2270 κάλαμος

2136 2275 2276 2346 μετὰ
2314 2278 2415 2348 τὴν
2455 2279 2703 2335 ἐπέτειον
2741 2281 2972 2354 αὔξησιν
3016 2287 3124 2341 ἀπὸ
3169 2290 3267 2358 τῆς
3313 2291 3472 2362 ῥίζης
3520 2294 3717 2364 ἀφίησί

2129 2381 2252 2418 τινα
2299 2369 2570 2440 προϐολὴν
2616 2371 2933 2443 σπέρματος
2982 2377 3140 2444 λόγον
3182 2379 3434 2449 ἔχουσαν,
3485 2384 3579 2438 καὶ
3625 2385 3720 2438 διὰ.

2130 2455 2236 2526 γῆς
2269 2456 2546 2527 νεμόμενα
2575 2459 2634 2512 ἐν
2661 2464 2782 2525 ταῖς
2814 2463 2995 2532 ῥίζαις
3021 2467 3119 2536 τὴν
3140 2467 3395 2540 διαδοχὴν·
3419 2472 3711 2542 κέκτηται,

2130 2544 2272 2600 ὥστε
2302 2547 2518 2618 ἑκάστῳ
2550 2549 2583 2620 ἢ
2627 2553 2849 2624 σπέρμα
2879 2549 3020 2610 εἶναι
3063 2557 3097 2627 ἢ
3129 2557 3359 2628 δύναμιν
3383 2577 3505 2614 τινα
3542 2579 3717 2635 σπερ-

2132 2640 2370 2710 ματικὴν
2413 2641 2758 2712 ἐνυπάρχειν.
2833 2646 2942 2699 Καὶ
2985 2647 3092 2701 τῶν
3114 2649 3346 2722 δένδρων
3371 2651 3436 2722 δὴ
3481 2654 3719 2724 αίγειροι

2129 2731 2224 2782 καὶ
2255 2731 2480 2785 πτελέαι
2507 2734 2604 2788 καὶ
2633 2735 2772 2788 ἰτέαι
2794 2741 2889 2791 καὶ
2913 2737 3128 2804 λεῦκαι,
3170 2742 3222 2794 εἰ
3249 2743 3343 2796 καὶ
3379 2743 3454 2814 μὴ
3485 2745 3720 2815 φέρουσι

2129 2822 2414 2892 προδήλως
2434 2825 2670 2896 καρπὸν,
2702 2826 2819 2880 ἀλλ’
2845 2825 2938 2882 οὖν
2979 2832 3008 2884 δ
3037 2832 3399 2904 ὑποκείμενος
3422 2835 3598 2888 αὐτῶν
3633 2835 3720 2905 τῷ

2129 2910 2315 2982 φύλλῳ
2352 2914 2544 2976 κλάδος
2571 2915 2630 2969 ὃν
2667 2918 2899 2988 μίσχον
2943 2921 3170 2976 καλοῦσί
3213 2939 3378 2988 τινες,
3420 2924 3576 2978 τοῦτο
3612 2925 3717 2978 τοῦ

2131 3002 2442 3072 σπέρματος
2479 3003 2592 3074 ἔχει
2619 3004 2716 3078 τὴν
2745 3007 2992 3078 δύναμιν.
3027 3010 3168 3064 Ὅσα
3217 3011 3324 3083 γὰρ
3357 3011 3463 3066 ἀπὸ
3505 3013 3720 3067 κλάδων

2129 3091 2374 3162 γίνεσθαι
2404 3097 2666 3165 πέφυκεν,
2709 3098 2976 3167 ἐντεῦθεν,
3005 3101 3080 3166 ὡς
3100 3103 3166 3155 τὰ
3193 3103 3386 3168 πολλὰ,
3419 3103 3716 3176 προϐάλλει

2131 3187 2230 3249 τὰς
2255 3186 2432 3256 ῥίζας.
2472 3187 2626 3259 Τάχα
2656 3189 2712 3243 δὲ
2743 3190 3058 3263 σπέρματος
3095 3191 3281 3264 ἔχουσι
3324 3194 3480 3264 λόγον
3521 3197 3616 3249 καί⁵
3653 3199 3719 3250 αἰ

2131 3275 2240 3329 τῶν
2268 3274 2434 3344 ῥιζῶν
2455 3279 2776 3348 ἀποφύσεις,
2809 3281 2846 3336 ἃ.
2870 3283 3266 3353 παρασπῶντες
3308 3286 3356 3338 οἰ
3393 3287 3717 3358 φυτοκόμοι,

2131 3367 2193 3420 τὸ
2223 3368 2378 3436 γένος
2405 3368 2649 3435 αὔξουσι.
2699 3373 2843 3444 Πρὸς
2882 3373 2940 3428 δὲ
2983 3376 3196 3440 τούτοις
3223 3377 3292 3431 τὰ
3319 3377 3614 3451 τιμιώτερα
3641 3382 3718 3450 τῇ

2135 3459 2294 3527 φύσει
2329 3461 2751 3534 προηγουμένης
2782 3467 3002 3538 μνήμης
3033 3467 3350 3540 τετύχηκεν.
3381 3469 3480 3522 ὅσα
3511 3469 3722 3540 ἡμελλε

2132 3555 2247 3617 τοῖς
2277 3554 2497 3618 οἰκείοις
2526 3559 2757 3628 καρποῖς
2779 3557 2871 3610 τὸν
2899 3557 3188 3629 ἄνθρωπον
3204 3559 3376 3624 δεξιού
3386 3577 3522 3628 μενα
3544 3559 3724 3627 ἄφθοο

2132 3659 2220 3696 νον
2241 3643 2388 3714 αὐτῷ
2413 3647 2854 3717 παρασκευάζειν
2883 3647 2985 3718 τὴν
3024 3647 3256 3704 δίαιταν.
3301 3649 3725 3720 Ἐπισημαίνον-

2132 3750 2222 3788 ται
2258 3735 2338 3801 δὲ,
2363 3737 2444 3790 δτι
2490 3737 2670 3791 πάντα
2706 3739 2806 3810 μὲν
2835 3737 2954 3808 ἅμα
2989 3741 3058 3810 τῇ
3115 3741 3408 3810 προστάξει
3451 3742 3719 3810 προῆλθε,

2135 3825 2276 3896 μετὰ
2311 3827 2412 3898 τῆς
2437 3829 2645 3892 οἰκείας
2669 3829 2898 3884 ἕκαστον
2934 3830 3194 3902 ἰδιότητος
3240 3831 3426 3902 οἰκείῳ
3451 3831 3723 3902 γνωριζὸ-

2135 3935 2296 3989 μενον
2346 3922 2678 3993 χαρακτῆρι.
2733 3923 2881 3995 Πλήν
2914 3940 2978 3992 γε
3017 3925 3100 3978 ὅτι
3129 3923 3192 3977 τὸ
3233 3923 3382 3994 ῥόδον
3414 3924 3537 3995 τότε
3582 3924 3722 3977 ἄνευ

2134 4013 2377 4084 ἀκάνθης
2398 4009 2486 4087 ἧν,
2512 4012 2737 4085 ὕστερον
2757 4015 2813 4068 δὲ
2841 4016 2918 4087 τῷ
2943 4015 3133 4070 κάλλει
3157 4015 3252 4069 τοῦ
3274 4015 3462 4080 ἄνθους
3491 4017 3522 4084 ὴ
3547 4015 3728 4069 ἄκανο

2138 4102 2204 4156 θα
2232 4103 2608 4176 παρεζεὺχθη,
2645 4107 2733 4161 ἵνα
2769 4105 2848 4177 τῷ
2874 4105 3094 4177 τερπνῷ
3120 4107 3220 4176 τῆς
3241 4105 3589 4168 ἀπολαύσεως
3617 4107 3725 4172 ἐγ-

2139 4194 2302 4264 γύθεν
2329 4195 2540 4267 ἔχωμεν
2570 4198 2980 4269 παρακειμένην
3007 4198 3106 4270 τὴν
3137 4197 3337 4268 λύπην,
3375 4197 3726 4268 μεμνημένοι

2135 4288 2234 4357 τῆς
2259 4288 2532 4358 ἁμαρτίας
2555 4289 2620 4344 δι’
2647 4291 2712 4362 ἢν
2733 4290 2978 4354 ἀκάνθας
2999 4291 3094 4344 καὶ
3122 4291 3404 4360 τριϐόλους
3427 4291 3556 4361 ἡμῖν
3579 4291 3611 4361 ἡ
3639 4289 3725 4358 γῆ

2135 4379 2447 4434 ἀνατέλλειν
2477 4383 2862 4454 κατεδικάσθη.

457 4461 748 4532 signantur
799 4469 854 4516 et
912 4474 1340 4533 cognoscuntur.
1394 4461 1660 4528 Vernma
1720 4465 2026 4534 primordio
2063 4473 2358 4529 crcatinnis
2398 4489 2526 4530 rosa
2565 4476 2734 4530 nullis
2775 4476 2954 4545 spinis
2999 4485 3116 4530 erat
3204 4489 3446 4544 aspera:
3519 4479 3724 4542 postea

458 4556 676 4604 deruunt
703 4551 822 4620 ejus
853 4551 1248 4620 pulchritudini
1269 4567 1553 4607 accessere
1583 4555 1764 4622 asperi
1793 4554 1870 4608 illi
1904 4555 2102 4618 aculei.
2147 4572 2206 4614 ut
2239 4563 2368 4617 dum
2423 4565 2542 4633 ejus
2615 4567 2770 4620 suavi
2814 4565 2983 4618 odore
3037 4563 3269 4618 fruimur
3335 4571 3386 4618 et
3471 4563 3726 4617 delecta-

459 4659 604 4703 mur,
641 4643 948 4712 appositam
999 4657 1216 4710 quoque
1289 4642 1596 4698 sentiamus
1677 4645 1958 4699 tristitiam
2035 4653 2392 4708 recordantes
2450 4657 2659 4726 peccati
2702 4655 2772 4710 ob
2819 4654 2968 4726 quod
3018 4662 3166 4708 terra
3250 4639 3723 4708 condemnationc

458 4740 730 4800 prostrata
767 4741 872 4797 est,
906 4740 964 4784 ut
999 4733 1156 4786 nobis
1205 4733 1413 4800 spinas,
1457 4742 1641 4789 sentes
1685 4731 2031 4804 tribulosque
2070 4743 2266 4808 pariat.

531 4823 696 4878 \‘Ens.
733 4823 820 4878 i5.
855 4811 1004 4876 Dixit
1041 4841 1161 4878 vero
1204 4824 1341 4878 Deus
1368 4840 1388 4879 :
1426 4822 1594 4879 Fiant
1630 4826 1926 4880 luminaria
1971 4830 2027 4882 in

2205 4837 2310 4889 Kal
2335 4833 2504 4890 εἶπεν
2518 4841 2551 4892 ὁ
2569 4837 2733 4901 Θεὸς,
2754 4837 3196 4903 Γενηθήτωσαν
3213 4831 3527 4903 φωστῆρες
3543 4829 3614 4884 ἐν
3631 4827 3722 4894 τῷ

459 4919 798 4986 ﬁrmamento
831 4918 969 4973 ca’lt'.
1005 4929 1057 4970 ut
1091 4917 1266 4972 lumen
1315 4919 1588 4986 prrrbecmt
1623 4937 1781 4990 super
1807 4932 2027 4985 Ierram,

457 5021 504 5061 rt
528 5011 923 5064 distinctionem
962 5010 1330 5080 [aciantinler
1353 5012 1492 5065 diem
1527 5022 1576 5064 et
1627 5013 1762 5066 inter
1806 5025 2032 5068 noctem.

363 5143 392 5158 ,ς
461 5103 594 5168 Qua:
629 5102 895 5157 hactenus
953 5105 1508 5160 commemoravimus
1565 5105 1843 5158 simillima
1905 5113 2034 5160 sunt

465 5191 740 5260 magnifici
773 5192 919 5261 epuli
971 5193 1282 5260 apparatui.
1317 5183 1562 5246 Primum
1597 5195 1753 5246 locus
1795 5197 2030 5248 tumula-

2139 4927 2496 4998 στερεώματι
2523 4929 2626 4983 τοῦ
2639 4928 2900 4996 οὐρανοῦ
2921 4930 3010 4992 εἰς
3027 4927 3277 4996 gaianas,
3300 4924 3456 4978 ὥστε
3475 4923 3727 4992 φαίνειν

2139 5019 2236 5072 ἐπὶ
2254 5017 2364 5086 τῆς
2383 5018 2494 5087 γῆς
2517 5018 2617 5072 καὶ
2636 5015 2998 5086 διαχωρίζειν
3014 5016 3130 5070 ἀνὰ
3149 5015 3344 5084 μέσον
3359 5012 3470 5080 τῆς
3492 5011 3727 5082 ἡμέρας

2139 5109 2235 5162 καὶ
2257 5111 2371 5163 ἀνὰ
2388 5109 2584 5178 μέσον
2608 5109 2715 5176 τῆς
2739 5108 2982 5174 νυκτός.
3001 5107 3326 5168 Ἐστιάσεως
3368 5105 3510 5157 ἔοικε
3539 5101 3726 5156 ταῦτα

2141 5202 2496 5270 παρασκευῇ.
2545 5198 2771 5268 Πρῶτον
2821 5197 2921 5266 μὲν
2969 5199 3002 5268 ἡ
3040 5194 3148 5250 ’τοῦ
3191 5195 3358 5248 τόπου
3407 5194 3669 5262 κάθαρσις
3700 5210 3720 5224 ο

463 5292 576 5344 tur,
613 5298 680 5335 ne
713 5299 835 5352 quae
869 5283 1152 5338 oli‘rndaut
1185 5286 1444 5339 convivas
1491 5285 1705 5339 sordes.
1736 5283 1866 5339 Dein
1903 5301 2030 5338 ron-

2138 5295 2391 5364 δεύτερον
2421 5293 2476 5344 δὲ
2502 5294 2534 5362 ἡ
2557 5293 2654 5359 τῆς
2683 5290 2914 5361 εὐωχίας
2954 5290 3171 5358 ποίησις
3191 5303 3204 5316 ⁸
3248 5288 3432 5358 τρίτον
3457 5286 3514 5338 δὲ
3537 5286 3729 5353 φωτὸς

462 5375 668 5428 vivium
721 5385 950 5446 paratur
975 5386 1030 5431 et
1067 5377 1386 5433 instruitur.
1424 5377 1628 5432 Deinde
1667 5380 1905 5432 lucerna:
1943 5395 2034 5431 ac-

463 5469 793 5522 cenduntur.
855 5470 1142 5524 Postremo
1199 5471 1288 5524 via
1360 5487 1467 5540 qua
1521 5471 1770 5524 convivae
1810 5471 2035 5524 veniant

465 5558 906 5625 praecedentibus
965 5563 1142 5616 servis
1195 5570 1250 5616 et
1288 5561 1584 5624 ministris,
1627 5577 1820 5629 ιεοιιιρθ
1852 5562 2030 5616 brutis

465 5652 831 5718 animalibus;
859 5653 1158 5706 novissime
1190 5653 1404 5706 accedit
1435 5653 1498 5704 ad
1525 5653 1582 5705 id
1617 5653 1839 5721 epulum
1872 5653 2031 5719 quasi

465 5739 730 5798 .‘intnizzus
757 5753 812 5798 ct
849 5759 939 5797 rex
974 5744 1264 5798 rationalis
1297 5753 1578 5809 creatura,
1614 5759 1808 5812 nempe
1843 5743 2030 5798 homo.

464 5827 542 5888 Fc
572 5833 686 5889 ham
723 5832 958 5891 absurda
1003 5836 1091 5889 cui
1139 5834 1448 5900 videantur,
1507 5835 1818 5890 memiurrit
1873 5835 2035 5888 Chri‘

787 6059 818 6086 τ’

2139 5385 2366 5454 ἔξαψιςο
2426 5379 2525 5436 εἷθ’
2577 5382 2752 5442 οὕτως
2799 5384 2832 5452 ἡ
2893 5383 3001 5434 τῶν
3063 5381 3454 5449 εὐωχουμένων
3510 5375 3726 5441 εἴσοδος

2138 5471 2362 5524 οἰκετῶν
2407 5488 2466 5523 τε
2515 5470 2812 5541 πριῖὸντων
2855 5469 3066 5536 ἀλόγων
3109 5468 3202 5520 καὶ
3245 5465 3539 5528 δεσποτῶν,
3575 5465 3729 5533 μετὰ

2139 5562 2312 5614 ταῦτα
2341 5559 2755 5628 ἐπιφαινομένου
2786 5559 2880 5610 τοῦ
2910 5556 3152 5625 λογικοῦ.
3197 5556 3333 5626 Φησὶ
3363 5553 3494 5623 γοῦν
3535 5555 3563 5605 ὁ
3590 5548 3724 5605 Σω-

2138 5652 2243 5722 τὴρ
2294 5654 2350 5706 ὲν
2405 5653 2524 5710 ταῖς
2575 5647 2931 5719 παραϐολαῖς,
2987 5645 3204 5699 δείπνου
3255 5639 3726 5714 παρασκευαστὴν

2141 5742 2446 5808 ἀνθρώποις
2477 5733 2614 5791 εἶναι
2639 5736 2729 5789 τὸν
2754 5735 2906 5788 Θεόν.
2935 5735 3045 5787 Καὶ
3072 5733 3133 5786 τό
3150 5750 3212 5801 γε
3242 5731 3329 5785 ἐπ’
3367 5729 3535 5800 αὐτῷ,
3575 5728 3727 5796 πρὸς

2142 5829 2375 5900 εὐωχίαν
2402 5827 2742 5898 μακαριστὴν
2771 5824 3136 5896 παρήχθημεν
3165 5825 3260 5877 ἀπ’
3292 5821 3470 5896 ἀρχῆς
3496 5820 3552 5872 ὲν
3575 5818 3668 5873 κα)
3688 5848 3725 5862 -
