  <div class='ocr_page' id='page_1' title='image "/cluster/home/n/w/nwhite01/storage/ocr_20150623/87:pt.1/coo.31924054869882/058.png"; bbox 0 0 4002 6428; ppageno 0'>
   <div class='ocr_carea' id='block_1_1' title="bbox 522 398 3763 488">
    <p class='ocr_par' dir='ltr' id='par_1_1' title="bbox 522 398 3763 488">
     <span class='ocr_line' id='line_1_1' title="bbox 522 398 3763 488; baseline 0.004 -26"><span class='ocrx_word' id='word_1_1' title='bbox 522 400 588 462; x_wconf 78' lang='grc' dir='ltr'><strong><em>Βτ</em></strong></span> <span class='ocrx_word' id='word_1_2' title='bbox 1832 398 2188 469; x_wconf 76' lang='grc' dir='ltr'><strong>ΡΒΟΟΟΡΙΙ</strong></span> <span class='ocrx_word' id='word_1_3' title='bbox 2233 407 2479 471; x_wconf 75' lang='grc' dir='ltr'><strong>ϐΑΖΑΞῙ</strong></span> <span class='ocrx_word' id='word_1_4' title='bbox 3696 421 3763 488; x_wconf 78' lang='lat'><strong>88</strong></span> 
     </span>
    </p>
   </div>
   <div class='ocr_carea' id='block_1_2' title="bbox 523 511 2103 605">
    <p class='ocr_par' dir='ltr' id='par_1_2' title="bbox 523 511 2103 589">
     <span class='ocr_line' id='line_1_2' title="bbox 523 511 2103 589; baseline 0.008 -27"><span class='ocrx_word' id='word_1_5' title='bbox 523 511 582 564; x_wconf 67' lang='lat' dir='ltr'><strong>in</strong></span> <span class='ocrx_word' id='word_1_6' title='bbox 616 517 862 565; x_wconf 72' lang='lat' dir='ltr'><strong>extremo</strong></span> <span class='ocrx_word' id='word_1_7' title='bbox 897 511 1007 575; x_wconf 79' lang='lat' dir='ltr'><strong>die,</strong></span> <span class='ocrx_word' id='word_1_8' title='bbox 1045 521 1103 565; x_wconf 87' lang='lat' dir='ltr'><strong>ut</strong></span> <span class='ocrx_word' id='word_1_9' title='bbox 1135 512 1278 583; x_wconf 72' lang='lat' dir='ltr'><strong>ignis</strong></span> <span class='ocrx_word' id='word_1_10' title='bbox 1306 513 1582 570; x_wconf 69' lang='lat' dir='ltr'><strong>dividantur</strong></span> <span class='ocrx_word' id='word_1_11' title='bbox 1618 534 1631 570; x_wconf 86' lang='lat'><strong><em>:</em></strong></span> <span class='ocrx_word' id='word_1_12' title='bbox 1667 518 1759 572; x_wconf 80' lang='lat' dir='ltr'><strong>lux</strong></span> <span class='ocrx_word' id='word_1_13' title='bbox 1792 520 1949 589; x_wconf 75' lang='lat' dir='ltr'><strong>ignea</strong></span> <span class='ocrx_word' id='word_1_14' title='bbox 1977 518 2103 574; x_wconf 87' lang='lat' dir='ltr'><strong>red-</strong></span> 
     </span>
    </p>
   </div>
   <div class='ocr_carea' id='block_1_3' title="bbox 2205 511 3761 605">
    <p class='ocr_par' dir='ltr' id='par_1_3' title="bbox 2207 519 3761 605">
     <span class='ocr_line' id='line_1_3' title="bbox 2207 519 3761 605; baseline 0.008 -32"><span class='ocrx_word' id='word_1_15' title='bbox 2207 519 2285 590; x_wconf 80' lang='grc' dir='ltr'>τῷ</span> <span class='ocrx_word' id='word_1_16' title='bbox 2317 521 2565 593; x_wconf 82' lang='grc' dir='ltr'>μέλλοντι</span> <span class='ocrx_word' id='word_1_17' title='bbox 2632 522 2790 576; x_wconf 81' lang='grc' dir='ltr'>αἰῶνι</span> <span class='ocrx_word' id='word_1_18' title='bbox 2844 522 3173 594; x_wconf 77' lang='grc' dir='ltr'>διαιρεῖσθαι</span> <span class='ocrx_word' id='word_1_19' title='bbox 3196 525 3257 579; x_wconf 77' lang='grc' dir='ltr'>τὸ</span> <span class='ocrx_word' id='word_1_20' title='bbox 3285 526 3399 598; x_wconf 69' lang='grc' dir='ltr'><strong>πῦρ</strong></span> <span class='ocrx_word' id='word_1_21' title='bbox 3425 545 3438 561; x_wconf 70' lang='grc' dir='ltr'><strong>ι</strong></span> <span class='ocrx_word' id='word_1_22' title='bbox 3467 531 3561 583; x_wconf 74' lang='grc' dir='ltr'>καὶ</span> <span class='ocrx_word' id='word_1_23' title='bbox 3584 529 3641 586; x_wconf 80' lang='grc' dir='ltr'>τδ</span> <span class='ocrx_word' id='word_1_24' title='bbox 3667 535 3761 605; x_wconf 64' lang='grc' dir='ltr'>μιν</span> 
     </span>
    </p>
   </div>
   <div class='ocr_carea' id='block_1_4' title="bbox 519 601 2096 675">
    <p class='ocr_par' dir='ltr' id='par_1_4' title="bbox 519 601 2096 675">
     <span class='ocr_line' id='line_1_4' title="bbox 519 601 2096 675; baseline 0.008 -23"><span class='ocrx_word' id='word_1_25' title='bbox 519 605 684 657; x_wconf 78' lang='lat' dir='ltr'><strong>detur</strong></span> <span class='ocrx_word' id='word_1_26' title='bbox 716 601 827 672; x_wconf 89' lang='lat' dir='ltr'><strong>piis</strong></span> <span class='ocrx_word' id='word_1_27' title='bbox 860 621 874 656; x_wconf 88' lang='lat'><strong>:</strong></span> <span class='ocrx_word' id='word_1_28' title='bbox 918 603 1003 658; x_wconf 82' lang='lat' dir='ltr'><strong>vis</strong></span> <span class='ocrx_word' id='word_1_29' title='bbox 1034 618 1164 658; x_wconf 90' lang='lat' dir='ltr'><strong>vero</strong></span> <span class='ocrx_word' id='word_1_30' title='bbox 1215 604 1380 675; x_wconf 79' lang='lat' dir='ltr'><strong>ignis,</strong></span> <span class='ocrx_word' id='word_1_31' title='bbox 1417 622 1539 675; x_wconf 66' lang='lat' dir='ltr'><strong>qua:</strong></span> <span class='ocrx_word' id='word_1_32' title='bbox 1571 608 1707 673; x_wconf 89' lang='lat' dir='ltr'><strong>urit,</strong></span> <span class='ocrx_word' id='word_1_33' title='bbox 1753 610 2096 664; x_wconf 85' lang='lat' dir='ltr'><strong>attribuetur</strong></span> 
     </span>
    </p>
   </div>
   <div class='ocr_carea' id='block_1_5' title="bbox 523 692 2095 768">
    <p class='ocr_par' dir='ltr' id='par_1_5' title="bbox 523 692 2095 768">
     <span class='ocr_line' id='line_1_5' title="bbox 523 692 2095 768; baseline 0.005 -22"><span class='ocrx_word' id='word_1_34' title='bbox 523 692 732 764; x_wconf 81' lang='lat' dir='ltr'><strong>impiis,</strong></span> <span class='ocrx_word' id='word_1_35' title='bbox 769 702 827 749; x_wconf 93' lang='lat' dir='ltr'><strong>ut</strong></span> <span class='ocrx_word' id='word_1_36' title='bbox 865 708 930 748; x_wconf 91' lang='lat' dir='ltr'><strong>ea</strong></span> <span class='ocrx_word' id='word_1_37' title='bbox 986 694 1040 748; x_wconf 91' lang='lat' dir='ltr'><strong>in</strong></span> <span class='ocrx_word' id='word_1_38' title='bbox 1079 704 1347 750; x_wconf 76' lang='lat' dir='ltr'><strong>aeternum</strong></span> <span class='ocrx_word' id='word_1_39' title='bbox 1400 698 1511 768; x_wconf 75' lang='lat'><strong>26</strong></span> <span class='ocrx_word' id='word_1_40' title='bbox 1555 701 1904 755; x_wconf 87' lang='lat' dir='ltr'><strong>crucientur.</strong></span> <span class='ocrx_word' id='word_1_41' title='bbox 1946 701 2095 756; x_wconf 89' lang='lat' dir='ltr'><strong>ldctn</strong></span> 
     </span>
    </p>
   </div>
   <div class='ocr_carea' id='block_1_6' title="bbox 522 787 2095 858">
    <p class='ocr_par' dir='ltr' id='par_1_6' title="bbox 522 787 2095 858">
     <span class='ocr_line' id='line_1_6' title="bbox 522 787 2095 858; baseline 0.004 -19"><span class='ocrx_word' id='word_1_42' title='bbox 522 787 848 857; x_wconf 70' lang='lat' dir='ltr'><strong>comprobat</strong></span> <span class='ocrx_word' id='word_1_43' title='bbox 876 787 1007 842; x_wconf 89' lang='lat' dir='ltr'><strong>luna</strong></span> <span class='ocrx_word' id='word_1_44' title='bbox 1041 802 1189 842; x_wconf 88' lang='lat' dir='ltr'><strong>nunc</strong></span> <span class='ocrx_word' id='word_1_45' title='bbox 1220 788 1403 858; x_wconf 84' lang='lat' dir='ltr'><strong>plena.</strong></span> <span class='ocrx_word' id='word_1_46' title='bbox 1433 804 1583 846; x_wconf 89' lang='lat' dir='ltr'><strong>nunc</strong></span> <span class='ocrx_word' id='word_1_47' title='bbox 1611 805 1753 844; x_wconf 89' lang='lat' dir='ltr'><strong>nova</strong></span> <span class='ocrx_word' id='word_1_48' title='bbox 1781 791 2095 846; x_wconf 78' lang='lat' dir='ltr'><strong>exsistens:</strong></span> 
     </span>
    </p>
   </div>
   <div class='ocr_carea' id='block_1_7' title="bbox 521 878 2099 946">
    <p class='ocr_par' dir='ltr' id='par_1_7' title="bbox 521 878 2099 946">
     <span class='ocr_line' id='line_1_7' title="bbox 521 878 2099 946; baseline 0.001 -14"><span class='ocrx_word' id='word_1_49' title='bbox 521 878 792 946; x_wconf 78' lang='lat' dir='ltr'><strong>qualitate</strong></span> <span class='ocrx_word' id='word_1_50' title='bbox 822 892 971 933; x_wconf 92' lang='lat' dir='ltr'><strong>nunc</strong></span> <span class='ocrx_word' id='word_1_51' title='bbox 1018 878 1339 943; x_wconf 72' lang='lat' dir='ltr'><strong>accedente,</strong></span> <span class='ocrx_word' id='word_1_52' title='bbox 1371 895 1522 935; x_wconf 89' lang='lat' dir='ltr'><strong>nunc</strong></span> <span class='ocrx_word' id='word_1_53' title='bbox 1566 880 1867 936; x_wconf 86' lang='lat' dir='ltr'><strong>decedente</strong></span> <span class='ocrx_word' id='word_1_54' title='bbox 1902 896 1932 935; x_wconf 89' lang='lat' dir='ltr'><strong>a</strong></span> <span class='ocrx_word' id='word_1_55' title='bbox 1970 896 2099 936; x_wconf 81' lang='lat' dir='ltr'><strong>cor-</strong></span> 
     </span>
    </p>
   </div>
   <div class='ocr_carea' id='block_1_8' title="bbox 524 965 2098 1040">
    <p class='ocr_par' dir='ltr' id='par_1_8' title="bbox 524 965 2098 1040">
     <span class='ocr_line' id='line_1_8' title="bbox 524 965 2098 1040; baseline 0.005 -22"><span class='ocrx_word' id='word_1_56' title='bbox 524 983 655 1036; x_wconf 88' lang='lat' dir='ltr'><strong>pore</strong></span> <span class='ocrx_word' id='word_1_57' title='bbox 685 966 889 1022; x_wconf 88' lang='lat' dir='ltr'><strong>lunari.</strong></span> <span class='ocrx_word' id='word_1_58' title='bbox 921 965 1080 1022; x_wconf 88' lang='lat' dir='ltr'><strong>Certe</strong></span> <span class='ocrx_word' id='word_1_59' title='bbox 1114 968 1400 1023; x_wconf 75' lang='lat' dir='ltr'><strong>evidenter</strong></span> <span class='ocrx_word' id='word_1_60' title='bbox 1440 970 1754 1040; x_wconf 87' lang='lat' dir='ltr'><strong>conspicari</strong></span> <span class='ocrx_word' id='word_1_61' title='bbox 1797 970 1926 1026; x_wconf 92' lang='lat' dir='ltr'><strong>licet</strong></span> <span class='ocrx_word' id='word_1_62' title='bbox 1952 970 2098 1026; x_wconf 79' lang='lat' dir='ltr'><strong>lume</strong></span> 
     </span>
    </p>
   </div>
   <div class='ocr_carea' id='block_1_9' title="bbox 524 1058 2096 1130">
    <p class='ocr_par' dir='ltr' id='par_1_9' title="bbox 524 1058 2096 1130">
     <span class='ocr_line' id='line_1_9' title="bbox 524 1058 2096 1130; baseline 0.001 -18"><span class='ocrx_word' id='word_1_63' title='bbox 524 1072 675 1113; x_wconf 89' lang='lat' dir='ltr'><strong>nunc</strong></span> <span class='ocrx_word' id='word_1_64' title='bbox 720 1058 1199 1124; x_wconf 87' lang='lat' dir='ltr'><strong>obscurationem,</strong></span> <span class='ocrx_word' id='word_1_65' title='bbox 1225 1075 1375 1115; x_wconf 88' lang='lat' dir='ltr'><strong>nunc</strong></span> <span class='ocrx_word' id='word_1_66' title='bbox 1422 1061 1770 1130; x_wconf 82' lang='lat' dir='ltr'><strong>splendorem</strong></span> <span class='ocrx_word' id='word_1_67' title='bbox 1802 1062 1920 1116; x_wconf 88' lang='lat' dir='ltr'><strong>sive</strong></span> <span class='ocrx_word' id='word_1_68' title='bbox 1968 1061 2096 1116; x_wconf 84' lang='lat' dir='ltr'><strong>illu-</strong></span> 
     </span>
    </p>
   </div>
   <div class='ocr_carea' id='block_1_10' title="bbox 522 1147 2094 1218">
    <p class='ocr_par' dir='ltr' id='par_1_10' title="bbox 522 1147 2094 1218">
     <span class='ocr_line' id='line_1_10' title="bbox 522 1147 2094 1218; baseline 0.005 -20"><span class='ocrx_word' id='word_1_69' title='bbox 522 1147 1185 1218; x_wconf 86' lang='lat' dir='ltr'><strong>minationem,quamvis</strong></span> <span class='ocrx_word' id='word_1_70' title='bbox 1238 1147 1394 1205; x_wconf 84' lang='lat' dir='ltr'><strong>dicas</strong></span> <span class='ocrx_word' id='word_1_71' title='bbox 1443 1164 1565 1205; x_wconf 88' lang='lat' dir='ltr'><strong>eam</strong></span> <span class='ocrx_word' id='word_1_72' title='bbox 1597 1152 1777 1205; x_wconf 88' lang='lat' dir='ltr'><strong>aliena</strong></span> <span class='ocrx_word' id='word_1_73' title='bbox 1826 1151 1904 1205; x_wconf 91' lang='lat' dir='ltr'><strong>uti</strong></span> <span class='ocrx_word' id='word_1_74' title='bbox 1950 1151 2094 1216; x_wconf 88' lang='lat' dir='ltr'><strong>luce,</strong></span> 
     </span>
    </p>
   </div>
   <div class='ocr_carea' id='block_1_11' title="bbox 519 1238 2093 1311">
    <p class='ocr_par' dir='ltr' id='par_1_11' title="bbox 519 1238 2093 1311">
     <span class='ocr_line' id='line_1_11' title="bbox 519 1238 2093 1311; baseline 0.001 -18"><span class='ocrx_word' id='word_1_75' title='bbox 519 1253 683 1308; x_wconf 81' lang='lat' dir='ltr'><strong>quam</strong></span> <span class='ocrx_word' id='word_1_76' title='bbox 718 1253 750 1295; x_wconf 92' lang='lat' dir='ltr'><strong>a</strong></span> <span class='ocrx_word' id='word_1_77' title='bbox 796 1240 916 1295; x_wconf 89' lang='lat' dir='ltr'><strong>sole</strong></span> <span class='ocrx_word' id='word_1_78' title='bbox 957 1247 1265 1295; x_wconf 90' lang='lat' dir='ltr'><strong>mutuetur.</strong></span> <span class='ocrx_word' id='word_1_79' title='bbox 1311 1238 1602 1311; x_wconf 90' lang='lat' dir='ltr'><strong>Uteunque</strong></span> <span class='ocrx_word' id='word_1_80' title='bbox 1653 1240 1773 1295; x_wconf 80' lang='lat' dir='ltr'><strong>haec</strong></span> <span class='ocrx_word' id='word_1_81' title='bbox 1814 1241 2093 1305; x_wconf 89' lang='lat' dir='ltr'><strong>eveniant,</strong></span> 
     </span>
    </p>
   </div>
   <div class='ocr_carea' id='block_1_12' title="bbox 517 1328 2096 1402">
    <p class='ocr_par' dir='ltr' id='par_1_12' title="bbox 517 1328 2096 1402">
     <span class='ocr_line' id='line_1_12' title="bbox 517 1328 2096 1402; baseline 0.001 -16"><span class='ocrx_word' id='word_1_82' title='bbox 517 1328 913 1402; x_wconf 79' lang='lat' dir='ltr'><strong>liquido,,qu:e</strong></span> <span class='ocrx_word' id='word_1_83' title='bbox 955 1331 1120 1387; x_wconf 92' lang='lat' dir='ltr'><strong>modo</strong></span> <span class='ocrx_word' id='word_1_84' title='bbox 1160 1331 1423 1396; x_wconf 81' lang='lat' dir='ltr'><strong>diximus,</strong></span> <span class='ocrx_word' id='word_1_85' title='bbox 1454 1332 1599 1395; x_wconf 69' lang='lat' dir='ltr'><strong>lunae</strong></span> <span class='ocrx_word' id='word_1_86' title='bbox 1638 1333 1892 1389; x_wconf 77' lang='lat' dir='ltr'><strong>accidere</strong></span> <span class='ocrx_word' id='word_1_87' title='bbox 1938 1334 2096 1388; x_wconf 77' lang='lat' dir='ltr'><strong>novi—</strong></span> 
     </span>
    </p>
   </div>
   <div class='ocr_carea' id='block_1_13' title="bbox 523 1423 2097 1494">
    <p class='ocr_par' dir='ltr' id='par_1_13' title="bbox 523 1423 2097 1494">
     <span class='ocr_line' id='line_1_13' title="bbox 523 1423 2097 1494; baseline 0.004 -20"><span class='ocrx_word' id='word_1_88' title='bbox 523 1438 683 1490; x_wconf 87' lang='lat' dir='ltr'><strong>mus;</strong></span> <span class='ocrx_word' id='word_1_89' title='bbox 730 1425 815 1480; x_wconf 88' lang='lat' dir='ltr'><strong>sol</strong></span> <span class='ocrx_word' id='word_1_90' title='bbox 852 1424 946 1478; x_wconf 91' lang='lat' dir='ltr'><strong>ubi</strong></span> <span class='ocrx_word' id='word_1_91' title='bbox 997 1423 1167 1480; x_wconf 89' lang='lat' dir='ltr'><strong>semel</strong></span> <span class='ocrx_word' id='word_1_92' title='bbox 1220 1425 1431 1494; x_wconf 85' lang='lat' dir='ltr'><strong>potitus</strong></span> <span class='ocrx_word' id='word_1_93' title='bbox 1474 1432 1562 1480; x_wconf 88' lang='lat' dir='ltr'><strong>est</strong></span> <span class='ocrx_word' id='word_1_94' title='bbox 1594 1425 1746 1490; x_wconf 90' lang='lat' dir='ltr'><strong>luce,</strong></span> <span class='ocrx_word' id='word_1_95' title='bbox 1794 1440 1918 1480; x_wconf 81' lang='lat' dir='ltr'><strong>eam</strong></span> <span class='ocrx_word' id='word_1_96' title='bbox 1954 1442 2097 1480; x_wconf 86' lang='lat' dir='ltr'><strong>nun-</strong></span> 
     </span>
    </p>
   </div>
   <div class='ocr_carea' id='block_1_14' title="bbox 516 1513 2096 1584">
    <p class='ocr_par' dir='ltr' id='par_1_14' title="bbox 516 1513 2096 1584">
     <span class='ocr_line' id='line_1_14' title="bbox 516 1513 2096 1584; baseline 0.005 -21"><span class='ocrx_word' id='word_1_97' title='bbox 516 1528 684 1583; x_wconf 83' lang='lat' dir='ltr'><strong>quam</strong></span> <span class='ocrx_word' id='word_1_98' title='bbox 742 1514 936 1582; x_wconf 86' lang='lat' dir='ltr'><strong>abjicit</strong></span> <span class='ocrx_word' id='word_1_99' title='bbox 986 1515 1072 1569; x_wconf 89' lang='lat' dir='ltr'><strong>vel</strong></span> <span class='ocrx_word' id='word_1_100' title='bbox 1123 1514 1370 1584; x_wconf 87' lang='lat' dir='ltr'><strong>deponit.</strong></span> <span class='ocrx_word' id='word_1_101' title='bbox 1422 1513 1558 1568; x_wconf 86' lang='lat' dir='ltr'><strong>Nam</strong></span> <span class='ocrx_word' id='word_1_102' title='bbox 1601 1526 1663 1570; x_wconf 91' lang='lat' dir='ltr'><strong>ut</strong></span> <span class='ocrx_word' id='word_1_103' title='bbox 1712 1516 2096 1572; x_wconf 81' lang='lat' dir='ltr'><strong>existimemus</strong></span> 
     </span>
    </p>
   </div>
   <div class='ocr_carea' id='block_1_15' title="bbox 523 1604 2097 1675">
    <p class='ocr_par' dir='ltr' id='par_1_15' title="bbox 523 1604 2097 1675">
     <span class='ocr_line' id='line_1_15' title="bbox 523 1604 2097 1675; baseline 0.004 -18"><span class='ocrx_word' id='word_1_104' title='bbox 523 1606 703 1675; x_wconf 87' lang='lat' dir='ltr'><strong>primo</strong></span> <span class='ocrx_word' id='word_1_105' title='bbox 732 1607 876 1660; x_wconf 75' lang='lat' dir='ltr'><strong>cmlo</strong></span> <span class='ocrx_word' id='word_1_106' title='bbox 929 1604 1076 1661; x_wconf 83' lang='lat' dir='ltr'><strong>facto</strong></span> <span class='ocrx_word' id='word_1_107' title='bbox 1108 1606 1312 1661; x_wconf 83' lang='lat' dir='ltr'><strong>ibidem</strong></span> <span class='ocrx_word' id='word_1_108' title='bbox 1358 1606 1611 1661; x_wconf 82' lang='lat' dir='ltr'><strong>relictam</strong></span> <span class='ocrx_word' id='word_1_109' title='bbox 1639 1622 1762 1662; x_wconf 90' lang='lat' dir='ltr'><strong>esse</strong></span> <span class='ocrx_word' id='word_1_110' title='bbox 1786 1607 1840 1661; x_wconf 90' lang='lat' dir='ltr'><strong>in</strong></span> <span class='ocrx_word' id='word_1_111' title='bbox 1877 1622 2097 1664; x_wconf 89' lang='lat' dir='ltr'><strong>summo</strong></span> 
     </span>
    </p>
   </div>
   <div class='ocr_carea' id='block_1_16' title="bbox 520 1695 2099 1770">
    <p class='ocr_par' dir='ltr' id='par_1_16' title="bbox 520 1695 2099 1770">
     <span class='ocr_line' id='line_1_16' title="bbox 520 1695 2099 1770; baseline 0.003 -21"><span class='ocrx_word' id='word_1_112' title='bbox 520 1695 924 1767; x_wconf 76' lang='lat' dir='ltr'><strong>primogeniam</strong></span> <span class='ocrx_word' id='word_1_113' title='bbox 971 1697 1175 1761; x_wconf 88' lang='lat' dir='ltr'><strong>lucem,</strong></span> <span class='ocrx_word' id='word_1_114' title='bbox 1205 1706 1261 1753; x_wconf 92' lang='lat' dir='ltr'><strong>et</strong></span> <span class='ocrx_word' id='word_1_115' title='bbox 1293 1698 1600 1753; x_wconf 84' lang='lat' dir='ltr'><strong>secundum</strong></span> <span class='ocrx_word' id='word_1_116' title='bbox 1648 1698 1955 1770; x_wconf 81' lang='lat' dir='ltr'><strong>indiguisse</strong></span> <span class='ocrx_word' id='word_1_117' title='bbox 1981 1713 2099 1753; x_wconf 74' lang='lat' dir='ltr'><strong>cm-</strong></span> 
     </span>
    </p>
   </div>
   <div class='ocr_carea' id='block_1_17' title="bbox 522 1786 2095 1858">
    <p class='ocr_par' dir='ltr' id='par_1_17' title="bbox 522 1786 2095 1858">
     <span class='ocr_line' id='line_1_17' title="bbox 522 1786 2095 1858; baseline 0.001 -18"><span class='ocrx_word' id='word_1_118' title='bbox 522 1789 632 1840; x_wconf 92' lang='lat' dir='ltr'><strong>lum</strong></span> <span class='ocrx_word' id='word_1_119' title='bbox 667 1787 791 1843; x_wconf 84' lang='lat' dir='ltr'><strong>luce</strong></span> <span class='ocrx_word' id='word_1_120' title='bbox 820 1788 973 1843; x_wconf 90' lang='lat' dir='ltr'><strong>nulla</strong></span> <span class='ocrx_word' id='word_1_121' title='bbox 1004 1788 1148 1842; x_wconf 84' lang='lat' dir='ltr'><strong>ratio</strong></span> <span class='ocrx_word' id='word_1_122' title='bbox 1175 1789 1465 1858; x_wconf 86' lang='lat' dir='ltr'><strong>permittit.</strong></span> <span class='ocrx_word' id='word_1_123' title='bbox 1496 1786 1716 1843; x_wconf 85' lang='lat' dir='ltr'><strong>Nullum</strong></span> <span class='ocrx_word' id='word_1_124' title='bbox 1740 1791 1911 1855; x_wconf 90' lang='lat' dir='ltr'><strong>enim,</strong></span> <span class='ocrx_word' id='word_1_125' title='bbox 1947 1787 2095 1857; x_wconf 79' lang='lat' dir='ltr'><strong>quod</strong></span> 
     </span>
    </p>
   </div>
   <div class='ocr_carea' id='block_1_18' title="bbox 521 1867 2169 1950">
    <p class='ocr_par' dir='ltr' id='par_1_18' title="bbox 521 1867 2169 1950">
     <span class='ocr_line' id='line_1_18' title="bbox 521 1867 2169 1950; baseline 0 -18"><span class='ocrx_word' id='word_1_126' title='bbox 521 1878 667 1933; x_wconf 87' lang='lat' dir='ltr'><strong>inter</strong></span> <span class='ocrx_word' id='word_1_127' title='bbox 721 1892 989 1949; x_wconf 84' lang='lat' dir='ltr'><strong>corporea</strong></span> <span class='ocrx_word' id='word_1_128' title='bbox 1039 1887 1382 1945; x_wconf 88' lang='lat' dir='ltr'><strong>recensetur,</strong></span> <span class='ocrx_word' id='word_1_129' title='bbox 1417 1890 1541 1950; x_wconf 87' lang='lat' dir='ltr'><strong>post</strong></span> <span class='ocrx_word' id='word_1_130' title='bbox 1579 1881 1816 1950; x_wconf 90' lang='lat' dir='ltr'><strong>primum</strong></span> <span class='ocrx_word' id='word_1_131' title='bbox 1852 1879 1995 1934; x_wconf 90' lang='lat' dir='ltr'><strong>diem</strong></span> <span class='ocrx_word' id='word_1_132' title='bbox 2028 1894 2095 1932; x_wconf 80' lang='lat' dir='ltr'><strong>ex</strong></span> <span class='ocrx_word' id='word_1_133' title='bbox 2127 1867 2169 1922; x_wconf 80' lang='grc' dir='ltr'>Β</span> 
     </span>
    </p>
   </div>
   <div class='ocr_carea' id='block_1_19' title="bbox 524 1972 2094 2042">
    <p class='ocr_par' dir='ltr' id='par_1_19' title="bbox 524 1972 2094 2042">
     <span class='ocr_line' id='line_1_19' title="bbox 524 1972 2094 2042; baseline 0.002 -18"><span class='ocrx_word' id='word_1_134' title='bbox 524 1985 633 2026; x_wconf 88' lang='lat' dir='ltr'><strong>non</strong></span> <span class='ocrx_word' id='word_1_135' title='bbox 655 1972 1056 2027; x_wconf 80' lang='lat' dir='ltr'><strong>exsistentibus</strong></span> <span class='ocrx_word' id='word_1_136' title='bbox 1085 1972 1381 2042; x_wconf 77' lang='lat' dir='ltr'><strong>formatum</strong></span> <span class='ocrx_word' id='word_1_137' title='bbox 1406 1981 1512 2028; x_wconf 91' lang='lat' dir='ltr'><strong>est.</strong></span> <span class='ocrx_word' id='word_1_138' title='bbox 1534 1972 1605 2026; x_wconf 87' lang='lat' dir='ltr'><strong>At</strong></span> <span class='ocrx_word' id='word_1_139' title='bbox 1632 1972 2094 2042; x_wconf 90' lang='lat' dir='ltr'><strong>quemadmodum</strong></span> 
     </span>
    </p>
   </div>
   <div class='ocr_carea' id='block_1_20' title="bbox 522 2061 2094 2134">
    <p class='ocr_par' dir='ltr' id='par_1_20' title="bbox 522 2061 2094 2134">
     <span class='ocr_line' id='line_1_20' title="bbox 522 2061 2094 2134; baseline 0.001 -19"><span class='ocrx_word' id='word_1_140' title='bbox 522 2062 664 2116; x_wconf 78' lang='lat' dir='ltr'><strong>facta</strong></span> <span class='ocrx_word' id='word_1_141' title='bbox 703 2061 827 2118; x_wconf 88' lang='lat' dir='ltr'><strong>luce</strong></span> <span class='ocrx_word' id='word_1_142' title='bbox 861 2062 1044 2119; x_wconf 78' lang='lat' dir='ltr'><strong>dixit:</strong></span> <span class='ocrx_word' id='word_1_143' title='bbox 1081 2081 1101 2115; x_wconf 81' lang='grc' dir='ltr'><strong>ι</strong></span> <span class='ocrx_word' id='word_1_144' title='bbox 1125 2062 1191 2117; x_wconf 84' lang='grc' dir='ltr'>Ει</span> <span class='ocrx_word' id='word_1_145' title='bbox 1227 2062 1373 2117; x_wconf 79' lang='lat' dir='ltr'><strong>facta</strong></span> <span class='ocrx_word' id='word_1_146' title='bbox 1392 2071 1476 2118; x_wconf 87' lang='lat' dir='ltr'><strong>est</strong></span> <span class='ocrx_word' id='word_1_147' title='bbox 1514 2078 1771 2134; x_wconf 85' lang='lat' dir='ltr'><strong>vespera.</strong></span> <span class='ocrx_word' id='word_1_148' title='bbox 1809 2071 1864 2117; x_wconf 87' lang='lat' dir='ltr'><strong>et</strong></span> <span class='ocrx_word' id='word_1_149' title='bbox 1889 2062 2094 2117; x_wconf 79' lang='lat' dir='ltr'><strong>factum</strong></span> 
     </span>
    </p>
   </div>
   <div class='ocr_carea' id='block_1_21' title="bbox 521 2153 2099 2221">
    <p class='ocr_par' dir='ltr' id='par_1_21' title="bbox 521 2153 2099 2221">
     <span class='ocr_line' id='line_1_21' title="bbox 521 2153 2099 2221; baseline 0.001 -12"><span class='ocrx_word' id='word_1_150' title='bbox 521 2160 607 2209; x_wconf 88' lang='lat' dir='ltr'><strong>est</strong></span> <span class='ocrx_word' id='word_1_151' title='bbox 639 2167 800 2208; x_wconf 89' lang='lat' dir='ltr'><strong>mane</strong></span> <span class='ocrx_word' id='word_1_152' title='bbox 843 2153 962 2209; x_wconf 91' lang='lat' dir='ltr'><strong>dies</strong></span> <span class='ocrx_word' id='word_1_153' title='bbox 994 2169 1138 2208; x_wconf 88' lang='lat' dir='ltr'><strong>unus</strong></span> <span class='ocrx_word' id='word_1_154' title='bbox 1163 2196 1179 2221; x_wconf 88' lang='lat'><strong>,</strong></span> <span class='ocrx_word' id='word_1_155' title='bbox 1213 2174 1231 2205; x_wconf 80' lang='grc' dir='ltr'><strong>ι</strong></span> <span class='ocrx_word' id='word_1_156' title='bbox 1271 2154 1353 2210; x_wconf 90' lang='lat' dir='ltr'><strong>sic</strong></span> <span class='ocrx_word' id='word_1_157' title='bbox 1387 2156 1615 2211; x_wconf 90' lang='lat' dir='ltr'><strong>condito</strong></span> <span class='ocrx_word' id='word_1_158' title='bbox 1645 2156 1991 2211; x_wconf 83' lang='lat' dir='ltr'><strong>ﬁrmamento</strong></span> <span class='ocrx_word' id='word_1_159' title='bbox 2019 2156 2099 2211; x_wconf 57' lang='lat' dir='ltr'><strong>lo.</strong></span> 
     </span>
    </p>
   </div>
   <div class='ocr_carea' id='block_1_22' title="bbox 524 2242 2099 2317">
    <p class='ocr_par' dir='ltr' id='par_1_22' title="bbox 524 2242 2099 2317">
     <span class='ocr_line' id='line_1_22' title="bbox 524 2242 2099 2317; baseline 0.003 -20"><span class='ocrx_word' id='word_1_160' title='bbox 524 2255 689 2300; x_wconf 88' lang='lat' dir='ltr'><strong>cutus</strong></span> <span class='ocrx_word' id='word_1_161' title='bbox 717 2254 841 2301; x_wconf 89' lang='lat' dir='ltr'><strong>est:</strong></span> <span class='ocrx_word' id='word_1_162' title='bbox 874 2263 894 2297; x_wconf 80' lang='grc' dir='ltr'><strong>ι</strong></span> <span class='ocrx_word' id='word_1_163' title='bbox 926 2242 1092 2300; x_wconf 81' lang='lat' dir='ltr'><strong>Facta</strong></span> <span class='ocrx_word' id='word_1_164' title='bbox 1125 2255 1207 2300; x_wconf 85' lang='lat' dir='ltr'><strong>est</strong></span> <span class='ocrx_word' id='word_1_165' title='bbox 1237 2261 1490 2317; x_wconf 80' lang='lat' dir='ltr'><strong>vespera,</strong></span> <span class='ocrx_word' id='word_1_166' title='bbox 1526 2255 1579 2301; x_wconf 86' lang='lat' dir='ltr'><strong>et</strong></span> <span class='ocrx_word' id='word_1_167' title='bbox 1605 2244 1809 2301; x_wconf 80' lang='lat' dir='ltr'><strong>factum</strong></span> <span class='ocrx_word' id='word_1_168' title='bbox 1840 2257 1924 2301; x_wconf 86' lang='lat' dir='ltr'><strong>est</strong></span> <span class='ocrx_word' id='word_1_169' title='bbox 1939 2261 2099 2302; x_wconf 87' lang='lat' dir='ltr'><strong>mane</strong></span> 
     </span>
    </p>
   </div>
   <div class='ocr_carea' id='block_1_23' title="bbox 525 2336 2098 2396">
    <p class='ocr_par' dir='ltr' id='par_1_23' title="bbox 525 2336 2098 2396">
     <span class='ocr_line' id='line_1_23' title="bbox 525 2336 2098 2396; baseline 0.001 -5"><span class='ocrx_word' id='word_1_170' title='bbox 525 2336 644 2392; x_wconf 85' lang='lat' dir='ltr'><strong>dies</strong></span> <span class='ocrx_word' id='word_1_171' title='bbox 672 2336 976 2392; x_wconf 83' lang='lat' dir='ltr'><strong>secundus.</strong></span> <span class='ocrx_word' id='word_1_172' title='bbox 1010 2357 1029 2390; x_wconf 77' lang='grc' dir='ltr'><strong>ι</strong></span> <span class='ocrx_word' id='word_1_173' title='bbox 1060 2337 1203 2394; x_wconf 89' lang='lat' dir='ltr'><strong>ldcm</strong></span> <span class='ocrx_word' id='word_1_174' title='bbox 1254 2354 1442 2396; x_wconf 84' lang='lat' dir='ltr'><strong>sermo</strong></span> <span class='ocrx_word' id='word_1_175' title='bbox 1495 2338 1956 2396; x_wconf 88' lang='lat' dir='ltr'><strong>accommodatus</strong></span> <span class='ocrx_word' id='word_1_176' title='bbox 2011 2346 2098 2394; x_wconf 90' lang='lat' dir='ltr'><strong>est</strong></span> 
     </span>
    </p>
   </div>
   <div class='ocr_carea' id='block_1_24' title="bbox 526 2427 2095 2498">
    <p class='ocr_par' dir='ltr' id='par_1_24' title="bbox 526 2427 2095 2498">
     <span class='ocr_line' id='line_1_24' title="bbox 526 2427 2095 2498; baseline 0.002 -18"><span class='ocrx_word' id='word_1_177' title='bbox 526 2427 691 2483; x_wconf 89' lang='lat' dir='ltr'><strong>tertio</strong></span> <span class='ocrx_word' id='word_1_178' title='bbox 729 2427 862 2495; x_wconf 89' lang='lat' dir='ltr'><strong>diei,</strong></span> <span class='ocrx_word' id='word_1_179' title='bbox 898 2428 1156 2498; x_wconf 82' lang='lat' dir='ltr'><strong>quamvis</strong></span> <span class='ocrx_word' id='word_1_180' title='bbox 1204 2431 1287 2485; x_wconf 87' lang='lat' dir='ltr'><strong>sol</strong></span> <span class='ocrx_word' id='word_1_181' title='bbox 1351 2430 1593 2486; x_wconf 90' lang='lat' dir='ltr'><strong>nondum</strong></span> <span class='ocrx_word' id='word_1_182' title='bbox 1632 2437 1858 2486; x_wconf 90' lang='lat' dir='ltr'><strong>creatus</strong></span> <span class='ocrx_word' id='word_1_183' title='bbox 1926 2436 2095 2493; x_wconf 90' lang='lat' dir='ltr'><strong>esset,</strong></span> 
     </span>
    </p>
   </div>
   <div class='ocr_carea' id='block_1_25' title="bbox 524 2521 2099 2596">
    <p class='ocr_par' dir='ltr' id='par_1_25' title="bbox 524 2521 2099 2596">
     <span class='ocr_line' id='line_1_25' title="bbox 524 2521 2099 2596; baseline 0.002 -21"><span class='ocrx_word' id='word_1_184' title='bbox 524 2521 620 2591; x_wconf 83' lang='lat' dir='ltr'><strong>qui</strong></span> <span class='ocrx_word' id='word_1_185' title='bbox 657 2530 858 2591; x_wconf 88' lang='lat' dir='ltr'><strong>quarto</strong></span> <span class='ocrx_word' id='word_1_186' title='bbox 888 2522 1109 2578; x_wconf 89' lang='lat' dir='ltr'><strong>demum</strong></span> <span class='ocrx_word' id='word_1_187' title='bbox 1141 2522 1230 2578; x_wconf 91' lang='lat' dir='ltr'><strong>die</strong></span> <span class='ocrx_word' id='word_1_188' title='bbox 1262 2525 1542 2594; x_wconf 76' lang='lat' dir='ltr'><strong>apparuit.</strong></span> <span class='ocrx_word' id='word_1_189' title='bbox 1573 2523 1666 2580; x_wconf 88' lang='lat' dir='ltr'><strong>Sic</strong></span> <span class='ocrx_word' id='word_1_190' title='bbox 1696 2525 1864 2595; x_wconf 76' lang='lat' dir='ltr'><strong>igitur</strong></span> <span class='ocrx_word' id='word_1_191' title='bbox 1895 2526 2099 2596; x_wconf 85' lang='lat' dir='ltr'><strong>primo-</strong></span> 
     </span>
    </p>
   </div>
   <div class='ocr_carea' id='block_1_26' title="bbox 524 2611 2101 2683">
    <p class='ocr_par' dir='ltr' id='par_1_26' title="bbox 524 2611 2101 2683">
     <span class='ocr_line' id='line_1_26' title="bbox 524 2611 2101 2683; baseline 0.001 -16"><span class='ocrx_word' id='word_1_192' title='bbox 524 2611 686 2683; x_wconf 81' lang='lat' dir='ltr'><strong>genia</strong></span> <span class='ocrx_word' id='word_1_193' title='bbox 722 2612 815 2668; x_wconf 83' lang='lat' dir='ltr'><strong>lux</strong></span> <span class='ocrx_word' id='word_1_194' title='bbox 840 2622 899 2668; x_wconf 89' lang='lat' dir='ltr'><strong>ut</strong></span> <span class='ocrx_word' id='word_1_195' title='bbox 939 2614 1149 2682; x_wconf 86' lang='lat' dir='ltr'><strong>peperit</strong></span> <span class='ocrx_word' id='word_1_196' title='bbox 1180 2616 1420 2683; x_wconf 89' lang='lat' dir='ltr'><strong>primum</strong></span> <span class='ocrx_word' id='word_1_197' title='bbox 1454 2616 1622 2680; x_wconf 82' lang='lat' dir='ltr'><strong>diem,</strong></span> <span class='ocrx_word' id='word_1_198' title='bbox 1648 2617 1729 2673; x_wconf 88' lang='lat' dir='ltr'><strong>sic</strong></span> <span class='ocrx_word' id='word_1_199' title='bbox 1755 2619 1917 2673; x_wconf 83' lang='lat' dir='ltr'><strong>etiam</strong></span> <span class='ocrx_word' id='word_1_200' title='bbox 1954 2617 2101 2668; x_wconf 82' lang='lat' dir='ltr'><strong>inse-</strong></span> 
     </span>
    </p>
   </div>
   <div class='ocr_carea' id='block_1_27' title="bbox 526 2702 2099 2775">
    <p class='ocr_par' dir='ltr' id='par_1_27' title="bbox 526 2702 2099 2775">
     <span class='ocr_line' id='line_1_27' title="bbox 526 2702 2099 2775; baseline 0.002 -21"><span class='ocrx_word' id='word_1_201' title='bbox 526 2710 761 2771; x_wconf 80' lang='lat' dir='ltr'><strong>quentes</strong></span> <span class='ocrx_word' id='word_1_202' title='bbox 793 2702 935 2760; x_wconf 88' lang='lat' dir='ltr'><strong>duos</strong></span> <span class='ocrx_word' id='word_1_203' title='bbox 987 2705 1285 2759; x_wconf 84' lang='lat' dir='ltr'><strong>constituit</strong></span> <span class='ocrx_word' id='word_1_204' title='bbox 1333 2713 1627 2775; x_wconf 84' lang='lat' dir='ltr'><strong>antequam</strong></span> <span class='ocrx_word' id='word_1_205' title='bbox 1678 2714 1962 2761; x_wconf 81' lang='lat' dir='ltr'><strong>crearetur</strong></span> <span class='ocrx_word' id='word_1_206' title='bbox 1994 2705 2099 2760; x_wconf 88' lang='lat' dir='ltr'><strong>sol.</strong></span> 
     </span>
    </p>
   </div>
   <div class='ocr_carea' id='block_1_28' title="bbox 525 2794 2103 2867">
    <p class='ocr_par' dir='ltr' id='par_1_28' title="bbox 525 2794 2103 2867">
     <span class='ocr_line' id='line_1_28' title="bbox 525 2794 2103 2867; baseline 0.001 -18"><span class='ocrx_word' id='word_1_207' title='bbox 525 2794 797 2851; x_wconf 69' lang='lat' dir='ltr'><strong>Caeterum</strong></span> <span class='ocrx_word' id='word_1_208' title='bbox 855 2795 1001 2851; x_wconf 89' lang='lat' dir='ltr'><strong>Deus</strong></span> <span class='ocrx_word' id='word_1_209' title='bbox 1054 2797 1411 2867; x_wconf 85' lang='lat' dir='ltr'><strong>purissimam</strong></span> <span class='ocrx_word' id='word_1_210' title='bbox 1473 2805 1688 2867; x_wconf 82' lang='lat' dir='ltr'><strong>partem</strong></span> <span class='ocrx_word' id='word_1_211' title='bbox 1752 2798 2103 2867; x_wconf 79' lang='lat' dir='ltr'><strong>primogeniae</strong></span> 
     </span>
    </p>
   </div>
   <div class='ocr_carea' id='block_1_29' title="bbox 529 2887 2101 2959">
    <p class='ocr_par' dir='ltr' id='par_1_29' title="bbox 529 2887 2101 2959">
     <span class='ocr_line' id='line_1_29' title="bbox 529 2887 2101 2959; baseline 0.002 -19"><span class='ocrx_word' id='word_1_212' title='bbox 529 2887 674 2943; x_wconf 90' lang='lat' dir='ltr'><strong>lucis</strong></span> <span class='ocrx_word' id='word_1_213' title='bbox 733 2887 1038 2958; x_wconf 87' lang='lat' dir='ltr'><strong>accipiens,</strong></span> <span class='ocrx_word' id='word_1_214' title='bbox 1094 2889 1380 2945; x_wconf 85' lang='lat' dir='ltr'><strong>transtulit</strong></span> <span class='ocrx_word' id='word_1_215' title='bbox 1432 2889 1486 2943; x_wconf 87' lang='lat' dir='ltr'><strong>in</strong></span> <span class='ocrx_word' id='word_1_216' title='bbox 1538 2890 1710 2945; x_wconf 90' lang='lat' dir='ltr'><strong>solem</strong></span> <span class='ocrx_word' id='word_1_217' title='bbox 1757 2909 1772 2945; x_wconf 87' lang='lat'><strong>:</strong></span> <span class='ocrx_word' id='word_1_218' title='bbox 1829 2890 2101 2959; x_wconf 88' lang='lat' dir='ltr'><strong>reliquam</strong></span> 
     </span>
    </p>
   </div>
   <div class='ocr_carea' id='block_1_30' title="bbox 528 2978 2105 3053">
    <p class='ocr_par' dir='ltr' id='par_1_30' title="bbox 528 2978 2105 3053">
     <span class='ocr_line' id='line_1_30' title="bbox 528 2978 2105 3053; baseline 0.001 -19"><span class='ocrx_word' id='word_1_219' title='bbox 528 2986 743 3053; x_wconf 82' lang='lat' dir='ltr'><strong>partem</strong></span> <span class='ocrx_word' id='word_1_220' title='bbox 808 2979 950 3036; x_wconf 79' lang='lat' dir='ltr'><strong>lucis</strong></span> <span class='ocrx_word' id='word_1_221' title='bbox 1005 2978 1290 3035; x_wconf 86' lang='lat' dir='ltr'><strong>distribuit</strong></span> <span class='ocrx_word' id='word_1_222' title='bbox 1340 2980 1484 3036; x_wconf 89' lang='lat' dir='ltr'><strong>inter</strong></span> <span class='ocrx_word' id='word_1_223' title='bbox 1519 2980 1730 3045; x_wconf 87' lang='lat' dir='ltr'><strong>lunam,</strong></span> <span class='ocrx_word' id='word_1_224' title='bbox 1780 2981 2105 3052; x_wconf 87' lang='lat' dir='ltr'><strong>reliquaque</strong></span> 
     </span>
    </p>
   </div>
   <div class='ocr_carea' id='block_1_31' title="bbox 527 3069 2100 3141">
    <p class='ocr_par' dir='ltr' id='par_1_31' title="bbox 527 3069 2100 3141">
     <span class='ocr_line' id='line_1_31' title="bbox 527 3069 2100 3141; baseline 0 -15"><span class='ocrx_word' id='word_1_225' title='bbox 527 3082 705 3127; x_wconf 79' lang='lat' dir='ltr'><strong>astra.</strong></span> <span class='ocrx_word' id='word_1_226' title='bbox 752 3069 830 3127; x_wconf 87' lang='lat' dir='ltr'><strong>De</strong></span> <span class='ocrx_word' id='word_1_227' title='bbox 875 3070 1009 3126; x_wconf 84' lang='lat' dir='ltr'><strong>hinc</strong></span> <span class='ocrx_word' id='word_1_228' title='bbox 1046 3071 1183 3141; x_wconf 80' lang='lat' dir='ltr'><strong>ipsis</strong></span> <span class='ocrx_word' id='word_1_229' title='bbox 1214 3072 1537 3138; x_wconf 86' lang='lat' dir='ltr'><strong>imperatum</strong></span> <span class='ocrx_word' id='word_1_230' title='bbox 1568 3080 1656 3127; x_wconf 84' lang='lat' dir='ltr'><strong>est</strong></span> <span class='ocrx_word' id='word_1_231' title='bbox 1688 3087 1719 3126; x_wconf 90' lang='lat' dir='ltr'><strong>a</strong></span> <span class='ocrx_word' id='word_1_232' title='bbox 1753 3070 1886 3137; x_wconf 85' lang='lat' dir='ltr'><strong>Deo,</strong></span> <span class='ocrx_word' id='word_1_233' title='bbox 1929 3080 1990 3127; x_wconf 88' lang='lat' dir='ltr'><strong>ut</strong></span> <span class='ocrx_word' id='word_1_234' title='bbox 2018 3072 2100 3128; x_wconf 83' lang='lat' dir='ltr'><strong>di-</strong></span> 
     </span>
    </p>
   </div>
   <div class='ocr_carea' id='block_1_32' title="bbox 527 3163 2104 3235">
    <p class='ocr_par' dir='ltr' id='par_1_32' title="bbox 527 3163 2104 3235">
     <span class='ocr_line' id='line_1_32' title="bbox 527 3163 2104 3235; baseline -0.001 -15"><span class='ocrx_word' id='word_1_235' title='bbox 527 3164 879 3235; x_wconf 78' lang='lat' dir='ltr'><strong>stinguerent</strong></span> <span class='ocrx_word' id='word_1_236' title='bbox 907 3164 1053 3220; x_wconf 89' lang='lat' dir='ltr'><strong>diem</strong></span> <span class='ocrx_word' id='word_1_237' title='bbox 1084 3173 1139 3219; x_wconf 90' lang='lat' dir='ltr'><strong>et</strong></span> <span class='ocrx_word' id='word_1_238' title='bbox 1171 3172 1415 3227; x_wconf 88' lang='lat' dir='ltr'><strong>noctem.</strong></span> <span class='ocrx_word' id='word_1_239' title='bbox 1446 3163 1593 3235; x_wconf 87' lang='lat' dir='ltr'><strong>quod</strong></span> <span class='ocrx_word' id='word_1_240' title='bbox 1643 3172 1805 3218; x_wconf 84' lang='lat' dir='ltr'><strong>antea</strong></span> <span class='ocrx_word' id='word_1_241' title='bbox 1837 3179 2104 3234; x_wconf 79' lang='lat' dir='ltr'><strong>exseque-</strong></span> 
     </span>
    </p>
   </div>
   <div class='ocr_carea' id='block_1_33' title="bbox 529 3255 2104 3327">
    <p class='ocr_par' dir='ltr' id='par_1_33' title="bbox 529 3255 2104 3327">
     <span class='ocr_line' id='line_1_33' title="bbox 529 3255 2104 3327; baseline -0.001 -17"><span class='ocrx_word' id='word_1_242' title='bbox 529 3256 695 3310; x_wconf 86' lang='lat' dir='ltr'><strong>batur</strong></span> <span class='ocrx_word' id='word_1_243' title='bbox 753 3255 1094 3327; x_wconf 77' lang='lat' dir='ltr'><strong>primogenia</strong></span> <span class='ocrx_word' id='word_1_244' title='bbox 1143 3256 1233 3310; x_wconf 73' lang='lat' dir='ltr'><strong>lux</strong></span> <span class='ocrx_word' id='word_1_245' title='bbox 1277 3255 1439 3326; x_wconf 87' lang='lat' dir='ltr'><strong>jussu</strong></span> <span class='ocrx_word' id='word_1_246' title='bbox 1492 3255 1707 3319; x_wconf 89' lang='lat' dir='ltr'><strong>divino,</strong></span> <span class='ocrx_word' id='word_1_247' title='bbox 1757 3255 1994 3326; x_wconf 76' lang='lat' dir='ltr'><strong>caligine</strong></span> <span class='ocrx_word' id='word_1_248' title='bbox 2048 3264 2104 3312; x_wconf 88' lang='lat' dir='ltr'><strong>et</strong></span> 
     </span>
    </p>
   </div>
   <div class='ocr_carea' id='block_1_34' title="bbox 529 3346 2103 3414">
    <p class='ocr_par' dir='ltr' id='par_1_34' title="bbox 529 3346 2103 3414">
     <span class='ocr_line' id='line_1_34' title="bbox 529 3346 2103 3414; baseline -0.001 -12"><span class='ocrx_word' id='word_1_249' title='bbox 529 3348 651 3403; x_wconf 91' lang='lat' dir='ltr'><strong>luce</strong></span> <span class='ocrx_word' id='word_1_250' title='bbox 678 3347 782 3404; x_wconf 83' lang='lat' dir='ltr'><strong>sibi</strong></span> <span class='ocrx_word' id='word_1_251' title='bbox 825 3347 1063 3402; x_wconf 76' lang='lat' dir='ltr'><strong>invicem</strong></span> <span class='ocrx_word' id='word_1_252' title='bbox 1105 3347 1536 3403; x_wconf 84' lang='lat' dir='ltr'><strong>succedentibus</strong></span> <span class='ocrx_word' id='word_1_253' title='bbox 1565 3346 1636 3402; x_wconf 89' lang='lat' dir='ltr'><strong>ad</strong></span> <span class='ocrx_word' id='word_1_254' title='bbox 1678 3360 1804 3400; x_wconf 88' lang='lat' dir='ltr'><strong>eum</strong></span> <span class='ocrx_word' id='word_1_255' title='bbox 1856 3346 2103 3414; x_wconf 88' lang='lat' dir='ltr'><strong>modum,</strong></span> 
     </span>
    </p>
   </div>
   <div class='ocr_carea' id='block_1_35' title="bbox 526 3438 2105 3512">
    <p class='ocr_par' dir='ltr' id='par_1_35' title="bbox 526 3438 2105 3512">
     <span class='ocr_line' id='line_1_35' title="bbox 526 3438 2105 3512; baseline 0 -17"><span class='ocrx_word' id='word_1_256' title='bbox 526 3455 690 3511; x_wconf 85' lang='lat' dir='ltr'><strong>quem</strong></span> <span class='ocrx_word' id='word_1_257' title='bbox 775 3441 1193 3512; x_wconf 57' lang='lat' dir='ltr'><strong>praescripserat</strong></span> <span class='ocrx_word' id='word_1_258' title='bbox 1247 3439 1413 3496; x_wconf 84' lang='lat' dir='ltr'><strong>Deus.</strong></span> <span class='ocrx_word' id='word_1_259' title='bbox 1489 3438 1581 3494; x_wconf 90' lang='lat' dir='ltr'><strong>Sol</strong></span> <span class='ocrx_word' id='word_1_260' title='bbox 1649 3454 1799 3494; x_wconf 89' lang='lat' dir='ltr'><strong>nunc</strong></span> <span class='ocrx_word' id='word_1_261' title='bbox 1877 3440 2105 3495; x_wconf 88' lang='lat' dir='ltr'><strong>metitur</strong></span> 
     </span>
    </p>
   </div>
   <div class='ocr_carea' id='block_1_36' title="bbox 526 3526 2106 3599">
    <p class='ocr_par' dir='ltr' id='par_1_36' title="bbox 526 3526 2106 3599">
     <span class='ocr_line' id='line_1_36' title="bbox 526 3526 2106 3599; baseline 0.003 -19"><span class='ocrx_word' id='word_1_262' title='bbox 526 3526 675 3581; x_wconf 84' lang='lat' dir='ltr'><strong>diem</strong></span> <span class='ocrx_word' id='word_1_263' title='bbox 721 3529 1013 3597; x_wconf 75' lang='lat' dir='ltr'><strong>spatiaque</strong></span> <span class='ocrx_word' id='word_1_264' title='bbox 1045 3527 1244 3583; x_wconf 88' lang='lat' dir='ltr'><strong>diurna</strong></span> <span class='ocrx_word' id='word_1_265' title='bbox 1280 3547 1292 3583; x_wconf 91' lang='lat'><strong>:</strong></span> <span class='ocrx_word' id='word_1_266' title='bbox 1329 3528 1463 3582; x_wconf 90' lang='lat' dir='ltr'><strong>luna</strong></span> <span class='ocrx_word' id='word_1_267' title='bbox 1498 3542 1811 3583; x_wconf 84' lang='lat' dir='ltr'><strong>mensuram</strong></span> <span class='ocrx_word' id='word_1_268' title='bbox 1852 3529 1965 3599; x_wconf 80' lang='lat' dir='ltr'><strong>agit</strong></span> <span class='ocrx_word' id='word_1_269' title='bbox 2006 3544 2106 3584; x_wconf 81' lang='lat' dir='ltr'><strong>no-</strong></span> 
     </span>
    </p>
   </div>
   <div class='ocr_carea' id='block_1_37' title="bbox 525 3618 2106 3691">
    <p class='ocr_par' dir='ltr' id='par_1_37' title="bbox 525 3618 2106 3691">
     <span class='ocr_line' id='line_1_37' title="bbox 525 3618 2106 3691; baseline 0.001 -18"><span class='ocrx_word' id='word_1_270' title='bbox 525 3618 699 3673; x_wconf 90' lang='lat' dir='ltr'><strong>ctium</strong></span> <span class='ocrx_word' id='word_1_271' title='bbox 732 3618 859 3673; x_wconf 83' lang='lat' dir='ltr'><strong>dum</strong></span> <span class='ocrx_word' id='word_1_272' title='bbox 893 3619 1134 3675; x_wconf 86' lang='lat' dir='ltr'><strong>subinde</strong></span> <span class='ocrx_word' id='word_1_273' title='bbox 1161 3618 1226 3673; x_wconf 88' lang='lat' dir='ltr'><strong>ad</strong></span> <span class='ocrx_word' id='word_1_274' title='bbox 1263 3620 1628 3690; x_wconf 82' lang='lat' dir='ltr'><strong>plenilunium</strong></span> <span class='ocrx_word' id='word_1_275' title='bbox 1668 3620 1754 3674; x_wconf 92' lang='lat' dir='ltr'><strong>vel</strong></span> <span class='ocrx_word' id='word_1_276' title='bbox 1784 3635 1942 3675; x_wconf 89' lang='lat' dir='ltr'><strong>suam</strong></span> <span class='ocrx_word' id='word_1_277' title='bbox 1982 3634 2106 3691; x_wconf 88' lang='lat' dir='ltr'><strong>per-</strong></span> 
     </span>
    </p>
   </div>
   <div class='ocr_carea' id='block_1_38' title="bbox 2199 612 3757 694">
    <p class='ocr_par' dir='ltr' id='par_1_38' title="bbox 2199 612 3757 694">
     <span class='ocr_line' id='line_1_38' title="bbox 2199 612 3757 694; baseline 0.008 -29"><span class='ocrx_word' id='word_1_278' title='bbox 2199 612 2314 681; x_wconf 72' lang='grc' dir='ltr'>φῶς</span> <span class='ocrx_word' id='word_1_279' title='bbox 2378 612 2685 667; x_wconf 78' lang='grc' dir='ltr'><strong>ἀποδιδόναι</strong></span> <span class='ocrx_word' id='word_1_280' title='bbox 2742 616 2854 677; x_wconf 82' lang='grc' dir='ltr'>τοῖς</span> <span class='ocrx_word' id='word_1_281' title='bbox 2885 614 3136 680; x_wconf 87' lang='grc' dir='ltr'>δικαίοις,</span> <span class='ocrx_word' id='word_1_282' title='bbox 3167 619 3282 681; x_wconf 87' lang='grc' dir='ltr'>τοῖς</span> <span class='ocrx_word' id='word_1_283' title='bbox 3303 616 3360 671; x_wconf 80' lang='grc' dir='ltr'><strong>δὲ</strong></span> <span class='ocrx_word' id='word_1_284' title='bbox 3382 620 3757 694; x_wconf 74' lang='grc' dir='ltr'><strong>κολαζομένοις</strong></span> 
     </span>
    </p>
   </div>
   <div class='ocr_carea' id='block_1_39' title="bbox 2197 701 3764 779">
    <p class='ocr_par' dir='ltr' id='par_1_39' title="bbox 2197 701 3764 779">
     <span class='ocr_line' id='line_1_39' title="bbox 2197 701 3764 779; baseline 0.008 -23"><span class='ocrx_word' id='word_1_285' title='bbox 2197 703 2260 756; x_wconf 84' lang='grc' dir='ltr'>τὸ</span> <span class='ocrx_word' id='word_1_286' title='bbox 2313 701 2409 757; x_wconf 81' lang='grc' dir='ltr'>τοῦ</span> <span class='ocrx_word' id='word_1_287' title='bbox 2464 704 2641 773; x_wconf 73' lang='grc' dir='ltr'>φωτὸς</span> <span class='ocrx_word' id='word_1_288' title='bbox 2695 704 3031 758; x_wconf 83' lang='grc' dir='ltr'>καυστικόν·</span> <span class='ocrx_word' id='word_1_289' title='bbox 3070 707 3167 759; x_wconf 74' lang='grc' dir='ltr'>καὶ</span> <span class='ocrx_word' id='word_1_290' title='bbox 3197 707 3233 778; x_wconf 86' lang='grc' dir='ltr'><strong>ἡ</strong></span> <span class='ocrx_word' id='word_1_291' title='bbox 3277 706 3476 779; x_wconf 82' lang='grc' dir='ltr'>σελήνη</span> <span class='ocrx_word' id='word_1_292' title='bbox 3507 709 3564 763; x_wconf 81' lang='grc' dir='ltr'><strong>δὲ</strong></span> <span class='ocrx_word' id='word_1_293' title='bbox 3613 712 3764 769; x_wconf 72' lang='grc' dir='ltr'>τοῦτο</span> 
     </span>
    </p>
   </div>
   <div class='ocr_carea' id='block_1_40' title="bbox 2199 793 3763 869">
    <p class='ocr_par' dir='ltr' id='par_1_40' title="bbox 2199 793 3763 869">
     <span class='ocr_line' id='line_1_40' title="bbox 2199 793 3763 869; baseline 0.007 -23"><span class='ocrx_word' id='word_1_294' title='bbox 2199 793 2498 865; x_wconf 80' lang='grc' dir='ltr'><strong>παρίστησι</strong></span> <span class='ocrx_word' id='word_1_295' title='bbox 2526 794 2877 867; x_wconf 78' lang='grc' dir='ltr'><strong>πληρουμένη</strong></span> <span class='ocrx_word' id='word_1_296' title='bbox 2908 797 3006 850; x_wconf 70' lang='grc' dir='ltr'>καὶ</span> <span class='ocrx_word' id='word_1_297' title='bbox 3026 796 3292 868; x_wconf 80' lang='grc' dir='ltr'><strong>λήγουσα,</strong></span> <span class='ocrx_word' id='word_1_298' title='bbox 3319 798 3396 868; x_wconf 84' lang='grc' dir='ltr'>πῆ</span> <span class='ocrx_word' id='word_1_299' title='bbox 3425 799 3524 869; x_wconf 79' lang='grc' dir='ltr'>μὲν</span> <span class='ocrx_word' id='word_1_300' title='bbox 3551 801 3763 857; x_wconf 69' lang='grc' dir='ltr'>ἐπιθαιο</span> 
     </span>
    </p>
   </div>
   <div class='ocr_carea' id='block_1_41' title="bbox 2197 884 3764 963">
    <p class='ocr_par' dir='ltr' id='par_1_41' title="bbox 2197 884 3764 963">
     <span class='ocr_line' id='line_1_41' title="bbox 2197 884 3764 963; baseline 0.006 -25"><span class='ocrx_word' id='word_1_301' title='bbox 2197 884 2394 956; x_wconf 75' lang='grc' dir='ltr'>νούσης</span> <span class='ocrx_word' id='word_1_302' title='bbox 2416 889 2518 955; x_wconf 77' lang='grc' dir='ltr'>τῆς</span> <span class='ocrx_word' id='word_1_303' title='bbox 2551 887 2856 955; x_wconf 78' lang='grc' dir='ltr'><strong>ποιότητος,</strong></span> <span class='ocrx_word' id='word_1_304' title='bbox 2881 887 2960 956; x_wconf 86' lang='grc' dir='ltr'>πῆ</span> <span class='ocrx_word' id='word_1_305' title='bbox 2981 887 3040 940; x_wconf 75' lang='grc' dir='ltr'><strong>δὲ</strong></span> <span class='ocrx_word' id='word_1_306' title='bbox 3057 887 3437 957; x_wconf 59' lang='grc' dir='ltr'>ἀφισταμένης</span> <span class='ocrx_word' id='word_1_307' title='bbox 3466 890 3558 945; x_wconf 81' lang='grc' dir='ltr'><strong>τοῦ</strong></span> <span class='ocrx_word' id='word_1_308' title='bbox 3589 892 3764 963; x_wconf 79' lang='grc' dir='ltr'>σώμα-</span> 
     </span>
    </p>
   </div>
   <div class='ocr_carea' id='block_1_42' title="bbox 2196 976 3765 1049">
    <p class='ocr_par' dir='ltr' id='par_1_42' title="bbox 2196 976 3765 1049">
     <span class='ocr_line' id='line_1_42' title="bbox 2196 976 3765 1049; baseline 0.006 -21"><span class='ocrx_word' id='word_1_309' title='bbox 2196 992 2309 1040; x_wconf 90' lang='grc' dir='ltr'>τος.</span> <span class='ocrx_word' id='word_1_310' title='bbox 2342 976 2454 1030; x_wconf 83' lang='grc' dir='ltr'><strong>Καὶ</strong></span> <span class='ocrx_word' id='word_1_311' title='bbox 2501 976 2649 1031; x_wconf 77' lang='grc' dir='ltr'>ἐστιν</span> <span class='ocrx_word' id='word_1_312' title='bbox 2686 977 2932 1048; x_wconf 78' lang='grc' dir='ltr'>ἐναργῶς</span> <span class='ocrx_word' id='word_1_313' title='bbox 2969 978 3098 1031; x_wconf 78' lang='grc' dir='ltr'>ἰδεῖν</span> <span class='ocrx_word' id='word_1_314' title='bbox 3125 978 3184 1033; x_wconf 77' lang='grc' dir='ltr'>τὸ</span> <span class='ocrx_word' id='word_1_315' title='bbox 3217 979 3317 1049; x_wconf 81' lang='grc' dir='ltr'>μὲν</span> <span class='ocrx_word' id='word_1_316' title='bbox 3360 979 3681 1048; x_wconf 77' lang='grc' dir='ltr'><strong>ἀφώτιστον,</strong></span> <span class='ocrx_word' id='word_1_317' title='bbox 3708 986 3765 1038; x_wconf 83' lang='grc' dir='ltr'>τδ</span> 
     </span>
    </p>
   </div>
   <div class='ocr_carea' id='block_1_43' title="bbox 2195 1068 3764 1144">
    <p class='ocr_par' dir='ltr' id='par_1_43' title="bbox 2195 1068 3764 1144">
     <span class='ocr_line' id='line_1_43' title="bbox 2195 1068 3764 1144; baseline 0.011 -24"><span class='ocrx_word' id='word_1_318' title='bbox 2195 1068 2253 1121; x_wconf 84' lang='grc' dir='ltr'>δὲ</span> <span class='ocrx_word' id='word_1_319' title='bbox 2281 1068 2697 1138; x_wconf 79' lang='grc' dir='ltr'>πεφωτισμένον</span> <span class='ocrx_word' id='word_1_320' title='bbox 2757 1069 2928 1139; x_wconf 75' lang='grc' dir='ltr'>αὐτῆς</span> <span class='ocrx_word' id='word_1_321' title='bbox 2958 1085 2973 1100; x_wconf 83' lang='grc'><strong>·</strong></span> <span class='ocrx_word' id='word_1_322' title='bbox 3008 1068 3111 1123; x_wconf 78' lang='grc' dir='ltr'>κᾶν</span> <span class='ocrx_word' id='word_1_323' title='bbox 3169 1069 3280 1141; x_wconf 82' lang='grc' dir='ltr'>γὰρ</span> <span class='ocrx_word' id='word_1_324' title='bbox 3314 1070 3373 1136; x_wconf 77' lang='grc' dir='ltr'>ἐξ</span> <span class='ocrx_word' id='word_1_325' title='bbox 3404 1070 3557 1140; x_wconf 88' lang='grc' dir='ltr'>ἡλίου</span> <span class='ocrx_word' id='word_1_326' title='bbox 3608 1072 3764 1144; x_wconf 51' lang='lat' dir='ltr'><strong>wit);</strong></span> 
     </span>
    </p>
   </div>
   <div class='ocr_carea' id='block_1_44' title="bbox 2198 1159 3763 1231">
    <p class='ocr_par' dir='ltr' id='par_1_44' title="bbox 2198 1159 3763 1231">
     <span class='ocr_line' id='line_1_44' title="bbox 2198 1159 3763 1231; baseline 0.004 -18"><span class='ocrx_word' id='word_1_327' title='bbox 2198 1161 2334 1231; x_wconf 80' lang='grc' dir='ltr'>αὐτῇ</span> <span class='ocrx_word' id='word_1_328' title='bbox 2371 1159 2432 1213; x_wconf 78' lang='grc' dir='ltr'>τδ</span> <span class='ocrx_word' id='word_1_329' title='bbox 2454 1159 2569 1228; x_wconf 76' lang='grc' dir='ltr'>φῶς</span> <span class='ocrx_word' id='word_1_330' title='bbox 2615 1159 2887 1231; x_wconf 71' lang='grc' dir='ltr'>ὗπάηειν</span> <span class='ocrx_word' id='word_1_331' title='bbox 2945 1160 3296 1222; x_wconf 83' lang='grc' dir='ltr'>ἐπείσακτον,</span> <span class='ocrx_word' id='word_1_332' title='bbox 3347 1161 3462 1213; x_wconf 82' lang='grc' dir='ltr'>ἀλλ’</span> <span class='ocrx_word' id='word_1_333' title='bbox 3489 1162 3583 1217; x_wconf 78' lang='grc' dir='ltr'>οὖν</span> <span class='ocrx_word' id='word_1_334' title='bbox 3631 1165 3763 1218; x_wconf 79' lang='grc' dir='ltr'>ἀπο-</span> 
     </span>
    </p>
   </div>
   <div class='ocr_carea' id='block_1_45' title="bbox 2198 1250 3764 1321">
    <p class='ocr_par' dir='ltr' id='par_1_45' title="bbox 2198 1250 3764 1321">
     <span class='ocr_line' id='line_1_45' title="bbox 2198 1250 3764 1321; baseline 0.001 -16"><span class='ocrx_word' id='word_1_335' title='bbox 2198 1252 2489 1321; x_wconf 76' lang='grc' dir='ltr'>συμσαίνει</span> <span class='ocrx_word' id='word_1_336' title='bbox 2517 1251 2613 1304; x_wconf 71' lang='grc' dir='ltr'>καὶ</span> <span class='ocrx_word' id='word_1_337' title='bbox 2656 1250 2871 1318; x_wconf 84' lang='grc' dir='ltr'>γίνεται</span> <span class='ocrx_word' id='word_1_338' title='bbox 2895 1267 2909 1282; x_wconf 84' lang='grc'><strong>·</strong></span> <span class='ocrx_word' id='word_1_339' title='bbox 2939 1250 2968 1302; x_wconf 92' lang='lat'><strong>6</strong></span> <span class='ocrx_word' id='word_1_340' title='bbox 2996 1250 3053 1303; x_wconf 64' lang='lat' dir='ltr'>6i</span> <span class='ocrx_word' id='word_1_341' title='bbox 3082 1251 3233 1321; x_wconf 75' lang='grc' dir='ltr'>ἥλιος</span> <span class='ocrx_word' id='word_1_342' title='bbox 3285 1250 3433 1316; x_wconf 69' lang='grc' dir='ltr'>ἅπαξ</span> <span class='ocrx_word' id='word_1_343' title='bbox 3460 1250 3637 1304; x_wconf 74' lang='grc' dir='ltr'>λαϐὼν</span> <span class='ocrx_word' id='word_1_344' title='bbox 3669 1254 3764 1307; x_wconf 74' lang='grc' dir='ltr'>οὐκ</span> 
     </span>
    </p>
   </div>
   <div class='ocr_carea' id='block_1_46' title="bbox 2198 1338 3787 1413">
    <p class='ocr_par' dir='ltr' id='par_1_46' title="bbox 2198 1338 3787 1413">
     <span class='ocr_line' id='line_1_46' title="bbox 2198 1338 3787 1413; baseline -0.001 -16"><span class='ocrx_word' id='word_1_345' title='bbox 2198 1343 2541 1398; x_wconf 84' lang='grc' dir='ltr'>ἀποτίθεται.</span> <span class='ocrx_word' id='word_1_346' title='bbox 2567 1342 2639 1395; x_wconf 85' lang='grc' dir='ltr'>Τὸ</span> <span class='ocrx_word' id='word_1_347' title='bbox 2660 1342 2765 1412; x_wconf 83' lang='grc' dir='ltr'><strong>γάρ</strong></span> <span class='ocrx_word' id='word_1_348' title='bbox 2785 1342 2964 1409; x_wconf 79' lang='grc' dir='ltr'>λέγειν</span> <span class='ocrx_word' id='word_1_349' title='bbox 2989 1341 3063 1403; x_wconf 83' lang='grc' dir='ltr'>ὡς</span> <span class='ocrx_word' id='word_1_350' title='bbox 3086 1341 3180 1394; x_wconf 81' lang='grc' dir='ltr'><strong>τοῦ</strong></span> <span class='ocrx_word' id='word_1_351' title='bbox 3210 1341 3588 1413; x_wconf 82' lang='grc' dir='ltr'>στερεώματος</span> <span class='ocrx_word' id='word_1_352' title='bbox 3610 1338 3787 1409; x_wconf 84' lang='grc' dir='ltr'>γεγο-’</span> 
     </span>
    </p>
   </div>
   <div class='ocr_carea' id='block_1_47' title="bbox 2197 1434 3766 1506">
    <p class='ocr_par' dir='ltr' id='par_1_47' title="bbox 2197 1434 3766 1506">
     <span class='ocr_line' id='line_1_47' title="bbox 2197 1434 3766 1506; baseline 0 -18"><span class='ocrx_word' id='word_1_353' title='bbox 2197 1437 2371 1502; x_wconf 88' lang='grc' dir='ltr'>νότος,</span> <span class='ocrx_word' id='word_1_354' title='bbox 2408 1434 2525 1506; x_wconf 69' lang='grc' dir='ltr'>ἅμα</span> <span class='ocrx_word' id='word_1_355' title='bbox 2554 1435 2616 1488; x_wconf 83' lang='grc' dir='ltr'>τδ</span> <span class='ocrx_word' id='word_1_356' title='bbox 2645 1435 2864 1504; x_wconf 81' lang='grc' dir='ltr'>πρῶτον</span> <span class='ocrx_word' id='word_1_357' title='bbox 2895 1435 3205 1504; x_wconf 76' lang='grc' dir='ltr'>ἀπείληπτο</span> <span class='ocrx_word' id='word_1_358' title='bbox 3220 1434 3360 1503; x_wconf 77' lang='grc' dir='ltr'>φῶς,</span> <span class='ocrx_word' id='word_1_359' title='bbox 3383 1435 3480 1487; x_wconf 77' lang='grc' dir='ltr'>καὶ</span> <span class='ocrx_word' id='word_1_360' title='bbox 3508 1434 3593 1498; x_wconf 74' lang='grc' dir='ltr'>διὰ</span> <span class='ocrx_word' id='word_1_361' title='bbox 3618 1435 3766 1488; x_wconf 75' lang='grc' dir='ltr'>τοῦτο</span> 
     </span>
    </p>
   </div>
   <div class='ocr_carea' id='block_1_48' title="bbox 2196 1525 3766 1597">
    <p class='ocr_par' dir='ltr' id='par_1_48' title="bbox 2196 1525 3766 1597">
     <span class='ocr_line' id='line_1_48' title="bbox 2196 1525 3766 1597; baseline -0.001 -17"><span class='ocrx_word' id='word_1_362' title='bbox 2196 1526 2446 1597; x_wconf 79' lang='grc' dir='ltr'>δεύτερον</span> <span class='ocrx_word' id='word_1_363' title='bbox 2472 1526 2725 1596; x_wconf 77' lang='grc' dir='ltr'><strong>ἐδέησεν,</strong></span> <span class='ocrx_word' id='word_1_364' title='bbox 2754 1527 2816 1578; x_wconf 84' lang='grc' dir='ltr'>οὐ</span> <span class='ocrx_word' id='word_1_365' title='bbox 2850 1527 2991 1580; x_wconf 71' lang='grc' dir='ltr'>πάνυ</span> <span class='ocrx_word' id='word_1_366' title='bbox 3020 1525 3265 1595; x_wconf 76' lang='grc' dir='ltr'>εὔλογον.</span> <span class='ocrx_word' id='word_1_367' title='bbox 3302 1526 3469 1579; x_wconf 77' lang='grc' dir='ltr'>οὐδὲν</span> <span class='ocrx_word' id='word_1_368' title='bbox 3513 1527 3621 1596; x_wconf 77' lang='grc' dir='ltr'><strong>γὰρ</strong></span> <span class='ocrx_word' id='word_1_369' title='bbox 3665 1526 3766 1579; x_wconf 82' lang='grc' dir='ltr'>τῶν</span> 
     </span>
    </p>
   </div>
   <div class='ocr_carea' id='block_1_49' title="bbox 2198 1617 3765 1689">
    <p class='ocr_par' dir='ltr' id='par_1_49' title="bbox 2198 1617 3765 1689">
     <span class='ocr_line' id='line_1_49' title="bbox 2198 1617 3765 1689; baseline -0.002 -17"><span class='ocrx_word' id='word_1_370' title='bbox 2198 1618 2529 1689; x_wconf 81' lang='grc' dir='ltr'>σωματικῶν</span> <span class='ocrx_word' id='word_1_371' title='bbox 2587 1618 2725 1688; x_wconf 84' lang='grc' dir='ltr'><strong>μετά</strong></span> <span class='ocrx_word' id='word_1_372' title='bbox 2750 1617 2849 1688; x_wconf 81' lang='grc' dir='ltr'>τὴν</span> <span class='ocrx_word' id='word_1_373' title='bbox 2871 1618 3097 1688; x_wconf 82' lang='grc' dir='ltr'>πρώτην</span> <span class='ocrx_word' id='word_1_374' title='bbox 3145 1618 3385 1688; x_wconf 78' lang='grc' dir='ltr'>ἡμέραν,</span> <span class='ocrx_word' id='word_1_375' title='bbox 3417 1618 3482 1669; x_wconf 71' lang='grc' dir='ltr'>ὲκ</span> <span class='ocrx_word' id='word_1_376' title='bbox 3511 1617 3583 1686; x_wconf 81' lang='grc' dir='ltr'>μὴ</span> <span class='ocrx_word' id='word_1_377' title='bbox 3607 1617 3765 1670; x_wconf 77' lang='grc' dir='ltr'>όντων</span> 
     </span>
    </p>
   </div>
   <div class='ocr_carea' id='block_1_50' title="bbox 2199 1706 3763 1779">
    <p class='ocr_par' dir='ltr' id='par_1_50' title="bbox 2199 1706 3763 1779">
     <span class='ocr_line' id='line_1_50' title="bbox 2199 1706 3763 1779; baseline -0.003 -15"><span class='ocrx_word' id='word_1_378' title='bbox 2199 1711 2436 1779; x_wconf 76' lang='grc' dir='ltr'>ἐγένετο.</span> <span class='ocrx_word' id='word_1_379' title='bbox 2463 1709 2673 1774; x_wconf 83' lang='grc' dir='ltr'>Ἀλλως</span> <span class='ocrx_word' id='word_1_380' title='bbox 2696 1726 2755 1762; x_wconf 82' lang='grc' dir='ltr'><strong>τε</strong></span> <span class='ocrx_word' id='word_1_381' title='bbox 2775 1709 2963 1779; x_wconf 83' lang='grc' dir='ltr'>ὥσπερ</span> <span class='ocrx_word' id='word_1_382' title='bbox 2982 1706 3105 1761; x_wconf 79' lang='grc' dir='ltr'>εἶπε</span> <span class='ocrx_word' id='word_1_383' title='bbox 3133 1709 3421 1776; x_wconf 78' lang='grc' dir='ltr'>γεγονότος</span> <span class='ocrx_word' id='word_1_384' title='bbox 3451 1707 3545 1760; x_wconf 76' lang='grc' dir='ltr'>τοῦ</span> <span class='ocrx_word' id='word_1_385' title='bbox 3577 1708 3763 1776; x_wconf 70' lang='grc' dir='ltr'>φωτὸς.</span> 
     </span>
    </p>
   </div>
   <div class='ocr_carea' id='block_1_51' title="bbox 2203 1798 3769 1872">
    <p class='ocr_par' dir='ltr' id='par_1_51' title="bbox 2203 1798 3769 1872">
     <span class='ocr_line' id='line_1_51' title="bbox 2203 1798 3769 1872; baseline -0.001 -18"><span class='ocrx_word' id='word_1_386' title='bbox 2203 1822 2221 1854; x_wconf 80' lang='grc' dir='ltr'><strong>ι</strong></span> <span class='ocrx_word' id='word_1_387' title='bbox 2247 1802 2491 1870; x_wconf 77' lang='grc' dir='ltr'>Ἐγένετο</span> <span class='ocrx_word' id='word_1_388' title='bbox 2505 1801 2734 1872; x_wconf 77' lang='grc' dir='ltr'>ἑσπέρα,</span> <span class='ocrx_word' id='word_1_389' title='bbox 2748 1801 2842 1854; x_wconf 71' lang='grc' dir='ltr'>καὶ</span> <span class='ocrx_word' id='word_1_390' title='bbox 2858 1800 3075 1869; x_wconf 75' lang='grc' dir='ltr'>ἐγένετο</span> <span class='ocrx_word' id='word_1_391' title='bbox 3090 1799 3252 1870; x_wconf 78' lang='grc' dir='ltr'>πρωῒ,</span> <span class='ocrx_word' id='word_1_392' title='bbox 3269 1799 3449 1869; x_wconf 86' lang='grc' dir='ltr'>ήμέρα</span> <span class='ocrx_word' id='word_1_393' title='bbox 3469 1799 3586 1868; x_wconf 87' lang='grc' dir='ltr'>μία,</span> <span class='ocrx_word' id='word_1_394' title='bbox 3600 1816 3616 1849; x_wconf 80' lang='grc' dir='ltr'><strong>ι</strong></span> <span class='ocrx_word' id='word_1_395' title='bbox 3635 1798 3769 1853; x_wconf 78' lang='grc' dir='ltr'>οὕτω</span> 
     </span>
    </p>
   </div>
   <div class='ocr_carea' id='block_1_52' title="bbox 2199 1889 3765 1964">
    <p class='ocr_par' dir='ltr' id='par_1_52' title="bbox 2199 1889 3765 1964">
     <span class='ocr_line' id='line_1_52' title="bbox 2199 1889 3765 1964; baseline -0.004 -16"><span class='ocrx_word' id='word_1_396' title='bbox 2199 1896 2292 1948; x_wconf 58' lang='grc' dir='ltr'><strong>καὶ⁸</strong></span> <span class='ocrx_word' id='word_1_397' title='bbox 2319 1896 2418 1964; x_wconf 85' lang='grc' dir='ltr'>τὴν</span> <span class='ocrx_word' id='word_1_398' title='bbox 2441 1893 2537 1948; x_wconf 80' lang='grc' dir='ltr'>τοῦ</span> <span class='ocrx_word' id='word_1_399' title='bbox 2564 1894 2947 1963; x_wconf 83' lang='grc' dir='ltr'>στερεώματος</span> <span class='ocrx_word' id='word_1_400' title='bbox 2985 1891 3207 1963; x_wconf 80' lang='grc' dir='ltr'>ποίησιν</span> <span class='ocrx_word' id='word_1_401' title='bbox 3240 1892 3371 1960; x_wconf 76' lang='grc' dir='ltr'>πρὶν</span> <span class='ocrx_word' id='word_1_402' title='bbox 3397 1890 3653 1958; x_wconf 83' lang='grc' dir='ltr'>γενέσθαι</span> <span class='ocrx_word' id='word_1_403' title='bbox 3681 1889 3765 1942; x_wconf 76' lang='grc' dir='ltr'><strong>τὸν</strong></span> 
     </span>
    </p>
   </div>
   <div class='ocr_carea' id='block_1_53' title="bbox 2197 1979 3768 2055">
    <p class='ocr_par' dir='ltr' id='par_1_53' title="bbox 2197 1979 3768 2055">
     <span class='ocr_line' id='line_1_53' title="bbox 2197 1979 3768 2055; baseline -0.004 -16"><span class='ocrx_word' id='word_1_404' title='bbox 2197 1986 2348 2055; x_wconf 75' lang='grc' dir='ltr'>ἥλιον</span> <span class='ocrx_word' id='word_1_405' title='bbox 2398 1985 2492 2038; x_wconf 66' lang='grc' dir='ltr'><strong>ἰπὶ</strong></span> <span class='ocrx_word' id='word_1_406' title='bbox 2519 1985 2618 2053; x_wconf 80' lang='grc' dir='ltr'>τῆς</span> <span class='ocrx_word' id='word_1_407' title='bbox 2650 1984 2909 2054; x_wconf 80' lang='grc' dir='ltr'>δευτέρας</span> <span class='ocrx_word' id='word_1_408' title='bbox 2961 1983 3055 2036; x_wconf 68' lang='grc' dir='ltr'>καὶ</span> <span class='ocrx_word' id='word_1_409' title='bbox 3111 1982 3304 2053; x_wconf 72' lang='grc' dir='ltr'>τρίτης</span> <span class='ocrx_word' id='word_1_410' title='bbox 3336 1981 3570 2051; x_wconf 85' lang='grc' dir='ltr'>ἡμέρας,</span> <span class='ocrx_word' id='word_1_411' title='bbox 3614 1979 3768 2046; x_wconf 67' lang='grc' dir='ltr'>δῆλον</span> 
     </span>
    </p>
   </div>
   <div class='ocr_carea' id='block_1_54' title="bbox 2197 2071 3764 2146">
    <p class='ocr_par' dir='ltr' id='par_1_54' title="bbox 2197 2071 3764 2146">
     <span class='ocr_line' id='line_1_54' title="bbox 2197 2071 3764 2146; baseline -0.006 -15"><span class='ocrx_word' id='word_1_412' title='bbox 2197 2079 2273 2140; x_wconf 82' lang='grc' dir='ltr'>ὡς</span> <span class='ocrx_word' id='word_1_413' title='bbox 2300 2077 2393 2130; x_wconf 80' lang='grc' dir='ltr'>καὶ</span> <span class='ocrx_word' id='word_1_414' title='bbox 2421 2074 2559 2146; x_wconf 87' lang='grc' dir='ltr'><strong>μετά</strong></span> <span class='ocrx_word' id='word_1_415' title='bbox 2580 2075 2640 2128; x_wconf 73' lang='grc' dir='ltr'><strong>τὸ</strong></span> <span class='ocrx_word' id='word_1_416' title='bbox 2666 2075 2979 2144; x_wconf 77' lang='grc' dir='ltr'>στερέωμα,</span> <span class='ocrx_word' id='word_1_417' title='bbox 3020 2072 3116 2126; x_wconf 81' lang='grc' dir='ltr'>τοῦ</span> <span class='ocrx_word' id='word_1_418' title='bbox 3177 2072 3527 2144; x_wconf 74' lang='grc' dir='ltr'>πρωτογόνου</span> <span class='ocrx_word' id='word_1_419' title='bbox 3592 2071 3764 2138; x_wconf 71' lang='grc' dir='ltr'>φωτὸς</span> 
     </span>
    </p>
   </div>
   <div class='ocr_carea' id='block_1_55' title="bbox 2196 2159 3765 2237">
    <p class='ocr_par' dir='ltr' id='par_1_55' title="bbox 2196 2159 3765 2237">
     <span class='ocr_line' id='line_1_55' title="bbox 2196 2159 3765 2237; baseline -0.007 -17"><span class='ocrx_word' id='word_1_420' title='bbox 2196 2167 2295 2228; x_wconf 80' lang='grc' dir='ltr'>τὰς</span> <span class='ocrx_word' id='word_1_421' title='bbox 2328 2165 2544 2237; x_wconf 78' lang='grc' dir='ltr'>ἡμέρας</span> <span class='ocrx_word' id='word_1_422' title='bbox 2573 2162 2673 2226; x_wconf 75' lang='grc' dir='ltr'><strong>τὰς</strong></span> <span class='ocrx_word' id='word_1_423' title='bbox 2705 2162 2798 2217; x_wconf 79' lang='grc' dir='ltr'><strong>δύο</strong></span> <span class='ocrx_word' id='word_1_424' title='bbox 2822 2163 3074 2235; x_wconf 79' lang='grc' dir='ltr'>καθάπερ</span> <span class='ocrx_word' id='word_1_425' title='bbox 3110 2161 3207 2217; x_wconf 71' lang='grc' dir='ltr'>καὶ</span> <span class='ocrx_word' id='word_1_426' title='bbox 3236 2161 3334 2232; x_wconf 79' lang='grc' dir='ltr'>τὴν</span> <span class='ocrx_word' id='word_1_427' title='bbox 3362 2159 3584 2231; x_wconf 82' lang='grc' dir='ltr'>πρώτην</span> <span class='ocrx_word' id='word_1_428' title='bbox 3617 2159 3765 2227; x_wconf 82' lang='grc' dir='ltr'>ποιή-</span> 
     </span>
    </p>
   </div>
   <div class='ocr_carea' id='block_1_56' title="bbox 2203 2246 3767 2323">
    <p class='ocr_par' dir='ltr' id='par_1_56' title="bbox 2203 2246 3767 2323">
     <span class='ocr_line' id='line_1_56' title="bbox 2203 2246 3767 2323; baseline -0.007 -15"><span class='ocrx_word' id='word_1_429' title='bbox 2203 2273 2417 2319; x_wconf 89' lang='grc' dir='ltr'>σαντος.</span> <span class='ocrx_word' id='word_1_430' title='bbox 2467 2253 2576 2307; x_wconf 78' lang='grc' dir='ltr'><strong>Τοῦ</strong></span> <span class='ocrx_word' id='word_1_431' title='bbox 2609 2252 2666 2307; x_wconf 71' lang='grc' dir='ltr'><strong>δὶ</strong></span> <span class='ocrx_word' id='word_1_432' title='bbox 2702 2252 3054 2323; x_wconf 84' lang='grc' dir='ltr'>πρωτογόνου</span> <span class='ocrx_word' id='word_1_433' title='bbox 3109 2250 3287 2320; x_wconf 80' lang='grc' dir='ltr'>φωτὸς</span> <span class='ocrx_word' id='word_1_434' title='bbox 3323 2251 3448 2302; x_wconf 81' lang='grc' dir='ltr'>ὅσον</span> <span class='ocrx_word' id='word_1_435' title='bbox 3481 2248 3576 2318; x_wconf 80' lang='grc' dir='ltr'>μὲν</span> <span class='ocrx_word' id='word_1_436' title='bbox 3604 2246 3767 2298; x_wconf 78' lang='grc' dir='ltr'>καθα-</span> 
     </span>
    </p>
   </div>
   <div class='ocr_carea' id='block_1_57' title="bbox 2201 2335 3766 2418">
    <p class='ocr_par' dir='ltr' id='par_1_57' title="bbox 2201 2335 3766 2418">
     <span class='ocr_line' id='line_1_57' title="bbox 2201 2335 3766 2418; baseline -0.008 -19"><span class='ocrx_word' id='word_1_437' title='bbox 2201 2345 2463 2418; x_wconf 83' lang='grc' dir='ltr'>ρώτατον,</span> <span class='ocrx_word' id='word_1_438' title='bbox 2491 2343 2717 2415; x_wconf 72' lang='grc' dir='ltr'>ἐνέθηκε</span> <span class='ocrx_word' id='word_1_439' title='bbox 2757 2342 2836 2413; x_wconf 81' lang='grc' dir='ltr'><strong>τῷ</strong></span> <span class='ocrx_word' id='word_1_440' title='bbox 2865 2342 3022 2413; x_wconf 83' lang='grc' dir='ltr'>ἡλίῳ,</span> <span class='ocrx_word' id='word_1_441' title='bbox 3054 2341 3116 2394; x_wconf 80' lang='grc' dir='ltr'>τὸ</span> <span class='ocrx_word' id='word_1_442' title='bbox 3142 2339 3200 2393; x_wconf 82' lang='grc' dir='ltr'><strong>δὲ</strong></span> <span class='ocrx_word' id='word_1_443' title='bbox 3221 2338 3413 2394; x_wconf 80' lang='grc' dir='ltr'>λοιπὸν</span> <span class='ocrx_word' id='word_1_444' title='bbox 3445 2337 3639 2407; x_wconf 78' lang='grc' dir='ltr'>σελήνῃ</span> <span class='ocrx_word' id='word_1_445' title='bbox 3677 2335 3766 2388; x_wconf 72' lang='grc' dir='ltr'><strong>καὶ</strong></span> 
     </span>
    </p>
   </div>
   <div class='ocr_carea' id='block_1_58' title="bbox 2197 2421 3763 2509">
    <p class='ocr_par' dir='ltr' id='par_1_58' title="bbox 2197 2421 3763 2509">
     <span class='ocr_line' id='line_1_58' title="bbox 2197 2421 3763 2509; baseline -0.01 -20"><span class='ocrx_word' id='word_1_446' title='bbox 2197 2438 2308 2499; x_wconf 74' lang='grc' dir='ltr'>τοῖς</span> <span class='ocrx_word' id='word_1_447' title='bbox 2360 2435 2583 2509; x_wconf 80' lang='grc' dir='ltr'>ἄστροις</span> <span class='ocrx_word' id='word_1_448' title='bbox 2621 2432 2880 2505; x_wconf 74' lang='grc' dir='ltr'>ἐμέρισεν</span> <span class='ocrx_word' id='word_1_449' title='bbox 2915 2448 2930 2462; x_wconf 77' lang='grc' dir='ltr'><strong><em>ο</em></strong></span> <span class='ocrx_word' id='word_1_450' title='bbox 2962 2429 3104 2484; x_wconf 78' lang='grc' dir='ltr'>οὕτω</span> <span class='ocrx_word' id='word_1_451' title='bbox 3148 2429 3242 2483; x_wconf 72' lang='grc' dir='ltr'>καὶ</span> <span class='ocrx_word' id='word_1_452' title='bbox 3274 2427 3621 2498; x_wconf 77' lang='grc' dir='ltr'>διαχωρίζειν</span> <span class='ocrx_word' id='word_1_453' title='bbox 3645 2421 3763 2475; x_wconf 83' lang='grc' dir='ltr'><strong>ὲτά-</strong></span> 
     </span>
    </p>
   </div>
   <div class='ocr_carea' id='block_1_59' title="bbox 2199 2516 3767 2598">
    <p class='ocr_par' dir='ltr' id='par_1_59' title="bbox 2199 2516 3767 2598">
     <span class='ocr_line' id='line_1_59' title="bbox 2199 2516 3767 2598; baseline -0.006 -18"><span class='ocrx_word' id='word_1_454' title='bbox 2199 2516 2407 2598; x_wconf 75' lang='grc' dir='ltr'>χθησαν</span> <span class='ocrx_word' id='word_1_455' title='bbox 2437 2525 2541 2579; x_wconf 83' lang='grc' dir='ltr'><strong>ἀνά</strong></span> <span class='ocrx_word' id='word_1_456' title='bbox 2576 2525 2743 2594; x_wconf 83' lang='grc' dir='ltr'>μέσον</span> <span class='ocrx_word' id='word_1_457' title='bbox 2766 2524 2981 2593; x_wconf 80' lang='grc' dir='ltr'>ἡμέρας</span> <span class='ocrx_word' id='word_1_458' title='bbox 3001 2538 3061 2579; x_wconf 83' lang='grc' dir='ltr'><strong>τε</strong></span> <span class='ocrx_word' id='word_1_459' title='bbox 3092 2520 3189 2576; x_wconf 74' lang='grc' dir='ltr'><strong>καὶ</strong></span> <span class='ocrx_word' id='word_1_460' title='bbox 3215 2520 3431 2584; x_wconf 79' lang='grc' dir='ltr'>νυκτὸς,</span> <span class='ocrx_word' id='word_1_461' title='bbox 3464 2519 3492 2572; x_wconf 90' lang='lat'><strong>6</strong></span> <span class='ocrx_word' id='word_1_462' title='bbox 3519 2519 3767 2588; x_wconf 65' lang='grc' dir='ltr'>πρότερον</span> 
     </span>
    </p>
   </div>
   <div class='ocr_carea' id='block_1_60' title="bbox 2200 2610 3766 2687">
    <p class='ocr_par' dir='ltr' id='par_1_60' title="bbox 2200 2610 3766 2687">
     <span class='ocr_line' id='line_1_60' title="bbox 2200 2610 3766 2687; baseline -0.007 -17"><span class='ocrx_word' id='word_1_463' title='bbox 2200 2617 2493 2687; x_wconf 77' lang='grc' dir='ltr'>προστάξει</span> <span class='ocrx_word' id='word_1_464' title='bbox 2516 2615 2651 2668; x_wconf 86' lang='grc' dir='ltr'><strong>Θεοῦ</strong></span> <span class='ocrx_word' id='word_1_465' title='bbox 2670 2615 2730 2668; x_wconf 76' lang='grc' dir='ltr'>τὸ</span> <span class='ocrx_word' id='word_1_466' title='bbox 2756 2613 2872 2682; x_wconf 81' lang='grc' dir='ltr'>φῶς</span> <span class='ocrx_word' id='word_1_467' title='bbox 2901 2612 3074 2667; x_wconf 79' lang='grc' dir='ltr'>ἐποίει</span> <span class='ocrx_word' id='word_1_468' title='bbox 3104 2612 3198 2665; x_wconf 74' lang='grc' dir='ltr'>καὶ</span> <span class='ocrx_word' id='word_1_469' title='bbox 3225 2610 3284 2664; x_wconf 76' lang='grc' dir='ltr'>τὸ</span> <span class='ocrx_word' id='word_1_470' title='bbox 3309 2610 3527 2672; x_wconf 79' lang='grc' dir='ltr'>σκότος,</span> <span class='ocrx_word' id='word_1_471' title='bbox 3561 2610 3766 2678; x_wconf 85' lang='grc' dir='ltr'>ὑποχω-</span> 
     </span>
    </p>
   </div>
   <div class='ocr_carea' id='block_1_61' title="bbox 2204 2696 3767 2777">
    <p class='ocr_par' dir='ltr' id='par_1_61' title="bbox 2204 2696 3767 2777">
     <span class='ocr_line' id='line_1_61' title="bbox 2204 2696 3767 2777; baseline -0.007 -18"><span class='ocrx_word' id='word_1_472' title='bbox 2204 2706 2401 2777; x_wconf 77' lang='grc' dir='ltr'>ροῦντα</span> <span class='ocrx_word' id='word_1_473' title='bbox 2457 2703 2601 2757; x_wconf 82' lang='grc' dir='ltr'>κατὰ</span> <span class='ocrx_word' id='word_1_474' title='bbox 2655 2700 2873 2773; x_wconf 74' lang='grc' dir='ltr'>ὁρισθὲν</span> <span class='ocrx_word' id='word_1_475' title='bbox 2905 2701 3106 2771; x_wconf 60' lang='grc' dir='ltr'>μέτρον</span> <span class='ocrx_word' id='word_1_476' title='bbox 3133 2698 3412 2770; x_wconf 88' lang='grc' dir='ltr'>ἀλλήλοις.</span> <span class='ocrx_word' id='word_1_477' title='bbox 3449 2697 3560 2752; x_wconf 76' lang='grc' dir='ltr'><strong>Νῦν</strong></span> <span class='ocrx_word' id='word_1_478' title='bbox 3588 2696 3641 2749; x_wconf 72' lang='grc' dir='ltr'><strong>δὲ</strong></span> <span class='ocrx_word' id='word_1_479' title='bbox 3664 2697 3767 2755; x_wconf 82' lang='grc' dir='ltr'>τοῖς</span> 
     </span>
    </p>
   </div>
   <div class='ocr_carea' id='block_1_62' title="bbox 2205 2788 3763 2869">
    <p class='ocr_par' dir='ltr' id='par_1_62' title="bbox 2205 2788 3763 2869">
     <span class='ocr_line' id='line_1_62' title="bbox 2205 2788 3763 2869; baseline -0.008 -17"><span class='ocrx_word' id='word_1_480' title='bbox 2205 2801 2431 2869; x_wconf 79' lang='grc' dir='ltr'>μέτροις</span> <span class='ocrx_word' id='word_1_481' title='bbox 2456 2798 2554 2869; x_wconf 82' lang='grc' dir='ltr'>τῆς</span> <span class='ocrx_word' id='word_1_482' title='bbox 2584 2796 2801 2867; x_wconf 78' lang='grc' dir='ltr'>ἡμέρας</span> <span class='ocrx_word' id='word_1_483' title='bbox 2854 2794 3007 2864; x_wconf 73' lang='grc' dir='ltr'>ἣλιος</span> <span class='ocrx_word' id='word_1_484' title='bbox 3058 2793 3416 2846; x_wconf 75' lang='grc' dir='ltr'>ἐπιτέτακται</span> <span class='ocrx_word' id='word_1_485' title='bbox 3442 2808 3457 2823; x_wconf 89' lang='grc'><strong>·</strong></span> <span class='ocrx_word' id='word_1_486' title='bbox 3482 2790 3576 2859; x_wconf 79' lang='grc' dir='ltr'>τῆς</span> <span class='ocrx_word' id='word_1_487' title='bbox 3609 2788 3663 2841; x_wconf 73' lang='grc' dir='ltr'>δὲ</span> <span class='ocrx_word' id='word_1_488' title='bbox 3684 2805 3763 2840; x_wconf 83' lang='grc' dir='ltr'>νυ·</span> 
     </span>
    </p>
   </div>
   <div class='ocr_carea' id='block_1_63' title="bbox 2204 2878 3764 2959">
    <p class='ocr_par' dir='ltr' id='par_1_63' title="bbox 2204 2878 3764 2959">
     <span class='ocr_line' id='line_1_63' title="bbox 2204 2878 3764 2959; baseline -0.009 -17"><span class='ocrx_word' id='word_1_489' title='bbox 2204 2890 2393 2959; x_wconf 81' lang='grc' dir='ltr'>κτὸςὴ</span> <span class='ocrx_word' id='word_1_490' title='bbox 2431 2887 2654 2959; x_wconf 82' lang='grc' dir='ltr'>σελήνη,</span> <span class='ocrx_word' id='word_1_491' title='bbox 2712 2887 2842 2941; x_wconf 78' lang='grc' dir='ltr'>ὅταν</span> <span class='ocrx_word' id='word_1_492' title='bbox 2900 2885 3031 2938; x_wconf 79' lang='grc' dir='ltr'>ποτὲ</span> <span class='ocrx_word' id='word_1_493' title='bbox 3089 2885 3226 2955; x_wconf 67' lang='grc' dir='ltr'>προς</span> <span class='ocrx_word' id='word_1_494' title='bbox 3284 2882 3380 2937; x_wconf 81' lang='grc' dir='ltr'>τὸν</span> <span class='ocrx_word' id='word_1_495' title='bbox 3406 2882 3534 2935; x_wconf 77' lang='grc' dir='ltr'>ἴδιον</span> <span class='ocrx_word' id='word_1_496' title='bbox 3574 2878 3764 2936; x_wconf 79' lang='grc' dir='ltr'>κύκλον</span> 
     </span>
    </p>
   </div>
   <div class='ocr_carea' id='block_1_64' title="bbox 2202 2968 3769 3050">
    <p class='ocr_par' dir='ltr' id='par_1_64' title="bbox 2202 2968 3769 3050">
     <span class='ocr_line' id='line_1_64' title="bbox 2202 2968 3769 3050; baseline -0.008 -16"><span class='ocrx_word' id='word_1_497' title='bbox 2202 2980 2544 3050; x_wconf 80' lang='grc' dir='ltr'>ἀπαρτισθῇ.</span> <span class='ocrx_word' id='word_1_498' title='bbox 2580 2979 2714 3031; x_wconf 81' lang='grc' dir='ltr'>Τότε</span> <span class='ocrx_word' id='word_1_499' title='bbox 2776 2977 2888 3047; x_wconf 80' lang='grc' dir='ltr'><strong>γὰρ</strong></span> <span class='ocrx_word' id='word_1_500' title='bbox 2921 2976 3189 3046; x_wconf 80' lang='grc' dir='ltr'>κατάρχει</span> <span class='ocrx_word' id='word_1_501' title='bbox 3216 2977 3320 3046; x_wconf 79' lang='grc' dir='ltr'>τῆς</span> <span class='ocrx_word' id='word_1_502' title='bbox 3357 2972 3546 3037; x_wconf 73' lang='grc' dir='ltr'>νυκτὸς</span> <span class='ocrx_word' id='word_1_503' title='bbox 3568 2968 3642 3040; x_wconf 81' lang='grc' dir='ltr'>τῷ</span> <span class='ocrx_word' id='word_1_504' title='bbox 3664 2969 3769 3038; x_wconf 80' lang='grc' dir='ltr'>ἰδίῳ</span> 
     </span>
    </p>
   </div>
   <div class='ocr_carea' id='block_1_65' title="bbox 2204 3061 3766 3142">
    <p class='ocr_par' dir='ltr' id='par_1_65' title="bbox 2204 3061 3766 3142">
     <span class='ocr_line' id='line_1_65' title="bbox 2204 3061 3766 3142; baseline -0.006 -17"><span class='ocrx_word' id='word_1_505' title='bbox 2204 3072 2343 3142; x_wconf 80' lang='grc' dir='ltr'>φωτί</span> <span class='ocrx_word' id='word_1_506' title='bbox 2374 3088 2386 3100; x_wconf 90' lang='grc'><strong>·</strong></span> <span class='ocrx_word' id='word_1_507' title='bbox 2418 3071 2558 3141; x_wconf 82' lang='grc' dir='ltr'>πρὸς</span> <span class='ocrx_word' id='word_1_508' title='bbox 2585 3071 2697 3141; x_wconf 78' lang='grc' dir='ltr'>γὰρ</span> <span class='ocrx_word' id='word_1_509' title='bbox 2719 3070 2780 3123; x_wconf 80' lang='grc' dir='ltr'>τὸ</span> <span class='ocrx_word' id='word_1_510' title='bbox 2804 3063 3256 3139; x_wconf 80' lang='grc' dir='ltr'>ταύτης⁶εῖρηται</span> <span class='ocrx_word' id='word_1_511' title='bbox 3285 3067 3495 3120; x_wconf 87' lang='grc' dir='ltr'>τέλειον</span> <span class='ocrx_word' id='word_1_512' title='bbox 3519 3064 3576 3117; x_wconf 86' lang='grc' dir='ltr'>τδ</span> <span class='ocrx_word' id='word_1_513' title='bbox 3600 3061 3766 3129; x_wconf 78' lang='grc' dir='ltr'>πάσης</span> 
     </span>
    </p>
   </div>
   <div class='ocr_carea' id='block_1_66' title="bbox 2204 3151 3765 3234">
    <p class='ocr_par' dir='ltr' id='par_1_66' title="bbox 2204 3151 3765 3234">
     <span class='ocr_line' id='line_1_66' title="bbox 2204 3151 3765 3234; baseline -0.01 -16"><span class='ocrx_word' id='word_1_514' title='bbox 2204 3164 2393 3234; x_wconf 80' lang='grc' dir='ltr'>ἄρχειν</span> <span class='ocrx_word' id='word_1_515' title='bbox 2450 3162 2643 3225; x_wconf 88' lang='grc' dir='ltr'>νυκτός</span> <span class='ocrx_word' id='word_1_516' title='bbox 2670 3176 2685 3193; x_wconf 86' lang='grc'><strong>·</strong></span> <span class='ocrx_word' id='word_1_517' title='bbox 2717 3160 2791 3224; x_wconf 85' lang='grc' dir='ltr'>ὼς</span> <span class='ocrx_word' id='word_1_518' title='bbox 2817 3156 2912 3215; x_wconf 75' lang='grc' dir='ltr'>οὖν</span> <span class='ocrx_word' id='word_1_519' title='bbox 2932 3159 2992 3215; x_wconf 83' lang='grc' dir='ltr'>τὸ</span> <span class='ocrx_word' id='word_1_520' title='bbox 3028 3159 3171 3231; x_wconf 75' lang='grc' dir='ltr'>ὕδωρ</span> <span class='ocrx_word' id='word_1_521' title='bbox 3202 3156 3597 3229; x_wconf 77' lang='grc' dir='ltr'>διακεχυμένον</span> <span class='ocrx_word' id='word_1_522' title='bbox 3622 3151 3765 3224; x_wconf 84' lang='grc' dir='ltr'>πρῶ-</span> 
     </span>
    </p>
   </div>
   <div class='ocr_carea' id='block_1_67' title="bbox 2202 3243 3767 3324">
    <p class='ocr_par' dir='ltr' id='par_1_67' title="bbox 2202 3243 3767 3324">
     <span class='ocr_line' id='line_1_67' title="bbox 2202 3243 3767 3324; baseline -0.01 -14"><span class='ocrx_word' id='word_1_523' title='bbox 2202 3274 2294 3310; x_wconf 84' lang='grc' dir='ltr'><strong>τον</strong></span> <span class='ocrx_word' id='word_1_524' title='bbox 2325 3255 2468 3308; x_wconf 85' lang='grc' dir='ltr'><strong>κατά</strong></span> <span class='ocrx_word' id='word_1_525' title='bbox 2528 3254 2710 3324; x_wconf 82' lang='grc' dir='ltr'>πάσης</span> <span class='ocrx_word' id='word_1_526' title='bbox 2765 3254 2865 3323; x_wconf 86' lang='grc' dir='ltr'><strong>τῆς</strong></span> <span class='ocrx_word' id='word_1_527' title='bbox 2918 3253 3044 3323; x_wconf 83' lang='grc' dir='ltr'>γῆς,</span> <span class='ocrx_word' id='word_1_528' title='bbox 3075 3252 3300 3322; x_wconf 76' lang='grc' dir='ltr'>ὕστερον</span> <span class='ocrx_word' id='word_1_529' title='bbox 3335 3252 3416 3314; x_wconf 86' lang='grc' dir='ltr'><strong>είς</strong></span> <span class='ocrx_word' id='word_1_530' title='bbox 3464 3243 3767 3313; x_wconf 73' lang='grc' dir='ltr'>συναγωγὴν</span> 
     </span>
    </p>
   </div>
   <div class='ocr_carea' id='block_1_68' title="bbox 2207 3338 3768 3420">
    <p class='ocr_par' dir='ltr' id='par_1_68' title="bbox 2207 3338 3768 3420">
     <span class='ocr_line' id='line_1_68' title="bbox 2207 3338 3768 3420; baseline -0.007 -18"><span class='ocrx_word' id='word_1_531' title='bbox 2207 3348 2339 3420; x_wconf 84' lang='grc' dir='ltr'>μίαν</span> <span class='ocrx_word' id='word_1_532' title='bbox 2375 3346 2713 3416; x_wconf 84' lang='grc' dir='ltr'>συνήνεγκεν</span> <span class='ocrx_word' id='word_1_533' title='bbox 2745 3347 2773 3399; x_wconf 97' lang='lat'><strong>6</strong></span> <span class='ocrx_word' id='word_1_534' title='bbox 2799 3344 2930 3409; x_wconf 81' lang='grc' dir='ltr'>Θεὸς</span> <span class='ocrx_word' id='word_1_535' title='bbox 2965 3347 3046 3407; x_wconf 69' lang='grc' dir='ltr'>εἰς</span> <span class='ocrx_word' id='word_1_536' title='bbox 3094 3344 3195 3407; x_wconf 85' lang='grc' dir='ltr'><strong>τὰς</strong></span> <span class='ocrx_word' id='word_1_537' title='bbox 3223 3343 3500 3405; x_wconf 76' lang='grc' dir='ltr'>θαλάσσας</span> <span class='ocrx_word' id='word_1_538' title='bbox 3554 3338 3647 3395; x_wconf 75' lang='grc' dir='ltr'>καὶ</span> <span class='ocrx_word' id='word_1_539' title='bbox 3679 3351 3768 3391; x_wconf 81' lang='grc' dir='ltr'>πο-</span> 
     </span>
    </p>
   </div>
   <div class='ocr_carea' id='block_1_69' title="bbox 2203 3428 3768 3509">
    <p class='ocr_par' dir='ltr' id='par_1_69' title="bbox 2203 3428 3768 3509">
     <span class='ocr_line' id='line_1_69' title="bbox 2203 3428 3768 3509; baseline -0.006 -16"><span class='ocrx_word' id='word_1_540' title='bbox 2203 3437 2415 3509; x_wconf 79' lang='grc' dir='ltr'>ταμούς</span> <span class='ocrx_word' id='word_1_541' title='bbox 2437 3454 2496 3490; x_wconf 92' lang='grc' dir='ltr'><strong>τε</strong></span> <span class='ocrx_word' id='word_1_542' title='bbox 2521 3437 2618 3492; x_wconf 71' lang='grc' dir='ltr'>καὶ</span> <span class='ocrx_word' id='word_1_543' title='bbox 2650 3439 2882 3508; x_wconf 75' lang='grc' dir='ltr'>φρέατα,</span> <span class='ocrx_word' id='word_1_544' title='bbox 2935 3435 3079 3491; x_wconf 76' lang='grc' dir='ltr'>οὕτω</span> <span class='ocrx_word' id='word_1_545' title='bbox 3101 3436 3279 3491; x_wconf 75' lang='grc' dir='ltr'>καὶτὸ</span> <span class='ocrx_word' id='word_1_546' title='bbox 3301 3435 3421 3505; x_wconf 73' lang='grc' dir='ltr'><strong>φῶς</strong></span> <span class='ocrx_word' id='word_1_547' title='bbox 3451 3428 3768 3502; x_wconf 76' lang='grc' dir='ltr'>διακεχυμέ-</span> 
     </span>
    </p>
   </div>
   <div class='ocr_carea' id='block_1_70' title="bbox 2205 3516 3770 3600">
    <p class='ocr_par' dir='ltr' id='par_1_70' title="bbox 2205 3516 3770 3600">
     <span class='ocr_line' id='line_1_70' title="bbox 2205 3516 3770 3600; baseline -0.006 -15"><span class='ocrx_word' id='word_1_548' title='bbox 2205 3546 2295 3585; x_wconf 89' lang='grc' dir='ltr'><strong>νον</strong></span> <span class='ocrx_word' id='word_1_549' title='bbox 2319 3527 2535 3600; x_wconf 87' lang='grc' dir='ltr'>ἀθρόως</span> <span class='ocrx_word' id='word_1_550' title='bbox 2588 3526 2934 3596; x_wconf 83' lang='grc' dir='ltr'>συναγαγὼν,</span> <span class='ocrx_word' id='word_1_551' title='bbox 2982 3527 3134 3599; x_wconf 68' lang='grc' dir='ltr'>ἥλιόν</span> <span class='ocrx_word' id='word_1_552' title='bbox 3156 3544 3214 3581; x_wconf 83' lang='grc' dir='ltr'><strong>τε</strong></span> <span class='ocrx_word' id='word_1_553' title='bbox 3245 3529 3344 3581; x_wconf 79' lang='grc' dir='ltr'>καὶ</span> <span class='ocrx_word' id='word_1_554' title='bbox 3411 3524 3636 3597; x_wconf 79' lang='grc' dir='ltr'>σελήνην</span> <span class='ocrx_word' id='word_1_555' title='bbox 3685 3516 3770 3573; x_wconf 72' lang='grc' dir='ltr'>καὶ</span> 
     </span>
    </p>
   </div>
   <div class='ocr_carea' id='block_1_71' title="bbox 2210 3619 2896 3690">
    <p class='ocr_par' dir='ltr' id='par_1_71' title="bbox 2210 3619 2896 3690">
     <span class='ocr_line' id='line_1_71' title="bbox 2210 3619 2896 3690; baseline 0 -17"><span class='ocrx_word' id='word_1_556' title='bbox 2210 3620 2338 3683; x_wconf 83' lang='grc' dir='ltr'>τοὺς</span> <span class='ocrx_word' id='word_1_557' title='bbox 2356 3619 2594 3690; x_wconf 79' lang='grc' dir='ltr'>ἀστέρας</span> <span class='ocrx_word' id='word_1_558' title='bbox 2617 3619 2896 3690; x_wconf 71' lang='grc' dir='ltr'>εποίησεν.</span> 
     </span>
    </p>
   </div>
   <div class='ocr_carea' id='block_1_72' title="bbox 528 3704 3768 3781">
    <p class='ocr_par' dir='ltr' id='par_1_72' title="bbox 528 3704 3768 3781">
     <span class='ocr_line' id='line_1_72' title="bbox 528 3704 3768 3781; baseline -0.001 -19"><span class='ocrx_word' id='word_1_559' title='bbox 528 3709 825 3765; x_wconf 74' lang='lat' dir='ltr'><strong>lectionem</strong></span> <span class='ocrx_word' id='word_1_560' title='bbox 879 3709 1188 3766; x_wconf 89' lang='lat' dir='ltr'><strong>contendit.</strong></span> <span class='ocrx_word' id='word_1_561' title='bbox 1237 3709 1405 3765; x_wconf 89' lang='lat' dir='ltr'><strong>Plena</strong></span> <span class='ocrx_word' id='word_1_562' title='bbox 1454 3711 1599 3765; x_wconf 89' lang='lat' dir='ltr'><strong>enim</strong></span> <span class='ocrx_word' id='word_1_563' title='bbox 1664 3711 1943 3767; x_wconf 81' lang='lat' dir='ltr'><strong>exsistens</strong></span> <span class='ocrx_word' id='word_1_564' title='bbox 1993 3722 2143 3766; x_wconf 87' lang='lat' dir='ltr'><strong>recte</strong></span> <span class='ocrx_word' id='word_1_565' title='bbox 2216 3710 2442 3781; x_wconf 86' lang='lat' dir='ltr'><strong>propria</strong></span> <span class='ocrx_word' id='word_1_566' title='bbox 2497 3718 2553 3765; x_wconf 90' lang='lat' dir='ltr'><strong>et</strong></span> <span class='ocrx_word' id='word_1_567' title='bbox 2591 3750 2598 3755; x_wconf 82' lang='lat'><strong>.</strong></span> <span class='ocrx_word' id='word_1_568' title='bbox 2642 3710 2907 3780; x_wconf 83' lang='lat' dir='ltr'><strong>peculiari</strong></span> <span class='ocrx_word' id='word_1_569' title='bbox 2967 3710 3093 3768; x_wconf 89' lang='lat' dir='ltr'><strong>luce</strong></span> <span class='ocrx_word' id='word_1_570' title='bbox 3163 3718 3386 3766; x_wconf 88' lang='lat' dir='ltr'><strong>noctem</strong></span> <span class='ocrx_word' id='word_1_571' title='bbox 3445 3704 3768 3777; x_wconf 78' lang='lat' dir='ltr'><strong>auspicatur.</strong></span> 
     </span>
    </p>
   </div>
   <div class='ocr_carea' id='block_1_73' title="bbox 526 3795 3770 3869">
    <p class='ocr_par' dir='ltr' id='par_1_73' title="bbox 526 3795 3770 3869">
     <span class='ocr_line' id='line_1_73' title="bbox 526 3795 3770 3869; baseline -0.002 -17"><span class='ocrx_word' id='word_1_572' title='bbox 526 3795 767 3854; x_wconf 86' lang='lat' dir='ltr'><strong>Proinde</strong></span> <span class='ocrx_word' id='word_1_573' title='bbox 808 3796 1016 3853; x_wconf 84' lang='lat' dir='ltr'><strong>dicitur</strong></span> <span class='ocrx_word' id='word_1_574' title='bbox 1045 3815 1059 3851; x_wconf 91' lang='lat'><strong>:</strong></span> <span class='ocrx_word' id='word_1_575' title='bbox 1091 3808 1153 3852; x_wconf 92' lang='lat' dir='ltr'><strong>ut</strong></span> <span class='ocrx_word' id='word_1_576' title='bbox 1190 3797 1435 3868; x_wconf 79' lang='lat' dir='ltr'><strong>perfecte</strong></span> <span class='ocrx_word' id='word_1_577' title='bbox 1469 3799 1566 3854; x_wconf 89' lang='lat' dir='ltr'><strong>toti</strong></span> <span class='ocrx_word' id='word_1_578' title='bbox 1617 3796 1935 3853; x_wconf 88' lang='lat' dir='ltr'><strong>dominetur</strong></span> <span class='ocrx_word' id='word_1_579' title='bbox 1974 3797 2144 3853; x_wconf 86' lang='lat' dir='ltr'><strong>nocti.</strong></span> <span class='ocrx_word' id='word_1_580' title='bbox 2217 3797 2696 3863; x_wconf 76' lang='lat' dir='ltr'><strong>Quemadmodum</strong></span> <span class='ocrx_word' id='word_1_581' title='bbox 2745 3799 2932 3869; x_wconf 88' lang='lat' dir='ltr'><strong>itaque</strong></span> <span class='ocrx_word' id='word_1_582' title='bbox 2988 3799 3130 3855; x_wconf 87' lang='lat' dir='ltr'><strong>Deus</strong></span> <span class='ocrx_word' id='word_1_583' title='bbox 3173 3802 3491 3856; x_wconf 82' lang='lat' dir='ltr'><strong>universam</strong></span> <span class='ocrx_word' id='word_1_584' title='bbox 3554 3805 3770 3865; x_wconf 84' lang='lat' dir='ltr'><strong>aquam.</strong></span> 
     </span>
    </p>
   </div>
   <div class='ocr_carea' id='block_1_74' title="bbox 526 3888 3769 3962">
    <p class='ocr_par' dir='ltr' id='par_1_74' title="bbox 526 3888 3769 3962">
     <span class='ocr_line' id='line_1_74' title="bbox 526 3888 3769 3962; baseline -0.002 -17"><span class='ocrx_word' id='word_1_585' title='bbox 526 3904 652 3960; x_wconf 69' lang='lat' dir='ltr'><strong>quae</strong></span> <span class='ocrx_word' id='word_1_586' title='bbox 685 3891 844 3962; x_wconf 87' lang='lat' dir='ltr'><strong>prius</strong></span> <span class='ocrx_word' id='word_1_587' title='bbox 866 3889 1174 3944; x_wconf 87' lang='lat' dir='ltr'><strong>inundabat</strong></span> <span class='ocrx_word' id='word_1_588' title='bbox 1203 3896 1373 3945; x_wconf 89' lang='lat' dir='ltr'><strong>totam</strong></span> <span class='ocrx_word' id='word_1_589' title='bbox 1408 3898 1639 3954; x_wconf 88' lang='lat' dir='ltr'><strong>terram,</strong></span> <span class='ocrx_word' id='word_1_590' title='bbox 1671 3890 1725 3944; x_wconf 91' lang='lat' dir='ltr'><strong>iu</strong></span> <span class='ocrx_word' id='word_1_591' title='bbox 1755 3905 1925 3944; x_wconf 91' lang='lat' dir='ltr'><strong>unum</strong></span> <span class='ocrx_word' id='word_1_592' title='bbox 1951 3888 2110 3959; x_wconf 76' lang='lat' dir='ltr'><strong>quasi</strong></span> <span class='ocrx_word' id='word_1_593' title='bbox 2151 3889 2588 3959; x_wconf 87' lang='lat' dir='ltr'><strong>receptaculum,</strong></span> <span class='ocrx_word' id='word_1_594' title='bbox 2625 3904 2823 3960; x_wconf 91' lang='lat' dir='ltr'><strong>nempe</strong></span> <span class='ocrx_word' id='word_1_595' title='bbox 2858 3891 2913 3945; x_wconf 90' lang='lat' dir='ltr'><strong>in</strong></span> <span class='ocrx_word' id='word_1_596' title='bbox 2937 3891 3133 3955; x_wconf 85' lang='lat' dir='ltr'><strong>maria,</strong></span> <span class='ocrx_word' id='word_1_597' title='bbox 3203 3892 3429 3945; x_wconf 89' lang='lat' dir='ltr'><strong>llumina</strong></span> <span class='ocrx_word' id='word_1_598' title='bbox 3487 3896 3769 3960; x_wconf 79' lang='lat' dir='ltr'><strong>puteosque</strong></span> 
     </span>
    </p>
   </div>
   <div class='ocr_carea' id='block_1_75' title="bbox 530 3974 3773 4057">
    <p class='ocr_par' dir='ltr' id='par_1_75' title="bbox 530 3974 3773 4057">
     <span class='ocr_line' id='line_1_75' title="bbox 530 3974 3773 4057; baseline -0.004 -15"><span class='ocrx_word' id='word_1_599' title='bbox 530 3984 771 4057; x_wconf 78' lang='lat' dir='ltr'><strong>coniecit</strong></span> <span class='ocrx_word' id='word_1_600' title='bbox 805 4025 822 4052; x_wconf 88' lang='lat'><strong>,</strong></span> <span class='ocrx_word' id='word_1_601' title='bbox 863 3985 950 4041; x_wconf 83' lang='lat' dir='ltr'><strong>sic</strong></span> <span class='ocrx_word' id='word_1_602' title='bbox 993 3983 1171 4041; x_wconf 88' lang='lat' dir='ltr'><strong>lucem</strong></span> <span class='ocrx_word' id='word_1_603' title='bbox 1205 3983 1261 4040; x_wconf 88' lang='lat' dir='ltr'><strong>in</strong></span> <span class='ocrx_word' id='word_1_604' title='bbox 1310 3984 1495 4038; x_wconf 84' lang='lat' dir='ltr'><strong>omnia</strong></span> <span class='ocrx_word' id='word_1_605' title='bbox 1539 3981 1796 4041; x_wconf 76' lang='lat' dir='ltr'><strong>diﬂusam</strong></span> <span class='ocrx_word' id='word_1_606' title='bbox 1833 3981 2098 4048; x_wconf 87' lang='lat' dir='ltr'><strong>ubertim,</strong></span> <span class='ocrx_word' id='word_1_607' title='bbox 2142 3981 2196 4043; x_wconf 90' lang='lat' dir='ltr'><strong>in</strong></span> <span class='ocrx_word' id='word_1_608' title='bbox 2231 3996 2401 4037; x_wconf 91' lang='lat' dir='ltr'><strong>unum</strong></span> <span class='ocrx_word' id='word_1_609' title='bbox 2467 3982 2767 4049; x_wconf 81' lang='lat' dir='ltr'><strong>contraxit,</strong></span> <span class='ocrx_word' id='word_1_610' title='bbox 2837 3984 3034 4049; x_wconf 85' lang='lat' dir='ltr'><strong>solem,</strong></span> <span class='ocrx_word' id='word_1_611' title='bbox 3103 3983 3289 4038; x_wconf 85' lang='lat' dir='ltr'><strong>lunam</strong></span> <span class='ocrx_word' id='word_1_612' title='bbox 3359 3990 3617 4052; x_wconf 85' lang='lat' dir='ltr'><strong>astraque</strong></span> <span class='ocrx_word' id='word_1_613' title='bbox 3654 3974 3773 4032; x_wconf 86' lang='lat' dir='ltr'><strong>inde</strong></span> 
     </span>
    </p>
   </div>
   <div class='ocr_carea' id='block_1_76' title="bbox 530 4077 3467 4135">
    <p class='ocr_par' dir='ltr' id='par_1_76' title="bbox 530 4077 3467 4135">
     <span class='ocr_line' id='line_1_76' title="bbox 530 4077 3467 4135; baseline -0.012 -1"><span class='ocrx_word' id='word_1_614' title='bbox 530 4077 858 4135; x_wconf 84' lang='lat' dir='ltr'><strong>illustravit.</strong></span> <span class='ocrx_word' id='word_1_615' title='bbox 3452 4094 3467 4100; x_wconf 42' lang='grc' dir='ltr'><strong>ς</strong></span> 
     </span>
    </p>
   </div>
   <div class='ocr_carea' id='block_1_77' title="bbox 603 4160 2103 4241">
    <p class='ocr_par' dir='ltr' id='par_1_77' title="bbox 603 4172 2103 4239">
     <span class='ocr_line' id='line_1_77' title="bbox 603 4172 2103 4239; baseline 0 -11"><span class='ocrx_word' id='word_1_616' title='bbox 603 4173 909 4229; x_wconf 83' lang='lat' dir='ltr'><strong>Sciendum</strong></span> <span class='ocrx_word' id='word_1_617' title='bbox 947 4182 1132 4229; x_wconf 86' lang='lat' dir='ltr'><strong>tamen</strong></span> <span class='ocrx_word' id='word_1_618' title='bbox 1183 4181 1270 4229; x_wconf 86' lang='lat' dir='ltr'><strong>est</strong></span> <span class='ocrx_word' id='word_1_619' title='bbox 1320 4173 1534 4239; x_wconf 87' lang='lat' dir='ltr'><strong>lunam,</strong></span> <span class='ocrx_word' id='word_1_620' title='bbox 1574 4172 1728 4229; x_wconf 87' lang='lat' dir='ltr'><strong>illico</strong></span> <span class='ocrx_word' id='word_1_621' title='bbox 1774 4174 1867 4230; x_wconf 87' lang='lat' dir='ltr'><strong>ubi</strong></span> <span class='ocrx_word' id='word_1_622' title='bbox 1919 4181 2103 4230; x_wconf 89' lang='lat' dir='ltr'><strong>creata</strong></span> 
     </span>
    </p>
   </div>
   <div class='ocr_carea' id='block_1_78' title="bbox 2205 4160 3774 4241">
    <p class='ocr_par' dir='ltr' id='par_1_78' title="bbox 2289 4160 3774 4241">
     <span class='ocr_line' id='line_1_78' title="bbox 2289 4160 3774 4241; baseline -0.005 -17"><span class='ocrx_word' id='word_1_623' title='bbox 2289 4167 2489 4224; x_wconf 80' lang='grc' dir='ltr'>Ἰστέον</span> <span class='ocrx_word' id='word_1_624' title='bbox 2516 4169 2572 4222; x_wconf 75' lang='grc' dir='ltr'><strong>δὲ</strong></span> <span class='ocrx_word' id='word_1_625' title='bbox 2601 4170 2677 4234; x_wconf 87' lang='grc' dir='ltr'><strong>ὡς</strong></span> <span class='ocrx_word' id='word_1_626' title='bbox 2705 4169 2799 4223; x_wconf 75' lang='grc' dir='ltr'>καὶ</span> <span class='ocrx_word' id='word_1_627' title='bbox 2834 4170 2867 4241; x_wconf 85' lang='grc' dir='ltr'><strong>ή</strong></span> <span class='ocrx_word' id='word_1_628' title='bbox 2902 4169 3100 4241; x_wconf 85' lang='grc' dir='ltr'>σελήνη</span> <span class='ocrx_word' id='word_1_629' title='bbox 3124 4167 3332 4221; x_wconf 86' lang='grc' dir='ltr'>τέλειον</span> <span class='ocrx_word' id='word_1_630' title='bbox 3397 4164 3561 4227; x_wconf 74' lang='grc' dir='ltr'>εὐθὺς</span> <span class='ocrx_word' id='word_1_631' title='bbox 3593 4162 3649 4228; x_wconf 76' lang='grc' dir='ltr'><strong>ἐξ</strong></span> <span class='ocrx_word' id='word_1_632' title='bbox 3680 4160 3774 4230; x_wconf 82' lang='grc' dir='ltr'>ἀρ-</span> 
     </span>
    </p>
   </div>
   <div class='ocr_carea' id='block_1_79' title="bbox 529 4253 2103 4337">
    <p class='ocr_par' dir='ltr' id='par_1_79' title="bbox 529 4265 2103 4337">
     <span class='ocr_line' id='line_1_79' title="bbox 529 4265 2103 4337; baseline -0.003 -13"><span class='ocrx_word' id='word_1_633' title='bbox 529 4273 643 4335; x_wconf 86' lang='lat' dir='ltr'><strong>est,</strong></span> <span class='ocrx_word' id='word_1_634' title='bbox 675 4265 851 4323; x_wconf 80' lang='lat' dir='ltr'><strong>fuisse</strong></span> <span class='ocrx_word' id='word_1_635' title='bbox 884 4266 1100 4337; x_wconf 86' lang='lat' dir='ltr'><strong>plenam</strong></span> <span class='ocrx_word' id='word_1_636' title='bbox 1133 4273 1189 4321; x_wconf 94' lang='lat' dir='ltr'><strong>et</strong></span> <span class='ocrx_word' id='word_1_637' title='bbox 1222 4267 1449 4336; x_wconf 83' lang='lat' dir='ltr'><strong>proprio</strong></span> <span class='ocrx_word' id='word_1_638' title='bbox 1478 4265 1748 4322; x_wconf 89' lang='lat' dir='ltr'><strong>enituisse</strong></span> <span class='ocrx_word' id='word_1_639' title='bbox 1797 4265 2020 4336; x_wconf 84' lang='lat' dir='ltr'><strong>jubare,</strong></span> <span class='ocrx_word' id='word_1_640' title='bbox 2057 4274 2103 4321; x_wconf 91' lang='lat' dir='ltr'><strong>et</strong></span> 
     </span>
    </p>
   </div>
   <div class='ocr_carea' id='block_1_80' title="bbox 2205 4253 3775 4337">
    <p class='ocr_par' dir='ltr' id='par_1_80' title="bbox 2205 4253 3775 4334">
     <span class='ocr_line' id='line_1_80' title="bbox 2205 4253 3775 4334; baseline -0.015 -8"><span class='ocrx_word' id='word_1_641' title='bbox 2205 4262 2303 4334; x_wconf 82' lang='grc' dir='ltr'><strong>χῆς</strong></span> <span class='ocrx_word' id='word_1_642' title='bbox 2323 4262 2386 4315; x_wconf 80' lang='grc' dir='ltr'>τὸ</span> <span class='ocrx_word' id='word_1_643' title='bbox 2413 4261 2528 4330; x_wconf 81' lang='grc' dir='ltr'>φῶς</span> <span class='ocrx_word' id='word_1_644' title='bbox 2548 4261 2841 4331; x_wconf 70' lang='grc' dir='ltr'>ἀπειλήφει</span> <span class='ocrx_word' id='word_1_645' title='bbox 2860 4262 2921 4314; x_wconf 83' lang='grc' dir='ltr'>τὸ</span> <span class='ocrx_word' id='word_1_646' title='bbox 2941 4262 3094 4325; x_wconf 75' lang='grc' dir='ltr'>ἴδιον,</span> <span class='ocrx_word' id='word_1_647' title='bbox 3131 4260 3223 4313; x_wconf 74' lang='grc' dir='ltr'>καὶ</span> <span class='ocrx_word' id='word_1_648' title='bbox 3250 4260 3441 4312; x_wconf 82' lang='grc' dir='ltr'>ἵστατο</span> <span class='ocrx_word' id='word_1_649' title='bbox 3466 4256 3605 4310; x_wconf 85' lang='grc' dir='ltr'><strong>κατά</strong></span> <span class='ocrx_word' id='word_1_650' title='bbox 3631 4253 3775 4307; x_wconf 79' lang='grc' dir='ltr'>δύσιν</span> 
     </span>
    </p>
   </div>
   <div class='ocr_carea' id='block_1_81' title="bbox 532 4342 2103 4429">
    <p class='ocr_par' dir='ltr' id='par_1_81' title="bbox 532 4358 2103 4429">
     <span class='ocr_line' id='line_1_81' title="bbox 532 4358 2103 4429; baseline 0.002 -19"><span class='ocrx_word' id='word_1_651' title='bbox 532 4373 841 4429; x_wconf 73' lang='lat' dir='ltr'><strong>occupasse</strong></span> <span class='ocrx_word' id='word_1_652' title='bbox 871 4372 1134 4414; x_wconf 89' lang='lat' dir='ltr'><strong>occasum</strong></span> <span class='ocrx_word' id='word_1_653' title='bbox 1170 4358 1289 4413; x_wconf 90' lang='lat' dir='ltr'><strong>sole</strong></span> <span class='ocrx_word' id='word_1_654' title='bbox 1323 4358 1617 4414; x_wconf 83' lang='lat' dir='ltr'><strong>obtinente</strong></span> <span class='ocrx_word' id='word_1_655' title='bbox 1650 4358 1978 4414; x_wconf 84' lang='lat' dir='ltr'><strong>orientalem</strong></span> <span class='ocrx_word' id='word_1_656' title='bbox 2009 4358 2103 4413; x_wconf 89' lang='lat' dir='ltr'><strong>bo-</strong></span> 
     </span>
    </p>
   </div>
   <div class='ocr_carea' id='block_1_82' title="bbox 2205 4342 3770 4429">
    <p class='ocr_par' dir='ltr' id='par_1_82' title="bbox 2205 4342 3770 4423">
     <span class='ocr_line' id='line_1_82' title="bbox 2205 4342 3770 4423; baseline -0.009 -17"><span class='ocrx_word' id='word_1_657' title='bbox 2205 4353 2293 4406; x_wconf 67' lang='grc' dir='ltr'><strong>τὸν</strong></span> <span class='ocrx_word' id='word_1_658' title='bbox 2348 4352 2600 4423; x_wconf 74' lang='grc' dir='ltr'>ὁρίζοντα</span> <span class='ocrx_word' id='word_1_659' title='bbox 2629 4353 2722 4406; x_wconf 69' lang='grc' dir='ltr'>τὸν</span> <span class='ocrx_word' id='word_1_660' title='bbox 2746 4350 3067 4406; x_wconf 72' lang='grc' dir='ltr'>ἀνατολικὸν</span> <span class='ocrx_word' id='word_1_661' title='bbox 3124 4350 3421 4420; x_wconf 70' lang='grc' dir='ltr'>ἐπέχοντος</span> <span class='ocrx_word' id='word_1_662' title='bbox 3448 4345 3544 4401; x_wconf 85' lang='grc' dir='ltr'>τοῦ</span> <span class='ocrx_word' id='word_1_663' title='bbox 3581 4342 3724 4414; x_wconf 82' lang='grc' dir='ltr'>ἡλίου</span> <span class='ocrx_word' id='word_1_664' title='bbox 3757 4353 3770 4366; x_wconf 87' lang='lat'><strong><em>°</em></strong></span> 
     </span>
    </p>
   </div>
   <div class='ocr_carea' id='block_1_83' title="bbox 534 4428 2103 4521">
    <p class='ocr_par' dir='ltr' id='par_1_83' title="bbox 534 4428 2103 4521">
     <span class='ocr_line' id='line_1_83' title="bbox 534 4428 2103 4521; baseline -0.001 -14"><span class='ocrx_word' id='word_1_665' title='bbox 534 4428 801 4507; x_wconf 82' lang='lat' dir='ltr'><strong>rizontem</strong></span> <span class='ocrx_word' id='word_1_666' title='bbox 876 4449 1156 4521; x_wconf 86' lang='lat' dir='ltr'><strong>Siquidem</strong></span> <span class='ocrx_word' id='word_1_667' title='bbox 1198 4450 1350 4511; x_wconf 84' lang='lat' dir='ltr'><strong>huic.</strong></span> <span class='ocrx_word' id='word_1_668' title='bbox 1388 4450 1540 4518; x_wconf 92' lang='lat' dir='ltr'><strong>diei,</strong></span> <span class='ocrx_word' id='word_1_669' title='bbox 1574 4450 1675 4514; x_wconf 90' lang='lat' dir='ltr'><strong>illi,</strong></span> <span class='ocrx_word' id='word_1_670' title='bbox 1713 4450 1895 4507; x_wconf 84' lang='lat' dir='ltr'><strong>noctis</strong></span> <span class='ocrx_word' id='word_1_671' title='bbox 1932 4451 2103 4521; x_wconf 86' lang='lat' dir='ltr'><strong>impe-</strong></span> 
     </span>
    </p>
   </div>
   <div class='ocr_carea' id='block_1_84' title="bbox 2205 4428 3777 4521">
    <p class='ocr_par' dir='ltr' id='par_1_84' title="bbox 2205 4428 3777 4516">
     <span class='ocr_line' id='line_1_84' title="bbox 2205 4428 3777 4516; baseline -0.01 -17"><span class='ocrx_word' id='word_1_672' title='bbox 2205 4445 2260 4499; x_wconf 82' lang='grc' dir='ltr'>εἴ</span> <span class='ocrx_word' id='word_1_673' title='bbox 2284 4461 2346 4513; x_wconf 87' lang='grc' dir='ltr'><strong>γε</strong></span> <span class='ocrx_word' id='word_1_674' title='bbox 2378 4446 2405 4499; x_wconf 89' lang='lat'><strong>6</strong></span> <span class='ocrx_word' id='word_1_675' title='bbox 2440 4444 2539 4515; x_wconf 78' lang='grc' dir='ltr'>μὲν</span> <span class='ocrx_word' id='word_1_676' title='bbox 2583 4446 2684 4514; x_wconf 86' lang='grc' dir='ltr'>τῆς</span> <span class='ocrx_word' id='word_1_677' title='bbox 2741 4444 2956 4516; x_wconf 80' lang='grc' dir='ltr'>ἡμέρας</span> <span class='ocrx_word' id='word_1_678' title='bbox 3020 4443 3244 4513; x_wconf 79' lang='grc' dir='ltr'>ἄρχειν,</span> <span class='ocrx_word' id='word_1_679' title='bbox 3271 4443 3305 4512; x_wconf 85' lang='grc' dir='ltr'><strong>ἡ</strong></span> <span class='ocrx_word' id='word_1_680' title='bbox 3335 4441 3395 4493; x_wconf 80' lang='grc' dir='ltr'>δὲ</span> <span class='ocrx_word' id='word_1_681' title='bbox 3440 4437 3543 4506; x_wconf 77' lang='grc' dir='ltr'>τῆς</span> <span class='ocrx_word' id='word_1_682' title='bbox 3595 4428 3777 4491; x_wconf 78' lang='grc' dir='ltr'>νυκτὸς</span> 
     </span>
    </p>
   </div>
   <div class='ocr_carea' id='block_1_85' title="bbox 536 4526 2103 4614">
    <p class='ocr_par' dir='ltr' id='par_1_85' title="bbox 536 4541 2103 4614">
     <span class='ocr_line' id='line_1_85' title="bbox 536 4541 2103 4614; baseline 0.001 -17"><span class='ocrx_word' id='word_1_683' title='bbox 536 4543 681 4598; x_wconf 91' lang='lat' dir='ltr'><strong>rium</strong></span> <span class='ocrx_word' id='word_1_684' title='bbox 730 4542 1015 4597; x_wconf 82' lang='lat' dir='ltr'><strong>decretum</strong></span> <span class='ocrx_word' id='word_1_685' title='bbox 1046 4549 1153 4597; x_wconf 85' lang='lat' dir='ltr'><strong>est.</strong></span> <span class='ocrx_word' id='word_1_686' title='bbox 1194 4541 1270 4597; x_wconf 86' lang='lat' dir='ltr'><strong>Eo</strong></span> <span class='ocrx_word' id='word_1_687' title='bbox 1320 4543 1512 4613; x_wconf 89' lang='lat' dir='ltr'><strong>itaque</strong></span> <span class='ocrx_word' id='word_1_688' title='bbox 1553 4551 1802 4614; x_wconf 91' lang='lat' dir='ltr'><strong>tempore</strong></span> <span class='ocrx_word' id='word_1_689' title='bbox 1844 4550 1964 4598; x_wconf 92' lang='lat' dir='ltr'><strong>erat</strong></span> <span class='ocrx_word' id='word_1_690' title='bbox 1992 4542 2103 4613; x_wconf 89' lang='lat' dir='ltr'><strong>ple-</strong></span> 
     </span>
    </p>
   </div>
   <div class='ocr_carea' id='block_1_86' title="bbox 2205 4526 3778 4614">
    <p class='ocr_par' dir='ltr' id='par_1_86' title="bbox 2205 4526 3778 4606">
     <span class='ocr_line' id='line_1_86' title="bbox 2205 4526 3778 4606; baseline -0.008 -13"><span class='ocrx_word' id='word_1_691' title='bbox 2205 4536 2538 4593; x_wconf 71' lang='grc' dir='ltr'>ἑπετάττετο</span> <span class='ocrx_word' id='word_1_692' title='bbox 2558 4554 2571 4566; x_wconf 75' lang='grc' dir='ltr'><strong><em>ο</em></strong></span> <span class='ocrx_word' id='word_1_693' title='bbox 2597 4532 2665 4606; x_wconf 80' lang='grc' dir='ltr'>ἦν</span> <span class='ocrx_word' id='word_1_694' title='bbox 2684 4532 2778 4590; x_wconf 77' lang='grc' dir='ltr'>οὖν</span> <span class='ocrx_word' id='word_1_695' title='bbox 2800 4534 3157 4603; x_wconf 81' lang='grc' dir='ltr'>πανσέληνος.</span> <span class='ocrx_word' id='word_1_696' title='bbox 3185 4533 3261 4585; x_wconf 83' lang='grc' dir='ltr'><strong>Οὐ</strong></span> <span class='ocrx_word' id='word_1_697' title='bbox 3292 4531 3401 4603; x_wconf 84' lang='grc' dir='ltr'><strong>γὰρ</strong></span> <span class='ocrx_word' id='word_1_698' title='bbox 3421 4528 3583 4590; x_wconf 74' lang='grc' dir='ltr'>εὐθὺς</span> <span class='ocrx_word' id='word_1_699' title='bbox 3605 4526 3778 4593; x_wconf 76' lang='grc' dir='ltr'>ἠκρω-</span> 
     </span>
    </p>
   </div>
   <div class='ocr_carea' id='block_1_87' title="bbox 534 4615 2103 4713">
    <p class='ocr_par' dir='ltr' id='par_1_87' title="bbox 534 4634 2103 4706">
     <span class='ocr_line' id='line_1_87' title="bbox 534 4634 2103 4706; baseline 0.001 -16"><span class='ocrx_word' id='word_1_700' title='bbox 534 4635 833 4691; x_wconf 89' lang='lat' dir='ltr'><strong>uilunium.</strong></span> <span class='ocrx_word' id='word_1_701' title='bbox 872 4634 1031 4690; x_wconf 85' lang='lat' dir='ltr'><strong>Haud</strong></span> <span class='ocrx_word' id='word_1_702' title='bbox 1063 4634 1213 4690; x_wconf 90' lang='lat' dir='ltr'><strong>enim</strong></span> <span class='ocrx_word' id='word_1_703' title='bbox 1257 4635 1542 4701; x_wconf 90' lang='lat' dir='ltr'><strong>continuo,</strong></span> <span class='ocrx_word' id='word_1_704' title='bbox 1590 4636 1796 4706; x_wconf 87' lang='lat' dir='ltr'><strong>alioqui</strong></span> <span class='ocrx_word' id='word_1_705' title='bbox 1851 4635 2103 4691; x_wconf 85' lang='lat' dir='ltr'><strong>sublimis</strong></span> 
     </span>
    </p>
   </div>
   <div class='ocr_carea' id='block_1_88' title="bbox 2205 4615 3779 4713">
    <p class='ocr_par' dir='ltr' id='par_1_88' title="bbox 2214 4615 3779 4713">
     <span class='ocr_line' id='line_1_88' title="bbox 2214 4615 3779 4713; baseline -0.015 -26"><span class='ocrx_word' id='word_1_706' title='bbox 2214 4631 2503 4703; x_wconf 78' lang='grc' dir='ltr'>τηρίαστο·</span> <span class='ocrx_word' id='word_1_707' title='bbox 2542 4629 2770 4699; x_wconf 65' lang='grc' dir='ltr'>ὕστερον</span> <span class='ocrx_word' id='word_1_708' title='bbox 2800 4626 2856 4680; x_wconf 79' lang='grc' dir='ltr'><strong>δὲ</strong></span> <span class='ocrx_word' id='word_1_709' title='bbox 2881 4628 2980 4695; x_wconf 75' lang='grc' dir='ltr'>τὴν</span> <span class='ocrx_word' id='word_1_710' title='bbox 3036 4624 3325 4678; x_wconf 85' lang='grc' dir='ltr'>ἀλλοίωσιν</span> <span class='ocrx_word' id='word_1_711' title='bbox 3379 4621 3512 4692; x_wconf 74' lang='grc' dir='ltr'>πρὸς</span> <span class='ocrx_word' id='word_1_712' title='bbox 3568 4616 3663 4686; x_wconf 72' lang='grc' dir='ltr'>τὴν</span> <span class='ocrx_word' id='word_1_713' title='bbox 3702 4615 3779 4713; x_wconf 61' lang='lat' dir='ltr'><strong>sv—</strong></span> 
     </span>
    </p>
   </div>
   <div class='ocr_carea' id='block_1_89' title="bbox 532 4727 2108 4799">
    <p class='ocr_par' dir='ltr' id='par_1_89' title="bbox 532 4727 2108 4799">
     <span class='ocr_line' id='line_1_89' title="bbox 532 4727 2108 4799; baseline -0.002 -15"><span class='ocrx_word' id='word_1_714' title='bbox 532 4738 723 4784; x_wconf 84' lang='lat' dir='ltr'><strong>evecta</strong></span> <span class='ocrx_word' id='word_1_715' title='bbox 763 4735 931 4784; x_wconf 85' lang='lat' dir='ltr'><strong>esset.</strong></span> <span class='ocrx_word' id='word_1_716' title='bbox 975 4727 1247 4799; x_wconf 88' lang='lat' dir='ltr'><strong>Deinceps</strong></span> <span class='ocrx_word' id='word_1_717' title='bbox 1287 4744 1420 4784; x_wconf 87' lang='lat' dir='ltr'><strong>vero</strong></span> <span class='ocrx_word' id='word_1_718' title='bbox 1461 4730 1775 4793; x_wconf 83' lang='lat' dir='ltr'><strong>mutationi,</strong></span> <span class='ocrx_word' id='word_1_719' title='bbox 1812 4744 1936 4797; x_wconf 63' lang='lat' dir='ltr'><strong>quae</strong></span> <span class='ocrx_word' id='word_1_720' title='bbox 1973 4745 2108 4783; x_wconf 64' lang='lat' dir='ltr'><strong>cono</strong></span> 
     </span>
    </p>
   </div>
   <div class='ocr_carea' id='block_1_90' title="bbox 533 4802 2106 4888">
    <p class='ocr_par' dir='ltr' id='par_1_90' title="bbox 533 4802 2106 4888">
     <span class='ocr_line' id='line_1_90' title="bbox 533 4802 2106 4888; baseline -0.002 -16"><span class='ocrx_word' id='word_1_721' title='bbox 533 4818 689 4874; x_wconf 86' lang='lat' dir='ltr'><strong>ducit</strong></span> <span class='ocrx_word' id='word_1_722' title='bbox 732 4818 802 4873; x_wconf 90' lang='lat' dir='ltr'><strong>iis</strong></span> <span class='ocrx_word' id='word_1_723' title='bbox 833 4833 956 4888; x_wconf 82' lang='lat' dir='ltr'><strong>quae</strong></span> <span class='ocrx_word' id='word_1_724' title='bbox 1010 4802 1158 4872; x_wconf 80' lang='lat' dir='ltr'><strong>terra</strong></span> <span class='ocrx_word' id='word_1_725' title='bbox 1198 4825 1475 4887; x_wconf 84' lang='lat' dir='ltr'><strong>procreat,</strong></span> <span class='ocrx_word' id='word_1_726' title='bbox 1526 4818 1763 4873; x_wconf 78' lang='lat' dir='ltr'><strong>obnoxia</strong></span> <span class='ocrx_word' id='word_1_727' title='bbox 1804 4818 1949 4873; x_wconf 78' lang='lat' dir='ltr'><strong>facta</strong></span> <span class='ocrx_word' id='word_1_728' title='bbox 1998 4826 2106 4880; x_wconf 90' lang='lat' dir='ltr'><strong>est,</strong></span> 
     </span>
    </p>
   </div>
   <div class='ocr_carea' id='block_1_91' title="bbox 535 4909 2111 4979">
    <p class='ocr_par' dir='ltr' id='par_1_91' title="bbox 535 4909 2111 4979">
     <span class='ocr_line' id='line_1_91' title="bbox 535 4909 2111 4979; baseline -0.003 -13"><span class='ocrx_word' id='word_1_729' title='bbox 535 4912 656 4967; x_wconf 85' lang='lat' dir='ltr'><strong>sive</strong></span> <span class='ocrx_word' id='word_1_730' title='bbox 698 4920 757 4966; x_wconf 89' lang='lat' dir='ltr'><strong>ut</strong></span> <span class='ocrx_word' id='word_1_731' title='bbox 809 4909 1077 4979; x_wconf 85' lang='lat' dir='ltr'><strong>temporis</strong></span> <span class='ocrx_word' id='word_1_732' title='bbox 1132 4923 1448 4963; x_wconf 86' lang='lat' dir='ltr'><strong>mensuram</strong></span> <span class='ocrx_word' id='word_1_733' title='bbox 1480 4919 1843 4979; x_wconf 81' lang='lat' dir='ltr'><strong>exsequatur,</strong></span> <span class='ocrx_word' id='word_1_734' title='bbox 1902 4912 2019 4964; x_wconf 83' lang='lat' dir='ltr'><strong>sive</strong></span> <span class='ocrx_word' id='word_1_735' title='bbox 2050 4920 2111 4963; x_wconf 92' lang='lat' dir='ltr'><strong>ut</strong></span> 
     </span>
    </p>
   </div>
   <div class='ocr_carea' id='block_1_92' title="bbox 533 5001 2108 5071">
    <p class='ocr_par' dir='ltr' id='par_1_92' title="bbox 533 5001 2108 5071">
     <span class='ocr_line' id='line_1_92' title="bbox 533 5001 2108 5071; baseline -0.003 -15"><span class='ocrx_word' id='word_1_736' title='bbox 533 5003 862 5058; x_wconf 83' lang='lat' dir='ltr'><strong>occasiones</strong></span> <span class='ocrx_word' id='word_1_737' title='bbox 893 5011 1206 5071; x_wconf 83' lang='lat' dir='ltr'><strong>temporum</strong></span> <span class='ocrx_word' id='word_1_738' title='bbox 1238 5004 1321 5067; x_wconf 90' lang='lat' dir='ltr'><strong>(ut</strong></span> <span class='ocrx_word' id='word_1_739' title='bbox 1350 5001 1607 5071; x_wconf 76' lang='lat' dir='ltr'><strong>quaelibet</strong></span> <span class='ocrx_word' id='word_1_740' title='bbox 1644 5016 1731 5055; x_wconf 85' lang='lat' dir='ltr'><strong>res</strong></span> <span class='ocrx_word' id='word_1_741' title='bbox 1760 5016 1923 5055; x_wconf 85' lang='lat' dir='ltr'><strong>suum</strong></span> <span class='ocrx_word' id='word_1_742' title='bbox 1965 5008 2108 5055; x_wconf 90' lang='lat' dir='ltr'><strong>tem-</strong></span> 
     </span>
    </p>
   </div>
   <div class='ocr_carea' id='block_1_93' title="bbox 536 5088 2107 5163">
    <p class='ocr_par' dir='ltr' id='par_1_93' title="bbox 536 5088 2107 5163">
     <span class='ocr_line' id='line_1_93' title="bbox 536 5088 2107 5163; baseline -0.006 -13"><span class='ocrx_word' id='word_1_743' title='bbox 536 5110 636 5163; x_wconf 89' lang='lat' dir='ltr'><strong>pus</strong></span> <span class='ocrx_word' id='word_1_744' title='bbox 663 5094 849 5162; x_wconf 84' lang='lat' dir='ltr'><strong>habet)</strong></span> <span class='ocrx_word' id='word_1_745' title='bbox 875 5091 1043 5146; x_wconf 89' lang='lat' dir='ltr'><strong>nobis</strong></span> <span class='ocrx_word' id='word_1_746' title='bbox 1073 5088 1384 5144; x_wconf 88' lang='lat' dir='ltr'><strong>annuntiet.</strong></span> <span class='ocrx_word' id='word_1_747' title='bbox 1405 5089 1500 5144; x_wconf 91' lang='lat' dir='ltr'><strong>Sol</strong></span> <span class='ocrx_word' id='word_1_748' title='bbox 1522 5090 1714 5161; x_wconf 84' lang='lat' dir='ltr'><strong>itaque</strong></span> <span class='ocrx_word' id='word_1_749' title='bbox 1733 5097 1967 5144; x_wconf 82' lang='lat' dir='ltr'><strong>exortus</strong></span> <span class='ocrx_word' id='word_1_750' title='bbox 2000 5098 2107 5143; x_wconf 92' lang='lat' dir='ltr'><strong>est.</strong></span> 
     </span>
    </p>
   </div>
   <div class='ocr_carea' id='block_1_94' title="bbox 538 5177 2109 5239">
    <p class='ocr_par' dir='ltr' id='par_1_94' title="bbox 538 5177 2109 5239">
     <span class='ocr_line' id='line_1_94' title="bbox 538 5177 2109 5239; baseline -0.004 -2"><span class='ocrx_word' id='word_1_751' title='bbox 538 5183 669 5239; x_wconf 80' lang='lat' dir='ltr'><strong>Erat</strong></span> <span class='ocrx_word' id='word_1_752' title='bbox 710 5182 913 5239; x_wconf 82' lang='lat' dir='ltr'><strong>etenim</strong></span> <span class='ocrx_word' id='word_1_753' title='bbox 940 5178 1268 5235; x_wconf 87' lang='lat' dir='ltr'><strong>diluculum.</strong></span> <span class='ocrx_word' id='word_1_754' title='bbox 1297 5177 1455 5233; x_wconf 87' lang='lat' dir='ltr'><strong>Luna</strong></span> <span class='ocrx_word' id='word_1_755' title='bbox 1485 5178 1554 5233; x_wconf 90' lang='lat' dir='ltr'><strong>ad</strong></span> <span class='ocrx_word' id='word_1_756' title='bbox 1593 5194 1858 5233; x_wconf 73' lang='lat' dir='ltr'><strong>occasum</strong></span> <span class='ocrx_word' id='word_1_757' title='bbox 1890 5177 2109 5234; x_wconf 82' lang='lat' dir='ltr'><strong>fereba-</strong></span> 
     </span>
    </p>
   </div>
   <div class='ocr_carea' id='block_1_95' title="bbox 535 5268 2108 5344">
    <p class='ocr_par' dir='ltr' id='par_1_95' title="bbox 535 5268 2108 5344">
     <span class='ocr_line' id='line_1_95' title="bbox 535 5268 2108 5344; baseline -0.006 -14"><span class='ocrx_word' id='word_1_758' title='bbox 535 5286 646 5342; x_wconf 88' lang='lat' dir='ltr'><strong>tur,</strong></span> <span class='ocrx_word' id='word_1_759' title='bbox 687 5274 880 5344; x_wconf 86' lang='lat' dir='ltr'><strong>solque</strong></span> <span class='ocrx_word' id='word_1_760' title='bbox 906 5272 1035 5327; x_wconf 83' lang='lat' dir='ltr'><strong>huic</strong></span> <span class='ocrx_word' id='word_1_761' title='bbox 1065 5271 1462 5342; x_wconf 89' lang='lat' dir='ltr'><strong>opponebatur.</strong></span> <span class='ocrx_word' id='word_1_762' title='bbox 1484 5268 1579 5325; x_wconf 87' lang='lat' dir='ltr'><strong>Sol</strong></span> <span class='ocrx_word' id='word_1_763' title='bbox 1611 5270 1913 5340; x_wconf 82' lang='lat' dir='ltr'><strong>incipiebat</strong></span> <span class='ocrx_word' id='word_1_764' title='bbox 1940 5269 2108 5335; x_wconf 87' lang='lat' dir='ltr'><strong>diem,</strong></span> 
     </span>
    </p>
   </div>
   <div class='ocr_carea' id='block_1_96' title="bbox 534 5361 2112 5437">
    <p class='ocr_par' dir='ltr' id='par_1_96' title="bbox 534 5361 2112 5437">
     <span class='ocr_line' id='line_1_96' title="bbox 534 5361 2112 5437; baseline -0.004 -16"><span class='ocrx_word' id='word_1_765' title='bbox 534 5377 591 5422; x_wconf 90' lang='lat' dir='ltr'><strong>et</strong></span> <span class='ocrx_word' id='word_1_766' title='bbox 634 5365 703 5421; x_wconf 90' lang='lat' dir='ltr'><strong>ad</strong></span> <span class='ocrx_word' id='word_1_767' title='bbox 751 5379 1012 5421; x_wconf 88' lang='lat' dir='ltr'><strong>occasum</strong></span> <span class='ocrx_word' id='word_1_768' title='bbox 1057 5364 1333 5437; x_wconf 73' lang='lat' dir='ltr'><strong>pergebat.</strong></span> <span class='ocrx_word' id='word_1_769' title='bbox 1376 5361 1473 5419; x_wconf 86' lang='lat' dir='ltr'><strong>Illa</strong></span> <span class='ocrx_word' id='word_1_770' title='bbox 1502 5377 1638 5419; x_wconf 88' lang='lat' dir='ltr'><strong>vero</strong></span> <span class='ocrx_word' id='word_1_771' title='bbox 1694 5366 1967 5419; x_wconf 88' lang='lat' dir='ltr'><strong>orientem</strong></span> <span class='ocrx_word' id='word_1_772' title='bbox 1998 5367 2112 5419; x_wconf 85' lang='lat' dir='ltr'><strong>cir-</strong></span> 
     </span>
    </p>
   </div>
   <div class='ocr_carea' id='block_1_97' title="bbox 537 5456 2118 5526">
    <p class='ocr_par' dir='ltr' id='par_1_97' title="bbox 537 5456 2118 5526">
     <span class='ocr_line' id='line_1_97' title="bbox 537 5456 2118 5526; baseline -0.003 -12"><span class='ocrx_word' id='word_1_773' title='bbox 537 5457 857 5515; x_wconf 79' lang='lat' dir='ltr'><strong>cumeundo</strong></span> <span class='ocrx_word' id='word_1_774' title='bbox 908 5471 1036 5513; x_wconf 89' lang='lat' dir='ltr'><strong>eum</strong></span> <span class='ocrx_word' id='word_1_775' title='bbox 1095 5456 1278 5511; x_wconf 88' lang='lat' dir='ltr'><strong>locum</strong></span> <span class='ocrx_word' id='word_1_776' title='bbox 1322 5456 1594 5526; x_wconf 86' lang='lat' dir='ltr'><strong>captavit,</strong></span> <span class='ocrx_word' id='word_1_777' title='bbox 1651 5456 1800 5511; x_wconf 88' lang='lat' dir='ltr'><strong>unde</strong></span> <span class='ocrx_word' id='word_1_778' title='bbox 1848 5463 2118 5526; x_wconf 61' lang='lat' dir='ltr'><strong>praeesset</strong></span> 
     </span>
    </p>
   </div>
   <div class='ocr_carea' id='block_1_98' title="bbox 540 5548 2114 5620">
    <p class='ocr_par' dir='ltr' id='par_1_98' title="bbox 540 5548 2114 5620">
     <span class='ocr_line' id='line_1_98' title="bbox 540 5548 2114 5620; baseline -0.003 -12"><span class='ocrx_word' id='word_1_779' title='bbox 540 5553 714 5608; x_wconf 88' lang='lat' dir='ltr'><strong>nocti.</strong></span> <span class='ocrx_word' id='word_1_780' title='bbox 759 5548 968 5606; x_wconf 82' lang='lat' dir='ltr'><strong>Verum</strong></span> <span class='ocrx_word' id='word_1_781' title='bbox 1024 5550 1069 5605; x_wconf 88' lang='lat' dir='ltr'><strong>si</strong></span> <span class='ocrx_word' id='word_1_782' title='bbox 1115 5558 1316 5620; x_wconf 90' lang='lat' dir='ltr'><strong>quarto</strong></span> <span class='ocrx_word' id='word_1_783' title='bbox 1349 5550 1569 5605; x_wconf 89' lang='lat' dir='ltr'><strong>demum</strong></span> <span class='ocrx_word' id='word_1_784' title='bbox 1603 5549 1693 5604; x_wconf 90' lang='lat' dir='ltr'><strong>die</strong></span> <span class='ocrx_word' id='word_1_785' title='bbox 1743 5549 1871 5603; x_wconf 91' lang='lat' dir='ltr'><strong>luna</strong></span> <span class='ocrx_word' id='word_1_786' title='bbox 1911 5548 1978 5603; x_wconf 90' lang='lat' dir='ltr'><strong>ad</strong></span> <span class='ocrx_word' id='word_1_787' title='bbox 2028 5550 2114 5605; x_wconf 88' lang='lat' dir='ltr'><strong>sui</strong></span> 
     </span>
    </p>
   </div>
   <div class='ocr_carea' id='block_1_99' title="bbox 539 5638 2111 5713">
    <p class='ocr_par' dir='ltr' id='par_1_99' title="bbox 539 5638 2111 5713">
     <span class='ocr_line' id='line_1_99' title="bbox 539 5638 2111 5713; baseline -0.004 -17"><span class='ocrx_word' id='word_1_788' title='bbox 539 5643 879 5701; x_wconf 79' lang='lat' dir='ltr'><strong>creationem</strong></span> <span class='ocrx_word' id='word_1_789' title='bbox 942 5642 1215 5713; x_wconf 83' lang='lat' dir='ltr'><strong>pervenit,</strong></span> <span class='ocrx_word' id='word_1_790' title='bbox 1248 5655 1357 5712; x_wconf 88' lang='lat' dir='ltr'><strong>qua</strong></span> <span class='ocrx_word' id='word_1_791' title='bbox 1401 5638 1612 5695; x_wconf 89' lang='lat' dir='ltr'><strong>ratione</strong></span> <span class='ocrx_word' id='word_1_792' title='bbox 1644 5639 1858 5695; x_wconf 67' lang='lat' dir='ltr'><strong>exstitit</strong></span> <span class='ocrx_word' id='word_1_793' title='bbox 1907 5639 2111 5709; x_wconf 88' lang='lat' dir='ltr'><strong>plena?</strong></span> 
     </span>
    </p>
   </div>
   <div class='ocr_carea' id='block_1_100' title="bbox 541 5730 2115 5804">
    <p class='ocr_par' dir='ltr' id='par_1_100' title="bbox 541 5730 2115 5804">
     <span class='ocr_line' id='line_1_100' title="bbox 541 5730 2115 5804; baseline -0.004 -12"><span class='ocrx_word' id='word_1_794' title='bbox 541 5735 756 5792; x_wconf 80' lang='lat' dir='ltr'><strong>Etenim</strong></span> <span class='ocrx_word' id='word_1_795' title='bbox 783 5732 924 5798; x_wconf 88' lang='lat' dir='ltr'><strong>dies,</strong></span> <span class='ocrx_word' id='word_1_796' title='bbox 964 5732 1059 5804; x_wconf 89' lang='lat' dir='ltr'><strong>qui</strong></span> <span class='ocrx_word' id='word_1_797' title='bbox 1089 5745 1430 5803; x_wconf 84' lang='lat' dir='ltr'><strong>praecessere</strong></span> <span class='ocrx_word' id='word_1_798' title='bbox 1459 5730 1777 5794; x_wconf 87' lang='lat' dir='ltr'><strong>luminaria.</strong></span> <span class='ocrx_word' id='word_1_799' title='bbox 1802 5747 1926 5787; x_wconf 87' lang='lat' dir='ltr'><strong>cum</strong></span> <span class='ocrx_word' id='word_1_800' title='bbox 1960 5746 2115 5786; x_wconf 83' lang='lat' dir='ltr'><strong>mun-</strong></span> 
     </span>
    </p>
   </div>
   <div class='ocr_carea' id='block_1_101' title="bbox 541 5822 2119 5900">
    <p class='ocr_par' dir='ltr' id='par_1_101' title="bbox 541 5822 2119 5900">
     <span class='ocr_line' id='line_1_101' title="bbox 541 5822 2119 5900; baseline -0.006 -11"><span class='ocrx_word' id='word_1_801' title='bbox 541 5830 616 5889; x_wconf 80' lang='lat' dir='ltr'><strong>do</strong></span> <span class='ocrx_word' id='word_1_802' title='bbox 642 5837 695 5885; x_wconf 86' lang='lat' dir='ltr'><strong>et</strong></span> <span class='ocrx_word' id='word_1_803' title='bbox 736 5827 1091 5900; x_wconf 74' lang='lat' dir='ltr'><strong>generatione</strong></span> <span class='ocrx_word' id='word_1_804' title='bbox 1131 5831 1547 5895; x_wconf 80' lang='lat' dir='ltr'><strong>computantur.</strong></span> <span class='ocrx_word' id='word_1_805' title='bbox 1603 5822 1742 5880; x_wconf 86' lang='lat' dir='ltr'><strong>Cum</strong></span> <span class='ocrx_word' id='word_1_806' title='bbox 1781 5824 1944 5896; x_wconf 79' lang='lat' dir='ltr'><strong>igitur</strong></span> <span class='ocrx_word' id='word_1_807' title='bbox 1981 5841 2119 5880; x_wconf 85' lang='lat' dir='ltr'><strong>non-</strong></span> 
     </span>
    </p>
   </div>
   <div class='ocr_carea' id='block_1_102' title="bbox 2214 4704 3772 4798">
    <p class='ocr_par' dir='ltr' id='par_1_102' title="bbox 2214 4704 3772 4798">
     <span class='ocr_line' id='line_1_102' title="bbox 2214 4704 3772 4798; baseline -0.012 -20"><span class='ocrx_word' id='word_1_808' title='bbox 2214 4725 2435 4798; x_wconf 77' lang='grc' dir='ltr'>έργειαν</span> <span class='ocrx_word' id='word_1_809' title='bbox 2464 4721 2721 4790; x_wconf 82' lang='grc' dir='ltr'>λυσιτελῆ</span> <span class='ocrx_word' id='word_1_810' title='bbox 2749 4723 2861 4783; x_wconf 78' lang='grc' dir='ltr'>τοῖς</span> <span class='ocrx_word' id='word_1_811' title='bbox 2891 4705 3013 4771; x_wconf 80' lang='grc' dir='ltr'>καθ’</span> <span class='ocrx_word' id='word_1_812' title='bbox 3040 4719 3188 4789; x_wconf 80' lang='grc' dir='ltr'>ἡμᾶς</span> <span class='ocrx_word' id='word_1_813' title='bbox 3215 4715 3528 4785; x_wconf 80' lang='grc' dir='ltr'>ὑπεδέχετο,</span> <span class='ocrx_word' id='word_1_814' title='bbox 3554 4711 3660 4798; x_wconf 68' lang='grc' dir='ltr'>εἴτε</span> <span class='ocrx_word' id='word_1_815' title='bbox 3685 4704 3772 4798; x_wconf 75' lang='grc' dir='ltr'><strong>καί</strong></span> 
     </span>
    </p>
   </div>
   <div class='ocr_carea' id='block_1_103' title="bbox 2217 4797 3779 4888">
    <p class='ocr_par' dir='ltr' id='par_1_103' title="bbox 2217 4797 3779 4888">
     <span class='ocr_line' id='line_1_103' title="bbox 2217 4797 3779 4888; baseline -0.014 -18"><span class='ocrx_word' id='word_1_816' title='bbox 2217 4797 2354 4888; x_wconf 82' lang='grc' dir='ltr'>πρὸς</span> <span class='ocrx_word' id='word_1_817' title='bbox 2383 4814 2591 4884; x_wconf 84' lang='grc' dir='ltr'>καιρῶν</span> <span class='ocrx_word' id='word_1_818' title='bbox 2621 4813 2714 4867; x_wconf 75' lang='grc' dir='ltr'>καὶ</span> <span class='ocrx_word' id='word_1_819' title='bbox 2749 4811 2942 4883; x_wconf 85' lang='grc' dir='ltr'>χρόνον</span> <span class='ocrx_word' id='word_1_820' title='bbox 2971 4810 3260 4877; x_wconf 80' lang='grc' dir='ltr'>διαίρεσιν.</span> <span class='ocrx_word' id='word_1_821' title='bbox 3279 4808 3337 4861; x_wconf 82' lang='lat'><strong>&#39;0</strong></span> <span class='ocrx_word' id='word_1_822' title='bbox 3366 4805 3516 4876; x_wconf 74' lang='grc' dir='ltr'>ἥλιος</span> <span class='ocrx_word' id='word_1_823' title='bbox 3549 4797 3639 4857; x_wconf 78' lang='grc' dir='ltr'><strong>οὖν</strong></span> <span class='ocrx_word' id='word_1_824' title='bbox 3697 4797 3779 4850; x_wconf 77' lang='lat' dir='ltr'><strong>6v—</strong></span> 
     </span>
    </p>
   </div>
   <div class='ocr_carea' id='block_1_104' title="bbox 2219 4892 3773 4977">
    <p class='ocr_par' dir='ltr' id='par_1_104' title="bbox 2219 4892 3773 4977">
     <span class='ocr_line' id='line_1_104' title="bbox 2219 4892 3773 4977; baseline -0.013 -15"><span class='ocrx_word' id='word_1_825' title='bbox 2219 4907 2463 4963; x_wconf 75' lang='grc' dir='ltr'>έτελλενο</span> <span class='ocrx_word' id='word_1_826' title='bbox 2499 4905 2694 4977; x_wconf 77' lang='grc' dir='ltr'>ὄρθρος</span> <span class='ocrx_word' id='word_1_827' title='bbox 2720 4903 2828 4972; x_wconf 79' lang='grc' dir='ltr'>γὰρ</span> <span class='ocrx_word' id='word_1_828' title='bbox 2852 4897 2919 4971; x_wconf 77' lang='grc' dir='ltr'>ἦν</span> <span class='ocrx_word' id='word_1_829' title='bbox 2941 4918 2956 4932; x_wconf 86' lang='grc'><strong>·</strong></span> <span class='ocrx_word' id='word_1_830' title='bbox 2989 4902 3022 4970; x_wconf 92' lang='grc' dir='ltr'><strong>ἡ</strong></span> <span class='ocrx_word' id='word_1_831' title='bbox 3048 4901 3103 4953; x_wconf 78' lang='grc' dir='ltr'><strong>δὲ</strong></span> <span class='ocrx_word' id='word_1_832' title='bbox 3133 4898 3269 4971; x_wconf 78' lang='grc' dir='ltr'>πρὸς</span> <span class='ocrx_word' id='word_1_833' title='bbox 3316 4898 3468 4951; x_wconf 75' lang='grc' dir='ltr'>δύσιν</span> <span class='ocrx_word' id='word_1_834' title='bbox 3521 4892 3739 4977; x_wconf 72' lang='grc' dir='ltr'>ἐφέρετο</span> <span class='ocrx_word' id='word_1_835' title='bbox 3761 4927 3773 4949; x_wconf 89' lang='grc'><strong>.</strong></span> 
     </span>
    </p>
   </div>
   <div class='ocr_carea' id='block_1_105' title="bbox 2219 4975 3849 5068">
    <p class='ocr_par' dir='ltr' id='par_1_105' title="bbox 2219 4975 3849 5068">
     <span class='ocr_line' id='line_1_105' title="bbox 2219 4975 3849 5068; baseline -0.017 -14"><span class='ocrx_word' id='word_1_836' title='bbox 2219 5000 2314 5053; x_wconf 81' lang='grc' dir='ltr'>καὶ</span> <span class='ocrx_word' id='word_1_837' title='bbox 2341 4975 2612 5068; x_wconf 84' lang='grc' dir='ltr'>ἀλλήλοις</span> <span class='ocrx_word' id='word_1_838' title='bbox 2642 4993 3097 5049; x_wconf 81' lang='grc' dir='ltr'>ἀντικαθίσταντο</span> <span class='ocrx_word' id='word_1_839' title='bbox 3117 5007 3131 5021; x_wconf 89' lang='grc'><strong>·</strong></span> <span class='ocrx_word' id='word_1_840' title='bbox 3158 4994 3186 5044; x_wconf 91' lang='lat'><strong>6</strong></span> <span class='ocrx_word' id='word_1_841' title='bbox 3222 4989 3322 5060; x_wconf 78' lang='grc' dir='ltr'>μὲν</span> <span class='ocrx_word' id='word_1_842' title='bbox 3347 4987 3559 5059; x_wconf 79' lang='grc' dir='ltr'>ἡμέραν</span> <span class='ocrx_word' id='word_1_843' title='bbox 3621 4975 3777 5033; x_wconf 83' lang='grc' dir='ltr'>ποιῶν</span> <span class='ocrx_word' id='word_1_844' title='bbox 3844 5018 3849 5021; x_wconf 80' lang='lat'><strong>.</strong></span> 
     </span>
    </p>
   </div>
   <div class='ocr_carea' id='block_1_106' title="bbox 2218 5075 3778 5161">
    <p class='ocr_par' dir='ltr' id='par_1_106' title="bbox 2218 5075 3778 5161">
     <span class='ocr_line' id='line_1_106' title="bbox 2218 5075 3778 5161; baseline -0.013 -15"><span class='ocrx_word' id='word_1_845' title='bbox 2218 5095 2313 5147; x_wconf 78' lang='grc' dir='ltr'>καὶ</span> <span class='ocrx_word' id='word_1_846' title='bbox 2340 5090 2545 5161; x_wconf 85' lang='grc' dir='ltr'>ταύτης</span> <span class='ocrx_word' id='word_1_847' title='bbox 2598 5088 2782 5160; x_wconf 85' lang='grc' dir='ltr'>ἄρχων</span> <span class='ocrx_word' id='word_1_848' title='bbox 2809 5087 2904 5141; x_wconf 77' lang='grc' dir='ltr'>καὶ</span> <span class='ocrx_word' id='word_1_849' title='bbox 2935 5085 3070 5156; x_wconf 78' lang='grc' dir='ltr'>πρὸς</span> <span class='ocrx_word' id='word_1_850' title='bbox 3089 5085 3241 5137; x_wconf 79' lang='grc' dir='ltr'>δύσιν</span> <span class='ocrx_word' id='word_1_851' title='bbox 3277 5083 3392 5147; x_wconf 81' lang='grc' dir='ltr'>ἰὼν,</span> <span class='ocrx_word' id='word_1_852' title='bbox 3416 5080 3516 5151; x_wconf 82' lang='grc' dir='ltr'><strong>ἡδὲ</strong></span> <span class='ocrx_word' id='word_1_853' title='bbox 3542 5077 3629 5131; x_wconf 76' lang='grc' dir='ltr'>τὸν</span> <span class='ocrx_word' id='word_1_854' title='bbox 3653 5075 3778 5126; x_wconf 70' lang='grc' dir='ltr'>ἀνα-</span> 
     </span>
    </p>
   </div>
   <div class='ocr_carea' id='block_1_107' title="bbox 2216 5167 3778 5252">
    <p class='ocr_par' dir='ltr' id='par_1_107' title="bbox 2216 5167 3778 5252">
     <span class='ocr_line' id='line_1_107' title="bbox 2216 5167 3778 5252; baseline -0.01 -15"><span class='ocrx_word' id='word_1_855' title='bbox 2216 5184 2432 5238; x_wconf 81' lang='grc' dir='ltr'>τολικὸν</span> <span class='ocrx_word' id='word_1_856' title='bbox 2481 5178 2845 5252; x_wconf 82' lang='grc' dir='ltr'>περιελθοῦσα</span> <span class='ocrx_word' id='word_1_857' title='bbox 2894 5177 3193 5247; x_wconf 79' lang='grc' dir='ltr'>κατείληφε</span> <span class='ocrx_word' id='word_1_858' title='bbox 3228 5176 3413 5238; x_wconf 83' lang='grc' dir='ltr'>τόπον,</span> <span class='ocrx_word' id='word_1_859' title='bbox 3437 5172 3510 5234; x_wconf 86' lang='grc' dir='ltr'>ὼς</span> <span class='ocrx_word' id='word_1_860' title='bbox 3539 5171 3604 5224; x_wconf 85' lang='grc' dir='ltr'>ἂν</span> <span class='ocrx_word' id='word_1_861' title='bbox 3631 5167 3778 5237; x_wconf 73' lang='grc' dir='ltr'>ἄρχω</span> 
     </span>
    </p>
   </div>
   <div class='ocr_carea' id='block_1_108' title="bbox 2217 5253 3779 5343">
    <p class='ocr_par' dir='ltr' id='par_1_108' title="bbox 2217 5253 3779 5343">
     <span class='ocr_line' id='line_1_108' title="bbox 2217 5253 3779 5343; baseline -0.008 -16"><span class='ocrx_word' id='word_1_862' title='bbox 2217 5277 2317 5343; x_wconf 76' lang='grc' dir='ltr'>τῆς</span> <span class='ocrx_word' id='word_1_863' title='bbox 2341 5272 2556 5337; x_wconf 89' lang='grc' dir='ltr'>νυκτός.</span> <span class='ocrx_word' id='word_1_864' title='bbox 2596 5270 2734 5324; x_wconf 82' lang='grc' dir='ltr'>Ἀλλ’</span> <span class='ocrx_word' id='word_1_865' title='bbox 2765 5271 2815 5324; x_wconf 86' lang='grc' dir='ltr'><strong>εί</strong></span> <span class='ocrx_word' id='word_1_866' title='bbox 2838 5271 2897 5322; x_wconf 81' lang='grc' dir='ltr'>ὲν</span> <span class='ocrx_word' id='word_1_867' title='bbox 2919 5268 3104 5339; x_wconf 72' lang='grc' dir='ltr'>ἡμέρᾳ</span> <span class='ocrx_word' id='word_1_868' title='bbox 3133 5268 3374 5339; x_wconf 78' lang='grc' dir='ltr'>τετάρτῃ</span> <span class='ocrx_word' id='word_1_869' title='bbox 3398 5264 3593 5334; x_wconf 83' lang='grc' dir='ltr'>σελήνη</span> <span class='ocrx_word' id='word_1_870' title='bbox 3629 5253 3779 5326; x_wconf 78' lang='grc' dir='ltr'>γεγέ·</span> 
     </span>
    </p>
   </div>
   <div class='ocr_carea' id='block_1_109' title="bbox 2219 5344 3779 5436">
    <p class='ocr_par' dir='ltr' id='par_1_109' title="bbox 2219 5344 3779 5436">
     <span class='ocr_line' id='line_1_109' title="bbox 2219 5344 3779 5436; baseline -0.011 -17"><span class='ocrx_word' id='word_1_871' title='bbox 2219 5382 2372 5436; x_wconf 76' lang='grc' dir='ltr'>νητο,</span> <span class='ocrx_word' id='word_1_872' title='bbox 2422 5363 2539 5426; x_wconf 82' lang='grc' dir='ltr'>πῶς</span> <span class='ocrx_word' id='word_1_873' title='bbox 2592 5361 2809 5432; x_wconf 81' lang='grc' dir='ltr'>ὑπῆρχε</span> <span class='ocrx_word' id='word_1_874' title='bbox 2865 5358 3237 5430; x_wconf 81' lang='grc' dir='ltr'>πληρωμένη;</span> <span class='ocrx_word' id='word_1_875' title='bbox 3274 5356 3369 5409; x_wconf 75' lang='grc' dir='ltr'>καὶ</span> <span class='ocrx_word' id='word_1_876' title='bbox 3428 5357 3484 5407; x_wconf 82' lang='grc' dir='ltr'>αἱ</span> <span class='ocrx_word' id='word_1_877' title='bbox 3528 5350 3632 5422; x_wconf 66' lang='grc' dir='ltr'><strong>πρὸ</strong></span> <span class='ocrx_word' id='word_1_878' title='bbox 3678 5344 3779 5398; x_wconf 82' lang='grc' dir='ltr'><strong>τῶν</strong></span> 
     </span>
    </p>
   </div>
   <div class='ocr_carea' id='block_1_110' title="bbox 2222 5438 3777 5528">
    <p class='ocr_par' dir='ltr' id='par_1_110' title="bbox 2222 5438 3777 5528">
     <span class='ocr_line' id='line_1_110' title="bbox 2222 5438 3777 5528; baseline -0.013 -16"><span class='ocrx_word' id='word_1_879' title='bbox 2222 5458 2528 5528; x_wconf 77' lang='grc' dir='ltr'>φωστὴρων</span> <span class='ocrx_word' id='word_1_880' title='bbox 2560 5454 2666 5525; x_wconf 84' lang='grc' dir='ltr'><strong>γὰρ</strong></span> <span class='ocrx_word' id='word_1_881' title='bbox 2688 5453 2898 5525; x_wconf 81' lang='grc' dir='ltr'>ἡμέραι</span> <span class='ocrx_word' id='word_1_882' title='bbox 2941 5452 3020 5521; x_wconf 83' lang='grc' dir='ltr'><strong>τῷ</strong></span> <span class='ocrx_word' id='word_1_883' title='bbox 3049 5452 3242 5521; x_wconf 84' lang='grc' dir='ltr'>κόσμῳ</span> <span class='ocrx_word' id='word_1_884' title='bbox 3271 5444 3662 5518; x_wconf 77' lang='grc' dir='ltr'>καὶτῇγενέσει</span> <span class='ocrx_word' id='word_1_885' title='bbox 3693 5438 3777 5491; x_wconf 69' lang='lat'><strong>7.0-</strong></span> 
     </span>
    </p>
   </div>
   <div class='ocr_carea' id='block_1_111' title="bbox 2223 5529 3778 5618">
    <p class='ocr_par' dir='ltr' id='par_1_111' title="bbox 2223 5529 3778 5618">
     <span class='ocr_line' id='line_1_111' title="bbox 2223 5529 3778 5618; baseline -0.013 -19"><span class='ocrx_word' id='word_1_886' title='bbox 2223 5550 2468 5618; x_wconf 70' lang='grc' dir='ltr'>γέςονται</span> <span class='ocrx_word' id='word_1_887' title='bbox 2503 5565 2515 5577; x_wconf 89' lang='grc'><strong>·</strong></span> <span class='ocrx_word' id='word_1_888' title='bbox 2549 5546 2632 5599; x_wconf 84' lang='grc' dir='ltr'>ὅτι</span> <span class='ocrx_word' id='word_1_889' title='bbox 2684 5543 2981 5612; x_wconf 79' lang='grc' dir='ltr'>τεταρταία</span> <span class='ocrx_word' id='word_1_890' title='bbox 3032 5539 3168 5595; x_wconf 73' lang='grc' dir='ltr'>οὖσα</span> <span class='ocrx_word' id='word_1_891' title='bbox 3194 5543 3292 5593; x_wconf 79' lang='grc' dir='ltr'>οὐκ</span> <span class='ocrx_word' id='word_1_892' title='bbox 3317 5539 3384 5593; x_wconf 82' lang='grc' dir='ltr'>ἂν</span> <span class='ocrx_word' id='word_1_893' title='bbox 3412 5537 3472 5590; x_wconf 77' lang='grc' dir='ltr'>τὸ</span> <span class='ocrx_word' id='word_1_894' title='bbox 3498 5534 3661 5604; x_wconf 78' lang='grc' dir='ltr'>ἄκρον</span> <span class='ocrx_word' id='word_1_895' title='bbox 3686 5529 3778 5580; x_wconf 79' lang='grc' dir='ltr'>έπ-</span> 
     </span>
    </p>
   </div>
   <div class='ocr_carea' id='block_1_112' title="bbox 2224 5618 3781 5711">
    <p class='ocr_par' dir='ltr' id='par_1_112' title="bbox 2224 5618 3781 5711">
     <span class='ocr_line' id='line_1_112' title="bbox 2224 5618 3781 5711; baseline -0.026 2"><span class='ocrx_word' id='word_1_896' title='bbox 2224 5644 2336 5711; x_wconf 72' lang='grc' dir='ltr'>εἶχε</span> <span class='ocrx_word' id='word_1_897' title='bbox 2362 5640 2461 5707; x_wconf 69' lang='grc' dir='ltr'><strong>τῆς</strong></span> <span class='ocrx_word' id='word_1_898' title='bbox 2480 5637 2706 5701; x_wconf 74' lang='grc' dir='ltr'><strong>δύσεως,</strong></span> <span class='ocrx_word' id='word_1_899' title='bbox 2729 5635 2839 5689; x_wconf 72' lang='grc' dir='ltr'>οὐδ’</span> <span class='ocrx_word' id='word_1_900' title='bbox 2858 5635 2924 5690; x_wconf 83' lang='grc' dir='ltr'>ἂν</span> <span class='ocrx_word' id='word_1_901' title='bbox 2944 5633 3307 5701; x_wconf 80' lang='grc' dir='ltr'>ἁντικατέστη</span> <span class='ocrx_word' id='word_1_902' title='bbox 3336 5628 3472 5700; x_wconf 77' lang='grc' dir='ltr'>πρὸς</span> <span class='ocrx_word' id='word_1_903' title='bbox 3498 5627 3595 5694; x_wconf 74' lang='grc' dir='ltr'>τὴν</span> <span class='ocrx_word' id='word_1_904' title='bbox 3616 5618 3781 5692; x_wconf 80' lang='grc' dir='ltr'>ἀρχὴν</span> 
     </span>
    </p>
   </div>
   <div class='ocr_carea' id='block_1_113' title="bbox 2222 5711 3782 5800">
    <p class='ocr_par' dir='ltr' id='par_1_113' title="bbox 2222 5711 3782 5800">
     <span class='ocr_line' id='line_1_113' title="bbox 2222 5711 3782 5800; baseline -0.015 -14"><span class='ocrx_word' id='word_1_905' title='bbox 2222 5736 2320 5799; x_wconf 72' lang='grc' dir='ltr'>τῆς</span> <span class='ocrx_word' id='word_1_906' title='bbox 2346 5733 2467 5786; x_wconf 78' lang='grc' dir='ltr'>τότε</span> <span class='ocrx_word' id='word_1_907' title='bbox 2493 5730 2911 5800; x_wconf 80' lang='grc' dir='ltr'>νυκτὸς,ἀρχειν</span> <span class='ocrx_word' id='word_1_908' title='bbox 2932 5728 3133 5798; x_wconf 74' lang='grc' dir='ltr'>ταύτης</span> <span class='ocrx_word' id='word_1_909' title='bbox 3152 5724 3465 5794; x_wconf 70' lang='grc' dir='ltr'>ὀφείλουσα·</span> <span class='ocrx_word' id='word_1_910' title='bbox 3487 5711 3782 5772; x_wconf 81' lang='grc' dir='ltr'>πλεονεκτεῖ</span> 
     </span>
    </p>
   </div>
   <div class='ocr_carea' id='block_1_114' title="bbox 2226 5800 3781 5896">
    <p class='ocr_par' dir='ltr' id='par_1_114' title="bbox 2226 5800 3781 5896">
     <span class='ocr_line' id='line_1_114' title="bbox 2226 5800 3781 5896; baseline -0.012 -18"><span class='ocrx_word' id='word_1_911' title='bbox 2226 5828 2403 5878; x_wconf 63' lang='grc' dir='ltr'>τοίων</span> <span class='ocrx_word' id='word_1_912' title='bbox 2466 5823 2679 5896; x_wconf 67' lang='grc' dir='ltr'>ἡμέρας</span> <span class='ocrx_word' id='word_1_913' title='bbox 2734 5821 2947 5887; x_wconf 66' lang='grc' dir='ltr'>ἕνδεκα,</span> <span class='ocrx_word' id='word_1_914' title='bbox 2986 5823 3049 5892; x_wconf 78' lang='grc' dir='ltr'><strong>τῇ</strong></span> <span class='ocrx_word' id='word_1_915' title='bbox 3090 5818 3322 5890; x_wconf 70' lang='grc' dir='ltr'>τετάρτῃ</span> <span class='ocrx_word' id='word_1_916' title='bbox 3376 5810 3557 5885; x_wconf 71' lang='grc' dir='ltr'>ἡμέρᾳ</span> <span class='ocrx_word' id='word_1_917' title='bbox 3594 5800 3781 5879; x_wconf 72' lang='grc' dir='ltr'>προελ-</span> 
     </span>
    </p>
   </div>
  </div>
