4002 6408
223 431 292 494 93
1370 426 1907 492 COMMENTARII
1946 425 2030 487 ΙΝ
2069 425 2428 486 GENESIN.
3438 413 3509 479 94

231 543 374 600 τοῦτο
397 544 526 598 λίαν
572 541 867 608 ἀδύνατον,
924 543 1165 616 τοσαύτη
1192 543 1248 596 δὲ
1277 545 1512 616 διαφορὰ
1555 543 1820 597 λεπτοτά-

1951 556 1980 594 η
2021 556 2134 610 quo
2164 541 2232 602 is.
2276 540 2344 595 de
2391 538 2558 608 Cujus
2609 538 2900 594 nativitate
2947 536 3154 608 agitur,
3203 543 3368 590 natus
3400 532 3514 587 sit?

223 652 309 688 του
328 635 473 704 πρὸς
525 633 900 697 λεπτότατον,
937 632 1016 696 ὡς
1044 633 1105 686 τὸ
1135 633 1254 704 μὲν,
1283 635 1333 686 εξ
1365 632 1541 704 τύχοι,
1599 631 1830 702 βασιλέα

225 729 414 786 ποιεῖν,
448 725 516 779 τὸ
545 725 606 778 δὲ
639 724 978 795 προσαίτην,
1013 723 1132 788 πῶς
1161 725 1264 777 οὐκ
1287 723 1589 788 ἀσύστατος
1607 727 1641 795 ἡ
1663 724 1830 794 τέχνη

224 818 528 888 φανήσεται
552 859 572 880 ,
626 817 761 880 Πῶς
819 817 880 872 δὲ
904 818 968 870 οὐ
1008 816 1118 870 τῶν
1169 816 1538 870 ἀτοπωτάτων
1596 817 1657 868 ὲκ
1719 815 1830 868 τῶν

223 911 348 980 παρ’
375 911 518 980 ἡμῖν
576 909 940 980 φαινομένων
990 911 1107 972 τοῖς
1139 910 1198 962 ὲν
1219 908 1298 978 τῷ
1347 908 1566 978 οὐρανῷ
1617 907 1832 973 ζωδίοις

223 998 481 1070 ⁸παρέχειν
537 999 661 1052 τῶν
709 999 1177 1069 ἀποτελεσμάτων
1211 999 1280 1052 τὰ
1316 997 1617 1066 ίδιὼματας
1673 995 1830 1068 Κριῷ

221 1093 324 1161 γάρ
358 1108 466 1151 τις,
504 1093 710 1158 φασὶν,
749 1089 892 1160 ἔχων
935 1090 1035 1160 τὴν
1075 1088 1245 1158 ὥραν,
1291 1085 1444 1152 οὖλδς
1484 1091 1604 1142 ἐστι
1668 1089 1830 1158 τυχὸν

223 1181 315 1251 τὴν
339 1179 508 1251 τρίχα
543 1183 649 1232 καὶ
709 1179 976 1250 χαρωπός
1021 1179 1118 1232 καὶ
1168 1177 1530 1248 μεγαλόφρων
1565 1179 1658 1232 καὶ
1695 1180 1830 1246 ἡγε-

229 1271 436 1340 μονικὸς
486 1274 595 1324 καὶ
639 1271 1038 1343 προαιρετικὸς
1069 1271 1162 1322 καὶ
1205 1270 1524 1339 ποριστικὸς
1549 1285 1562 1298 ο
1589 1267 1830 1320 τοιοῦτον

227 1361 346 1428 γάρ,
379 1361 583 1428 ςασὶν,
621 1363 653 1415 ὁ
697 1362 894 1431 κριὸςο
926 1358 1324 1428 ἀποτιθέμενος
1371 1359 1481 1425 γάρ
1531 1355 1730 1427 ῥᾳδίως
1771 1353 1832 1406 τὸ

224 1455 382 1523 ἔριον,
424 1456 493 1507 ἐκ
517 1455 630 1524 τῆς
654 1455 882 1522 φύσεως
907 1453 1070 1506 πάλιν
1097 1451 1568 1520 ὲπαμαριέννυται.
1601 1450 1710 1502 Καὶ
1740 1448 1831 1500 ἐπὶ

226 1545 311 1598 τοῦ
333 1545 546 1614 ταύρου
572 1545 817 1598 τοιαῦτα
837 1545 930 1597 καὶ
959 1544 1068 1598 τῶν
1096 1543 1300 1596 λοιπῶν
1325 1541 1532 1606 ζωδῐων
1556 1541 1711 1611 φασὶ,
1737 1540 1832 1592 καὶ

224 1637 314 1700 τὶς
343 1637 645 1708 ἡμετέρας
683 1639 1048 1708 προαιρέσεις
1102 1635 1315 1697 τούτοις
1344 1636 1680 1687 ἀνάπτουσιν
1711 1647 1727 1662 ·
1757 1631 1832 1695 ὡς

225 1729 310 1779 καὶ
331 1729 433 1795 τὴν
455 1727 766 1797 ἡμετέραν
815 1727 1016 1780 κακίαν
1053 1727 1134 1786 είς
1169 1727 1258 1778 τὸν
1297 1725 1364 1777 τὰ
1393 1726 1571 1794 ἄστρα
1595 1740 1833 1791 πεποιη-

224 1818 351 1872 ιδτσ.
394 1817 538 1870 Θεὸν
593 1817 976 1892 ἀναφέρεσθαι
1009 1835 1023 1848 ·
1058 1819 1154 1872 καὶ
1197 1818 1352 1888 δίκην
1409 1816 1638 1886 ἀψύχων
1681 1817 1831 1888 ἡμᾶς

1934 634 2247 688 l’rmsertim
2286 649 2410 688 cum
2439 631 2590 687 adeo
2629 634 2796 686 celeri
2831 638 2982 686 motu
3014 630 3230 684 feratur
3256 625 3386 682 coeli
3417 639 3514 678 vo-

1932 727 2092 788 lutio,
2144 743 2244 780 nec
2297 740 2406 780 non
2455 725 2708 795 plurimae
2735 725 3035 780 elabautur
3079 719 3346 782 minutiae,
3383 718 3512 772 dum

1931 817 2270 884 astrologus,
2308 816 2354 871 si
2398 831 2640 883 praesens
2669 823 2774 880 est,
2807 812 3168 869 astrolabium
3195 809 3365 879 capit,
3407 821 3518 876 quo

1934 907 2110 963 fretus
2167 919 2362 963 exacte
2412 925 2526 963 rem
2584 908 2847 977 indagare
2899 905 3114 976 possit?
3160 903 3220 956 Si
3254 903 3354 955 lioe
3393 914 3520 970 pcr-

1931 1013 2097 1066 quam
2128 998 2478 1066 impossibile
2511 1007 2616 1060 est,
2649 1007 2915 1066 lautaque
2959 996 3031 1049 sit
3071 990 3378 1053 differentia
3417 991 3516 1041 mi”

1933 1090 2210 1143 nntiarum
2265 1089 2332 1141 ad
2390 1089 2674 1152 minutias,
2742 1087 3119 1154 momentique
3161 1081 3227 1136 ad
3263 1093 3516 1134 momen-

1933 1189 2072 1243 tum,
2119 1191 2174 1234 et
2207 1181 2308 1234 huc
2349 1181 2570 1248 quidem
2623 1195 2828 1248 regem,
2878 1179 3010 1232 illud
3070 1174 3386 1231 mendicum
3423 1170 3519 1224 de-

1932 1273 2126 1336 claret,
2155 1273 2432 1340 quomodo
2468 1272 2596 1340 quis
2631 1287 2738 1324 non
2787 1281 2844 1322 ut
2876 1269 3128 1322 fallacem
3166 1275 3220 1320 et
3251 1267 3516 1318 incertam

1930 1381 2050 1418 eam
2099 1361 2274 1418 artem
2339 1364 2646 1432 explolat?
2702 1363 2996 1424 Preeterea,
3031 1376 3099 1413 an
3153 1374 3260 1413 nou
3301 1365 3384 1410 est
3421 1354 3520 1407 ab-
3597 1341 3603 1346 ’

1932 1458 2326 1511 surdissimnm
2371 1457 2598 1512 eosdem
2652 1455 2885 1508 ell'ectns
2922 1462 2977 1506 et
3023 1450 3396 1520 proprietates
3429 1454 3518 1500 at-

1934 1549 2181 1602 tribuere
2209 1551 2386 1616 signis
2437 1548 2761 1602 cmlesﬁbus
2794 1545 2937 1617 (qum
2982 1543 3240 1597 animalia
3281 1539 3521 1596 credun-

1935 1645 2045 1707 tur)
2108 1653 2248 1708 quas
2309 1646 2498 1693 tenent
2553 1637 2816 1690 animalia
2882 1631 3300 1688 terrestria?Si
3367 1629 3517 1698 quis,

1935 1728 2265 1797 (inquiunt),
2306 1729 2498 1784 arietis
2537 1729 2727 1781 horam
2777 1726 3000 1788 habeat,
3051 1724 3242 1791 crispo
3277 1721 3521 1775 decorus

1937 1829 2024 1874 est
2061 1820 2352 1890 capillitio,
2391 1819 2556 1873 hilari
2593 1826 2847 1889 aspectu,
2881 1826 2937 1870 et
2965 1814 3358 1884 magnanimus
3390 1825 3518 1864 cen-

224 1909 341 1976 τῇδε
364 1909 610 1962 κάκεῖσε
647 1884 798 1976 πρὸς
815 1909 886 1960 τὰ
926 1909 1187 1978 σχήματα
1221 1884 1329 1960 τῶν
1358 1884 1610 1974 ἀστέρων
1665 1884 1827 1975 ἀμεί-

1943 1919 2113 1968 setur.
2164 1911 2400 1965 oonsilio
2448 1910 2616 1974 valet,
2656 1918 2712 1962 et
2765 1907 2976 1963 divitiis
3011 1907 3200 1976 pollet.
3235 1905 3343 1958 llas
3370 1902 3517 1956 enim

227 2001 441 2053 δεσῧαιο
475 1994 574 2054 ὅτε
611 2003 715 2055 καὶ
742 2001 925 2072 μάτην
953 2001 1167 2054 ἔσονται
1210 2001 1365 2070 νόμοι
1396 2001 1492 2052 καὶ
1524 1998 1709 2067 βουλαὶ
1737 1999 1834 2052 καὶ

231 2091 584 2162 παραινέσεις
646 2093 749 2145 καὶ
803 2092 1160 2161 δικαστήρια,
1213 2091 1270 2158 ἐξ
1323 2090 1573 2162 ἀνάγκης
1614 2090 1834 2145 πάντων

230 2183 376 2252 ἡμῶν
395 2185 502 2247 τὰς
527 2183 780 2254 γνώμας
807 2182 1222 2251 κακυνομένων.

1936 2002 2304 2072 proprietates
2365 2001 2479 2056 fere
2528 2016 2725 2055 omnes
2761 2008 2912 2055 tenet
2956 2000 3129 2054 aries.
3171 1995 3330 2051 Licet
3358 1994 3523 2048 facile

1934 2095 2122 2148 lanam
2177 2103 2371 2163 ponat,
2418 2093 2754 2146 naturaliter
2790 2099 2973 2145 tamen
3017 2105 3137 2146 eam
3169 2087 3379 2154 statim,
3414 2100 3522 2153 qua

1933 2185 2224 2248 vestiatur,
2270 2185 2488 2253 recipit.
2545 2181 2700 2236 Haud
2755 2180 3052 2236 dissimilia
3078 2177 3520 2233 comminiscun~

231 2285 318 2328 tur
343 2277 410 2330 de
433 2284 639 2340 tauro,
674 2276 922 2343 aliisque
949 2274 1152 2344 signis.
1194 2273 1295 2329 His
1327 2280 1581 2338 eventus,
1613 2281 1920 2344 nostraque
1963 2277 2196 2332 consilia
2231 2276 2522 2330 ascribunt
2555 2293 2569 2330 :
2611 2277 2723 2329 imo
2771 2282 2828 2328 et
2899 2279 3128 2342 peccata
3201 2279 3394 2326 nostra
3459 2271 3516 2322 in

231 2383 370 2431 eum,
397 2368 495 2437 qui
535 2375 702 2422 astra
737 2364 893 2430 fecit,
928 2367 1033 2420 hoc
1082 2365 1244 2419 modo
1311 2381 1415 2420 ceu
1499 2373 1782 2419 auctorem
1854 2365 2129 2421 derivaut.

2207 2368 2480 2422 Praeterea
2569 2369 2768 2422 volunt
2848 2380 2974 2430 nos,
3051 2359 3518 2434 quemadmodum

237 2461 403 2514 ani:
436 2459 740 2520 carentia,
794 2471 894 2526 pro
941 2456 1178 2510 arbitrio
1209 2463 1488 2510 astrorum
1519 2456 1622 2510 hac
1689 2462 1858 2526 atque
1933 2457 2060 2512 illae
2116 2459 2256 2526 rapi.
2318 2457 2551 2512 Frustra
2600 2459 2791 2528 itaque
2827 2461 2992 2511 erunt
3031 2454 3202 2524 leges,
3254 2450 3517 2514 consilia,

239 2553 682 2619 adhortationes,
731 2561 1152 2620 conventusque
1179 2549 1431 2620 juridiei,
1473 2550 1520 2604 si
1562 2551 1942 2604 necessarium
1974 2551 2136 2606 nobis
2163 2555 2307 2611 inest
2343 2552 2568 2606 malum.

300 2649 360 2703 Et
387 2650 448 2702 δὲ
473 2649 688 2718 μηδεὶς
758 2647 992 2718 ποιητὴς
1043 2647 1154 2700 τῶν
1209 2649 1476 2718 ἀστέρων,
1508 2647 1834 2718 αὐτομάτως

237 2743 288 2795 5’:
311 2742 608 2810 γεγονότες
641 2741 963 2808 αὐτόματον
997 2740 1096 2792 καὶ
1121 2737 1222 2809 τὴν
1260 2739 1462 2793 κακίαν
1523 2741 1830 2810 ἐκτήσαντο

239 2835 322 2886 καὶ
349 2833 566 2903 ταύτης
605 2831 1017 2902 μεταδιδόασιν,
1051 2831 1137 2893 τίς
1169 2832 1198 2883 δ
1221 2831 1390 2894 τάξας
1440 2830 1537 2884 καὶ
1562 2831 1660 2896 τὰς
1690 2830 1827 2900 πρὸς

238 2924 490 2994 ἀλλήλους
515 2923 776 2992 σχέσεις,
798 2924 892 2975 καὶ
923 2921 1161 2992 δρόμους
1187 2921 1548 2992 ἐναρμονίους
1571 2923 1676 2975 ἀπε
1685 2937 1837 2992 ργα-

241 3015 502 3084 εάμενοςς
538 3013 724 3068 Οὐδὲν
779 3013 893 3084 γὰρ
934 3013 1244 3084 αὐτόματον
1307 3014 1578 3082 τεχνικὸν.
1601 3012 1724 3067 οὐδὲ
1753 3013 1836 3065 δι-

239 3107 375 3177 αρκῆ
423 3109 516 3160 τδν
579 3106 800 3174 κόσμον
837 3106 895 3158 ἑν
927 3105 1079 3176 πάσῃ
1139 3105 1436 3176 ἐκτήσατο.
1480 3105 1607 3168 Πῶς
1657 3103 1716 3157 δὲ
1760 3103 1836 3174 μὴ

240 3199 473 3266 γενέσεις
495 3198 632 3251 καθ’
661 3196 890 3268 ⁴ἡμέραν
920 3195 1222 3265 βασιλικαὶ,
1268 3195 1543 3249 τοσούτων
1593 3195 1678 3263 ἐφ’
1710 3195 1840 3248 ἐκά-

244 3305 366 3358 στης
389 3289 887 3357 ἑναλλαττομένων
914 3285 1024 3340 τῶν
1049 3288 1386 3358 σχημάτων;
1417 3287 1540 3350 Πῶς
1572 3287 1630 3339 δὲ
1683 3287 1842 3356 ἱερωσ-

253 3382 394 3435 sint
431 3383 530 3435 καὶ
562 3383 852 3452 βασιλεῖαι
881 3381 1139 3448 γεγόνασι
1177 3382 1447 3450 πατρικαὶ
1475 3419 1492 3442 ,
1526 3379 1717 3448 γενεὰς
1741 3379 1844 3431 οὐκ

250 3469 420 3538 ἑλίξας
463 3473 529 3524 ἐκ
594 3470 867 3539 πατέρων
919 3473 1002 3533 είς
1055 3470 1252 3534 παῖδας
1305 3471 1838 3540 παραπεμπόμεναις

257 3559 370 3624 Πῶς
385 3563 605 3614 πάντων
625 3559 904 3630 Ἐϐραίων
931 3561 982 3614 οἱ
1004 3561 1190 3623 παῖδες
1210 3563 1275 3631 τῇ
1298 3561 1460 3630 ὀγδόῃ
1491 3559 1596 3612 τῶν
1621 3558 1844 3630 ⁴ἡμερῶν

271 3652 707 3719 περιτέμνονταις
746 3651 873 3714 Πῶς
903 3651 962 3704 δὲ
989 3651 1120 3722 παρ’
1161 3651 1537 3722 ἰσμαηλίταις
1563 3650 1764 3714 πάντες
1791 3648 1844 3702 οἱ

269 3741 420 3809 ίερείς
445 3744 725 3806 δεκαετεῖς
761 3743 1186 3813 περιτέμνονται
1214 3759 1230 3806 ;
1267 3745 1366 3796 καὶ
1419 3741 1552 3812 παρ’
1585 3741 1840 3810 Αίθίοψιν

257 3834 306 3884 οξ
319 3833 376 3885 δέ
386 3851 521 3898 τινες
551 3834 984 3905 περιαιροῦνται
1013 3832 1125 3886 τῶν
1147 3833 1390 3900 γονάτων
1412 3831 1570 3902 riu",
1597 3831 1692 3884 καὶ
1717 3831 1846 3894 τοὺς

257 3924 464 3994 ἑτέρους
506 3926 626 3978 τῶν
675 3925 871 3994 μαζῶν
911 3925 969 3976 αἱ
1004 3922 1326 3992 ἀμαζόνες;
1359 3923 1438 3976 Οὐ
1471 3923 1580 3994 γὰρ
1633 3920 1845 3974 ἔνεστιν

255 4018 420 4067 εξπεῖν
437 4015 512 4078 ὡς
545 4017 634 4068 ἑνὶ
653 4015 862 4085 ὁμοίως
890 4013 1294 4069 ὑποϐάλλονται
1337 4015 1604 4084 σχήματι,
1629 4012 1733 4067 κᾶν
1763 4015 1847 4066 ai-

253 4109 412 4178 :tis'g
440 4108 834 4178 xitpatépxrgv
857 4106 1068 4177 ἀστέρα
1102 4106 1134 4177 ἢ
1160 4105 1375 4172 ζὼδιον.
1415 4107 1525 4159 Καὶ
1552 4106 1847 4175 μεταστάν-

251 4199 602 4269 τεςΊ-Ξσραϊοι
624 4203 724 4270 τῆς
741 4198 1002 4262 Ἰουδαίας
1031 4199 1126 4252 καὶ
1155 4196 1432 4268 πανταχοῦ
1453 4197 1848 4268 διασπαρέντες

253 4291 346 4360 τῆς
382 4292 516 4360 γῆς,
564 4291 726 4344 οὐδὲν
782 4285 948 4360 ἧττον
992 4291 1092 4356 τὴν
1139 4289 1446 4360 περιτομὴν
1489 4291 1549 4340 ὲν
1580 4291 1644 4359 τῇ
1681 4288 1846 4360 ὀγδόῃ

253 4383 454 4446 πάντες
513 4381 868 4450 ὑφίστανται.
926 4383 1050 4444 Πῶς
1081 4381 1138 4434 δὲ
1179 4381 1302 4434 καθ’
1360 4381 1504 4451 ὑμᾶς
1545 4379 1603 4446 ἐξ
1653 4380 1848 4444 αἰῶνος

251 4476 484 4546 ἀπείρου
509 4474 854 4545 κινουμένων
873 4475 980 4528 τῶν
1000 4470 1237 4544 ἄστρων,
1261 4472 1392 4544 χθές
1413 4491 1514 4526 που
1539 4474 1634 4526 καὶ
1657 4471 1846 4544 πρώην

251 4565 307 4619 τδ
331 4567 690 4638 Χριστιανῶν
711 4566 801 4618 ἐπ’
828 4565 1110 4627 εὐσεϐείας
1140 4564 1442 4634 διέλαμψεν
1463 4564 1635 4628 ἔθνος,
1663 4566 1756 4616 καὶ
1780 4566 1849 4618 τὰ

2006 2647 2060 2701 Si
2094 2650 2286 2704 nullus
2313 2658 2399 2703 est
2433 2659 2716 2702 astrorum
2770 2651 3014 2700 creator.
3053 2638 3150 2695 sed
3183 2652 3284 2693 sua
3323 2645 3524 2704 sponte

1935 2751 2060 2796 nata
2093 2751 2245 2808 sunt,
2290 2750 2654 2812 spontaneam
2697 2736 2988 2807 possident
3027 2733 3320 2795 malitiam,
3355 2743 3520 2800 quam

1935 2833 2080 2888 inter
2110 2849 2232 2888 sese
2263 2835 2430 2888 rebus
2463 2831 2848 2904 contribuunt.
2900 2827 3039 2892 Quis
3072 2839 3223 2886 vero,
3257 2823 3304 2878 si
3357 2835 3526 2890 spcu-

1938 2933 2103 2979 tanea
2144 2940 2472 2995 provenere,
2505 2932 2727 2978 mutuas
2755 2935 2948 2974 eorum
3003 2915 3434 2984 conjunctiones
3469 2918 3526 2966 et

1943 3018 2289 3086 cmuplexus,
2343 3029 2656 3079 cursusque
2707 3011 2943 3064 mirilica
2991 3007 3353 3078 proportione
3385 3002 3528 3056 insi-

1941 3123 2076 3176 gnes
2131 3105 2302 3161 astris
2361 3104 2546 3158 dedit?
2587 3101 2734 3158 Nihil
2787 3100 2956 3164 enim,
3010 3097 3156 3166 quod
3211 3102 3409 3163 sponte
3445 3093 3524 3154 lit,

1944 3199 2232 3254 artiliciale
2271 3197 2498 3252 dixeris.
2538 3195 2718 3248 Simili
2778 3192 2992 3245 ratione
3037 3203 3140 3242 nec
3167 3185 3436 3240 muudmn
3471 3183 3525 3236 in

1943 3291 2209 3345 omnibus
2259 3290 2365 3341 sibi
2414 3286 2776 3341 sullicieutcm
2824 3292 3090 3337 creasset.
3122 3278 3226 3344 Qui
3267 3278 3346 3341 lit,
3378 3273 3524 3343 quod

1947 3397 2056 3435 non
2093 3379 2329 3434 subinde
2367 3392 2522 3443 reges
2555 3384 2878 3435 nascantur,
2909 3385 3036 3424 cum
3073 3367 3324 3438 quotidie
3354 3364 3528 3419 stellse

1947 3471 2256 3525 formentur
2309 3477 2363 3522 et
2416 3463 2970 3528 nmtentur‘2Quare,
3011 3459 3058 3512 si
3119 3458 3287 3512 astris
3341 3454 3525 3508 munia

1947 3571 2078 3618 sunt
2137 3559 2484 3629 imputanda,
2543 3555 2792 3624 quasdam
2877 3549 3188 3604 sacerdotia
3245 3551 3379 3599 sunt
3431 3559 3531 3612 pa—

1947 3662 2124 3714 terna,
2179 3651 2384 3719 unique
2415 3649 2562 3718 genti
2595 3643 2889 3700 dedicata?
2929 3651 3190 3712 praeterea
3230 3651 3406 3708 quare
3441 3651 3530 3688 re-

1947 3763 2050 3818 gna
2103 3758 2327 3815 quoque
2393 3743 2632 3794 ﬁliorum
2693 3733 3037 3792 successioni
3079 3731 3370 3792 debentur,
3405 3742 3530 3795 qua:

1947 3840 2003 3894 in
2037 3839 2178 3892 ﬁlios
2217 3845 2271 3891 et
2322 3841 2555 3903 nepotes
2603 3847 2698 3899 per
2755 3830 2966 3898 aliquot
3017 3822 3406 3880 successiones
3429 3820 3526 3873 de-

1946 3929 2263 3991 volvuntur,
2340 3924 2387 3980 si
2453 3921 2642 3975 omnia
2719 3915 3057 3986 assignauda
3117 3921 3248 3968 sunt
3317 3906 3530 3966 astris?

1947 4017 2131 4085 Quare
2167 4016 2254 4070 die
2285 4023 2483 4069 octavo
2519 4012 2872 4066 Hebraeorum
2911 4008 3068 4062 liberi
3112 4000 3530 4058 circumcidunt-

1949 4106 2076 4160 tur?
2102 4103 2283 4171 Quare
2313 4103 2455 4172 apud
2506 4099 2815 4156 Ismaelitas
2866 4095 3224 4158 sacerdotes,
3261 4091 3356 4144 ubi
3414 4087 3531 4143 uati

1950 4193 2155 4252 fuerint
2184 4208 2360 4248 annos
2413 4191 2628 4254 decem,
2679 4187 3108 4255 circumcisione
3155 4183 3446 4252 signantur
3477 4187 3532 4231 et

1949 4289 2094 4358 apud
2138 4286 2434 4354 Ethiopes
2471 4281 2841 4353 quorumdam
2880 4292 3058 4348 genua
3085 4271 3486 4330 absciduntur?
3515 4273 3532 4292 "

1949 4382 2134 4448 Quare
2161 4382 2470 4432 Amazones
2505 4377 2681 4430 altera
2732 4374 3017 4444 privamur
3065 4367 3342 4424 mamma?
3373 4364 3535 4418 Certe

1951 4472 2042 4525 bie
2078 4486 2186 4524 non
2235 4469 2366 4524 licet
2412 4467 2678 4537 objicere,
2715 4463 2863 4532 quod
2913 4477 3107 4516 oumes
3137 4475 3205 4514 ex
3239 4471 3394 4528 aequo
3437 4456 3534 4510 nui

1952 4563 2258 4616 subdantur
2291 4559 2460 4615 sideri
2516 4559 2596 4612 vel
2635 4558 2816 4621 signo,
2853 4555 2958 4610 etsi
3009 4565 3237 4608 causam
3271 4552 3326 4604 in
3365 4547 3534 4601 clima

253 4661 420 4712 πάλαι
462 4658 786 4728 πυρωθέντα
808 4657 916 4710 τῶν
951 4655 1215 4726 Ἐλλήνων
1234 4643 1469 4726 ἐσδέσοη
1501 4654 1839 4726 σεϐάσματας

1957 4656 2106 4720 ρωιὶ,
2151 4653 2238 4708 cui
2293 4651 2520 4705 obnoxii
2565 4664 2776 4710 sumus,
2845 4647 3077 4713 rejicere
3120 4643 3276 4696 velis.
3309 4640 3444 4694 Nam
3480 4647 3536 4693 et

253 4751 368 4816 Πῶς
395 4752 459 4804 δὲ
481 4753 706 4804 πάντων
741 4749 847 4804 ὐπὸ
865 4749 962 4822 τὴν
983 4750 1331 4822 εἱμαρμένην
1355 4748 1677 4813 τελούντων,
1699 4747 1846 4812 τινὲς

248 4844 426 4914 αὐτὴν
449 4842 848 4912 ἀνατρέπουσι,
879 4841 949 4895 τὰ
1000 4841 1099 4910 μὲν
1154 4839 1296 4910 ψιλῷ
1351 4831 1520 4908 λόγῳ,
1549 4834 1616 4891 τὰ
1653 4837 1710 4892 δὲ
1756 4838 1854 4890 καὶ

249 4933 632 5006 μακροτέροις
649 4927 1196 5002 συγγράμμασινςΕἰ
1225 4931 1336 4998 γὰρ
1364 4924 1506 4999 αὕτη
1531 4928 1640 4982 τῶν
1671 4944 1851 5000 πρατ-

245 5027 504 5096 τομένων
524 5025 702 5086 αἰτία,
725 5021 866 5091 αὐτη
891 5023 1188 5076 κατάλυσιν
1224 5021 1363 5074 ἰδίαν
1396 5020 1712 5090 ἐργάζεται.
1761 5017 1854 5072 Ei-

249 5115 429 5178 ιούτως
446 5115 558 5186 ἄρα
578 5115 698 5177 τοῖς
725 5113 988 5174 τοιούτοις
1010 5111 1289 5176 ὀνειδίζων
1319 5109 1505 5174 Θεὸς,‹
1527 5112 1847 5180 Στήτωσαν,

247 5208 416 5277 φησὶ,
453 5206 554 5260 καὶ
584 5205 920 5259 σωσάτωσάν
945 5219 1004 5256 σε
1025 5206 1071 5256 οἱ
1098 5200 1418 5273 ἀστρολόγοι
1473 5199 1569 5256 τοῦ
1622 5200 1854 5270 οὐρανοῦ

245 5301 298 5351 οἱ
330 5298 584 5368 δρῶντες
611 5299 741 5360 τοὺς
760 5296 1013 5365 ἀστέρας,
1041 5295 1092 5348 τί
1125 5293 1308 5364 μέλλει
1336 5293 1426 5347 ἐπὶ
1445 5293 1505 5346 σὲ
1537 5291 1852 5363 ἔρχεσθαι.»

247 5389 450 5443 Ταῦτά
479 5405 621 5460 φησι
651 5375 790 5459 πρὸς
838 5388 936 5458 τὴν
985 5387 1265 5458 Θυγατέρα
1299 5387 1406 5439 τῶν
1429 5385 1712 5439 Χαλδαίων
1747 5383 1856 5438 τῶν

248 5482 430 5536 ταῦτα
455 5482 701 5552 μάλιστα
729 5480 878 5552 παρὰ
904 5481 1116 5542 πάντας
1129 5480 1326 5532 ἐπιστα
1335 5477 1534 5547 μένων.

1947 4743 2122 4800 Judaei
2167 4761 2232 4800 ex
2263 4742 2451 4798 Judzea
2503 4739 2645 4811 pulsi
2683 4747 2739 4794 et
2773 4743 2825 4792 in
2862 4737 3046 4792 omnia
3085 4749 3220 4806 pene
3252 4730 3534 4788 habitabi-

1949 4839 2019 4893 lis
2049 4837 2206 4891 orbis
2250 4835 2478 4889 climata
2512 4833 2772 4903 dispersi,
2809 4830 3172 4886 nihilominus
3209 4822 3299 4880 die
3339 4833 3537 4878 octavo

1951 4927 2436 4984 circumcisionem
2477 4927 2794 4996 patiuntur.
2835 4927 3016 4990 Quare
3061 4921 3108 4976 si
3141 4935 3237 4974 vos
3275 4915 3534 4971 audiendi

1953 5020 2112 5081 estis,
2168 5033 2294 5072 cum
2344 5018 2456 5084 jam
2494 5017 2564 5070 ab
2607 5015 2866 5069 munibus
2919 5012 3136 5068 seculis
3193 5019 3340 5061 astra
3371 5021 3533 5062 suum

1953 5111 2250 5166 habuerint
2299 5117 2536 5171 motum,
2569 5107 2684 5161 lteri
2718 5106 2942 5161 domum
2989 5119 3052 5157 ac
3083 5099 3375 5156 admodum
3420 5097 3534 5168 pri-

1951 5203 2072 5258 dem
2113 5201 2270 5271 quasi
2327 5215 2394 5254 ex
2447 5197 2690 5254 tenebris
2742 5195 2971 5252 emersit
3011 5191 3326 5246 Christiana
3363 5183 3538 5256 gens?

1951 5309 2123 5363 quare
2154 5290 2580 5362 superstitiones
2620 5289 2910 5360 gentilium
2973 5300 3119 5339 nunc
3151 5283 3372 5335 demum
3403 5286 3534 5334 snrt

1953 5383 2322 5437 oblitterata)?
2371 5383 2576 5447 Quare,
2621 5380 2666 5434 si
2723 5394 2914 5432 omnes
2949 5373 3061 5429 lato
3089 5369 3320 5428 obnoxii
3361 5373 3532 5425 vitam

1955 5476 2198 5544 agimus,
2231 5475 2453 5544 quidam
2514 5487 2790 5534 sermone,
2845 5468 3069 5540 quidam
3103 5465 3328 5536 scriptis
3377 5461 3534 5516 libris

254 5571 431 5626 fatum
472 5572 804 5626 subvertere
855 5585 959 5624 non
1016 5569 1396 5626 erubescant?
1431 5567 1487 5622 Si
1545 5566 1845 5638 astrologia
1885 5579 2057 5621 causa
2097 5577 2404 5620 esteorum
2436 5580 2560 5634 qtae
2592 5562 2726 5617 tiuut
2763 5563 3118 5624 etdieuutur,
3180 5559 3346 5612 ctiam
3415 5551 3529 5607 dis-

257 5667 568 5720 solutionis
615 5673 785 5734 caput
834 5665 962 5720 erit.
1014 5665 1134 5719 Non
1179 5665 1368 5734 itaque
1403 5662 1682 5717 immerito
1747 5661 1884 5716 tales
1959 5659 2370 5736 reprehendens
2429 5668 2484 5712 et
2537 5659 2796 5712 incusans
2850 5653 3016 5714 Deus.
3073 5653 3316 5708 clamat:
3369 5666 3388 5698 ι
3437 5643 3534 5700 Sta

260 5773 410 5811 nunc
447 5771 583 5810 cum
638 5755 1048 5813 divinatoribus
1078 5755 1210 5824 tuis,
1249 5761 1303 5812 et
1336 5771 1458 5812 cum
1497 5752 1856 5809 multitudine
1889 5766 2174 5822 magorum
2209 5759 2452 5816 tuorum,
2484 5767 2609 5806 ciam
2673 5749 2876 5820 quibus
2905 5757 2954 5804 te
2990 5743 3230 5815 l'aligasti
3299 5757 3328 5796 a
3401 5754 3538 5810 puoo

327 5882 360 5912 ³
397 5873 474 5928 Ita
515 5876 641 5930 cod.
