3950 6396
560 342 667 406 815
1885 340 2237 403 PROCOPII
2278 343 2523 404 GAZEI
3712 358 3796 424 {lli

560 458 816 514 mortalis
863 464 1012 513 esset
1055 464 1252 510 nomen
1295 455 1520 511 Paschae
1562 456 1612 512 ei
1656 464 1742 512 est
1790 455 2113 537 impositum

2248 458 2578 529 ὑπόμνησιν,
2602 457 2696 512 καὶ
2720 459 2800 522 εἰς
2833 457 3069 528 δήλωσιν
3117 459 3221 514 τοῦ
3249 460 3348 515 τὸν
3372 460 3597 517 θάνατον
3640 474 3800 541 μηκέτι

560 561 893 623 tempusque
917 561 1161 603 annuum
1201 556 1286 604 est
1334 546 1698 604 destinatum.
1759 547 2120 620 Signiﬁcatnn

2248 550 2480 604 Θάνατον
2496 546 2638 605 εἶναι
2660 553 2989 622 τιςοιιέισιςιντοξ⁵
3009 553 3096 607 διὰ
3116 554 3224 625 τῆς
3248 555 3623 622 ἀναστάσεως.
3639 561 3797 635 ’Ᾱμνῄ.

560 654 740 699 autem
775 657 842 698 eo
869 648 975 706 est,
1032 640 1200 695 morti
1250 648 1583 711 potestatem
1635 654 1793 696 suam
1825 654 1923 711 per
1953 656 2120 696 resurl

2250 664 2412 717 μονες
2440 647 2497 700 δὲ
2523 647 2626 718 τῆς
2657 647 2981 720 εὐεργεσίας
3004 651 3054 702 οἱ
3083 647 3159 702 τὰ
3192 648 3408 719 σαρκὸς
3448 651 3798 724 προτιμῶντες,

559 734 863 793 rectionem
910 730 1295 805 Christi.csse
1342 731 1674 803 ademptam.
1730 730 1989 787 Beneficii
2039 746 2119 786 au«

2247 730 2322 790 ὧν
2352 736 2683 808 ἀποτρέπων
2721 738 3036 809 Τιμόθεονρ
3056 738 3283 802 Παῦλός
3309 756 3450 808 φησι
3475 756 3487 773 ·
3523 740 3800 812 Μνημὼευε

555 837 664 883 tem
690 824 860 896 hujus
902 825 1261 880 immemores
1306 833 1439 880 sunt
1469 824 1507 878 ii
1538 825 1635 896 qui
1669 838 1839 879 carne
1869 824 2008 878 nihil
2040 839 2110 879 an

2258 828 2467 898 Ἰησοῦν
2496 829 2734 901 Χριστὸν
2781 832 2846 902 ἐκ
2884 830 3094 902 νεκρῶν
3137 830 3530 902 ἐγηγερμένον
3551 850 3563 863 ·
3593 833 3684 888 οὐκ
3702 836 3801 891 ἀνά·

552 916 768 988 tiquius
800 902 1031 982 habent,
1066 931 1100 971 a
1129 930 1239 986 qua
1284 915 1588 971 dehortans
1616 913 1967 971 Timotheum
2000 914 2112 970 Pau

2249 937 2468 991 μνησιν,
2520 920 2599 985 ὡς
2639 901 3057 993 ἑπιλελῆσμὲνῳ
3098 921 3303 988 κινῶν,
3331 901 3334 902 ν
3358 921 3501 977 ἀλλὰ
3529 924 3730 997 μνήμην
3748 928 3801 992 ὼς

552 1009 640 1065 lus
665 1009 736 1076 θ’,
772 1009 954 1079 inquit
988 1007 1090 1064 :ln
1133 1010 1457 1064 memoriam
1512 1006 1799 1063 hominum
1835 1008 2023 1079 ingere
2051 1006 2112 1063 le

2249 1012 2609 1083 μεμνημένῳ.
2649 1031 2667 1064 ι
2705 1012 2964 1082 Ποιήετεις⁹
3010 1012 3067 1066 δὲ
3093 1012 3257 1079 αὐτὸ,
3296 1014 3462 1082 φησὶ,
3490 1018 3627 1069 κατὰ
3650 1019 3801 1088 καιρὶν

552 1114 675 1155 sum
723 1099 1005 1156 Christum
1054 1114 1086 1153 a
1125 1099 1364 1155 mortuis
1392 1099 1695 1154 excitatura
1727 1115 1742 1153 :
1774 1113 1887 1169 quo
1918 1099 2112 1170 quidem

2245 1102 2434 1157 αὐτοῦ.
2475 1101 2613 1156 Οὔτε
2640 1102 2749 1175 γὰρ
2777 1102 2933 1166 ἐκτὸς
2957 1102 3153 1174 καιροῦ
3205 1103 3273 1158 τὸ
3306 1105 3553 1174 πρᾶγμα
3599 1106 3800 1175 γέγονεν,

548 1208 660 1246 non
710 1191 1156 1248 recordationem
1201 1197 1469 1262 tanquam
1520 1192 1691 1247 oblito
1737 1206 1962 1248 movere
1993 1193 2108 1246 vult

1925 1208 1962 1248 λθ
1993 1193 2134 1257 vult,
2214 1248 2225 1263 ,
2244 1192 2359 1248 ἀλλ’
2388 1194 2478 1248 ὅτε
2504 1189 2638 1264 ἦλθε
2665 1194 2724 1246 τὸ
2753 1193 3028 1264 πλήρωμα
3060 1194 3158 1248 τοῦ
3194 1195 3427 1267 χρόνου.
3465 1214 3485 1249 s

552 1285 645 1341 sed
680 1295 942 1357 tanquam
981 1301 1284 1342 memorem
1329 1287 1827 1344 commonefacere.
1866 1288 2003 1343 lllud
2037 1296 2219 1346 autem
2254 1307 2267 1343 :
2302 1307 2322 1342 ι
2351 1287 2560 1355 Facite,
2596 1289 2798 1361 inquit,
2870 1296 3015 1346 stato
3083 1305 3148 1346 ac
3225 1290 3513 1362 praeﬁnito
3580 1302 3799 1365 tempore.

548 1380 691 1435 citra
721 1380 870 1450 quod
927 1380 1068 1434 nihil
1127 1380 1356 1435 omnino
1409 1381 1575 1453 hujus
1615 1380 1736 1437 ﬁeri
1787 1381 1979 1438 debuit
2005 1380 2071 1437 ⁸³.
2108 1400 2128 1435 ο

621 1495 855 1567 PrOpter
904 1494 1147 1564 pollutos
1196 1510 1327 1551 vero
1361 1511 1532 1568 super
1576 1498 1761 1553 anima
1815 1500 2026 1555 mensis
2067 1497 2346 1556 secundus
2374 1506 2459 1554 est
2491 1513 2816 1557 concessus.
2852 1502 2918 1554 At
2947 1496 3100 1554 dicat
3131 1498 3370 1571 aliquis,
3399 1513 3500 1555 eos
3533 1504 3625 1568 qui
3660 1496 3796 1552 homi-

548 1583 682 1638 cidii
710 1583 924 1639 scelere
948 1583 1005 1637 in
1035 1582 1321 1639 Christum
1356 1593 1575 1654 patrato
1603 1601 1728 1641 sese
1756 1587 2145 1657 inquinarunt,
2179 1588 2386 1658 quique
2434 1597 2691 1642 sanctum
2737 1597 2941 1643 nostra:
2986 1587 3225 1642 Paschae
3274 1586 3487 1642 festum
3537 1585 3793 1655 negligant,

554 1673 681 1726 licet
712 1671 1177 1741 praetermiserim
1207 1673 1407 1727 salutis
1459 1682 1678 1744 tempus
1708 1675 1869 1741 illud,
1916 1677 1973 1730 in
2001 1690 2112 1747 quo
2150 1676 2265 1731 Dux
2299 1676 2425 1730 vitae
2467 1692 2561 1742 per
2594 1675 2920 1732 aﬂlictiones
2945 1684 3385 1731 consummatus
3419 1683 3549 1738 est;
3585 1682 3639 1728 at
3665 1675 3790 1727 misc-

552 1759 770 1813 ratione
795 1758 916 1828 ejus
942 1761 1038 1829 qui
1072 1773 1267 1814 omnes
1301 1762 1512 1816 servari
1554 1756 1765 1832 expetit
1814 1766 2055 1833 posteris
2094 1765 2461 1837 temporibus,
2511 1773 2774 1835 tanquam
2827 1766 3077 1821 secundo
3127 1780 3355 1827 mense,
3403 1779 3534 1819 cum
3582 1764 3793 1834 gentibus

554 1848 607 1900 in
660 1845 870 1901 Christi
915 1847 1400 1919 participationem
1450 1851 1799 1920 pervenient.
1852 1851 1990 1906 Nam
2034 1853 2216 1923 quiin
2273 1851 2513 1924 [Egypto
2564 1848 2841 1907 idolorum
2897 1854 3179 1908 culturam
3236 1851 3537 1922 aspernati
3586 1848 3791 1913 fuerunt,

552 1951 741 1992 mense
777 1937 954 2006 primo
992 1938 1192 1992 festum
1227 1936 1456 1994 Pascha:
1493 1939 1800 2011 agitarunt,
1856 1941 1949 2012 qui
1997 1943 2167 1997 etiam
2197 1939 2406 1995 ChriSti
2447 1940 2717 2011 sanguine
2750 1942 2903 1995 uncti
2951 1948 3303 1997 vastatorem
3357 1946 3791 2008 contempserunt.

548 2026 619 2076 At
649 2024 688 2077 ii
726 2024 823 2093 qui
854 2024 911 2077 in
945 2038 1093 2079 anno
1125 2023 1350 2079 demum
1395 2032 1492 2081 aut
1540 2026 1791 2082 secundo
1823 2042 2017 2085 mense
2067 2028 2364 2094 accedunt,
2398 2028 2697 2084 difﬁculter
2735 2029 2791 2084 in
2829 2030 2968 2084 uteri
3002 2030 3089 2085 sui
3119 2028 3540 2099 inspectionem
3577 2037 3695 2083 sunt
3720 2026 3793 2081 ad-

545 2110 720 2165 ducti.
756 2110 1054 2176 Caeterum,
1092 2131 1112 2165 ι
1162 2111 1299 2167 Cum
1362 2113 1664 2169 multitudo
1716 2115 1965 2185 gentium
1993 2116 2245 2185 ingressa
2293 2116 2481 2183 fuerit,
2518 2117 2723 2187 inquit,
2766 2127 2899 2173 tunc
2930 2117 3116 2172 omnis
3143 2115 3328 2171 Israel
3360 2114 3672 2170 servabitur
3695 2114 3788 2165 “.r

546 2198 709 2269 393
742 2199 874 2254 item
906 2201 1148 2271 posthaec
1175 2208 1579 2256 convertentur
1609 2202 1709 2257 lilii
1750 2203 1923 2259 Israel
1959 2211 2014 2260 et
2038 2202 2379 2273 indagabunt
2413 2205 2708 2258 Dominum
2752 2203 2924 2261 Deum
2960 2220 3120 2261 suum
3146 2214 3204 2260 et
3234 2204 3416 2259 David
3443 2218 3618 2273 regem
3642 2218 3788 2258 suum.

547 2285 794 2357 Denique
829 2302 981 2353 vero,
1012 2289 1261 2346 secundo
1302 2303 1524 2344 manum
1555 2305 1712 2347 suam
1737 2289 1932 2346 all'eret
1974 2290 2044 2345 ad
2073 2291 2468 2348 attrahendum
2503 2292 2771 2362 reliquias
2815 2292 2899 2347 sui
2931 2292 3144 2363 populi.
3211 2292 3395 2346 Porro
3436 2292 3492 2345 in
3536 2292 3790 2362 longinqua

546 2375 633 2429 via
661 2373 885 2429 exsistit
918 2375 1013 2431 ille
1040 2377 1133 2447 qui
1166 2384 1326 2432 extra
1359 2377 1666 2433 Ecclesiam
1696 2387 1782 2438 est
1805 2385 1861 2433 et
1890 2379 2040 2449 ligno
2078 2380 2252 2435 dicit:
2292 2398 2312 2431 ‹
2352 2378 2497 2435 Deus
2529 2394 2687 2435 meus
2713 2395 2774 2436 es
2808 2392 2899 2449 tu,
2936 2390 2991 2435 et
3040 2379 3215 2451 lapidi
3247 2398 3261 2435 :
3289 2380 3375 2435 Tu
3417 2394 3552 2435 meae
3583 2381 3692 2433 vita:
3712 2393 3787 2433 au-

545 2471 669 2518 ctor
701 2478 762 2519 es
788 2463 858 2532 ⁸³,
889 2483 908 2517 ι
952 2473 1050 2520 aut
1072 2466 1280 2537 alioqui
1312 2480 1345 2521 a
1376 2482 1507 2523 vera
1531 2466 1601 2524 de
1639 2465 1753 2523 Deo
1792 2468 2065 2523 sententia
2099 2469 2339 2523 aberrat.
2378 2465 2507 2523 Pari
2560 2484 2690 2523 vero
2726 2468 2890 2523 modo
2923 2469 3216 2524 nobiscum
3259 2467 3561 2523 feriabitur
3588 2468 3783 2529 advena,

544 2565 611 2607 ac
640 2551 881 2607 victimae
916 2553 1221 2611 incruenta:
1251 2556 1537 2627 particeps
1578 2556 1695 2613 fiet.
1726 2557 1771 2611 Α
1807 2557 1926 2629 lege
1959 2558 2061 2612 hac
2108 2558 2343 2611 fortasse
2382 2570 2520 2611 usus
2560 2555 2809 2610 obtinuit
2844 2556 2902 2611 in
2938 2555 3216 2624 Ecclesia,
3246 2564 3312 2610 ut
3344 2557 3394 2610 si
3425 2570 3615 2611 mense
3642 2554 3783 2625 primo

543 2642 846 2711 excideret,
877 2645 1105 2700 secundi
1135 2646 1346 2701 mensis
1374 2646 1653 2702 decimum
1699 2658 1962 2717 quartum
1994 2647 2139 2702 diem
2187 2644 2541 2701 subornaret.
2576 2642 2848 2699 Caeterum
2881 2643 2975 2716 qui
3001 2659 3105 2700 nec
3146 2645 3414 2715 impurus
3441 2652 3528 2700 est
3556 2658 3650 2698 nec
3675 2642 3782 2697 emi-

541 2744 651 2785 nus
677 2736 787 2783 stat
817 2744 881 2784 ex
912 2744 1064 2785 mera
1096 2732 1413 2801 arrogantia
1445 2738 1543 2785 aut
1594 2731 1766 2786 nimia
1801 2733 2152 2801 voluptatum
2196 2729 2594 2799 admiratione,
2627 2730 2844 2787 alienus
2892 2746 2920 2785 a
2954 2745 3156 2803 genere
3183 2732 3342 2801 quod
3392 2730 3603 2787 servari
3637 2730 3780 2790 debet.

537 2823 649 2870 est.
706 2814 808 2883 Qui
862 2816 1007 2871 enim
1073 2814 1308 2872 Domino
1337 2833 1451 2873 non
1505 2817 1646 2883 fidit,
1685 2818 1888 2890 inquit,
1924 2820 2094 2873 vitam
2136 2833 2245 2874 non
2288 2818 2513 2886 videbit,
2542 2834 2733 2875 verum
2767 2819 2848 2874 ira
2876 2818 2972 2875 Dei
3009 2834 3178 2890 super
3207 2834 3278 2876 eo
3311 2819 3542 2885 residet,
3570 2834 3631 2873 eo
3667 2817 3777 2889 quod

539 2903 902 2974 benignitatis
932 2911 1156 2976 tempus
1188 2904 1441 2976 despexit
1461 2906 1531 2960 ⁸⁸.
1556 2905 1803 2977 Tempus
1836 2917 2021 2963 autem
2059 2906 2192 2961 illud
2221 2915 2444 2978 tempus
2482 2909 2609 2964 lidei
2638 2917 2745 2964 est.

615 2990 788 3045 Porro
815 2991 900 3045 die
915 3006 976 3060 eo
1001 3007 1106 3061 quo
1131 3003 1363 3045 erectum
1382 3000 1459 3046 est
1482 2991 1903 3052 tabernaculum.
1938 2991 2098 3048 nubes
2130 2993 2392 3050 oboelavit
2434 2995 2593 3051 illud.
2621 2994 2739 3070 [IX,
2774 2996 2887 3071 l5.]
2926 2997 3352 3069 Quamprimum
3387 2998 3533 3055 enim
3579 2995 3779 3052 Ecclesia

533 3087 738 3134 exorta
779 3079 967 3144 fuerit,
1001 3078 1265 3149 splendor
1289 3079 1486 3149 gloriae
1510 3079 1717 3135 Christi
1750 3080 1802 3135 ei
1837 3078 2079 3152 alit-lget.
2105 3080 2238 3148 Quae
2276 3082 2345 3139 iis
2371 3084 2595 3154 quidem
2628 3086 2725 3154 qui
2756 3084 2811 3140 in
2850 3087 3033 3141 noctis
3071 3088 3312 3159 caligine
3350 3087 3610 3142 oberrant
3633 3085 3779 3140 lumen

542 3169 808 3236 immittit,
844 3167 914 3223 iis
941 3168 1034 3238 qui
1063 3170 1268 3225 mentis
1303 3169 1427 3223 luce
1475 3178 1607 3225 sunt
1633 3168 1900 3224 illustrati
1928 3184 2086 3225 suam
2120 3171 2518 3242 protectionem
2550 3171 2805 3243 largitur.
2833 3171 2985 3243 Opus
3024 3176 3172 3229 enim
3210 3175 3420 3230 habent
3449 3172 3778 3244 imprudentes

540 3272 609 3312 ac
634 3257 762 3312 caeci
794 3256 1231 3334 .illuminatione.
1260 3256 1559 3312 llluminati
1589 3272 1721 3312 vero
1764 3272 1861 3327 per
1892 3256 2054 3312 (idem
2087 3261 2433 3328 protectione
2459 3270 2514 3317 et
2543 3261 2818 3329 subsidio,
2851 3279 2962 3332 quo
2993 3271 3221 3319 strenue
3265 3264 3489 3335 possint
3534 3261 3778 3334 praesentis

538 3344 669 3398 vitm
702 3344 987 3399 molestias
1022 3352 1077 3398 et
1102 3343 1210 3398 diei
1248 3341 1622 3399 dillicultatem
1653 3342 1922 3415 perferre.
1961 3343 2169 3403 Omnes
2197 3348 2342 3403 enim
2375 3349 2470 3419 qui
2510 3348 2567 3403 in
2593 3347 2818 3406 Christo
2849 3351 2937 3420 'pie
2974 3352 3207 3420 cupiunt
3243 3354 3433 3408 vivere
3455 3348 3775 3422 petseculiuni

538 3429 853 3502 subjacent.
882 3430 1167 3487 Christum
1198 3446 1326 3487 vero
1357 3446 1696 3503 quocunque
1727 3448 1827 3489 nos
1851 3432 2020 3487 ducat
2053 3433 2169 3490 sive
2200 3434 2525 3492 recedentes
2556 3438 2677 3493 sive
2708 3438 3038 3494 accedentes
3066 3440 3379 3509 sequimur.
3412 3438 3593 3495 Prima
3627 3446 3774 3491 autem

541 3523 815 3579 discessio
851 3537 880 3576 a
927 3522 1090 3579 nobis
1110 3522 1184 3578 ab
1233 3522 1565 3579 inﬁdelitate
1610 3525 1677 3578 ad
1726 3523 1884 3579 Iidem
1914 3523 1996 3588 tit,
2032 3522 2275 3578 secunda
2310 3537 2340 3577 a
2389 3522 2527 3578 vitio
2575 3523 2644 3578 ad
2685 3523 2970 3590 virtutem,
3004 3525 3169 3579 tertia
3208 3541 3278 3597 ex
3314 3525 3706 3598 imperfectione
3724 3517 3773 3572 ad

541 3613 669 3667 vitae
705 3608 1122 3681 perfectionem,
1163 3610 1282 3666 sive
1310 3626 1376 3665 ea
1406 3612 1566 3679 juxta
1601 3610 1878 3666 actionem
1924 3613 2041 3666 sive
2067 3611 2398 3666 sententiam
2421 3611 2730 3666 aestimetur
2764 3630 2779 3667 :
2815 3632 2834 3664 ι
2867 3610 2924 3667 1η
2960 3613 3295 3683 perfectum,
3331 3616 3579 3686 inquam,
3609 3613 3774 3669 virum.

541 3711 595 3755 et
620 3699 770 3771 justa
797 3706 960 3754 aetate
991 3698 1046 3754 in
1077 3696 1305 3753 Christo
1360 3708 1709 3769 provectum,
1742 3717 1761 3751 ι
1802 3697 1963 3768 juxta
2017 3696 2155 3752 illud
2193 3697 2344 3767 quod
2394 3697 2601 3755 Paulus
2630 3700 2764 3755 dicit
2793 3699 2880 3756 ετξ
2942 3719 2960 3752 t
3001 3699 3181 3755 Unum
3214 3711 3402 3758 autern
3436 3701 3568 3756 illud
3592 3713 3699 3768 ago,
3726 3710 3774 3747 ea

538 3788 766 3858 quidem
799 3803 923 3859 quae
951 3800 981 3841 a
1022 3796 1174 3857 tergo
1206 3794 1340 3842 sunt
1379 3793 1440 3840 ut
1470 3786 1791 3852 obliviscar,
1825 3786 1893 3840 ad
1940 3799 2005 3841 ea
2039 3801 2168 3841 vero
2204 3802 2330 3858 quae
2361 3804 2399 3841 ει·
2433 3786 2616 3843 fronte
2660 3798 2791 3842 sunt
2820 3790 3039 3845 enitens
3064 3790 3224 3860 juxta
3273 3790 3554 3861 praeﬁxum
3596 3787 3772 3856 signum

539 3878 809 3946 insequar
841 3875 910 3930 ad
939 3874 1182 3945 palmam
1222 3888 1476 3943 supernae
1512 3872 1822 3929 vocationis
1855 3871 1946 3927 Dei
1979 3887 2076 3943 per
2104 3872 2390 3931 Christum
2421 3874 2612 3932 Jesum
2635 3877 2701 3933 ⁸⁸.
2735 3896 2755 3929 ι
2797 3876 2908 3933 Nec
2943 3894 3076 3933 vero
3110 3872 3249 3933 citra
3280 3878 3487 3935 Christi
3517 3891 3661 3946 opem
3685 3869 3771 3925 ﬁeri

533 3963 899 4035 cogitandum
917 3970 1168 4025 est,cum
1196 3960 1477 4031 ipsemet,¢
1502 3961 1634 4015 Sine
1656 3975 1742 4016 me
1774 3976 1886 4015 non
1908 3959 2211 4031 quidquam
2241 3977 2404 4034 agere
2434 3964 2723 4034 potestis,»
2756 3965 2925 4020 dicat.
2956 3965 3154 4021 Omnia
3174 3968 3324 4022 enim
3354 3969 3456 4022 rite
3486 3977 3536 4021 et
3560 3963 3772 4021 decenter

544 4055 599 4108 in
642 4054 764 4122 ipso
802 4052 960 4119 liunt,
1005 4049 1313 4129 secundum
1343 4050 1692 4120 Apostolum.
1723 4049 1884 4117 Quod
1924 4051 2104 4121 ipsum
2143 4049 2521 4121 profectiones
2552 4069 2776 4123 quoque
2811 4054 2881 4109 ab
2919 4055 3192 4125 apostolis
3239 4054 3401 4110 factae
3432 4069 3497 4108 ac
3546 4056 3772 4116 suscepta:

541 4141 943 4210 comprobant;
976 4153 1159 4194 nonne
1193 4138 1340 4193 enim
1377 4153 1446 4194 ex
1481 4138 1611 4193 Asia
1659 4139 1714 4193 in
1752 4137 2126 4195 Macedoniam
2163 4154 2259 4211 per
2299 4139 2568 4197 visionem
2609 4144 2869 4198 mandato
2899 4154 3130 4214 accepto
3174 4144 3280 4200 iter
3328 4142 3593 4205 fecerant,
3622 4140 3669 4192 in
3703 4135 3768 4188 Βί-

534 4229 790 4301 thyniam
822 4240 954 4282 vero
987 4225 1298 4296 pervenire,
1331 4225 1483 4313 ipsos
1518 4225 1717 4296 spiritu
1751 4227 1959 4283 Christi
1993 4227 2342 4297 prohibente,
2376 4243 2486 4283 non
2521 4231 2814 4299 poterant?

612 4316 771 4385 Quod
804 4316 852 4370 si
878 4314 1080 4370 steterit
1109 4314 1276 4369 nubes
1301 4330 1333 4367 a
1362 4330 1577 4383 vespera
1605 4330 1772 4385 usque
1807 4314 1877 4370 ad
1907 4331 2064 4371 mane
2096 4325 2147 4370 et
2185 4313 2452 4386 deinceps.
2488 4315 2614 4373 Sive
2653 4318 2755 4374 sub
2793 4333 3105 4389 vesperam,
3134 4321 3252 4376 sive
3276 4334 3460 4386 mane,
3494 4317 3604 4374 sive
3632 4320 3764 4368 noctu

542 4405 722 4461 nubes
751 4401 1126 4466 ascendisset,
1164 4401 1367 4471 inquit,
1406 4400 1650 4456 interdiu
1693 4410 1878 4457 castra
1909 4402 2228 4468 movebunt,
2261 4412 2545 4476 noctuque
2577 4405 2683 4462 iter
2714 4406 2944 4463 minime
2983 4408 3225 4463 inibunt.
3256 4407 3635 4479 Saepenumero
3666 4410 3766 4452 vero

541 4508 640 4564 per
681 4481 926 4546 mensem
968 4489 1243 4561 integrum
1302 4490 1410 4543 tixa
1459 4495 1515 4543 et
1549 4489 1778 4543 immota
1841 4489 1993 4544 stetit
2036 4491 2231 4555 nubes,
2281 4501 2338 4547 et
2373 4500 2484 4547 tam
2550 4494 2813 4549 diuturna
2871 4511 3027 4552 mora
3096 4496 3350 4554 facienda
3383 4496 3507 4553 fuit.
3540 4487 3763 4549 Ascensio

471 4558 495 4595 ’δ
540 4582 686 4639 enim
713 4577 1104 4651 perfectionem
1137 4576 1526 4646 portendebat.
1545 4574 1682 4630 Nam
1706 4578 2148 4646 quotiescunque
2178 4579 2288 4635 Deo
2310 4582 2460 4651 ipsos
2485 4597 2706 4639 movere
2736 4583 2909 4639 visum
2933 4596 3075 4653 erat,
3103 4588 3376 4642 columnae
3408 4587 3575 4657 igneae
3595 4578 3760 4635 nubem

541 4677 707 4723 noctu
738 4675 834 4721 aut
862 4664 970 4721 sub
1017 4678 1308 4739 vesperam
1348 4662 1701 4725 imnrittebat,
1733 4679 1857 4734 qua:
1891 4679 2058 4734 porro
2094 4665 2356 4722 tendebat
2401 4677 2455 4724 et
2499 4669 2766 4726 israelitis
2794 4673 2940 4726 viam
2968 4688 3069 4730 ceu
3104 4675 3475 4741 monstrabat,
3522 4666 3760 4739 signiticzt-

528 4756 741 4826 .batque
776 4751 1016 4807 interdiu
1051 4751 1154 4806 iter
1182 4765 1306 4806 esse
1332 4748 1779 4819 ingrediendum.

610 4863 661 4919 Ρ
664 4881 728 4920 ac
752 4864 853 4918 tibi
877 4861 1015 4916 duas
1048 4860 1203 4915 tubas
1229 4858 1480 4924 ductiles.
1510 4869 1623 4918 etc.
1664 4857 1758 4933 lx,
1788 4859 1871 4932 2.]
1906 4861 2117 4933 Duplex
2147 4878 2170 4920 c

2193 4866 2295 4921 nim
2339 4868 2393 4921 in
2422 4868 2789 4929 coneionihus
2822 4882 2906 4929 est
2940 4877 3335 4946 promulgatio.
3368 4878 3544 4932 Altera
3573 4864 3753 4939 quidem

524 4954 791 5017 moralis,
816 4953 985 5037 altera
1038 4965 1170 5006 vero
1205 4949 1560 5015 doctrinalis,
1602 4963 1666 5004 ea
1697 4950 1954 5037 videlicet
2007 4967 2115 5021 qua
2146 4956 2428 5010 veritatem
2473 4958 2776 5025 tradentes,
2833 4961 3128 5017 falsitatem
3164 4965 3560 5037 redarguimus,
3600 4966 3757 5027 quem-

535 5041 833 5100 admodum
864 5036 1068 5093 Paulus
1095 5052 1191 5091 cos
1219 5037 1311 5106 qui
1344 5050 1373 5089 a
1421 5036 1782 5091 matrimonio
1814 5044 1871 5092 et
1916 5038 2058 5095 cibis
2085 5048 2353 5111 tanquam
2389 5043 2554 5101 rebus
2596 5062 2696 5118 per
2727 5064 2787 5104 se
2830 5053 3015 5119 pravis
3054 5036 3442 5110 abstinendum
3483 5062 3599 5106 esse
3633 5055 3753 5096 assr-

534 5134 747 5197 rebant,
794 5127 1269 5202 quemadmodum
1302 5141 1400 5180 cos
1448 5126 1543 5195 qui
1586 5126 2068 5183 circumcisionem
2098 5137 2361 5200 tanquam
2406 5149 2518 5187 rem
2554 5138 2926 5193 necessariam
2976 5136 3141 5195 saluti
3194 5144 3437 5198 retinere
3478 5131 3749 5193 studebant.

517 5219 808 5276 Caeterum
853 5223 1081 5289 argento
1115 5222 1377 5270 constant
1425 5214 1569 5300 tuba:
1620 5213 1728 5278 hae,
1764 5213 1831 5268 ad
1871 5213 2221 5287 eﬂigiandum
2254 5219 2605 5288 splendorem
2637 5224 2731 5293 qui
2765 5239 2890 5279 cum
2927 5236 3163 5297 utroque
3218 5220 3652 5300 promulgationis
3674 5230 3749 5284 ge-

524 5322 664 5362 nere
697 5305 1033 5376 coniunctus
1075 5318 1200 5358 esse
1228 5302 1411 5356 debet.
1443 5298 1725 5366 Quantum
1768 5314 1900 5357 vero
1946 5318 2141 5358 aurum
2176 5316 2404 5377 argento
2442 5309 2630 5378 potius
2673 5320 2779 5379 est,
2816 5322 3029 5370 tantum
3064 5298 3234 5373 verbo
3281 5298 3560 5385 mensiper
3585 5318 3743 5363 aurum

531 5401 950 5464 reprmsentata,
998 5406 1109 5461 quo
1157 5390 1388 5445 interior
1418 5387 1710 5459 splendida
1754 5389 2004 5447 Ecclesia
2038 5406 2298 5447 exornata
2330 5403 2435 5462 est,
2466 5396 2520 5449 id
2563 5406 2670 5465 est,
2705 5401 2751 5456 si
2800 5413 3038 5457 mentem
3076 5415 3324 5476 spectas,
3355 5392 3532 5460 aureis
3580 5391 3746 5451 amicta

472 5526 475 5529 .
533 5483 804 5538 vestibus.
833 5481 1104 5535 Craterum
1137 5478 1368 5534 alterius
1393 5476 1546 5531 tubae
1579 5476 1889 5532 ministerio
1926 5479 2381 5536 convocabantur
2404 5485 2707 5558 principes
2744 5492 2967 5548 acutius
3016 5505 3332 5560 cernentes,
3365 5501 3418 5551 et
3456 5487 3607 5546 citius
3635 5478 3740 5532 01³9·

528 5571 768 5631 dientes,
810 5576 1140 5640 argumento
1181 5566 1437 5621 videlicet
1484 5564 1633 5635 quod
1685 5566 1973 5638 religionis
2028 5563 2307 5626 institutio
2348 5573 2414 5625 ad
2470 5563 3153 5650 Ecclesiam'pertincrct.
3191 5603 3211 5637 ι
3242 5584 3302 5640 ιη
3358 5576 3584 5638 Ecclesia
3622 5566 3739 5624 cuinl

600 5742 726 5825 “.9
758 5740 1070 5825 7391:353-
1144 5739 1191 5771 ³’
1218 5739 1398 5825 θὲὶθίι
1424 5757 1508 5825 ,Νι
1554 5741 1606 5796 ⁴’
1677 5740 1725 5772 ⁸⁸
1761 5739 2026 5807 “Om-1“,
2055 5741 2149 5807 θεῖ»

2175 5740 2266 5796 26.
2381 5744 2428 5779 ⁸⁸
2461 5744 2664 5803 Jcrem.
2703 5766 2761 5818 tt,
2795 5751 2884 5806 21.
2950 5753 2997 5787 ⁸⁸
3038 5708 3200 5811 Joan.
3233 5772 3317 5825 tu,
3349 5753 3430 5812 36.
3503 5744 3545 5782 ⁸⁷
3570 5739 3730 5815 lalim”

532 5830 605 5880 tv,
641 5816 727 5870 ιδ.
803 5811 1111 5881 “Philipp.
1147 5826 1227 5872 tu,
1257 5810 1343 5874 l3,
1377 5811 1464 5864 M.
