3950 6432
228 388 364 456 817
1359 402 1903 467 COMMENTABII
1939 406 2023 467 IN
2064 404 2453 485 NUMEROS.
3432 403 3537 469 818

221 502 428 563 malo,
464 503 664 574 inquit,
700 505 945 577 quinque
981 507 1151 565 verba
1209 521 1392 568 meme
1442 529 1562 570 mea
1595 514 1784 587 loqui,
1830 522 1891 571 ut
1934 523 1990 570 et
2035 515 2176 571 alios
2226 516 2551 580 instituam,
2590 527 2756 586 quam
2808 512 2999 569 decem
3051 511 3219 568 millia
3242 513 3535 569 verborum

224 588 450 657 lingua
471 591 539 646 ”.
572 611 589 642 ι
613 622 682 632 -
708 612 726 644 ι
760 593 1005 664 Sapienti
1038 611 1224 667 porro,
1250 597 1454 669 inquit,
1481 603 1833 659 occasionem
1879 602 2101 668 exhibe,
2144 611 2200 657 et
2244 601 2556 672 sapientior
2607 602 2720 657 fiet.
2769 599 3215 671 Erudi-justum,
3270 607 3327 656 et
3364 601 3539 656 multo

226 678 495 746 amplius
528 680 791 749 percipiet
814 682 882 735 π.
920 701 940 735 ι

319 764 494 837 394
527 766 703 821 Porro
734 768 875 823 sicut
908 781 1150 840 quatuor
1178 773 1431 844 regiones
1464 782 1778 833 castrorum
1810 784 1993 843 erant,
2027 778 2100 833 ita
2125 785 2368 848 quatuor
2396 777 2673 834 dabantur
2697 777 2877 848 signa,
2910 787 3154 849 quatuor
3180 777 3330 834 enim
3358 777 3540 835 Evan-

227 851 426 922 geliis
454 861 691 909 cunctus
721 856 976 913 eruditus
1007 868 1091 914 est
1114 862 1380 918 mundus.
1408 863 1553 930 Quin
1582 865 1746 920 etiam
1786 872 2026 936 quatuor
2056 866 2109 921 in
2145 864 2397 921 Ecclesia
2419 866 2574 921 verbi
2608 872 2742 921 sunt
2766 863 3116 922 differentias.
3154 866 3278 921 Alia
3310 865 3535 936 quidem

228 950 333 996 est
367 955 474 1010 qua
507 941 759 999 infideles
789 945 1175 1013 instituuntur,
1215 949 1337 1005 aliae
1365 966 1498 1006 vero
1531 962 1644 1008 tres
1676 953 1859 1008 tribus
1887 951 2220 1008 differentiis
2250 966 2317 1007 ac
2344 952 2708 1023 varietatibus
2737 951 3537 1023 ﬁdeliumlaccommodantur,

227 1039 297 1081 et
336 1029 397 1083 in
427 1029 723 1083 collatione
745 1030 836 1096 50,
864 1038 918 1085 et
959 1031 1051 1093 60,
1088 1042 1142 1087 et
1171 1033 1262 1097 90,
1298 1050 1490 1092 eorum
1518 1037 1614 1107 qui
1650 1037 2137 1103 faciuntverhum
2171 1022 2455 1095 consisiit.
2485 1039 2593 1094 Alii
2641 1038 2848 1095 etenim
2884 1022 3093 1095 mundo
3133 1047 3267 1096 sunt
3302 1038 3534 1104 addicti,

229 1119 459 1185 quibus
488 1116 697 1173 Paulus
737 1118 870 1173 dicit
899 1136 911 1173 :
949 1139 968 1172 ι
1002 1118 1172 1175 Uxori
1203 1122 1466 1192 alligatus
1499 1140 1582 1190 es,
1612 1141 1783 1196 quare
1812 1143 1881 1182 ne
1914 1128 2140 1183 studeas
2173 1127 2444 1193 dissolvi;
2494 1128 2716 1182 solutus
2754 1141 2816 1181 es
2847 1127 2915 1182 ab
2941 1143 3139 1192 uxore,
3185 1142 3254 1182 ne
3306 1140 3536 1181 uxorem

238 1205 510 1273 requiras
532 1205 632 1259 ".r
662 1205 769 1259 Alii
807 1221 972 1275 porro
1002 1214 1252 1263 sanctam
1279 1219 1332 1264 et
1363 1211 1779 1269 exercitationis
1802 1216 2097 1284 patientem
2124 1226 2491 1287 susceperunt
2515 1216 2682 1270 vitam
2711 1234 2726 1270 :
2754 1215 2947 1271 his-ait
2973 1233 2987 1265 τ
3021 1235 3042 1269 ι
3070 1216 3315 1271 Terrena
3349 1226 3537 1270 vestra

244 1294 500 1346 membra
529 1293 855 1348 mortificate
873 1295 919 1327 ’³
942 1311 990 1360 ;›
1024 1303 1080 1349 et
1104 1311 1331 1352 rursum
1358 1298 1544 1368 inquit
1567 1316 1581 1352 :
1604 1317 1624 1350 ι
1644 1298 1983 1360 Afl‘ectiones
2003 1305 2173 1376 hujus
2199 1305 2489 1376 prasentis
2512 1303 2705 1361 saeculi
2733 1302 2993 1374 indignos
3024 1302 3267 1359 reddunt
3284 1301 3532 1357 futuram

238 1381 593 1437 recondendi
629 1383 859 1452 gloriam
882 1384 948 1439 ".
982 1402 1001 1436 ι
1036 1386 1143 1440 Alii
1174 1401 1304 1442 vero
1343 1387 1412 1441 ad
1439 1402 1659 1444 sacrum
1700 1405 1904 1446 munus
1938 1394 2121 1449 vocati
2150 1402 2322 1449 sunt:
2354 1394 2429 1449 de
2476 1394 2565 1449 his
2592 1393 2805 1449 dictum
2836 1399 2921 1447 est
2954 1408 2968 1445 :
3006 1410 3025 1436 ε
3054 1391 3112 1446 In
3149 1390 3312 1447 labiis
3350 1404 3539 1447 sacer-

237 1469 443 1524 dotum
480 1472 797 1527 servabitur
821 1473 1123 1543 judicium,
1161 1483 1217 1531 et
1248 1474 1421 1547 legem
1459 1492 1525 1532 ex
1558 1491 1655 1534 ore
1686 1479 1808 1548 ejus
1843 1480 2278 1536 sciscitabuntur
2309 1481 2375 1537 “.
2412 1499 2433 1534 ι
2467 1479 2643 1549 Cujus
2677 1478 2896 1551 generis
2924 1478 3109 1533 omnia
3148 1491 3371 1549 quoque
3407 1484 3540 1532 sunt

236 1571 377 1625 quas
403 1556 611 1613 Paulus
646 1574 751 1615 suo
784 1557 1083 1615 Timotheo
1108 1561 1355 1619 mandat.
1394 1564 1666 1621 Caeterum
1695 1567 1997 1622 motionem
2026 1584 2154 1625 cum
2186 1569 2365 1640 jubilo
2397 1568 2700 1625 faciebant.
2729 1567 3008 1624 Profectio
3034 1566 3183 1622 enim
3217 1580 3284 1622 ea
3312 1580 3434 1636 qua
3466 1564 3538 1621 ad

238 1645 421 1700 finem
449 1646 623 1701 tendit
680 1647 916 1716 jubilum
952 1648 1204 1705 victoriae
1250 1650 1468 1721 signum
1523 1652 1711 1709 habet.
1756 1653 1999 1727 Victoria
2048 1656 2195 1711 enim
2255 1665 2579 1712 sanctorum
2617 1655 2742 1710 vitae
2789 1655 2971 1711 exitus
3014 1661 3122 1711 est.
3160 1672 3180 1706 ι
3216 1654 3337 1709 Deo
3365 1651 3536 1718 enim,

240 1732 462 1802 inquit,
494 1734 589 1804 qui
630 1734 796 1791 nobis
831 1735 1121 1791 victoriam
1167 1753 1265 1809 per
1304 1738 1595 1795 Dominum
1629 1750 1883 1798 nostrum
1918 1739 2109 1798 Iesum
2151 1742 2439 1800 Christum
2478 1741 2695 1799 confert
2719 1742 2788 1799 ".
2823 1761 2842 1795 ι
2879 1741 3037 1809 Quod
3068 1748 3277 1809 autem
3299 1740 3426 1798 aliis
3454 1742 3540 1795 in-

241 1755 462 1802 mquu,
494 1755 589 1804 qui
631 1755 796 1791 ιιουιε
831 1755 1121 1791 victoriam
1167 1755 1265 1809 per
1304 1755 1595 1795 uonuuum
1629 1755 1883 1798 nostrum
1918 1755 2109 1798 Jesum
2151 1755 2439 1800 Christum
2478 1755 2695 1799 conlert
2719 1755 2788 1799 ".
2823 1761 2842 1795 ι
2879 1755 3037 1809 quod
3068 1755 3197 1797 aute
3299 1755 3426 1798 ams
3455 1757 3537 1795 in-

238 1821 601 1889 terpretibus
632 1821 761 1877 finis
787 1831 894 1891 est,
920 1823 1023 1881 hoc
1055 1824 1182 1883 aliis
1213 1833 1301 1883 est
1328 1827 1590 1884 victoria.
1616 1829 1722 1885 Alii
1749 1830 1951 1886 ctenim
1987 1831 2114 1901 ﬁnis
2138 1829 2363 1887 nomine
2392 1829 2638 1902 psalmos
2664 1828 3000 1886 inscribunt.
3028 1828 3138 1884 Alii
3167 1755 3537 1900 ep’nieiorum

239 1908 509 1964 victoria;
543 1911 781 1965 auctori.

319 1994 403 2055 ln_
436 1998 675 2052 statione
724 2012 894 2070 porro
942 1998 1157 2071 jubilus
1196 2017 1321 2058 cum
1372 2004 1631 2060 tubarum
1682 2007 1949 2079 clangore
1984 2022 2094 2063 non
2134 2007 2499 2064 miscebatur.
2532 2005 2652 2064 Non
2684 2007 2832 2064 enim
2884 2007 2940 2061 in
2986 2005 3195 2061 mundo
3234 2011 3425 2061 nostra
3455 2014 3539 2059 est

233 2084 513 2152 victoria,
546 2084 601 2137 in
623 2099 733 2154 quo
764 2089 1121 2142 concutimur
1153 2103 1216 2144 ac
1248 2093 1674 2160 prosternimur,
1701 2094 1828 2149 licet
1856 2109 1964 2150 non
1982 2108 2275 2165 pereamus
2298 2092 2571 2150 funditus.
2604 2094 2793 2149 Tubas
2817 2106 2947 2147 vero
2978 2092 3295 2147 sacerdotes
3324 2088 3536 2155 inflant.

240 2173 281 2225 ii
329 2171 543 2227 scilicet
575 2173 670 2242 qui
713 2172 823 2229 Deo
849 2183 1083 2230 utuntur
1109 2178 1269 2234 valde
1315 2178 1686 2247 familiariter,
1723 2181 1904 2253 adque
1932 2180 2138 2237 Christi
2188 2180 2557 2236 imitationem
2599 2180 2883 2236 clamant:
2924 2198 2942 2231 ι
2976 2177 3157 2248 Prope
3184 2184 3272 2233 est
3305 2192 3538 2248 regnum

236 2260 521 2314 cmlorum
563 2261 634 2326 ’⁸,
684 2280 703 2313 ι
760 2262 909 2333 quod
949 2263 1347 2321 afﬂictionibus
1393 2267 1562 2338 hujus
1610 2271 1843 2335 mundi,
1889 2277 1944 2326 et
1985 2268 2236 2325 victoriae
2285 2270 2642 2325 contentione
2693 2267 2973 2339 capimus.
3038 2265 3210 2339 Atqui
3262 2265 3539 2322 institutio

240 2346 511 2401 tubarum
541 2348 877 2419 sempiterna
905 2362 1011 2406 est.
1048 2350 1290 2407 Verbum
1323 2355 1468 2408 enim
1510 2354 1603 2411 Dei
1644 2355 1855 2411 affatim
1888 2360 1943 2413 in
1975 2356 2426 2413 nobishabitare
2451 2356 2633 2412 debet.

337 2456 557 2511 Ἐλαταὶ
572 2458 629 2511 δὲ
668 2460 723 2512 αι
752 2442 1091 2530 σάλπιγγες·
1121 2461 1441 2518 ἐλαύνονται
1485 2465 1542 2519 δὲ
1575 2465 1665 2520 διά
1702 2466 1845 2536 σφύ-

2021 2465 2263 2521 Ductiles
2282 2480 2410 2521 vero
2447 2472 2574 2521 sunt
2618 2466 2782 2531 tubae,
2814 2463 3165 2520 deducuntur
3209 2472 3392 2519 autem
3440 2478 3537 2536 per

246 2568 379 2622 ρας.
435 2551 571 2622 Περὶ
612 2546 681 2625 ἦς
723 2551 995 2623 Ἱερεμίας
1050 2555 1185 2625 φησί
1216 2571 1230 2587 ο
1271 2575 1290 2607 ι
1331 2556 1443 2611 Καὶ
1491 2557 1785 2630 συνετρίϐη
1812 2560 1845 2628 ἡ

242 2642 436 2714 σφύρα
476 2644 657 2713 πάσης
694 2644 795 2715 τῆς
825 2646 951 2716 γῆς.
996 2663 1015 2697 ι
1060 2645 1123 2699 Ei
1176 2647 1253 2717 μὴ
1283 2646 1395 2717 γάρ
1424 2642 1493 2719 ἦν
1531 2647 1777 2713 διάϐολος
1810 2650 1843 2720 ἡ

244 2735 461 2807 σφῦρα,
501 2737 738 2806 σάλπιγξ
784 2738 885 2792 οὐκ
938 2734 1006 2810 ἦν
1044 2739 1209 2812 ὲλατὴ
1235 2780 1250 2805 ,
1308 2742 1342 2812 ἡ
1376 2740 1721 2814 διεγείρουσα
1752 2743 1847 2795 ἐπὶ

245 2828 356 2891 τὰς
398 2827 592 2898 ἑορτὰς
621 2830 715 2882 τοῦ
756 2830 892 2883 Θεοῦ
920 2848 931 2860 ·
990 2830 1114 2884 καθ’
1145 2829 1211 2893 ἂς
1261 2833 1331 2885 τὰ
1366 2833 1596 2902 σώματα
1650 2832 1845 2888 Θυσίαν

244 2920 634 2990 προσάγομεν,
668 2920 815 2992 λόγῳ
857 2920 954 2992 τὴν
987 2921 1125 2974 ἰδίαν
1156 2922 1495 2977 ἀπολιπόντα
1543 2922 1713 2995 ζωὴν,
1744 2922 1844 2987 τὰς

238 3010 428 3081 ψυχὰς
465 3011 918 3083 φαιδρυνάμενον
963 3013 1060 3066 καὶ
1097 3013 1224 3076 τοὺς
1271 3013 1573 3079 ἀκούοντας
1616 3014 1844 3068 κινοῦσα

243 3104 394 3173 πρὸς
434 3103 691 3174 πόλεμον.
723 3103 908 3157 Πολλὰ
934 3107 967 3175 ἠ
994 3104 1179 3176 σφῦρα
1220 3104 1422 3177 Παύλῳ
1473 3107 1749 3176 συνήρατο
1777 3107 1843 3177 τῇ

243 3195 518 3265 σάλπιγγι
547 3199 612 3267 τῇ
640 3197 827 3267 ἐλατῇ,
852 3195 943 3250 διὰ
971 3196 1078 3251 τῶν
1104 3198 1366 3252 ποικίλων
1397 3199 1562 3253 αὑτὸν
1591 3197 1848 3253 ἐλαύνου-

245 3305 321 3342 σα
363 3289 717 3359 πειρασμῶν·
767 3288 1047 3361 δηλοῦσα,
1101 3288 1528 3353 ὡς’ὲλαύνεσθαι
1584 3289 1844 3359 ἠδύνατο,

249 3379 425 3450 μηδὲν
477 3379 888 3451 βλαπτόμενος’
936 3380 1031 3433 καὶ
1086 3381 1273 3452 σχῆμα
1307 3382 1497 3435 λαϐεῖν
1540 3381 1843 3450 σάλπιγγος

249 3472 643 3544 μεγαλοφώνου
686 3473 763 3545 μὴ
816 3473 1014 3541 ἄδηλον
1059 3473 1328 3546 δηλούσης
1379 3474 1567 3547 φωνὴν
1597 3478 1679 3540 εἰς
1712 3477 1841 3541 τοὺς

245 3562 576 3629 ἀκούοντας,
611 3565 691 3629 ei;
720 3565 811 3619 τὸν
851 3565 996 3620 κατὰ
1045 3565 1146 3636 τῆς
1181 3567 1382 3631 κακίας
1427 3568 1842 3632 κατασκευάζε-

252 3654 381 3709 σθαι
413 3656 543 3709 πόλε
553 3674 673 3728 μον.

1951 2558 2232 2625 malleum,
2263 2558 2330 2614 de
2370 2572 2481 2629 quo
2506 2557 2773 2614 Jeremias
2799 2556 3016 2626 inquit:
3044 2573 3066 2608 ι
3114 2554 3181 2610 Et
3213 2554 3539 2611 comminuit

1949 2649 2180 2705 malleus
2200 2650 2270 2704 ".
2311 2667 2329 2700 ι
2368 2649 2638 2704 Caeterum
2681 2648 2811 2703 tuba
2834 2663 2957 2719 quae
2989 2647 3056 2701 ad
3103 2645 3266 2703 ferias
3290 2647 3537 2702 concita-

1948 2742 2062 2808 bat,
2094 2757 2201 2797 non
2228 2742 2451 2798 ductilis
2471 2749 2612 2798 erat.
2642 2740 2816 2796 Feriae
2839 2748 3020 2796 autem
3045 2740 3151 2795 illae
3180 2747 3311 2796 sunt
3338 2739 3541 2809 quibus

1949 2850 2045 2905 per
2073 2836 2298 2890 verbum
2341 2849 2573 2906 corpora
2602 2842 2790 2890 nostra
2824 2833 2878 2888 in
2923 2832 3201 2887 victimam
3232 2830 3537 2892 offerimus.

1950 2928 2225 2998 propriam
2256 2927 2422 2981 vitam
2461 2926 2793 2990 deserimus,
2827 2931 2881 2980 et
2928 2925 3141 2980 animas
3189 2930 3412 2979 nostras
3452 2937 3541 2978 se-

1952 3032 2111 3072 renas
2133 3024 2187 3072 et
2215 3017 2458 3072 illustres
2489 3014 2794 3070 reddimus.
2830 3014 3031 3069 Eadem
3068 3028 3287 3084 quoque
3314 3013 3446 3067 tuba
3484 3012 3539 3066 in

1951 3104 2093 3161 bello
2150 3105 2448 3161 classicum
2500 3104 2825 3160 canebatur.
2888 3101 3114 3157 Malleus
3165 3101 3359 3157 ductili
3409 3099 3541 3155 tuba

1953 3209 2095 3264 saepe
2143 3195 2447 3252 sublevavit
2496 3193 2759 3262 Paulum,
2796 3209 2921 3249 nam
2970 3209 3066 3273 per
3105 3193 3308 3249 multas
3349 3199 3541 3248 tenta-

1954 3287 2132 3343 tiones
2186 3287 2393 3358 impetu
2433 3300 2536 3342 suo
2583 3285 2800 3352 extulit,
2820 3292 2876 3341 et
2911 3283 3244 3355 signiﬁcavit
3292 3283 3342 3338 ei
3393 3284 3540 3353 quod

1938 3381 2177 3450 ‘impune
2211 3394 2307 3450 per
2342 3393 2437 3435 eas
2476 3379 2712 3435 evadere
2753 3385 2962 3449 posset,
2990 3383 3045 3431 et
3092 3375 3341 3430 habitum
3378 3390 3539 3432 assu-

1950 3487 2099 3528 mere
2143 3473 2306 3539 tubze,
2341 3487 2463 3543 qua:
2494 3486 2694 3543 magno
2743 3469 2979 3541 strepitu
3012 3483 3202 3524 vocem
3251 3477 3438 3524 notam
3474 3484 3540 3524 ac

1949 3573 2155 3619 certam
2201 3563 2267 3618 ad
2322 3563 2605 3619 auditores
2653 3561 2877 3629 emittit,
2905 3576 3015 3633 quo
3049 3560 3262 3616 scilicet
3309 3560 3534 3616 malitiae

1950 3654 2154 3711 bellum
2189 3654 2554 3709 indiceretur.

1766 3728 1775 3753 δ
3416 3732 3423 3741 ι

331 3766 395 3821 Et
417 3767 642 3837 profecti
666 3783 787 3823 sunt
816 3769 920 3840 ﬁlii
956 3768 1174 3825 Gersom
1195 3780 1243 3825 et
1274 3770 1476 3825 Μενανὶ
1499 3781 1772 3841 portante;
1805 3765 2227 3823 tabernaculum.
2254 3763 2346 3837 lx,
2375 3762 2489 3837 l7.]
2509 3764 2628 3831 Quo
2665 3763 2926 3819 nimirum
2956 3780 3113 3820 sacra
3137 3772 3533 3834 praepararent.

252 3854 401 3911 Inter
429 3855 649 3913 Levitas
680 3874 810 3912 vero
856 3866 909 3912 et
942 3866 1124 3913 castra
1158 3859 1577 3914 tabernaculum
1611 3867 1752 3922 erat,
1798 3870 1925 3912 vasa
1967 3861 2150 3909 autem
2199 3855 2253 3908 in
2283 3851 2465 3907 medio
2509 3867 2701 3908 eorum
2728 3851 2824 3922 qui
2855 3862 3012 3918 ante,
3060 3852 3271 3908 circum
3319 3862 3372 3906 ct
3413 3863 3536 3923 post

252 3951 448 4010 erant;
483 3944 558 3998 ita
591 3960 810 4015 quoque
843 3945 1061 4000 Deusin
1088 3945 1270 4000 medio
1297 3957 1500 4000 sancta:
1531 3946 1773 4000 civitatis
1798 3959 1919 4000 esse
1954 3941 2182 4008 dicitur,
2211 3951 2265 3995 et
2292 3939 2570 3996 exercitus
2595 3938 2843 3996 ctelestis
2876 3939 3121 4011 undique
3151 3939 3299 3995 circa
3325 3938 3493 3995 Deum
3518 3959 3534 4007 ;

254 4048 491 4104 magnus
524 4034 675 4088 enim
705 4042 761 4089 et
791 4034 1059 4088 terribilis
1088 4043 1170 4089 est
1201 4035 1464 4089 omnibus
1498 4035 1590 4104 qui
1623 4034 1774 4088 circa
1808 4032 1990 4102 ipsum
2025 4036 2179 4084 sunt.

325 4141 435 4195 Kal
469 4138 600 4195 εἷπε
626 4139 890 4209 Μωῦσῆς
920 4141 999 4207 τῷ
1033 4143 1211 4195 Ὀϐὰϐ
1243 4140 1351 4206 υἱῷ
1394 4140 1718 4210 Ῥαγουήλ.
1753 4142 1846 4193 Δεῖ

2020 4135 2089 4193 Et
2120 4133 2259 4206 dixit
2286 4131 2485 4207 .Moses
2520 4131 2707 4186 Hobab
2740 4132 2857 4202 ﬁlio
2890 4130 3165 4203 Raguelis.
3201 4130 3340 4206 [29.]
3373 4132 3542 4206 Cogi—.

253 4235 417 4295 νοεῖν,
443 4232 518 4296 ὡς
560 4232 743 4304 ’Ῑοθὼρ
772 4231 865 4286 τοῦ
905 4233 1001 4287 καὶ
1047 4233 1319 4304 Ῥαγουὴλ
1370 4232 1839 4302 ἀποστρέψαντος,

252 4317 413 4387 οὗτος
441 4323 975 4395 γυναικάδελφοςιῶν
996 4324 1183 4388 αὐτοῦ,
1219 4326 1382 4394 μέχρι
1414 4324 1509 4377 νῦν
1536 4323 1687 4394 αὐτῷ
1722 4341 1846 4377 συν-

252 4418 465 4488 έμεινε.
496 4415 612 4470 Νῦν
637 4417 718 4484 δὲ,
754 4418 831 4482 ὡς
866 4417 1037 4481 εἰκὸς,
1065 4416 1157 4470 τοῦ
1187 4418 1393 4488 πατρὸς
1415 4417 1564 4488 αὐτῷ
1592 4416 1846 4489 τελευτή-

255 4526 475 4574 σαντος,
510 4509 772 4581 ὥρμησεν
804 4508 1083 4574 ἀπελθεῖν,
1110 4510 1213 4579 τὴν
1251 4508 1552 4580 ἱερωσύνην
1587 4511 1843 4581 κατέχειν

254 4599 353 4671 τὴν
389 4598 652 4670 πατρῴαν
686 4598 1029 4670 βουλόμενος.
1076 4599 1134 4651 Ὀ
1158 4598 1216 4650 δὲ
1249 4602 1543 4669 κατασχεῖν
1585 4601 1845 4671 ἐπειρᾶτο

256 4690 437 4744 ἑλπίδι
465 4692 573 4745 τῶν
602 4691 788 4755 αὐτοῖς
811 4680 1090 4761 ἐσομένων
1115 4689 1319 4747 καλῶν.

726 4838 753 4863 \

1949 4228 2185 4283 tandum
2212 4234 2294 4282 est
2315 4224 2630 4280 Jethrunem
2659 4224 2826 4295 hujus
2849 4223 3109 4297 Raguelis
3146 4226 3315 4281 filium
3345 4226 3535 4282 fuisse.

1950 4318 2134 4386 Quare
2165 4333 2287 4372 cum
2325 4316 2517 4371 Hobab
2554 4315 2731 4370 afﬁnis
2778 4314 2946 4371 Mosis
2986 4325 3151 4383 esset,
3188 4318 3369 4373 adhuc
3412 4333 3536 4374 cum

1950 4427 2016 4467 eo
2056 4410 2279 4464 mansit.
2317 4407 2475 4463 Nunc
2504 4423 2655 4473 vero,
2685 4408 3066 4465 utverisimile
3103 4418 3207 4476 est,
3235 4418 3392 4480 patre
3437 4425 3537 4465 suo

1951 4501 2237 4558 sacerdote
2281 4499 2579 4554 Madianita
2638 4497 2903 4555 defuncto
2970 4501 3123 4555 abire
3179 4501 3535 4566 desideravit,

1951 4592 2237 4662 voluitque
2272 4590 2446 4661 patris
2488 4590 2862 4645 sacerdotium
2900 4605 3209 4661 capessere.
3252 4591 3318 4645 At
3357 4591 3534 4648 Moses

1939 4663 2190 4740 .retinere
2250 4698 2376 4739 eum
2440 4682 2753 4737 futurorum
2809 4698 2906 4755 spe
2965 4683 3235 4738 bonorum
3295 4685 3533 4739 conaba-

1955 4782 2064 4830 tur.

331 4898 505 4953 Aliter
541 4914 672 4953 vero
698 4898 957 4953 Christus
988 4911 1090 4951 nos
1122 4897 1189 4951 ad
1231 4911 1293 4952 se
1335 4896 1527 4958 allicit.
1562 4896 1900 4951 desiderium
1957 4892 2220 4948 videlicet
2275 4891 2576 4962 injiciendo
2619 4907 2726 4947 non
2781 4893 2951 4962 lucri,
3008 4893 3105 4950 sed
3151 4895 3344 4951 aeterni
3382 4894 3533 4959 boni.

260 4988 405 5058 quod
442 4987 711 5056 promittit
743 4985 1003 5040 omnibus
1043 4985 1136 5051 qui
1172 4984 1446 5040 desiderio
1481 4983 1658 5053 ipsius
1695 4992 2019 5054 tanguntur,
2053 4989 2109 5036 et
2143 4982 2346 5036 malum
2384 4989 2739 5037 aversantur.

329 5076 468 5143 Φησὶ
517 5072 593 5144 μὴ
643 5072 755 5126 δεῖν
784 5073 1072 5125 ἀπολιπεῖν
1124 5071 1346 5135 αὐτοὺς,
1391 5070 1517 5124 ἐπεὶ
1562 5069 1847 5140 κατέμαθε

259 5166 361 5227 τὰς
405 5163 894 5236 στρατοπεδεύσεις
921 5163 1104 5217 αὐτῶν
1157 5165 1256 5224 τὰς
1294 5163 1352 5216 ὲν
1379 5164 1447 5234 τῇ
1483 5162 1677 5233 ἐρήμῳ
1702 5179 1715 5193 ο
1752 5161 1848 5215 καὶ

264 5257 483 5312 ἔσεσθαι
507 5260 564 5311 ὲν
588 5258 773 5320 αὐτοῖς
804 5256 914 5328 πρὸ
933 5245 1249 5326 ὀφθαλμῶν,
1277 5254 1355 5318 ὡς
1381 5255 1682 5325 δυνάμενον
1708 5270 1845 5324 προ·-

263 5351 518 5420 τετάχθαι
559 5350 656 5403 καὶ
693 5348 1058 5418 καθηγεῖσθαι
1094 5348 1182 5401 διὰ
1230 5348 1329 5418 τὴν
1381 5345 1695 5418 ἐμπειρίαν.
1735 5346 1845 5399 Καὶ

263 5443 339 5506 ὡς
360 5441 534 5495 ἔοικεν
551 5440 778 5512 ἐπείσθη
799 5456 815 5473 ’
841 5439 1077 5509 οὐδαμοῦ
1098 5439 1210 5510 γὰρ
1232 5439 1382 5507 λέγει
1406 5440 1483 5502 ὡς
1502 5438 1839 5510 ἀπέστρεψε.

2025 5072 2165 5126 Dicit
2201 5079 2381 5125 autem
2418 5070 2599 5128 Moses
2635 5072 2739 5142 ipsi
2779 5071 2991 5138 Hobab,
3016 5073 3268 5141 peritiam
3324 5084 3538 5128 castra-

1953 5161 2315 5216 metationum
2343 5163 2587 5232 ipsorum
2620 5176 2760 5233 quas
2797 5162 2853 5217 in
2878 5162 3104 5217 deserto
3136 5160 3396 5218 fecissent
3438 5163 3541 5217 ha-

1952 5253 2104 5316 bere,
2134 5253 2383 5323 adeoque
2416 5254 2705 5307 oculorum
2737 5253 2854 5308 vice
2884 5252 3020 5323 ipsis
3044 5252 3177 5315 fore,
3200 5262 3258 5307 ut
3280 5253 3375 5324 qui
3401 5255 3535 5325 ipsis

1949 5354 2004 5400 et
2038 5344 2273 5416 imperio
2301 5353 2358 5400 et
2386 5343 2559 5400 ductu
2595 5329 2839 5414 praeesse
2870 5352 3097 5416 propter
3134 5359 3321 5401 rerum
3364 5362 3541 5417 espe-

1951 5438 2230 5502 rientiam,
2264 5436 2460 5507 possit.
2496 5435 2683 5507 Itaque
2723 5436 2769 5492 si
2818 5437 3095 5506 relinquat
3141 5453 3261 5502 eos,
3304 5439 3450 5509 quod
3476 5456 3535 5493 se

267 5538 488 5593 minime
538 5537 769 5600 deceat,
814 5536 1033 5606 illisque
1078 5535 1376 5605 plurimum
1439 5532 1849 5597 incommodet,
1884 5532 2184 5587 facturum.
2217 5531 2392 5601 Atque
2424 5531 2498 5586 ita
2520 5532 2751 5602 quidem
2771 5532 2843 5588 ab
2897 5532 2995 5587 illo
3023 5548 3347 5603 persuasum
3411 5549 3532 5588 esse

269 5635 689 5685 consentaneum
729 5640 835 5695 est,
876 5642 1145 5698 nusquam
1188 5627 1334 5681 enim
1390 5627 1655 5696 scriptum
1697 5624 1840 5696 quod
1867 5611 1954 5678 ab
1985 5640 2050 5679 eo
2087 5624 2396 5685 diverterit.
2428 5623 2679 5694 legimus.

336 5756 381 5789 ³⁵
419 5754 584 5809 ΗΖθιν.
620 5773 730 5819 xtv,
770 5755 854 5811 19.
929 5755 974 5788 ⁸⁸
999 5753 1154 5809 l‘rov.
1186 5770 1261 5811 Ix.
1291 5755 1342 5808 9.
1418 5756 1463 5786 ’ί
1501 5756 1517 5808 Ι
1560 5757 1683 5808 Cor.
1713 5771 1806 5819 vlt,
1837 5755 1927 5809 27.

1072 5827 1117 5855 ⁹⁶
1150 5824 1349 5879 Matth.
1373 5843 1449 5889 ιιι,
1484 5825 1538 5879 2.
1600 5826 1666 5878 ,θ’
1701 5826 1900 5879 .ίιί“4“111.
1940 5841 1991 5891 1.,
2022 5826 2112 5879 ‘23.

273 5845 326 5891 ll,
356 5830 406 5881 7.
480 5829 523 5861 ⁸⁵
562 5827 579 5878 Ι
617 5834 739 5880 (.or.
784 5843 870 5889 xv,
909 5826 995 5878 57.

2018 5757 2062 5787 ³³
2088 5755 2300 5811 Coloss.
2329 5771 2409 5821 ιη,
2435 5746 2486 5808 εἴ.
2595 5756 2638 5786 ’³
2662 5753 2822 5809 Rom.
2856 5769 2973 5822 vtu,
3022 5755 3102 5809 f8.
3210 5754 3255 5785 ’δ
3286 5753 3522 5809 Halach.
