3950 6426
224 344 347 420 821
1342 363 1882 426 consternati
1941 363 2026 425 IN
2062 363 2455 425 NUMEROS.
3386 369 3390 372 ’
3430 363 3537 426 8Ξ2

224 488 436 531 mores
468 474 831 546 ignominiam
864 477 1163 535 sustinent.
1192 478 1349 545 Qnol
1378 480 1560 546 ipsum
1598 478 1822 534 Davidis
1876 464 2100 550 quoque
2131 479 2303 534 verba
2336 479 2576 533 innuunt
2613 498 2626 534 :
2669 499 2686 531 ι
2718 479 2979 535 Dilatavit
3013 480 3267 548 infernus
3295 482 3537 538 animam

226 577 415 617 suam
449 573 502 619 et
524 566 740 636 aperuit
779 580 843 620 os
884 581 1045 621 suum
1078 582 1146 621 ne
1174 568 1307 637 quid
1337 569 1681 637 relinqueret
1704 570 1746 623 ’.
1788 587 1806 619 ι
1840 597 1909 607 -—
1941 586 1959 618 ι
2010 557 2226 622 Carnes
2271 567 2446 631 enim,
2502 569 2707 638 inquit,
2744 569 2799 623 in
2831 568 3094 624 dentibus
3126 582 3322 625 eorum
3353 579 3535 625 erant.

224 653 446 725 Itaque
472 655 753 725 percussit
787 670 885 710 eos
913 654 1184 711 Dominus
1223 658 1377 728 plaga
1417 672 1615 726 magna
1654 657 1974 721 admodum,
2015 663 2069 709 et
2101 669 2303 709 nomen
2342 655 2451 710 loci
2481 656 2634 712 illius
2671 657 2996 727 appellavit,
3033 676 3050 710 ι
3093 665 3150 713 et
3186 667 3386 715 caetera
3418 673 3541 728 quae

234 750 593 814 sequuntur.

334 850 655 921 'HyviCovvo
682 851 740 906 δέ
769 852 899 924 πρὶν
924 852 1193 925 φάγωσιν,
1221 851 1366 921 Ἱερὰ
1391 850 1499 922 γὰρ
1529 850 1681 922 παρὰ
1710 850 1845 903 Θεοῦ

2023 847 2466 905 Sanctificaliant
2506 859 2688 906 autem
2717 866 2777 908 se
2806 862 3104 924 antequam
3134 854 3383 911 ederent.
3408 852 3543 910 Car-

236 945 352 999 καὶ
373 948 407 1015 ὴ
429 943 738 1014 κρεοδοσία,
768 946 862 998 καὶ
888 944 1149 1014 καθαρῶν
1179 944 1351 997 δεῖται
1381 943 1489 997 τῶν
1526 943 1839 995 ἐσθιόντων.

237 1038 385 1090 Ὀτι
432 1036 490 1090 δὲ
558 1037 660 1090 οὐκ
718 1036 997 1103 ἀναγκαία
1046 1038 1079 1106 ἡ
1126 1035 1353 1105 βρῶσις,
1402 1034 1628 1101 ἐπάγει·
1668 1052 1687 1085 ι
1720 1035 1845 1087 Ὀτι

237 1127 562 1182 ἐκλαύσατε
600 1126 783 1182 ἔναντι
816 1128 1047 1199 Κυρίου.
1079 1146 1098 1179 ι
1130 1127 1230 1179 Διά
1259 1126 1369 1196 γὰρ
1411 1126 1471 1178 τὸ
1511 1124 1744 1179 κλαῦσαι
1778 1124 1848 1178 τὰ

241 1222 395 1291 κρέα
417 1220 656 1288 δίδωσιν,
686 1222 748 1275 οὐ
780 1222 868 1275 διὰ
897 1220 1111 1292 χρείαν.

1951 940 2106 993 nium
2142 940 2289 994 enim
2324 941 2560 996 facultas
2584 950 2639 997 et
2674 941 2882 996 donum
2914 960 3137 1000 sacrum
3166 953 3253 1001 est
3288 951 3343 1001 et
3368 960 3398 999 a
3430 939 3542 1000 Deo

1954 1032 2351 1102 proficiscitur,
2393 1043 2447 1088 et
2491 1049 2662 1104 puros
2710 1037 2979 1105 epulones
3018 1054 3129 1094 non
3164 1038 3352 1094 minus
3386 1036 3542 1109 ﬂagi-

1956 1129 2057 1177 tat.
2095 1121 2161 1177 Ut
2195 1131 2381 1178 autem
2426 1125 2635 1181 indicet
2667 1127 2833 1181 istum
2860 1129 3046 1192 cibum
3080 1130 3310 1186 minime
3343 1142 3540 1186 neces-

1959 1217 2166 1271 sarium
2201 1215 2401 1282 fuisse,
2443 1218 2729 1291 subjungit
2769 1237 2784 1275 :
2821 1238 2841 1271 ι
2868 1221 3141 1288 Quoniam
3174 1221 3409 1301 ﬂevistis
3441 1235 3541 1277 co-

242 1328 378 1367 mm
412 1313 668 1368 Domino.
705 1330 727 1366 ι
775 1311 1009 1384 Propter
1053 1312 1245 1369 ﬂetum
1277 1311 1427 1368 enim
1484 1325 1674 1367 eorum
1722 1323 1923 1364 carnes
1987 1308 2125 1380 ipsis
2201 1309 2460 1382 largitur,
2510 1325 2621 1367 non
2700 1320 2925 1384 propter
3008 1314 3399 1371 necessitatem
3448 1319 3544 1369 aut

245 1422 531 1475 Inopiam.

332 1526 821 1581 Absurdissimum
851 1542 986 1582 vero
1013 1534 1100 1583 est
1136 1528 1284 1597 quod
1322 1524 1625 1597 voluptatis
1650 1539 1820 1581 causa
1852 1521 2180 1578 servitutem
2217 1535 2327 1591 qua
2358 1521 2415 1576 in
2460 1521 2706 1594 Egypto
2740 1522 2920 1593 pressi
2952 1524 3213 1594 praesenti
3246 1526 3373 1581 vita:
3404 1540 3541 1582 con-

245 1613 459 1668 ditioni
484 1621 854 1684 anteponunt.
876 1612 1147 1669 Utautem
1180 1614 1385 1685 probro
1420 1613 1529 1668 illis
1569 1619 1746 1668 vertat
1773 1610 2261 1679 intemperantiam
2299 1624 2455 1665 suam
2490 1610 2872 1679 immodicam,
2904 1611 3262 1667 cibumillum
3294 1615 3545 1683 aliquan-

244 1702 332 1755 do
374 1700 618 1756 maxima
652 1705 809 1770 copia
856 1700 1258 1771 suppeditavit,
1292 1710 1459 1770 atque
1488 1715 1585 1756 eos
1609 1699 1884 1755 oneravit.
1919 1696 2062 1751 Hinc
2112 1707 2193 1752 est
2228 1697 2378 1767 quod
2407 1697 2568 1763 dicit,
2617 1698 2685 1753 Et
2708 1698 2817 1754 erit
2846 1699 3009 1756 vobis
3039 1699 3094 1755 in
3127 1700 3543 1766 alienationem,

247 1788 411 1857 quod
450 1788 785 1843 cruditatem
818 1788 1182 1843 reddiderunt
1231 1788 1347 1842 alii.
1405 1787 1677 1844 Similiter
1718 1802 1855 1842 sane
1902 1783 2191 1854 iniquitati
2232 1784 2421 1840 odium
2470 1786 2738 1841 conciliat
2786 1787 3081 1857 sapientiae
3131 1803 3254 1858 qua:
3282 1789 3427 1843 illam
3461 1800 3547 1846 est

246 1875 529 1928 comitata
568 1875 956 1946 praesumptio.
988 1873 1125 1929 Nam
1156 1875 1501 1946 immnrigeri
1538 1874 1969 1944 fuistis,inquit,
1998 1870 2255 1937 Domino,
2280 1873 2376 1942 qui
2400 1873 2546 1928 inter
2574 1890 2671 1929 vos
2701 1875 2944 1941 exsistit;
2970 1877 3128 1946 quasi
3149 1871 3547 1934 dicatzlnobe-

248 1964 480 2018 qlientia
511 1974 696 2029 vestra
729 1979 854 2020 non.
876 1963 1100 2019 aliunde
1128 1976 1248 2019 orta
1281 1972 1364 2020 est
1401 1980 1567 2035 quam
1609 1980 1673 2020 ex
1708 1976 1880 2034 prava
1904 1961 2168 2030 opinione
2197 1960 2264 2015 de
2295 1960 2424 2028 Deo,
2460 1962 2621 2031 quasi
2659 1962 2752 2018 ille
2800 1978 2900 2019 vos
2931 1963 3245 2020 deseruerit
3273 2004 3288 2028 ,
3323 1972 3420 2020 aut
3442 1966 3547 2021 iter

250 2055 538 2109 bonorum
565 2068 664 2109 vos
705 2053 990 2115 celaverit.
1023 2053 1265 2123 ideoque
1294 2068 1464 2108 morae
1493 2053 1848 2124 impatientes
1877 2049 2146 2105 bonorum
2179 2048 2400 2101 illorum
2435 2049 2845 2118 perceptionem
2878 2058 3229 2106 antevertere
3258 2052 3544 2114 voluistis.

251 2143 476 2197 nullam
512 2141 808 2196 utilitatem
845 2157 911 2196 ex
941 2141 1278 2197 deductione
1312 2139 1488 2212 ipsius
1523 2141 1729 2204 habere
1756 2135 2359 2207 arbitrati.0portebat
2386 2139 2578 2210 utique
2611 2138 2766 2193 firma
2799 2154 2897 2210 spe
2922 2139 3237 2196 futurorum
3272 2142 3544 2196 bonorum

252 2231 317 2283 in
352 2229 465 2284 Deo
493 2229 683 2283 nixum
714 2243 859 2284 esse.

348 2345 409 2398 Ὀ
432 2345 671 2415 Μωῦσῆς
694 2346 937 2410 ἀπιστεῖ,
959 2344 1022 2398 τὸ
1053 2346 1287 2418 πρᾶγμα
1312 2345 1471 2415 μόνον
1487 2344 1652 2416 ὁρῶν,
1672 2343 1734 2397 ού
1757 2341 1851 2397 τοῦ

2025 2342 2302 2399 Caeterum
2345 2340 2526 2398 Moses
2572 2342 2639 2396 ad
2676 2357 2767 2397 res
2820 2350 3122 2413 prtesentes
3171 2341 3347 2412 magis
3379 2336 3557 2411 quam,

250 2437 399 2490 Θεοῦ
426 2436 522 2507 τὴν
551 2436 802 2508 δύναμιν.
822 2438 913 2491 Διό
944 2454 1110 2507 φησιν
1139 2436 1309 2509 αὐτῷ·
1342 2457 1359 2488 ι
1388 2438 1479 2508 Μὴ
1508 2438 1627 2509 χεὶρ
1650 2434 1851 2507 Κυρίου

248 2529 362 2582 οὐκ
396 2528 719 2600 ἐξαρκέσεις
754 2548 772 2581 ›
813 2529 985 2600 μείζω
1025 2530 1255 2584 Μωῦσεί
1286 2530 1382 2600 τὴν
1413 2528 1739 2600 εὐεργεσίαν
1777 2527 1858 2581 δι-

250 2619 393 2680 δοὺς
421 2618 646 2687 γνῶσιν,
677 2618 754 2682 ὡς
809 2620 989 2673 πάντα
1034 2619 1337 2689 δυναμένου
1369 2618 1530 2671 Θεοῦ.
1569 2618 1635 2669 Ὃ
1692 2617 1787 2670 καὶ
1827 2616 1857 2668 ὁ

250 2710 505 2779 Χριστὸς
542 2713 570 2765 ὁ
616 2712 715 2780 τὴν
761 2712 935 2782 αὐτὴν
970 2710 1109 2782 ἔχων
1147 2711 1434 2784 vigilat-.91
1479 2711 1712 2780 δύναμιν
1763 2709 1858 2787 €13

251 2804 375 2856 τῶν
415 2803 736 2874 τραφέντων
766 2807 824 2857 ἐν
872 2804 1068 2876 ἐρήμῳ
1103 2805 1397 2875 πεποίηκε.
1437 2804 1546 2857 Καὶ
1580 2802 1858 2873 μέμφεται

252 2897 396 2959 τοὺς
427 2897 521 2948 ἐπὶ
548 2895 908 2967 τροφὴν,ἁλλ“
934 2895 1036 2949 οὐκ
1065 2898 1157 2948 ἐπὶ
1181 2897 1384 2964 γνῶσιν
1414 2895 1669 2959 ἐλθόντας
1695 2893 1855 2950 Θεοῦ.

254 2988 443 3041 Τοῦτο
479 2990 573 3042 καὶ
606 2988 724 3053 νῦν,
760 2989 854 3042 καὶ
880 2989 1145 3059 Μωῡσῆς,
1188 2989 1281 3042 καὶ
1326 2990 1373 3041 oi
1419 2987 1689 3057 φαγόντες
1733 3004 1860 3040 παι-

255 3080 537 3134 δεύονται.
594 3081 741 3151 Πλὴν
802 3080 1039 3135 ἐνταῦθα
1101 3081 1199 3151 μέν
1247 3080 1336 3134 διὰ
1387 3080 1487 3150 τὴν
1539 3079 1858 3151 ἐπιθυμίαν,

259 3171 639 3239 ἐλεγκτικῶς·
677 3172 794 3224 ἐκεῖ
839 3170 897 3225 δὲ
949 3171 1039 3224 διὰ
1089 3173 1191 3242 τὴν
1249 3169 1596 3241 παραμονὴν,
1656 3170 1744 3224 ἵνα
1785 3171 1860 3243 μὴ

261 3263 544 3317 ἐκλυθῶσι
592 3263 971 3334 νηστεύοντες.
1003 3264 1045 3316 Τ
1050 3263 1085 3317 ὰ
1118 3263 1259 3316 αύτὰ
1302 3263 1360 3315 δέ
1392 3261 1470 3333 τῷ
1502 3264 1732 3317 Μωῦσεῖ
1766 3263 1863 3317 καὶ

259 3354 537 3417 Φίλιππος
563 3354 748 3423 ἔλεγεν
779 3355 859 3419 εἰς
894 3355 1124 3421 ἔνδειξιν
1160 3355 1257 3424 τῆς
1294 3354 1447 3418 θείας
1482 3355 1768 3426 δυνάμεώς
1800 3372 1862 3410 τε

264 3449 369 3501 καὶ
393 3447 657 3518 εὐπορίας
693 3446 750 3502 ἐν
777 3447 1095 3521 ἀνθρωπίνῃ
1127 3449 1395 3519 ἐρωτήσει
1420 3463 1436 3479 ο
1479 3467 1497 3501 ι
1523 3448 1693 3504 Πόθεν
1731 3449 1863 3517 ἁγο-

266 3541 523 3612 ράσομεν
554 3539 779 3611 ἄρτους,
802 3540 890 3595 ἵνα
917 3541 1170 3609 φάγωσιν
1200 3536 1348 3595 οὗτοι
1370 3540 1575 3603 πάντες
1597 3558 1611 3606 ;
1633 3561 1650 3594 υ
1683 3541 1764 3593 Δι’
1786 3534 1862 3596 ὧν

1956 2434 2025 2488 ad
2093 2432 2188 2488 Dei
2254 2434 2518 2488 virtutem
2575 2434 2772 2488 oculos
2819 2440 3176 2497 convertens,
3228 2431 3549 2488 difﬁdentiae

1956 2527 2162 2581 crimen
2230 2526 2479 2581 admisit.
2531 2525 2803 2591 Quocirca
2851 2541 2880 2579 a
2930 2525 3167 2579 Domino
3234 2524 3429 2580 audit:
3462 2523 3547 2578 An

1956 2635 2157 2675 manus
2193 2618 2412 2673 Domini
2461 2618 2640 2686 impar
2670 2625 2819 2673 esset
2852 2617 2989 2673 Mosi
3036 2617 3249 2688 majora
3278 2617 3549 2673 beneficia

1958 2711 2329 2766 conferendi?
2386 2711 2508 2765 «An
2548 2726 2749 2766 manus
2805 2726 2925 2788 mea
2980 2711 3302 2766 abbreviata
3361 2708 3488 2765 est?
3526 2728 3545 2760 ο

1959 2804 2163 2873 quibus
2199 2803 2387 2858 verbis
2425 2803 2605 2858 innuit
2657 2804 2919 2874 potentiae
2948 2801 3166 2858 Domini
3205 2801 3392 2856 omnia
3425 2815 3555 2856 esse

1961 2898 2200 2952 obnoxia
2248 2917 2261 2951 :
2318 2897 2467 2968 quod
2525 2896 2784 2953 Christus
2834 2912 3055 2967 quoque
3103 2896 3370 2967 aequalem
3424 2910 3552 2950 cum

1963 2989 2126 3045 Patre
2157 2992 2465 3060 potentiam
2500 2992 2735 3055 habens,
2768 2990 2842 3046 iis
2866 3006 3006 3061 quos
3034 2991 3086 3044 in
3124 2989 3352 3045 deserto
3385 3003 3552 3058 pave-

1961 3092 2051 3139 rat
2084 3085 2298 3138 elarum
2332 3082 2458 3138 fecit
2482 3124 2497 3149 ,
2532 3084 2625 3138 ubi
2660 3098 2881 3154 quoque
2929 3097 3027 3138 eos
3058 3082 3418 3153 reprehendit
3460 3079 3556 3151 qui

1963 3175 2272 3231 cibationis
2299 3189 2473 3231 causa
2515 3175 2716 3246 potius,
2749 3189 2914 3245 quam
2954 3174 3049 3229 Dei
3078 3174 3417 3243 cOgnitionis
3464 3189 3559 3229 ve-

1964 3278 2183 3323 nerant.
2229 3268 2493 3323 Eamdem
2549 3283 2687 3324 sane
2733 3267 3100 3323 eruditionem
3129 3268 3316 3322 Moses
3343 3281 3560 3336 quoque

1965 3361 2056 3416 hic
2120 3371 2175 3415 et
2234 3361 2482 3417 convivae
2550 3361 2675 3432 ejus
2737 3361 3063 3432 accipiunt,
3135 3359 3233 3416 illo
3292 3360 3563 3414 duntaxat

1964 3462 2196 3523 excepto
2242 3453 2393 3524 quod
2444 3454 2497 3508 hi
2547 3454 2736 3508 cibum
2765 3454 2886 3509 suis
2941 3452 3418 3522 concupiscentiis
3447 3465 3559 3505 non

1967 3561 2068 3601 suo
2104 3560 2305 3616 magno
2335 3545 2572 3601 crimine
2603 3553 2735 3602 sunt
2766 3545 3081 3617 adeptiyilli
3103 3560 3238 3600 vero
3270 3543 3561 3599 disceden-

262 3631 329 3684 δὲ
381 3631 696 3699 ἐπεθύμουν
753 3631 1072 3701 ἐδεσμάτων
1105 3632 1155 3684 οἱ
1214 3630 1406 3696 πάλαι,
1451 3631 1709 3701 δηλοῦται
1762 3630 1856 3698 τῆς

1965 3637 2021 3691 di
2063 3638 2536 3701 incommoditate,
2570 3639 2832 3706 quoniam
2860 3637 3086 3708 jejunos
3132 3650 3230 3691 eos
3282 3635 3562 3690 dimittere
3628 3689 3643 3705 ,

263 3721 454 3775 αὐτῶν
480 3722 777 3794 ἐπιθυμίας
804 3722 866 3776 τὸ
898 3722 1121 3791 γεῶδες,
1151 3724 1246 3777 καὶ
1277 3723 1582 3794 κάκοσμον,
1616 3723 1713 3778 καὶ
1746 3722 1862 3794 δρι-

266 3814 371 3882 μὺ,
403 3814 497 3867 καὶ
526 3813 739 3887 ὑδαρῶς
764 3814 1149 3885 ἐκλελυμένον.

1972 3723 2343 3796 periculosum
2370 3733 2510 3780 erat.
2548 3724 2811 3779 Eamdem
2863 3739 2994 3779 vero
3036 3737 3160 3794 qua;
3195 3721 3395 3786 Moses,
3432 3719 3560 3775 Phi-

1889 3859 1892 3862 .
1966 3818 2410 3887 lippusquoque
2461 3814 2670 3883 obiecit
2735 3812 2971 3869 Domino
3004 3814 3110 3884 (ut
3156 3811 3423 3866 nimirum
3460 3809 3563 3863 litt-

264 3920 431 3958 mana
474 3905 918 3976 interrogatione
974 3906 1156 3961 divina
1225 3906 1462 3961 facultas
1514 3915 1569 3962 et
1625 3909 1869 3979 potentia
1909 3908 2273 3977 elucesceret)
2322 3926 2335 3960 :
2413 3925 2432 3959 ι
2467 3906 2629 3963 Unde
2680 3913 2763 3960 tot
2817 3920 2992 3975 panes
3037 3916 3351 3959 emeremus
3426 3908 3562 3971 quot

240 3996 362 4050 οιιὶε
390 3995 652 4051 omnibus
694 3994 763 4049 ad
810 3995 1014 4050 victum
1065 3994 1387 4051 sufﬁcerent
1443 3996 1524 4050 ὀἳ
1555 4015 1573 4049 ι
1625 3997 1902 4052 Caeterum
1981 4012 2078 4067 per
2136 3995 2321 4051 edulia
2373 4009 2496 4066 qua:
2561 3994 2967 4065 appetiverunt
3008 4004 3244 4060 veteres,
3317 3992 3563 4062 ipsorum

265 4087 862 4156 concupiscentiarum
897 4086 1159 4153 cadaver,
1195 4088 1533 4160 malignitas,
1568 4090 1864 4163 asperitas,
1906 4100 1958 4146 et
1981 4089 2153 4146 el‘fusa
2180 4089 2434 4159 quedam
2462 4088 2636 4144 libido
2666 4087 2928 4158 arguitur.

345 4202 523 4270 Quam
562 4201 775 4258 nefarie
805 4218 934 4257 vero
959 4219 1162 4258 manna
1193 4205 1501 4275 insipidum
1535 4216 1589 4262 et
1628 4206 1842 4263 fatuum
1880 4219 2104 4271 vocant,
2136 4207 2299 4277 cujus
2351 4207 2586 4277 singulae
2614 4206 2737 4278 ejus
2768 4205 3062 4278 particulas
3113 4204 3302 4259 varias
3355 4203 3564 4259 formas

268 4290 636 4346 continebant
661 4290 841 4344 ‘tNam
867 4306 994 4345 cum
1030 4291 1238 4346 libebat
1264 4293 1610 4348 frumentum
1648 4297 1799 4350 velut
1829 4297 2174 4363 terrebatur,
2207 4294 2371 4366 397
2407 4294 2492 4350 vel
2545 4309 2647 4349 ceu
2680 4309 2815 4365 sapa
2843 4294 3215 4365 coquebatur,
3251 4295 3336 4348 vel
3364 4293 3416 4347 iu
3450 4291 3564 4347 for-

208 4382 211 4383 ⁷
272 4394 424 4432 niam
460 4377 654 4432 farinae
683 4378 1042 4447 rcdigebatur
1075 4392 1133 4433 ut
1160 4380 1288 4435 inde
1316 4396 1511 4449 panem
1545 4383 1711 4436 simul
1741 4390 1796 4437 et
1849 4382 2143 4451 obsonium
2181 4392 2407 4451 possent
2441 4382 2737 4447 conﬁcere,
2767 4396 2833 4437 ac
2865 4373 2919 4436 in
2956 4395 3173 4438 summa
3198 4380 3562 4451 quemadmo-

269 4470 410 4522 dum
439 4466 597 4521 cibus
624 4466 952 4537 spiritualis,
989 4469 1148 4537 cujus
1191 4471 1484 4539 imaginem
1518 4486 1627 4540 prae
1663 4487 1720 4526 se
1752 4472 1897 4535 tulit,
1936 4478 2076 4526 erat.
2105 4450 2242 4524 Nam
2279 4470 2370 4525 ille
2396 4469 2563 4525 etiam
2600 4469 2797 4524 unicus
2827 4470 3095 4524 duntaxat
3128 4450 3254 4523 cum
3287 4469 3360 4523 sit
3412 4483 3442 4521 a
3467 4482 3567 4537 po-

271 4556 450 4610 tentia
485 4562 667 4609 tamen
701 4566 758 4609 et
793 4556 993 4610 virtute
1026 4573 1125 4611 sua
1164 4558 1410 4612 infinitas
1460 4558 1667 4613 formas
1713 4560 1971 4628 acquirit.
2025 4557 2164 4614 liiuc
2213 4550 2466 4614 deﬂuxit‘
2491 4559 2624 4613 illud
2666 4557 2815 4628 quod
2858 4559 3060 4614 dicitur
3095 4576 3108 4612 :
3144 4557 3383 4627 Spiritus
3409 4558 3569 4612 melle

270 4651 327 4696 et
364 4640 488 4695 favo
539 4641 756 4696 dulcior
784 4643 1026 4699 exsistit.
1061 4644 1138 4698 Ita
1189 4646 1452 4715 deinceps
1495 4662 1618 4700 cum
1651 4644 1827 4701 Judaei
1865 4648 2092 4704 verbum
2142 4649 2363 4703 coalitus
2406 4647 2715 4714 delapsum,
2753 4648 2863 4702 imo
2898 4646 3081 4702 Mosen
3129 4661 3351 4717 quoque
3386 4646 3565 4714 ipsmn

274 4737 631 4799 respuerent.
676 4749 693 4781 ι
718 4731 792 4784 De
826 4748 909 4783 me
950 4732 1097 4786 enim
1150 4733 1240 4788 ille
1284 4734 1508 4803 Scripsit
1542 4734 1605 4799 “,
1649 4755 1667 4784 ι
1706 4735 1907 4804 inquit.
1965 4734 2120 4791 Unde
2156 4736 2358 4791 deinde
2409 4735 2579 4790 infert
2612 4754 2624 4790 :
2665 4754 2682 4787 ι
2719 4735 2823 4802 Qui
2853 4736 3003 4791 litem
3040 4735 3123 4791 eis
3160 4750 3348 4790 coram
3406 4733 3570 4789 Patre

276 4833 404 4873 meo
435 4817 683 4873 intendet
712 4819 771 4880 ξ’.
818 4838 836 4871 ι
879 4818 1352 4885 Quemadmodum
1404 4838 1551 4877 nunc
1609 4838 1833 4894 quoque
1883 4815 2148 4893 scriptum
2199 4831 2284 4879 cst
2336 4840 2348 4877 :
2409 4841 2427 4873 ι
2464 4821 2527 4876 Et
2586 4823 2667 4877 ira
2717 4823 3016 4879 excanduit
3077 4822 3344 4878 Dominus
3402 4836 3569 4891 super

277 4908 486 4976 populo
528 4921 651 4962 suo.
688 4928 706 4959 ι
740 4906 967 4962 Neriton
1020 4907 1157 4962 Mosi
1191 4910 1544 4963 vehementer
1574 4910 1880 4980 displicuit,
1910 4910 2372 4980 quemadmodum
2424 4920 2637 4966 mentes
2672 4919 2998 4966 sanctorum
3036 4926 3065 4965 a
3098 4919 3235 4967 nutu
3263 4910 3354 4966 Dei
3386 4909 3568 4964 omni-

274 5012 356 5051 no
392 4995 650 5064 pendent.
682 4994 905 5052 Neutris
953 4997 1123 5067 igitur
1176 5012 1301 5051 cum
1344 5013 1539 5068 parere
1571 5000 1793 5064 vellent,
1833 5001 2045 5055 nuntiis
2092 5000 2158 5056 ad
2195 5013 2411 5054 emnam
2449 4999 2813 5054 invitantibus
2847 4999 3277 5069 responderunt,
3315 4998 3407 5052 ille
3440 4997 3568 5067 qui-

272 5085 426 5145 dem,
457 5086 659 5150 Agrnm
692 5084 841 5149 emi;
876 5084 985 5147 hic,
1015 5083 1185 5139 Boves
1223 5093 1498 5141 meri-atus
1562 5101 1718 5151 sum;
1780 5086 1849 5152 is,
1887 5086 2130 5143 Uxorem
2179 5086 2308 5140 duxi
2338 5088 2399 5139 ¹³.
2450 5088 2759 5157 Antequam
2816 5101 2948 5141 vero
3009 5101 3207 5142 carnes
3263 5083 3569 5139 exhibean-

273 5182 373 5225 tur
451 5170 562 5226 illis
647 5171 996 5242 septuaginta
1076 5172 1357 5228 seniorum
1436 5174 1809 5229 sanctiﬁcatio
1899 5177 2145 5242 ponitur.
2224 5174 2419 5229 Divina
2503 5174 2857 5245 participatio
2924 5172 3181 5229 videlicet
3245 5181 3373 5227 ante
3443 5185 3567 5227 car-

276 5257 483 5313 ualent.
1292 5277 1306 5292 ’

366 5352 647 5407 Ἐντεῦθεν
662 5356 703 5439 ,ἡ
725 5356 837 5407 τῶν
860 5353 1237 5426 ἐϐδομήκοντα
1260 5356 1646 5427 πρεσϐυτέρων
1672 5355 1856 5424 ἐκλογὶ

2050 5354 2329 5407 Caeterum
2357 5366 2564 5408 census
2585 5366 2783 5407 eoi-um
2808 5365 2837 5404 a
2867 5349 3013 5406 Mose
3044 5350 3360 5421 agitur,ne,
3393 5364 3424 5402 a
3460 5348 3569 5405 Deo

281 5446 404 5499 κατ’
435 5446 731 5518 ἐμπειρίαν
752 5446 851 5517 τὴν
883 5446 1126 5510 Μωσέως
1159 5446 1306 5519 (ΒΔΓ
1353 5446 1441 5501 ἵνα
1473 5448 1547 5518 μὴ
1575 5449 1698 5519 ἴσην
1720 5448 1856 5517 αὖτίς

1985 5447 2248 5503 recensiti
2282 5460 2408 5499 cum
2443 5444 2578 5509 sint,
2611 5460 2799 5516 parem
2827 5443 3148 5515 dignitatem
3188 5453 3243 5501 et
3289 5442 3569 5500 ροηύὶιίοι

320 5626 381 5657 ’ί
420 5623 532 5678 imo
569 5628 675 5679 lsa.
711 5641 761 5688 v,
813 5626 895 5680 Η.
977 5627 1020 5658 ¹⁰
1054 5624 1212 5681 Joan.
1242 5645 1313 5692 vi,
1493 5630 1532 5660 ιι
1566 5626 1726 5681 Joan.
1764 5644 1813 5691 v,

2030 5628 2072 5658 η
2108 5626 2301 5681 Matth.
2341 5640 2499 5691 xviii,
2533 5624 2585 5679 6.

1816 5746 2045 5802 ΝΟΤςΕ.

2667 5622 3085 5688 "Luc.x1v,16.
3203 5638 3355 5695 seqq.

365 5839 479 5911 (ΞΗ)
507 5841 592 5894 διὰ
619 5844 917 5908 Μωῦξὲως.
967 5845 1023 5898 Ὀ
1052 5847 1148 5916 τῆς
1183 5846 1318 5913 Any.
1350 5843 1478 5902 κώὸ.
