3950 6460
418 434 523 498 8.23
1722 429 2078 495 PROCOPII
2119 425 2365 489 GAZJSI
3672 404 3771 466 824

413 571 542 610 nem
571 569 697 609 cum
751 568 815 610 eo
854 552 1061 607 habere
1091 549 1410 607 videamur.
1449 549 1525 605 lta
1581 567 1803 621 quoque
1862 551 1971 606 Deu

2237 549 2578 602 κατάστασιν
2609 545 2809 614 ἔχωσιν
2832 539 2936 593 ὕπο
2953 535 3089 591 Θεοῦ
3118 527 3524 605 αἱρεθέντες,
3546 521 3664 579 ἀλλ’
3684 526 3768 578 ὑπ’

413 664 542 703 cum
587 647 805 715 Adamn
842 646 1218 715 principatum
1268 643 1414 697 inter
1455 641 1661 697 bestias
1714 658 1973 698 reservan

2213 640 2341 704 ῐνου,
2357 643 2424 711 τῇ
2446 639 2573 709 περὶ
2594 636 2792 710 αὐτοὺς
2814 632 3086 700 ὑπολήψει
3109 631 3207 690 ὡς
3229 618 3646 694 τιμιωτέρους
3666 618 3773 670 ἐλο-

414 741 602 806 vellel,
647 739 930 794 nominum
968 735 1382 806 impositionem
1418 734 1494 789 illi
1529 735 1783 795 contulit.

2209 750 2274 786 κου
2305 732 2553 797 τούτους,
2589 730 2664 793 ὼς
2696 729 2789 783 καὶ
2810 727 2889 797 τῷ
2918 724 3094 794 ’Λδὰμ
3129 718 3273 791 (55)
3314 714 3388 768 τὸ
3425 711 3769 806 ἡγεμογικὶιν

2110 826 2303 890 σώζων
2333 826 2425 879 ἐπὶ
2453 826 2564 888 τοῖς
2620 822 2842 892 ἀλόγοις
2887 819 3057 873 ἔδωκε
3102 815 3225 885 τὴν
3286 808 3424 863 τῶν
3488 804 3772 875 ὀνομάτων

2108 914 2284 973 θεσιν.

486 1026 659 1081 Sim“!
689 1041 821 1081 νοτο
854 1025 1185 1096 Propheta"t
1219 1039 1437 1087 ⁰¹¹²¹¹θ⁵ι
1474 1039 1542 1078 ne
1583 1024 1757 1093 Willis
1790 1024 2050 1094 ΡθεςῚιειε
2083 1031 2389 1101 prophetia}
2428 1048 2552 1086 cum
2585 1031 2735 1086 Muse
2766 1028 3031 1084 incedere
3062 1025 3441 1084 videantur,
3482 1015 3589 1071 sed
3619 1030 3773 1084 argu-

415 1124 658 1170 mentum
696 1122 910 1168 tantum
957 1129 1017 1168 se
1048 1113 1351 1183 participes
1382 1111 1613 1182 spiritus
1646 1128 1769 1168 esse
1797 1122 1976 1170 :actos
2022 1118 2210 1173 edant.
2251 1118 2704 1190 Prophetantque
2732 1134 2928 1173 omnes
2965 1114 3157 1180 simul,
3197 1123 3377 1164 unus
3412 1104 3585 1161 enim
3619 1105 3776 1175 spiri-

416 1214 505 1257 tus
536 1210 619 1257 est
663 1210 719 1257 et
762 1217 871 1256 una
898 1201 1021 1272 ejus
1067 1200 1123 1255 in
1159 1200 1420 1255 omnibus
1452 1200 1654 1255 virtus.
1712 1203 2009 1271 Accipiunt
2042 1220 2174 1260 vero
2225 1205 2495 1276 Spiritum
2523 1213 2796 1277 quotquot
2823 1211 2985 1259 erant
3026 1196 3353 1259 recensiti,
3403 1192 3779 1264 quantumvis

415 1292 536 1344 loco
586 1291 730 1344 inter
775 1304 835 1344 se
880 1299 1068 1343 essent
1113 1287 1401 1357 disjnm-ti,
1448 1302 1555 1341 non
1600 1289 1747 1342 enim
1798 1290 1922 1345 loco
1975 1301 2069 1346 aut
2122 1310 2355 1351 numero
2403 1296 2667 1366 alligatus
2715 1303 2801 1349 est
2841 1292 3101 1348 Numinis
3138 1287 3443 1342 alﬂatus.
3495 1280 3770 1337 Cxterum

416 1378 585 1433 Musis
621 1378 865 1433 failiulns
885 1394 950 1432 ex
982 1377 1150 1431 animi
1185 1377 1630 1448 indignationea
1664 1376 1816 1434 Muse
1855 1382 2123 1451 postulat,
2175 1391 2235 1438 ut
2270 1383 2490 1442 duobus
2515 1385 2611 1455 qui
2652 1383 2706 1438 in
2735 1382 2978 1438 tentorio
3014 1385 3183 1435 erant
3249 1370 3547 1429 vaticinii
3582 1368 3672 1421 via
3698 1368 3773 1420 in-

419 1467 848 1521 tercluderetur.
1394 1478 1419 1489 '
1908 1490 1913 1497 ε

489 1581 650 1650 Quod
689 1582 912 1652 quidem
944 1596 1053 1636 non
1086 1580 1307 1635 invidiae
1335 1580 1530 1636 morbo
1556 1580 1623 1636 ab
1652 1582 1747 1638 illo
1778 1581 2011 1652 factum,

2209 1589 2310 1659 υύχ
2346 1588 2486 1659 ὑπὲρ
2515 1585 2712 1641 ἑαυτοῦ
2753 1583 3060 1655 φθονερῶς,
3107 1580 3240 1635 ἀλλ’
3282 1577 3453 1646 ὑπὲρ
3498 1570 3604 1625 τοῦ
3656 1572 3769 1638 ἡγε-

420 1672 515 1727 sed
551 1674 740 1729 studio
776 1672 967 1743 gloriae
1013 1673 1099 1728 sui
1153 1666 1442 1743 principis,
1483 1674 1629 1745 quod
1688 1675 1975 1746 dignitate:

2208 1697 2288 1744 νος
2323 1680 2653 1751 τιμητικῶς,
2706 1677 2993 1748 ἐξαίρετον
3042 1670 3189 1728 εἶναι
3251 1670 3374 1741 τὴν
3422 1662 3768 1738 προφητεία-ι

422 1764 600 1835 ipsius
632 1764 776 1820 tueri
805 1764 971 1819 vellet
999 1764 1283 1821 videlicet.
1460 1768 1461 1773 “

1103 1765 1283 1821 elicet.
1460 1768 1461 1773 “
2050 1809 2097 1866 Β
2128 1771 2280 1843 αὐτῷ
2317 1772 2663 1844 βουλόμενος.

497 1900 567 1951 At
600 1897 692 1952 ille
716 1912 910 1953 omnes
941 1912 1066 1954 esse
1120 1898 1258 1954 tales
1284 1898 1419 1953 vult.
1453 1897 1609 1964 Quod
1644 1914 1748 1955 nos
1786 1900 1855 1955 de
1892 1904 2058 1959 rebus
2103 1907 2312 1963 Christi
2353 1905 2559 1969 erudit,
2600 1902 3069 1970 quemadmodum
3118 1897 3275 1953 dicit.
3310 1891 3477 1948 Joel.
3519 1886 3763 1943 Traduut

427 1994 607 2038 autem
639 1984 812 2054 aliqui
842 1986 1012 2054 legem
1042 1985 1215 2040 solam
1250 1985 1314 2039 ad
1351 1985 1636 2040 Christum
1670 2002 1772 2042 nos
1815 1988 2124 2047 deducendi
2154 2010 2263 2049 non
2316 1995 2591 2051 sulIicere.
2649 1992 2927 2059 Quocirca
2980 1988 3125 2043 alios
3173 1980 3501 2054 quosdam
3534 1974 3769 2031 ηιθὶῖοτῖε

430 2079 575 2125 notae
604 2070 857 2126 homines
896 2071 1175 2127 defectum
1209 2073 1332 2141 ejus
1371 2073 1611 2129 sarsisse
1650 2075 2018 2133 contendunt.
2048 2079 2157 2136 Eos
2199 2097 2396 2153 nempe
2425 2082 2520 2151 qui
2546 2089 2674 2151 post
2720 2077 2929 2134 Mosem
2965 2070 3397 2147 gubernationi
3433 2065 3765 2153 populorum

429 2168 526 2226 prl‘
557 2157 840 2214 Christum
868 2168 1001 2215 sunt
1029 2159 1258 2224 addicti,
1293 2175 1533 2230 quorum
1582 2163 1744 2239 primi
1777 2172 1832 2220 et
1880 2174 2067 2235 patres
2098 2148 2512 2238 quodammodo
2546 2148 2820 2237 discipuli
2868 2160 3080 2218 Christi
3128 2159 3481 2221 exsistunt.
3542 2148 3769 2205 Ενὶάεηδ

429 2253 612 2299 autem
642 2245 773 2301 hinc
803 2257 887 2302 est
933 2247 1081 2317 quod
1117 2263 1228 2303 uno
1260 2248 1571 2319 eodemque
1605 2250 1804 2320 spiritu
1839 2269 1966 2307 cum
1999 2264 2225 2310 sanctos
2255 2257 2349 2326 qui
2398 2266 2528 2310 ante
2576 2269 2680 2310 nos
2729 2253 3090 2316 exstiterunt,
3123 2260 3251 2303 tum
3292 2258 3415 2299 nos
3454 2241 3615 2310 ipsos
3644 2250 3762 2326 san-

431 2333 641 2388 ctificat
669 2333 948 2390 Christus.
984 2334 1215 2405 Propter
1246 2335 1395 2404 quod
1427 2350 1561 2391 sane
1610 2338 1678 2393 de
1714 2336 1925 2408 Spiritu
1953 2349 2048 2396 tuo
2081 2343 2131 2398 si
2173 2323 2466 2413 accepero,
2500 2342 2706 2412 inquit,
2739 2355 2864 2395 eum
2899 2337 3010 2392 illis
3038 2332 3416 2403 impertiam.
3456 2328 3640 2383 Porro
3669 2323 3765 2377 duo

432 2421 511 2474 illi
546 2423 886 2488 posteriores
925 2438 1116 2477 eorum
1149 2422 1243 2493 qui
1274 2439 1341 2479 ex
1374 2424 1634 2495 gentibus
1666 2425 1862 2481 divino
1894 2430 2122 2485 numine
2153 2429 2317 2484 alﬂati
2359 2439 2490 2486 sunt
2534 2429 2834 2499 imaginem
2861 2414 3168 2482 continent.
3202 2420 3346 2475 Non
3388 2417 3549 2474 enim
3579 2426 3759 2499 omnes

432 2506 490 2560 in
523 2507 742 2563 abditos
775 2508 983 2564 Christi
1016 2525 1267 2565 recesws
1298 2510 1384 2565 lex
1415 2508 1670 2578 deduxit,
1702 2527 1894 2568 verum
1940 2531 2008 2570 ex
2043 2517 2247 2572 virtute
2274 2514 2457 2573 Patris
2479 2498 2679 2581 Filius,
2729 2516 2822 2572 Dei
2858 2516 3043 2585 imago
3068 2513 3408 2570 exsistens,
3437 2503 3661 2574 ignaris
3682 2498 3757 2553 sui

435 2604 521 2649 cst
553 2594 826 2672 detectus.
862 2594 969 2650 Eos
992 2597 1199 2652 etenim
1231 2597 1298 2651 ad
1350 2614 1411 2653 se
1444 2613 1570 2653 cum
1604 2608 1861 2655 vocasset
1908 2612 2104 2660 sancto
2150 2604 2361 2675 Spiritu
2410 2620 2521 2660 uno
2567 2605 2879 2674 eodemque
2910 2602 3224 2658 exsistente
3271 2587 3754 2668 quemadmodum

437 2682 599 2737 Pater
618 2691 670 2737 et
692 2683 894 2749 Filius,
927 2684 1179 2740 delibuit.
1208 2688 1391 2756 Atque
1423 2685 1475 2742 id
1506 2687 1729 2756 quidem
1775 2704 1901 2744 cum
1929 2691 2001 2746 lis
2025 2692 2131 2763 qui
2172 2694 2277 2749 sub
2303 2693 2422 2762 lege
2461 2692 2656 2747 vivunt
2704 2689 3031 2746 admirabile
3058 2687 3361 2750 videatur,
3415 2693 3681 2749 magnum
3708 2675 3755 2729 in

437 2769 519 2822 eis
552 2771 795 2826 studium
824 2772 1342 2843 aeumlatiunemque
1373 2785 1705 2831 commovet.
1745 2775 1884 2842 Quia
1915 2756 2319 2836 tameu‘Moses
2358 2756 2711 2850 permovetur
2747 2777 2909 2843 nihil,
2942 2777 3077 2846 quin
3125 2773 3336 2846 potius
3370 2769 3614 2837 longius
3638 2778 3748 2835 pro-

439 2859 685 2925 Spicieus
711 2860 779 2915 ad
809 2862 1156 2932 mysterium,
1179 2862 1549 2919 exhilaratur.
1578 2864 1851 2919 Caeterum
1887 2869 2237 2924 coturnicum
2279 2869 2577 2938 largitione
2613 2866 2884 2937 promptis
2921 2880 2985 2919 ac
3014 2861 3320 2918 benevolis
3372 2872 3547 2913 suam
3579 2862 3752 2923 poten~

441 2948 573 2999 tiam
606 2949 965 3017 spectandam
1002 2948 1314 3023 proposuit.
1357 2949 1651 3024 Simulque
1682 2953 2167 3025 intemperantiam
2212 2956 2448 3014 aliorum
2479 2954 2784 3025 redarguit,
2816 2968 2883 3009 ne
2914 2961 3066 3025 grata
3105 2950 3181 3005 illi
3208 2958 3273 3005 et
3313 2955 3565 3017 accepta
3598 2941 3753 2996 fuisse

441 3034 719 3090 videatur.
867 3059 871 3062 ~

440 3036 719 3092 videatur.

511 3163 626 3223 Nec
658 3183 784 3223 vero
812 3167 1168 3225 aﬂ‘eetiouem
1203 3187 1311 3241 qua
1337 3172 1404 3227 ad
1441 3170 1684 3229 furorem
1722 3177 2039 3233 concitetur
2066 3179 2071 3211 ⁴

2216 3183 2290 3234 Οὑ
2324 3181 2495 3245 πάθος
2516 3181 2598 3245 τὸ,
2627 3178 2908 3250 ἐθυμώθη.
2938 3177 3012 3230 Οὐ
3038 3175 3148 3247 γὰρ
3169 3174 3241 3228 ἂν
3278 3170 3436 3243 μετᾶ
3471 3167 3574 3239 τὴν
3596 3164 3743 3225 δόσιν,

441 3256 496 3311 in
530 3274 655 3312 eum
693 3261 891 3315 cadere
919 3261 1273 3332 cogitandum
1306 3272 1391 3318 est
1419 3281 1433 3330 ;
1467 3265 1572 3319 hoc
1594 3266 1742 3319 enim
1786 3267 1832 3321 si
1864 3277 2001 3323 esset

2185 3289 2260 3342 μα
2291 3264 2346 3325 δὲ
2371 3274 2437 3343 τῇ
2470 3274 2685 3340 αἰτήσει
2722 3270 2814 3323 τὸν
2864 3268 3033 3338 θυμὸν
3057 3266 3417 3331 ἐπεδείξατο.
3455 3261 3532 3315 Τὸ
3574 3259 3628 3312 δὲ
3662 3254 3745 3323 τῆς

442 3362 568 3419 post
608 3351 985 3422 largitionem,
1018 3370 1133 3409 non
1172 3355 1530 3420 ante,furore
1566 3360 1897 3414 exarsisset.
1935 3361 2002 3414 At

2183 3365 2421 3428 ολάσεως
2453 3364 2668 3418 δίκαιον
2696 3362 2874 3426 οὕτως
2911 3362 3143 3414 ἐκάλεσε
3166 3375 3180 3390 ο
3223 3361 3381 3429 μήτε
3421 3353 3529 3422 τὴν
3566 3345 3743 3420 βουλήν

440 3445 534 3514 qui
567 3445 621 3499 in
654 3445 771 3515 ipsa
806 3446 1077 3516 petitione
1103 3447 1292 3501 statim
1324 3448 1500 3517 ipsius
1543 3458 1872 3520 argumenta
1913 3452 2000 3517 edj

2181 3457 2559 3529 ναμεινάντων
2584 3455 2745 3519 Θεοῦ,
2767 3453 3041 3523 τοσαύτην
3065 3469 3124 3504 τε
3154 3450 3473 3514 δειξάντων
3502 3438 3740 3529 σπουδὴν-ι

440 3535 543 3590 dit.
578 3534 895 3594 Punitionis
927 3553 1061 3594 vero
1095 3539 1260 3609 hujus
1295 3540 1614 3611 aequitatem
1643 3557 1764 3596 eam
1796 3544 2000 3601 vocarit

2181 3565 2220 3609 ις
2258 3526 2360 3601 Ἴκαὶ
2411 3545 2757 3618 ταριχεῦσαι,
2808 3545 2992 3598 καίτοι
3042 3541 3458 3601 κελευσθέντας
3510 3532 3645 3607 μηδὲ
3693 3526 3741 3580 τὸ

441 3629 589 3696 quod
633 3631 929 3687 consilium
968 3629 1061 3687 Dei
1096 3646 1207 3685 non
1237 3642 1658 3702 exspectarunt,
1696 3635 1790 3691 sed
1820 3644 2001 3691 tantur

2178 3640 2323 3694 ,ἀννα
2383 3636 2760 3709 θησαυρίζειν.
2818 3634 2985 3689 Ἀλλὰ
3038 3632 3198 3688 τοῦτο
3272 3632 3381 3702 μὲν
3447 3627 3622 3700 ᾠοντο
3669 3621 3738 3673 διε·

441 3730 669 3792 tamque
696 3723 1027 3779 immensum
1050 3724 1300 3781 studium
1325 3726 1626 3797 colligendi
1650 3726 2001 3784 declararunt

2181 3731 2375 3795 νεκὲς,
2424 3731 2606 3784 ἐκεῖνο
2655 3728 2712 3782 δὲ
2762 3729 3103 3799 πρόσκαιρον
3132 3765 3146 3793 ,
3196 3726 3275 3794 μὴ
3324 3717 3739 3782 ἀκολουθοῦντες

445 3828 504 3872 ut
537 3820 905 3875 recondereut
947 3822 1137 3887 etiam,
1173 3822 1324 3891 quod
1360 3838 1528 3892 quam
1564 3823 1795 3879 minime
1827 3823 2005 3879 facien

2176 3821 2301 3892 θεῷ,
2367 3823 2475 3877 κᾶν
2534 3821 2582 3874 εἰ
2638 3820 2819 3892 χρόνῳ
2874 3820 2983 3872 τινὶ
3046 3818 3143 3889 τὴν
3212 3816 3372 3870 δόσιν
3447 3803 3736 3880 ἐπιμετρή·

442 3910 571 3963 dum
604 3909 796 3977 fuerit,
827 3927 1028 3965 manna
1053 3919 1274 3983 quoque
1302 3927 1331 3966 a
1355 3913 1732 3969 reconditiore
1758 3915 2036 3970 seclusum
2149 3929 2281 3969 σειε.

444 4001 779 4056 documento
810 4017 935 4057 esse
968 4010 1204 4072 poterat.
1234 4003 1441 4059 Verum
1487 4005 1591 4060 hoc
1621 4005 1846 4074 quidem
1917 4019 2120 4060 manna
2190 4016 2543 4077 perpetuum,
2599 4005 2733 4061 illud
2811 4019 2942 4060 vero
3009 4012 3438 4074 temporancum
3494 3994 3615 4050 fore
3656 4001 3719 4043 ar

450 4094 836 4159 liitrabantur,
900 4095 997 4165 qui
1055 4110 1155 4152 nec
1218 4096 1545 4154 obsecuturi
1605 4096 1843 4154 fuissent
1902 4097 2038 4163 Deo,
2079 4098 2180 4153 etsi
2206 4110 2453 4170 tempore
2476 4114 2699 4170 quoque
2723 4098 2832 4153 alio
2864 4098 3066 4152 iterum
3128 4093 3194 4149 ad
3228 4092 3526 4149 cumulum
3586 4084 3731 4140 istum

452 4186 769 4256 adiecisset.

525 4307 760 4374 Quidam
789 4321 918 4362 vero
954 4307 1123 4362 Eldad
1157 4316 1211 4362 et
1248 4308 1446 4365 Modad
1498 4326 1566 4365 ex
1603 4310 1776 4365 animi
1817 4310 2054 4380 quadam
2090 4309 2486 4374 submissione,
2526 4310 2674 4381 quod
2727 4324 2787 4365 se
2828 4308 3085 4378 indignos
3113 4306 3441 4376 iudicarent
3472 4304 3724 4370 postrema

455 4396 707 4451 tenuisse
757 4396 1004 4461 tradunt,
1051 4395 1219 4467 398
1251 4398 1491 4453 itemut
1527 4398 1902 4454 concedamus
1942 4409 2208 4455 cunctum
2266 4400 2532 4470 populum
2586 4384 2932 4469 prophetiam
2976 4395 3195 4450 Domini
3242 4391 3591 4449 exercuisse,
3620 4392 3724 4433 cum

458 4487 723 4554 Spiritum
775 4501 938 4540 suum
973 4484 1057 4539 his
1106 4486 1329 4543 dedisse
1366 4492 1664 4559 separatim
1706 4489 2053 4553 conceditur,
2095 4496 2154 4541 ut
2202 4502 2270 4541 ex
2312 4487 2544 4541 Domino
2596 4487 3011 4556 prophetat-ent,
3052 4498 3160 4538 non
3196 4483 3511 4552 impostura
3566 4472 3724 4536 aliqua

458 4575 739 4638 Satauira,
774 4575 1243 4644 quemadmodum
1270 4575 1472 4646 Paulus
1504 4579 1558 4631 in
1601 4578 1778 4647 prima
1814 4578 1880 4632 ad
1906 4577 2232 4633 Corinthios
2291 4576 2479 4643 inquit
2514 4574 2579 4628 “.
3050 4582 3053 4589 ‘
3557 4576 3567 4582 ’

533 4687 757 4754 Propter
784 4703 1003 4743 uxorem
1037 4686 1151 4757 ejus
1186 4685 1606 4758 ίΕιΙιὶορὶςδαηι,
1651 4699 1759 4743 etc.
1794 4688 1937 4763 [XIL
1968 4686 2048 4760 1.]
2082 4673 2093 4726 ¹

2241 4685 2506 4755 Ἰώσηπός
2559 4701 2724 4754 φησιν
2782 4683 2937 4754 (E36),
3006 4684 3086 4735 ὅτι
3143 4682 3307 4752 ἡνίκα
3372 4680 3430 4731 ὲν
3478 4674 3584 4737 τοῖς
3639 4665 3721 4736 βω

458 4780 658 4835 Narrat
689 4778 966 4850 .losephus
996 4780 1145 4850 quod
1192 4782 1246 4836 si
1292 4783 1417 4853 quis
1466 4783 1519 4836 in
1564 4783 1710 4854 regia
1751 4783 2018 4837 educatus

2160 4779 2381 4842 σιλείοις
2470 4776 2731 4847 ἐτρέφετο
2799 4777 3051 4845 Μωσῆς,
3112 4760 3427 4842 ’στρατηγὸς
3502 4770 3719 4854 χειροτθο

459 4878 804 4928 duxcreatus
829 4846 904 4927 tab
932 4846 1323 4942 JEt—hiOpibns;
1338 4875 1481 4929 bello
1509 4846 1697 4945 aliquo
1732 4876 2019 4945 superaris

2155 4870 2340 4940 νηθεὶς
2388 4868 2529 4922 κατὰ
2590 4867 2701 4920 τῶν
2748 4867 3044 4934 Αἰθιόπων,
3108 4868 3203 4919 καὶ
3276 4863 3528 4933 νικήσας,
3598 4846 3715 4920 ἠγά-

460 4976 564 5030 soil,
603 4967 906 5037 legitimam
942 4966 1087 5042 regis
1140 4965 1304 5027 filiam
1337 4967 1694 5028 matrimonio
1725 4968 1775 5022 ei
1813 4968 2020 5022 locatan

2158 4980 2288 5032 γετο
2319 4962 2419 5033 τὴν
2451 4960 2550 5013 τοῦ
2590 4960 2854 5031 βασιλέως
2885 4960 3100 5015 ἐκείνου
3131 4957 3428 5026 θυγατέρα.
3481 4945 3596 5003 Ἐπί
3627 4941 3713 5042 γάρ

463 5064 654 5125 fuisse.
1006 5032 1030 5042 Ρ
2158 5057 2311 5126 πόθῳ
2365 5055 2443 5125 τῷ
2499 5054 2637 5125 πρὸς
2704 5054 2867 5109 αὑτὸν
2921 5053 3248 5124 προδίδωσιν
3291 5047 3442 5118 αὐτῷ
3492 5043 3585 5114 τὴν
3632 5032 3714 5087 τίδ’

2160 5148 2264 5201 λιν.

539 5264 643 5317 Alii
677 5278 806 5317 vero
827 5262 1111 5319 .lethrouis
1142 5263 1305 5316 tiliam
1336 5262 1760 5318 Madiauitidcm
1808 5262 2207 5332 Ailhiupissam
2244 5265 2391 5319 illam
2439 5279 2564 5319 esse
2593 5272 2676 5317 tra
2723 5272 2843 5320 unt,
2876 5260 3033 5328 Quod
3066 5260 3357 5315 ridiculum
3401 5268 3518 5309 esse
3563 5246 3688 5332 ρπιξῖι

470 5353 598 5405 hinc
629 5352 777 5421 quod
809 5362 934 5420 post
966 5352 1192 5421 triginta
1251 5365 1429 5404 annos
1486 5365 1515 5400 a
1564 5351 1652 5404 die
1703 5328 2046 5420 nuptiarum,
2110 5369 2326 5408 necnon
2372 5361 2500 5406 ante
2531 5353 2709 5422 legem
2741 5349 3005 5405 Israeliiis
3038 5351 3108 5404 de
3158 5335 3422 5403 uxoribus
3469 5328 3702 5425 ducendis

470 5439 678 5502 datam,
705 5439 1027 5510 priusquam
1057 5439 1223 5494 etiam
1251 5456 1280 5492 a
1309 5439 1568 5508 grntibus
1593 5438 2003 5495 discerneretur
2044 5439 2233 5504 lsrael,
2272 5440 2406 5495 Mosi
2435 5440 2644 5497 crimen
2679 5438 2812 5494 illud
2862 5436 3208 5509 impingitur.
3241 5432 3407 5505 Atqui
3435 5422 3701 5494 iniquilam

549 5605 590 5638 "’
627 5607 645 5665 1
703 5605 829 5662 Cor.
867 5624 977 5674 xw,
1016 5607 1050 5662 5
1091 5624 1249 5679 seqq.

2004 5695 2240 5750 NOT.E.

547 5793 660 5863 (35)
690 5776 849 5848 Οὕτω
882 5791 976 5845 καὶ
1014 5793 1314 5863 τῴίΛδάμ.
1361 5791 1417 5843 Ὀ
1439 5790 1538 5863 τῆς
1571 5790 1707 5855 Αὖγ.
1736 5786 1868 5863 mea.

551 5856 660 5937 r516)
706 5866 792 5917 ‘E'J
820 5881 942 5930 7.5;.
972 5870 1008 5913 ε’
1036 5856 1126 5915 τοῦ
1163 5856 1292 5931 περὶ
1330 5860 1576 5914 Ἰουίαῖκ.
1613 5859 1907 5929 dilapsum?
1932 5898 1942 5907 .
1979 5856 2020 5928 β’
2049 5858 2188 5929 βιϐλ.
