3950 6406
93 408 253 470 δΞὸ
1275 417 1650 495 COMMEN'r.

1895 423 1942 483 Ν
1985 423 2379 486 NUMEROS.
3193 415 3216 432 ”
3351 420 3455 484 ὃὲϐ

98 524 449 594 εσιιιυιιιυε
473 533 732 584 extremm
765 531 1095 603 arrogantia:
1127 533 1322 588 Mosen
1359 532 1708 588 insimulant.
1741 534 1933 588 Exstat
1967 541 2150 587 autem
2182 533 2452 602 iniquitas
2481 549 2545 588 ea
2591 535 2738 606 quod
2770 534 2858 590 sui
2891 534 3108 606 copiam
3136 535 3206 590 ab
3235 533 3456 590 lsraeli-
3502 566 3505 568 -

103 614 210 664 tis
261 612 619 670 abalienavit
652 628 702 672 et
735 622 800 672 ad
860 621 1082 690 nuptias
1115 620 1437 692 peregrinas
1484 621 1753 676 traduxit.
1796 621 1967 691 Atqui
2020 622 2125 677 hoc
2161 622 2294 692 quid
2348 623 2498 678 aliud
2527 632 2614 678 est
2649 637 2816 694 quam
2867 623 3015 692 quod
3048 621 3210 678 Petro
3239 637 3458 693 quoque

109 702 312 766 quod
353 716 477 754 cum
523 705 870 774 praeputiatis
922 709 1280 773 comedisset,
1338 707 1442 762 luit
1493 709 1822 777 objectum‘!
1869 708 1992 775 Quo
2049 717 2298 780 tempore
2345 711 2616 767 visionem
2653 727 2809 765 suam
2861 713 3056 766 recitat
3107 725 3224 780 qua
3247 710 3458 764 audivit

114 787 301 842 iilud
335 807 352 843 :
387 807 408 840 ί
432 789 506 843 Ea
538 807 661 860 quae
691 790 803 848 Deo
839 809 1000 850 sacra
1033 803 1184 859 sunt,
1210 797 1306 875 tibi
1343 812 1412 851 ne
1444 796 1558 850 sint
1589 795 1820 866 profana
1847 797 1912 848 ".
1945 813 1964 847 ι
2025 795 2195 849 Erant
2231 813 2366 852 vero
2399 797 2604 866 impuri
2631 794 2814 868 reipsa
2865 796 2958 866 qui
2994 796 3300 867 gentilibus
3334 810 3456 849 car-

118 875 358 929 nalem
396 876 772 946 impuritatem
804 883 1238 951 exprobrabant.
1277 881 1673 958 Verumtamen
1724 883 1841 950 ipsa
1886 897 2072 947 soror,
2126 883 2425 953 Aaronque
2473 883 2608 939 Mosi
2656 885 2996 954 exprobrare
3027 900 3136 938 non
3171 893 3454 946 verentur,

119 975 272 1013 non
307 962 624 1032 cogitantes
653 967 941 1032 nimirum,
988 969 1147 1037 cujus
1175 969 1407 1040 figuram
1457 961 1695 1040 gereret.
1737 969 1994 1025 Christus
2023 971 2230 1024 etenim
2280 987 2448 1026 verus
2481 972 2626 1025 lator
2656 971 2840 1040 legum
2866 979 2974 1037 est,
3019 970 3228 1040 Deique
3257 985 3323 1024 ac
3359 970 3456 1024 bo-

125 1049 390 1102 minmn
419 1053 712 1108 mediator.
754 1055 828 1108 De
855 1071 966 1125 quo
999 1057 1178 1112 Moses
1210 1059 1327 1126 ipse
1353 1047 1514 1140 .dixit'
1543 1076 1558 1112 :
1602 1075 1620 1108 ι
1655 1057 1984 1128 Prophetam
2018 1058 2282 1113 excitabit
2333 1059 2602 1114 Dominus
2643 1057 2788 1113 Deus
2823 1067 3008 1113 vester
3045 1060 3202 1113 vobis
3237 1073 3304 1112 ex
3342 1057 3458 1111 fra-

130 1138 362 1194 tribus
389 1147 588 1198 vestris
631 1144 739 1198 mei
786 1144 1156 1200 siniilem".r
1212 1138 1512 1212 ,Fuit'vero
1563 1148 1748 1200 Aaron
1796 1143 2013 1200 Judaiei
2073 1147 2378 1200 sacerdotii
2412 1155 2598 1216 typus,
2629 1145 3096 1215 quemadmodum
3151 1143 3458 1216 Synagoga:

135 1223 370 1280 Maria.
411 1231 764 1286 Arcusaruut
815 1233 996 1288 autem
1048 1232 1331 1288 Christum
1387 1233 1638 1288 seniores
1666 1249 1886 1304 quoque
1917 1242 1972 1289 et
2005 1235 2182 1306 plebis
2228 1237 2591 1306 congregatio
2645 1237 2790 1304 quod
2833 1235 2977 1290 falso
3027 1251 3086 1290 se
3126 1234 3325 1289 Filium
3362 1234 3458 1290 Dei

133 1313 476 1382 jactitaret,
509 1333 636 1372 cum
669 1319 932 1376 solvisset
968 1321 1294 1376 Sabbatum.
1333 1322 1768 1391 lndignabantur
1817 1324 2051 1393 insuper
2077 1323 2222 1394 quod
2271 1325 2482 1394 nigram
2523 1323 2772 1394 gentium
2819 1331 2874 1376 et
2914 1323 3202 1391 pulchram
3243 1321 3462 1377 lsraeli-

143 1411 360 1456 tarum
393 1402 742 1477 Synagogam
788 1409 954 1463 simul
1012 1409 1270 1474 ambiret,
1324 1408 1470 1478 quod
1522 1411 1776 1464 videlicet
1819 1421 2038 1480 sponsae
2075 1411 2415 1476 Israeliticae,
2466 1410 2814 1465 obscuritate
2868 1410 3118 1465 scientia:
3145 1417 3199 1464 et
3247 1423 3459 1464 morum

143 1489 442 1546 infectam
467 1496 727 1564 gentilem
759 1495 1112 1567 adjnngeret.
1152 1497 1288 1552 Nam
1348 1497 1638 1553 Samaritis
1677 1499 1768 1568 qui
1808 1499 1974 1552 alieni
2015 1504 2071 1550 et
2097 1498 2348 1553 extranei
2381 1506 2564 1561 erant,
2600 1497 2961 1566 Evangelium
3005 1497 3459 1560 denuntiaverat,

147 1577 520 1649 initiumque
551 1581 832 1650 quoddam
863 1585 1170 1638 vocationis
1203 1587 1450 1654 gentium
1497 1585 1552 1639 in
1583 1585 1692 1640 illis
1717 1585 1948 1654 jecerat.
1985 1583 2192 1638 Contra
2219 1599 2352 1638 vero
2385 1585 2504 1639 suis
2536 1583 2829 1654 discipulis
2867 1584 2938 1638 ab
2972 1583 3134 1638 initio
3167 1583 3465 1638 mandave-

146 1674 258 1720 rat
293 1681 369 1722 ne
397 1669 644 1736 gentium
683 1671 868 1724 itineri
903 1673 1247 1737 insisterent,
1281 1688 1458 1740 neque
1505 1673 1560 1726 in
1613 1673 1892 1729 civitatem
1940 1671 2342 1736 Samaritana":
2375 1675 2838 1744 ingrederentur;
2881 1673 2976 1729 sed
3025 1673 3210 1743 potius
3236 1671 3305 1726 ad
3337 1686 3464 1742 pcr-

147 1755 328 1808 ditas
363 1753 582 1810 lsraelis
613 1772 742 1812 oves
768 1757 872 1812 iter
899 1767 1290 1814 converterent
1316 1761 1379 1813 ν’.
1415 1759 1532 1826 Quo
1561 1761 1821 1817 mandato
1866 1771 2064 1834 gentes
2089 1763 2160 1818 ab
2205 1763 2480 1820 lsraelitis
2515 1766 2730 1820 alienas
2765 1764 2917 1818 fecit.
2947 1762 3220 1830 Quocirca
3270 1772 3466 1833 gentes

151 1841 281 1896 sibi
322 1844 576 1909 sociavit,
614 1845 882 1902 lsraelitis
919 1847 1140 1902 interim
1194 1863 1304 1902 non
1341 1837 1628 1917 neglectis.
1661 1847 1816 1915 Quod
1853 1849 2038 1905 adhuc
2070 1850 2278 1905 clarius
2318 1850 2379 1906 lit
2415 1865 2543 1906 cuin
2593 1851 2774 1922 inquit
2807 1867 2824 1906 :
2865 1868 2884 1902 ι
2917 1849 3098 1904 Etiam
3145 1850 3288 1904 alias
3334 1863 3468 1904 oves

153 1931 359 1986 habeo
392 1949 516 2003 qua:
540 1949 649 1988 non
670 1949 740 1990 ex
768 1935 876 1992 ista
901 1939 1061 1992 caule
1078 1946 1230 2004 sunt,
1267 1953 1406 2008 quas
1431 1953 1517 1992 me
1551 1953 1773 2010 quoque
1811 1939 2015 1994 ducere
2045 1945 2262 2008 oportet
2287 1938 2352 1993 ’°.
2385 1957 2404 1989 ›
2460 1939 2754 1994 ltem'cum
2788 1938 3070 2010 impudice
3111 1937 3470 1992 sciscitaren-

153 2027 266 2074 tur
323 2037 395 2076 an
438 2023 559 2093 ipse
597 2032 750 2079 esset
799 2022 1079 2091 Christus,
1134 2026 1315 2096 inquit
1353 2044 1366 2080 :
1405 2046 1422 2078 ι
1454 2027 1575 2080 Dixi
1623 2038 1804 2083 tamen
1851 2027 2034 2093 vobis,
2062 2041 2256 2084 verum
2290 2041 2400 2081 non
2433 2027 2683 2093 creditis,
2737 2027 2867 2096 quia
2898 2041 2963 2080 ex
2995 2039 3162 2096 grege
3215 2038 3464 2078 mearum

154 2108 364 2163 ovium
404 2125 518 2164 non
560 2111 699 2166 estis
725 2112 791 2166 “.
818 2129 838 2163 ι
877 2110 1247 2182 Quapropter,
1273 2121 1536 2183 tanquam
1567 2115 1662 2184 qui
1715 2123 1928 2168 amaret
1977 2115 2217 2178 alienos,
2256 2113 2594 2169 Samaritam
2633 2131 2760 2170 eum
2803 2121 3224 2183 nuncuparunt,
3259 2111 3466 2166 daemo-

156 2197 334 2250 nium
389 2197 524 2252 item
584 2199 787 2254 habere
835 2199 1132 2254 dixerunt:
1180 2201 1552 2256 datinouiacos
1589 2203 1736 2256 enim
1783 2201 2058 2258 idolorum
2099 2205 2342 2260 cultores
2382 2203 2762 2272 appellabant,
2820 2200 2970 2272 quod
3018 2199 3279 2256 diabolus
3317 2199 3465 2254 inter

153 2301 266 2340 eos
327 2285 1144 2366 exsiSIeret.‘Semper-vero
1203 2291 1704 2356 transgressionem
1783 2289 1864 2343 illi
1939 2289 2326 2359 objectarnnt,
2395 2291 2650 2360 quamvis
2738 2290 2914 2360 legem
2989 2287 3166 2341 multo
3224 2288 3464 2356 amplius

154 2374 431 2442 expleret
464 2389 630 2445 quam
661 2375 991 2432 dissolveret
1024 2392 1038 2430 :
1073 2376 1217 2446 quod
1261 2391 1329 2432 ex
1361 2376 1653 2447 ipsiusmct
1682 2377 1867 2432 verbis
1892 2387 2138 2432 constat.
2163 2377 2352 2434 Solius
2381 2379 2530 2434 enim
2561 2377 2762 2432 littera:
2817 2375 3050 2431 mutatio
3078 2376 3143 2430 ad
3173 2375 3462 2429 veritatem

155 2476 193 2529 p
217 2462 510 2519 -rtinebat.

235 2571 622 2642 Objectabant
656 2590 879 2646 quoque
905 2575 1134 2632 Christo
1160 2573 1424 2629 Pharisaei
1461 2589 1474 2626 :
1507 2571 1587 2628 Ne
1642 2570 1778 2628 Mosi
1819 2573 2042 2643 quidem
2091 2575 2196 2630 soli
2245 2573 2432 2630 omnia
2485 2572 2627 2629 dixit
2678 2571 2845 2637 Deus,
2883 2569 3056 2625 multo
3111 2569 3296 2625 minus
3335 2567 3459 2622 tibi.

157 2663 385 2716 Verum
421 2663 708 2718 enimvero
755 2665 1225 2734 quemadmodum
1275 2663 1486 2732 antiqui
1538 2669 1838 2732 peccarth
1873 2678 1999 2717 sese
2041 2671 2430 2732 comparantes
2464 2662 2512 2716 ei
2537 2661 2630 2732 qui
2664 2677 2694 2716 a
2731 2659 2969 2715 Domino
3021 2657 3234 2712 audivit
3271 2673 3286 2710 :
3329 2656 3460 2711 Mihi

159 2767 290 2819 prae
317 2750 582 2806 omnibus
635 2762 800 2806 notus
855 2767 934 2818 es,
979 2762 1034 2806 et
1082 2767 1316 2822 magnus
1353 2765 1414 2806 es
1463 2750 1518 2804 in
1548 2750 1728 2803 oculis
1772 2750 1959 2805 meis:
1994 2751 2228 2806 decebat
2277 2751 2426 2805 enim
2463 2765 2560 2805 eos
2617 2749 2996 2819 qualicunque
3052 2747 3158 2800 sibi
3193 2759 3464 2822 concesso
3539 2813 3544 2816 _

161 2841 394 2893 honore
422 2847 719 2894 contentos
744 2855 886 2904 esse,
925 2839 1172 2894 nondum
1205 2853 1534 2894 concessum
1569 2834 1888 2906 neutiquam
1917 2845 2142 2908 captare
2170 2855 2186 2892 :
2223 2839 2296 2893 ita
2328 2817 2671 2892 recentiores
2703 2817 2981 2904 piaculum
3021 2835 3076 2888 in
3127 2847 3186 2888 se
3221 2817 3466 2887 admise-

160 2933 335 2989 runt,
383 2926 543 2981 Iidem
593 2927 915 2996 derogando
958 2927 1008 2982 ei
1045 2927 1140 2996 qui
1174 2925 1315 2979 dixit
1363 2943 1376 2976 :
1429 2924 1520 2978 «Α
1567 2925 1776 2993 meipso
1829 2925 2031 2995 loquor
2093 2925 2262 2991 nihil,
2315 2925 2411 2980 sed
2453 2926 2546 2995 qui
2584 2939 2670 2979 me
2708 2924 2859 2978 misit
2909 2921 3094 2985 Pater,
3145 2921 3202 2974 in
3234 2921 3460 2974 manda-

163 3025 245 3070 tis
286 3016 427 3070 mihi
475 3017 626 3072 dedit
659 3019 790 3086 quid
835 3017 1040 3080 dicam,
1076 3025 1132 3070 et
1165 3017 1296 3086 quid
1323 3015 1518 3084 loquar
1548 3013 1614 3068 ".
1651 3013 1821 3068 rltem
1858 3032 1920 3070 ει
1955 3012 2128 3068 Verba
2171 3028 2294 3084 quae
2319 3026 2421 3082 ego
2453 3011 2648 3082 loquor
2681 3025 2791 3064 non
2843 3023 2962 3064 mea
3003 3017 3156 3073 sunt,
3189 3007 3284 3062 sed
3343 3006 3466 3074 ejus

163 3107 271 3175 qui
304 3121 393 3160 me
420 3106 571 3162 misit
593 3107 663 3170 “,
709 3125 728 3159 ι
769 3107 1146 3177 audacterque
1178 3101 1476 3175 ingerendo
1511 3103 1562 3157 ei
1594 3117 1606 3152 :
1658 3121 1676 3154 ‹
1709 3101 1847 3159 Mosi
1879 3101 2011 3172 quid
2069 3100 2217 3156 Deus
2273 3099 2482 3153 dixerit
2523 3099 2801 3164 novimus,
2853 3096 3002 3150 hunc
3031 3109 3164 3149 vero
3218 3094 3363 3149 unde
3395 3094 3468 3148 sit

168 3211 290 3249 non
323 3196 582 3251 novimus
601 3197 668 3248 ".
707 3214 728 3248 ι

251 3325 365 3382 Kal
395 3328 430 3380 ό
459 3326 772 3395 ἅνθρωπος
798 3325 1058 3396 Μωϋσ-ῆς
1087 3327 1279 3397 πρᾶος
1297 3329 1759 3400 σφόδρα.Σιωπῇ
1795 3330 1811 3378 .l

1931 3319 2057 3375 Fuit
2072 3329 2249 3375 autem
2265 3319 2436 3376 Mose's
2454 3319 2533 3374 vir
2547 3327 2854 3374 mansuetus
2869 3316 3160 3372 admodum
3175 3315 3221 3347 "
3235 3311 3465 3388 [Xll,‘5.]

173 3420 292 3488 γὶρ
349 3405 512 3489 ἔφερε
560 3419 658 3490 τὴν
712 3419 894 3476 αἰτίαν
928 3421 1038 3474 ἀπὸ
1086 3421 1420 3492 πραότητος.
1478 3422 1588 3476 Καὶ
1633 3420 1733 3474 ἀνα

1910 3413 2084 3480 ‘acite,
2121 3427 2225 3468 nec
2249 3413 2371 3468 sine
2413 3427 2633 3468 summa
2667 3411 2837 3464 animi
2867 3409 3270 3470 moderatione,
3297 3405 3470 3476 399

174 3509 389 3582 γράφει
423 3507 486 3561 τδ
533 3507 810 3579 ἐγκώμιον
851 3509 1072 3576 ἑαυτοῦ,
1125 3510 1315 3583 ὥσπερ
1342 3512 1438 3566 καὶ
1489 3512 1550 3565 τὸ
1586 3512 1734 3582 ἁμάρ

1903 3501 2273 3557 ontumeliam
2304 3501 2470 3556 istam
2496 3501 2750 3572 pertulit,
2777 3498 3109 3567 laudemque
3141 3497 3280 3550 hanc
3307 3507 3463 3548 suam

177 3618 356 3672 τημα,
379 3599 686 3674 φιλαλήθης
726 3599 838 3668 ὢν,
895 3603 991 3660 καὶ
1047 3603 1216 3672 μηδὲν
1255 3603 1737 3674 ἀπρκρυπτόμενος

1917 3594 2340 3650 uemadmodum
2387 3593 2554 3649 etiam
2592 3599 2881 3662 peccatum
2919 3588 3144 3644 Davidis
3201 3587 3468 3640 aliorum-

179 3694 371 3763 ὥσπερ
406 3690 572 3746 Δαϐὶδ
605 3692 700 3747 καὶ
721 3693 922 3756 πάντες
960 3693 1008 3746 οἱ
1041 3691 1213 3746 ἄλλοι.
1628 3719 1638 3727 -

1905 3703 1982 3756 ue
2011 3696 2336 3741 sanctorum
2383 3683 2638 3753 exemplo
2681 3682 2736 3737 in
2787 3690 3144 3737 monumenta
3187 3691 3285 3733 sua
3313 3684 3465 3730 retu-

1874 3777 1960 3842 lit,
2002 3777 2147 3831 sicut
2173 3775 2424 3832 veritatis
2460 3773 2770 3838 studiosus,
2807 3787 2951 3843 aque
2975 3771 3128 3826 omni
3163 3769 3290 3826 fuco
3325 3767 3464 3824 alie-

1880 3885 1984 3922 nus
2016 3868 2140 3922 fuit.

184 4007 290 4062 l.-.ta
323 4005 494 4075 igitur
526 4005 952 4062 mansuetudine
987 4004 1158 4062 Musis
1192 4005 1259 4060 ad
1287 4005 1664 4074 arrogantiam
1701 4009 1759 4057 et
1783 4002 1986 4056 fastum
2019 4001 2326 4055 abutuntur
2359 3999 2460 4054 illi.
2487 3999 2756 4066 Quamvis
2787 4013 2922 4054 vero
2963 3995 3280 4052 mussitarit
3321 3994 3462 4064 ip~e,

188 4093 584 4149 contumeliam
625 4103 807 4148 tamen
835 4093 1017 4148 ﬁdelis
1053 4091 1245 4146 famuli
1284 4093 1336 4145 in
1373 4089 1539 4145 domo
1573 4104 1671 4144 sua
1703 4089 1810 4145 sibi
1855 4087 2001 4143 Deus
2036 4087 2318 4157 prepriam
2359 4085 2510 4142 fecit.
2544 4085 2704 4152 Quod
2735 4085 3012 4156 imprimis
3043 4099 3212 4155 super
3243 4081 3466 4138 Christo

184 4183 391 4248 evenit,
425 4181 592 4237 Patre
629 4181 701 4237 ab
733 4181 800 4236 iis
831 4181 928 4252 qui
971 4181 1028 4234 in
1063 4195 1186 4235 eum
1220 4177 1545 4235 debacchati
1581 4176 1800 4232 fuerant
1828 4191 2021 4246 pinnas
2051 4177 2328 4248 exigente.

255 4295 413 4348 Exite
447 4311 539 4348 vos
573 4303 679 4347 tres
711 4295 766 4346 in
795 4293 1084 4346 tentorium
1113 4291 1436 4353 testimonii,
1473 4299 1582 4345 rte.
1635 4287 1739 4362 [-1.]
1776 4286 2070 4344 Iudicium
2089 4289 2233 4344 enim
2273 4299 2532 4360 prompte
2569 4289 2790 4360 stringit
2823 4289 2968 4344 Deus
3004 4289 3058 4342 in
3105 4303 3204 4343 eos
3236 4287 3329 4356 qui
3369 4301 3467 4357 og-

187 4383 457 4456 ganniunt
481 4381 728 4448 Christo,
763 4389 817 4436 et
845 4397 972 4436 cum
999 4395 1065 4434 eo
1097 4379 1164 4434 de
1191 4379 1367 4450 gloria
1396 4379 1764 4432 contendunt.
1799 4375 2082 4432 Judicium
2117 4393 2253 4432 vero
2293 4393 2388 4448 per
2419 4376 2703 4432 Filiumin
2733 4393 2846 4446 quo
2885 4377 3053 4432 Pater
3082 4385 3168 4432 est
3207 4375 3468 4444 exsequi-

187 4481 300 4527 tur.
335 4490 356 4523 ι
393 4471 508 4540 Ego
558 4470 703 4524 enim
739 4470 795 4523 in
836 4469 999 4523 Patre
1045 4483 1192 4530 sum,
1257 4466 1461 4536 inquit,
1496 4476 1552 4521 et
1588 4465 1752 4521 Pater
1794 4469 1850 4521 in
1887 4467 2065 4521 me”.
2105 4487 2124 4519 ι
2169 4466 2442 4522 Caeterum
2491 4467 2964 4537 quemadmodum
3005 4480 3331 4536 magnorum
3365 4467 3463 4518 ho-

187 4564 394 4616 minum
428 4567 657 4628 peccata
689 4565 820 4612 sunt
855 4555 1086 4617 eximia,
1119 4556 1193 4608 ita
1229 4554 1725 4622 reprehensionem
1761 4569 1825 4608 ac
1869 4569 2088 4626 poenam
2124 4570 2317 4610 eorum
2347 4554 2670 4610 distinctam
2714 4553 2866 4608 facit.
2901 4553 3174 4619 Quocirca
3203 4567 3300 4608 eos
3327 4551 3464 4606 edu-

186 4660 306 4705 ctos
339 4647 514 4703 voluit
561 4647 619 4700 in
657 4649 1038 4702 sanctuariqu
1079 4644 1137 4698 in
1169 4659 1279 4713 quo
1307 4644 1532 4697 oracula
1563 4641 1895 4698 edebantur.

253 4757 440 4827 Χωρὶς
485 4755 766 4817 Μωῦσέως
794 4753 1091 4808 καλοῦνται
1141 4755 1500 4824 ὲπιτιμητικῇ
1553 4752 1766 4822 κλήσει,
1805 4739 1813 4794 1

1951 4754 2028 4805 Ac
2052 4747 2174 4806 sine
2221 4749 2372 4805 Mose
2403 4749 2585 4804 verbis
2628 4749 2846 4804 acerbis
2877 4756 3168 4814 vocantur,
3201 4747 3461 4818 quoniam

188 4849 370 4920 ἐπειδὴ
426 4849 524 4903 καὶ
569 4846 902 4920 λεπροῦσθαι
952 4847 986 4915 ὴ
1033 4845 1270 4916 Μαριὰμ
1317 4843 1531 4913 ἔμελλε.
1569 4843 1660 4914 Τῷ
1709 4842 1748 4896 δί

1905 4841 2105 4895 lariam
2147 4842 2296 4908 lepra
2340 4841 2571 4896 iniicere
2602 4841 2800 4904 voluit,
2857 4841 3060 4894 Aaroui
3113 4856 3242 4894 vero
3283 4841 3465 4894 incre-

200 4940 408 5012 Ἀαρὼν
429 4940 526 4994 καὶ
555 4941 588 5010 ἡ
616 4939 706 4993 διὰ
732 4939 894 5008 λόγου
935 4935 1143 5008 μέμψις
1179 4937 1406 5008 ἢρκεσε,
1435 4936 1530 4989 καὶ
1563 4937 1596 5006 ἡ
1639 4935 1760 5006 περὶ

1905 4935 2027 4988 latio
2056 4933 2240 5004 gravis
2285 4933 2584 5016 verborum
2617 4947 2934 5004 mmrorque
2966 4949 3066 5003 pro
3106 4945 3298 4986 sorore
3329 4943 3465 4985 con-

187 5039 285 5106 τῆς
311 5033 548 5103 ἀδελφῆς
577 5031 748 5100 λύπη.

1870 5033 2063 5095 ceptus
2099 5026 2238 5080 satis
2271 5041 2449 5097 pinna:
2471 5035 2615 5080 erat.

261 5147 452 5204 Evenit
497 5153 679 5200 autem
721 5145 798 5199 illi
846 5144 1004 5214 juxta
1053 5141 1148 5196 Dei
1191 5142 1479 5196 oraculum
1525 5156 1540 5195 ε
1581 5161 1600 5192 ι
1641 5138 1819 5194 Vivite
1867 5145 1923 5193 et
1953 5139 2152 5207 lugete.
2180 5138 2542 5201 sacerdotes;
2588 5138 2986 5204 lamentamini,
3015 5137 3160 5195 sacri
3223 5135 3314 5191 Dei
3372 5135 3478 5190 mi-

191 5237 369 5304 nistri,
408 5236 672 5307 quoniam
704 5231 1131 5287 liberationibus
1177 5237 1234 5286 et
1296 5229 1840 5294 sacriﬁciisexcidit
1875 5227 2075 5282 domus
2123 5226 2220 5281 Dei
2274 5229 2444 5282 vestri
2475 5227 2576 5281 “.i

272 5352 336 5406 Ἦ
384 5351 442 5405 δὲ
494 5346 794 5418 συγγνώμη
838 5348 935 5402 καὶ
963 5347 1039 5409 ὡς
1072 5344 1252 5416 ἀνδρὶ,
1293 5344 1494 5430 μᾶλλον
1549 5345 1767 5414 ἐνάγειν

1949 5339 2177 5396 Veniam
2221 5357 2350 5396 vero
2393 5343 2535 5396 hanc
2573 5343 2806 5414 adeptus
2843 5350 2949 5406 est,
2985 5341 3182 5410 partim
3225 5340 3356 5409 quia
3385 5339 3469 5397 vi~

193 5443 502 5514 παρῤησξαν
534 5439 805 5509 ὀφείλοντι
839 5437 990 5508 παρὰ
1017 5437 1114 5507 τὴν
1153 5436 1410 5506 ἀδελφήν.

1901 5435 1998 5489 'ilis
2032 5449 2224 5498 sexus.
2249 5433 2406 5504 juxta
2438 5451 2598 5502 quem
2635 5436 2812 5506 major
2845 5435 3102 5506 loquendi
3128 5435 3358 5490 libertas
3384 5435 3461 5487 illi

194 5544 350 5602 quam
382 5528 556 5582 sorori
595 5527 956 5594 suppetebat,
993 5523 1191 5594 partim
1232 5533 1456 5596 propter
1485 5519 1855 5582 sacerdotium
1887 5541 1954 5579 ne
1993 5525 2173 5594 ipsius
2212 5539 2413 5580 cursus
2445 5525 2760 5580 sisteretur.
2793 5525 2936 5591 Quin
2971 5527 3136 5580 etiam
3188 5541 3295 5578 non
3347 5539 3467 5576 Olli-

200 5621 322 5673 uino
347 5631 440 5671 eos
465 5614 702 5684 abjicere
741 5612 932 5678 voluit,
989 5613 1292 5682 praesertim
1335 5613 1408 5667 ob
1451 5621 1740 5683 peccatum
1777 5628 1882 5668 non
1917 5613 2332 5683 gravissimum,
2379 5614 2634 5680 quamvis
2666 5614 2721 5668 in
2753 5616 2989 5670 muliere
3023 5616 3249 5685 gravius
3291 5625 3455 5682 qtlam

271 5799 308 5830 ”
350 5800 466 5864 Act,
501 5815 554 5852 ι.
592 5798 678 5852 l5.
763 5797 806 5828 “
851 5795 1006 5850 Deut.
1071 5812 1228 5857 xviii.
1297 5797 1385 5852 15.
1471 5798 1512 5829 ¹⁷
1550 5795 1743 5850 Matth.
1789 5815 1831 5860 κ,

1891 5799 1926 5857 ἱ,
1970 5799 2024 5851 6.
2143 5795 2384 5852 “101m.
2433 5814 2486 5858 Χ,
2549 5795 2631 5850 16.
2750 5797 2790 5827 ⁸⁵³
2826 5795 2958 5852 ibid.
3021 5795 3116 5850 ‘26.
3220 5793 3451 5848 "Juau.

208 5881 290 5936 an,
323 5868 408 5924 49.
485 5871 526 5900 ³⁸
563 5867 721 5923 Joan.
763 5885 868 5934 xiv,
898 5868 986 5924 2L
1033 5869 1108 5897 ’⁸³³
1141 5866 1296 5922 .luan.
1329 5886 1404 5932 ix,
1441 5870 1530 5922 2‘).
1610 5870 1654 5898 ³-³
1689 5865 1768 5923 Ju:

1033 5866 1404 5932 ’⁸³³1υξ1η.ικ,
1441 5870 1530 5922 ‘2‘).
1610 5870 1654 5898 ³-³
1689 5865 1849 5924 Joau.
1887 5887 1938 5935 κ,
1971 5869 2062 5921 ὗες.
2141 5868 2185 5900 ³³
2217 5867 2330 5923 Juel
2371 5886 2408 5935 ι,
2439 5870 2492 5934 8,
2525 5870 2577 5924 9.
