3950 6432
555 383 660 450 827
1899 391 2254 452 euocetur
2297 350 2539 455 oaziat
2589 435 2595 441 .
2669 469 2674 474 1
3216 406 3226 413 ’
3679 405 3756 471 8’28

581 530 641 580 lu
673 531 810 584 viro.
839 529 995 597 Quod
1033 544 1162 584 vero
1194 530 1536 601 superiorem
1573 530 1900 586 inferiorum
1931 531 2144 600 judicio
2192 545 2300 586 non
2337 535 2618 605 subjecit,
2657 537 2755 593 sed
2792 538 3004 592 honore
3039 553 3142 594 suo
3179 555 3208 593 a
3253 538 3358 594 Deo
3384 555 3623 599 concesso
3647 551 3757 604 nul.

562 617 718 684 tavit,
771 619 894 673 ideo
946 619 1153 673 factum
1177 627 1283 685 est,
1319 634 1386 675 ne
1417 619 1524 674 alia
1560 619 1682 676 vice
1714 619 1838 690 ejus
1872 620 2337 690 reprehensiones
2377 623 2776 691 detrectarent,
2813 634 2866 679 et
2898 624 3277 681 diversitatem
3307 625 3608 697 dignitatum
3637 633 3763 693 intel-

561 705 582 759 I-
601 714 811 777 gerent.

629 791 689 848 Si
715 793 883 862 fuerit
904 793 1171 848 vobiscum
1211 795 1470 864 propheta
1499 795 1741 862 Domini,
1760 804 1866 850 etc.
1889 795 2030 868 (xu,
2053 795 2132 866 6.]
2164 794 2297 850 Mosi
2324 793 2703 848 testimonium
2725 793 2982 864 datquod
3002 795 3056 848 in
3082 795 3442 865 percipiendis
3473 797 3654 857 divinis
3668 818 3762 859 ora.

558 881 703 936 culis
733 883 1137 950 sagacissimus
1162 883 1323 937 fuerit
1363 901 1375 938 :
1407 899 1516 938 non
1565 885 1714 938 enim
1759 884 1812 938 in
1889 885 2004 938 otio
2061 884 2199 937 vixit
2242 897 2343 936 nec
2371 881 2668 950 opiniones
2697 881 2750 933 in
2785 883 2995 936 somnis
3026 881 3238 936 delatas
3266 885 3531 940 tractavit.
3563 886 3759 960 Quapro.

559 983 680 1040 pter
703 986 826 1024 cum
873 980 1039 1026 tanta:
1073 973 1416 1026 excellentiae
1452 974 1542 1037 sit,
1583 988 1610 1024 a
1653 973 1875 1026 nemine
1907 971 2236 1026 inferiorum
2282 969 2654 1039 inquirendos
2705 969 2827 1023 fuit.
2859 971 3024 1039 Atqui
3060 972 3164 1024 hoc
3206 974 3377 1026 multo
3412 974 3581 1029 verius
3610 993 3762 1036 cernas

561 1060 614 1112 in
647 1058 870 1113 Christo
899 1075 922 1111 :-
953 1074 1058 1112 non
1117 1061 1266 1114 enim
1309 1061 1359 1113 in
1394 1058 1533 1112 Filio
1567 1059 2038 1130 quemadmodum
2073 1060 2124 1111 in
2152 1057 2436 1125 prophetis
2465 1057 2686 1135 locutqs
2731 1067 2814 1111 est
2859 1058 3020 1112 Pater
3053 1076 3068 1125 ;
3116 1059 3192 1112 ilii
3223 1059 3368 1113 enim
3404 1061 3644 1116 instinctu
3674 1066 3764 1135 Spi-

562 1147 704 1200 ritus
740 1145 926 1200 futura
957 1146 1354 1216 praedixerunt.
1397 1149 1467 1201 At
1510 1148 1588 1200 illi
1615 1165 1680 1202 ex
1723 1150 1993 1216 sapientia
2024 1145 2207 1199 Patris
2237 1162 2358 1214 qua:
2411 1147 2643 1214 ipsemet
2697 1145 2823 1206 fuit,
2859 1147 2934 1199 illi
2989 1147 3229 1200 obscura
3277 1149 3654 1218 signiﬁcatione
3681 1157 3766 1222 glu-

560 1234 698 1285 riam
758 1234 932 1301 ipsius
989 1234 1346 1303 contemplati
1402 1242 1548 1289 sunt.
1593 1233 1764 1287 Deum
1827 1234 1975 1287 enim
2021 1247 2184 1285 nemo
2239 1249 2486 1302 unquam
2540 1235 2697 1288 vidit.
2765 1236 2886 1304 Ipse
2938 1249 3067 1290 vero
3117 1236 3385 1302 inquit“
3425 1235 3623 1293 Patrem
3667 1242 3769 1296 vidit

559 1333 724 1376 nemo
757 1323 860 1374 nisi
892 1322 984 1391 qui
1014 1339 1040 1374 a
1080 1323 1239 1375 l’atre
1301 1322 1424 1384 fuit,
1455 1321 1674 1378 [latrem
1704 1323 1837 1374 vidit
1871 1321 1939 1374 ’⁸.
1976 1340 1992 1370 1
2026 1319 2317 1386 Quomodo
2351 1322 2522 1390 igitur
2549 1322 2809 1374 dixerunt
2853 1319 3030 1375 Judaei
3067 1339 3111 1376 ει
3167 1321 3304 1376 Cum
3340 1323 3578 1391 patribus
3606 1329 3766 1384 nostris

561 1410 780 1462 locutus
810 1418 893 1463 est
945 1409 1090 1463 Deus
1131 1410 1178 1442 ¹⁶
1206 1409 1231 1463 ‘I
1259 1429 1278 1464 ο
1312 1408 1556 1463 Locutus
1592 1410 1812 1480 quidem
1853 1417 1938 1462 est
1987 1409 2041 1464 in
2077 1417 2261 1462 monte
2299 1408 2456 1472 Sina,
2507 1408 2603 1464 sed
2637 1423 2807 1478 parva
2845 1416 3059 1462 tantum
3093 1409 3514 1478 signiﬁcatione,
3557 1412 3763 1480 obscure,

555 1506 612 1549 et
647 1493 893 1566 'ﬁgurate
925 1513 938 1550 :
973 1512 1164 1550 verum
1207 1499 1464 1551 Christus
1502 1497 1718 1550 Patrem
1749 1497 1803 1549 in
1837 1496 2020 1562 seipse
2065 1495 2275 1553 habuit.
2312 1497 2440 1552 Item
2505 1497 2762 1554 Christus
2788 1498 2842 1552 in
2880 1507 2995 1552 tota
3028 1499 3191 1554 domo
3223 1498 3396 1554 ﬁdelis
3429 1507 3584 1554 totam
3612 1509 3764 1556 terram

557 1582 710 1636 Patri
759 1584 1013 1649 adduxit,
1056 1585 1208 1654 atqui
1251 1586 1337 1638 lex
1391 1585 1570 1638 unicae
1617 1595 1826 1636 tantum
1860 1583 2007 1650 genti
2053 1585 2292 1640 salutem
2346 1586 2757 1654 particulariter
2811 1587 3072 1640 contulit.
3113 1604 3133 1638 ι
3175 1586 3356 1652 Quare
3383 1587 3567 1652 igitur,
3601 1589 3759 1658 inquit,

557 1685 668 1724 non
709 1669 976 1726 timuistis
1017 1671 1241 1742 obloqui
1301 1673 1510 1726 fatuulo
1539 1687 1660 1726 meo
1695 1671 1830 1726 Mosi
1866 1670 1890 1724 τ
1939 1689 1958 1721 ι
1997 1669 2324 1739 Huiusmodi
2362 1687 2520 1736 sane,
2561 1673 2729 1728 etiam
2760 1687 2791 1726 a
2825 1671 3106 1742 Propheta
3146 1671 3440 1727 Pharisaeis
3473 1673 3658 1728 dictum
3680 1692 3766 1732 esse

559 1767 780 1812 constat
817 1777 830 1812 :
879 1757 1023 1816 «Vos
1059 1759 1156 1814 ﬁlii
1193 1761 1529 1830 iniquitatis,
1571 1761 1681 1816 huc
1707 1759 1969 1814 adducite
2003 1774 2193 1815 semen
2224 1765 2470 1815 vestrum
2510 1759 2888 1814 adulterinum
2925 1769 2982 1814 et
3013 1760 3388 1815 meretricium
3424 1760 3490 1813 ’⁷.
3519 1780 3536 1812 ι
3571 1759 3766 1826 Quorum

559 1841 852 1902 Psalmista
891 1861 1114 1918 quoque
1145 1849 1481 1904 mentionem
1513 1847 1689 1903 facit:
1739 1866 1756 1896 ι
1806 1845 1924 1902 Dixi
1969 1847 2536 1916 praevaricatoribus:
2569 1845 2648 1903 Ne
2687 1847 3168 1916 praevaricemini;
3199 1857 3254 1902 et
3290 1849 3652 1918 peccatoribus
3677 1866 3690 1904 :
3713 1849 3767 1907 Ne

557 1935 813 1990 exaltetis
850 1951 1043 2002 cornu,
1081 1951 1150 1992 ne
1186 1937 1488 2006 loquamini
1523 1947 1718 1991 contra
1756 1935 1926 1990 Deum
1961 1936 2152 2006 iniqua
2186 1935 2252 1991 ".
2295 1955 2314 1989 ι
2351 1935 2652 2006 Propterea
2686 1937 2834 1991 enim
2863 1937 3088 1992 recessit
3123 1950 3152 1990 a
3191 1951 3466 2008 synagoga
3495 1953 3662 1992 eorum
3707 1940 3766 1994 di-

561 2024 686 2076 vina
717 2027 890 2088 gratia
922 2024 1388 2093 quemadmodum
1422 2025 1596 2081 nubes
1625 2040 1654 2078 a
1689 2026 1947 2080 tentorio.
1991 2024 2210 2079 Mariam
2235 2039 2369 2079 vero
2418 2023 2712 2094 occupavit
2753 2024 2904 2094 lepra
2940 2024 3190 2094 gravida,
3231 2023 3374 2080 adeo
3410 2033 3474 2082 ut
3503 2025 3555 2079 in
3596 2026 3768 2080 modum

515 2123 521 2128 ·
560 2111 702 2164 nivis
737 2111 1064 2166 exalbuerit.
1089 2111 1251 2166 Juxta
1286 2113 1495 2168 dictum
1523 2112 1660 2168 illud
1697 2130 1713 2169 :
1746 2133 1764 2162 ι
1806 2113 2040 2168 Domum
2071 2127 2246 2166 meam
2274 2112 2494 2182 reliqui,
2527 2113 3014 2182 haereditatemqtte
3048 2127 3228 2168 meam
3257 2113 3474 2168 deserui
3505 2115 3565 2167 ”.
3603 2133 3618 2164 ι
3653 2112 3769 2178 Quod

561 2204 619 2251 ut
649 2197 715 2251 de
753 2198 866 2252 illis
901 2199 1113 2253 dictum
1149 2199 1524 2270 intelligamus
1557 2216 1656 2254 nos
1685 2201 1914 2256 adducit
1955 2200 2089 2254 illud
2120 2217 2382 2274 quoque:
2415 2201 2600 2256 Obrue
2630 2201 2816 2256 vultus
2838 2201 3088 2270 ipsorum
3125 2202 3455 2272 ignominia,
3493 2213 3543 2256 et
3563 2202 3682 2255 doce
3702 2217 3770 2255 eos

557 2281 704 2352 quod
735 2301 934 2339 nomen
957 2297 1109 2340 tuum
1143 2285 1413 2341 Dominus
1443 2287 1538 2341 sit.
1575 2287 1638 2340 Et
1664 2288 1770 2341 hoc
1807 2303 1942 2343 sane
1965 2291 2060 2358 qui
2092 2291 2484 2344 intellexerunt
2514 2291 2729 2344 veniam
2765 2289 2933 2345 errati
2965 2289 3052 2356 sui
3094 2289 3374 2360 deprecati
3400 2290 3771 2358 suut,quem’ad-

561 2374 784 2427 modum
825 2371 995 2427 Maria
1033 2373 1160 2442 fecit
1201 2383 1255 2430 et
1285 2375 1493 2429 Aaron.
1551 2377 1628 2429 Ac
1659 2375 1712 2430 hi
1767 2375 1975 2430 Christi
2022 2379 2318 2447 pa:ticipes
2361 2377 2490 2432 lacti
2525 2379 2759 2431 fratrum
2795 2393 3020 2448 quoque
3065 2371 3304 2432 aliorum
3342 2392 3529 2433 curant
3563 2384 3770 2448 egerunt.

560 2459 674 2516 Hoc
700 2477 757 2516 se
776 2462 977 2518 fecisse
1008 2463 1214 2520 Paulus
1248 2472 1484 2520 teStatur
1513 2464 1678 2519 etiam
1710 2480 1834 2518 cum
1863 2465 2066 2534 inquit:
2091 2485 2109 2517 ‹
2137 2465 2360 2521 Fratres
2381 2465 2568 2521 cordis
2590 2464 2756 2537 400
2787 2466 2890 2518 ιιιθί
2915 2466 3176 2521 voluntas
3205 2475 3261 2520 et
3297 2465 3537 2537 precatio
3556 2463 3616 2518 ad
3644 2461 3772 2518 Deum

561 2565 660 2619 pro
688 2552 823 2620 ipsis
857 2560 945 2606 est
974 2552 1042 2606 ad
1076 2554 1310 2607 salutem
1340 2567 1532 2607 eorum
1560 2554 1626 2608 ³ο.
1667 2571 1686 2604 ›
1721 2552 1934 2620 Quibus
1966 2555 2150 2608 verbis
2173 2562 2407 2610 testatur
2431 2553 2750 2610 ministrqu
2779 2552 2874 2608 Dei
2906 2553 3374 2622 quemadmodum
3404 2553 3596 2618 Aaron,
3623 2551 3771 2604 fuisse.

561 2638 947 2695 lntercedente
1007 2655 1142 2696 vero
1181 2641 1330 2696 Mose
1367 2657 1466 2711 pro
1518 2642 1655 2711 ipsa,
1698 2643 1954 2712 quamvis
1999 2641 2066 2697 ad
2099 2643 2452 2698 clementiam
2497 2656 2812 2711 prepensus
2855 2641 2930 2694 sit
2974 2639 3142 2702 Deus,
3179 2641 3526 2710 corporalem
3573 2638 3767 2694 sanatio-

463 2779 473 2787 ,
559 2743 682 2780 nem
721 2738 950 2798 propter
987 2729 1334 2799 spiritualcm
1371 2730 1580 2784 dil‘l‘ert.
1609 2729 1685 2785 Ne
1722 2738 1902 2784 autem
1949 2732 2256 2785 molestiam
2292 2731 2341 2786 ei
2395 2731 2578 2800 pariat
2639 2729 2705 2783 de
2745 2729 2933 2782 futura
2988 2729 3283 2784 sanatione
3333 2744 3455 2783 eum
3503 2733 3768 2798 praemonet.

555 2816 702 2880 Quid
742 2831 874 2870 vero
901 2817 924 2870 ’ἰ
955 2817 1250 2871 Multitudo
1277 2818 1356 2872 vel
1392 2817 1716 2888 magnitudo
1748 2829 2104 2888 peccatorum
2133 2819 2440 2873 clementiae
2470 2817 2568 2870 Dei
2603 2816 2852 2870 obstant.
2890 2815 3246 2887 Quapmpter
3276 2814 3544 2872 Jeremias
3587 2827 3760 2886 quoque
3831 2837 3838 2843 ι

557 2919 683 2956 cum
718 2904 785 2957 de
840 2895 1002 2960 malis
1052 2907 1256 2974 populo
1300 2907 1584 2962 eventui-is
1637 2907 2020 2962 sciscitaretur
2048 2922 2112 2960 ac
2141 2907 2352 2962 diceret
2396 2924 2409 2960 :
2445 2925 2462 2956 ι
2517 2902 2656 2966 lleu,
2718 2904 2850 2958 mihi
2901 2904 3134 2976 langueo
3170 2905 3344 2959 animi
3379 2891 3598 2974 propter
3637 2915 3768 2956 caesos

558 3001 611 3046 et
656 2996 968 3047 exstinctos
998 2994 1065 3056 ⁸⁸,
1109 3015 1126 3046 ι
1163 2995 1320 3048 audit
1369 3011 1396 3048 a
1433 2995 1666 3049 Domino
1700 3014 1713 3050 :
1764 3014 1781 3046 ε
1825 2994 2212 3049 Perambulate
2263 2995 2382 3046 vias
2409 2991 2742 3054 Jerusalem,
2780 2991 2979 3058 videte,
3015 2991 3463 3056 animadvertite,
3497 2999 3548 3046 et
3571 2991 3773 3057 indagata

559 3081 819 3136 (minibus
847 3083 1092 3152 vestigiis
1115 3083 1256 3150 ejus,
1283 3083 1328 3138 si
1358 3099 1520 3151 quem
1555 3083 1853 3139 inveniatis
1877 3082 1968 3152 qui
1991 3082 2260 3149 judicium
2287 3080 2472 3144 faciat,
2494 3082 2586 3150 qui
2619 3079 2774 3134 [idem
2809 3086 3053 3148 (iuerat;
3077 3079 3224 3149 quod
3259 3079 3304 3132 si
3338 3077 3522 3144 fuerit,
3555 3076 3773 3147 propitius

541 3169 644 3223 “eis
669 3183 790 3230 ero.
825 3171 1006 3240 inquit
1041 3169 1307 3227 Dominus
1340 3173 1404 3230 ³³.
1453 3190 1471 3223 ι
1508 3173 1673 3242 Atqui
1703 3172 1940 3242 populus
1981 3186 2092 3224 non
2126 3169 2357 3224 recessit
2413 3167 2724 3238 usquedum
2759 3164 2934 3220 Maria
2971 3166 3039 3220 ad
3087 3165 3385 3236 pristinam
3417 3166 3682 3237 puritatem
3707 3177 3768 3216 re-

559 3257 682 3310 diit.
731 3255 1188 3326 Exspectabimus
1220 3261 1365 3314 enim
1399 3276 1500 3315 nos
1543 3276 1764 3330 quoque
1797 3261 1844 3315 si
1885 3261 1939 3314 in
1974 3258 2080 3314 line
2110 3258 2424 3314 crediturus
2449 3257 2521 3312 sit
2547 3255 2742 3321 Israel,
2789 3263 2853 3310 ut
2907 3269 3032 3310 cum
3076 3255 3373 3326 reliquerit
3404 3254 3628 3313 tentoria
3655 3251 3778 3322 hujus

560 3345 684 3400 vitae
710 3346 763 3399 in
800 3361 1093 3416 supernam
1127 3347 1320 3404 urbem
1356 3349 1722 3404 asciscamus.

631 3451 790 3508 Mitte
817 3455 956 3510 viras
985 3457 1326 3524 exploratum
1356 3467 1556 3512 terram
1586 3475 1744 3526 quam
1775 3455 1872 3511 tibi
1913 3457 2058 3520 dedi,
2091 3465 2198 3510 etc.
2247 3453 2418 3530 [XIIL
2455 3455 2536 3527 5.1,
2571 3455 2716 3511 Deus
2757 3468 2788 3508 a
2817 3453 2966 3510 Mose
3019 3452 3414 3524 exploratores
3469 3453 3600 3508 mitti
3641 3450 3775 3522 jubet.

558 3558 666 3611 quo
701 3543 979 3614 ignaviam
1017 3549 1204 3616 populi
1235 3547 1343 3601 sibi
1373 3556 1714 3616 compertam
1757 3545 1812 3602 in
1851 3547 2027 3600 lucem
2061 3543 2412 3616 produceret,
2457 3549 2516 3596 ut
2561 3541 2903 3612 immorigeri
2948 3551 3424 3611 agnoscerentur.
3459 3541 3598 3607 Quin
3650 3537 3776 3593 etiam

558 3631 604 3684 si
637 3629 817 3701 ignari
847 3639 1006 3687 terrae
1029 3634 1084 3687 in
1123 3649 1246 3687 eam
1282 3634 1644 3699 invasissent,
1680 3649 1858 3704 eaque
1905 3642 2204 3702 conspecta
2233 3631 2720 3695 retrocessissent,
2761 3629 3054 3684 maximam
3087 3630 3494 3686 contumeliam
3544 3628 3662 3696 Deo,
3691 3623 3778 3678 ani-

558 3719 745 3788 mique
781 3720 1178 3793 conﬁdentiam
1215 3719 1534 3776 Palaestinis
1597 3721 1900 3777 attulisset.
1934 3720 2048 3773 lloc
2077 3720 2197 3788 ipso
2227 3737 2356 3778 vero
2386 3722 2530 3792 quod
2564 3728 2858 3792 postquam
2897 3721 3082 3778 aditus
3126 3721 3240 3778 illis
3280 3722 3607 3779 interclusus
3635 3717 3778 3773 redar-

557 3808 786 3879 gutique
814 3811 1102 3878 ohediuut,
1129 3826 1238 3865 non
1269 3828 1474 3882 parvus
1508 3813 1764 3868 utilitatis
1782 3813 2036 3867 cumulus
2069 3811 2176 3867 illis
2215 3811 2476 3866 accessit.
2506 3811 2775 3877 Quamvis
2805 3809 3122 3865 obedientia
3157 3809 3410 3880 ipsorum
3457 3817 3576 3881 post
3599 3807 3778 3861 obmur-

566 3901 937 3956 murationem
1034 3902 1255 3956 demum
1312 3903 1504 3972 juncta
1585 3920 1694 3960 non
1787 3904 2084 3958 admodum
2159 3908 2383 3969 accepta
2468 3907 2610 3964 erat,
2681 3901 2970 3967 magisque
3033 3897 3509 3968 increpationem.
3559 3893 3778 3966 ﬂagitabat

560 4003 724 4056 quam
791 3985 1030 4043 veniam.
1115 3989 1228 4044 lIoc
1283 3994 1400 4062 ipse
1445 4009 1576 4048 vero
1640 3994 1786 4064 quod
1847 3991 1994 4047 Deus
2045 3990 2232 4044 dicit:
2271 4005 2288 4039 t
2350 3987 2474 4042 Tibi
2540 3987 2642 4055 ipsi
2718 3985 2964 4048 dimitte,
3002 4004 3022 4038 ι
3064 3987 3276 4042 indicat
3337 4002 3452 4042 rem
3506 4000 3619 4040 eam
3681 3979 3780 4051 ipsis

562 4077 754 4130 utilem
793 4075 936 4132 fore.
973 4076 1130 4144 Quod
1164 4079 1336 4146 enim,
1377 4099 1397 4132 ε
1441 4079 1564 4136 Tibi
1599 4081 1730 4152 ipsi,
1763 4099 1783 4132 ι
1812 4080 1972 4148 dicit,
2008 4077 2149 4133 idem
2188 4083 2276 4132 est
2306 4090 2373 4132 ac
2407 4077 2456 4132 si
2507 4075 2679 4142 dicat,
2731 4076 2960 4146 populo,
3021 4090 3199 4145 quare
3254 4077 3396 4148 ipsis
3438 4075 3617 4130 utilem
3661 4082 3779 4128 esse.

561 4179 663 4218 nec
699 4162 850 4231 Deo;
887 4174 1118 4220 noverat
1159 4168 1306 4222 enim
1349 4169 1398 4224 is
1455 4183 1638 4238 quam.
1672 4169 1755 4224 eis
1793 4167 1952 4222 daret
2009 4175 2234 4220 terram.
2299 4164 2434 4219 Mosi
2470 4180 2606 4221 vero
2663 4178 2764 4219 ceu
2804 4163 2932 4218 duci
2973 4173 3175 4218 contra
3210 4180 3356 4234 quos
3408 4180 3469 4221 se
3511 4162 3780 4232 opponeret.

559 4259 617 4305 et
646 4251 716 4306 de
741 4269 844 4320 qua
885 4263 1030 4308 terra
1059 4264 1300 4310 certaret
1321 4256 1605 4326 cognitum
1636 4257 1843 4312 habere
1873 4254 2260 4310 conveniebat.
2294 4251 2454 4318 Quod
2477 4261 2660 4306 autem
2691 4249 2926 4305 victoria
2953 4266 3066 4305 non
3112 4251 3478 4306 multitudine
3507 4261 3602 4303 nec
3623 4244 3782 4326 virtute

561 4341 796 4402 steterit,
823 4341 1090 4413 deinceps
1119 4344 1329 4398 clarum
1369 4325 1446 4398 Iit.
1499 4343 1634 4398 Duci
1671 4345 1858 4412 itaque
1896 4341 2286 4398 consilium-ad
2329 4356 2550 4394 manum
2575 4355 2700 4394 esse
2729 4337 2913 4394 debet.
2946 4337 3136 4408 Equus
3165 4338 3339 4404 enim,
3373 4337 3570 4408 inquit,
3601 4325 3783 4387 iuSIrui-

561 4437 652 4482 tur
686 4429 751 4482 ad
787 4429 912 4484 belli
945 4439 1182 4501 tempus,
1213 4445 1243 4484 a
1284 4430 1516 4486 Domino
1551 4447 1682 4486 vero
1723 4432 1990 4486 auxilium
2021 4430 2270 4500 suppetit
2302 4427 2372 4484 ³³.
2411 4426 2685 4481 Craterum
2719 4441 2782 4508 ea
2823 4440 2944 4494 quae
2992 4427 3098 4481 sub
3123 4427 3340 4484 Tumbra
3371 4430 3503 4481 sunt
3535 4417 3782 4508 proposita:

557 4518 772 4572 eventis
804 4533 988 4572 rerum
1025 4518 1346 4574 illuminare
1385 4526 1624 4589 oportet.
1653 4521 1840 4574 Exsmt
1867 4521 2053 4589 itaque
2084 4521 2268 4574 Moses
2297 4517 2384 4570 his
2415 4529 2538 4585 qua:
2579 4515 2646 4568 de
2677 4505 2743 4567 eo
2778 4527 2874 4582 per
2907 4513 3142 4584 ﬁguram
3179 4513 3393 4584 scripta
3431 4521 3578 4568 sunt.
3611 4503 3780 4562 Cbrisli

560 4605 924 4675 Veritatisque
958 4608 1273 4675 speculum,
1328 4623 1439 4677 quo
1471 4606 1792 4662 Judzeorum
1829 4623 1984 4663 mens
2007 4608 2286 4679 dirigitur,
2322 4613 2379 4658 ut
2406 4620 2469 4657 ea
2505 4617 2624 4672 qum
2679 4601 2890 4658 Sanetis
2932 4601 3212 4672 promissa
3251 4609 3406 4665 sunt,
3446 4609 3638 4655 terram

561 4694 688 4748 lit-et
713 4702 960 4748 sanctam
999 4695 1304 4750 mansuetis
1335 4694 1662 4750 adornatam
1703 4696 2172 4766 contemplemur.
2201 4693 2295 4747 Est
2341 4694 2542 4748 etenim
2587 4694 2644 4745 in
2682 4692 2802 4760 ipso
2837 4690 3048 4744 Pascha
3075 4705 3184 4759 quo
3239 4703 3356 4758 prae
3403 4704 3466 4744 se
3530 4687 3628 4740 fert
3663 4680 3785 4774 Cliti-

561 4783 632 4838 sti
677 4785 1026 4853 mysterium,
1075 4799 1286 4853 perque
1320 4782 1653 4852 sanguinem
1713 4785 2020 4854 pretiosum
2067 4782 2395 4853 perditionis
2417 4781 2827 4850 depulsionem.
2852 4778 3195 4834 Restitutum
3235 4778 3368 4833 item
3405 4776 3565 4833 nobis
3610 4775 3656 4828 in
3704 4781 3780 4837 ΡΠ·

559 4876 764 4927 stinam
797 4889 920 4942 qtae
953 4875 1007 4926 in
1036 4873 1294 4942 paradiso
1327 4870 1430 4926 fuit
1469 4873 1832 4942 voluptatem,
1861 4873 2380 4940 Tabernaculorum
2415 4871 2618 4927 festum
2660 4870 2898 4940 septimo
2950 4884 3144 4925 mense
3178 4868 3546 4931 celebratum,
3594 4878 3651 4917 ac
3692 4871 3784 4929 Ρω-

561 4963 690 5017 inde
726 4963 778 5016 in
813 4961 922 5016 line
965 4961 1187 5017 demum
1223 4961 1438 5023 saeculi,
1473 4964 1906 5036 reprmscntavit.
1941 4961 2154 5015 Idcirco
2206 4962 2373 5016 etiam
2423 4960 2693 5029 septimus
2750 4958 2869 5014 dies
2916 4965 3025 5010 lam
3066 4965 3295 5012 sanctus
3328 4972 3491 5027 quam
3542 4951 3786 5036 primus‘ﬁj

559 5051 703 5105 h-sto
736 5049 860 5105 fuit.
895 5049 1077 5105 Moses
1108 5049 1282 5120 igitur
1314 5062 1414 5103 usu
1455 5030 1638 5104 rerum
1687 5051 1972 5120 animique
2001 5049 2296 5118 prudentia
2332 5046 2822 5118 praestantissimos
2855 5046 2924 5099 ad
2957 5051 3208 5098 exactam
3261 5042 3682 5115 promissionum
3719 5030 3784 5083 Dei

559 5138 1003 5205 explorationem
1038 5138 1341 5206 prauuittit.
1374 5136 1525 5203 Quas
1559 5140 1652 5208 qui
1692 5139 1925 5208 adipisci
1953 5138 2104 5205 cupit
2133 5137 2183 5192 ei
2217 5152 2326 5191 non
2365 5151 2544 5208 pugna
2572 5152 2694 5189 eum
2730 5149 2898 5189 carne
2921 5140 2977 5186 et
3009 5135 3280 5204 sanguine
3333 5140 3439 5196 est,
3477 5131 3785 5217 verumst"?

562 5227 929 5294 principibus.
964 5225 1288 5294 potentibus
1319 5235 1371 5279 et
1401 5226 1645 5281 dominis
1674 5227 1841 5295 hujus
1875 5227 2066 5280 mundi
2109 5227 2174 5281 “.
2209 5225 2347 5280 l‘linc
2385 5227 2442 5278 Iit
2474 5223 2618 5293 quod
2648 5223 2683 5277 ii
2709 5221 2802 5294 qui
2831 5221 3025 5277 carnis
3061 5223 3246 5276 studio
3270 5231 3526 5276 tenentur
3553 5224 3603 5270 et
3627 5211 3786 5266 addit'li

559 5323 692 5368 sunt
726 5314 868 5367 hanc
898 5328 1138 5384 pugnam
1173 5321 1464 5384 tantopere
1497 5314 1830 5370 detrectent.
1868 5315 2010 5368 I‘Iine
2070 5316 2128 5368 lit
2175 5314 2320 5382 quod
2367 5313 2490 5382 ejus
2537 5311 2728 5366 saaculi
2781 5311 3037 5365 homines
3080 5308 3446 5380 reproborunt
3491 5296 3785 5390 scrrnmdblL‘

561 5403 923 5456 eireunnenti
961 5401 1171 5456 liberos
1221 5403 1488 5458 luxerunt
1520 5412 1574 5458 et
1603 5420 1824 5458 uxores.
1862 5403 2191 5472 lIujusmodi
2231 5401 2486 5455 homines
2519 5399 2670 5454 omni
2712 5408 2965 5468 tempore
2995 5395 3252 5452 invenire
3304 5400 3412 5460 est,
3447 5391 3540 5462 qui
3573 5405 3628 5443 se
3671 5397 3786 5480 pm."

563 5493 748 5557 ripum
793 5489 996 5546 edictis
1053 5497 1147 5542 aut
1187 5491 1566 5557 sermonibus,
1593 5506 1620 5544 a
1665 5492 1768 5546 [ide
1797 5507 1962 5560 quam
2007 5491 2230 5548 Christo
2269 5491 2564 5555 dederunt,
2591 5491 2726 5544 olim
2769 5487 3040 5544 deterreri
3098 5486 3421 5558 patiuntur.
3446 5483 3786 5552 Quamuth

561 5581 708 5632 enim
741 5577 806 5632 ad
835 5577 1102 5634 caelorum
1138 5593 1368 5649 regnum
1388 5579 1689 5635 eosiuvitet
1719 5581 1838 5656 ipse
1873 5588 2163 5649 maeteque
2191 5580 2399 5634 virtute
2427 5578 2768 5649 cssejubeat
2801 5594 2816 5630 :
2857 5595 2876 5629 ‹
2919 5573 3086 5644 Ecce,
3141 5574 3430 5646 inquiens,
3490 5567 3677 5628 tradidi
3715 5572 3784 5614 v0-

637 5779 680 5809 ’⁵
707 5776 865 5828 Joan.
901 5794 940 5843 t,
981 5779 1061 5831 l8.
1141 5780 1185 5810 ¹⁶
1218 5779 1383 5832 llebr.
1421 5793 1459 5837 ι.
1500 5780 1547 5832 ¹Ι.
1623 5779 1668 5808 ’⁷
1703 5780 1806 5833 lsa.
1846 5793 1976 5838 LVII.
2007 5779 2060 5832 3-
2140 5775 2186 5806 ’⁸

2224 5775 2366 5830 Psal.
2401 5776 2586 5834 vatv,
2619 5771 2673 5835 5,
2710 5772 2763 5826 6.
2843 5771 2886 5804 ³³
2915 5768 3118 5843 Jet'em.
3151 5782 3244 5832 an,
3281 5769 3333 5822 7.
3413 5769 3456 5801 ³ο
3494 5765 3640 5820 Rom.
3673 5744 3784 5814 [Η-

565 5847 601 5875 ³¹
637 5847 842 5902 Jet'ctn.
889 5837 937 5900 n3
1006 5849 1096 5903 5|.
1212 5851 1254 5882 ³²
1285 5848 1487 5903 .let‘cut.
1518 5865 1568 5912 v,
1611 5851 1655 5903 l.
1770 5850 1813 5880 ³³
1847 5837 1970 5904 Job.
1999 5863 2123 5902 XXXI

1436 5865 1487 5902 ιι.
1518 5865 1568 5912 v,
1611 5851 1655 5903 I.
1770 5850 1813 5880 ³³
1847 5837 1970 5904 Job.
1999 5863 2185 5910 xxxtx,
2225 5845 2410 5900 lii-'23.
2490 5845 2535 5876 “
2567 5843 2769 5914 Ephes.
2803 5859 2874 5906 γι,
2914 5837 2996 5894 l2.
