3950 6412
177 443 295 508 8519
1297 453 1832 516 COMMENTARII
1870 451 1948 525 IX
1983 448 2369 509 semesos.
3363 431 3466 494 830

181 541 277 594 bis
308 551 599 609 serpentes
631 556 694 596 ac
725 545 1049 614 scorpiones
1075 544 1396 611 calcandos,
1425 561 1757 615 omnemque
1788 551 2113 615 potestatem
2144 539 2424 593 inimicam
2457 535 2818 608 frangeudam
2846 529 3040 602 ",ipsi
3068 535 3252 584 tamen
3277 539 3467 579 carna-

183 634 262 686 lia
311 632 543 704 majoris
588 651 712 690 cum
772 636 980 693 faciant
1033 639 1191 694 fidem
1251 642 1332 696 illi
1373 649 1636 696 recusant
1689 641 2014 696 attribuere.
2088 636 2296 692 Omnes
2341 635 2489 688 enim
2549 638 2829 700 quotquot
2875 626 3204 694 ad'nuptias
3257 621 3470 676 invitati

179 717 355 790 ἀοι
388 730 572 785 erant,
605 738 784 778 causa:
823 727 1031 797 aliquid
1069 727 1353 791 dicebant.
1388 729 1480 784 ille
1511 730 1732 800 quidem
1775 742 1991 799 agrum,
2019 725 2110 779 hic
2143 739 2272 776 vero
2301 737 2528 776 uxorem
2554 728 2861 789 praetexens
2893 717 2982 770 "‘.
3011 713 3176 800 Atqui
3199 712 3276 766 rel
3302 709 3474 800 huius

184 810 447 876 ipsorum
481 811 762 882 principes
787 825 1048 870 auctores
1073 816 1443 880 exsistebant,
1480 797 1543 880 ii,
1580 797 1830 880 inquam,
1855 815 2055 884 quibus
2080 811 2290 864 dictum
2319 817 2400 860 est
2443 825 2455 860 :
2500 805 2624 860 (Vae
2649 805 2807 859 vobis
2831 803 3037 858 scribis
3073 809 3127 854 et
3151 797 3469 857 Pharisaeis.

183 897 466 965 quoniam
504 899 803 967 accepistis
831 901 1037 956 clavem
1073 905 1318 958 scientiae
1343 945 1358 967 ,
1401 903 1505 972 ipsi
1547 911 1729 957 tamen
1781 917 1888 956 non
1933 897 2287 966 ingredimini
2331 896 2578 963 aliosque
2615 893 2712 962 qui
2743 891 2953 960 ingredi
2988 889 3182 944 volunt
3215 885 3472 956 prohibe-

181 983 266 1038 tis
293 981 364 1038 ’⁸.
414 1002 432 1035 ι
469 983 600 1039 Tale
628 1003 850 1056 quoque
879 989 1180 1044 vatidicum
1213 991 1344 1043 illud
1373 999 1501 1046 est:
1538 1008 1556 1041 ι
1591 989 1847 1044 Pastores
1895 989 2254 1056 desipucrunt
2301 993 2355 1038 et
2406 983 2695 1035 Dominum
2740 997 2845 1034 non
2879 980 3294 1047 quaesiverunt,
3326 973 3472 1026 unde

185 1071 339 1124 nihil
370 1071 674 1138 prudenter
695 1085 952 1144 egerunt,
981 1085 1034 1130 et
1060 1077 1329 1146 quidquid
1366 1078 1419 1131 in
1454 1077 1676 1147 pascuis
1707 1091 1898 1130 eorum
1933 1076 2055 1136 fuit,
2087 1075 2400 1140 dispersum
2429 1081 2512 1122 est
2533 1071 2652 1120 ³⁸⁸.»
2677 1067 2879 1121 Verum
2910 1067 3194 1120 enimvero
3224 1060 3472 1130 reliquiae

181 1174 392 1227 eaeque
429 1157 634 1214 Christi
659 1177 765 1214 non
798 1175 1074 1232 expertes,
1105 1176 1226 1219 sunt
1264 1177 1516 1226 servatze,
1554 1165 1680 1232 ejus
1708 1166 1852 1218 enim
1880 1164 2106 1234 figuram
2132 1163 2303 1229 gessit
2328 1159 2497 1212 Caleb
2521 1159 2616 1226 qui
2654 1174 2806 1211 omne
2845 1173 2936 1210 cor
2961 1165 3142 1209 sonat.
3185 1151 3472 1222 Jephonne

185 1261 339 1300 vero
366 1249 656 1302 conversio.
691 1247 854 1303 Jesus
879 1251 1120 1320 denique
1150 1253 1324 1306 salus.
1355 1253 1458 1318 Qui
1495 1253 1642 1306 enim
1687 1252 1959 1320 integrum
1997 1261 2320 1318 rectumque
2363 1262 2460 1300 cor
2489 1261 2617 1313 erga
2651 1245 2819 1298 Deum
2855 1245 3082 1304 habent,
3118 1241 3212 1293 filii
3237 1253 3472 1294 conver-

187 1333 382 1388 sionis
417 1343 569 1400 sunt,
604 1336 718 1389 illis
748 1321 1108 1393 cohabitante
1133 1339 1288 1406 Jesu,
1317 1341 1596 1408 iidemque
1628 1349 1756 1394 sunt
1782 1340 1873 1408 qui
1904 1335 2282 1391 crediderunt.
2311 1333 2516 1398 Quales
2547 1348 2650 1385 ceu
2685 1331 2940 1400 primitire
2965 1329 3198 1398 apostoli
3223 1327 3471 1386 fuerunt,

188 1423 297 1491 qui
343 1440 469 1478 curn
505 1426 756 1495 reliquiae
797 1436 1005 1489 essent,
1047 1443 1254 1498 perque
1294 1429 1595 1484 Cbalebum
1631 1430 1810 1484 solum
1841 1426 2195 1480 exsistentem
2242 1420 2482 1490 figurati,
2511 1419 2767 1473 lsraelem
2823 1425 3110 1479 vocarunt,
3168 1415 3330 1484 idque
3361 1426 3470 1464 non

191 1511 328 1564 sine
359 1528 558 1583 magno
590 1529 812 1584 quoque
845 1517 1096 1585 periculo
1130 1536 1142 1570 :
1180 1533 1351 1586 quare
1392 1518 1640 1572 haeretlcs
1671 1526 1830 1570 terrae
1873 1519 2097 1574 sauctze,
2139 1517 2404 1577 tanquam
2445 1507 2536 1575 qui
2565 1505 2878 1560 rectiSsime
2913 1519 3042 1571 erga
3087 1502 3253 1556 Deum
3285 1507 3470 1552 essent

133 1648 152 1658 ,
193 1597 412 1665 aﬂ‘ecti,
446 1599 681 1656 instituti
715 1613 864 1657 sunt.
904 1602 1098 1666 Qualis
1124 1602 1230 1656 fuit
1261 1602 1500 1666 Paulus,
1545 1603 1639 1671 qui
1690 1603 1866 1671 legem
1923 1617 2020 1672 pro
2042 1609 2289 1652 stercore
2331 1605 2386 1650 et
2413 1597 2583 1649 multa
2629 1604 2853 1663 propter
2881 1593 3234 1647 excellentem
3265 1587 3467 1643 Christi

195 1686 544 1755 agnitionem
590 1691 872 1758 reputavit
895 1691 960 1744 ³⁷.
992 1689 1052 1743 in
1089 1707 1233 1761 quos
1264 1691 1441 1744 n'ovus
1475 1691 1701 1757 insuper
1733 1689 1968 1758 populus
2007 1686 2110 1741 fide
2145 1684 2372 1748 coaluit,
2418 1698 2511 1751 per
2549 1683 2752 1737 liberos
2790 1689 3146 1750 peccatorum
3180 1677 3474 1731 adumbra-

194 1780 318 1836 ιυει
349 1772 506 1843 juxta
542 1773 828 1839 Davidem,
875 1795 895 1828 ι
946 1775 1194 1847 Populus
1230 1794 1426 1833 recens
1468 1777 1730 1834 conditus
1784 1775 2087 1830 celebrabit
2115 1771 2405 1824 Dominum
2438 1768 2543 1830 '7';
2586 1787 2605 1820 ι
2641 1768 2695 1822 in
2729 1767 2960 1820 alteram
2994 1767 3199 1819 etenim
3231 1769 3474 1823 aetatem,

195 1871 412 1931 prater
430 1877 554 1916 eam
585 1879 711 1934 quae
734 1865 841 1919 sub
871 1865 988 1934 lege
1016 1865 1140 1930 fuit,
1179 1865 1474 1921 haereditas
1509 1873 1595 1920 est
1623 1870 1924 1918 reservata.
1957 1861 2092 1914 Nam
2124 1859 2178 1913 in
2203 1857 2428 1911 Christo
2459 1853 2524 1909 ad
2559 1855 2684 1907 vitm
2713 1855 3014 1908 novitatem
3039 1858 3222 1906 vetere
3253 1849 3476 1904 homine

194 1959 397 2012 exuto,
425 1965 533 2002 una
567 1933 692 2005 cum
729 1933 1117 2008 affectionibus
1147 1960 1200 2007 et
1231 1952 1704 2024 concupiscentiis
1733 1950 1937 2003 virtute
1963 1947 2084 2016 ejus
2108 1944 2200 2015 qui
2228 1943 2370 1998 duos
2402 1941 2639 2010 populos
2670 1941 2724 1994 in
2751 1953 2920 1995 unum
2955 1953 3158 1993 novum
3195 1933 3474 2024 hominem

195 2036 584 2104 interpolavit,
621 2053 816 2095 sumus
849 2039 1080 2094 conditi.
1123 2038 1370 2106 Quorum
1410 2020 1708 2109 imaginem
1736 2035 1974 2091 infantes
2008 2033 2278 2093 referunt,
2320 2031 2466 2084 sicut
2504 2027 2708 2084 Paulus
2743 2026 2938 2090 sensit,
2981 2025 3280 2094 inquiens:
3322 2020 3474 2077 «Lac

199 2122 445 2178 rationis
486 2140 550 2178 ac
580 2126 918 2193 integritatis
947 2127 1420 2196 quemadmodum
1463 2110 1666 2180 recens
1699 2125 1811 2178 nati
1845 2123 2108 2186 infantes,
2143 2117 2397 2173 aﬂeetate
2431 2117 2496 2170 ³⁸.
2535 2135 2554 2166 ι
2607 2116 2764 2181 Quod
2816 2121 2998 2168 autem
3042 2113 3158 2167 hinc
3195 2109 3368 2182 ipsius
3403 2111 3473 2164 sit

199 2213 512 2275 sententia,
549 2214 677 2268 illud
703 2230 926 2283 quoque
953 2216 1149 2270 addit:
1187 2234 1206 2268 ι
1247 2217 1424 2271 Hodie
1468 2217 1513 2272 si
1571 2230 1762 2270 vocem
1800 2226 1973 2266 meam
2011 2207 2320 2272 audieritis,
2383 2224 2402 2256 ι
2437 2212 2491 2258 ct
2545 2217 2607 2256 ea
2639 2217 2761 2270 quae
2801 2208 3110 2270 sequuntur
3135 2215 3202 2254 eo
3245 2213 3420 2268 usque
3455 2215 3468 2253 :

203 2320 222 2351 ι
260 2299 405 2354 Nam
430 2301 612 2371 juravi
638 2304 692 2356 in
733 2304 903 2358 corde
941 2319 1064 2359 meo
1097 2307 1245 2374 quod
1283 2321 1394 2360 non
1455 2303 1758 2373 ingressuri
1796 2301 1908 2355 sint
1962 2300 2016 2352 in
2050 2297 2293 2364 requiem
2344 2308 2518 2349 meam
2554 2293 2622 2347 ³³.
2652 2309 2670 2341 ›
2703 2291 2834 2345 item
2872 2307 2885 2343 :
2923 2309 2940 2340 ι
2982 2287 3060 2343 Ne
3091 2289 3281 2342 eadem
3314 2287 3472 2341 nobis

199 2403 428 2457 quoque
474 2388 752 2455 eveniant,
789 2390 1009 2456 fratres,
1039 2391 1242 2458 inquit,
1295 2399 1482 2445 cavete
1514 2407 1583 2444 ne
1633 2391 1685 2443 in
1722 2403 2000 2458 quoquam
2054 2393 2299 2437 vestrum
2342 2395 2438 2434 cor
2479 2377 2799 2432 infidelitate
2828 2377 3185 2446 depravatum
3213 2377 3324 2437 lict,
3361 2393 3378 2424 ι
3405 2389 3471 2428 eo

200 2489 388 2544 usque
415 2492 426 2526 :
454 2495 472 2524 ι
497 2475 903 2532 incredulitatis
925 2482 1068 2532 enim
1095 2480 1256 2549 culpa
1291 2479 1501 2548 ingredi
1529 2493 1637 2532 non
1666 2483 1961 2546 potuerunt
1985 2472 2084 2527 ⁸⁸.»
2121 2470 2319 2526 Verum
2351 2467 2519 2535 Josuc
2541 2469 2953 2536 exploratorum
2981 2465 3174 2518 ducem
3201 2463 3468 2533 optimum

199 2575 262 2616 se
306 2563 582 2631 praestitit,
618 2577 742 2617 nam
775 2563 841 2618 ad
899 2563 1058 2620 fidem
1089 2569 1415 2620 cohortatus
1473 2573 1578 2629 est,
1641 2564 1876 2632 fideique
1906 2561 2164 2614 virtutem
2202 2556 2518 2625 explicavit,
2561 2553 2707 2624 quod
2760 2555 2944 2606 omnia
2985 2551 3127 2605 infra
3170 2551 3468 2620 potentiam

200 2649 508 2712 credentis,
543 2665 606 2707 ac
634 2651 983 2720 imperterriti
1015 2663 1200 2707 essent
1237 2653 1515 2706 videlicet.
1549 2651 1818 2718 Quocirca
1845 2661 2043 2702 nomen
2075 2645 2152 2698 illi
2179 2657 2399 2713 queque
2435 2652 2564 2695 tunc.
2593 2639 2858 2708 temporis
2895 2639 3212 2708 impositum
3245 2637 3467 2706 quando

201 2737 603 2806 explorationis
634 2753 800 2792 causa
835 2747 966 2794 sunt
998 2740 1210 2794 emissi.
1241 2738 1344 2805 Qui
1381 2740 1432 2793 in
1458 2741 1562 2794 hoc
1602 2740 1802 2791 missus
1850 2744 2020 2789 estut
2071 2733 2196 2786 lidei
2246 2731 2556 2798 exemplum
2609 2737 2775 2798 atque
2819 2728 2922 2780 iter
2960 2726 3068 2780 illis
3096 2726 3256 2779 foret.
3290 2724 3465 2790 Quem

203 2821 387 2878 Moses
417 2839 540 2877 eum
572 2824 886 2879 intueretur
916 2825 1148 2880 solidam
1187 2841 1366 2879 rerum
1404 2825 1711 2879 futurarum
1743 2823 1998 2890 concepit
2022 2835 2202 2888 _spem,
2245 2826 2682 2886 argntneutoque
2711 2814 3016 2884 voluptatis
3051 2813 3172 2882 ejus
3203 2829 3324 2882 quae
3354 2813 3465 2866 illic

205 2911 353 2966 foret
385 2911 602 2966 botrum
639 2914 897 2983 arripuit.
929 2912 1244 2979 Quinetiam
1271 2911 1440 2967 Josue
1482 2912 1549 2966 de
1591 2919 1738 2965 terra
1767 2912 2182 2980 praedicantem,
2219 2907 2552 2974 botrmnque
2581 2919 2611 2958 e
2636 2904 2784 2972 ligno
2812 2901 3238 2970 suspendentem
3278 2899 3469 2953 sedulo

203 3001 445 3057 audivit.
480 2997 626 3053 Satis
659 3015 787 3054 vero
824 3001 1014 3069 liquet,
1064 3015 1172 3070 quo
1205 3000 1292 3053 illo
1324 3015 1545 3068 quoque
1584 3000 1778 3053 oculos
1817 3013 1949 3052 suos
1974 3003 2305 3048 convertens
2360 3000 2467 3045 tam
2507 2991 2776 3060 intrepida
2811 3005 2906 3058 spe
2955 3003 3079 3042 esse
3124 2989 3322 3055 potuit,
3359 3003 3469 3054 quo

202 3087 478 3158 inquam?
513 3086 578 3142 ad
603 3103 728 3142 cum
761 3087 985 3141 botrum
1019 3087 1113 3156 qui
1146 3087 1466 3140 novissimis
1496 3085 1694 3138 diebus
1747 3098 1777 3137 e
1819 3083 1970 3152 ligno
2010 3096 2319 3149 suspensus
2365 3077 2512 3141 fuit,
2561 3077 2722 3146 cujus
2769 3075 2998 3144 sanguis
3031 3075 3269 3128 fidelium
3305 3081 3468 3143 potus

198 3183 311 3240 est,
351 3174 499 3228 sicut
535 3189 563 3226 a
597 3173 744 3230 illose
773 3175 937 3228 tacite
958 3173 1330 3245 significatum
1359 3181 1443 3229 est
1471 3189 1486 3238 ;
1519 3187 1645 3226 nam
1680 3173 2026 3242 sanguinem,
2065 3183 2184 3223 uvae
2205 3168 2392 3221 vinum
2424 3166 2680 3222 biberunt
2719 3165 2824 3219 hoc
2858 3179 2956 3234 per
2985 3163 3130 3234 quod
3158 3161 3470 3217 Servatoris
3528 3178 3543 3193 ο

201 3260 394 3328 passio
426 3260 694 3314 innuitur.

279 3349 349 3403 Et
381 3349 577 3418 {ariam
618 3359 667 3403 te
695 3357 745 3404 et
779 3350 995 3404 domum
1025 3349 1202 3418 patri:
1240 3351 1316 3404 tui
1367 3351 1425 3404 in
1477 3359 1685 3420 gentem
1740 3365 2012 3419 ntagnam,
2040 3356 2150 3404 etc.
2195 3345 2362 3419 [ΚΝ.
2407 3345 2522 3418 12.]
2575 3347 2702 3401 llaec
2733 3342 3034 3415 promissio
3063 3357 3283 3414 quoque
3319 3341 3464 3398 facta

200 3448 458 3508 tempore
490 3440 600 3506 quo
635 3439 1044 3493 fabricaveram
1077 3439 1336 3499 vitulum,
1375 3454 1477 3494 nos
1501 3441 1648 3493 enim
1685 3440 1754 3494 ab
1791 3439 1952 3492 initio
1992 3437 2100 3490 ί)εο
2137 3437 2209 3489 ob
2251 3436 2443 3488 oculos
2470 3450 2684 3489 smnus.

277 3523 350 3578 Et
382 3524 599 3578 audient
625 3526 722 3580 hoc
746 3526 1018 3596 Ai'gyptii,
1053 3526 1310 3596 quoniam
1335 3521 1545 3586 eduxit,
1573 3536 1679 3581 etc.
1711 3525 1856 3598 [15.]
1889 3524 2436 3580 Consummationem
2473 3538 2662 3576 eorum
2691 3538 2811 3590 qua:
2837 3521 2984 3576 Deus
3011 3521 3208 3590 partim
3251 3521 3465 3589 pracsu-

199 3613 296 3676 tit,
336 3612 531 3682 partim
564 3620 827 3682 praestare
866 3613 1150 3683 promisit,
1187 3628 1306 3666 eam
1336 3627 1456 3681 quae
1489 3627 1548 3665 se
1580 3613 1794 3673 deceat,
1826 3612 2082 3681 quamvis
2139 3611 2396 3676 indignus
2437 3609 2507 3663 sit
2563 3611 2799 3680 populus
2825 3650 2840 3675 ,
2892 3609 3154 3680 postu!at.
3205 3605 3467 3662 Promisit

201 3715 340 3754 vero
369 3707 592 3766 terram,
623 3707 678 3754 et
700 3699 766 3752 ad
804 3715 924 3754 eam
947 3713 1043 3754 eos
1071 3699 1281 3754 eduxit.
1316 3698 1722 3754 Obtreclabtmt
1758 3699 1902 3753 enim
1930 3698 2190 3766 potentiae
2219 3706 2344 3760 tum,
2379 3697 2578 3766 inquit,
2598 3697 2756 3766 quasi
2792 3712 2888 3765 per
2921 3695 3053 3749 illud
3086 3696 3189 3750 iter
3216 3696 3282 3750 ad
3316 3696 3464 3766 quod

197 3803 302 3842 eos
334 3785 644 3849 adduxisti,
672 3787 943 3842 deducere
979 3802 1090 3840 non
1129 3787 1402 3856 potueris.
1427 3789 1538 3843 Res
1558 3801 1720 3856 porro
1741 3784 2052 3840 miseranda
2066 3783 2228 3856 402
2249 3783 2479 3839 iueritsi
2503 3785 2758 3839 omnibus
2789 3795 2895 3838 una
2927 3784 3270 3853 pereundum
3295 3792 3466 3839 esset.

287 3873 730 3944 ’Υπομιμνήοκει
751 3874 846 3926 καὶ
872 3865 947 3926 ὧν
966 3873 1100 3937 Θεὸς
1125 3874 1412 3945 παρέδωκε
1435 3876 1563 3945 περὶ
1589 3872 1780 3928 ἑαυτοῦ

1957 3871 2396 3926 Couunonefacit
2421 3871 2588 3926 Deum
2616 3872 2838 3939 insuper
2867 3871 3250 3941 adjunctorum
3275 3886 3467 3925 eorum

201 3965 263 4017 ιν
294 3963 448 4036 Σινᾷ,
471 3965 549 4026 ὡς
578 3964 828 4034 ἐλεήμων
861 3965 956 4017 καὶ
977 3966 1207 4028 δίκαιος.
1253 3967 1346 4028 itii;
1371 3965 1475 4036 μὲν
1516 3965 1577 4018 τὸ
1607 3964 1780 4028 ἕλεος,

1891 3979 2016 4033 qua:
2040 3963 2142 4017 sibi
2175 3964 2276 4032 ipsi
2310 3963 2362 4018 in
2407 3971 2594 4020 monte
2628 3961 2779 4018 Sinai
2807 3964 3155 4027 attribuerat,
3183 3963 3331 4033 quod
3359 3965 3470 4018 sci-

199 4049 266 4112 οὑ
314 4057 410 4109 καὶ
447 4056 640 4121 δεῖται,
671 4055 847 4123 λέγων
868 4071 882 4085 ·
913 4073 932 4107 ε
962 4058 1058 4109 ’ον
1091 4057 1293 4127 τρόπον
1336 4054 1518 4121 εἴπας,
1579 4056 1788 4126 μακρό-

201 4145 382 4216 θυμος
419 4148 515 4201 καὶ
547 4146 855 4211 πολυέλεος,
889 4165 908 4198 ι
949 4151 1044 4202 καὶ
1067 4148 1137 4201 τὰ
1189 4149 1337 4217 ἑξῆς.
1365 4148 1459 4212 Εἰς
1486 4149 1542 4201 δὲ
1585 4150 1672 4215 τὸ,
1701 4149 1786 4202 δί-

199 4251 363 4296 καιος
395 4234 534 4306 (οὑδὲ
557 4235 720 4290 τοῦτο
751 4237 860 4306 γὰρ
893 4237 1220 4308 ἀναίνεται),
1257 4255 1276 4288 ι
1310 4239 1420 4290 Kal.
1455 4236 1786 4310 καθαρισμῷ

200 4327 269 4380 οὑ·
297 4325 558 4395 καθαριεῖ
591 4325 684 4380 τὸν
727 4326 932 4396 ἔνοχον,
969 4345 988 4378 ι
1029 4327 1124 4380 καὶ
1157 4329 1223 4380 τὰ
1257 4328 1406 4398 ἑξῆς.
1456 4329 1566 4380 Καὶ
1621 4328 1784 4382 πάλιν

197 4420 283 4483 εἰς
317 4419 409 4472 τὸν
435 4419 587 4472 ἔλεον
617 4419 680 4472 τό
705 4436 719 4450 ’
750 4437 769 4470 t
793 4419 1062 4487 Ἰλάσθητι
1089 4420 1154 4489 δὴ
1185 4423 1252 4490 τῇ
1295 4420 1498 4490 ἀνομίᾳ
1524 4418 1618 4472 τοῦ
1653 4419 1783 4473 λαοῦ

195 4511 420 4572 τούτου,
451 4509 704 4580 καθάπερ
735 4511 892 4572 ἵλεως
923 4511 1108 4575 αὑτοῖς
1140 4511 1330 4580 ἐγένου
1362 4513 1470 4565 ἀπὸ
1501 4512 1782 4582 Αἰγύπτου

195 4598 309 4659 ἕως
363 4595 460 4650 τοῦ
512 4597 630 4652 νῦν.
663 4617 682 4650 ι
738 4599 848 4652 Καὶ
895 4599 1040 4668 λόγῳ
1088 4599 1275 4670 μαθὼν
1309 4601 1438 4670 ἄρα,
1493 4602 1586 4655 καὶ
1636 4601 1785 4672 ἔργῳ

196 4687 524 4756 πειραθεὶς,
573 4689 650 4751 ὡς
703 4689 996 4760 ἐλεήμων,
1045 4689 1115 4742 δι’
1165 4691 1494 4760 ἀμφοτέρων
1541 4693 1778 4742 αἰτεῖται

191 4781 291 4832 τὸν
331 4779 504 4834 ἔλεον.
541 4780 614 4834 Τὸ
651 4781 710 4834 δὲ
769 4782 898 4850 περὶ
962 4781 1064 4850 τῆς
1119 4781 1354 4851 κρίσεως
1398 4785 1455 4835 ἐν
1517 4782 1776 4839 ὑποθέσει

191 4870 396 4933 διττὸν,
433 4869 465 4939 ἢ
499 4871 694 4938 ἄφεσιν
715 4871 922 4934 αἱτοῦν,
963 4871 1052 4924 διὰ
1079 4875 1158 4934 τὸ,
1191 4891 1208 4922 ι
1239 4873 1517 4940 Ἀφαιρῶν
1551 4873 1780 4940 ἀνομίας

193 4964 298 5015 καὶ
326 4963 541 5026 ἀδικίας
567 4981 582 4996 ο
630 4983 650 5015 ι
681 4964 712 5034 ἢ
741 4964 1056 5034 ὑπέρθεσιν,
1093 4983 1110 5014 ι
1157 4963 1243 5025 Ὠς
1286 4965 1376 5015 ἐπὶ
1405 4964 1523 5026 ἐνὸς
1562 4963 1777 5034 ἀνθρώο

191 5071 305 5106 που
365 5052 460 5106 τοῦ
520 5052 644 5106 ὅλου
685 5054 897 5119 γένους.
942 5072 961 5105 ι
1022 5056 1131 5107 Καὶ
1191 5055 1438 5118 Ἐζεκίας
1493 5056 1600 5124 γὰρ
1651 5055 1776 5125 ἔφη,

197 5167 216 5198 ι
251 5146 500 5199 Γενέσθω
524 5146 588 5217 δὴ
619 5149 810 5218 εἰρήνη
844 5149 902 5199 ἐν
936 5149 1054 5208 ταῖς
1081 5146 1318 5217 ἡμέραις
1355 5165 1479 5216 μου.
1522 5166 1542 5198 ι
1582 5148 1643 5200 ἸΙ
1679 5148 1778 5216 μὲν

1892 4053 2018 4108 licet
2045 4053 2384 4117 misericors,
2415 4052 2560 4121 quod
2604 4053 2792 4122 justus
2841 4061 3007 4108 esset.
3040 4051 3467 4107 Misericordiam

1892 4161 1998 4216 qua
2023 4160 2084 4200 se
2112 4145 2357 4216 indigere
2379 4144 2602 4210 fatetur,
2639 4145 2712 4200 ita
2742 4145 2896 4208 citat,
2935 4164 2952 4198 ι
2994 4145 3468 4212 Quemadmodum

1890 4237 2100 4305 dixisti,
2129 4237 2460 4308 injuriarum
2486 4238 2702 4308 patiens
2725 4239 3252 4308 miscrationumqne
3274 4238 3471 4310 plenus

1889 4347 2038 4394 sum,
2066 4349 2086 4383 ι
2121 4339 2176 4386 et
2207 4329 2469 4401 deinceps
2497 4347 2618 4400 qua
2646 4344 2970 4400 sequuntur.
3005 4331 3283 4387 Justitiam
3313 4345 3465 4397 vero,

1889 4437 2014 4476 nam
2051 4437 2151 4476 nec
2183 4423 2332 4477 illam
2365 4421 2587 4491 quidem
2618 4422 2901 4492 relinquit,
2935 4422 3008 4476 ita
3036 4439 3050 4476 :
3083 4441 3102 4473 c
3137 4421 3204 4476 Et
3233 4421 3466 4476 inunda—

1889 4515 2038 4570 tione
2087 4529 2195 4568 non
2247 4513 2535 4568 mundabit
2596 4529 2772 4576 reum,
2817 4531 2836 4564 ι
2880 4521 2934 4567 οι
2972 4528 3094 4582 quae
3138 4523 3463 4583 sequuntur.

1888 4604 1967 4657 Ad
2002 4603 2436 4657 misericordiam
2467 4602 2664 4657 deinde
2687 4602 2823 4655 redit
2849 4602 2998 4656 hisce
3021 4601 3204 4657 verbis
3241 4619 3254 4655 :
3287 4620 3306 4653 ι
3327 4601 3464 4655 Pro-

1887 4698 2056 4766 pitius
2091 4706 2211 4750 esto
2243 4695 2520 4764 ittiquitati
2553 4695 2716 4762 hujus
2751 4695 2960 4764 populi,
2997 4692 3466 4764 quemadmodum

1884 4787 2156 4858 propitius
2196 4787 2244 4840 ei
2289 4785 2441 4842 fuisti
2487 4785 2558 4839 ab
2604 4801 2671 4839 eo
2708 4796 2948 4854 tempore
2987 4801 3098 4856 quo
3127 4801 3191 4840 ex
3228 4783 3464 4855 Aigypto

1885 4887 2013 4934 sunt
2041 4875 2272 4948 egressi,
2307 4896 2325 4928 ι
2373 4893 2546 4946 usque
2573 4876 2639 4931 ad
2683 4885 2944 4948 punctum
2999 4875 3172 4931 istud.
3215 4874 3462 4944 Denique

1884 4983 2008 5020 eum
2049 4983 2116 5022 ex
2166 4967 2348 5023 verbis
2405 4967 2620 5024 Domini
2666 4969 3052 5035 cognovisset,
3109 4975 3164 5022 et
3231 4981 3288 5021 re
3341 4967 3460 5036 ipsa

1881 5065 2161 5125 expertus,
2199 5057 2344 5126 quod
2378 5057 2696 5114 misericors
2727 5067 2897 5122 esset,
2932 5067 3225 5126 utrumque
3257 5055 3321 5110 ad
3353 5058 3461 5109 mi-

1883 5149 2238 5203 sericordiam
2268 5150 2667 5219 impetrandam
2701 5150 2876 5204 aﬂ‘ert.
2921 5150 3030 5203 lloc
3063 5163 3194 5204 vero
3221 5148 3366 5219 quod
3395 5149 3462 5206 de

189 5241 309 5310 γόρ
341 5241 400 5291 ὲν
423 5239 567 5292 τέλει
600 5241 780 5310 κρίσις
813 5240 952 5309 μετὰ
980 5239 1078 5302 τὰς
1110 5239 1358 5310 πράξεις,
1384 5239 1778 5310 ἀνυπέρθετος·

1886 5237 2076 5308 iudicii
2110 5240 2468 5308 ambiguitate
2495 5243 2764 5312 preponit.
2798 5257 2894 5296 seu
2949 5225 3164 5296 veniam
3197 5243 3457 5310 depreca-

190 5332 316 5384 νυνὶ
345 5329 400 5382 δὲ
433 5330 525 5384 καὶ
563 5328 767 5400 μεταξὺ
795 5330 904 5382 τῶν
937 5329 1187 5399 πράξεων
1220 5328 1512 5397 ὑπέρθεσις
1546 5329 1625 5390 εἰς
1661 5331 1781 5380 ἑπιο

193 5421 466 5492 στροφὴν,
500 5421 624 5491 ἥτις
645 5423 694 5474 εἰ
726 5421 800 5492 μὴ
829 5421 1058 5489 γένοιτο,
1093 5424 1183 5474 καὶ
1217 5421 1506 5476 ὲπάὺτῶν
1555 5421 1650 5472 καὶ
1686 5419 1779 5472 ἐπὶ

190 5513 310 5566 τῶν
340 5511 458 5583 μετ’
487 5513 685 5577 αὐτοὺς
713 5515 748 5584 ἡ
772 5515 1032 5584 τιμωρία,
1068 5514 1144 5578 ὡς
1175 5517 1371 5576 αὐτοὺς
1399 5513 1579 5576 ὄντας,
1614 5512 1662 5562 εἰ
1701 5509 1776 5580 μὴ

189 5604 581 5674 ἐπιστρέφοιεν
603 5621 615 5633 ·
649 5605 744 5657 καὶ
771 5604 907 5674 πρὸς
933 5605 1097 5672 φόὸον
1127 5607 1330 5674 ἐτέρων
1362 5605 1418 5656 αἱ
1444 5603 1523 5665 εἰς
1553 5602 1775 5670 ἐτέρους

270 5785 312 5814 ³⁵
345 5783 570 5850 l.ne.___s.
609 5782 691 5835 l9.
768 5782 829 5815 ⁸³⁵⁸
853 5783 993 5843 Luc.
1015 5792 1124 5843 xrv,
1152 5776 1233 5833 l6.
1302 5797 1458 5850 seqq.

192 5871 274 5920 Cl,
317 5859 374 5906 ιθ
470 5841 514 5872 ³³⁸
543 5841 595 5904 in
621 5868 675 5916 ο,
713 5841 901 5906 lPetr.
927 5869 986 5919 ιι,
1015 5857 1064 5904 2.

1534 5782 1578 5811 ³⁸
1619 5783 1749 5835 Luc.
1783 5799 1855 5849 τι,
1891 5783 1982 5840 3.9..

1173 5853 1213 5882 39
1247 5851 1411 5906 ιιιςιιιο.
1447 5868 1527 5915 ιιι,
1563 5854 1612 5917 7,
1645 5855 1800 5906 3-”.

1889 5338 1996 5390 tur,
2045 5343 2168 5382 cum
2199 5329 2379 5398 inquit
2409 5346 2422 5382 :
2467 5350 2486 5382 ι
2519 5329 2620 5396 Qui
2651 5331 2796 5384 tollis
2822 5331 3195 5401 iniquitatem,
3223 5341 3277 5385 et
3313 5328 3458 5399 inju-

1887 5419 2116 5482 stitiam,
2162 5437 2180 5470 ι
2226 5435 2320 5474 seu
2351 5420 2672 5474 dilationem
2721 5422 2896 5490 petit:
2955 5421 3120 5475 veluti
3155 5422 3257 5476 hoc
3295 5423 3461 5475 etiam

1885 5509 2028 5580 quod
2055 5510 2211 5573 dixit,
2260 5530 2277 5561 ι
2316 5513 2396 5563 Au
2429 5518 2600 5564 totum
2631 5527 2806 5580 genus
2859 5511 2922 5565 ad
2974 5513 3140 5567 unius
3172 5501 3462 5584 numerum

1882 5601 2190 5672 red'igeres?
2229 5621 2247 5653 ι
2276 5601 2432 5666 Quod
2491 5617 2664 5671 genus
2707 5601 2988 5671 petitionis
3015 5604 3280 5664 Ezechiae,
3323 5621 3338 5650 ι
3381 5599 3464 5655 Sit

2062 5785 2124 5814 '6'
2160 5777 2361 5832 Jereut.
2406 5797 2456 5843 κ,
2493 5780 2581 5835 ‘li.
2662 5778 3059 5843 37Philipp.|tt,
3092 5783 3145 5835 ὅ.
3222 5777 3444 5836 "'Psal.

1903 5859 1945 5888 ⁵⁰
1983 5855 2116 5908 ibid.
2165 5850 2352 5903 i‘l-l9.

2662 5778 3059 5850 37Philippm,
3092 5783 3145 5835 ὅ.
