3950 6454
551 385 654 454 831
1852 403 2111 465 PROCOl

2180 408 2204 465 Ι
2252 407 2496 469 (ΞΑΖᾹΞΙ
3661 417 3740 482 832

548 501 743 570 utique
765 517 865 572 pax
895 503 950 557 in
983 503 1174 560 diebus
1197 505 1354 571 meis,
1397 511 1467 576 ⁸⁸,
1499 527 1518 563 ι
1537 520 1644 567 est.
1665 507 1800 563 Nam
1829 521 2108 568 extremum

2181 525 2212 580 Α
2241 515 2511 588 ἀπότομοι
2539 519 2828 591 τιμωρίαι,
2861 519 2938 584 ὡς
2967 519 3063 574 καὶ
3083 521 3117 589 ἡ
3144 518 3298 588 Κάϊν,
3328 522 3417 576 καὶ
3434 522 3516 577 ἐπὶ
3533 524 3741 598 γίγαντας

544 590 838 660 judicium,
890 594 1040 664 quod
1099 596 1214 664 ipsa
1259 596 1401 652 facta
1447 601 1827 669 consequitur,
1878 619 2099 660 moraza

2242 609 2338 662 καὶ
2361 611 2488 674 τοὺς
2519 611 2618 664 σὺν
2639 590 2848 676 αὐτοῖς.
2867 606 3033 667 Οὗτοι
3055 609 3150 666 οὖν
3177 612 3362 684 ἔνοχοι,
3383 613 3470 678 οὓς
3498 590 3742 686 (δη-καθῷ

549 685 828 741 dilationis
861 694 945 740 est
978 687 1296 756 impatiens.
1327 687 1484 744 Nunc
1513 707 1646 747 vero
1685 695 1830 749 inter
1861 698 2109 766 agendun

2243 703 2370 770 ριεῖ,
2402 703 2454 756 οἱ
2504 703 2874 776 κατάρχοντες
2935 703 3132 769 κακοῦ,
3166 706 3212 758 ci
3249 705 3339 758 ἐπὶ
3384 685 3629 780 πληρὼοει
3663 712 3743 765 τῶν

551 783 768 844 tempus
795 776 1119 831 conceditur
1144 819 1158 842 ,
1219 789 1277 831 ut
1328 781 1576 837 actiones
1617 778 1775 852 ipsas“
1813 784 2020 840 interea
2076 788 2111 842 ii

1930 801 2020 840 rea
2076 788 2134 842 in
2245 791 2555 864 ἁμαρτιῶν,
2581 788 2685 847 οἷοι
2713 797 3014 850 Χαναναῖοι
3045 797 3140 849 καὶ
3169 776 3486 868 ’Δμορῤαῖοι.

551 869 746 960 melius
776 877 1184 962 convertamus.
1222 871 1381 938 Quod
1420 875 1472 928 ni
1512 877 1604 930 fiat
1636 879 1721 932 vel
1771 878 1840 933 ab
1875 881 2013 950 ipsis
2080 883 2164 937 vel
2204 900 2396 940 eorum
2452 891 2716 958 posteris,
2775 905 2942 962 poena
2994 891 3050 946 in
3091 892 3425 962 superstites,
3460 893 3508 946 ni
3545 895 3746 953 meliores

549 959 771 1058 iuerint,
809 961 1097 1058 redundat.
1147 961 1290 1030 Quin
1330 967 1493 1020 etiam
1527 969 1594 1022 ad
1623 976 1890 1026 terrorem
1929 973 2164 1029 aliorum
2205 977 2260 1032 in
2287 979 2427 1036 alios
2458 959 2860 1055 nonnunquam
2894 1000 3072 1055 poenae
3121 959 3322 1040 eadunt
3354 985 3542 1051 subito,
3598 1003 3748 1058 quem-

503 1110 506 1130 !
545 1051 840 1132 admodum
870 1051 924 1106 in
957 1053 1117 1148 Gaia,
1147 1056 1202 1108 in
1235 1057 1550 1126 gigantibus
1578 1067 1632 1112 et
1660 1076 1852 1115 eorum
1900 1064 2262 1134 complicibus
2289 1073 2646 1130 manifestum
2677 1051 2781 1132 est.
2813 1051 3063 1148 Denique
3117 1091 3247 1132 vero
3310 1084 3367 1131 ut
3425 1076 3573 1132 finem
3613 1051 3750 1136 iacta.

502 1151 504 1159 '
547 1156 690 1204 mus,
717 1152 973 1199 auctores
997 1147 1100 1214 ipsi
1135 1149 1402 1203 malorum
1432 1151 1510 1204 rei
1533 1167 1823 1220 pinnarum
1850 1159 2303 1239 purgationisque
2337 1177 2590 1224 exsortes
2618 1177 2768 1224 sunt.
2830 1147 3068 1238 Horum,
3109 1171 3352 1242 inquam,
3391 1181 3643 1242 peceatum
3689 1185 3750 1231 est

547 1240 888 1295 mortiferum
915 1243 1007 1311 qui
1043 1254 1265 1312 peccata
1297 1259 1708 1316 consummant,
1735 1253 1880 1320 quod
1910 1253 2205 1314 Chananaei
2236 1259 2512 1330 fecerunt,
2541 1273 2595 1320 et
2622 1267 2952 1324 Amorrbaei.

615 1330 891 1402 Propitius
922 1335 1032 1388 illis
1055 1352 1144 1390 ero
1175 1336 1334 1408 juxta
1363 1338 1572 1393 uerbum
1607 1358 1798 1397 meum.
1818 1342 1987 1416 [χιιι.
2017 1346 2135 1419 20.]

2313 1355 2520 1424 Ἰλεως
2539 1359 2747 1426 αὐτοῖς
2761 1343 2904 1429 clpa,
2933 1361 3087 1416 κατὰ
3103 1361 3170 1414 τὸ
3191 1357 3355 1430 ῥῆμά
3382 1375 3512 1414 σου.
3529 1359 3676 1414 Τοῦτο
3694 1363 3749 1427 εἰς

548 1421 660 1478 Hoc
680 1425 744 1478 ad
782 1429 1162 1496 posteritatem
1192 1433 1374 1500 potius
1397 1449 1561 1502 quam
1595 1435 1660 1490 ad
1686 1449 2010 1506 praesentem
2042 1457 2105 1510 ge

2238 1448 2298 1502 τὸ
2327 1449 2480 1513 τέλος
2498 1421 2669 1506 -τείνει
2715 1421 2917 1522 (adlinit
2942 1453 2974 1524 ἢ
3006 1455 3087 1517 εἰς
3117 1421 3219 1522 τὴν
3249 1421 3366 1506 "tota
3398 1452 3596 1520 γενεάν.
3627 1421 3750 1508 Οὐδὲν

545 1518 886 1574 nerationcm
917 1518 1104 1576 refert.
1137 1519 1255 1576 Non
1283 1524 1426 1578 enim
1451 1541 1706 1595 magnum
1737 1531 2007 1593 est,illico
2026 1548 2105 1585 nm

2238 1541 2346 1612 γὰρ
2380 1542 2522 1611 μέγα
2565 1544 2626 1598 τὸ
2677 1518 2754 1616 μὴ
2797 1518 3314 1611 εὐθὺςνὰπολὲοθαι,
3361 1518 3495 1598 ἀλλὰ
3535 1561 3749 1616 τεσσαρα-

546 1607 747 1677 perire,
779 1609 875 1664 sed
911 1625 1008 1680 per
1049 1612 1412 1684 quadraginta
1462 1630 1640 1672 annos
1679 1633 1912 1688 corpora
1941 1637 2106 1677 eorun

2237 1607 2431 1688 uocatu
2462 1607 2596 1700 vita;
2648 1607 2836 1690 τέεέεῖν
2867 1639 2924 1691 ἐν
2943 1607 3024 1708 ήτῇ
3055 1637 3251 1707 ἐρήμῳ
3301 1607 3370 1692 ιὰ
3417 1635 3658 1706 πτώματα
3678 1607 3749 1689 ὲὺ-

545 1701 878 1756 occumbere
901 1704 956 1758 in
991 1703 1232 1760 deserto.
1264 1705 1514 1778 Magnum
1549 1725 1682 1765 vero
1721 1710 1826 1767 hoc
1856 1723 1961 1778 est,
1987 1728 2105 1784 quot

2191 1773 2198 1778 .
2240 1724 2383 1778 τῶν·
2415 1725 2560 1796 μέγα
2599 1725 2656 1780 δὲ
2703 1725 2767 1780 τὸ
2803 1725 2880 1798 μὴ
2913 1701 3301 1796 ἑξαάειφδῆναι
3327 1725 3388 1780 τὸ
3415 1701 3579 1794 vivos,
3620 1724 3751 1778 καίτοι

545 1802 582 1858 p
604 1793 848 1858 'ogeuies
889 1809 1084 1849 eorum
1114 1811 1222 1850 non
1258 1798 1624 1867 exscinditur,
1659 1803 2006 1874 populusque
2039 1819 2104 1874 pe

2239 1814 2336 1868 τοῦ
2365 1793 2507 1870 κατᾶ
2531 1817 2770 1888 Χριστὸν
2799 1793 3369 1882 ἐξαναστάνὲος-λαοῦ.
3400 1793 3598 1877 Οὗτοςό
3623 1814 3751 1882 μέγας

543 1881 826 1939 Christum
854 1887 1180 1942 resurrexit.
1208 1887 1322 1944 l-loc
1357 1906 1492 1948 sane
1527 1909 1786 1964 maguum
1819 1895 2008 1964 gratia:
2038 1896 2103 1952 do

2191 1917 2214 1970 δ
2243 1903 2492 1976 ἱλασμδς,
2513 1881 2656 1961 καὶ-ἄ
2686 1906 2768 1960 τόο
2808 1925 2828 1958 ι
2859 1905 3068 1977 Πάτερ,
3087 1905 3226 1975 ἄφες
3252 1903 3451 1967 αὐτοῖς,
3481 1901 3573 1956 οὐκ
3599 1881 3751 1954 οἴδασιν

545 1977 1066 2046 cumentum,juxta
1104 1979 1239 2035 illud
1273 1998 1288 2036 :
1329 1997 1346 2032 ι
1386 1980 1568 2048 Pater,
1611 1986 1826 2041 dimitte
1862 1987 1992 2051 illis,
2037 2003 2102 2042 ne

2239 1992 2268 2046 ὃ
2299 1991 2533 2047 ποιοῦσι.
2572 2011 2590 2044 ι
2624 1992 2878 2046 Τοιοῦτον
2916 1992 3011 2046 καὶ
3044 1991 3197 2064 παρὰ
3230 1989 3308 2062 τῷ
3347 1988 3621 2060 Προφήτῃ·
3655 1986 3751 2056 illi}

546 2069 732 2123 sciunt
759 2071 890 2142 quid
918 2071 1123 2128 iaciant
1153 2075 1222 2128 δ’.
1258 2093 1278 2128 ι
1312 2074 1445 2131 Item
1472 2074 1764 2148 Prophetas
1791 2078 1926 2134 illud
1957 2093 1972 2132 :
2003 2095 2022 2130 ι
2057 2077 2106 2132 Νι

1312 2074 1445 2131 Item
1472 2074 1764 2148 Prophetas
1791 2078 1926 2134 iilud
1957 2093 1972 2132 :
2003 2095 2022 2130 ι
2057 2077 2134 2134 Ne
2239 2085 2572 2157 ἀποκτείνῃς
2597 2083 2816 2148 αὐτούς.
2850 2101 2871 2137 ι

544 2160 766 2218 occidas
791 2178 890 2220 eos
911 2163 978 2219 ".
1011 2183 1030 2215 ι

617 2292 888 2359 Quoniam
929 2297 1241 2366 implebitur
1264 2298 1442 2370 gloria
1488 2300 1702 2356 Domini
1749 2302 1996 2358 universa
2044 2313 2209 2372 terra,
2242 2313 2350 2360 etc.
2392 2299 2532 2374 [ΞΜ]
2577 2299 2909 2356 Vaticinium
2947 2299 3016 2356 de
3047 2297 3352 2369 rejectione
3395 2293 3680 2350 Iudaeorum
3717 2300 3756 2344 et

543 2383 915 2439 conversione
943 2387 1191 2455 gentium
1222 2395 1329 2442 est.
1371 2387 1734 2444 Sacr-amento
1764 2390 1989 2460 insuper
2021 2393 2096 2446 ita
2129 2399 2455 2446 eventurum
2480 2405 2606 2445 esse
2645 2387 2957 2454 contendit,
2995 2387 3154 2458 juxta
3179 2385 3318 2440 illud
3355 2400 3370 2436 :
3408 2401 3427 2436 ι
3464 2381 3520 2436 in
3549 2378 3753 2451 parabole

545 2485 575 2524 a
609 2469 864 2527 Domino.
895 2491 916 2524 ι
967 2473 1098 2529 ltem
1145 2490 1160 2527 :
1203 2492 1222 2527 ι
1251 2474 1554 2531 Auferetur
1602 2491 1632 2530 a
1668 2476 1829 2532 nobis
1862 2493 2113 2549 regnum,
2148 2489 2202 2534 et
2229 2478 2479 2533 tradetur
2512 2475 2663 2548 genti
2719 2475 2971 2531 reddenti
3029 2475 3248 2530 fructus
3287 2486 3420 2530 suos
3445 2470 3511 2525 “.
3548 2488 3566 2522 ι
3596 2467 3752 2523 ﬂorum

542 2559 688 2613 enim
724 2559 952 2628 figuram
986 2561 1148 2617 liberi
1181 2577 1376 2617 eorum
1409 2563 1504 2633 qui
1539 2563 1920 2630 crediderunt,
1949 2566 2170 2621 illorum
2209 2579 2340 2620 vero
2381 2562 2557 2620 Judaei
2599 2562 2697 2633 qui
2730 2563 2784 2617 in
2835 2561 3060 2618 deserto
3110 2561 3511 2624 occubuerunt,
3565 2562 3750 2627 gestant.

551 2664 570 2699 ι
612 2647 868 2702 Animum
901 2648 1048 2704 enim
1081 2648 1150 2704 ad
1177 2665 1375 2706 omnes
1410 2657 1604 2718 gentes
1659 2650 1882 2707 adverte
1905 2693 1922 2718 ,
1975 2653 2176 2724 inquit,
2223 2668 2408 2708 annon
2467 2651 2788 2718 miserearis
2814 2651 3061 2705 omnium
3088 2649 3188 2719 qui
3219 2653 3512 2718 operantur
3538 2641 3751 2712 iniquita-

547 2743 654 2789 tem
685 2737 710 2790 ?
753 2755 772 2789 ι
800 2736 866 2790 Ει
893 2737 1097 2792 iterum
1143 2751 1158 2789 :
1195 2755 1215 2789 ι
1256 2737 1415 2793 Oculi
1442 2738 1562 2808 ejus
1589 2735 1786 2794 intenti
1813 2752 1940 2795 sunt
1969 2756 2136 2810 super
2159 2756 2353 2796 omnes
2397 2748 2611 2811 gentes,
2638 2754 2708 2794 ne
2743 2737 2886 2810 apud
2918 2753 3046 2794 sese
3068 2735 3372 2792 efferantur
3395 2733 3488 2805 qui
3521 2733 3750 2786 lacessunt

546 2824 727 2892 ipsum
756 2826 824 2879 “.
855 2844 872 2878 ι
909 2823 1392 2892 Quemadmodum
1427 2841 1558 2882 vero
1582 2837 1772 2897 gentes
1804 2828 2212 2884 incircumcisae
2235 2835 2386 2893 sunt,
2417 2828 2500 2884 sic
2526 2827 2622 2882 lilii
2649 2827 2743 2897 qui
2767 2842 2862 2882 eas
2891 2830 3388 2897 reprwsentarunt,
3416 2822 3544 2876 citra
3565 2819 3751 2876 circum-

544 2909 816 2964 cisiouem
847 2911 904 2965 in
935 2921 1138 2967 terram
1169 2912 1503 2982 promissam
1531 2926 1662 2970 sunt
1684 2915 1944 2984 ingressi.
1983 2914 2144 2982 Quod
2176 2932 2310 2972 sane
2335 2917 2517 2986 arguit
2553 2913 3036 2970 circumcisioncm
3064 2913 3132 2968 ad
3165 2910 3557 2984 promissiones
3591 2907 3750 2960 aditum

547 2999 869 3066 neutiquam
901 2999 1232 3070 patefacere,
1266 3001 1726 3070 quemadmodum
1776 3002 2076 3058 Abrahami
2113 3003 2362 3073 exemplo
2395 3003 2600 3058 Paulus
2629 3003 2841 3057 clarum
2887 3000 3040 3056 fecit.
3087 2999 3241 3056 Nihil
3292 3015 3418 3056 vero
3451 2999 3619 3054 obstat
3643 2991 3753 3066 quod

545 3093 673 3154 post
709 3087 1108 3156 ingressionem
1136 3087 1450 3146 circumcisi
1482 3103 1513 3144 a
1543 3088 1714 3146 Josue
1746 3097 1902 3145 sunt.
1932 3089 2068 3144 Nam
2100 3091 2266 3146 etiam
2305 3089 2584 3145 Abraham
2619 3097 2741 3160 post
2769 3089 3044 3160 justitiam
3091 3104 3265 3160 quam
3297 3089 3352 3144 in
3381 3085 3628 3160 praeputio
3654 3096 3756 3139 con-

547 3182 777 3229 secutus
803 3181 912 3240 est,
941 3175 1315 3232 circumcisus
1350 3185 1457 3233 est.
1482 3177 1676 3234 Omnis
1705 3177 1923 3235 aliertio
1951 3194 2048 3235 seu
2079 3181 2268 3249 passio
2301 3193 2424 3248 quae
2453 3178 2610 3233 nobis
2647 3192 2714 3233 ex
2763 3177 3119 3245 generatione
3154 3177 3336 3240 adest,
3373 3175 3535 3231 animi
3561 3173 3755 3230 circum-

546 3261 650 3316 cisi
688 3261 952 3318 indicium
977 3272 1083 3320 est.
1117 3263 1353 3338 Signum
1393 3265 1544 3322 enim
1572 3259 1806 3338 accepit,
1844 3267 2044 3337 inquit,
2073 3265 2582 3329 circumcisionem,
2615 3264 3115 3335 sigillum-justitia:
3149 3263 3306 3329 fidei,
3333 3278 3455 3335 quae
3479 3271 3560 3318 est
3587 3262 3759 3330 inpra-

545 3351 702 3420 putio
736 3350 802 3405 “.
832 3349 929 3408 Est
959 3367 1092 3407 vero
1124 3352 1346 3425 signum
1375 3353 1826 3410 circumcisionis
1846 3353 1968 3424 ejus
1996 3368 2119 3420 quae
2148 3354 2202 3407 in
2223 3351 2441 3424 justitia
2473 3352 2752 3418 consistit,
2775 3367 2996 3422 quaque
3015 3351 3344 3408 affectiones
3375 3350 3444 3406 ad
3473 3349 3759 3420 iniquitatem

545 3445 814 3500 ducentes
843 3442 1216 3514 depascimus.
1247 3443 1412 3517 503
1443 3443 1616 3500 Porro
1639 3445 1996 3500 circumcisio
2030 3457 2127 3514 per
2158 3441 2330 3498 Josue
2359 3439 2533 3494 filium
2571 3438 2720 3496 Nave
2744 3439 2914 3506 facta,
2950 3439 3446 3495 circumcisionem
3478 3453 3588 3493 eam
3617 3445 3751 3503 qua:

483 3601 494 3612 .
545 3529 678 3586 Jesu
709 3531 804 3589 Dei
843 3530 984 3588 Filio
1012 3533 1138 3590 fidei
1171 3535 1342 3590 verbo
1371 3535 1454 3602 fit,
1490 3533 1712 3604 quando
1735 3534 2027 3590 credentes
2059 3532 2111 3588 in
2137 3538 2372 3589 mortem
2401 3529 2578 3602 ipsius
2603 3545 2702 3601 pro
2730 3531 2895 3588 nobis
2921 3537 3244 3602 susceptam
3277 3521 3758 3602 intingimur,signi-

545 3621 694 3678 ﬂuat.
1077 3659 1093 3667 ι

617 3711 800 3767 Decies
832 3728 952 3768 vero
977 3721 1255 3768 tentarunt
1282 3711 1450 3768 Deum
1475 3713 1590 3784 ejus
1616 3715 1804 3770 seculi
1829 3715 2092 3780 homines,
2119 3724 2232 3771 etc.
2265 3710 2410 3785 [22.]
2446 3709 2696 3765 Primum
2735 3705 2961 3780 quidem
3004 3707 3063 3763 in
3091 3703 3624 3780 Egypto,quando,
3655 3698 3761 3754 Pha-

546 3811 716 3854 raone
755 3801 1023 3855 mandato
1060 3800 1186 3870 ejus
1237 3815 1352 3854 non
1381 3803 1798 3872 acquiescente,
1833 3803 2024 3859 Mosen
2067 3811 2334 3872 tanquam
2368 3814 2400 3854 a
2433 3797 2544 3852 Deo
2565 3811 2677 3852 non
2715 3797 2954 3851 missum
2981 3795 3315 3850 calumniati
3350 3803 3500 3851 sunt.
3533 3785 3760 3846 Secundo.

545 3887 790 3954 quando,
819 3887 961 3955 apud
985 3901 1134 3942 mare
1160 3902 1284 3942 cum
1315 3895 1524 3955 essent,
1559 3891 1856 3945 conviciati
1893 3897 2024 3947 sunt
2068 3891 2172 3944 hoc
2193 3887 2381 3954 modo,
2408 3887 2624 3942 scilicet
2657 3904 2671 3940 :
2705 3883 2848 3950 Quia
2875 3885 3136 3954 sepulcra
3165 3884 3226 3940 in
3261 3878 3763 3956 Egyptodef‘uerunl

545 3975 712 4029 nobis
737 3974 805 4028 ad
832 3974 1202 4030 occidendum
1243 3990 1345 4032 nos
1381 3977 1693 4034 eduxistis't
1729 3977 1925 4034 Tertio
1952 3992 2125 4048 super
2147 3990 2293 4048 aqua
2329 3989 2540 4030 amara.
2572 3971 2785 4040 Quarto
2805 3972 3032 4042 quando
3058 3987 3158 4028 eos
3181 3971 3510 4028 deliciarum
3531 3964 3761 4038 Egyptian

545 4077 735 4116 carum
763 4062 929 4132 coepit
955 4062 1315 4118 desiderium.
1352 4063 1560 4130 Quinto
1592 4081 1717 4120 cum
1747 4068 2080 4136 languet-ent
2129 4067 2247 4129 siti,
2279 4078 2446 4134 quam
2494 4063 2566 4118 ob
2593 4069 2754 4134 petra
2781 4069 2870 4118 est
2930 4060 3176 4116 divulsa.
3215 4059 3388 4116 Sexto
3425 4073 3546 4114 cum
3579 4054 3762 4109 vitulum

549 4151 937 4206 fabricassent.
976 4147 1224 4221 Septimo
1280 4167 1404 4206 cum
1437 4153 1658 4210 itineris
1698 4155 1918 4224 pet-laesi
1953 4153 2078 4224 igne
2105 4161 2234 4209 sunt
2257 4151 2558 4222 absumpti.
2583 4149 2798 4206 Octavo
2829 4148 3082 4206 carnium
3111 4149 3433 4219 importuna
3459 4141 3764 4224 flagitatione.

547 4235 705 4292 Νοηο
731 4237 1128 4294 criminatione
1158 4256 1324 4310 quam
1355 4241 1524 4296 Maria
1554 4249 1610 4296 et
1641 4243 1826 4296 Aaron
1853 4242 2110 4296 fecerunt
2139 4241 2304 4308 Mosi,
2339 4257 2504 4312 quam
2540 4239 2684 4296 Deus
2714 4239 2885 4309 vulgo
2922 4239 3216 4304 omnibus,
3274 4239 3426 4294 sicut
3464 4228 3766 4302 sacrilegium

547 4325 784 4393 Aeliam,
845 4327 1165 4399 imputavit.
1218 4327 1447 4398 Decimo
1471 4325 1717 4400 denique
1749 4327 1975 4400 quando
2007 4329 2074 4384 de
2111 4337 2261 4384 terra
2323 4337 2587 4401 tauquam
2629 4344 2688 4384 rc
2720 4328 2928 4383 invicta
2963 4341 3030 4382 ac
3075 4325 3456 4398 insuperabili
3485 4323 3767 4396 desperave-

557 4421 710 4470 runt.
753 4455 768 4466 .

613 4546 888 4601 Caeterum
923 4546 1102 4601 solum
1129 4545 1338 4602 Chaleh
1378 4547 1433 4601 in
1469 4553 1675 4601 terram
1709 4562 1832 4603 sese
1865 4546 2135 4604 deductu-

2311 4547 2494 4602 Χάλεὸ
2549 4547 2710 4630 μόνον
2763 4547 2872 4602 ἀπὺ
2922 4547 3132 4602 τούτων
3161 4549 3408 4614 εἰσάξειν
3452 4545 3594 4615 λέγει
3640 4537 3769 4630 ἑτέρον

545 4655 668 4694 rum
732 4639 1071 4708 pronuntiat,
1132 4639 1279 4710 quod
1337 4639 1611 4695 excitatus
1657 4639 1875 4694 diverso
1929 4640 2105 4709 spiritl

2243 4641 2520 4711 πνεύματι
2551 4624 2876 4708 ’κινηθέντα
2923 4639 3004 4710 τῷ
3059 4640 3242 4712 πιστῷ
3292 4641 3389 4694 καὶ
3435 4634 3664 4706 ὑπηκόῳ,
3703 4624 3767 4679 καὶ

548 4730 696 4785 fideli
741 4729 954 4785 scilicet
975 4739 1028 4784 et
1059 4731 1414 4802 obsequenti,
1446 4739 1672 4786 secutus
1699 4731 1771 4787 sit
1803 4731 2008 4802 ipsum,
2042 4731 2108 4786 ub

2243 4730 2688 4802 ἀκολουθήσαντα
2737 4730 2907 4800 αὐτῷ,
2957 4732 3041 4794 εἰς
3077 4733 3243 4784 τόπον
3275 4730 3390 4801 (58)
3419 4729 3510 4801 τοῦ
3555 4721 3669 4780 λαοῦ
3706 4717 3767 4770 τὸν

545 4822 752 4877 Chaleb
786 4821 840 4876 in
873 4823 996 4878 loco
1029 4825 1219 4894 p0puli
1277 4824 1456 4894 ponit.
1498 4821 1667 4879 Josue
1702 4839 1834 4879 vero
1864 4833 2105 4896 tanquan

2242 4823 2426 4877 Χάλεδ
2467 4821 2671 4876 εἰπών’
2706 4820 2798 4876 τὸν
2830 4821 2886 4875 δὲ
2925 4821 3155 4891 Ἰησοῦν,
3181 4821 3260 4884 ὡς
3295 4821 3552 4893 ἄρχοντα,
3579 4810 3770 4896 χωρῖςας

545 4915 740 4970 ducem
774 4891 1120 4986 separatiut—
1149 4915 1246 4986 qui
1271 4891 1492 4970 tacitam
1519 4891 1996 4988 signiﬁcationem
2020 4931 2105 4970 ver

2245 4916 2302 4968 ὲν
2333 4917 2536 4986 σιωπῇ,
2579 4915 2752 4968 τύπον
2785 4913 2912 4967 ὄντα
2950 4912 3046 4967 τοῦ
3101 4891 3549 4984 ἁληθῶςἾησοῢ,
3591 4905 3650 4961 δι’
3683 4891 3767 4955 οῧδ

542 5005 710 5061 Josue
733 5022 828 5077 per
851 5021 1010 5077 quem
1036 5009 1272 5078 populus
1309 4987 1585 5073 servatur,
1619 5009 1912 5064 sustineat.
1945 5006 2101 5073 Quan

2239 5006 2367 5067 λαὸς
2405 5005 2658 5070 σώζεται.
2693 5003 2768 5057 Τὸ
2794 5003 2850 5057 δὲ
2901 5001 3044 5057 κατὰ
3076 5001 3169 5056 τὸν
3217 5001 3406 5057 Χάλεὸ
3452 5000 3672 5092 δεῖκνυέσι
3703 4987 3765 5092 διῗῖ

545 5106 660 5156 tum
711 5115 841 5156 vero
869 5101 938 5154 ad
973 5100 1184 5156 Chaleb
1244 5101 1464 5166 attinet,
1503 5117 1612 5157 non
1657 5103 1896 5158 obscure
1922 5100 2105 5177 indica

2239 5095 2337 5150 ἕνα
2370 5095 2659 5178 ἄνθρωπον
2702 5092 2964 5157 ἀπειθοῦς
2999 5092 3132 5146 λαοῦ
3177 5092 3586 5164 προτιμότερον.
3613 5085 3694 5178 Ὦς
3723 5085 3769 5178 έν

550 5203 660 5257 tur,
689 5209 859 5248 unum
910 5193 1186 5248 hominem
1218 5201 1332 5250 toto
1373 5196 1574 5266 populo
1608 5193 1812 5249 infideli
1868 5174 2106 5264 praestari

2241 5187 2386 5241 εἴποι
2416 5171 2642 5250 Studia);
2667 5203 2681 5218 ’
2719 5204 2738 5238 ι
2761 5185 2853 5256 Μὴ
2896 5184 3270 5255 συναπολέσῃς
3303 5184 3443 5255 μετὰ
3485 5170 3769 5266 ἁσεὸῶνλτὴν

548 5285 737 5340 tiorem
795 5301 937 5342 esse.
997 5283 1149 5342 Adeo
1181 5297 1240 5343 ut
1288 5289 1482 5342 merito
1536 5288 1712 5358 possit
1741 5287 1928 5342 dicere
1964 5303 1978 5340 :
2019 5285 2108 5339 «Νι

2239 5280 2423 5351 ψυχήν
2457 5294 2590 5350 μου⁶
2631 5296 2648 5329 ³
2686 5276 2781 5331 καί
2803 5294 2816 5308 '
2853 5277 2928 5330 Τὸ
2959 5276 3184 5346 σπέρμα
3213 5275 3382 5329 αὐτοῦ
3427 5263 3768 5358 κληρονομῄξεε

549 5395 654 5434 una
686 5397 810 5435 cum
873 5383 1060 5454 impiis
1101 5385 1342 5438 animam
1382 5399 1558 5440 meam
1597 5381 1792 5452 perdas
1819 5381 1888 5448 ",
1919 5399 1937 5433 ι
1977 5380 2100 5450 cuju

2242 5377 2364 5447 γῆν,
2399 5375 2460 5427 οὐ
2494 5371 2594 5442 τὴν
2633 5370 2896 5425 Ἰουδαίαν
2929 5369 3120 5440 μόνην,
3151 5367 3288 5422 om
3317 5369 3408 5422 καὶ
3439 5366 3626 5419 πᾶσαν.
3655 5375 3670 5406 ι
3689 5353 3766 5408 Kc:

620 5579 661 5610 “
706 5577 769 5631 IV
797 5565 928 5646 Reg.
950 5597 1042 5646 xx,
1075 5582 1160 5639 l9.
1235 5581 1282 5615 “
1313 5581 1448 5640 Luc.
1481 5599 1634 5650 xxui,
1665 5585 1756 5641 51.
1837 5583 1880 5616 ”
1915 5581 2053 5640 Psal.
2085 5597 2180 5636 va;

2204 5599 2236 5648 ι,
2276 5580 2375 5640 12.
2440 5580 2484 5613 ⁵⁸
2515 5580 2706 5636 Matth.
2739 5595 2854 5646 ικι,
2885 5577 2974 5633 45.
3053 5578 3096 5610 ⁸⁸
3113 5576 3256 5634 Psal.
3298 5591 3422 5642 va,
3466 5571 3515 5628 7.
3575 5559 3616 5592 “
3646 5559 3764 5617 Rom-

550 5665 633 5706 ιιι.
671 5651 759 5704 50.
838 5651 882 5684 ‘7
912 5651 1057 5706 Psal.
1106 5668 1231 5718 xxv,
1267 5651 1323 5708 9.

2075 5735 2305 5794 ΝΟΤᾸΞ.

623 5836 734 5902 (57)
768 5836 841 5886 (ιύ
879 5837 1150 5902 καθαριεῖ,
1184 5831 1376 5900 ἅνὰγν.

1341 5852 1376 5886 θ.
2317 5827 2428 5896 (58)
2469 5827 2571 5879 "Ia.
2599 5826 2678 5888 εἰς
2713 5823 2901 5878 τύπον.
