3950 6406
234 384 344 447 833
780 388 887 445 ι”

1339 376 1881 439 COMMENTARII
1924 374 2004 436 ΙΝ
2046 375 2441 436 NUMEROS.

3016 286 3046 319 ρ

3413 370 3517 436 ετιι

230 499 351 571 γὰρ
386 499 437 551 οἱ
471 497 671 569 πραεῖς
702 494 1177 567 κληρονομήσουσι
1222 494 1321 567 τὴν
1353 495 1479 566 γῆν,
1516 516 1534 546 ι
1570 495 1713 549 κατὰ
1734 497 1827 548 τὸν

1944 500 2085 547 certe
2113 506 2300 547 semen
2340 490 2693 549 haereditario
2720 491 2847 561 jure
2887 489 3193 560 possidebit
3247 500 3451 544 terram
3478 492 3521 520 δ’*

232 590 427 655 Δαϐὶδ,
460 592 554 645 καὶ
589 584 677 643 τδν
703 587 799 642 τοῦ
836 588 1043 659 Κυρίου
1085 588 1457 658 μσκαρισμόν.
1485 588 1666 657 "Amp
1716 588 1824 659 γὰρ

233 683 335 735 ἐπὶ
369 682 462 736 τοῦ
514 682 731 753 Ἰσραὴλ
768 681 1034 753 μερικῶς,
1079 680 1254 735 ταῦτα
1297 681 1389 733 ἐπὶ
1439 681 1658 734 πάντων
1690 681 1825 732 καθ-

231 774 458 839 ολικῶς.

1933 600 2039 640 non
2062 583 2345 640 Judaicam
2367 593 2606 649 tantum,
2632 601 2820 640 verum
2851 585 3223 640 universamu
3247 580 3517 637 Mansuvti

1928 678 2130 731 ctenim
2191 677 2593 751 haereditahuut
2625 687 2879 743 terram,»
2905 678 3065 746 juxta
3100 676 3444 737 Davidem",
3469 685 3521 728 it

1929 769 2148 825 Domini
2206 773 2715 841 promissionem“.
2785 772 2919 837 Quae
2981 772 3129 826 enim
3181 771 3412 826 seorsim
3451 772 3517 821 ad

1929 862 2216 927 lsraelem,
2248 864 2436 919 eadem
2485 865 2745 920 etiamad
2791 864 3090 920 universos
3147 862 3520 918 conimuniter

1930 962 2206 1022 spectant.

307 1059 483 1143 Suum
522 1059 703 1130 ipsius
776 1075 909 1116 vero
957 1062 1244 1118 interitum
1276 1062 1654 1133 praedixerunt
1687 1080 1700 1117 :
1740 1082 1759 1115 ι
1783 1063 2005 1123 Utinam
2045 1070 2099 1124 in
2141 1070 2366 1125 deserto
2395 1070 2504 1126 hoc
2528 1086 2778 1126 essemus
2810 1070 3034 1124 mortui.
3058 1088 3077 1122 ι
3117 1068 3365 1136 Quorum
3400 1070 3495 1124 ﬁlii

233 1148 422 1220 imago
454 1157 586 1206 sunt
615 1149 740 1218 ejus
793 1149 941 1220 quod
975 1152 1186 1206 dictum
1217 1162 1303 1207 εει
1335 1170 1349 1206 :
1391 1170 1410 1203 ‹
1454 1152 1571 1205 Nisi
1597 1154 1856 1210 conversi
1900 1155 2127 1212 fueritis
2156 1158 2286 1212 iacti
2315 1159 2462 1214 sicut
2489 1159 2710 1230 pueruli
2745 1159 2840 1214 isti
2879 1173 2988 1213 non
3022 1158 3423 1229 ingrediemini
3461 1159 3515 1212 in

234 1251 473 1306 regnum
494 1237 766 1292 caelorum
786 1239 856 1294 ⁸⁸.
885 1259 905 1292 ι
935 1238 1155 1306 Quibus
1183 1240 1503 1295 revelantur
1531 1255 1593 1293 ea
1617 1254 1741 1308 qua:
1772 1255 1802 1293 a
1833 1244 2086 1313 sapiente
2117 1255 2247 1300 sunt
2272 1247 2490 1300 caelata.

320 1371 763 1441 Ἐπιστράφητε
790 1371 888 1425 καὶ
920 1369 1189 1438 ἀπάρατε
1218 1370 1387 1440 ὑμεῖς
1421 1374 1510 1437 εὶς
1539 1372 1655 1441 τὴν
1683 1372 1822 1442 ἐρη-

230 1480 374 1535 μσν,
401 1462 546 1517 ὁδὸν
584 1463 914 1517 θάλασσαν
960 1461 1267 1531 Ἐρυθρὰν.
1315 1464 1700 1535 ’Υποστροφὴν
1744 1468 1825 1531 εἰς

233 1556 513 1626 τιμωρίαν
543 1554 830 1609 ἐπιϐάλλει
850 1572 865 1587 ·
898 1553 1089 1625 ὥσπερ
1117 1558 1237 1618 ταῖς
1265 1555 1529 1619 διανοίαις
1558 1557 1825 1627 ὑπέστρε-

232 1646 346 1718 ψαν
377 1649 457 1712 εἰς
487 1647 554 1700 τὰ
579 1650 636 1699 ἐν
675 1647 940 1717 Αἰγύπτῳ
962 1665 975 1678 ·
1008 1647 1125 1700 ἀλλ’
1152 1649 1253 1701 οὐκ
1292 1649 1374 1712 εἰς
1421 1649 1722 1702 ἀπόλαυσιν
1750 1643 1824 1703 ὧν

234 1735 540 1808 ἐπόθησαν,
576 1737 694 1790 ἀλλ’
737 1739 818 1800 εἰς
852 1737 1125 1807 τιμωρίαν
1157 1739 1248 1790 καὶ
1279 1737 1506 1808 φθοράν.
1544 1738 1703 1792 Οῦτω
1730 1739 1825 1792 καὶ

245 1830 426 1901 ’Δδὰμ
459 1831 837 1902 ἀποστραφεὶς
866 1832 974 1885 ἀπὸ
1014 1830 1109 1884 τοῦ
1145 1829 1367 1902 βλέπειν
1421 1834 1503 1896 εἰς
1553 1832 1709 1897 Θεὸν,
1748 1835 1829 1895 εἰς

233 1924 343 1993 γῆν
383 1923 745 1994 ὑπέστρεψεν,
789 1923 881 1994 ἀφ’
935 1920 1000 1997 ἦς
1030 1924 1278 1995 εἴληπτο.
1330 1943 1346 1976 ι
1389 1924 1501 1988 Τὰς
1532 1925 1641 1996 γὰρ
1674 1925 1828 1988 ὀδοὺς

232 2016 442 2081 αὐτῶν,
478 2017 666 2088 φησὶν,
699 2018 778 2083 εἰς
803 2018 1049 2090 κεφαλὴν
1072 2017 1253 2072 αὐτῶν
1284 2017 1519 2072 δέδωκα.
1554 2036 1571 2069 ι

2002 1376 2410 1433 Revertiminiet
2438 1380 2653 1448 recipite
2688 1396 2776 1433 vos
2802 1380 2856 1432 in
2892 1380 3032 1433 riam
3056 1379 3274 1445 deserti,
3315 1380 3513 1461 ducen-

1931 1476 2031 1521 tem
2064 1470 2132 1522 ad
2156 1488 2299 1525 mare
2323 1471 2570 1534 rubrum.
2602 1483 2712 1526 etc.
2749 1471 3136 1526 “eversionem
3175 1487 3276 1541 pro
3310 1474 3518 1541 suppTi-

1929 1562 2015 1614 cio
2051 1563 2131 1617 eis
2158 1564 2388 1633 irrogat,
2421 1564 2634 1618 ratione
2669 1564 2930 1617 nimirum
2960 1564 3148 1617 habita
3170 1566 3373 1630 delicti,
3407 1581 3516 1633 quo

1930 1654 2147 1708 animos
2178 1670 2311 1709 suos
2345 1656 2396 1708 in
2421 1654 2720 1725 Aagyptum
2741 1654 3217 1710 reﬂexerant.Non
3240 1658 3387 1709 enim
3407 1657 3516 1709 voti

1930 1741 2014 1793 sui
2048 1740 2121 1793 ita
2164 1742 2301 1794 ﬁunt
2345 1752 2651 1809 compotes,
2712 1743 2807 1797 sed
2838 1744 2892 1797 in
2919 1747 3258 1814 supplicium
3303 1762 3365 1800 ac
3398 1763 3518 1816 per-

1929 1831 2196 1886 ditionem
2256 1842 2672 1902 promoventur.
2726 1831 2819 1904 Sit;
2852 1850 3074 1905 queque
3105 1837 3278 1890 Adam
3308 1853 3432 1890 cum
3460 1852 3522 1890 se

1929 1939 1959 1977 a
1986 1933 2285 1994 ceuspectu
2348 1924 2441 1980 Dei
2499 1926 2813 1981 avertisset.
2854 1927 2908 1981 in
2946 1937 3147 1981 terram
3180 1910 3249 1982 ei
3277 1945 3385 1998 qua
3422 1929 3519 1983 de-

1929 2028 2183 2090 sumptus
2211 2027 2296 2074 est
2317 2035 2574 2075 reversus
2609 2038 2622 2074 :
2659 2041 2677 2073 ‹
2705 2021 2831 2076 \‘ias
2850 2025 3050 2077 etenim
3076 2038 3289 2088 eorum,
3316 2023 3517 2093 inquit,

1929 2114 1984 2168 in
2012 2122 2177 2185 caput
2211 2114 2457 2185 ipsorum
2485 2113 2607 2168 dedi
2629 2116 2696 2166 δ’.
2728 2133 2747 2166 ι

307 2247 583 2303 Caeterum
626 2246 1129 2303 murmurationem
1171 2245 1308 2300 vitio
1337 2244 1449 2300 illis
1482 2244 1668 2311 vertit,
1708 2251 1974 2314 tanquam
2033 2253 2226 2305 contna
2261 2245 2510 2315 seipsum
2553 2256 2701 2302 esset
2738 2246 2906 2313 facta,
2938 2264 3061 2319 qua:
3089 2249 3157 2304 ad
3190 2252 3517 2307 sacerdotes

236 2335 455 2390 redibat
510 2344 719 2401 tamen,
750 2351 815 2391 ac
847 2334 1083 2406 proinde
1128 2335 1310 2405 inquit
1349 2351 1362 2388 :
1407 2352 1426 2385 ι
1454 2331 1591 2388 Vivo
1645 2348 1747 2403 ego
1785 2332 2075 2396 Dominus,
2123 2334 2591 2402 quemadmodum
2621 2336 2796 2390 locuti
2828 2338 2966 2392 estis
3005 2339 3059 2391 in
3091 2352 3256 2393 aures
3284 2354 3456 2406 meas,
3493 2359 3513 2393 ο

231 2433 293 2480 et
318 2425 581 2495 deinceps
617 2440 739 2496 qua:
782 2433 1122 2493 sequuntur.
1160 2425 1227 2477 At
1253 2439 1362 2494 quo
1393 2439 1496 2478 nos
1532 2422 1904 2493 cogitationes
1928 2431 2135 2475 nostrae
2161 2422 2470 2492 perducant
2494 2423 2619 2478 vide
2657 2442 2670 2478 :
2710 2440 2820 2494 quo
2845 2426 2869 2480 ?
2897 2425 3035 2481 Cum
3059 2427 3113 2480 id
3143 2427 3288 2497 quod
3318 2429 3517 2483 melius

229 2522 376 2577 erat,
408 2528 635 2583 sperare
668 2514 902 2576 nollent,
936 2512 989 2566 id
1014 2512 1163 2583 quod
1193 2511 1443 2566 deterius
1478 2519 1565 2568 est
1606 2510 1999 2580 experiuntur,
2033 2524 2161 2563 cum
2221 2520 2545 2580 sperassent
2586 2528 2891 2582 nunquam.
2931 2513 3071 2569 lline
3116 2531 3244 2571 vere
3283 2515 3514 2581 dicitur,

229 2601 433 2659 Omnis
481 2603 576 2672 qui
635 2617 745 2657 non
787 2602 969 2657 credit
996 2602 1050 2655 in
1086 2600 1220 2667 Deo,
1251 2600 1419 2656 bonis
1448 2615 1571 2670 quae
1599 2615 1629 2653 a
1678 2598 1782 2653 ﬁde
1821 2597 2162 2668 proveniunt
2217 2597 2510 2652 excidit”.
2559 2598 3039 2665 Quemadmodum
3076 2604 3224 2656 enim
3258 2619 3318 2659 se
3350 2604 3517 2660 habct

231 2690 399 2758 illud,
468 2688 673 2744 «Juxta
732 2689 895 2746 ﬁdem
949 2699 1097 2744 tuam
1170 2688 1285 2755 ﬁat,
1318 2706 1337 2739 ι
1378 2689 1454 2743 ita
1487 2703 1518 2743 e
1546 2686 1832 2743 contrario
1860 2687 1984 2751 hoc,
2023 2684 2215 2741 Juxta.
2247 2685 2626 2743 inﬁdelitatem
2675 2700 2824 2743 tuam
2873 2706 2983 2745 non
3019 2690 3137 2745 ﬁat.
3165 2691 3246 2747 Ac
3298 2693 3515 2749 idcirco

232 2776 441 2835 Petrus
475 2780 602 2835 ﬁdei
650 2778 974 2833 inﬁrmitate
1004 2792 1133 2833 cum
1185 2778 1542 2832 extimuisset
1590 2790 1744 2830 mare
1774 2772 2076 2836 ﬂuctuans,
2109 2781 2196 2828 est
2225 2775 2581 2830 suhmersus.
2614 2775 2678 2831 Hi
2712 2778 2903 2847 itaque
2926 2778 2981 2834 id
3041 2780 3189 2850 quod
3248 2782 3507 2852 sibiipsis

231 2876 401 2923 erant
422 2868 655 2939 polliciti
675 2869 1063 2939 experiuntur.
1101 2885 1119 2918 ι
1149 2863 1275 2920 Filii
1314 2880 1447 2921 vero
1480 2865 1677 2929 vestri,
1707 2862 1915 2934 inquit,
1949 2860 2129 2917 ferent
2163 2862 2567 2918 scortationem
2600 2875 2867 2919 vestram.
2903 2884 2922 2916 ι
3404 2880 3409 2883 ·

306 3003 576 3075 Πορνείαν
618 3001 770 3071 λέγει
798 3002 899 3075 τὴν
937 3002 1227 3067 ἀπιστίαν,
1259 3000 1380 3072 ἦτοι
1419 2999 1481 3054 τὸ
1518 2997 1825 3069 ἀποστῆναι

1998 2993 2270 3050 Caeterum
2306 3003 2702 3051 scortatxonem
2762 3005 2922 3052 vocat
2952 2998 3320 3058 defectionem
3353 3018 3381 3057 a
3416 3003 3519 3060 ﬁde

227 3098 347 3153 ἀπὸ
387 3097 481 3150 τοῦ
511 3094 647 3150 Θεοῦ
674 3095 810 3169 (59).

305 3227 614 3292 Βαστάζειν
642 3227 742 3300 τὴν
778 3226 1041 3299 πορνείαν
1071 3225 1265 3290 εἰπὼν,
1302 3224 1418 3278 ἀλλ’
1455 3224 1558 3278 οὐκ
1599 3221 1819 3277 ἀπολεί-

226 3324 389 3391 σθαι,
431 3322 600 3387 ἔδειξε
637 3322 731 3374 καὶ
763 3320 912 3375 τὸέκ
945 3319 1237 3382 κοινωνίας
1264 3318 1358 3373 τοῦ
1389 3319 1608 3387 γένους,
1636 3317 1734 3370 καὶ
1765 3315 1827 3367 τὸ

226 3420 301 3472 ὲκ
330 3417 599 3487 διαφορᾶς
637 3414 748 3467 τῶν
786 3412 1185 3485 προαιρέσεων.
1243 3409 1400 3465 Οῦτω
1436 3410 1531 3463 καὶ
1590 3409 1683 3462 ἐπὶ
1727 3407 1824 3461 τοῦ

228 3508 506 3568 ἔναντὲου,
535 3504 792 3574 κοινωνίᾳ
829 3503 929 3574 μὲν
972 3501 1166 3570 γένους
1213 3503 1279 3570 τῇ
1311 3499 1449 3571 πρὸς
1496 3499 1754 3570 Χριστὸν,
1793 3493 1843 3570 ’δ’

229 3599 464 3654 πάντων
519 3595 855 3657 ἀνάστασις·
911 3591 1149 3663 διαφορᾷ
1207 3590 1265 3643 δὲ
1324 3590 1744 3663 προαιρέσεως,
1792 3591 1825 3661 ὴ

230 3686 601 3748 ἀνταπόδοσις
636 3686 671 3755 ἡ
710 3682 849 3755 μετὰ
880 3682 982 3753 τὴν
1017 3682 1341 3735 ἀνάστασιν.

311 3866 425 3922 Καὶ
452 3865 793 3931 ἐπένθησεν
823 3865 857 3916 ὁ
878 3860 1030 3928 λαὸς
1056 3859 1314 3930 σφόδρα.
1347 3859 1462 3913 Οὐκ
1504 3859 1587 3922 εἰς
1623 3857 1830 3926 ἀγαθὸν

232 3961 300 4015 τὺ
353 3957 572 4021 πένθος.
632 3957 754 4010 Ἐπὶ
794 3955 905 4025 γὰρ
957 3952 1267 4023 παράλυσιν
1323 3950 1435 4004 τῶν
1497 3951 1828 4020 ὁρισθέντων

232 4053 488 4127 ὁρμῶσιν
508 4067 522 4083 ο
546 4051 688 4120 ὅπερ
713 4048 820 4102 ἔδει
849 4049 1026 4131 ποιεῖν
1053 4045 1161 4117 πρὸ
1183 4044 1283 4114 τῆς
1307 4042 1658 4125 ἀποφάσεως,
1690 4043 1831 4114 μετὰ

232 4145 421 4199 ταῦτα
452 4141 736 4204 ποιοῦντες
788 4139 984 4206 Θράσει
1031 4135 1331 4207 χρώμενοι,
1375 4133 1452 4197 ὼς
1484 4134 1607 4188 τότε
1656 4133 1830 4204 δειλίᾳ

1930 3084 1987 3142 in
2020 3087 2189 3142 Deum
2219 3087 2284 3143 ad
2322 3087 2672 3142 timiditatem
2707 3105 2887 3143 suam.

2003 3222 2169 3279 Ferre
2199 3231 2382 3279 autem
2419 3225 2565 3295 quod
2598 3225 2755 3291 dicit,
2788 3241 2892 3282 nec
2920 3227 3121 3297 perire,
3158 3231 3520 3286 communita-

1929 3323 2038 3371 tam
2090 3318 2309 3387 generis
2362 3316 2857 3387 diversitatemque
2903 3320 3247 3374 voluntatum
3310 3323 3516 3387 innuit,

1929 3409 2394 3479 quemadmodum
2436 3423 2481 3462 ον
2504 3409 2725 3464 diverso
2760 3412 2951 3466 etiam.
2982 3410 3364 3467 Communitas
3392 3418 3519 3483 qui-

1927 3501 2050 3555 dem
2086 3501 2303 3570 generis
2332 3514 2451 3553 eam
2507 3501 2808 3571 signiﬁcat,
2854 3518 2962 3572 qua
3001 3519 3125 3559 cum
3167 3505 3392 3561 Christo
3423 3523 3520 3562 su-

1932 3608 2054 3647 mus
2096 3592 2255 3665 404
2316 3594 2622 3663 conjuncti,
2671 3611 2903 3665 quaeque
2954 3608 3148 3653 nosna
3195 3608 3282 3654 cst
3327 3617 3517 3655 resur-

1930 3683 2123 3736 rectio.
2193 3683 2496 3738 Diversitas
2566 3699 2695 3738 vero
2770 3687 3119 3741 voluntatum
3194 3691 3520 3747 retributio-

1932 3788 2081 3827 nem.

2006 3862 2271 3919 Craterum
2294 3882 2413 3920 cum
2445 3868 2735 3922 audivisset
2765 3850 2991 3938 populus
3012 3871 3206 3937 minas,
3237 3872 3377 3927 luxit
3412 3877 3522 3929 val-

1936 3954 2029 4015 da.
2044 3964 2151 4010 etc.
2174 3954 2345 4027 [XlV,
2378 3958 2493 4030 '59.]
2513 3959 2678 4031 Atqui
2702 3961 2884 4016 luctus
2903 3963 2989 4016 hic
3008 3978 3115 4017 non
3137 3972 3222 4019 est
3250 3966 3331 4019 eis
3359 3967 3521 4020 bono.

1935 4046 2072 4102 Nam
2100 4048 2153 4102 in
2184 4049 2607 4108 dissolutionem
2663 4053 3011 4110 decretorum
3050 4054 3145 4112 Dei
3179 4068 3331 4113 eunt.
3365 4059 3522 4127 Quod

1938 4139 2093 4209 prius
2118 4148 2247 4196 ante
2300 4143 2646 4212 negationem
2713 4146 2858 4202 facto
2887 4162 3035 4218 opus
3077 4147 3285 4205 fuerat.
3313 4149 3519 4207 Verum

234 4236 417 4308 (ᾇπερ
457 4232 627 4303 ἄμφω
650 4230 847 4301 κακὰ),
878 4228 1131 4297 λέγοντες
1153 4243 1167 4258 ⁸
1207 4247 1225 4280 ι
1251 4227 1384 4281 Ἰδοὺ
1422 4228 1585 4298 ἡμεῖς
1618 4226 1828 4296 ἀναϐη-

1944 4240 1998 4285 ut
2024 4240 2150 4286 ante
2176 4232 2231 4287 in
2268 4236 2480 4307 agendo
2519 4238 2837 4294 timiditatis
2895 4241 3287 4317 iurpulsionem
3348 4248 3527 4300 secuti

234 4327 453 4398 σόμεθα
486 4328 569 4390 εἰς
603 4324 698 4378 τὸν
733 4323 900 4377 τόπον
937 4321 999 4375 ὃν
1027 4317 1151 4375 εἶπε
1193 4320 1420 4391 Κύριος.
1454 4339 1473 4371 ι
1516 4320 1629 4374 Καὶ
1655 4318 1831 4372 ταῦτα

233 4418 527 4480 Μωῦσέως
555 4416 809 4484 λέγοντος
832 4429 846 4443 ⁸
887 4432 906 4466 ι
928 4413 1049 4467 Ἵνα
1088 4413 1136 4466 τί
1168 4414 1327 4482 ὑμεῖς
1367 4409 1742 4483 παραϐαξνετε
1771 4407 1834 4462 τδ

235 4509 399 4582 ῥῆμα
427 4507 673 4580 κυρίουῖ
708 4505 785 4577 μὴ
825 4504 1172 4559 ἀναδαίνετε.
1202 4522 1220 4555 ι
1250 4502 1388 4556 Οῦτε
1415 4498 1508 4555 οὖν
1533 4500 1674 4563 δέος,
1707 4498 1833 4553 οὔτε

231 4602 303 4656 τὸ
330 4599 525 4655 δοκοῦν
551 4599 753 4668 θάρσος
786 4598 980 4669 ἀρετὴ,
1023 4594 1195 4668 χωρὶς
1228 4592 1481 4663 ὑπακοῆς
1519 4590 1677 4657 Θεοῦ,
1709 4590 1833 4661 ἣτις

235 4692 449 4766 μᾶλλον
479 4694 578 4763 τῆς
602 4690 747 4745 κατὰ
777 4688 1044 4759 λογισμὸν
1074 4680 1334 4753 κρίσεως.

1938 4320 2184 4388 fuerunt,
2217 4326 2290 4380 ita
2322 4344 2472 4385 nunc
2523 4328 2772 4386 audacia:
2805 4341 2859 4387 et
2888 4312 3242 4390 conﬁdetftiaz
3281 4351 3529 4407 sequun-

1937 4420 2051 4478 tur,
2089 4429 2154 4470 ac
2182 4417 2237 4469 in
2261 4428 2553 4490 utramque
2583 4425 2796 4491 partem
2823 4432 3077 4492 peccant.
3105 4424 3307 4480 Dicunt
3338 4430 3484 4481 enim
3515 4448 3527 4482 :

1947 4521 1965 4554 ι
1988 4504 2171 4576 Agite,
2210 4511 2579 4568 ascendamus
2615 4514 2669 4567 in
2703 4513 2881 4568 locum
2909 4513 2975 4567 de
3001 4530 3113 4584 quo
3150 4516 3291 4570 dixit
3342 4516 3529 4572 Domi-

1936 4610 2112 4663 nus,»
2149 4605 2508 4668 quantumvis
2561 4603 2710 4659 Mose
2778 4605 3090 4661 reluctante
3143 4620 3208 4660 ac
3267 4606 3523 4663 dicente:

1944 4704 1962 4738 ι
1995 4685 2175 4745 Eccur
2221 4709 2322 4749 vos
2378 4695 2830 4765 transgredimini
2856 4695 3081 4750 verbum
3117 4696 3381 4753 Domini?
3419 4715 3527 4754 non

231 4774 559 4854 ascendite,
632 4788 877 4858 inquam.
931 4803 949 4836 ι
995 4781 1153 4838 Unde
1223 4783 1399 4851 liquet
1441 4794 1617 4850 neque
1693 4775 2075 4849 timiditatem,
2143 4803 2321 4857 neque
2368 4790 2507 4843 falso
2563 4774 2832 4845 creditam
2905 4790 3282 4848 fortitudinem
3350 4809 3380 4848 a
3438 4794 3528 4849 Dei

232 4882 612 4939 obedientiam
672 4885 990 4949 separatam
1066 4877 1330 4930 virtutem
1401 4874 1690 4928 exsistere.
1766 4871 1841 4926 Ea
1881 4875 2027 4930 enim
2071 4879 2229 4952 longe
2268 4886 2632 4954 praestantior
2702 4885 2939 4939 rationis
3002 4886 3219 4955 judicio
3246 4898 3355 4942 est.

316 4998 400 5051 Οὐ
429 4994 540 5066 γάρ
569 4996 702 5049 ἐστι
726 4994 944 5060 Κύριος
962 4990 1094 5060 μεθ’
1122 4988 1308 5060 ὑμῶν.
1343 4987 1553 5042 Οὐκοῦν
1576 4985 1638 5041 τὺ
1677 4988 1825 5058 ἰσχυο

235 5087 341 5162 ρδν
374 5088 532 5161 ἡμῶν
564 5091 598 5157 ἡ
626 5087 763 5141 Θεοῦ
791 5085 1087 5157 παρουσία.

327 5290 540 5344 ’Ᾱνιᾶσι
585 5291 755 5361 χωρὶς
804 5287 1045 5343 κιϐωτοῦ
1102 5289 1198 5342 καὶ
1248 5290 1553 5356 Μωῦσέως,
1596 5293 1735 5364 ὅπερ
1762 5288 1828 5365 ἦν

236 5379 741 5452 καταφρονητικὸν,
771 5379 867 5432 καὶ
889 5377 1117 5448 δυνάμει
1140 5380 1235 5433 καὶ
1261 5380 1455 5452 πλήθει
1483 5380 1832 5455 θαρρούντων

317 5538 525 5595 “Psal.
561 5539 823 5605 xxxv,|3.
900 5538 947 5571 ⁴⁹
976 5536 1330 5606 Ρεειῐαγινι,
1376 5544 1461 5598 ll.

242 5626 327 5679 IV,
368 5612 392 5667 1
422 5626 576 5682 seqq.

1540 5548 1584 5579 ⁸⁰
1618 5545 1812 5602 Matth.
1840 5563 1896 5612 ν,
1925 5547 1981 5603 4.
2059 5548 2103 5578 ⁸¹
2143 5543 2335 5599 Matth.
2388 5561 2543 5605 nni,
2578 5545 2632 5598 5.
2709 5544 2754 5575 δ’
2810 5537 2916 5598 lsa.
2952 5538 3180 5605 “v.8.

2007 4992 2129 5049 Non
2163 4998 2304 5050 enim
2331 5008 2411 5052 est
2448 4997 2710 5053 Dominus
2734 5000 3158 5061 vobiscum.ctc.
3195 5000 3333 5073 [49.]
3384 5004 3531 5070 Qua-

1830 5096 1841 5112 ί
1935 5093 2158 5154 propter
2194 5088 2366 5142 robur
2400 5103 2464 5143 ac
2502 5090 2734 5143 ﬁrmitas
2778 5098 2969 5144 nostra
3003 5091 3057 5143 in
3101 5094 3392 5160 prazsentia
3435 5093 3528 5149 Dei

1937 5184 2043 5232 est.

2009 5289 2144 5357 Qua:
2185 5292 2347 5347 nobis
2387 5291 2554 5347 etiam
2585 5299 2790 5347 terram
2847 5292 3002 5346 nuilo
3032 5294 3255 5363 negotio
3288 5296 3531 5352 trihuem

1936 5393 2150 5465 posset.
2178 5384 2556 5438 Nihilominus
2584 5392 2763 5437 tamen
2788 5393 3071 5454 anguntur
3123 5388 3376 5443 destituti
3400 5407 3529 5443 arca

3285 5543 3331 5575 ⁵³
3363 5541 3527 5598 Rom.

1793 5727 2023 5785 ΝΟΤᾸΞ.

322 5837 437 5912 689)
461 5838 544 5894 Τὰ
568 5837 710 5894 αὐτὰ
738 5840 916 5906 ἄλλως
945 5860 1060 5909 πως
1086 5845 1180 5898 καὶ
1205 5846 1233 5898 ὁ
1270 5846 1517 5917 Ιῐροκιῦπ.
1554 5849 1609 5901 ὲν
1634 5846 1710 5917 τῷ
1737 5846 1839 5918 τῆς
1876 5848 2015 5917 Αὐγ.
2047 5846 2179 5901 κώδ.
