3950 6394
475 359 582 424 835
1777 355 2035 415 PROCOl

2204 352 2377 414 ιΛΖ.-Ε
2388 355 2412 412 Ι
2793 367 2809 380 '
3651 346 3764 408 83G

473 489 530 535 ct
549 479 716 534 Mose.
760 477 884 532 llzec
913 491 1042 531 vero
1074 491 1254 530 nonne
1289 471 1532 530 levienla
1575 469 1752 524 videri
1810 479 2033 539 potet-an

2206 487 2294 523 νευ
2327 468 2483 523 Θεοῦ.
2525 465 2681 521 Οὕτω
2733 463 2828 520 καὶ
2875 463 2944 519 τὰ
2992 464 3268 535 πολεμίων
3320 465 3402 528 εἰς
3439 462 3766 518 οεοςέϐειλν

477 571 545 625 iis
571 571 665 640 qui
704 569 796 623 Dei
818 567 972 622 obliti
1011 567 1063 620 in
1101 565 1343 635 polentia
1375 580 1440 620 ac
1504 561 1862 618 multitudine
1917 559 2037 612 lidu

2203 559 2500 618 υνέτεινεν,
2539 555 2942 625 ὲπιδειχθὲντκ,
2967 553 3110 609 κατὰ
3131 552 3262 606 Θεὸν
3292 553 3516 606 ἀνύεται
3543 554 3763 615 αὐτοῖς.

474 661 618 715 ciam
647 660 1096 715 collocaveram?
1129 657 1330 713 Verum
1389 658 1492 712 hoc
1543 655 1664 725 ipso
1714 652 1862 724 quod
1891 667 2034 722 pene:

2207 648 2276 702 ,αἱ
2309 651 2342 719 ἠ
2376 647 2485 701 τῶν
2518 649 2639 700 τότε
2685 648 2963 700 πεσόντων
2997 644 3197 715 φθορὰ,
3243 644 3358 706 τοῖς
3392 643 3574 709 ἄλλοις
3625 643 3767 696 παῖ-

479 750 648 806 Dcum
676 753 856 806 omnia
889 765 1012 806 esse
1062 749 1428 812 demonstrat,
1491 749 1680 802 hostes
1719 745 1814 800 Dei
1839 743 1907 798 ad
1943 743 2039 796 cul-

1127 757 1428 812 :ntonstrat,
1491 749 1680 802 hostes
1719 745 1814 800 Dei
1839 743 1907 798 ad
1943 743 2058 796 cul-
2169 740 2351 804 δευσις
2382 736 2451 811 ἦν
2484 741 2687 810 diverti].

477 852 656 896 turam
705 843 823 909 ejus
855 850 910 898 et
935 841 1190 911 pietatem
1243 840 1462 896 invitat.
1501 840 1768 894 luteritus
1831 849 2053 906 quoque
2091 831 2338 902 ipsorum
2387 835 2486 925 qui
2534 832 2913 887 occubuerunt
2973 830 3096 884 aliis
3170 829 3472 886 eruditioni
3535 829 3772 899 optima!

478 936 598 988 fuit.

551 1075 618 1129 Ut
646 1075 1006 1129 observarent
1037 1073 1293 1128 mandata
1340 1072 1504 1127 illusis
1535 1088 1561 1125 a
1597 1071 1706 1125 Deo
1749 1071 1952 1124 tradita
1983 1067 2049 1122 de
2077 1060 2336 1136 praesenti
2400 1072 2502 1114 sua
2534 1056 2838 1118 voluntate,
2875 1051 3151 1120 siquidem
3199 1050 3303 1120 ipsi
3335 1065 3562 1126 servare
3609 1051 3768 1120 jussi

475 1179 583 1219 non
625 1170 942 1227 servarunt,
996 1178 1106 1216 non
1139 1161 1282 1231 jussi
1321 1176 1464 1216 novo
1501 1167 1838 1214 testamento
1865 1159 2129 1216 instante,
2177 1153 2333 1219 juxta
2367 1143 2740 1216 prophetiam.
2797 1156 3021 1196 servare
3071 1140 3326 1231 student.
3361 1139 3587 1194 Idcirco
3653 1154 3772 1192 non

474 1261 560 1306 est
621 1249 766 1304 Deus
815 1265 941 1304 cum
977 1229 1169 1314 eis,‘et
1198 1249 1526 1304 ceciderunt
1559 1249 1778 1301 interim
1810 1247 1939 1300 dum
1978 1245 2180 1298 vellent
2205 1241 2507 1294 observare
2529 1234 2702 1302 legem
2757 1233 3076 1298 importune
3109 1231 3162 1283 in
3195 1229 3341 1282 bello
3375 1231 3526 1298 quod
3554 1239 3761 1298 gesse—

476 1348 607 1394 runt
631 1349 826 1391 contra
858 1337 1157 1400 ltou'ianos,
1187 1337 1322 1391 adeo
1366 1345 1424 1390 ut
1455 1336 1760 1390 etiamnum
1808 1332 2164 1388 recordantes
2191 1329 2262 1382 ob
2294 1326 2346 1380 id
2377 1324 2562 1395 ipsum
2591 1321 2657 1375 ad
2695 1319 3141 1375 internecionem
3181 1317 3402 1374 venisse
3439 1315 3766 1371 Sabbatum

478 1427 717 1496 amplius
749 1440 856 1478 nou
893 1425 1214 1482 observent.

545 1552 616 1608 Et
646 1553 786 1608 dices
823 1553 891 1606 ad
919 1570 1008 1608 eos
1042 1569 1060 1607 :
1095 1551 1325 1620 Quando
1356 1553 1579 1623 ingrcssi
1609 1551 1818 1623 fueritis
1849 1553 1904 1606 in
1954 1559 2062 1604 ter-

2247 1545 2434 1599 Ὅταν
2467 1541 2780 1608 εἰσέλθητε
2807 1541 2893 1605 εἷς
2924 1538 3038 1608 τὴν
3064 1537 3180 1606 γῆν
3213 1536 3326 1606 τῆς
3350 1533 3771 1602 κατοικήσεως

474 1659 593 1698 ram
630 1645 980 1700 habitationis
1015 1655 1220 1700 vestrae.
1255 1643 1396 1718 [XV],
1423 1643 1506 1717 2.]
1547 1643 1710 1714 Atqui
1754 1645 2034 1712 ingressur

2210 1637 2359 1708 μῶν.
2400 1635 2595 1690 Καίτοι
2625 1635 2728 1687 οὐκ
2757 1632 2993 1705 ἠμελλον
3035 1629 3321 1685 εἰσελθεῖν.
3372 1628 3517 1718 Ἀλλ’
3548 1630 3610 1681 ιν
3643 1627 3770 1682 τοὺ-

475 1752 587 1792 ηοη
648 1749 824 1794 erant.
887 1737 1090 1794 Verum
1154 1710 1377 1809 quidem
1427 1747 1538 1802 est,
1597 1737 1693 1794 sed
1758 1737 1904 1792 inter
1967 1751 2034 1791 eo

1967 1751 2064 1791 eos
2171 1749 2286 1796 τοις
2317 1731 2458 1785 εἰσ-ἰν
2487 1731 2538 1784 ol
2573 1727 2763 1790 παῖδες
2791 1728 2840 1779 ot
2871 1723 3330 1794 εἰσελευσόμενοι.
3470 1710 3488 1731 '

476 1829 636 1885 liberi
661 1841 790 1886 sunt
817 1831 910 1902 qui
945 1833 997 1885 in
1022 1847 1142 1888 eam
1167 1839 1297 1888 sunt
1324 1831 1654 1902 ingressuri.

549 1963 614 2021 Et
643 1967 808 2037 facile
831 1967 1204 2022 holocaustum
1232 1966 1479 2028 Domino,
1512 1972 1622 2020 etc.
1657 1961 1761 2036 [5.]
1827 1959 1976 2016 Varii
2007 1975 2070 2016 ac
2101 1959 2308 2016 diversi
2366 1955 2539 2012 Deum
2567 1953 2784 2010 colendi
2823 1951 2970 2006 modi
3013 1958 3168 2014 sunt,
3229 1949 3373 2006 alius
3403 1955 3490 2004 est
3520 1947 3611 2037 vel
3652 1963 3757 2020 per

478 2035 750 2126 integrum
783 2053 870 2109 vel
904 2069 1000 2124 per
1029 2053 1270 2109 divisum
1294 2035 1672 2116 sacriﬁcium,
1721 2051 1865 2107 alius
1899 2049 1957 2104 lit
1990 2049 2077 2104 vel
2107 2047 2461 2103 exsolutione
2489 2043 2600 2100 voti
2629 2041 2713 2098 vel
2747 2041 3033 2096 oblatione
3089 2047 3424 2126 spontanea,
3457 2035 3607 2126 alius
3639 2051 3748 2106 per

475 2123 691 2206 votum,
717 2142 802 2197 vel
833 2123 930 2210 per
947 2140 1417 2210 deprecationem.
1447 2139 1722 2194 Caeterum
1759 2139 1944 2193 omnis
1996 2137 2182 2192 cultus
2234 2133 2518 2190 suaveolet
2573 2137 2630 2186 et
2674 2136 2941 2198 acceptus
2995 2135 3102 2188 est,
3130 2125 3234 2180 etsi
3283 2139 3513 2186 parvum
3547 2123 3654 2177 hoc
3692 2128 3768 2179 sit

475 2229 622 2299 quod
658 2228 727 2283 ad
758 2227 1168 2283 conciliandum
1194 2227 1365 2282 Deum
1401 2227 1723 2289 adducitur,
1759 2227 1876 2282 sive
1905 2241 2081 2295 agnus
2130 2225 2224 2288 sit,
2263 2223 2393 2278 sive
2424 2219 2606 2289 majus
2658 2217 2815 2288 quid,
2848 2217 2998 2272 velut
3039 2213 3206 2276 aries,
3268 2221 3364 2266 aut
3422 2211 3762 2277 maximum,

474 2317 648 2372 veluti
681 2317 804 2372 bos.
829 2316 1108 2372 Caeterum
1143 2316 1337 2370 horum
1363 2316 1613 2370 omnium
1643 2314 1759 2368 vice
1793 2313 2003 2368 oblatio
2026 2311 2234 2368 Christi
2265 2319 2373 2375 est,
2406 2317 2570 2380 prout
2599 2309 2836 2378 quisque
2872 2319 2996 2360 eum
3030 2302 3136 2359 sibi
3164 2301 3520 2372 usurpaverit
3554 2299 3764 2355 videli-

475 2412 584 2460 cet.
625 2402 878 2459 Victima
904 2418 1038 2459 vero
1069 2403 1316 2473 cujusvis
1348 2403 1609 2473 similago
1639 2402 1798 2457 adest
1816 2403 2009 2466 etiam,
2029 2400 2126 2456 ubi
2153 2399 2436 2454 victimam
2459 2397 2654 2476 mortis
2683 2395 2900 2464 signum
2929 2407 3054 2447 esse
3083 2391 3354 2476 intellige,
3385 2387 3764 2458 similaginem

479 2506 609 2546 vero
635 2491 914 2546 alimoniae
943 2501 1108 2562 atque
1160 2493 1307 2547 vitae.
1349 2489 1556 2545 Vivunt
1609 2491 1757 2544 enim
1790 2505 1885 2558 per
1912 2489 2081 2551 Deum
2135 2489 2392 2549 victimae,
2423 2475 2818 2554 imprimisque
2864 2480 3148 2535 Christus.
3203 2475 3437 2531 Necnon
3490 2489 3760 2531 mensura

477 2581 658 2636 cuivis
685 2580 923 2636 victimae
943 2580 1096 2650 justa
1136 2589 1220 2636 est
1251 2595 1316 2636 ac
1348 2581 1566 2646 idonea,
1592 2588 1758 2648 prout
1785 2579 1933 2634 enim
1967 2577 2191 2633 victima
2239 2575 2433 2641 fuerit,
2476 2573 2552 2626 ita
2583 2585 2808 2643 quoque
2835 2572 2968 2633 vita,
2994 2582 3114 2638 quaa
3141 2582 3206 2622 ex
3231 2567 3457 2621 victima
3485 2565 3762 2624 nascitur.

477 2669 722 2726 exsistit.
756 2687 774 2722 ι
795 2667 1008 2726 Oﬂ‘erat
1038 2670 1272 2724 Domino
1309 2670 1404 2739 qui
1435 2668 1666 2723 adducit
1704 2667 2065 2724 sacriﬁcium.
2102 2663 2322 2720 Decima
2354 2661 2478 2731 ephi
2514 2674 2621 2714 una
2655 2671 2822 2727 super
2853 2671 3018 2726 agno,
3053 2655 3176 2709 duae
3207 2668 3376 2724 super
3408 2653 3612 2716 ariete,
3644 2658 3763 2706 tres

480 2772 649 2826 super
676 2759 873 2813 bove.)
909 2759 995 2812 Ita
1017 2772 1125 2812 non
1152 2757 1401 2812 omnium
1433 2755 1664 2826 aequalis
1685 2764 1772 2809 est
1802 2756 1937 2808 vita.
1971 2755 2166 2810 Oleum
2213 2755 2345 2808 item
2395 2751 2556 2820 justi
2619 2760 2908 2810 mensura,
2947 2742 3422 2815 quemadmodum
3449 2749 3504 2794 et
3535 2741 3757 2804 vinum,

477 2844 546 2898 ad
565 2844 991 2901 delectationem
1024 2845 1173 2902 enim
1207 2844 1341 2899 facit
1383 2845 1594 2900 laetitia.
1651 2842 1862 2908 Quarta
1906 2857 2036 2897 vero
2073 2857 2200 2914 pars
2250 2841 2347 2895 hin
2381 2849 2574 2910 quarta
2618 2853 2744 2908 pars
2797 2844 2883 2890 est
2944 2833 3178 2888 duarum
3213 2829 3526 2885 Atticarum
3589 2828 3756 2884 chea-

483 2946 630 2985 rum.

554 3083 665 3138 Leo;
696 3083 882 3138 eadem
926 3084 1068 3138 vobis
1123 3095 1236 3140 esto
1267 3102 1330 3139 ex
1353 3085 1591 3140 advenis.
1619 3083 1761 3156 μᾶ]
1810 3084 1922 3138 lloc
1942 3084 2067 3156 ipso
2099 3074 2114 3127 Ι

2243 3084 2439 3149 Νόμος
2485 3077 2574 3146 εἷς
2605 3079 2778 3134 ἔσται
2825 3077 2922 3131 καὶ
2970 3075 3261 3143 δικαίωμα
3291 3073 3362 3128 ἐν
3393 3073 3568 3128 ἔσται
3615 3075 3765 3143 ὑμῖν

481 3176 728 3245 gentium
759 3185 813 3230 et
861 3175 1084 3232 lsraelis
1147 3177 1437 3246 aequalitas
1503 3179 1807 3247 eademque
1857 3179 2041 3236 iustiti:

2200 3179 2270 3231 :rtt
2312 3177 2396 3242 τῷ
2435 3175 2818 3244 προσηλύτῳ.
2877 3173 3078 3226 Ἐθνῶν
3116 3171 3300 3239 ἰσότης
3342 3171 3400 3222 ὲν
3448 3167 3623 3240 τούτῳ
3663 3169 3760 3221 καὶ

483 3267 892 3338 promulgatur.
923 3287 941 3318 ‹
967 3266 1120 3324 Unus
1157 3267 1305 3324 enim
1356 3267 1502 3323 Deus
1527 3277 1612 3324 est
1647 3271 1739 3339 qui
1807 3269 2043 3348 justiﬁes

2251 3269 2268 3320 5
2311 3267 2528 3337 Ἰσραὴλ
2579 3264 2994 3337 προηγορεύετο
3026 3263 3138 3334 (60)
3173 3261 3291 3336 [καὶ
3329 3260 3610 3330 δικαίωμα
3649 3259 3748 3332 ενι.
3797 3289 3811 3307 .

485 3359 565 3412 bit
594 3357 1076 3413 circumcisionem
1098 3373 1162 3412 ex
1201 3357 1326 3422 lide,
1371 3359 1614 3429 itemque
1641 3359 1970 3431 praeputium
2002 3374 2045 3412 e:

2195 3382 2198 3412 ς
2245 3356 2340 3424 Εἷς
2381 3359 2490 3430 γὰρ
2519 3359 2672 3422 Θεὸς,
2729 3359 2786 3422 ὃς
2837 3355 3118 3411 δικαιώσει
3168 3355 3472 3426 περιτομὴν
3535 3357 3611 3429 ὲκ¹
3667 3357 3755 3407 πὶ-

485 3450 591 3506 tide
631 3451 697 3504 ⁵⁵⁵.
1905 3437 1910 3442 ’
2173 3467 2366 3514 στεως.
2397 3452 2492 3504 καὶ
2527 3447 2900 3520 ἀκροϐυστίαν
2928 3446 3016 3516 διὰ
3042 3447 3141 3516 τῆς
3170 3445 3429 3508 πίστεως.
3453 3463 3472 3496 ι

555 3565 924 3622 Circumcisio
984 3579 1116 3620 vero
1179 3581 1302 3636 qua:
1367 3567 1472 3622 lide
1539 3567 1644 3634 lit,
1725 3567 1979 3639 depastio
2038 3573 2124 3622 est
2178 3573 2534 3620 terrenorum
2618 3576 2859 3616 morum.
2941 3558 3364 3630 conjungitque.
3410 3558 3609 3616 ambos
3661 3575 3757 3630 po-

488 3653 670 3726 pulos.
3253 3655 3256 3657 “

561 3761 789 3828 Eritque
815 3762 1032 3833 quando
1056 3764 1392 3818 romederitis
1425 3761 1490 3816 de
1513 3761 1737 3832 panibus
1793 3771 1972 3826 term,
1997 3769 2106 3814 etc.
2144 3757 2259 3831 [19]
2293 3756 2407 3812 Hoc
2453 3756 2673 3828 quidem
2723 3755 2847 3811 loco
2899 3758 3234 3813 mentionem
3287 3757 3448 3828 panis
3514 3756 3670 3822 facit,
3701 3757 3755 3813 in

487 3849 629 3904 ﬁbro
685 3848 1052 3906 Numerorum
1107 3865 1239 3906 vero
1303 3849 1828 3920 mani-puli.'llabet
1882 3858 2067 3904 autem
2129 3845 2290 3918 405
2361 3844 2561 3898 horum
2625 3843 3021 3914 contemplatio
3062 3843 3381 3900 aliinitatem
3437 3846 3753 3916 quamdam.

481 3937 744 3994 Christus
777 3938 948 4002 enim,
980 3937 1086 3993 etsi
1123 3938 1278 4008 spica
1312 3946 1398 3994 est
1425 3946 1651 4008 propter
1682 3952 1906 3992 carnem
1935 3952 2057 4007 quae
2090 3952 2119 3991 e
2150 3947 2298 3990 terra
2325 3934 2642 4005 pullulavit,
2675 3948 2910 4004 granum
2934 3943 3117 3991 tamen
3143 3935 3389 4005 seipsum
3446 3945 3754 4006 nuncupat.

487 4026 553 4078 Et
593 4025 662 4078 de
694 4025 856 4080 nobis
891 4026 1070 4094 inquit
1097 4010 1243 4096 quod
1277 4025 1476 4080 messis
1501 4026 1575 4080 sit-
1605 4026 1832 4095 copiosa
1861 4026 1929 4078 ⁸³.
1967 4023 2169 4080 Verum
2202 4023 2488 4079 enimvero
2535 4021 3002 4091 quemadmodum
3035 4023 3358 4094 manipulus
3392 4022 3626 4079 oli‘ertur
3655 4025 3757 4082 hoc

487 4112 610 4180 ipso
634 4114 780 4182 quod
802 4113 857 4165 in
890 4127 950 4166 se
977 4113 1301 4182 complexus
1323 4120 1409 4167 est
1435 4128 1650 4168 omnes.
1689 4131 1708 4164 ι
1739 4111 1876 4167 Volo
1916 4113 2088 4175 enim,
2143 4111 2348 4182 inquit,
2385 4122 2444 4165 ut
2469 4109 2563 4166 ubi
2593 4125 2716 4166 sum
2747 4125 2874 4183 ego,
2915 4111 3122 4166 ibidem
3179 4113 3296 4166 sint
3318 4121 3373 4168 et
3401 4113 3508 4184 ipsi
3528 4113 3597 4169 ".
3626 4133 3646 4168 ι
3671 4113 3758 4169 Et-

486 4200 633 4254 enim
663 4199 828 4255 simul
864 4199 1124 4256 excitavit
1147 4215 1266 4264 nos,
1319 4201 1600 4272 simulque
1624 4201 1922 4255 collocavit
1960 4201 2014 4254 in
2037 4202 2585 4270 cmlestibus,inqnit
2647 4200 2934 4258 Paulus".
2981 4201 3258 4269 Quocirca
3290 4205 3460 4258 etiam
3495 4203 3758 4274 perendie

488 4303 518 4340 a
552 4289 729 4358 primo
754 4287 842 4342 die
869 4289 1212 4358 manipulum
1265 4287 1464 4347 ollerre
1489 4291 1672 4360 jubet,
1702 4290 1808 4344 hoc
1855 4296 1962 4356 est,
1996 4290 2086 4344 die
2123 4292 2288 4347 tertia
2323 4306 2432 4362 qua
2471 4291 2729 4348 Christus
2759 4293 3089 4352 resurrexit.
3113 4291 3340 4362 quando
3365 4292 3533 4348 etiam
3588 4307 3760 4348 novas

489 4375 672 4444 spicas
708 4373 909 4430 olIerre
952 4375 1222 4445 praecipit,
1259 4391 1380 4446 quae
1411 4393 1512 4432 nos
1537 4377 1890 4440 adutnbrant,
1935 4392 2059 4442 nos,
2087 4377 2338 4449 inquam,
2385 4379 2483 4450 qui
2530 4378 2944 4434 iunuvationem
2978 4393 3073 4447 per
3101 4379 3282 4448 ipsum
3309 4378 3597 4444 habemus,
3632 4379 3760 4435 etin

491 4463 608 4530 ipso
627 4462 852 4519 odorem
883 4463 1200 4533 fragrantia;
1227 4465 1512 4520 offerimus
1541 4481 1554 4529 ;
1589 4465 1710 4520 sine
1741 4479 1806 4518 eo
1837 4465 1984 4518 enim
2023 4464 2138 4520 ﬁeri
2165 4467 2317 4520 nullo
2341 4468 2506 4521 modo
2538 4474 2741 4538 poteSt,
2769 4467 2914 4520 sicut
2942 4481 3047 4520 nec
3073 4468 3244 4534 spicae
3275 4481 3432 4521 novre
3459 4468 3582 4523 sine
3605 4468 3759 4524 simi-

489 4551 673 4624 lagine
699 4569 822 4608 esse
843 4560 1091 4623 possunt.
1129 4549 1254 4608 cum
1281 4555 1521 4622 impares
1560 4552 1672 4606 sint
1701 4552 2024 4623 similagiui,
2055 4570 2175 4623 quae
2203 4570 2266 4608 ex
2301 4555 2486 4608 tritico
2516 4561 2756 4607 constat.
2790 4554 2970 4621 Supra
3004 4568 3106 4607 nos
3149 4554 3297 4608 enim
3329 4561 3472 4620 erat,
3499 4555 3755 4625 quamvis

489 4651 756 4707 tanquam
787 4655 933 4696 unus
971 4649 1123 4696 esset
1161 4656 1228 4696 ex
1269 4641 1454 4696 nobis.
1509 4639 1755 4710 Denique
1785 4657 1914 4695 vero
1962 4644 2118 4711 panis
2167 4658 2390 4713 quoque
2423 4642 2539 4710 ipse
2567 4649 2672 4703 est,
2705 4655 2974 4710 novaeque
3027 4642 3444 4710 consperstonis
3511 4633 3758 4704 initium,

491 4728 960 4798 quemadmodum
996 4730 1172 4782 Adam
1195 4729 1438 4797 antiqua:
1469 4727 1572 4782 fuit
1606 4745 1619 4781 :
1654 4744 1841 4782 verum
1875 4729 1967 4784 hic
2007 4729 2225 4800 quidem
2252 4728 2700 4800 transgressione
2736 4727 2947 4782 invexit
2977 4736 3236 4792 mortem,
3267 4729 3360 4784 ille
3379 4745 3512 4784 vero
3545 4731 3759 4784 sancti-

491 4818 704 4883 monia,
735 4818 922 4872 vitam.
954 4815 1171 4872 Bevixit
1195 4817 1339 4870 enim
1378 4825 1554 4870 morte
1588 4817 1936 4878 conculcata,
1964 4828 2018 4871 et
2048 4825 2335 4888 assumpta
2363 4816 2710 4869 humanitate
2747 4815 3159 4882 incorruptibili
3225 4816 3600 4885 primitiarum
3635 4819 3755 4872 loco

489 4922 616 4963 sese
642 4905 792 4960 Patri
821 4907 1038 4961 obtulit.
1067 4906 1342 4970 Quocirca
1371 4919 1565 4974 panem
1597 4906 1651 4959 in
1681 4905 1902 4960 Sanctis
1944 4915 2260 4960 sanctorum
2325 4905 2650 4958 obtulerunt
2681 4903 2872 4958 etiam.
2898 4902 3046 4958 Pane
3083 4905 3238 4967 item,
3269 4906 3364 4974 qui
3393 4919 3422 4958 a
3447 4905 3764 4976 similagine

492 4994 754 5069 diversus
778 5009 902 5050 esse
935 4993 1143 5056 debuit,
1176 4992 1406 5047 inuuere
1438 4992 1632 5057 voluit,
1668 4991 1828 5046 ﬁdem
1867 4993 2042 5062 reipsa
2069 4993 2483 5063 comprobatam
2520 4993 2627 5044 Deo
2656 4990 2955 5060 gratiorem
2991 5006 3136 5058 esse,
3193 4993 3334 5048 unde
3355 5001 3411 5047 et
3438 5007 3597 5047 esum
3634 5007 3760 5061 pro-

493 5085 674 5153 prium
693 5083 978 5137 hominum
1012 5083 1246 5137 salutem
1281 5090 1464 5144 vocat,
1499 5095 1622 5148 qua:
1659 5079 1791 5134 litin
1823 5080 1927 5135 ﬁde
1958 5087 2054 5134 aut
2100 5096 2286 5151 opere.

565 5215 722 5282 Quod
776 5224 957 5270 autem
1021 5213 1219 5267 attinet
1255 5211 1319 5264 ad
1383 5221 1671 5282 peceatum
1727 5211 2125 5281 ignorantiae,(

2254 5212 2389 5283 napi.
2424 5211 2522 5280 τῆς
2566 5210 2710 5264 κατά
2753 5210 2975 5280 ἄγνοιαν
3023 5211 3302 5283 ἁμαρτίας
3331 5213 3424 5266 τὸν
3451 5213 3632 5268 πάντα
3676 5231 3761 5267 κε-

493 5320 756 5364 Cunctum
813 5307 1075 5378 populum
1145 5305 1420 5375 integrum
1477 5307 1667 5361 bovem
1749 5306 2053 5360 comburerl

2200 5305 2332 5357 leuat
2364 5304 2492 5356 λαὸν
2533 5303 2660 5374 βοῦν
2691 5301 3022 5358 ὁλοκαυτῶν
3062 5303 3154 5357 καὶ
3186 5305 3458 5376 χίμαρον·
3489 5306 3760 5376 ἀνηνέχθη

457 5433 475 5448 ι
496 5400 723 5456 mandat
752 5415 876 5454 cum
906 5399 1078 5452 hirco.
1111 5393 1342 5454 Oblatus
1371 5405 1455 5453 est
1490 5398 1544 5450 in
1573 5399 1798 5452 odorem
1828 5397 2017 5452 suavit:

2198 5394 2290 5466 τὰρ
2320 5397 2398 5458 εἰς
2437 5394 2613 5466 ὀσμὴν
2657 5393 2886 5458 εὐωδίας
2932 5395 3188 5466 Χριστὸς,
3235 5395 3378 5468 ὑπὲρ
3427 5393 3534 5450 τῶν
3584 5397 3758 5468 ἁμαρ-

567 5562 801 5616 ⁸διῖοιη.
843 5579 921 5623 Itt,
981 5561 1070 5618 50.
1144 5561 1350 5616 "Luc.
1388 5579 1441 5627 κ,
1473 5561 1528 5615 2.
1609 5562 1658 5594 ⁸⁸
1681 5560 1840 5616 Jo'in.
1909 5575 2040 5624 xvii,
2092 5561 2127 5616 2

1187 5561 1350 5616 ειυς.
1388 5579 1441 5627 x,
1473 5561 1528 5615 2.
1609 5562 1658 5594 ⁸⁸
1681 5560 1840 5616 Jo'in.
1909 5575 2040 5624 xvii,
2092 5561 2182 5616 24.
2267 5565 2310 5595 ⁵⁷
2339 5563 2542 5634 Ephes.
2583 5580 2652 5628 tt,
2694 5565 2747 5617 6.

2035 5676 2076 5729 Ν
2085 5673 2260 5731 ΟΤᾹΞ.

563 5782 684 5852 (ϐυ)
726 5783 1189 5854 Προκηρύττεται,
1236 5781 1294 5835 Ὀ
1321 5787 1412 5854 τῆς
1441 5785 1582 5852 Αὺγ.
1627 5783 1751 5838 κὼδ.
