3950 6396
284 387 387 456 837
1387 385 1844 449 ΟΟΜΜΕΝΤΑΕ

1994 382 2038 444 Ν
2079 383 2462 444 NUMEROS.
3451 381 3554 442 83%

283 504 425 567 τιῶν
458 503 570 559 τῶν
607 501 898 575 ἡμετέρων
951 501 1141 558 παθὼν
1165 520 1179 535 ο
1220 503 1317 556 ἕνα
1359 503 1415 558 δὲ
1461 503 1713 570 ἕκαστον,
1748 498 1842 572 αἷγ

2002 501 2056 556 .is
2085 500 2362 564 Christus,
2390 515 2513 555 cum
2543 513 2640 569 pro
2681 498 2918 568 peccatis
2945 496 3306 554 nostrisessct
3347 506 3562 564 passus.

290 596 456 664 μίαν·
489 593 715 648 ἔλαττον
744 593 854 662 γὰρ
896 588 984 658 αἲξ
1042 591 1184 662 βοὸς,
1219 591 1312 644 καὶ
1366 591 1554 662 θήλεια
1607 592 1838 662 ἄρρενος

2002 592 2437 664 ldumqucmque
2469 608 2602 647 vero
2622 607 2843 665 capram
2863 609 3054 647 uuam.
3092 589 3266 644 Vilior
3299 587 3448 642 enim
3476 603 3562 639 ca-

287 688 412 752 ἑνδς
439 688 548 758 γὰρ
571 687 630 740 τὸ
658 685 863 754 πλῆθος
895 685 1082 756 μεῖζον
1104 685 1200 748 καὶ
1227 685 1614 755 ἰσχυρζτερον..
1638 705 1655 735 ι
1683 685 1841 737 Ἐκου

2004 701 2078 738 ira
2123 687 2260 740 bove
2318 693 2424 750 est,
2485 684 2698 739 femella
2771 686 2903 740 item
2961 687 3230 739 masculo.
3261 681 3336 737 Ita
3397 685 3564 736 etiam

290 780 426 841 σίως
454 777 562 847 γὰρ
600 776 1030 848 ἁμαρτανόντων
1064 776 1242 846 ἡμῶν,
1279 775 1379 828 οὐκ
1408 774 1487 828 ἔτι
1533 775 1662 846 περὶ
1697 776 1847 846 ἁμαρ

1999 795 2092 832 ιιιο
2126 780 2312 848 aliquo
2349 789 2525 834 reatus
2557 786 2710 834 totus
2735 779 2912 847 major
2957 791 3042 834 est
3076 787 3129 834 et
3157 778 3415 834 validior.
3461 797 3478 830 ‹
3504 779 3559 831 Si

286 871 414 934 τίας
438 868 801 924 ἀπολείπεται
836 866 1019 921 θυσία.
1057 886 1074 918 ι
1114 867 1256 930 Τοὺς
1291 865 1664 936 παρελθὸντᾳς
1705 867 1761 919 δὲ
1809 885 1846 918 τ.

2001 871 2123 925 rnim
2195 881 2391 941 sponte
2425 883 2478 926 ct
2507 888 2630 926 cum
2685 873 2966 926 voluntate
3017 887 3118 926 nos
3163 872 3561 942 delinquimus,

287 963 572 1024 Μωῦσέως
614 963 680 1032 τῇ
717 961 786 1014 δι’
830 961 1065 1030 αἵματος
1127 960 1421 1030 ἐπικουρίᾳ
1471 961 1762 1030 προσάγει,
1807 977 1847 1012 τ.

2003 964 2456 1033 tullumamplius
2503 980 2601 1034 pro
2633 968 2867 1032 peccatis
2914 964 3249 1018 sacriﬁcium
3293 964 3563 1034 reliquum

286 1055 529 1127 Χριστοῦ
551 1055 788 1124 κρείττω
816 1053 926 1106 τῶν
965 1054 1022 1104 ὲν
1051 1053 1204 1122 νόμῳ
1231 1051 1467 1114 δεικνύς,

2005 1056 2190 1120 ἰι⁶⁸;›
2253 1073 2351 1110 eos
2410 1073 2543 1110 vero
2611 1059 2701 1126 qui
2759 1058 3239 1126 transgrediuntur
3305 1057 3565 1110 mandata

287 1147 458 1202 Mosis
498 1145 789 1216 sanguinis
841 1143 1102 1214 praesidio
1156 1143 1391 1196 attrahit
1442 1161 1455 1196 :
1510 1156 1574 1220 ea
1637 1157 1758 1212 quae
1824 1141 1878 1196 in
1917 1141 2138 1198 Christo
2161 1153 2289 1200 sunt
2321 1145 2388 1200 iis
2435 1161 2558 1215 quae
2593 1152 2722 1200 sunt
2752 1145 2805 1199 in
2838 1147 2954 1216 lege
2991 1146 3204 1216 potiora
3281 1161 3405 1202 esse
3467 1145 3566 1201 de-

285 1241 633 1290 monstrans.

355 1351 555 1404 Anima
579 1365 696 1422 qua:
713 1350 918 1420 aliquid
953 1349 1140 1419 fecerit
1171 1366 1262 1418 per
1313 1365 1528 1403 manum
1583 1349 1887 1415 superbam,
1944 1355 2052 1402 etc.
2110 1349 2323 1403 Percati
2372 1349 2640 1406 mortiferi
2671 1366 2830 1421 poena
2861 1367 3012 1408 mors
3049 1361 3156 1409 est.
3209 1352 3278 1407 At
3301 1353 3564 1411 Christus

285 1437 549 1492 omnibus
570 1439 638 1490 ad
665 1446 895 1492 mOrtem
925 1453 1035 1490 non
1071 1437 1522 1507 delinquentibus
1575 1435 1777 1490 delicta
1835 1452 1932 1489 sua
1981 1437 2232 1490 dimittit.
2289 1437 2616 1506 llujusmodi
2683 1439 2785 1492 fuit
2819 1439 2940 1509 ejus
2972 1442 3065 1510 qui
3108 1443 3243 1511 legis
3271 1445 3562 1514 praeceptis

287 1525 557 1596 neglectis
589 1525 733 1592 ligna
761 1525 985 1592 collegit
1008 1522 1272 1578 Sabbato.
1337 1522 1494 1589 Quod
1526 1523 1752 1591 quidem
1786 1537 1897 1576 non
1931 1525 2248 1593 arrogantia
2283 1525 2440 1593 fecit,
2475 1543 2666 1581 verum
2700 1528 2829 1596 quia
2862 1529 3061 1582 hormn
3113 1531 3559 1587 observationem

286 1623 554 1682 tanquam
581 1613 808 1668 minime
842 1614 1212 1668 necessariam
1255 1615 1406 1682 parvi
1435 1614 1642 1681 pcmlit,
1699 1628 1878 1681 neque
1914 1615 2152 1668 attendit
2190 1617 2546 1684 spiritualcm
2592 1633 2816 1672 sensum
2841 1619 2894 1672 in
2929 1620 3080 1675 hisce
3107 1620 3336 1676 subesse
3375 1623 3560 1677 rebus.

287 1701 748 1770 Acorporalibus
794 1701 942 1755 enim
1000 1700 1488 1754 observationibus
1515 1714 1585 1754 ex
1625 1699 1860 1754 rationis
1892 1700 2159 1757 instinctu
2213 1720 2440 1758 vacasse
2487 1719 2708 1774 semper
2756 1705 2934 1760 fraudi
2995 1707 3116 1772 fuit,
3172 1710 3565 1779 sapientiazque

287 1790 492 1847 obfuit.
523 1791 852 1847 Continebat
889 1806 1020 1847 vero
1047 1791 1318 1860 septimus
1348 1791 1436 1844 ille
1479 1789 1600 1846 dies
1651 1790 1950 1861 imaginem
1999 1792 2124 1845 vitre
2177 1791 2512 1862 tranquillae,
2566 1792 2766 1862 quzein
2807 1795 3176 1850 sanctimonia
3229 1797 3562 1852 consisteret

288 1898 529 1954 quaeque
568 1885 860 1939 verissime
892 1884 947 1936 in
975 1881 1164 1937 futuro
1215 1881 1322 1936 erit
1357 1895 1497 1936 arvo.
1555 1877 1784 1934 Sabbati
1817 1889 1999 1933 autem
2036 1879 2412 1950 transgressio
2441 1880 2606 1934 ﬁebat
2631 1891 2684 1935 et
2714 1896 2811 1950 per
2841 1882 3352 1947 circumcisionem,
3387 1893 3442 1938 et
3474 1901 3566 1940 sa-

285 1971 524 2028 criﬁcia.
551 1970 671 2036 Quo
705 1971 884 2041 majus
911 1971 1175 2042 quiddam
1207 1970 1566 2036 innuebatur,
1593 1968 1837 2024 cessatio
1865 1967 2121 2024 videlicet
2155 1969 2225 2024 ab
2255 1970 2516 2037 operibus
2555 1970 2898 2033 carnalibus,
2957 1971 3243 2041 studiique
3270 1980 3326 2028 et
3358 1973 3562 2030 laboris

286 2061 466 2117 divini
500 2070 718 2132 tempus
749 2077 876 2118 esse
902 2076 1070 2116 nunc.
1115 2060 1388 2115 Caeterum
1420 2059 1698 2130 lignorum
1746 2057 2030 2112 aridorum
2056 2058 2334 2118 collectio,
2371 2057 2648 2126 significat
2683 2057 2927 2112 studium
2954 2058 3100 2129 quod
3127 2076 3356 2127 operum
3395 2063 3562 2116 cadit-

287 2153 520 2209 veribus
563 2153 921 2224 impenditur.
971 2152 1129 2219 Quod
1184 2153 1406 2224 quidem
1441 2167 1584 2222 opus
1625 2152 1838 2206 exilius
1895 2159 1981 2205 est
2012 2163 2076 2202 eo
2103 2161 2214 2216 quo
2240 2145 2484 2199 Adamus
2525 2144 2657 2213 ligni
2689 2145 2815 2200 vita:
2859 2147 3201 2216 appetitione
3238 2148 3508 2203 laboravit
3544 2167 3559 2204 :

291 2241 446 2296 illum
473 2257 620 2296 enim
653 2242 962 2296 necessitas
995 2250 1049 2295 et
1077 2257 1215 2297 usus
1242 2241 1464 2294 futurus
1495 2238 1700 2308 adegit,
1753 2239 1900 2291 hunc
1935 2249 2148 2307 praecox
2181 2232 2457 2303 quoddam
2495 2233 2767 2296 studium,
2799 2243 2850 2286 et
2879 2235 2990 2288 otio
3031 2235 3259 2304 quidem
3285 2239 3562 2306 corporali

289 2330 543 2385 deterius
571 2347 587 2393 ;
619 2337 848 2399 praestat
871 2329 1016 2382 enim
1047 2330 1116 2384 ab
1142 2344 1312 2400 opere
1341 2343 1584 2393 cessare,
1609 2342 1772 2396 quam
1803 2337 2150 2380 mortuorum
2182 2339 2413 2394 operum
2443 2323 2632 2378 studio
2689 2323 3010 2378 exanimare
3057 2325 3326 2393 animum,
3361 2335 3414 2380 et
3438 2344 3564 2395 per-

291 2427 544 2471 catorum
577 2415 812 2470 ﬂainmaa
845 2416 1134 2470 materiam
1157 2429 1474 2486 suggerere.
1515 2413 1815 2468 Sabbatum
1844 2419 2027 2482 itaque
2057 2423 2141 2466 est
2170 2413 2343 2464 otium
2369 2410 2586 2475 mundi,
2615 2409 2981 2474 circumcisio
2999 2427 3131 2467 vero
3161 2423 3248 2468 est
3285 2415 3561 2469 involucri

293 2505 521 2568 ablatio,
554 2504 712 2573 juxta
745 2503 883 2558 illud
913 2518 928 2558 :
961 2523 980 2556 ι
1004 2503 1260 2558 Edocebo
1313 2519 1512 2574 pravos
1544 2504 1662 2557 vias
1711 2504 1918 2557 tuas".
1942 2520 1961 2553 ι
1996 2501 2073 2554 Ac
2109 2498 2426 2568 ltujusmodi
2467 2497 2534 2551 ad
2569 2497 2739 2552 Deum
2795 2511 3058 2569 tauquam
3103 2501 3250 2558 dona
3288 2503 3565 2557 adducere

293 2601 536 2664 oportet,
561 2593 664 2645 ista
696 2591 844 2645 enim
871 2603 954 2646 est
979 2593 1332 2644 vrctimarum
1363 2591 1598 2646 oblatio.
1631 2588 1907 2644 C;eterum
1965 2589 2182 2658 operari
2246 2587 2474 2650 mumlo,
2520 2601 2792 2656 sacraque
2851 2589 3039 2642 divina
3071 2605 3194 2660 qua:
3221 2590 3272 2644 in
3310 2592 3564 2646 homines

295 2679 561 2744 conferri,
593 2687 649 2734 et
679 2679 746 2733 ad
775 2679 1043 2733 honorem
1083 2679 1326 2734 nominis
1353 2679 1528 2734 divini
1557 2679 1754 2733 referri
1788 2679 2011 2741 debent,
2043 2677 2319 2738 omittere,
2375 2674 2494 2729 haze
2527 2685 2610 2729 est
2642 2674 2870 2729 viola'io
2920 2679 3260 2732 sacrosancti
3303 2677 3557 2742 Sabbati,

293 2766 461 2840 406
502 2775 557 2821 et
584 2765 1028 2821 circumcisionis
1049 2775 1100 2821 et
1138 2767 1424 2821 sacrilicii.
1484 2764 1758 2832 Quocirca
1785 2779 2005 2834 pwnam
2058 2762 2240 2818 reddit
2285 2763 2558 2832 exemplo.
2595 2763 2662 2816 iis
2695 2764 2786 2833 qui
2826 2766 2879 2818 in
2920 2766 3030 2816 vita
3058 2781 3159 2819 sua
3191 2767 3382 2822 carnis
3413 2769 3555 2821 ritus

296 2865 352 2911 et
395 2855 696 2926 perniciem
749 2842 1042 2925 peragunt.
1100 2852 1322 2908 Nullum
1360 2869 1491 2908 vero
1531 2855 1712 2908 adhuc
1762 2860 1978 2906 certum
2031 2851 2363 2922 supplicium
2415 2849 2955 2905 Sabbativiolationi
2998 2862 3118 2905 erat
3170 2855 3563 2918 constitutum,

295 2944 764 3014 quemadmodum
812 2943 864 2997 in
911 2942 1230 2998 actionibus
1281 2944 1349 2998 iis
1399 2958 1524 2996 cum
1557 2942 1764 3012 quibus
1811 2949 2007 2994 natura
2063 2947 2292 3009 pugnat,
2345 2938 2614 2996 eaad-ibus.
2674 2939 2958 2993 vcneticiis
3009 2940 3294 2996 videlicet.
3353 2942 3567 3008 Quibus

289 3033 500 3098 justam
533 3041 585 3086 et
613 3029 868 3086 idoneam
897 3045 1116 3100 poenam
1143 3039 1342 3084 natura
1372 3030 1640 3085 decrevit.
1680 3030 1878 3082 Verum
1936 3028 2218 3082 enimvero
2245 3025 2472 3080 Sabbati
2503 3027 2765 3080 delictum
2801 3026 3148 3082 manifestam
3184 3043 3291 3081 non
3331 3032 3566 3084 habebat

295 3121 544 3189 culpam,
576 3128 766 3188 utpote
793 3135 916 3189 qme
941 3134 1000 3174 se
1027 3127 1250 3173 tandem
1277 3119 1331 3172 in
1354 3131 1586 3172 auctore
1617 3117 1910 3187 prodebat,
1937 3130 2067 3168 eum
2102 3130 2246 3168 unus
2279 3131 2346 3169 ex
2371 3115 2497 3169 aliis
2525 3115 2787 3169 omnibus
2816 3114 2868 3168 in
2899 3115 3071 3185 legem
3095 3105 3420 3186 delinquere
3456 3135 3565 3172 non

295 3206 581 3264 extimuit.
604 3205 838 3277 Insuper
863 3221 996 3260 vero
1047 3215 1248 3260 cuncta
1299 3221 1392 3261 ars
1427 3207 1780 3265 mechanica.
1811 3213 2058 3273 qumstus
2091 3206 2218 3258 item
2239 3207 2334 3274 qui
2371 3207 2518 3258 circa
2541 3217 2915 3259 commeatum
2949 3217 3002 3260 et
3028 3207 3204 3264 victus
3239 3191 3582 3277 acquisitio-I

297 3311 426 3350 nem
452 3302 766 3358 versantur,
801 3293 921 3348 sive
952 3292 1097 3362 ignis
1132 3308 1300 3362 opera
1333 3293 1452 3348 sive
1483 3293 1625 3346 citra
1652 3307 1772 3346 eam
1803 3293 1956 3358 fiant,
1981 3295 2240 3362 quocirca
2273 3295 2438 3347 etiam
2471 3301 2620 3346 vetat
2647 3293 2899 3362 septimis
2923 3293 3118 3349 diebus
3144 3296 3324 3365 ignem
3361 3299 3553 3350 incen-

295 3384 748 3451 derc,tanquam
799 3395 1030 3452 cperum
1089 3395 1317 3435 causam
1369 3381 1732 3448 ipsissimam.
1802 3380 1975 3434 Porro
2031 3382 2176 3450 ignis
2233 3382 2465 3435 materia
2521 3382 2668 3452 ligna
2719 3389 2874 3448 sunt,
2917 3383 3152 3450 proinde
3189 3385 3235 3438 is
3267 3386 3361 3454 qui
3414 3387 3566 3453 ligna

297 3481 605 3540 congregat
638 3485 744 3524 non
780 3469 980 3523 minori
1013 3469 1175 3539 culpa
1210 3483 1270 3524 se
1298 3468 1624 3536 obstringit,
1650 3482 1814 3537 quam
1843 3468 1935 3537 qui
1974 3469 2152 3539 ignem
2180 3467 2232 3521 in
2256 3467 2510 3522 ﬂainmas
2533 3467 2811 3522 concitat.

381 3558 444 3612 Et
485 3557 688 3627 facian!
715 3556 817 3610 sibi
839 3556 969 3624 ipsis
991 3556 1260 3626 ﬁmbrias,
1287 3563 1392 3610 etc.
1425 3553 1569 3626 μιν,
1594 3552 1712 3626 58.]
1751 3554 2036 3625 Supplicio
2067 3555 2190 3623 ejus
2218 3556 2310 3623 qui
2347 3555 2650 3608 Sabbatum
2684 3571 2794 3609 non
2828 3557 3146 3611 observavit
3175 3558 3564 3614 mandatorum

303 3647 401 3701 Dei
433 3645 916 3708 commentarium,
953 3659 1021 3698 ne
1055 3658 1154 3714 par
1188 3643 1395 3698 oblivio
1427 3657 1621 3696 eorum
1671 3643 1832 3697 nobis
1865 3659 2086 3712 quoque
2117 3643 2368 3711 obrepat,
2407 3642 2718 3713 subjungit.
2761 3641 2970 3697 Natura
3037 3645 3184 3698 enim
3244 3661 3340 3714 per
3378 3661 3439 3701 se
3473 3647 3559 3699 in-

300 3732 580 3790 serviendi
641 3732 896 3788 humana:
925 3732 1291 3786 imbecillitati
1331 3739 1416 3786 est
1476 3746 1771 3801 propensa,
1804 3733 1938 3799 quin
1967 3741 2023 3784 et
2058 3731 2398 3785 monimento
2434 3730 2580 3799 quod
2615 3747 2644 3784 a
2674 3738 2822 3785 terra
2879 3746 3102 3786 sursum
3133 3732 3188 3786 in
3225 3733 3430 3787 cmlum
3464 3752 3567 3790 nus

299 3823 473 3876 ducat
504 3820 770 3874 habemus
797 3835 958 3888 opus.
989 3818 1159 3888 Cujus
1195 3819 1273 3874 rei
1301 3818 1588 3888 figuratam
1617 3819 1952 3873 mentionem
1991 3817 2118 3872 facit
2164 3817 2525 3888 hyacinthina
2567 3819 2726 3885 vitta,
2768 3834 2890 3888 qua:
2920 3819 3233 3874 claritatem
3267 3825 3564 3890 quamdam

300 3909 804 3970 cumobseuritate
832 3907 1186 3977 conjunctam
1219 3921 1332 3977 prae
1365 3922 1425 3962 se
1458 3905 1690 3967 ferebat.
1726 3907 1782 3960 in
1816 3905 2188 3975 profunditate
2219 3922 2315 3962 seu
2347 3905 2583 3962 inferius
2621 3908 2926 3978 aquileium
2981 3909 3244 3980 quiddam
3287 3910 3566 3966 referebat

305 3998 716 4066 tremulumque
743 4004 798 4050 et
829 3997 1038 4065 largum
1072 3995 1421 4064 splendorem
1451 3995 1763 4049 emittebat.
1795 3995 1962 4064 Atqui
1993 4010 2024 4050 e
2059 3997 2250 4050 dextra
2297 4009 2418 4049 eam
2456 4010 2785 4064 suspensam
2824 4011 2952 4052 esse
3006 3997 3279 4066 oportuit,
3322 4010 3381 4052 ut
3411 4000 3565 4054 iudi-

302 4083 811 4141 careturuimirum
852 4095 1077 4138 sensum
1116 4081 1286 4136 animi
1345 4083 1672 4137 rationalem
1737 4096 1862 4153 esse
1915 4080 2137 4145 debere,
2187 4081 2474 4152 legemque
2528 4084 2850 4137 detur-orum
2908 4098 3140 4153 operum
3205 4085 3562 4141 dictatrieem

302 4173 600 4228 exsistere.
633 4170 1061 4240 Ampliticarunt
1089 4168 1357 4225 Pharisaei
1392 4169 1638 4226 ﬁmbrias
1670 4185 1800 4225 suas
1825 4177 1881 4224 et
1918 4169 2257 4239 phylacteria
2295 4169 2626 4236 dilatarunt,
2661 4169 2766 4224 hoc
2821 4181 2926 4234 est,
2979 4171 3278 4240 pugillares
3307 4187 3337 4225 e
3371 4171 3565 4226 dextra

305 4271 632 4330 suspensos,
662 4256 950 4328 legemque
974 4267 1168 4328 argute
1195 4259 1566 4313 continentes.
1611 4255 1813 4312 Verum
1874 4257 2056 4312 inanis
2092 4257 2280 4325 gloria:
2306 4273 2498 4323 causa,
2537 4259 3006 4328 quemadmodum
3059 4258 3238 4328 inquit
3281 4257 3561 4316 Christus.

304 4350 450 4406 Fieri
481 4349 630 4404 enim
660 4355 842 4418 potest
867 4355 925 4402 ut
956 4350 1083 4418 quis
1111 4364 1206 4418 per
1232 4350 1404 4420 legem
1433 4350 1649 4419 culpant
1685 4349 1987 4408 subintret,
2024 4346 2068 4400 si
2103 4345 2358 4399 videlicet
2390 4361 2511 4398 eam
2565 4361 2674 4399 non
2721 4347 2824 4398 rite
2855 4346 3371 4416 convenienterque
3403 4365 3566 4401 IlSllt‘~

303 4447 416 4509 pet.
448 4436 569 4502 Qua
624 4436 885 4490 nimirum
926 4435 1204 4489 sententia
1234 4433 1493 4489 Solombn
1523 4435 1655 4488 illud
1690 4435 1888 4490 extulit
1925 4455 1937 4490 :
1971 4454 1990 4487 ι
2017 4434 2210 4490 Justus
2251 4437 2390 4504 perit
2425 4434 2479 4488 in
2507 4435 2725 4504 justitia
2752 4451 2849 4489 sua
2877 4434 2942 4488 “.
2984 4453 3002 4485 ι
3044 4433 3315 4490 Caeterum
3377 4437 3564 4504 justus

306 4543 418 4580 non
451 4524 661 4594 indiget
693 4533 841 4586 nota,
880 4537 1034 4585 nam,
1067 4515 1125 4575 ut
1155 4538 1282 4576 cum
1317 4521 1520 4578 Davide
1575 4523 1892 4589 l0quatnur,
1933 4542 1951 4576 ι
1974 4524 2083 4579 Lex
2119 4524 2212 4578 Dei
2255 4525 2430 4594 ipsius
2461 4525 2518 4578 in
2549 4525 2718 4578 corde
2747 4523 2926 4593 ipsius
2952 4529 3060 4585 est,
3096 4523 3330 4593 proinde
3359 4541 3563 4594 passus

305 4615 426 4683 ejus
449 4628 558 4667 non
593 4611 1171 4667 labefactabuntur“.
1211 4629 1230 4662 ι
3311 4624 3316 4628 ν

377 4700 512 4754 Ecce
544 4709 721 4752 autem
742 4697 875 4754 Core
912 4697 1059 4766 ﬁlius
1091 4695 1277 4763 Isaar,
1302 4698 1405 4766 filii
1435 4697 1632 4764 Caath,
1669 4691 1773 4753 etc.
1805 4695 1972 4768 μανι,
2005 4695 2082 4768 1.]
2116 4695 2418 4766 lnsnrgunt
2443 4703 2637 4750 contra
2664 4695 2856 4750 Mosen
2891 4696 3102 4766 posteri
3131 4696 3306 4765 ipsius
3342 4695 3560 4763 Ruben,

303 4804 370 4844 eo
395 4787 543 4858 quod
575 4801 642 4841 ex
667 4786 1036 4858 primogenita
1061 4785 1301 4839 ﬁliorum
1341 4787 1508 4840 Israel
1571 4795 1761 4841 essent
1818 4777 2066 4848 oriundi,
2125 4785 2586 4852 arbitranturque
2639 4799 2868 4853 regnum
2901 4785 2965 4836 ad
2997 4800 3078 4850 se,
3114 4795 3305 4853 utpote
3347 4786 3556 4840 tribum

305 4891 334 4929 a
375 4873 742 4944 primogenita
796 4873 1178 4936 constitutam,
1213 4871 1508 4942 pertinere.
1543 4873 1852 4943 Insurgunt
1876 4874 2002 4927 item
2039 4873 2296 4926 Aaroniei
2334 4889 2398 4926 ex
2426 4870 2598 4926 Caath
2658 4870 2899 4926 ﬁliorum
2932 4870 3060 4926 Levi
3097 4873 3562 4942 praestantissimo

303 4961 422 5016 uati
455 4959 728 5024 videlicet,
764 4973 796 5013 a
827 4973 938 5028 quo
966 4957 1108 5012 ordo
1143 4959 1503 5014 sacerdotalis
1536 4962 1808 5030 originem
1865 4976 2017 5016 suam
2052 4961 2236 5030 cepit;
2272 4975 2510 5029 persona
2556 4959 2704 5013 enim
2739 4974 2867 5013 vasa
2902 4975 3059 5016 sacra
3099 4959 3358 5027 portandi
3392 4977 3561 5031 super

306 5047 578 5110 humeris,
601 5045 886 5115 sacrisque
912 5046 1180 5116 operandi
1217 5046 1580 5116 eisimposita
1615 5047 1735 5100 fuit.
1777 5047 2008 5116 Insuper
2043 5049 2144 5103 viri
2176 5047 2408 5112 nobiles,
2447 5047 2542 5117 qui
2575 5047 2737 5102 statis
2771 5047 3118 5118 temporibus
3149 5047 3202 5100 in
3235 5048 3558 5102 concionem

305 5135 667 5190 vocabantur.
699 5131 968 5190 Proeeres
1001 5133 1204 5189 etenim
1238 5149 1457 5203 semper
1505 5143 1864 5191 consectatur
1919 5135 2140 5204 vulgus.
2212 5134 2625 5204 Couspirarunt
2697 5145 2878 5188 autem
2947 5135 3306 5202 quantumvis
3357 5150 3558 5188 recens

307 5222 556 5278 infelicis
585 5222 1039 5292 conspirationis,
1061 5237 1229 5292 quam
1266 5222 1439 5277 Maria
1467 5230 1521 5278 et
1553 5224 1734 5278 Aaron
1770 5231 1960 5277 contra
1992 5221 2200 5276 Mosem
2244 5222 2513 5285 fecerant,
2548 5223 2814 5277 haberent
2852 5223 3188 5291 exetnplmu.
3223 5221 3328 5276 Sed
3363 5221 3563 5292 hujus-

308 5309 456 5366 modi
477 5309 731 5365 turbines
752 5319 806 5365 et
828 5307 1031 5365 ﬂuetus
1056 5310 1113 5364 in
1136 5311 1306 5366 rebus
1332 5311 1962 5366 humanisimmoderata
1986 5310 2249 5380 regnandi
2277 5311 2468 5373 libido,
2488 5311 2810 5380 invidiaque
2833 5320 3168 5374 commovet,
3188 5311 3412 5382 aliaque
3440 5330 3564 5383 qua:

313 5401 871 5470 his'consequuntur,
905 5400 1134 5456 excitat.
1165 5401 1353 5471 Itaque
1389 5417 1498 5456 non
1525 5403 1624 5457 abs
1655 5416 1713 5456 re
1739 5414 1930 5456 vocem
1955 5397 2397 5478 illam/Senator
2428 5397 2723 5468 protulitzt
2749 5396 2796 5452 0
2817 5401 3230 5470 generationem
3258 5413 3480 5469 pravam
3506 5410 3563 5454 et

309 5489 622 5546 adulteram
643 5487 714 5544 “l
741 5505 760 5540 ι
805 5488 940 5544 Item
973 5505 988 5543 :
1024 5507 1042 5541 ι
1071 5486 1128 5542 Si
1161 5487 1332 5559 igitur
1359 5504 1484 5553 vos,
1513 5491 1606 5558 qui
1635 5489 1763 5543 mali
1795 5489 1954 5554 estis,
1988 5503 2216 5544 munera
2243 5488 2385 5542 bona
2419 5487 2618 5542 liberis
2646 5489 2846 5542 vestris
2880 5487 3014 5542 dare
3049 5489 3509 5546 consuevistis“.
3537 5507 3558 5538 ι

309 5580 450 5636 Hinc
480 5581 702 5637 beatum
737 5579 892 5634 illum
926 5593 1054 5635 esse
1075 5578 1366 5650 praedicat,
1393 5579 1488 5650 qui
1518 5577 1841 5634 affectiones
1893 5575 2211 5647 hujusmodi
2241 5591 2272 5630 a
2303 5578 2414 5630 vita
2447 5591 2546 5631 sua
2573 5575 2812 5641 abdicat,
2846 5573 3246 5648 Christumque
3273 5578 3468 5632 ducent
3503 5577 3562 5628 in

312 5800 358 5832 u
395 5746 846 5874 again}?
923 5750 970 5782 "
1005 5748 1149 5804 Psal.
1178 5765 1229 5816 L,
1274 5749 1362 5803 I5.
1439 5748 1485 5781 "
1519 5747 1814 5813 Eccle.vtt,
1861 5749 1947 5806 I6.
2026 5750 2067 5781 ⁶¹
2109 5749 2252 5805 Psal.
2283 5763 2476 5812 xxxvi,
2507 5745 2596 5802 5|.
2699 5746 2744 5778 η
2771 5744 2962 5799 Matth.
2999 5760 3097 5811 xu,
3169 5747 3236 5802 59
3299 5757 3351 5802 ct
3403 5745 3557 5799 a'ibi.
