3950 6434
593 367 701 431 S39
1893 359 2254 420 PROCOPII
2295 360 2542 420 GAZ/EI
2875 396 2881 401 -
3694 363 3766 429 ut)

595 477 828 531 alteram
866 473 1036 526 vitam
1066 476 1398 525 assectatur.
1433 467 1608 521 Porro
1643 481 1769 520 cum
1805 463 2063 521 Christus
2099 465 2424 523 ambitionis
2463 467 2659 521 vitium
2689 481 2854 537 quam
2889 465 3216 538 longissime
3245 481 3507 525 removere
3537 473 3698 538 vellet,
3729 495 3772 533 ne

594 563 907 618 daemonum
935 558 1161 628 quidem
1191 563 1520 626 potestatem
1584 561 1850 624 exoptare
1883 553 2165 622 permisit,
2221 555 2318 610 sed
2353 555 2409 609 in
2434 553 2542 610 hoc
2597 555 2758 610 nobis
2808 555 3081 625 gratulari
3115 555 3300 625 jussit,
3327 557 3448 612 siin
3477 560 3604 614 cutio
3628 577 3772 618 nomen

598 659 850 705 nostrum
907 645 1183 716 scriptum
1248 645 1504 699 exsistat.
1543 645 1613 696 At
1661 657 1792 700 ecce
1861 655 2060 710 quaeso
2104 641 2440 696 dementiam
2506 643 2834 707 lmmauam,
2895 658 3017 714 qua:
3048 643 3100 698 id
3129 645 3469 699 committere
3519 646 3774 706 hortaturin

596 736 937 806 Mosent,qui
971 735 1136 790 etiam
1171 748 1270 802 pro
1304 733 1508 802 populo
1541 732 1711 784 vitam
1737 745 1893 784 suam
1924 737 2175 798 prompte
2206 731 2580 800 exposuisset.
2606 731 2755 786 Idem
2812 745 2948 787 sane
3005 731 3238 786 Christo
3288 733 3488 796 evenit,
3537 733 3660 791 unde
3704 753 3775 793 nm

597 827 872 880 immerito
905 823 973 878 ab
1003 821 1166 894 407
1199 837 1264 876 eo
1301 807 1506 894 dictum
1581 826 1664 874 est
1703 837 1716 872 :
1759 837 1776 868 ‹
1807 815 1913 870 Pro
1955 817 2118 871 bonis
2147 832 2183 870 η’

2322 819 2690 873 reddiderunt
2721 819 2854 872 mihi
2891 819 2960 872 “.
2998 838 3017 871 ι
3046 818 3316 874 Οιυῑοτιιιιι
3373 818 3543 876 Moses
3579 836 3776 879 summam

595 890 1215 970 man\uetudinemlioc
1244 890 1366 982 ipso
1397 909 1547 980 quod
1576 911 1630 962 iu
1665 919 1868 964 terram
1903 906 2142 978 procidit
2176 916 2437 968 testatur,
2484 908 2760 962 sermonis
2787 909 2918 963 item
2955 907 3416 978 aequabilitatem,
3444 909 3576 979 quod
3619 913 3776 967 veritati

593 1001 844 1058 conlisus
881 999 1154 1070 judicium
1189 1000 1254 1053 ad
1298 997 1468 1052 Deum
1531 996 1726 1062 refert,
1792 995 2400 1065 reprehensionemque
2453 993 2678 1050 demum
2711 995 2937 1066 quando
2961 997 3144 1052 locum
3181 995 3414 1051 habebat
3467 997 3668 1067 profert.
3703 1017 3775 1072 qua

595 1090 779 1145 innuit
811 1104 908 1145 eos
941 1087 1293 1156 reprobatum
1333 1087 1399 1139 iri
1446 1092 1740 1154 propterea
1775 1087 1920 1152 quod
1956 1099 2048 1138 res
2079 1095 2380 1152 praesentes
2413 1094 2807 1154 aspernentur,
2834 1085 3082 1155 bonique
3115 1099 3224 1138 non
3259 1087 3544 1138 consulant
3583 1092 3762 1156 quemad

593 1181 818 1234 modum
879 1177 1086 1232 Paulus
1151 1175 1341 1232 facere
1373 1175 1595 1240 suadet,
1659 1188 1784 1228 cum
1839 1173 2023 1242 inquit
2059 1189 2074 1224 :
2106 1191 2122 1220 ι
2151 1172 2254 1238 Qui
2309 1173 2569 1228 minister
2619 1182 2729 1238 est,
2765 1175 2820 1228 in
2849 1173 3165 1228 ministerio
3189 1174 3260 1225 “.
3289 1193 3310 1226 ι
3337 1173 3468 1228 Item
3497 1191 3511 1228 :
3545 1173 3781 1231 «Habentes

593 1269 737 1323 dona
767 1265 1077 1322 secundum
1113 1265 1352 1335 gratiam
1388 1264 1551 1317 nobis
1613 1259 1824 1320 datam.
1874 1261 2095 1314 diversa
2113 1260 2178 1312 “.
2213 1281 2232 1312 ι
2265 1260 2433 1329 Atqui
2467 1261 2680 1330 majora
2705 1262 2848 1316 citra
2885 1263 2976 1317 Dei
3022 1262 3322 1317 consilium
3359 1261 3620 1325 all'ectare,
3650 1279 3778 1318 rerum

593 1356 944 1428 praesentium
978 1353 1293 1408 exinanitio
1323 1362 1428 1414 est,
1461 1347 1932 1420 quemadmodum
1967 1349 2122 1402 locus
2153 1347 2298 1417 apud
2332 1348 2596 1404 llavidem
2639 1349 2876 1414 indicat,
2907 1349 3003 1404 ubi
3037 1349 3222 1418 inquit
3267 1367 3281 1402 :
3343 1347 3456 1402 Etsi
3517 1365 3660 1418 parva
3701 1367 3782 1405 sum

592 1461 714 1514 quae
749 1444 904 1498 dedit
939 1441 1102 1496 Deus.
1136 1440 1206 1494 Et
1238 1457 1251 1492 :
1291 1439 1496 1493 Addam
1533 1437 1649 1500 tibi,
1685 1444 1902 1488 tantum
1929 1435 2034 1498 ltqc
2071 1435 2216 1489 ntab
2241 1437 2425 1492 aliena
2473 1439 2705 1494 muliere
2729 1440 3036 1504 abstineat,
3074 1448 3294 1494 vetans.
3360 1439 3536 1505 Quare
3565 1439 3664 1495 sive
3689 1444 3782 1496 auris

593 1535 696 1596 sis,
730 1535 850 1586 sive
889 1545 1110 1592 manus,
1144 1529 1264 1584 sive
1295 1543 1416 1596 pes,
1447 1535 1539 1580 tua
1579 1533 1731 1580 sorte
1765 1535 2068 1580 contentus
2107 1526 2280 1579 vivas.
3412 1527 3422 1536 '

665 1629 747 1682 An
783 1643 971 1698 parum
1003 1625 1097 1678 tibi
1122 1625 1329 1678 videtur
1361 1622 1498 1692 quod
1524 1621 1748 1690 e/i'rcisti
1789 1629 1845 1672 ut
1883 1619 2290 1674 ascenderemus
2329 1638 2425 1676 nos
2454 1639 2482 1676 e
2527 1632 2671 1678 terra
2702 1623 2902 1694 ﬂuente
2937 1623 3076 1677 lacte
3101 1632 3151 1677 et
3181 1623 3360 1686 melle,
3399 1632 3448 1677 et
3488 1623 3694 1678 occidisti
3730 1644 3782 1678 ius

593 1715 649 1770 in
675 1716 924 1770 deserto?
955 1711 1118 1785 ['XVI,
1146 1710 1255 1784 l5.]
1295 1711 1462 1765 Deum
1491 1712 1544 1762 in
1580 1723 1813 1778 persona
1843 1708 2006 1762 Mosis
2034 1709 2463 1772 calumniantur,
2499 1709 2959 1782 deceptionisque
2992 1726 3145 1766 reum
3167 1711 3348 1780 ipsum
3377 1719 3642 1782 peragunt,
3661 1712 3783 1766 dicunt

596 1807 745 1858 extim
787 1821 800 1857 :
843 1801 1066 1856 Diversa
1100 1799 1182 1860 eis
1216 1814 1336 1868 qum
1385 1797 1547 1852 nobis
1581 1796 1886 1866 promisisti
1921 1795 2079 1850 nobis
2129 1797 2409 1850 evadunt.
2475 1795 2633 1854 Unde
2681 1814 2814 1853 vero
2857 1799 3002 1854 hoc?
3035 1797 3112 1854 Eo
3165 1798 3316 1870 quod
3349 1797 3622 1854 Dominum
3656 1800 3785 1851 animis

597 1891 930 1964 patientibus
962 1904 1074 1967 non
1113 1893 1508 1956 exspectarunt
1539 1881 2008 1954 quemadmodum
2041 1883 2314 1952 scriptum
2343 1892 2428 1937 est
2459 1885 2537 1951 ‘7;
2572 1887 2666 1940 sed
2725 1888 2792 1942 de
2843 1887 3216 1957 promissione
3251 1886 3618 1956 desperarunt.
3664 1886 3784 1941 Merito

596 1963 727 2035 vero
755 1977 936 2032 Moses
968 1963 1160 2046 posset
1199 1975 1387 2028 dicere
1415 1989 1430 2026 :
1465 1991 1484 2023 ι
1530 1971 1790 2026 Convicia
1838 1971 2270 2026 conviciantinm
2303 1978 2355 2024 te
2386 1972 2702 2028 inciderunt
2732 1973 2785 2028 in
2815 1990 2903 2029 me
2953 1974 3020 2029 ⁸⁸.
3065 1993 3083 2026 ι
3107 1963 3273 2030 Tales
3310 1989 3446 2029 sane
3473 1976 3688 2044 suntqui
3719 1990 3785 2034 am»

595 2069 912 2138 plectuntur
949 2065 1112 2117 vitam
1145 2069 1472 2133 praesentem
1505 2061 1614 2115 sub
1646 2075 1744 2130 spe
1775 2058 2001 2123 futurae,
2035 2059 2215 2134 qualis
2256 2068 2378 2114 erat
2415 2059 2634 2116 Demas.

665 2177 894 2248 Propter
924 2175 1038 2230 hate
1068 2173 1254 2244 furore
1285 2175 1526 2257 percitus
1567 2170 1747 2228 Moses
1781 2189 1793 2226 :
1835 2191 1852 2224 ι
1892 2169 1970 2226 Ne
2007 2172 2183 2242 respi-

2365 2173 2781 2251 Βαρυθυμήσας
2825 2178 2856 2230 6
2881 2178 3146 2249 Μωῦσῆς,
3197 2197 3216 2231 ι
3252 2177 3347 2248 Μὴ
3381 2179 3629 2250 πρόσχῃς,
3667 2177 3786 2245 φησὶν,

591 2273 711 2327 cias
760 2270 824 2324 ad
872 2283 1065 2326 eorum
1115 2266 1454 2322 sacriﬁcium
1509 2265 1802 2330 cibarium,
1851 2265 2062 2335 inquit,
2120 2279 2189 2319 ne

591 2363 812 2418 asinum
843 2361 1062 2431 quidem
1099 2360 1167 2414 ab
1195 2359 1280 2415 eis
1311 2358 1519 2428 accepi,
1561 2373 1750 2428 neque
1789 2357 1994 2427 injuria
2030 2357 2186 2414 all‘eci

591 2467 924 2525 quemquam
969 2465 1186 2506 eorum.
1243 2467 1263 2501 ι
1313 2447 1578 2518 Quisquis
1620 2449 1790 2518 igitur
1835 2447 2026 2518 inique
2077 2462 2188 2502 non

591 2545 750 2618 egisti
798 2551 979 2598 macte
1032 2543 1112 2599 sis
1165 2541 1376 2604 animo,
1423 2539 1565 2594 sicut
1602 2538 1772 2593 David
1809 2537 1935 2602 fuit,
1970 2538 2066 2609 qui
2101 2538 2189 2592 in-

525 2628 532 2634 ’
592 2639 746 2710 quit:
773 2655 792 2689 ι
831 2636 984 2692 Citra
1019 2634 1373 2704 iniquitatem
1412 2631 1660 2696 cucurri,
1692 2639 1746 2686 et
1776 2645 2000 2701 gressus
2034 2644 2188 2685 meos

589 2728 875 2800 οοξιιροειιί
909 2729 975 2781 ⁸³.
1014 2745 1032 2778 ι
1066 2726 1196 2781 Item
1228 2743 1242 2780 :
1279 2743 1296 2775 ι
1325 2723 1382 2778 Si
1421 2733 1508 2780 est
1545 2723 1808 2794 iniquitas
1843 2722 1896 2776 in
1929 2721 2188 2812 manibus

595 2824 733 2879 meis
773 2821 843 2874 '°.
893 2839 912 2872 ι

667 2914 781 2968 lloc
841 2921 1018 2967 autem
1060 2911 1180 2980 ipso
1216 2909 1364 2981 quod
1406 2909 1740 2981 sacriﬁcium
1783 2911 2029 2980 ipsorum
2076 2925 2185 2962 non

592 3007 802 3078 suscipi
838 3006 1068 3077 ﬂagitat,
1100 3004 1370 3073 judiciu-n
1404 3003 1652 3058 divinum
1690 3003 2029 3070 imprecatur
2053 3003 2184 3068 illis,

592 3109 857 3168 tanquam
916 3102 1015 3168 pro
1076 3096 1237 3154 unica
1300 3095 1574 3150 seditione
1625 3095 1886 3150 factionis
1939 3093 2082 3148 Core
2131 3103 2188 3150 et

593 3192 807 3246 Dathau
852 3189 1188 3246 sacriﬁcium
1237 3186 1412 3242 fieret.
1471 3187 1774 3260 Snbjungit
1815 3187 1985 3258 igitur
2019 3205 2031 3242 :
2066 3207 2086 3240 ς
2121 3187 2188 3242 Et

593 3292 719 3356 post
760 3283 877 3338 luce
915 3291 1061 3336 terra
1109 3279 1326 3334 divulsa
1371 3280 1650 3350 absorpsit
1689 3294 1882 3336 omnes
1917 3287 2189 3350 quotquot

589 3393 621 3432 a
649 3375 989 3448 parteCorc,
1024 3383 1078 3428 et
1105 3387 1139 3426 a
1170 3379 1324 3442 parte
1362 3371 1598 3437 Dathau,
1620 3383 1673 3427 et
1703 3389 1732 3428 a
1763 3379 1922 3443 parte
1955 3373 2186 3436 Abiron,

587 3469 832 3524 Stabant.
867 3485 885 3516 ι
922 3464 1074 3519 Adeo
1099 3479 1228 3518 vero
1261 3463 1503 3518 faustum
1541 3477 1604 3518 ac
1636 3461 1764 3517 felix
1809 3470 1895 3520 est
1927 3461 2036 3519 Deo
2066 3479 2188 3519 sese

588 3555 994 3614 committendo
1034 3557 1210 3610 civem
1255 3554 1377 3624 ejus
1411 3570 1555 3611 esse.

667 3671 684 3703 ι
720 3649 1032 3706 (ἰοηοίῑιιτίι
1068 3663 1219 3708 vero,
1257 3647 1457 3717 inquit,
1485 3646 1624 3702 Core
1649 3655 1845 3702 contra
1880 3663 1976 3704 eos
2009 3656 2184 3704 totum

589 3746 750 3801 suum
791 3730 1015 3798 emtum.
1065 3761 1082 3794 ι
1119 3740 1298 3810 Super
1335 3739 1652 3794 hominibus
1689 3753 1838 3810 spem
1873 3757 2030 3796 suam
2067 3743 2186 3795 col-

589 3839 930 3894 locaverunt.
964 3833 1104 3904 Quid
1140 3836 1287 3890 enim
1344 3833 1701 3887 multitudine
1733 3846 1876 3902 opus
1911 3842 2050 3896 erat,
2094 3835 2184 3889 ubi

591 3929 736 3984 Deus
767 3927 1118 3984 discernebat
1150 3940 1291 3996 quos
1323 3924 1592 3995 probabat
1621 3923 1646 3977 ?

661 4023 999 4092 Separamini
1031 4037 1057 4076 e
1092 4021 1264 4074 medio
1308 4020 1738 4090 ccngregationis
1781 4020 1942 4088 hujus
1970 4029 2028 4074 ut
2059 4035 2184 4074 con-

587 4133 798 4172 sumam
829 4132 918 4170 eos
950 4115 1118 4177 illico,
1149 4124 1256 4170 etc.
1280 4111 1425 4184 [ιε]
1451 4111 1612 4167 Μοτιί
1641 4127 1738 4168 eos
1769 4113 2060 4183 subjacere
2093 4114 2181 4168 in-

587 4206 756 4261 dicat.
794 4205 1016 4262 Difﬁcile
1048 4205 1192 4260 enim
1237 4205 1320 4260 eis
1363 4212 1568 4260 eratet
1617 4206 1846 4262 interire
1881 4206 2078 4266 simul.
2130 4214 2186 4262 et

589 4301 892 4370 tranquillo
947 4299 1135 4354 animo
1193 4313 1321 4370 erga
1380 4298 1572 4364 duces,
1630 4307 1826 4354 contra
1889 4299 2184 4356 seditiosos

587 4394 801 4450 excitos
842 4407 986 4449 esse.
1022 4388 1158 4444 Nam
1205 4391 1372 4446 etiam
1411 4399 1534 4461 post
1585 4391 1919 4462 supplicium
1963 4391 2032 4448 de
2075 4393 2184 4447 illis

587 4495 867 4554 sumptum
911 4482 1306 4552 indignantur,
1344 4496 1409 4537 ac
1443 4481 1696 4536 freudent
1724 4492 1918 4538 contra
1965 4483 2181 4550 Mosen,

583 4577 740 4648 quasi
779 4577 898 4646 ipse
943 4581 1110 4630 tanta!
1143 4573 1320 4628 cladis
1353 4582 1408 4628 et
1460 4573 1724 4629 interitus
1774 4582 1973 4629 auctor
2017 4575 2186 4630 exsti-

583 4669 762 4724 'isset.
803 4665 1074 4734 Quocirca
1125 4665 1385 4721 omnibus
1441 4665 1554 4720 illis
1602 4666 1782 4720 minas
1821 4667 1921 4721 has
1965 4666 2180 4734 objicit,

581 4770 638 4812 et
673 4758 1058 4812 sacerdotibus
1096 4773 1218 4812 sese
1247 4756 1400 4811 omni
1439 4757 1599 4827 culpa
1635 4757 1878 4812 eximere
1913 4757 2183 4826 permittit

2296 2266 2376 2330 είς
2418 2267 2519 2333 τὴν
2566 2267 2762 2322 θυσίαν
2809 2269 3014 2324 αὐτῶν.
3054 2271 3170 2324 οὐκ
3223 2269 3348 2324 δνον
3403 2269 3513 2340 (61)
3541 2268 3642 2332 ἐνὸς
3673 2269 3789 2322 αὐτῶν

2296 2357 2514 2425 ἔλαϐον,
2563 2361 2686 2414 οὐδὲ
2719 2361 2982 2416 ὲκάκωσα
3025 2362 3218 2417 οὐδένα
3236 2361 3441 2418 αὐτῶν.
3460 2381 3478 2413 ι
3502 2361 3680 2433 Θαρρεί
3697 2357 3790 2413 οὗ·ίὸ

2299 2451 2376 2522 μὴ
2406 2452 2696 2526 ἀδικήσας.
2725 2455 2800 2519 ὡς
2818 2455 2984 2510 Δαδίδ
3001 2472 3016 2488 '
3054 2457 3257 2510 «Ἀνευ
3283 2456 3512 2528 ἀνομίας
3529 2455 3720 2528 ἔδραμον
3737 2454 3786 2506 καὶ

2296 2542 2626 2600 κατεύθυνα.
2685 2565 2704 2599 ›
2758 2548 2904 2602 Καί⁹
2963 2567 2981 2601 ι
3043 2548 3105 2601 Ei
3163 2547 3316 2603 ἔστιν
3371 2548 3548 2602 ἀδικία
3603 2550 3650 2602 ὲν
3693 2547 3786 2618 χερσέ

2299 2651 2424 2704 μου.
2458 2653 2477 2685 ι

2379 2908 2548 2974 Ἀξιοϊ
2573 2907 2728 2983 παρὰ
2752 2912 2888 2966 Θεοῦ
2919 2913 3175 2984 γενέσοαι
3209 2915 3312 2988 τὴν
3336 2917 3538 2990 κρίσιν,
3571 2917 3636 2990 μὴ
3660 2915 3786 2988 Bella!-

2299 3016 2398 3073 σης
2417 3005 2516 3074 τῆς
2559 3005 2750 3068 θυσίας
2779 3006 2982 3068 αὑτῶν.
3013 3007 3090 3072 ὼς
3133 3009 3226 3062 ἐπὶ
3258 3011 3395 3081 μιᾶς
3424 3012 3702 3080 συστάσεως
3734 3010 3789 3078 τὴν

2297 3093 2492 3149 Θυσίαν
2515 3095 2624 3149 τῶν
2667 3114 2732 3150 πε
2743 3099 2795 3170 pi
2827 3099 2970 3169 Κορὲ
3001 3099 3179 3168 λέγων
3207 3097 3354 3156 εἶναι
3393 3103 3498 3157 τῶν
3527 3105 3639 3175 περὶ
3661 3101 3790 3156 Acilia
3818 3119 3819 3134 ι

2295 3187 2438 3255 Φησὶ
2464 3187 2596 3257 γοῦν
2631 3191 2740 3243 -καὶ
2778 3195 2918 3261 μετὰ
2940 3193 3113 3246 ταῦτα
3141 3210 3154 3222 ·
3193 3213 3212 3246 ι
3236 3193 3498 3262 Ῥαγεῖσα
3532 3198 3562 3267 ἡ
3590 3195 3676 3265 γῆ,
3713 3211 3792 3248 tu?-

2298 3277 2418 3332 έπιε
2457 3279 2668 3344 πάντας
2721 3283 2848 3346 τοὺς
2904 3285 3044 3354 μετὰ
3091 3285 3278 3358 Κορὲ,
3347 3287 3520 3355 λέγων
3563 3289 3670 3348 τοὺς
3707 3286 3793 3355 μετὰ

2297 3369 2474 3424 Δαθὰν
2501 3373 2596 3426 καὶ
2633 3372 2918 3444 Ἀϐειρών.
2952 3394 2972 3428 ι
3007 3375 3164 3430 Οὕτω
3199 3379 3475 3450 μακάριον
3509 3379 3606 3432 ὑπὸ
3631 3375 3722 3447 Θεῷ

2295 3464 2605 3520 λιτεύεσθαι
2628 3467 3027 3538 ἐπιτρέποντας
3047 3470 3168 3542 Θεῷ
3199 3469 3268 3525 τὰ
3291 3471 3456 3528 Θεοῦ.

2369 3666 2386 3698 ι
2423 3647 2876 3722 Ἑπισυνέστησε,
2931 3653 3121 3723 φησὶν,
3181 3654 3268 3708 ἐπ’
3323 3655 3521 3721 αὐτοὺς
3574 3654 3692 3725 Κορὲ
3729 3651 3790 3718 τὴν

2291 3741 2473 3794 πᾶσαν
2508 3740 2676 3796 αὐτοῦ
2720 3746 3072 3816 συναγωγήν.
3107 3764 3126 3798 ι
3166 3745 3288 3799 Ἐπ’
3326 3747 3634 3820 ἀνθρώπους
3672 3746 3790 3800 ἔθεντο

2288 3833 2386 3897 τὰς
2419 3833 2662 3898 ἐλπίδας.
2695 3834 2761 3887 Τί
2787 3835 2898 3908 γὰρ
2927 3837 3037 3892 ἔδει
3069 3839 3333 3910 πλήθους,
3353 3840 3490 3893 Θεοῦ
3510 3838 3789 3910 διακρίνοντις

2183 3977 2190 3988 ,
2285 3926 2415 3988 τοὺς
2448 3926 2791 3998 ἀρέσκοντας
2811 3944 2827 3993 ;

2347 4015 2786 4086 Ἀποσχίσθητε
2809 4019 2879 4074 ἐκ
2901 4021 3098 4092 μέσου
3119 4023 3230 4092 τῆς
3251 4025 3604 4096 συναγωγῆς
3623 4023 3788 4087 ταύτης.

2287 4108 2388 4162 καὶ
2427 4109 2796 4174 ἐξαναλώσω
2833 4113 3058 4180 αὐτοὺς
3089 4115 3358 4183 εἰσάπαξ
3363 4161 3375 4174 .
3411 4119 3624 4188 Θανάτῳ
3657 4115 3788 4168 δεξιον-

2289 4219 2374 4255 σιν
2417 4202 2836 4275 ὑποκειμένους.
2871 4208 3014 4262 Πολὺ
3041 4209 3151 4280 γὰρ
3175 4195 3254 4281 ’ἦν
3289 4213 3476 4276 αὐτοῖς
3521 4206 3786 4276 συνδιεφθαρο

2290 4295 2470 4364 μένον,
2499 4295 2594 4349 καὶ
2641 4297 2778 4368 μηδὲ
2813 4301 3266 4369 συναγανακτοῦν
3314 4307 3427 4369 τοῖς
3461 4302 3670 4376 ἡγεμόσι
3697 4295 3786 4350 κατι
3818 4339 3819 4350 χ

2285 4386 2396 4440 τῶν
2431 4389 2883 4445 ἐπαναστάντων.
2925 4393 3014 4456 Ὦς
3049 4393 3145 4447 καὶ⁷
3175 4396 3315 4466 μετὰ
3345 4398 3447 4466 τὴν
3476 4393 3712 4466 τιμωρίαν
3731 4387 3785 4441 αὖ

2285 4478 2395 4534 τῶν
2421 4481 2772 4550 χαλεπαίνειν
2812 4485 2956 4539 κατὰ
2991 4485 3100 4538 τῶν
3125 4487 3256 4558 περὶ
3295 4489 3552 4553 Μωῦσέα,
3573 4487 3638 4550 ὡς
3672 4479 3787 4537 αὐτῶν

2285 4574 2780 4630 κατεσκευακότων
2809 4577 2912 4646 τὴν
2941 4576 3052 4632 τῶν
3079 4579 3361 4635 τοσούτων
3405 4581 3620 4651 φθοράν.
3649 4574 3717 4628 Διὸ
3733 4569 3787 4623 καὶ

2289 4665 2456 4717 πᾶσιν
2501 4667 2689 4731 αὐτοῖς
2729 4669 2966 4737 ἀπειλεῖ,
3009 4671 3332 4743 ἐπιτρέπων
3381 4677 3491 4738 τοῖς
3520 4669 3694 4742 ἱερεῦσι
3731 4660 3786 4716 κιῖ

2289 4757 2676 4826 παραιτεῖσθαι
2723 4761 2866 4832 ὑπὲρ
2895 4763 3096 4828 αὐτῶν,
3141 4764 3210 4820 δι’
3238 4761 3314 4822 ὧν
3346 4784 3538 4838 φησιν·
3571 4784 3589 4817 ι
3609 4755 3786 4825 Ἀποτίί·

586 4849 844 4902 mandato
876 4849 978 4903 hoc
1013 4845 1159 4918 quod
1195 4847 1422 4902 tradidit
1456 4867 1468 4902 :
1513 4867 1530 4900 ι
1571 4849 1920 4918 Separamini
1949 4857 2004 4903 et
2043 4865 2182 4903 cott-

2290 4846 2474 4918 σθητε,
2510 4848 2604 4900 καὶ
2647 4849 2976 4917 ἐξαναλώσω
3019 4855 3243 4921 αὐτούς.
3286 4877 3304 4910 ι
3343 4857 3433 4922 Ὠς
3463 4858 3527 4924 ἂι*
3563 4845 3785 4915 autem?

583 4955 799 4994 sumam
863 4954 982 5004 eos,
1019 4957 1038 4990 ι
1108 4953 1217 5006 quo
1269 4938 1478 5001 innuit,
1515 4939 1660 5008 quod
1701 4939 1948 5005 ipsorum
2018 4941 2176 5011 culpa

582 5031 809 5101 perituri
854 5046 963 5084 non
1017 5029 1150 5083 sint.
1193 5028 1338 5094 Quid
1383 5028 1528 5083 enim
1599 5029 1931 5096 prohibebat
1989 5029 2176 5085 Domi-

583 5138 714 5176 num
745 5123 985 5192 idipsum
1021 5136 1183 5190 agere
1243 5119 1390 5188 quod
1421 5118 1770 5172 decreverat?
1814 5119 2028 5176 lndicat
2081 5137 2180 5176 au-

584 5224 692 5269 tem
725 5215 872 5283 quod
907 5212 1052 5268 Deus
1081 5213 1226 5268 bona
1271 5227 1302 5266 a
1328 5226 1387 5266 se
1411 5227 1508 5280 per
1555 5207 1862 5266 familiares
1893 5226 2022 5267 suos
2047 5229 2178 5280 sup-

583 5307 800 5374 pliciter
850 5307 1142 5376 impetrata
1194 5320 1304 5360 non
1355 5306 1476 5360 sine
1533 5304 1746 5358 ratione
1793 5305 2067 5374 aequitatis
2124 5317 2178 5360 et

581 5397 809 5466 justitiae
863 5400 1168 5470 largiatur,
1223 5412 1396 5470 quare
1455 5412 1562 5453 una
1610 5411 1742 5450 cum
1817 5397 2001 5468 impiis
2038 5399 2177 5453 alios

2288 4939 2699 5011 ἀπολουμένων.
2725 4944 2794 4996 Ti.
2826 4945 2936 5018 γὰρ
2965 4942 3034 5018 ἦν
3061 4948 3123 5001 τδ
3156 4948 3368 5004 κωλύον
3395 4951 3547 5020 εἴπερ
3571 4944 3784 5017 ὴσού).ετο;

2287 5033 2574 5088 Δείκνυσιν
2597 5031 2693 5090 οὖν
2720 5037 2860 5106 μετὰ
2883 5039 2978 5092 τοῦ
3010 5040 3222 5095 δικαίου
3263 5043 3322 5097 τὸ
3349 5043 3566 5112 ἀγαθὸν.
3594 5035 3693 5094 καθ’
3715 5035 3783 5086 ἱκε-

2286 5123 2408 5178 σίαν
2437 5125 2545 5180 τῶν
2584 5127 2734 5182 [δίων
2784 5131 2878 5184 τοῦ
2915 5131 3052 5186 Θεοῦ
3081 5133 3382 5205 διδόμενον.
3429 5135 3584 5190 Ὅθεν
3619 5131 3669 5185 τὸ
3706 5141 3782 5178 om“

2285 5215 2588 5270 απολέσθαι
2631 5221 2746 5284 τοῖς
2781 5220 3005 5276 ἀσεϐέσι
3043 5224 3170 5288 τοὺς
3223 5225 3418 5290 ἄλλους
3459 5225 3645 5294 ἀνίησι,
3692 5213 3783 5283 γινιδ·

2288 5325 2448 5378 μενον
2497 5309 2694 5376 ἐνίοτε,
2727 5311 2804 5376 ὡς
2847 5314 2940 5367 ἐπὶ
2993 5314 3088 5368 τοῦ
3117 5317 3323 5388 Ἀχαρ,
3377 5313 3716 5387 συμφερόντως
3737 5300 3782 5366 τῷ

2284 5400 2416 5470 λαῷ,
2452 5403 2533 5467 είς
2571 5402 2632 5456 τὸ
2662 5403 3020 5474 χαλεπαίνειν
3047 5410 3160 5473 τοῖς
3203 5409 3416 5473 αἰτίοις.
3451 5407 3598 5461 Ὅθεν
3635 5395 3779 5456 κελείει

654 5550 709 5632 i:
736 5549 882 5632 Psal.
941 5571 1124 5632 δίκην,
1176 5555 1257 5632 lg:
1287 5555 1408 5632 _”_
1439 5553 1632 5632 Rom._
1658 5569 1756 5617 ut,
1788 5553 1838 5609 7.
1918 5554 1964 5586 ⁸⁸
2001 5555 2019 5607 1
2064 5532 2311 5622 Conv",
2355 5558 2408 5614 7.
2497 5559 2545 5592 "
2588 5559 2736 5616 Psal.
2769 5577 2974 5631 Lxxvu,
3005 5563 3096 5632 2|,
3122 5565 3215 5621 ἓξ.
3293 5567 3335 5600 ⁸³
3368 5565 3504 5621 Psal.
3545 5571 3698 5616 utut,
3726 5550 3778 5604 ΙΠ-

572 5623 630 5652 “9
672 5619 816 5674 Psat.
847 5638 999 5686 um,
1065 5625 1132 5678 li.
1210 5626 1254 5656 ⁷ο
1287 5624 1432 5694 Ρέςιι.
1470 5641 1570 5690 vn,
1604 5627 1665 5682 4.

2113 5715 2353 5773 ΝΟΤᾸΕ.

688 5804 800 5878 (61)
831 5805 1150 5876 Σηεδιείωσον
1177 5806 1258 5874 τὸ,
1285 5808 1432 5876 ὄνον,
1469 5809 1591 5865 ἀντὶ
1624 5811 1740 5878 τῑῦ,
1765 5811 2120 5884 ἐπιθύμημα,
2161 5812 2301 5870 πάνυ
2340 5815 2683 5889 κατάλληλον
2705 5817 2788 5873 ὃν.

1545 6023 1574 6036 κ
