3950 6416
441 314 547 377 843
1754 321 2028 386 PROCOI

2146 319 2390 383 GAZ/El
3625 325 3727 392 844

511 423 686 494 Cujus
718 432 864 481 certe
906 426 1058 498 virga
1091 427 1437 500 amygdalina
1487 428 1613 487 folia
1648 431 1732 504 (ut
1762 449 1861 505 par
1906 433 2048 503 erat)
2082 432 2344 498 extrudit,
2373 440 2428 487 et
2472 429 2712 487 fructum
2746 431 2948 488 reddit.
2985 433 3065 489 Ac
3091 447 3158 490 ea
3210 433 3455 506 quidem
3493 433 3553 490 in
3580 441 3728 497 vasis

443 516 618 571 sacris
656 518 959 585 reponitur,
997 518 1155 589 signo
1186 521 1445 575 nimirum
1478 523 1548 578 iis
1576 524 1672 594 qui
1710 525 2048 596 immorigeri
2074 538 2197 579 esse
2226 530 2539 590 pergerent,
2570 534 2639 575 ne
2679 519 2786 590 ipsi
2822 535 3046 590 quoque
3077 520 3397 577 interirent
3419 521 3630 579 denuo.
3672 525 3725 581 lJ

443 614 622 658 autem
667 604 812 673 quod
860 614 1057 674 praeter
1100 614 1355 661 naturam
1391 606 1596 663 factum
1641 618 1748 674 cst,
1781 613 2037 666 virtutem
2082 625 2146 664 ac
2186 608 2641 677 omnipotentiam
2687 607 2781 661 Dei
2832 608 3034 679 arguit.
3068 605 3360 664 Praeterea
3403 625 3508 664 eos
3537 612 3635 680 qui
3664 615 3727 667 aal

446 688 612 744 Deum
640 706 761 746 sese
790 691 1085 746 conferunt
1101 694 1300 749 virtute
1332 695 1453 765 ejus
1480 711 1547 752 ex
1576 699 1860 755 veteribus
1890 714 2062 754 novos
2086 695 2204 752 ﬁeri
2233 695 2497 750 declarat.
2526 693 2693 749 Juxta
2728 694 2856 750 illud
2887 696 2956 750 ex
2990 694 3373 752 innovatione
3406 695 3525 753 Deo
3554 698 3731 757 additu

388 811 398 817 -
445 779 642 831 cimur.
676 775 844 831 Item:
871 776 1014 849 «Ego
1047 795 1192 846 sum,
1220 780 1416 851 inquit,
1446 784 1540 853 qui
1578 793 1768 854 vegeto
1801 785 2003 856 lignum
2035 783 2250 840 aridum
2269 782 2369 837 ⁷³.»
2399 782 2619 836 Davidis
2656 784 2781 837 item
2811 782 2940 836 illud
2977 800 2992 837 :
3029 800 3047 833 ι
3069 781 3259 853 Super
3294 785 3429 855 ipso
3460 788 3729 843 confisum

443 874 529 921 est
562 881 657 919 cor
688 880 893 929 mcum,
922 875 977 921 et
1012 867 1260 923 reﬂoruit
1291 884 1425 925 caro
1459 886 1577 926 mea
1621 872 1690 926 7‘.
1725 889 1745 925 ι
1778 873 1858 927 Ad
1890 874 2032 927 hunc
2058 874 2220 928 modo
2254 871 2525 928 Ezechieli
2553 888 2771 943 quoque
2810 873 3144 929 restauratio
3176 874 3414 929 ossium
3454 876 3730 931 aridorum

443 953 854 1019 OStendehatur,
897 971 1019 1024 quae
1049 958 1309 1026 populum
1340 959 1618 1029 captivum
1652 958 1708 1014 in
1742 959 2012 1026 integrum
2049 960 2361 1015 restitutum
2396 958 2459 1013 iri
2491 960 2851 1029 portendebat
2892 960 2962 1014 ⁷⁸.
3007 957 3180 1016 Porro
3219 960 3418 1014 forma
3460 962 3732 1033 amygdali

442 1042 620 1096 virum
650 1042 854 1096 bonum
887 1042 1197 1100 adumbrat.
1235 1046 1305 1125 ιιι
1359 1046 1505 1101 enim
1539 1048 1769 1104 nucleus
1802 1048 1975 1118 ipsius
2006 1056 2090 1103 est
2120 1054 2427 1111 contectus,
2456 1055 2511 1101 et
2542 1048 2595 1101 in
2628 1047 2910 1117 putamine
2954 1046 3108 1112 latet,
3156 1046 3237 1102 ita
3275 1048 3474 1102 virtus
3520 1049 3576 1103 in
3617 1051 3730 1104 ani-

440 1130 513 1184 nti
546 1128 732 1184 habitu
772 1131 1074 1208 recondita,
1107 1149 1219 1187 non
1248 1132 1499 1205 corporis
1523 1143 1609 1191 est
1662 1144 1978 1203 conspectu.
2014 1135 2187 1202 Quam
2216 1134 2362 1191 Deus
2394 1135 2549 1191 solus
2579 1135 2885 1206 cognoscit,
2914 1148 3150 1204 quaeque
3177 1135 3602 1192 sacerdotibus
3629 1138 3732 1191 im-

439 1217 634 1286 primis
660 1218 945 1288 competit.
973 1217 1124 1274 Plebi
1157 1235 1290 1275 vero
1327 1221 1463 1277 licus
1499 1230 1893 1292 comparantur
1919 1264 1935 1289 ,
1965 1230 2237 1292 quatenus
2268 1222 2593 1291 superficies
2628 1236 2818 1278 earum
2861 1221 3149 1291 splendida
3177 1230 3273 1278 est
3309 1221 3610 1279 videlicet.
3645 1224 3734 1280 Li-

439 1313 529 1360 cet
562 1314 744 1359 autem
775 1320 840 1360 ea
872 1306 930 1361 in
975 1321 1038 1361 re
1084 1306 1379 1378 imaginem
1412 1308 1622 1363 Christi
1668 1324 1917 1375 cernere,
1949 1325 2108 1379 quem
2140 1307 2302 1364 Pater
2342 1325 2621 1364 summum
2666 1307 3011 1365 sacerdotem
3045 1312 3355 1366 constituit
3401 1326 3582 1381 super
3640 1330 3734 1371 nos

440 1393 700 1448 omnibus
733 1394 953 1449 saeculis
997 1392 1359 1473 sufﬁcientem
1397 1410 1461 1451 ac
1501 1396 1785 1463 idoneum,
1819 1411 1883 1452 ac
1907 1405 1967 1451 ut
1997 1396 2176 1453 verbis
2216 1395 2372 1451 Pauli
2412 1405 2537 1451 utar
2569 1397 2636 1462 ",
2682 1395 3001 1451 ministrum
3054 1410 3391 1464 sacrorum,
3444 1410 3501 1453 et
3553 1400 3734 1455 taber-

439 1480 620 1534 naculi
651 1480 790 1545 veri,
822 1479 989 1550 quod~
1004 1480 1274 1537 Dominus
1304 1481 1448 1544 fixit,
1483 1497 1594 1538 non
1631 1482 1798 1538 homo
1822 1524 1839 1550 ,
1874 1484 1963 1537 cui
2000 1482 2178 1539 modis
2203 1486 2459 1542 omnibus
2515 1484 2776 1541 lsraelitte
2809 1485 3081 1555 sanguine
3113 1485 3432 1557 propinqui
3485 1486 3557 1542 ad
3608 1503 3733 1543 cru-

438 1583 556 1623 cem
605 1582 780 1638 usque
825 1569 1166 1623 restiterunt.
1198 1564 1403 1623 Verum
1449 1569 1605 1637 juxta
1654 1569 1896 1626 formam
1943 1570 2333 1628 revirescentis
2364 1572 2530 1641 hujus
2564 1571 2750 1642 virgae,
2806 1571 3027 1639 revixit,
3062 1572 3462 1642 omnibusque
3514 1574 3732 1645 signum

438 1655 671 1726 praebuit
711 1670 741 1709 a
772 1653 883 1710 Deo
925 1670 985 1712 se
1016 1656 1256 1724 venisse,
1299 1657 1590 1728 ipsumque
1633 1656 1805 1713 Deum
1848 1672 1989 1714 esse.
2023 1656 2295 1724 Quocirca
2325 1660 2542 1730 signum
2577 1657 2886 1730 petentibus
2922 1674 3032 1715 non
3067 1659 3215 1715 aliud
3253 1675 3435 1731 quam
3474 1657 3633 1716 Iona:
3661 1663 3733 1718 si-

437 1758 606 1815 gnum
658 1743 1016 1815 promittitur.
1062 1744 1121 1799 In
1166 1745 1287 1817 ipso
1316 1747 1463 1800 enim
1511 1755 1770 1817 tanquam
1824 1746 2186 1817 printogenito
2224 1762 2389 1802 omne
2441 1746 2587 1818 quod
2636 1744 2803 1800 morti
2848 1753 2902 1800 et
2951 1745 3196 1802 interitui
3246 1748 3574 1802 obnoxium
3624 1758 3733 1801 erat
3808 1808 3815 1815 ι

438 1834 564 1889 vitae
599 1836 840 1903 vigorem
872 1838 927 1889 et
955 1833 1193 1890 virorem
1230 1834 1599 1905 recuperavit.
1639 1834 1864 1891 Videtur
1896 1849 2061 1904 porro
2096 1836 2244 1905 virga
2282 1834 2665 1907 amygdalina,
2697 1837 2902 1890 virtute
2929 1835 3165 1905 quadam
3211 1836 3476 1892 naturali
3529 1837 3730 1893 dormi-

441 1923 776 1978 turientibus
820 1937 963 1992 pone
1019 1932 1186 1994 caput
1232 1925 1409 1994 posita
1438 1964 1453 1991 ,
1509 1939 1763 1981 somnum
1812 1925 2046 1994 eripere,
2084 1924 2538 1994 vigilantiamque
2587 1922 2906 1990 concitare;
2942 1930 3290 1992 quapropter
3329 1923 3403 1978 ad
3438 1921 3732 1983 Jeremiam

440 2015 579 2070 dixit
607 2014 748 2070 Deus
785 2032 800 2070 :
846 2033 866 2068 r
897 2016 1035 2083 Quid
1068 2024 1125 2069 tu
1172 2016 1369 2072 vides?
1404 2036 1422 2070 ι
1452 2016 1552 2071 Cui
1580 2015 1860 2087 respondit
1891 2015 1981 2071 ille
2010 2031 2028 2070 :
2067 2033 2085 2066 ε
2121 2015 2392 2070 Perticam
2427 2013 2835 2085 amygdalinam
2862 2054 2879 2080 ,
2920 2032 2939 2065 ι
2970 2014 3062 2069 cui
3107 2014 3426 2070 subintulit
3462 2032 3477 2069 :
3513 2030 3534 2066 σ
3570 2012 3731 2070 Recte

442 2101 629 2155 Vitliin
673 2116 829 2166 sane,
877 2103 1229 2158 sermonibus
1261 2104 1464 2158 etenim
1497 2105 1653 2168 meis,
1692 2111 1748 2157 ut
1780 2118 1876 2160 eos
1912 2102 2162 2158 effectum
2199 2101 2407 2167 darem,
2444 2100 2722 2170 invigilavi
2772 2100 2874 2154 ⁷⁷.»
2907 2098 3731 2173 Quemadmodummvero

440 2204 472 2244 e
520 2203 716 2243 somno
743 2188 944 2259 aliquis
975 2190 1223 2259 evigilat,
1256 2189 1330 2243 ita
1362 2206 1393 2244 a
1432 2190 1671 2246 mortuis
1703 2190 1900 2245 revixit
1932 2189 2205 2245 Christus.
2265 2185 2422 2242 Unde
2474 2186 2530 2240 in
2577 2184 2813 2242 Psalmis
2846 2201 3065 2259 quoque
3093 2187 3229 2242 dicit
3266 2205 3283 2243 :
3324 2206 3346 2240 ι
3389 2187 3511 2259 Ego
3538 2188 3729 2244 cubavl

441 2291 507 2330 ac
552 2276 812 2343 dormivi,
847 2276 1136 2346 evigilavi,
1164 2277 1291 2346 quia
1327 2276 1589 2332 Dominus
1620 2277 1885 2348 suscipiet
1914 2292 1976 2332 ac
2010 2277 2253 2331 tuebitur
2283 2291 2368 2330 me
2414 2274 2481 2329 ⁷⁸.
2526 2292 2545 2325 ι

514 2363 703 2418 Omnis
729 2364 819 2433 qui
843 2363 1082 2434 attigerit
1108 2362 1509 2417 tabernaculum
1537 2363 1832 2417 testimonii
1868 2362 2080 2417 Domini
2104 2364 2377 2418 morietur.
2404 2359 2595 2435 [XVIL
2618 2358 2735 2433 13.]
2763 2358 2918 2417 Malis
2935 2360 3081 2416 enim
3109 2376 3217 2416 non
3250 2371 3412 2433 patet
3449 2361 3636 2420 aditus
3661 2364 3722 2419 ad

444 2452 637 2513 Deum,
670 2452 815 2506 unde
840 2457 965 2520 post
987 2458 1169 2504 actum
1208 2449 1476 2520 judicium
1505 2450 1809 2520 ejiciuntur
1834 2450 2090 2521 improbi.
2119 2450 2258 2506 Ante
2300 2449 2571 2519 judicium
2596 2464 2731 2504 vero
2766 2447 3083 2503 hominibus
3107 2450 3202 2520 qui
3246 2451 3306 2505 in
3338 2450 3557 2511 mundo
3589 2459 3712 2508 sunt

359 2592 362 2597 .
443 2539 682 2609 spatium
709 2537 1037 2593 conceditur
1065 2537 1193 2593 vitae
1219 2536 1648 2594 emendationis.
1684 2537 1865 2607 Atque
1898 2536 1967 2593 ad
1993 2536 2273 2595 Christum
2303 2546 2527 2609 propter
2550 2535 2872 2594 afﬁnitatem
2904 2536 3093 2592 carnis
3130 2552 3309 2608 quam
3343 2553 3481 2594 cum
3535 2552 3604 2596 eo
3626 2540 3719 2594 ha-

443 2628 637 2683 bemus
666 2627 883 2696 amplus
914 2639 1176 2681 accessus
1219 2624 1381 2680 nobis
1429 2636 1516 2680 est
1547 2625 1816 2682 tributus.
2532 2643 2545 2649 ~

513 2737 668 2792 Dixit
703 2735 959 2791 Dominus
994 2736 1062 2790 ad
1097 2736 1277 2791 Aaron
1304 2750 1322 2789 :
1351 2733 1430 2789 Tu
1458 2743 1509 2789 et
1546 2733 1731 2791 domus
1756 2735 1926 2803 patris
1956 2734 2028 2789 ttti

2207 2731 2315 2787 Ital
2344 2732 2476 2788 ὲῐπε
2513 2733 2730 2802 Κύριος
2764 2731 2916 2803 πρὸς
2954 2733 3203 2803 Ἀαρὼν,
3224 2733 3469 2805 λέγων’
3503 2735 3592 2789 Σὺ
3632 2735 3720 2790 καί

442 2828 922 2900 tecutuportabitis
960 2828 1297 2899 iniquitatem
1330 2828 1650 2882 sanctuarii.
1697 2826 1911 2899 [XVIIL
1947 2825 2025 2899 1.]

2131 2825 2183 2878 oi
2212 2824 2331 2878 viai
2354 2840 2470 2878 σου
2498 2824 2595 2878 καί
2626 2827 2660 2879 ὁ
2684 2820 2987 2891 οἶκος-τοῦ
3012 2825 3245 2892 πατρός
3278 2841 3408 2879 σου
3433 2829 3589 2895 μετὰ
3611 2825 3721 2881 σοῦ

445 2922 668 2978 Aditum
728 2921 784 2975 in
841 2921 1106 2975 Sanctum
1145 2928 1461 2975 sanctorum
1511 2920 1768 2975 omnibus
1802 2927 2033 2989 praster-

444 3030 610 3086 quam
642 3012 1026 3070 sacerdotibus
1054 3014 1165 3068 imo
1208 2998 1417 3068 Levitis
1442 3012 1608 3066 etiam
1659 3012 2024 3068 interclusum

445 3117 571 3157 esse
594 3108 873 3171 oportere,
904 3099 1104 3170 inquit.
1138 3097 1243 3154 Ubi
1293 3099 1683 3155 confusionem
1713 3112 1778 3154 ac
1809 3111 2028 3169 pertur-

446 3192 729 3248 bationem
756 3191 1010 3245 ordinum
1048 3198 1321 3260 prmcavet
1360 3189 1585 3256 iterum,
1621 3198 1676 3245 et
1716 3189 2029 3246 ministeria

442 3299 548 3355 pro
594 3283 869 3354 cujusque
908 3282 1173 3353 dignitate
1225 3280 1497 3336 discernit
1533 3296 1597 3336 ac
1628 3281 1896 3352 disponit.
1947 3281 2031 3336 Ac

448 3375 559 3430 Deo
590 3375 808 3445 quidem
838 3372 1156 3428 ministrare
1192 3370 1399 3427 Levitis
1425 3387 1719 3427 commune
1749 3380 1888 3427 erat.
1926 3373 2028 3425 Ac-

444 3470 643 3526 cedere
667 3483 800 3525 vero
840 3468 908 3524 ad
949 3466 1214 3522 Sanctum
1251 3474 1572 3521 sanctorum
1621 3465 1688 3520 ad
1720 3464 1870 3521 solos
1899 3479 2026 3535 per-

446 3561 1024 3619 tinebatsacerdotes.

2127 2915 2407 2984 ,λήψεσθε
2434 2916 2543 2981 τὰς
2563 2917 2862 2987 ,ἁμαρτίας
2892 2917 3015 2971 τῶν
3042 2917 3248 2988 ἁγίων.
3299 2918 3377 2972 Σὺ
3414 2918 3515 2971 καὶ⁵
3542 2919 3592 2972 oi
3624 2918 3721 2971 υἱοί

2131 3025 2228 3061 σου
2273 3009 2367 3061 καὶ
2393 3011 2423 3062 ὁ
2458 3004 2609 3070 οἶκος
2648 3008 2744 3063 τοῦ
2780 3010 2988 3081 πατρός
3028 3026 3122 3064 σου
3162 3009 3595 3080 συμϐαστάσετε
3628 3011 3718 3082 τὴν

2134 3101 2480 3172 παρανομίαν
2508 3100 2605 3154 τοῦ
2654 3101 3020 3171 ἀγιάσματος.
3065 3103 3401 3173 ’Δπρόσιτα,
3438 3103 3582 3174 πλὴν
3619 3101 3720 3155 τῶν

2136 3192 2350 3262 ἱερέων,
2390 3191 2458 3247 τὰ
2489 3193 2660 3262 Ἀγια
2686 3193 2798 3247 τῶν
2825 3192 2997 3262 ἁγίων
3023 3196 3137 3257 τοῖς
3156 3194 3422 3258 Δευῖταις
3452 3195 3565 3248 δεῖν
3586 3189 3717 3246 εἷναί

2132 3300 2291 3354 φησι,
2330 3285 2682 3354 προαναιρῶν
2715 3283 2875 3337 πάλιν
2900 3285 3001 3355 τὴν
3030 3284 3284 3351 ἀταξίαν,
3325 3285 3427 3339 καὶ
3466 3284 3568 3347 τὰς
3615 3282 3719 3336 λεια

2130 3373 2389 3444 τουργίας
2437 3375 2558 3427 κατ’
2589 3373 2745 3439 ἀξίαν
2771 3374 3172 3445 διαιρούμενος.
3210 3374 3287 3426 Τὸ
3323 3374 3429 3444 μὲν
3461 3375 3573 3445 γὰρ
3614 3372 3711 3426 λει-

2130 3468 2383 3536 τουργεῖν
2417 3464 2557 3537 Θεῷ,
2593 3465 2776 3520 κοινὸν
2808 3464 3084 3518 Λευῖτῶν’
3115 3465 3175 3519 τὸ
3204 3464 3261 3519 δὲ
3295 3465 3587 3538 προσιέναι
3613 3466 3714 3527 τοῖς

2128 3557 2239 3611 τῶν
2264 3558 2439 3626 ἁγίων
2483 3558 2710 3628 Ἀγιοις,
2747 3557 2906 3630 μόνον
2931 3559 3145 3630 ἱερέων.
3183 3618 3192 3625 ,

522 3695 543 3728 ι
569 3675 724 3740 Nam,
752 3673 970 3727 alienus
996 3686 1024 3724 a
1045 3686 1243 3743 genere
1277 3678 1392 3731 tuo,
1423 3667 1624 3738 inquit,
1662 3681 1771 3720 non
1803 3664 2026 3719 accedet
2044 3664 2437 3722 tecum.»Erat
2467 3682 2601 3722 vero
2629 3667 2733 3722 hoc
2763 3682 2937 3737 genus
2967 3666 3238 3725 divinum.
3261 3669 3513 3737 Qumstio
3536 3667 3713 3724 obori-

443 3775 541 3821 tur
570 3767 780 3834 itaque,
820 3771 1094 3831 quatenus
1125 3757 1302 3812 sancti
1335 3755 1544 3810 Christi
1576 3751 1782 3807 fratres
1824 3752 2119 3819 exsistant,
2156 3769 2184 3807 a
2222 3756 2426 3826 quibus
2464 3757 2559 3826 qui
2592 3756 2827 3812 dissidet
2870 3755 2939 3811 ad
2971 3755 3255 3812 Christum
3288 3775 3403 3814 non
3450 3757 3708 3828 pervenit,

444 3867 630 3923 neque
673 3848 1041 3923 ministerium
1078 3859 1302 3901 sacrum
1331 3857 1455 3897 cum
1489 3839 1698 3897 sanctis
1729 3853 2018 3894 commune
2057 3839 2237 3895 habet.
2277 3860 2295 3894 ι
2326 3840 2680 3898 Renuntiabo
2709 3858 2909 3898 nomen
2940 3851 3097 3909 tuum
3154 3843 3429 3902 fratribus
3456 3846 3588 3900 meis
3610 3844 3669 3899 τ’.
3689 3860 3706 3895 ι

437 3913 593 4008 Quin
624 3940 787 3993 etiam
820 3945 932 3991 tres
967 3913 1046 3989 illi
1072 3934 1277 4002 ubique
1324 3931 1548 3986 Christo
1583 3938 1883 4001 praesentes
1928 3934 2106 3989 erant,
2139 3928 2231 3982 alii
2260 3945 2392 3984 vero
2423 3944 2453 3982 a
2505 3930 2727 3985 Christo
2759 3930 2866 3984 sibi
2915 3929 3052 4000 ipsis
3086 3930 3567 4000 relinquebantur.
3606 3928 3708 3983 Ali-

448 4028 673 4100 quando
707 4039 838 4081 vero
861 4023 1049 4079 cuncti
1078 4020 1372 4077 duodecim
1416 4033 1525 4089 una
1557 4032 1683 4072 cum
1715 4015 1962 4082 Christo,
1989 4013 2151 4082 vulgo
2186 4016 2417 4070 seorsim
2445 4023 2625 4072 erant.
2660 4016 2983 4072 Diﬁ'erentia
3013 4015 3220 4071 etenim
3254 4030 3460 4089 magna
3495 4017 3550 4070 in
3579 4014 3707 4069 divi-

460 4134 530 4172 na
556 4115 884 4186 cognatione
919 4111 1162 4167 exsistit.
1194 4109 1299 4164 Alii
1335 4108 1479 4163 enim
1506 4105 1706 4160 fratres
1737 4102 1943 4160 Christi
1973 4104 2211 4172 supremi
2248 4112 2377 4159 sunt
2405 4118 2469 4158 ac
2493 4102 2752 4173 proximi,
2785 4102 2877 4157 alii
2909 4113 3036 4174 post
3064 4102 3209 4170 illos,
3235 4102 3331 4158 alii
3367 4119 3436 4158 ac
3462 4103 3709 4174 pleraque

449 4206 618 4260 turba
643 4204 922 4271 deinceps.
950 4200 1031 4255 Ac
1075 4199 1307 4253 multum
1363 4210 1499 4252 sane
1533 4194 1639 4250 sibi
1689 4194 1824 4257 ipsis
1862 4191 2273 4246 incommodam
2322 4191 2599 4258 homines,
2654 4191 2879 4259 quando
2919 4190 3108 4262 gloriae
3157 4191 3471 4260 cupiditate
3499 4191 3710 4246 ordines

442 4296 803 4367 perturbant.
837 4293 957 4347 Non
996 4286 1436 4346 enimaliamtob
1459 4299 1683 4341 causam
1712 4281 1882 4338 Ozias
1917 4281 2065 4351 lepra
2099 4277 2335 4335 infectus
2360 4288 2468 4346 est,
2493 4293 2660 4350 quam
2684 4278 2831 4350 quod
2862 4291 3178 4349 supremam
3205 4278 3547 4333 oblationem
3571 4274 3712 4330 avide

473 4386 619 4441 rimis
660 4380 970 4441 usurpavit.

448 4399 619 4442 mnus
660 4397 970 4453 usurpavit.

503 4494 697 4548 nPorro
743 4491 795 4545 id
826 4487 975 4559 quod
1012 4484 1191 4541 dicit:
1227 4501 1245 4535 ι
1283 4481 1511 4537 Peccata
1544 4472 2028 4534 sacerdotiivestri

2210 4478 2284 4531 Τὸ
2298 4477 2375 4544 δὲ,
2387 4493 2406 4528 ι
2418 4474 2669 4548 Λήψεσθε
2685 4477 2783 4540 τὰς
2801 4474 3078 4547 ἁμαρτίας
3089 4475 3191 4548 τῆς
3211 4476 3493 4548 ῑερατείας
3512 4469 3702 4544 ﬁni-3v,»

444 4584 820 4645 sustinebitis,
856 4600 876 4633 ι
904 4579 974 4634 de
1004 4578 1071 4633 iis
1103 4574 1301 4646 quatit)
1325 4577 1592 4642 apparatu
1613 4566 2028 4624 committuntur

2137 4566 2237 4629 τὰς
2270 4567 2335 4620 ἐκ
2367 4565 2741 4638 παραϐάσεως
2768 4564 2994 4636 δηλαδή.

456 4672 879 4746 intelligendum
910 4677 1017 4727 est.

524 4808 753 4864 Videtur
787 4811 993 4869 autem,
1025 4801 1206 4862 aiunt,
1238 4797 1313 4851 ibi
1342 4796 1411 4851 de
1439 4792 1679 4850 victima
1724 4791 2061 4860 integritatis
2087 4802 2194 4844 seu
2224 4785 2603 4858 perfectionis,
2637 4783 3101 4855 quemadmodum
3130 4782 3187 4838 in
3233 4783 3427 4839 Exodo
3468 4788 3522 4837 et
3559 4775 3701 4833 Levi-

438 4902 586 4962 -tico,
621 4895 791 4964 loqui.
821 4892 1030 4947 Carnes
1054 4889 1201 4943 enim
1237 4885 1476 4939 victimae
1518 4880 1687 4951 hujus
1733 4879 1839 4950 ipsi
1886 4876 2203 4934 sacerdotes
2244 4871 2478 4945 perfecti
2528 4871 2917 4928 comedebant.
2972 4869 3319 4927 Sacrificium
3372 4871 3572 4942 quippe
3613 4875 3704 4935 pro

451 4993 679 5060 peccato
709 4981 1063 5038 sacerdotum
1098 4969 1692 5060 lOlulﬂrCOIllburiWri
1760 5054 1794 5060 __
1991 5051 2004 5060 .
2060 5049 2116 5060 η
2144 5050 2164 5060 _
2196 5048 2241 5060 η
2283 5055 2295 5060 Δ
2396 5049 2412 5060 _
2669 5046 2685 5060 ε
2826 5027 2835 5039 ε
2894 5045 2911 5060 ,
3122 5048 3126 5060 λ
3234 5046 3247 5059 ,
3459 5040 3568 5060 LA,
3596 5036 3640 5060 __,

525 5074 596 5129 Et
622 5071 837 5128 obibitis
888 5065 1215 5127 ministeria,
1271 5059 1470 5114 donum
1500 5054 1794 5110 sacerdotii
1842 5051 2024 5108 vestri.
2060 5049 2167 5125 [6.]
2195 5048 2511 5104 Notandum
2541 5046 2687 5118 quod
2719 5045 2980 5102 sacerdos
3029 5046 3281 5102 mu‘neris
3326 5061 3392 5102 ac
3442 5043 3569 5100 doni
3596 5043 3702 5129 vice

452 5125 824 5222 ministerium
870 5173 969 5228 pro
1012 5125 1320 5210 sacerdotio
1370 5161 1480 5218 quo
1530 5160 1561 5198 a
1609 5144 1722 5198 Deo
1758 5144 2066 5230 insignitus
2090 5138 2323 5230 es_t_Deo
2355 5135 2558 5192 oll‘erre
2596 5133 2838 5230 videtur.
2987 5133 3114 5203 quis
3143 5133 3312 5230 igitur
3348 5125 3696 5230 ministeria-III

977 5242 1230 5305 abdicat,
1270 5238 1326 5292 in
1377 5211 1599 5308 gravius
1628 5211 1917 5303 peccatum
1961 5246 2024 5288 se
2055 5227 2323 5294 incidere,
2369 5238 2435 5280 eo
2477 5220 2625 5293 quod
2657 5220 2953 5277 honoranti
2994 5234 3055 5276 se
3088 5220 3326 5291 gratiam
3369 5233 3480 5275 non
3508 5211 3694 5273 refert.

456 5343 699 5395 ianurat.

456 5357 699 5414 ignorat.

528 5450 665 5507 Ecce
716 5443 964 5501 mandavi
1013 5418 1158 5495 vobisE
1209 5433 1624 5517 observationem
1654 5436 2028 5500 praeceptorum

2213 5421 2372 5479 Ἰδοὺ
2408 5419 2642 5475 δέδωκα
2675 5416 2820 5487 ὑμῖν
2853 5416 2968 5486 τὴν
2996 5416 3355 5487 διατήρησιν
3396 5411 3512 5470 τῶν
3545 5407 3693 5517 ἕξεθ’

454 5498 868 5614 meorum-‘84
903 5532 1075 5603 Stirpi
1119 5512 1451 5587 sacerdotali
1486 5498 1662 5579 omne»
1689 5520 2028 5576 victimarum

2142 5514 2271 5572 λῶν
2293 5532 2435 5586 μου.
2463 5512 2555 5584 Τῷ
2586 5509 2717 5582 ιερῷ
2740 5509 2888 5579 γένει
2908 5510 3017 5569 πᾶν
3045 5506 3185 5575 εἶδος
3210 5509 3470 5580 ἀπονέμει
3496 5498 3686 5556 θυσίας.

534 5699 706 5753 "lsa.
740 5712 851 5755 ut,
890 5692 947 5747 5.
1019 5689 1067 5722 ⁷⁸
1098 5681 1248 5742 Psal.
1297 5701 1470 5751 xxvu,
1502 5685 1558 5742 7.
1630 5683 1677 5719 "
1705 5678 1913 5739 Ezech.
1944 5698 2028 5739 xx:

2135 5721 2151 5751 ι
2186 5683 2214 5738 1
2263 5695 2420 5753 seqq.
2494 5676 2545 5713 "
2571 5674 2741 5733 Hebr.
2791 5689 2929 5743 vin,
3007 5672 3064 5729 2.
3143 5670 3189 5704 "
3226 5666 3428 5725 Jercm.
3456 5647 3674 5728 1,“.12.

453 5766 656 5827 "Paul.
688 5782 768 5835 tu,
815 5764 871 5818 6.
945 5762 990 5795 ⁷⁸
1017 5758 1164 5817 Psal.
1192 5773 1305 5826 xxt,
1339 5756 1426 5814 23.
