3950 6426
334 352 446 420 845
1406 367 1942 430 COMMENTARII
1985 366 2064 427 IN
2105 363 2495 427 NUMEROS.
3503 363 3608 426 sto

332 470 408 522 τὰ
444 468 553 522 ἀπὸ
575 469 973 541 πλημμελείας,
1007 473 1076 528 τὰ
1111 474 1218 528 ἀπὸ
1241 475 1547 547 ἁμαρτίας.
1570 481 1777 548 Ὀνομα
1813 479 1892 547 γὰλ

2045 491 2197 546 genus
2231 477 2493 542 destinat,
2539 483 2648 530 tam
2681 475 2937 533 delictum
2971 491 3134 548 quam
3168 487 3472 547 peccaturo.
3514 477 3605 531 Vi-

337 563 409 631 τῇ
441 560 583 631 ὑπὲρ
614 562 893 633 ἁμαρτίας
917 566 1105 637 θυσίᾳ,
1138 569 1406 638 ἁμαρτία.
1440 571 1548 624 Καὶ
1577 569 1790 632 Παῦλος
1822 570 1892 637 γὰ

2041 569 2202 620 etima
2235 568 2381 622 enim
2440 583 2536 638 pro
2591 568 2836 638 peccatis
2895 568 3105 639 peccati
3168 583 3366 622 nomen
3417 567 3601 624 habet.

337 655 542 723 νομικῇ
591 656 940 725 χρησάμενος
984 657 1150 722 λέξει,
1201 661 1366 731 φησί’
1418 685 1436 712 ι
1467 659 1570 714 Τὸν
1609 661 1683 731 μὴ
1733 659 1897 728 γνόντη

2045 658 2188 715 Unde
2217 659 2421 716 Paulus
2447 660 2582 731 legis
2612 660 2911 716 dictionem
2943 676 3244 732 usurpans,
3273 660 3348 715 ait
3373 678 3387 714 :
3425 679 3443 712 (
3469 659 3605 714 Eum

337 743 642 814 ἁμαρτίαν,
679 746 821 818 ὑπὲρ
848 749 1006 818 ἡμῶν
1039 752 1319 822 ἁμαρτίαν
1349 752 1596 823 ἐποίησε.
1637 773 1654 804 ι
1696 751 1897 805 Τὲθυτο

2051 751 2126 820 ιιιί
2168 760 2452 820 peccatum
2490 766 2598 806 non
2645 760 2998 823 cognoverat,
3056 768 3156 824 pro
3205 753 3365 808 nobis
3415 767 3611 823 pecca-

336 838 453 907 γὰρ
483 838 625 909 ὑπὲρ
654 839 763 893 τῶν
809 841 1096 912 ἁμαρτιῶν
1135 845 1314 914 ἡμῶν,
1358 845 1434 908 ὡς
1481 845 1667 917 ἀρνίον
1700 845 1896 898 ἄκακοι.

2051 858 2148 896 ,um
2196 842 2326 897 fecit
2366 843 2434 896 ⁸⁸.
2475 862 2492 894 ι
2541 844 2863 899 immolatus
2912 846 3059 900 enim
3093 861 3193 915 pro
3227 846 3472 914 peccatis
3508 860 3611 899 no-

338 927 598 982 Τοιοῦτον
631 931 727 982 καὶ
751 932 831 996 τὸ,
868 951 885 984 ι
922 933 1219 1006 Ἀμαρτέας
1269 935 1398 989 λαοῦ
1456 954 1558 1006 μου
1601 936 1889 1006 φάγονται,

2048 934 2202 997 stris,
2252 934 2399 989 velut
2429 949 2604 1006 agnus
2651 936 3060 1003 immaculatus,
3088 935 3249 992 Jesus
3283 945 3388 992 est.
3444 935 3608 1006 Ejus-

337 1021 590 1074 τουτέστι
644 1028 712 1076 τὰ
744 1025 884 1096 ὑπὲρ
921 1028 1198 1098 ἁμαρτίας
1247 1027 1344 1081 τοῦ
1379 1027 1508 1080 λαοῦ
1559 1045 1684 1099 μου,
1722 1028 1894 1100 βρῶσι

2051 1025 2183 1079 nodi
2226 1033 2280 1080 et
2337 1025 2469 1080 illud
2526 1035 2610 1083 est
2645 1045 2704 1080 ε(
2758 1025 2993 1083 Peccata
3040 1028 3225 1099 pepuli
3281 1029 3385 1082 mei
3428 1042 3611 1083 come.-

341 1111 499 1165 ἔσται
525 1117 640 1179 τοῖς
671 1115 898 1188 ἱερεῦσι.

2050 1115 2164 1172 lent
2202 1117 2283 1183 ⁸¹;
2322 1134 2340 1167 ι
2377 1116 2482 1171 hoc
2534 1125 2640 1181 est,
2687 1119 2927 1173 victimae
2979 1135 3076 1188 pro
3128 1119 3374 1190 peccatis
3425 1119 3610 1190 pOpuli

2036 1205 2140 1259 mei
2180 1205 2564 1264 sacerdotibus
2594 1207 2649 1261 in
2689 1208 2892 1261 victum
2931 1208 3148 1264 cedent.

422 1340 672 1396 Destinat
711 1342 895 1412 itaque
922 1343 1001 1398 eis
1040 1344 1347 1414 omnigenus
1395 1343 1632 1398 victima:
1682 1341 1984 1412 reliquias,
2017 1357 2082 1397 ea
2122 1351 2305 1398 tamen
2351 1344 2468 1416 lege
2509 1352 2570 1399 ut
2609 1344 2662 1398 in
2697 1345 2818 1400 loco
2850 1352 3060 1399 tantum
3091 1359 3252 1399 sacro
3290 1345 3607 1412 comedunt,

344 1437 400 1482 et
433 1437 628 1498 praeter
658 1445 840 1486 mares
871 1445 1055 1485 nemo.
1091 1432 1359 1487 Cmterum
1393 1432 1649 1502 primitiae
1694 1445 1885 1485 omnes
1922 1438 1974 1483 et
2015 1429 2413 1500 redemptionis
2465 1432 2642 1501 pretia
2691 1432 2826 1501 ipsis
2863 1440 2917 1488 et
2950 1433 3206 1486 omnibus
3238 1432 3329 1501 qui
3372 1447 3494 1486 cum
3529 1435 3613 1488 eis

345 1528 479 1576 sunt
521 1531 628 1573 tam
665 1521 914 1578 maribus
955 1538 1119 1592 quam
1162 1522 1383 1580 feminis
1430 1524 1826 1576 attribuuntur.
1860 1521 2026 1574 Sacra
2057 1515 2259 1569 etenim
2308 1516 2376 1570 ad
2412 1516 2735 1572 sacerdotes
2765 1526 2820 1572 et
2849 1513 3046 1571 eoruni
3079 1517 3284 1571 liberos
3318 1519 3372 1570 in
3425 1533 3610 1571 sacer-

347 1608 500 1662 dotio
527 1623 882 1664 successores
917 1611 1219 1680 pertinent.
1252 1609 1540 1665 Munerum
1570 1623 1701 1663 vero
1745 1608 2050 1663 oblationes
2088 1605 2314 1659 familiis
2346 1606 2786 1662 sacerdotalibus
2828 1621 3152 1661 communes
3194 1616 3338 1661 sunt.
3377 1605 3614 1660 Verum-

346 1704 532 1751 tamen
565 1712 689 1750 eum
726 1698 821 1764 qui
855 1698 942 1754 his
969 1699 1270 1769 participat
1305 1698 1574 1753 mundum
1607 1711 1731 1752 esse
1759 1703 1995 1764 oportet,
2031 1707 2136 1746 non
2169 1694 2579 1762 prarputiatum,
2615 1709 2710 1748 seu
2748 1693 3126 1764 peregrinum,
3158 1707 3268 1747 non
3303 1694 3610 1762 leprosum,

346 1799 449 1837 nec
479 1783 872 1839 seminiiluum.
904 1786 1308 1842 Abstinendum
1342 1802 1474 1841 vero
1507 1786 1576 1840 ab
1609 1785 1677 1840 iis
1703 1799 1824 1854 qua:
1875 1797 1973 1852 per
2001 1785 2316 1855 allegoriam
2351 1784 2436 1839 his
2488 1785 2742 1854 corporis
2777 1784 3164 1840 aﬁectionibus
3211 1785 3613 1855 signiﬁcantur.

346 1868 535 1924 Talem
571 1871 737 1940 igitur
769 1886 894 1926 esse
933 1881 1149 1940 oportet
1183 1873 1421 1938 ﬁdelem,
1454 1872 1628 1943 pium,
1664 1880 1719 1927 et
1756 1871 2054 1928 virtutibus
2099 1873 2367 1927 deditum.
2403 1891 2420 1924 α
2463 1871 2668 1928 Foedus
2700 1872 2834 1928 salis
2884 1873 3287 1942 sempiternum
3320 1885 3424 1939 est,
3460 1892 3478 1924 ι
3529 1875 3639 1935 ἱιι-Δ

343 1957 490 2026 quit,
523 1967 576 2012 et
609 1959 1035 2014 commonefacit
1068 1961 1190 2030 ejus
1231 1961 1378 2029 quod
1414 1960 1468 2013 in
1506 1959 1751 2015 Levitico
1802 1959 2008 2012 dictum
2041 1962 2125 2012 est
2162 1973 2175 2011 :
2217 1975 2236 2008 ι
2276 1956 2412 2010 Cum
2445 1956 2593 2024 omni
2629 1955 2910 2010 oblatione
2946 1957 3114 2010 salem
3147 1955 3392 2012 oﬁ'eretis
3430 1956 3618 2010 Domi-

346 2059 424 2099 no
468 2043 577 2100 Deo
608 2055 793 2100 vestro
825 2048 894 2102 3‘.
935 2066 954 2099 ι
1016 2047 1503 2119 Conspergebatur
1552 2049 1697 2102 enim
1734 2047 1850 2101 sale
1897 2044 2141 2108 victima,
2194 2053 2247 2099 et
2274 2045 2647 2100 adornabatur
2687 2045 3096 2114 quodammodo
3134 2053 3193 2100 ut
3224 2045 3526 2115 prudenter
3555 2061 3621 2099 ac

345 2147 475 2186 cum
503 2132 715 2187 ratione
748 2132 914 2204 410
942 2133 1254 2188 offerretur.
1295 2129 1425 2188 Non
1461 2133 1607 2197 enim
1641 2133 1847 2201 absque
1879 2132 1993 2188 sale
2049 2134 2368 2188 comedetur
2404 2135 2586 2205 panis,
2638 2135 2784 2190 sicut
2832 2134 3099 2204 scriptum
3150 2141 3235 2190 est
3286 2135 3354 2188 ³³.
3408 2135 3476 2189 Ει
3517 2136 3624 2191 ite-

345 2233 472 2274 rum
507 2236 519 2271 :
559 2237 578 2270 ‹
608 2218 717 2274 Vos
754 2222 890 2276 estis
915 2221 996 2274 sal
1022 2231 1184 2276 terrae
1213 2221 1282 2277 ⁸⁸.
1334 2239 1352 2273 ι
1390 2221 1666 2276 Caeterum
1722 2220 1836 2274 haec
1869 2219 2197 2274 conﬁrmant
2229 2223 2584 2290 pronuntiata
2635 2236 2721 2286 ea,
2787 2221 2934 2289 quod
2985 2221 3183 2292 dignus
3231 2223 3302 2276 sit
3333 2224 3619 2293 operarius

347 2309 607 2364 mercede
659 2322 760 2364 sua
800 2309 869 2362 ⁸⁵.
909 2327 928 2361 ‹
998 2310 1164 2375 ltem,
1205 2311 1296 2380 qui
1339 2311 1482 2380 apud
1528 2311 1698 2364 altare
1749 2307 2044 2370 excubant,
2081 2307 2406 2378 participant
2438 2323 2655 2378 quoque
2691 2308 2873 2362 altari.
2907 2307 3079 2362 Porro
3109 2307 3365 2364 Davidem
3401 2324 3621 2380 quoque

349 2394 608 2450 modeste
638 2396 898 2451 sacerdos
930 2397 1238 2466 interrogat
1270 2413 1337 2452 an
1373 2397 1613 2452 mundus
1646 2395 1717 2451 sit
1741 2396 1857 2466 ipse
1888 2403 1942 2449 et
1971 2395 2102 2450 socii
2138 2395 2334 2464 ipsius,
2380 2410 2503 2450 cum
2538 2395 2714 2450 sacris
2746 2395 3079 2465 participare
3119 2396 3342 2460 vellent,
3383 2412 3490 2451 non
3529 2409 3622 2451 sa-

366 2482 640 2536 cerdotali
671 2484 804 2548 ritu,
839 2484 933 2538 sed
973 2493 1029 2539 ut
1067 2483 1374 2540 necessitas
1403 2484 1666 2548 dictabat,
1698 2497 1850 2537 more
1880 2481 2207 2543 domestico,
2240 2480 2494 2549 quamvis
2523 2495 2692 2549 panes
2727 2481 3120 2550 propositionis
3153 2491 3337 2536 essent
3358 2483 3426 2536 ⁸⁸.
3448 2484 3618 2551 Opor-

346 2575 432 2621 tet
465 2569 655 2638 itaque
687 2570 1067 2639 voluptatibus
1101 2571 1327 2627 minime
1354 2570 1514 2634 allici,
1565 2585 1743 2640 neque
1785 2569 1840 2624 in
1880 2583 1974 2622 eas
2007 2566 2191 2621 animo
2235 2565 2436 2631 delabi,
2480 2581 2580 2620 nec
2607 2567 2770 2620 etiam
2806 2567 2872 2618 ad
2903 2567 3166 2622 cadavera
3217 2577 3270 2622 et
3301 2583 3389 2623 res
3446 2584 3475 2622 a
3509 2567 3624 2624 Deo
3720 2553 3737 2570 ’

348 2655 566 2712 alienas
596 2658 895 2726 respicere.
927 2657 1406 2724 Quemadmodum
1437 2672 1568 2714 vero
1600 2657 1704 2728 ipsi
1736 2655 1991 2727 primitiae
2031 2661 2163 2710 sunt
2207 2653 2434 2723 populi,
2471 2653 2552 2708 sic
2583 2667 2649 2706 ex
2690 2653 2951 2723 primitiis
3001 2661 3404 2710 sustentantur.

427 2788 538 2843 Καὶ
566 2786 690 2844 πᾶν
717 2789 1024 2858 διανοῖγον
1051 2787 1260 2846 πᾶσαν
1285 2789 1526 2857 μήτραν
1567 2787 1686 2843 ἀπὸ
1729 2785 1935 2852 πάσης
1969 2767 1987 2824 ί

2111 2780 2383 2852 Quidquid
2439 2782 2670 2850 primunt
2714 2791 2951 2852 erumpet
3007 2800 3033 2837 e
3086 2783 3241 2838 vulva
3293 2801 3451 2854 quant
3489 2787 3620 2854 olfe-

349 2880 601 2949 σαρκὸς,
637 2881 754 2933 ὅσα
784 2879 1199 2948 προσφέρουσι
1231 2881 1424 2948 Κυρίῳ
1468 2879 1587 2935 ἀπὸ
1617 2878 1909 2946 ἀνθρώπω

2060 2883 2166 2928 'uut
2215 2873 2463 2938 Domino,
2501 2876 2609 2929 siue
2638 2890 2704 2928 ex
2751 2875 3049 2930 hominibus
3101 2878 3207 2930 sive
3248 2877 3311 2930 de
3344 2880 3620 2946 pecoribus

349 2968 466 3034 ἕως
503 2968 791 3036 κτήνους,
817 2969 918 3022 σοὶ
942 2969 1134 3024 ἔσται.
1191 2970 1344 3023 Ἀλλ’
1383 2969 1423 3036 ἢ
1463 2969 1761 3036 λύτρωσις
1826 2970 1905 3021 λυ

2061 2967 2226 3032 'uerit,
2277 2968 2355 3020 tui
2392 2969 2540 3036 juris
2571 2969 2692 3033 erit,
2742 2969 2819 3021 ita
2855 2967 3120 3022 duntaxat
3163 2980 3220 3022 ut
3248 2987 3344 3039 pro
3391 2970 3621 3025 [taminia

357 3057 725 3126 τρωθήσεται
772 3059 844 3113 τὰ
881 3063 1227 3130 πρωτότοκα
1278 3059 1398 3115 τῶν
1444 3058 1807 3127 ἀνθρώπων,
1840 3073 1914 3110 κα

2062 3060 2392 3130 trimogenito
2421 3061 2653 3128 pretium
2685 3061 2941 3126 accipias,
2973 3069 3024 3112 et
3073 3077 3225 3115 omne
3253 3063 3458 3115 animat
3483 3061 3622 3131 quod

354 3152 432 3204 τὰ
502 3154 850 3220 πρωτότοκα
915 3150 1036 3205 τῶν
1100 3151 1339 3219 κτηνῶν
1402 3150 1522 3204 τῶν
1586 3149 1914 3217 ἀκαθάρτωτ

2069 3153 2380 3207 mmundum
2409 3161 2488 3206 est
2528 3153 2717 3206 redimi
2764 3153 2958 3221 facias.
2991 3151 3130 3226 [15.]
3174 3153 3464 3210 Hominum
3498 3154 3623 3224 qui-

355 3242 662 3310 λυτρώσῃ.
746 3243 827 3296 Τὰ
887 3243 989 3313 μὲν
1042 3241 1152 3295 τῶν
1205 3242 1531 3314 ἀνθρωπων,
1597 3241 1683 3295 διὰ
1734 3241 1901 3312 τιμήν

2064 3245 2170 3301 lem
2208 3245 2570 3316 primogenita
2602 3255 2826 3315 propter
2856 3242 3206 3315 dignitatem,
3237 3248 3450 3302 ratione
3479 3250 3624 3302 enim

355 3333 417 3386 οὐ
447 3333 557 3402 γὰρ
591 3333 860 3402 σφακτέον
910 3333 978 3386 τὰ
1007 3333 1204 3402 λογικὰ
1261 3335 1318 3387 ὲν
1374 3333 1474 3401 ῐσῳ
1516 3334 1631 3395 τοῖς
1683 3332 1900 3400 ἀλόγοις

2067 3337 2283 3391 inedita
2354 3344 2600 3392 mactare
2650 3351 2758 3391 non
2812 3339 3070 3392 convenit
3121 3339 3265 3394 sicut
3313 3341 3492 3394 bruta.
3527 3339 3627 3394 Pe-

355 3425 426 3478 τὰ
480 3425 537 3478 δὲ
592 3424 699 3476 τῶν
753 3425 988 3496 κτηνῶν,
1048 3425 1115 3478 δι’
1178 3425 1438 3495 ἀτιμίαν,
1493 3425 1576 3477 ὃτι
1620 3423 1907 3488 ἀκάθαρτα

2062 3429 2250 3485 :udum
2281 3443 2408 3484 vero
2443 3438 2671 3500 propter
2704 3429 3101 3499 ignobilitatem
3141 3431 3272 3502 quia
3315 3431 3622 3494 immunda,

360 3519 454 3571 καὶ
492 3517 590 3588 τῆς
620 3519 698 3581 εἰς
729 3517 862 3571 Θεὸν
886 3519 1074 3573 ἀνόδου
1127 3517 1236 3571 τῶν
1291 3516 1475 3580 καλῶς
1532 3517 1920 3587 μεθισταμένωί

2065 3535 2150 3575 rec
2180 3520 2350 3574 ullum
2383 3520 2598 3590 signum
2647 3521 2851 3577 habent
2880 3536 3146 3578 ascensus
3193 3522 3286 3590 qui
3339 3523 3404 3575 ad
3456 3522 3625 3576 Deum

358 3611 546 3681 ψυχῶν
576 3612 674 3664 οὐκ
697 3611 808 3681 ἔχει
841 3611 1131 3682 σύμὸολον.
1171 3613 1214 3664 Τ
1218 3611 1246 3663 ὸ
1269 3611 1325 3664 δὲ
1357 3610 1552 3681 λύτρον
1585 3609 1697 3680 (66)
1745 3608 1820 3678 μὴ
1851 3609 1918 3660 ἐπ

2064 3595 2118 3667 ib
2171 3612 2371 3668 animis
2423 3613 2561 3668 bene
2631 3613 2916 3668 translatis
2977 3615 3080 3678 ﬁt,
3139 3614 3336 3668 redimi
3396 3613 3624 3682 permit-

362 3701 542 3775 φθορᾷ
589 3703 801 3768 παθῶν,
851 3703 966 3756 ἀλλ’
1011 3705 1105 3756 ἐπὶ
1148 3704 1260 3775 ζωῇ
1289 3703 1530 3773 κόσμου’
1557 3702 1638 3755 ὅτι
1675 3699 1922 3754 πέπονθε*

2068 3711 2264 3759 .untur.
2312 3706 2381 3759 At
2441 3719 2572 3760 vero
2608 3705 2858 3761 Christus
2892 3706 2983 3776 qui
3017 3705 3247 3775 pretium
3297 3705 3628 3773 redemptio-

363 3797 486 3850 ἀντὶ
501 3797 726 3850 δικαίων
754 3797 851 3850 καὶ
882 3797 1110 3860 ἀδίκων,
1143 3795 1402 3866 καθαρῶν
1429 3795 1524 3849 καὶ
1558 3793 1636 3865 μὴ
1660 3790 1920 3864 καθαρῶν

2071 3797 2142 3850 iis
2201 3803 2404 3851 nostrae
2463 3795 2639 3851 factus
2673 3834 2688 3860 ,
2745 3811 2854 3850 non
2916 3812 3014 3867 pro
3057 3797 3276 3852 interitu
3309 3837 3325 3861 ,
3379 3797 3472 3851 sed
3533 3810 3631 3866 pro

362 3890 474 3944 vita
531 3890 720 3944 mundi
776 3903 1078 3961 passusest.
1108 3891 1216 3947 Pro
1259 3891 1425 3962 justis
1495 3893 1642 3948 enim
1704 3901 1762 3949 et
1815 3892 2058 3963 injustis,
2109 3909 2207 3964 pro
2264 3895 2415 3964 puris
2454 3902 2510 3949 et
2559 3893 2790 3963 impuris
2844 3909 3042 3963 passus
3096 3900 3204 3958 est,
3268 3894 3631 3963 omnibusque

363 3983 703 4057 gratiﬁcatus
762 3994 870 4050 est,
915 3985 1082 4055 justis
1143 3986 1363 4056 quidem
1422 3985 1536 4056 (qui
1600 3987 1810 4041 ratione
1831 3987 2028 4054 _alium
2093 3998 2222 4058 typo
2260 3987 2654 4058 designantur)
2689 3995 2745 4041 ut
2800 3987 3006 4042 servari
3061 3994 3281 4057 possent
3323 3986 3464 4056 quod
3535 4004 3632 4056 per

364 4075 582 4142 seipsos
647 4087 756 4127 non
791 4081 1043 4142 poterant
1095 4090 1111 4128 :
1161 4074 1546 4144 peccatoribus
1599 4089 1730 4129 vero
1771 4074 1888 4144 (per
1917 4074 2076 4129 bruta
2138 4073 2500 4143 adumbratis)
2532 4081 2590 4128 ut
2635 4089 2664 4126 a
2715 4081 2888 4127 morte
2938 4071 3415 4127 transferrentur:
3473 4071 3632 4142 cujus

365 4160 572 4229 indigni
638 4158 854 4214 fuerant
910 4161 1129 4215 etiamsi
1189 4170 1310 4230 post
1375 4163 1832 4216 resurrectionem
1891 4161 2292 4231 judicarentur.
2360 4158 2831 4228 Quemadmodum
2903 4159 3183 4214 hominum
3241 4159 3461 4230 quidem
3516 4163 3631 4231 pri-

302 4284 306 4290 ›
367 4248 642 4317 mogenita
679 4248 798 4301 viva
841 4247 952 4302 Deo
987 4247 1306 4303 ministrare
1340 4263 1446 4302 non
1481 4262 1735 4318 possunt,
1759 4249 2118 4320 primogenita
2163 4264 2292 4304 vero
2347 4249 2665 4302 animalium
2699 4247 3104 4301 immundorum
3157 4263 3332 4317 neque
3363 4249 3430 4301 ad
3460 4250 3633 4303 sacri-

365 4335 550 4391 ﬁcium
605 4352 783 4406 neque
818 4336 884 4390 ad
915 4337 1283 4392 ministerium
1327 4354 1546 4393 sacrum
1577 4347 1700 4408 apta
1730 4345 1878 4392 sunt.
1921 4338 2026 4392 Pro
2055 4335 2275 4391 mundis
2315 4349 2444 4390 vero
2471 4335 2802 4388 animalibus
2847 4349 2955 4388 non
2991 4333 3196 4404 petitur
3233 4336 3629 4409 redemptionis

366 4425 625 4494 pretium,
672 4424 768 4479 sed
803 4425 1043 4479 victimae
1092 4425 1229 4478 ﬁunt
1279 4441 1378 4496 pro
1416 4427 1678 4496 primitiis
1709 4433 1762 4480 et
1805 4426 1966 4494 epulo
1995 4440 2182 4480 eorum
2220 4425 2311 4495 qui
2349 4424 2796 4479 immolaverunt.
2830 4423 2960 4490 Quae
2991 4439 3124 4478 sane
3158 4423 3385 4493 ﬁguram
3433 4428 3634 4495 prmio--

363 4523 495 4568 runt
540 4515 660 4585 ejus
716 4515 811 4585 qui
861 4530 1053 4570 revera
1098 4517 1338 4572 mundus
1367 4527 1451 4572 est
1484 4532 1550 4572 ac
1601 4515 2040 4586 primogenitus;
2076 4512 2167 4582 qui
2201 4528 2262 4568 se
2301 4527 2409 4566 non
2474 4511 2644 4575 dabit,
2703 4512 2983 4578 inquiens.
3022 4513 3463 4580 propitiationem
3535 4530 3634 4583 pro

365 4601 571 4670 seipso,
602 4611 656 4656 et
696 4603 931 4671 pretium
969 4604 1364 4672 redemptionis
1391 4618 1489 4672 pro
1514 4604 1702 4658 anima
1735 4618 1858 4658 sua.
1893 4600 2144 4668 Namque
2170 4600 2284 4653 haec
2320 4613 2417 4668 pro
2444 4598 2828 4669 primogenitis
2858 4597 3142 4650 hominum
3179 4597 3232 4651 in
3271 4597 3439 4668 ﬁgura
3473 4599 3634 4655 Clarit-

366 4688 439 4742 sti
466 4688 912 4746 immolabantur.
949 4687 1151 4743 Horum
1196 4693 1443 4760 sanguis,
1474 4691 1568 4759 qui
1603 4690 1901 4744 alfunditur
1927 4687 2106 4751 altari,
2150 4685 2420 4756 cujusque
2463 4686 2639 4739 virtus
2673 4684 2934 4737 consistit
2974 4683 3026 4736 in
3057 4685 3384 4739 ascensione
3426 4686 3631 4742 Christi

367 4775 462 4844 qui
497 4773 696 4842 recipit
722 4775 934 4829 animas
968 4776 1314 4844 sequentium
1355 4790 1435 4840 se,
1471 4777 1848 4831 decessionem
1898 4775 2206 4829 animorum
2256 4781 2574 4827 sanctorum
2610 4770 2980 4841 signiﬁcabat.
3019 4771 3202 4840 Adeps
3232 4788 3364 4827 ve—ro
3404 4773 3628 4828 uberta-

369 4872 475 4914 tem
507 4856 730 4914 vrrtutis
766 4859 873 4915 Deo
925 4859 1272 4928 familiarem.
1310 4862 1570 4918 Carnium
1626 4864 1866 4934 denique
1917 4863 2036 4934 ejus
2087 4860 2582 4918 sanctiﬁcationem
2615 4875 2737 4930 qua:
2768 4874 2834 4914 ex
2867 4874 3024 4915 saera
3074 4859 3216 4913 redit
3270 4861 3513 4914 victima.
3557 4860 3633 4918 De

367 4945 483 5001 sale
526 4953 687 4999 antea
720 4946 926 5000 dictum
954 4956 1058 5003 est.

405 5135 414 5139 _
439 5056 504 5112 In
523 5069 665 5113 terra
692 5060 928 5138 ipsorum
947 5078 1050 5116 non
1084 5071 1280 5118 sortem
1297 5062 1533 5120 habebis.
1558 5063 1771 5136 [XVII],
1793 5065 1910 5138 20.]
1933 5064 2254 5136 Separatum
2277 5070 2361 5119 est
2388 5063 2456 5119 ab
2485 5063 2608 5118 aliis
2641 5077 2813 5133 genus
2837 5077 3080 5126 sacrum,
3097 5077 3204 5116 non
3226 5062 3517 5118 ministerii
3543 5079 3632 5117 ra-

366 5144 515 5198 tione
542 5152 756 5198 tantum
805 5156 991 5201 utrum
1033 5147 1198 5201 etiam
1236 5149 1353 5218 spei
1387 5149 1722 5205 diﬁ‘erentia.
1758 5150 1831 5208 lis
1859 5153 2004 5206 enim
2036 5157 2128 5226 qui
2160 5158 2214 5211 in
2248 5156 2413 5212 rebus
2437 5156 2753 5211 carnalibus
2785 5170 2936 5224 spem
2981 5155 3276 5217 collocant,
3323 5156 3518 5210 merito
3553 5159 3631 5210 di-

366 5241 582 5285 ceretur
624 5234 856 5301 utique:
903 5253 922 5285 ι
962 5233 1086 5290 Haec
1117 5244 1202 5290 est
1242 5237 1423 5305 portio
1465 5245 1579 5302 tua,
1613 5238 1729 5294 haec
1776 5254 1898 5294 sors
1946 5249 2060 5298 tua.
2110 5263 2130 5296 ι
2179 5242 2315 5300 Sors
2347 5244 2594 5312 inquam,
2628 5242 2890 5310 quoniam
2938 5241 3073 5296 mihi
3119 5241 3422 5306 diiIitlistis,
3450 5244 3631 5313 inquit

368 5316 654 5374 Dominus.
697 5317 792 5376 llis
822 5335 953 5377 vero
993 5325 1086 5376 uui
1111 5338 1244 5393 opes
1279 5325 1332 5378 in
1360 5324 1500 5380 caelo
1531 5324 1797 5392 condunt,
1840 5325 1966 5396 hoc,
2002 5329 2058 5386 in
2120 5339 2264 5388 terra
2295 5347 2487 5388 eorum
2539 5330 2746 5384 nullam
2780 5329 3082 5400 portionem
3113 5328 3406 5384 obtinebis.
3457 5329 3628 5387 ltem:

438 5487 568 5563 α-οηιι
613 5488 738 5542 Cor.
772 5489 946 5563 v,_2l.
1057 5489 1102 5525 ⁸¹
1135 5496 1273 5550 Osee
1298 5460 1372 5563 tv,
1410 5496 1464 5550 8.
1540 5492 1590 5524 "
1632 5494 1806 5550 Levit.
1841 5509 1877 5548 ll
1907 5535 1922 5561 ,
1967 5495 2052 5549 i5.
2130 5495 2176 5527 ’⁸
2207 5491 2311 5551 Job
2356 5511 2431 5562 vr,
2461 5493 2513 5549 6.
2596 5493 2643 5525 ⁸⁵
2673 5491 2867 5547 Matth.
2898 5510 2949 5557 v,
2984 5493 3068 5550 l5.
3144 5493 3189 5525 "
3223 5492 3361 5549 Luc.
3402 5511 3456 5560 κ,
3497 5496 3551 5548 7.

368 5556 422 5590 ⁸⁸
453 5559 469 5612 l
500 5559 632 5629 Reg.
674 5575 788 5625 ut,
827 5560 860 5614 4
891 5575 1047 5631 seqq.

1943 5668 2175 5727 ΝοΤλΕ.

439 5783 550 5855 (66)
579 5783 812 5856 Χριστὸς
833 5783 890 5839 δὲ
912 5784 973 5840 τὸ
998 5783 1214 5856 λύτρον.
1273 5784 1330 5838 '0
1365 5785 1465 5856 τῆς
1494 5782 1631 5851 Aﬁr.
1666 5779 1798 5838 κὼδ.
