3950 6398
414 340 518 406 8:7
1748 324 2107 395 PROCOPII
2145 332 2389 393 GAZJEI
3605 338 3711 403 ω,

488 452 601 521 Ego
628 462 749 504 sum
791 447 972 519 portio
1005 453 1119 509 tua.
1157 454 1209 502 et
1239 445 1533 501 haereditas
1584 452 1699 501 tua.
1743 465 1762 498 ι
1800 445 1987 502 Talem
2039 461 2162 502 esse
2203 445 2374 501 voluit
2402 443 2660 502 Christus
2686 457 2812 502 eum
2847 442 3100 518 quicum
3125 445 3318 511 omnia
3367 445 3520 520 legis
3552 448 3715 511 focis-

415 547 520 602 set,
558 538 848 592 absolutus
882 551 1004 592 esse
1040 535 1224 598 vellet,
1269 549 1393 589 cum
1437 534 1658 605 inquit:
1690 553 1707 586 ι
1745 533 1935 588 Vende
1972 533 2262 589 facultates
2298 542 2444 599 tuas,
2492 534 2696 606 largire
2724 534 3085 606 pauperibus,
3112 541 3168 591 et
3193 550 3296 608 age
3327 550 3574 608 sequere
3608 558 3711 609 me,

416 627 759 705 habebisque
785 626 1101 679 thesaurum
1134 625 1189 678 in
1222 623 1384 678 caelis
1416 624 1723 694 repositum
1754 621 1822 676 ⁸⁷.
1870 640 1890 676 ι
1926 620 2045 676 Tali
2073 621 2209 677 dicit
2240 621 2409 677 David
2443 639 2456 677 :
2491 639 2511 675 ι
2557 620 2772 678 Laetare
2797 622 2853 677 in
2886 621 3145 691 Domino,
3176 631 3231 678 et
3265 639 3444 694 spera
3485 625 3543 681 in
3572 627 3712 697 ipso,

412 715 615 783 etipse
643 712 806 768 faciet
850 712 916 766 ⁸⁸.
956 729 976 764 ι
1013 711 1096 766 Ad
1141 726 1283 782 quos
1331 711 1512 781 inquit
1567 708 1828 765 Servator
1872 728 1886 764 :
1950 727 1970 761 ι
2034 708 2110 765 Ne
2158 710 2283 766 sitis
2316 710 2535 765 solliciti
2587 725 2690 781 pro
2721 710 2904 765 anima
2931 720 3121 767 vestra
3172 712 3311 781 quid
3341 712 3569 787 edendo
3596 731 3713 774 eam

413 802 763 863 sustentetis,
796 815 894 869 pro
922 814 1185 869 corpore;
1216 800 1372 865 item,
1398 796 1677 867 quomodo
1709 800 1888 867 ipsum
1924 798 2218 865 vestistis;
2255 798 2392 868 quin
2423 813 2655 868 regnum
2681 797 2778 854 Dei
2804 807 2859 854 et
2888 799 3166 869 justitiam
3195 800 3327 870 ejus
3361 802 3612 869 primum
3638 805 3717 857 in-

412 890 634 960 quirite,
668 889 762 941 ﬁet
799 887 945 942 enim
976 896 1034 941 ut
1070 888 1184 942 haec
1217 887 1404 941 omnia
1431 886 1591 941 vobis
1635 893 1987 955 apponantur
2027 884 2096 940 '9.
2146 903 2165 938 ι
2216 883 2488 941 Caeterum
2528 891 2758 957 peccata
2817 886 3022 942 iterum
3054 893 3218 942 vocat
3275 885 3574 944 sacrificia
3620 904 3715 960 pro

412 977 676 1048 peccatis,
707 990 829 1046 qua:
871 974 1101 1045 ﬁguram
1131 973 1342 1030 Christi
1374 989 1490 1044 prae
1523 987 1585 1029 se
1623 971 1830 1027 ferunt.

487 1082 621 1139 Cum
652 1083 969 1152 acceperitis
1003 1099 1036 1136 a
1062 1082 1196 1153 ﬁliis
1232 1081 1412 1137 Israel
1459 1081 1698 1137 decimas
1726 1098 1856 1151 quas
1887 1080 2009 1137 dedi
2050 1082 2195 1139 vobis
2223 1083 2495 1154 primitias
2547 1101 2734 1141 eorum
2761 1085 2948 1155 o/ferte
2978 1082 3235 1141 Domino.
3284 1083 3443 1159 [26.]
3475 1083 3536 1142 Id
3569 1089 3713 1159 quod

411 1172 615 1227 Levita:
646 1171 850 1242 populo
881 1179 1034 1236 sunt,
1084 1169 1294 1226 Levitis
1349 1170 1615 1226 sacerdos
1669 1178 1777 1235 est,
1809 1185 2082 1236 summus,
2136 1171 2385 1242 inquam,
2433 1174 2695 1229 sacerdos
2730 1174 2823 1245 qui
2863 1183 3057 1246 typum
3112 1174 3253 1243 gerit
3285 1174 3537 1230 Christi.
3574 1179 3710 1232 item

405 1262 563 1331 juxta
582 1260 839 1326 Paulum,
869 1259 963 1329 qui
995 1258 1237 1315 decimas
1270 1259 1497 1328 accipit,
1529 1256 1773 1313 decimas
1803 1259 2069 1326 persolvit
2092 1259 2160 1313 ὀ.
2189 1260 2356 1331 Atqui
2388 1269 2505 1315 tum
2536 1262 2756 1331 quidem
2805 1260 2977 1331 ﬁgura
3023 1261 3090 1317 ad
3129 1260 3551 1319 Melchisedech
3594 1279 3715 1320 sese

409 1347 710 1414 referebat,
740 1358 869 1420 post
897 1364 1028 1405 vero
1060 1348 1227 1404 etiam
1261 1349 1317 1404 in
1358 1349 1478 1419 lege
1509 1348 1653 1404 idem
1685 1349 1907 1407 evenit:
1952 1348 2195 1403 decimas
2227 1349 2375 1402 enim
2408 1348 2657 1419 pendunt
2703 1363 2876 1404 sacrae
2907 1349 3109 1405 domus
3140 1348 3445 1419 praefecto,
3482 1349 3708 1417 Sancto,

409 1441 656 1508 inquam,
682 1446 1003 1493 sanctorum
1043 1443 1250 1493 sanctae
1280 1426 1540 1492 Ecclesiae
1572 1436 1875 1492 secundum
1912 1435 2190 1490 Danielem
2208 1437 2252 1467 ⁹¹
2278 1477 2291 1500 ,
2324 1436 2639 1491 sanctificat
2682 1437 2828 1492 enim
2861 1445 3107 1492 sanctos.
3134 1434 3265 1491 Item
3301 1436 3425 1491 Deo
3451 1436 3706 1507 deorum,

408 1529 499 1583 cui
528 1527 709 1582 omnis
736 1525 957 1583 fructus
1002 1525 1255 1593 debetur,
1297 1526 1761 1596 quemadmodum
1796 1526 2062 1595 scriptum
2113 1534 2199 1581 est
2238 1527 2320 1594 ",
2372 1528 2639 1597 quoniam
2686 1542 2885 1584 omnes
2933 1528 3297 1599 undiquaque
3329 1528 3518 1598 ipsius
3560 1530 3701 1584 dona

408 1615 610 1671 ferent.
638 1616 983 1686 Quapropter
1008 1615 1054 1669 si
1087 1630 1151 1670 ex
1191 1614 1423 1670 decimis
1450 1613 1770 1669 Levitarum
1816 1613 2092 1684 primitias
2136 1629 2248 1669 non
2296 1614 2598 1685 acciperet,
2634 1630 2732 1671 eos
2758 1631 2983 1687 quoque
3014 1632 3128 1671 non
3161 1617 3584 1672 sanetiticaret.
3612 1617 3706 1672 Αι-

408 1721 519 1774 que
547 1705 654 1759 hoc
681 1714 768 1761 est
792 1704 940 1773 quod
991 1703 1193 1774 inquit,
1240 1710 1294 1759 et
1346 1722 1365 1756 ι
1409 1701 1612 1758 Sancta
1648 1702 1886 1756 filiorum
1918 1701 2084 1757 Israel
2114 1717 2183 1757 ne
2213 1702 2471 1772 polluatis
2497 1702 2658 1776 41],
2692 1712 2751 1758 ιιι
2776 1719 2885 1759 non
2915 1704 3228 1760 moriamini
3257 1705 3330 1758 ’⁸.
3369 1723 3390 1757 s
3426 1704 3548 1759 Hoc
3578 1721 3707 1763 sane

408 1802 573 1864 pacto
605 1800 878 1862 quotqu‘ot
894 1800 1224 1847 sanctorum
1264 1791 1550 1847 Christum
1576 1797 1802 1846 sanctas
1830 1789 2104 1859 primitias
2142 1805 2240 1860 pro
2270 1791 2472 1861 seipsis
2500 1793 2865 1847 constitutum
2905 1808 3053 1858 esse,
3089 1801 3145 1848 et
3177 1802 3414 1862 peccata
3455 1792 3707 1863 baiulare

406 1886 704 1947 noverunt,
730 1886 785 1937 et
817 1879 882 1933 ad
912 1876 1121 1933 Chriin
1142 1879 1525 1934 imitationem
1574 1889 1698 1935 sese
1727 1884 2098 1953 componunt,
2119 1876 2395 1948 peregrini
2429 1878 2573 1947 apud
2609 1878 2866 1934 homines
2899 1891 3052 1944 sunt,
3079 1880 3433 1950 minimeque
3455 1881 3701 1950 ipsorum

407 1975 725 2023 consortes.
772 1964 840 2020 Et
872 1963 929 2020 id
959 1965 1107 2036 quod
1137 1964 1274 2036 ipsis
1306 1964 1562 2020 Christus
1602 1974 1707 2029 est,
1734 1963 2059 2021 hominibus
2081 1965 2188 2035 ipsi
2222 1964 2539 2021 exsistunt:
2582 1966 2791 2021 Delecti
2819 1966 3045 2037 quidem
3074 1967 3143 2022 ab
3169 1967 3297 2038 ipso
3323 1968 3384 2022 in
3425 1969 3702 2039 primitias

408 2056 621 2119 mundi,
649 2054 872 2110 modum
913 2067 1041 2109 vere
1066 2052 1287 2109 vivendi
1329 2066 1498 2124 supra
1525 2051 1671 2123 vulgi
1715 2059 1995 2117 tenentes,
2034 2061 2261 2125 propter
2290 2053 2718 2109 sanctimoniam
2766 2070 2934 2125 quam
2978 2071 3077 2126 per
3103 2056 3397 2113 Christum
3429 2056 3694 2114 oderunt.

406 2142 680 2211 Quocirca
714 2141 985 2211 Christus,
1017 2155 1191 2212 panes
1231 2140 1436 2208 quibus
1487 2139 1790 2205 benedicit,
1826 2140 1883 2194 in
1914 2153 2112 2197 manus
2161 2140 2384 2210 accipit,
2434 2148 2490 2197 et
2546 2140 2839 2212 discipulis
2874 2144 3065 2200 tradit.
3118 2143 3312 2214 Neque
3347 2160 3490 2201 vero
3540 2147 3699 2216 vulgo

406 2230 645 2286 naturali
676 2230 893 2284 ratione
921 2228 1191 2285 excellere
1234 2226 1590 2298 cogitandum
1634 2233 1753 2293 est;
1796 2240 1924 2281 nam
1959 2241 2084 2282 cum
2115 2245 2146 2286 e
2182 2231 2389 2286 mundo
2433 2245 2541 2287 non
2570 2232 2660 2297 sit,
2689 2232 2847 2303 juxta
2872 2248 3096 2290 carnem
3130 2248 3161 2288 e
3189 2235 3406 2291 mundo
3431 2248 3542 2305 est,
3574 2244 3694 2292 cum

404 2330 459 2378 et
488 2320 794 2392 discipulos
842 2334 975 2375 suos
1032 2333 1064 2375 e
1093 2318 1299 2374 mundo
1331 2317 1637 2387 selegisset,
1675 2316 2141 2386 quemadmodum
2196 2330 2449 2374 summus
2490 2319 2744 2390 pontifex
2772 2335 2804 2376 e
2863 2321 3069 2391 populo
3124 2319 3376 2379 Levitas.
3420 2323 3508 2378 Ad
3537 2340 3694 2394 quem

405 2412 609 2464 dictum
645 2415 732 2463 est
767 2424 780 2462 :
823 2425 845 2459 ι
885 2405 1117 2463 Fratres
1143 2416 1267 2462 tuos
1296 2406 1438 2461 filios
1464 2403 1597 2460 Levi
1630 2404 1811 2460 adduc
1841 2404 1909 2459 ad
1950 2405 2210 2475 teipsum,
2243 2420 2307 2460 ac
2332 2405 2639 2476 iungantur
2671 2407 2791 2471 tibi,
2820 2422 2884 2463 ac
2917 2408 3015 2463 tibi
3045 2409 3396 2465 ministrent.
3435 2429 3457 2464 ι
3501 2409 3694 2469 Posset

404 2515 539 2555 vero
572 2509 761 2571 typum
811 2496 995 2553 adhuc
1027 2497 1363 2566 argutiorem
1399 2494 1609 2551 Christi
1643 2508 1837 2566 gerere
1862 2492 2096 2565 Moyses,
2125 2492 2221 2563 qui
2267 2508 2296 2546 a
2329 2493 2549 2548 nemine
2592 2494 2877 2549 hominum
2919 2505 3144 2560 unctus,
3179 2496 3468 2553 Aaronem
3518 2500 3691 2567 ungit,

405 2587 650 2644 divinam
680 2595 735 2642 et
768 2585 1104 2641 invisibilem
1133 2584 1452 2640 unctionem
1481 2582 1712 2637 habens.
1755 2578 1876 2635 Non
1920 2581 2066 2635 enim
2101 2581 2217 2636 fieri
2261 2581 2419 2646 solet,
2448 2588 2508 2635 ut
2544 2580 2776 2636 inferior
2818 2583 3135 2639 sanetillcet
3171 2587 3554 2655 superiorem,
3597 2586 3689 2642 sed

403 2676 583 2745 major
613 2674 879 2729 unctione
933 2672 1121 2730 divina
1157 2671 1313 2743 ungit
1346 2670 1637 2727 minorem.
1657 2668 2019 2741 Quapropter
2046 2667 2117 2726 de
2165 2668 2350 2739 seipse
2380 2667 2563 2740 inquit
2594 2668 2850 2727 Christus
2879 2688 2892 2726 :
2929 2690 2949 2724 ι
2980 2668 3141 2727 Hune
3165 2672 3321 2728 enim
3361 2671 3510 2729 Deus
3538 2680 3687 2746 pater

403 2761 799 2833 obsignavit".
832 2780 853 2814 ι
2322 2830 2327 2831 7

476 2857 607 2914 Hcce
636 2867 712 2913 est
742 2856 1063 2913 caeremonia
1095 2854 1225 2926 legis
1261 2870 1421 2926 quam
1453 2855 1711 2926 prwcepit
1742 2852 2030 2910 Dominus.
2064 2848 2233 2924 [XlX,
2262 2849 2347 2923 2.]
2387 2851 2447 2907 In
2480 2854 2585 2909 hoc
2619 2853 2769 2909 enim
2814 2861 3085 2927 mysterio
3118 2862 3233 2912 tota
3283 2857 3374 2914 vis
3406 2870 3548 2929 legis
3574 2856 3685 2930 spi-

402 2946 684 3004 ritualiter
709 2952 795 3000 est
826 2944 1114 3007 conclusa.
1156 2941 1294 2997 Nam
1332 2957 1507 2997 vacca
1551 2943 1645 2998 illa
1682 2943 1894 3012 integra
1929 2940 2187 2996 Christus
2236 2949 2342 2995 est.
2373 2940 2435 2994 In
2484 2957 2596 3010 quo
2642 2941 2870 3012 quidem
2916 2944 3056 2999 nihil
3097 2960 3280 3001 causa:
3319 2934 3683 3017 deprehendit

401 3034 595 3090 mundi
625 3033 918 3104 princeps.
959 3031 1065 3096 Qui
1099 3029 1307 3086 Iudaeis
1338 3029 1468 3085 item
1505 3030 1648 3086 dixit
1680 3046 1697 3085 :
1730 3049 1749 3083 ι
1783 3028 1922 3097 Quis
1953 3043 2039 3083 me
2063 3029 2278 3099 peccati
2306 3038 2503 3101 arguet
2529 3031 2618 3083 "7
2650 3049 2670 3083 ι
2715 3029 2865 3087 Idem
2901 3048 3036 3089 vero
3069 3035 3238 3090 etiam
3268 3037 3510 3105 vitulus,
3542 3037 3682 3092 sicut

407 3125 580 3190 Deus,
610 3124 846 3190 dicitur,
877 3130 934 3180 et
964 3122 1167 3178 ductor
1195 3120 1557 3178 universalis.
1588 3120 1709 3177 Jam
1739 3135 1874 3178 vero
1901 3117 2154 3190 quamvis
2181 3132 2346 3172 vacca
2380 3125 2610 3189 propter
2635 3134 2856 3175 carnem
2882 3121 3119 3192 imperio
3147 3123 3217 3177 sit
3235 3124 3476 3180 subdita
3503 3134 3556 3179 et
3587 3123 3685 3179 sub

403 3214 523 3284 iege
554 3211 815 3277 exsistat,
859 3224 887 3264 a
915 3209 1051 3282 jugo
1082 3217 1268 3265 tamen
1308 3209 1485 3265 libera
1519 3217 1628 3273 est,
1660 3208 1916 3278 subjacet
1955 3206 2101 3262 enim
2132 3204 2364 3271 nemini,
2394 3206 2528 3275 quin
2561 3207 2751 3276 potius
2788 3207 2838 3263 ei
2873 3209 3083 3265 omnia.
3131 3208 3267 3265 Nam
3306 3215 3441 3283 ipse
3464 3212 3681 3281 quidem

400 3298 804 3370 quamvis-sub
833 3298 954 3369 lege
969 3298 1076 3364 sit,
1109 3296 1361 3352 omnium
1396 3306 1577 3352 tamen
1610 3304 1696 3351 est
1720 3296 1993 3366 superior,
2030 3291 2286 3365 quamvis
2317 3293 2585 3363 prepheta
2614 3295 2710 3361 sit,
2754 3298 3157 3366 prophetarum
3188 3304 3388 3355 tamen
3422 3298 3681 3354 Dominus

398 3395 511 3442 est.
553 3383 706 3439 Rufa
742 3380 1083 3445 autem’fuit,
1118 3387 1414 3452 propterea
1444 3380 1591 3451 quod
1624 3380 1816 3435 modus
1841 3378 2159 3435 domestica:
2184 3381 2697 3437 administrationis
2720 3383 2995 3451 sanguine
3013 3385 3288 3451 constitit,
3315 3387 3498 3442 simul
3520 3387 3679 3442 etiam

396 3481 632 3545 propter
658 3486 909 3528 carnem.
939 3468 1157 3525 Etenim
1191 3469 1387 3524 Adami
1433 3484 1632 3525 nomen
1665 3468 1889 3523 rubram
1926 3475 2128 3523 terram
2175 3482 2241 3522 ex
2273 3483 2382 3538 qua
2435 3467 2767 3539 desumptus
2811 3478 2897 3526 est
2933 3472 3234 3542 significat.
3274 3473 3455 3528 Extra
3504 3482 3677 3530 castra

397 3577 534 3618 vero
568 3560 846 3628 educitur,
867 3559 1130 3630 quoniam
1156 3565 1315 3612 extra
1349 3557 1565 3624 urbem,
1585 3557 1891 3613 secundum
1917 3554 2237 3626 Apesolum,
2266 3569 2467 3624 passus
2496 3562 2583 3610 est
2614 3555 2682 3611 “.
2707 3554 2977 3611 Caeterum
3010 3561 3270 3615 sacerdos
3297 3562 3526 3616 interim
3553 3563 3674 3616 dum

392 3655 744 3704 mactaretur
776 3646 990 3712 aderat,
1022 3659 1188 3715 quem
1239 3643 1451 3714 alioqui
1482 3643 1776 3698 cadaveris
1819 3642 2139 3714 spectaculo
2175 3642 2346 3713 pollui
2380 3643 2539 3698 nefas
2580 3652 2722 3711 erat,
2765 3650 2826 3698 ut
2859 3646 3242 3701 testimonium
3290 3650 3541 3705 victima:-
3564 3663 3676 3719 per-

400 3732 620 3789 hiberet
656 3730 980 3787 munditiei.
1018 3728 1169 3797 Quae
1214 3730 1366 3785 inter
1387 3745 1593 3786 omnes
1627 3729 1768 3785 alias
1804 3730 2057 3784 victimas
2091 3730 2265 3785 libera
2306 3737 2452 3796 erat,
2494 3746 2679 3801 neque
2704 3731 2912 3792 odiosa
2947 3734 3425 3803 quemadmodum
3458 3752 3535 3792 eae
3562 3751 3674 3807 quae

403 3839 506 3894 pro
535 3820 782 3893 peccatis
817 3818 1205 3885 immolantur,
1250 3834 1377 3873 cum
1413 3834 1478 3874 ea
1511 3832 1613 3887 pro
1641 3818 1974 3889 purgatione
2004 3817 2419 3873 immundorum
2448 3824 2505 3872 et
2539 3819 2986 3875 manumissione
3029 3835 3320 3876 servorum
3354 3825 3669 3880 crederetur.

401 3908 676 3964 Caeterum
714 3907 773 3963 in
818 3906 925 3962 hoc
956 3915 1146 3977 typum
1183 3913 1385 3962 sancto
1429 3904 1643 3976 Spiritu
1671 3904 2042 3961 delibulorum
2064 3903 2315 3974 praetulit
2341 3903 2628 3960 sacerdos.
2671 3905 2754 3961 Ad
2789 3906 3085 3964 credentes
3118 3910 3264 3964 enim
3296 3909 3516 3966 dictum
3553 3920 3672 3966 est:

404 4016 430 4050 1
469 3996 582 4052 Vos
614 4010 747 4052 vero
773 4009 948 4066 genus
978 3995 1244 4060 electum,
1281 3995 1466 4066 regale
1492 3993 1890 4063 sacerdotium,
1918 4008 2051 4063 gens
2079 3996 2370 4060 sancta",
2410 4015 2430 4049 ι
2457 3995 2665 4066 quibus
2700 4012 2731 4051 a
2763 3996 2875 4052 Deo
2909 3996 3074 4054 Patre
3099 3999 3262 4057 datus
3284 4015 3377 4057 εει
3399 4001 3667 4064 Christus,

399 4072 799 4148 sanctificatio,
825 4080 1224 4151 redemptionis
1248 4083 1508 4152 pretium,
1545 4081 1839 4154 sapientia,
1881 4090 2134 4137 servator
2166 4089 2221 4137 et
2247 4080 2492 4151 justitia.
2523 4084 2676 4148 Quos
2704 4091 2926 4155 Oportet
2951 4090 3221 4157 consequi
3253 4088 3465 4160 ipsum,
3498 4104 3561 4144 ac
3581 4104 3670 4158 op-

401 4170 691 4243 probrium
706 4168 850 4239 ejus,
891 4167 998 4222 hoc
1018 4176 1128 4235 est,
1165 4170 1446 4240 propriam
1474 4184 1696 4225 crucem
1725 4168 1887 4224 ferre.
1925 4185 1943 4219 ι
1980 4166 2038 4225 Si
2072 4168 2199 4238 quis
2217 4167 2364 4222 enim
2396 4182 2484 4223 me
2514 4169 2630 4224 vult
2654 4170 2996 4237 consectari,
3026 4171 3225 4243 inquit,
3256 4175 3496 4247 abneget
3534 4176 3670 4245 seip-

403 4276 554 4325 sum,
583 4267 640 4312 et
665 4258 938 4327 suscipiat
959 4271 1185 4317 crucem
1216 4273 1399 4326 suam,
1429 4267 1487 4315 et
1504 4268 1773 4329 sequatur
1800 4274 1886 4314 me
1910 4257 1979 4312 ⁸⁸.
2016 4275 2036 4310 ι
2071 4254 2226 4323 Quos
2255 4254 2390 4310 utile
2429 4272 2654 4327 quoque
2693 4266 2748 4314 et
2781 4272 3012 4315 necesse
3044 4268 3134 4317 est
3155 4262 3230 4317 ob
3255 4266 3453 4320 oculos
3478 4264 3670 4318 habere

403 4356 685 4402 mortuum
711 4342 1022 4399 Christum.
1060 4343 1297 4416 Insuper
1324 4332 1378 4400 et
1411 4346 1547 4402 illud
1582 4346 1956 4417 significatum
1982 4351 2068 4398 est
2095 4343 2200 4398 hoc
2231 4344 2380 4413 quod
2407 4345 2673 4400 sacerdos
2699 4347 3029 4402 mactationi
3073 4362 3258 4405 vacca
3287 4351 3560 4416 interfuit,
3583 4365 3664 4414 ne,

403 4442 466 4489 ιιι
504 4432 808 4504 Apostolus
852 4430 1256 4502 interpretatur
1301 4434 1405 4487 sibi
1444 4434 1582 4504 ipsis
1629 4433 1867 4504 amplius
1913 4432 2122 4500 vivant,
2160 4436 2253 4491 sed
2282 4436 2332 4491 ei
2366 4436 2457 4506 qui
2512 4451 2612 4507 pro
2650 4437 2789 4507 ipsis
2831 4447 3090 4495 mortuus
3136 4446 3311 4497 estet
3347 4440 3663 4498 resurrexit.

409 4543 428 4575 ι
453 4519 720 4577 λυιιειιίιιι
745 4518 859 4575 Ι)εο
898 4520 1105 4587 vivam,
1135 4522 1338 4592 inquit,
1363 4536 1489 4576 cum
1528 4520 1756 4575 Christo
1784 4521 2085 4577 crucifixus
2115 4538 2260 4577 sum.
2293 4523 2427 4578 Vivo
2467 4532 2653 4578 autem
2690 4540 2799 4579 non
2836 4540 2938 4593 ego
2961 4514 3227 4596 amplius,
3250 4529 3346 4583 sed
3378 4532 3432 4583 in
3469 4544 3552 4583 me
3589 4527 3662 4579 vi—

401 4609 851 4674 vit'Christus”,
894 4626 914 4661 δ
951 4609 1045 4679 qui
1078 4611 1306 4681 proprio
1337 4625 1440 4664 suo
1462 4609 1738 4679 sanguine
1759 4623 1943 4664 veram
1969 4609 2272 4663 Ecelesiam
2321 4611 2690 4666 tabernaculo
2713 4613 3101 4668 adumbratam
3155 4617 3489 4689 conspergit
3509 4624 3557 4669 et
3593 4614 3664 4667 ir-

396 4699 549 4768 rigat
582 4710 650 4750 ac
698 4695 921 4751 abunde
945 4696 1310 4768 perfectoque
1340 4697 1719 4758 sanctificat,
1767 4695 2233 4765 quemadmodum
2285 4712 2383 4767 per
2431 4699 2618 4766 septies
2658 4699 3030 4768 significatum
3077 4708 3185 4757 est.
3233 4703 3506 4759 Caeterum
3549 4707 3662 4771 post

398 4772 801 4838 maCta’tionem
836 4784 961 4853 igne
978 4785 1346 4848 comburitur,
1376 4800 1501 4838 nam
1536 4783 1603 4838 ad
1637 4799 1812 4853 usque
1839 4792 2074 4838 mortem
2106 4784 2364 4838 Christus
2392 4800 2492 4854 pro
2509 4786 2671 4840 nobis
2706 4795 2954 4843 tentatus
2976 4797 3095 4857 est;
3131 4790 3257 4859 igne
3292 4792 3437 4844 enim
3472 4790 3660 4858 proba-

403 4885 495 4929 tur
520 4883 834 4944 argentum,
869 4877 1013 4930 sicut
1042 4875 1209 4931 David
1240 4877 1426 4946 inquit
1458 4892 1470 4928 :
1503 4894 1522 4927 ι
1553 4873 1832 4939 Probasti,
1863 4872 2027 4939 Deus,
2060 4872 2352 4944 perignem
2381 4872 2592 4928 duxisti
2623 4874 2770 4929 sicut
2799 4883 3085 4944 argentum
3108 4877 3331 4930 ducitur
3357 4880 3396 4931 '.
3429 4895 3447 4929 ι
3482 4876 3660 4941 Itaque

402 4980 467 5018 ex
512 4963 1002 5031 lidejustilieatos,
1043 4978 1143 5032 pro
1186 4964 1390 5033 quibus
1432 4972 1685 5017 mortuus
1730 4971 1818 5016 est
1853 4960 2265 5030 quodammodo
2313 4958 2532 5014 aﬂatur.
2561 4959 2627 5013 Et
2661 4976 2758 5031 per
2797 4960 3126 5017 Zachariam
3156 4964 3339 5034 inquit
3372 4983 3385 5018 :
3417 4983 3435 5016 ι
3478 4963 3660 5018 Cedite

397 5052 717 5108 mercedem
766 5066 947 5106 meam
985 5052 1213 5122 triginta
1249 5052 1442 5108 siclos.
1476 5051 1548 5105 Et
1588 5048 1733 5104 dixit
1765 5048 2039 5105 Dominus
2080 5047 2149 5103 ad
2178 5063 2265 5103 me
2300 5064 2314 5101 :
2342 5047 2542 5118 Ahjice
2574 5049 2681 5104 hoc
2713 5050 2779 5104 ad
2808 5050 3059 5118 figulum,
3087 5059 3143 5105 et
3181 5051 3471 5107 considera
3502 5061 3656 5119 quam

396 5140 759 5209 magnificum
779 5141 871 5195 ~sit
909 5140 1043 5195 illud
1077 5140 1318 5210 pretium
1345 5153 1459 5210 quo
1495 5138 1626 5193 lieui
1657 5139 1727 5192 ab
1761 5139 1843 5193 eis
1868 5140 1910 5191 '.
1940 5156 1960 5189 ι
1995 5138 2170 5191 Porro
2202 5137 2259 5189 in
2299 5151 2468 5190 vacca
2497 5137 2638 5190 nihil
2670 5144 2757 5192 est
2783 5137 3137 5207 rejectitium.
3172 5139 3347 5194 Totus
3374 5139 3514 5194 enim
3539 5149 3658 5190 san-

398 5239 529 5281 ctus
555 5234 640 5279 est
668 5225 950 5292 Christus,
977 5234 1032 5281 et
1059 5211 1325 5281 carnibus
1356 5235 1411 5281 ct
1442 5225 1762 5296 tergoribus
1787 5236 1896 5278 tam
1912 5224 2152 5279 occultis
2185 5238 2349 5293 quam
2386 5222 2720 5279 manifestis.
2744 5222 2979 5294 Lignum
3010 5239 3143 5279 vero
3172 5225 3455 5280 ccdrinum
3488 5225 3656 5277 incor-

405 5313 829 5382 ruptibilitatem
859 5315 1064 5379 innuit,
1092 5314 1552 5384 putrefactionem
1580 5314 1729 5368 enim
1751 5310 1981 5382 refugit,
2008 5328 2106 5368 seu
2139 5320 2200 5365 ut
2227 5306 2581 5383 quorundam
2610 5322 2697 5367 est
2729 5313 3003 5367 sententia
3034 5327 3280 5378 crucem,
3307 5310 3649 5383 quemadmo-

404 5399 536 5454 dum
563 5400 711 5455 enim
732 5401 878 5456 illud
908 5402 1228 5472 putredinis
1253 5416 1453 5468 expers
1483 5406 1589 5467 est,
1624 5401 1700 5455 ita
1729 5400 1844 5454 haec
1878 5400 2003 5454 vita:
2027 5399 2357 5470 participem
2393 5398 2578 5454 efﬁcit.
2611 5399 2889 5454 Caeterum
2917 5399 3196 5472 hyssopus
3224 5401 3647 5474 purificationem

405 5487 672 5552 denotat;
699 5488 808 5543 vim
848 5492 997 5544 enim
1030 5479 1318 5561 purgandi‘
1334 5504 1462 5544 cum
1492 5489 1716 5553 habeat,
1748 5502 1887 5558 pura
1918 5488 2198 5546 viscerum
2229 5487 2446 5543 emollit
2481 5497 2537 5543 et
2565 5485 2821 5544 defaecat.

474 5643 520 5712 f7
558 5639 753 5695 Matth.
788 5658 906 5708 xix,
936 5641 1030 5696 2|.
1134 5642 1180 5675 ⁸⁸
1216 5641 1363 5698 Psal.
1408 5658 1598 5705 xxxvr,
1641 5641 1697 5697 5.
1776 5641 1831 5712 "7
1858 5640 2060 5712 Matth.
2097 5657 2171 5705 vl,
2206 5641 2305 5709 25,
2336 5641 2444 5712 551
2489 5643 2536 5674 ⁹⁰
2567 5640 2735 5701 Hebr.
2769 5655 2866 5707 vu,
2896 5640 2931 5695 2
2971 5658 3127 5712 seqq.
3208 5644 3252 5676 ’ί
3294 5631 3637 5712 οιιιιιιιρὸε

402 5713 452 5745 τ’
482 5710 500 5767 Ι
532 5712 663 5767 Cor.
698 5728 786 5777 xv,
814 5701 905 5777 '26,
941 5713 1034 5766 27.
1133 5714 1179 5746 ⁸³
1228 5712 1403 5769 Levit.
1441 5729 1556 5775 χιι,
1588 5701 1685 5767 12.
1794 5711 1842 5746 ³⁸
1877 5710 1962 5766 lo:

2077 5701 2302 5775 vt,'27.'
2342 5714 2388 5744 ”
2416 5710 2578 5767 Joan.
2615 5728 2732 5778 vm,
2766 5701 2863 5769 46.-
2935 5713 2982 5746 "
3025 5701 3193 5769 Hebr.
3230 5729 3349 5777 xm,
3400 5707 3485 5766 i2.
3521 5701 3637 5758 ’"l

395 5780 558 5840 Petr.
601 5796 660 5850 ιι,
691 5783 745 5837 9.
860 5785 907 5819 ’⁸
936 5780 1135 5840 Matth.
1165 5798 1282 5853 xvr,
1317 5781 1411 5841 ει.
1524 5784 1570 5819 ⁹⁹
1602 5782 1783 5839 Calat.
1819 5797 1881 5850 ιι,
1917 5787 1955 5839 t‘.

1951 5783 2006 5851 9,
2051 5782 2145 5839 20.
2224 5784 2241 5814 ¹
2278 5783 2428 5854 Psal,
2461 5798 2601 5857 μιν,
2641 5783 2730 5840 10.
2809 5784 2830 5815 ¹
2878 5780 3114 5843 Zachar.
3172 5799 3253 5853 xi,
3308 5782 3393 5852 12,
3420 5782 3510 5838 15.
