3950 6422
365 442 477 506 849
1308 434 1321 443 ’
1460 444 1994 507 COMMENTARII
2023 446 2100 506 IN
2142 441 2537 506 NUMEROS.
3528 434 3633 498 85.0

445 555 738 619 Ὕσσωπος
762 554 839 623 δὲ,
862 555 943 610 ὅτι
968 554 1169 627 εὐωδίᾳ
1187 555 1287 628 τὴν
1308 555 1575 612 δυσωδίαν
1604 556 1699 612 τοῦ
1722 556 1954 615 θανάτου
1987 576 2005 626 Α

2135 557 2244 612 Seu
2277 557 2435 627 quod
2460 557 2666 626 lignum
2714 551 2900 609 crucis
2927 550 3098 607 odore
3129 548 3292 622 412
3325 564 3425 605 suo
3473 550 3634 606 l'mto-

365 648 707 705 κατέπαυσε.

2165 664 2175 700 ι
2218 647 2416 704 mortis
2466 647 2559 718 qui
2591 662 2622 702 e
2659 646 2807 718 ligno
2857 642 3101 701 scientia:
3139 642 3441 715 prodierat,
3488 641 3638 728 miti-
3707 712 3725 726 τ

2057 739 2228 811 gavit.

441 870 546 927 Seu
580 872 726 944 quod
760 873 910 929 vitali
943 874 1126 931 calore
1157 873 1512 947 [rigiditatem
1550 891 1672 948 quae
1726 876 1782 931 in
1837 882 2013 934 morte
2049 879 2216 935 insita
2265 886 2361 935 est
2389 879 2663 935 dissolvit.
2696 876 2874 932 Filum
2955 889 3087 930 vero
3130 870 3415 929 coccinum
3483 882 3635 923 com-

361 961 676 1032 plexionem
727 964 951 1020 denotat
987 967 1220 1022 rationis
1251 982 1375 1023 cum
1420 982 1604 1031 carne,
1630 984 1726 1040 per
1749 983 1913 1039 quam
1948 984 2046 1039 pro
2086 973 2247 1028 nobis
2281 989 2483 1043 passus
2520 967 2956 1027 immortalitatis
2993 967 3175 1022 locum
3214 963 3373 1018 nobis
3422 975 3639 1031 praepa-

362 1052 531 1107 ravit.
583 1052 718 1107 item
774 1055 1012 1125 expungi
1064 1056 1338 1110 maculam
1394 1056 1703 1112 visceribus
1754 1058 1993 1112 inustam
2043 1066 2098 1112 et
2135 1073 2232 1128 per
2261 1059 2580 1114 tinctionem
2622 1057 2915 1113 salutarem
2956 1060 3011 1108 et
3047 1068 3142 1124 per
3188 1051 3444 1105 virtutem
3491 1046 3637 1113 ﬁdei,

362 1158 477 1197 non
516 1144 663 1198 enim
694 1146 882 1201 carnis
919 1147 1191 1215 depositio
1225 1147 1470 1201 sordium
1536 1154 1631 1203 est
1655 1149 1906 1212 remotio,
1946 1145 2142 1216 inquit,
2180 1145 2277 1200 sed
2336 1145 2690 1201 conscientiae
2733 1144 2891 1198 bonae
2933 1137 3288 1207 interrogatio
3334 1151 3432 1206 per
3470 1149 3636 1204 quam
3709 1139 3712 1143 '

361 1229 694 1284 delictorum
749 1241 834 1287 est
887 1234 1175 1302 remissio;
1216 1234 1489 1303 siquidem
1519 1228 1695 1304 gratia
1725 1249 1849 1289 eum
1892 1236 2265 1307 consequitur,
2297 1237 2390 1306 qui
2423 1251 2545 1291 eam
2576 1234 2631 1288 in
2664 1224 2767 1287 fide
2800 1237 3172 1286 consectatur.
3207 1226 3348 1291 Quin
3381 1225 3544 1280 etiam
3584 1223 3633 1274 is

362 1317 462 1385 qui
507 1318 782 1373 comburit
845 1327 899 1374 et
934 1321 983 1374 is
1041 1321 1136 1390 qui
1169 1322 1377 1391 colligit
1413 1322 1649 1388 cineres,
1681 1322 1749 1376 ad
1794 1337 2075 1392 vesperam
2109 1337 2284 1393 usque
2339 1331 2467 1377 sunt
2513 1318 2800 1375 immundi.
2864 1316 3084 1370 Necnon
3125 1313 3382 1369 sacerdos
3422 1324 3641 1380 quoque

362 1403 462 1472 qui
515 1406 735 1460 cineres
790 1407 1084 1461 admiscuit
1133 1408 1421 1464 cedrinum
1461 1408 1668 1480 lignum
1730 1418 1784 1464 et
1827 1410 2142 1481 hyssopum.
2204 1411 2273 1463 At
2324 1409 2378 1465 hi
2416 1409 2633 1479 quidem
2681 1406 2882 1461 ablutis
2928 1401 3269 1457 vestimentis
3311 1398 3473 1454 etiam
3515 1412 3640 1451 cum

367 1491 575 1545 mundi
598 1492 731 1555 sint,
784 1493 1053 1547 immundi
1102 1508 1226 1549 esse
1260 1494 1549 1561 dicuntur;
1589 1496 1678 1551 lex
1732 1496 1876 1549 enim
1906 1497 2157 1551 humana:
2191 1505 2401 1551 natura;
2439 1493 2868 1550 imbecillitatem
2910 1489 3134 1544 revelat.
3164 1487 3312 1542 Adeo
3340 1495 3397 1540 ut
3426 1494 3644 1539 sancto-

362 1591 489 1630 rum
529 1593 693 1633 ncmu
749 1592 781 1633 a
821 1581 985 1636 sorde
1025 1583 1095 1636 sit
1138 1581 1402 1637 immunis
1431 1581 1473 1636 ⁸.
1507 1582 1659 1637 Adeo
1707 1593 1762 1637 ut
1796 1581 2104 1639 Servatoris
2146 1583 2452 1639 ministerio
2497 1582 2699 1652 dignus
2744 1579 2817 1635 sit
2865 1591 3045 1643 nemo,
3085 1590 3152 1629 ne
3196 1588 3340 1628 unus
3371 1572 3588 1643 quidem
3625 1612 3639 1635 ,

368 1662 488 1719 imo
515 1679 617 1720 nec
641 1675 702 1719 ut
728 1668 989 1737 mysteria
1020 1667 1139 1737 ejus
1181 1667 1383 1723 delibet
1417 1682 1481 1723 ac
1519 1670 1771 1738 attingat.
1814 1668 1977 1725 Astra
2021 1669 2166 1725 enim
2226 1670 2516 1739 puritatem
2544 1682 2727 1722 coram
2785 1680 2852 1719 eo
2896 1663 3147 1717 obtinere
3185 1667 3482 1730 nequeunt,
3546 1657 3643 1712 ait.

362 1748 587 1818 Quanto
623 1752 808 1809 minus
849 1768 1040 1809 eorum
1095 1755 1295 1826 aliquis
1315 1756 1407 1826 qui
1442 1756 1561 1827 puri
1593 1771 1717 1812 esse
1757 1757 2115 1812 aestimantur.
2166 1756 2326 1826 Atqui
2361 1756 2615 1826 purgatio
2643 1768 2704 1809 ea
2761 1766 2883 1822 quae
2912 1766 3008 1822 per
3036 1750 3252 1804 cineres
3284 1748 3343 1802 tit
3370 1762 3437 1801 ex
3487 1759 3646 1815 atquo

361 1838 536 1898 servit
571 1836 800 1896 Hebraeo
844 1850 899 1897 et
948 1841 1193 1898 advenae.
1245 1842 1514 1909 Quoniam
1568 1852 1622 1900 et
1651 1844 2000 1900 circumcisio
2027 1851 2081 1898 et
2111 1844 2432 1914 pra~putium
2459 1857 2525 1897 ex
2559 1840 2664 1896 ﬁde
2692 1839 3050 1909 justilicatur,
3077 1835 3226 1890 nullo
3254 1833 3507 1888 videlicet
3557 1846 3648 1885 re.

362 1930 562 1993 spectu
600 1924 721 1995 ejus
751 1926 898 1995 quod
950 1935 1149 1982 natura
1188 1937 1371 1983 nostra
1426 1930 1666 1999 peccatis
1722 1944 1832 1984 non
1888 1940 2089 1997 careat,
2132 1932 2337 1985 habito.
2376 1929 2506 1985 Item
2533 1928 2623 1998 qui
2659 1927 2716 1981 in
2748 1925 3052 1979 ministerio
3101 1928 3399 1993 cperantur
3434 1933 3649 1989 purga-

362 2010 508 2065 tioni
545 2011 976 2080 immundorum,
1008 2028 1132 2070 cum
1192 2031 1381 2072 eorum
1441 2016 1783 2071 immunditia
1813 2017 2165 2087 participant.
2198 2015 2354 2083 Quod
2394 2032 2528 2072 sane
2581 2014 2639 2068 lit
2670 2013 2725 2068 in
2758 2013 2878 2082 ipso
2926 2011 3089 2078 hujus
3120 2009 3243 2063 vita:
3300 2007 3554 2071 articulo.
3591 2005 3648 2059 in

360 2112 480 2167 quo
513 2099 792 2171 principes
842 2117 968 2157 cum
1002 2102 1234 2158 subditis
1281 2104 1672 2174 depravantur,
1719 2104 2175 2174 quemadmodum
2205 2104 2384 2160 Josias
2426 2116 2550 2160 cum
2603 2101 2824 2172 populo.
2855 2100 2914 2153 In
2950 2112 3058 2169 quo
3102 2103 3449 2166 peccatorum
3509 2107 3649 2162 quo-

358 2200 476 2255 que
509 2187 691 2242 socios
723 2204 783 2245 se
811 2189 1022 2244 faciunt
1064 2205 1461 2261 saepenumero.
1504 2191 1972 2258 Quemadmodum
1997 2190 2175 2248 Moses
2221 2192 2444 2262 perﬁdia
2487 2189 2670 2260 pepuli
2700 2188 2980 2249 irritatus,
3034 2193 3089 2239 et
3135 2183 3200 2237 ad
3254 2180 3507 2251 loquendi
3538 2181 3646 2234 im-

361 2272 625 2344 pietatem
664 2275 933 2334 adductus
990 2278 1117 2334 fuit.
1183 2278 1337 2334 Sicut
1380 2287 1434 2333 et
1484 2278 1684 2344 Petro,
1721 2279 1943 2349 quando
2000 2281 2250 2334 homines
2299 2275 2737 2334 circumcisionis
2800 2273 3100 2337 extimuit,
3160 2271 3490 2339 quandoque
3554 2283 3644 2323 se-

356 2361 550 2431 junxit
578 2377 750 2433 genus
804 2363 1093 2421 Iudaicum
1159 2381 1187 2420 a
1220 2368 1431 2436 gentili,
1471 2367 1688 2424 accidit.
1720 2368 1853 2434 Quae
1879 2384 2013 2427 sane
2054 2384 2161 2422 non
2189 2367 2265 2421 ita
2292 2375 2454 2422 erunt
2510 2365 2566 2419 in
2595 2361 2781 2417 futuro
2818 2360 3046 2432 judicio,
3078 2357 3296 2429 quando
3322 2356 3544 2410 malitia:
3579 2368 3643 2408 ac

366 2450 585 2519 peccati
631 2452 909 2509 vinculum
943 2455 1316 2526 ahrumpetur.

437 2578 890 2651 Oportuitautem
930 2585 1273 2657 inquinatum
1312 2603 1451 2660 aqua
1480 2589 1820 2649 lustrationis
1847 2605 1997 2661 cons]

2086 2590 2132 2663 gi
2156 2605 2253 2647 seu
2287 2590 2432 2646 ablui
2482 2588 2642 2644 tertia
2685 2593 2741 2643 et
2796 2585 3026 2656 septima
3067 2581 3177 2639 die.
3233 2579 3362 2634 Hanc
3406 2575 3646 2649 quidem.

375 2679 521 2736 aqua
571 2669 847 2738 signiﬁcat
896 2675 1377 2731 resurrectionem.
1425 2674 1663 2747 Tempus
1707 2679 1836 2733 item
1897 2678 2257 2734 novissimum
2291 2678 2345 2731 in
2397 2675 2544 2747 quod
2593 2673 2789 2729 incidit
2820 2669 3149 2736 incarnatio,
3184 2668 3239 2721 in
3279 2665 3423 2737 quod
3474 2664 3641 2720 simul

363 2753 633 2809 coincidit
659 2758 914 2828 purgatio
942 2773 1063 2829 quae
1108 2775 1203 2830 per
1226 2761 1553 2831 baptismum
1585 2770 1819 2831 constat,
1852 2762 2165 2835 Christique
2187 2770 2414 2818 mortem
2440 2762 2641 2825 innuit,
2676 2774 2797 2831 quae
2821 2758 3059 2812 indicata
3084 2768 3303 2826 quoque
3353 2762 3438 2807 est
3491 2764 3636 2820 aqua

364 2839 650 2898 cineribus
705 2844 960 2914 subacta,
1026 2856 1083 2903 et
1133 2849 1376 2906 maculas
1407 2865 1474 2905 ex
1524 2851 1883 2907 cadaveribus
1949 2858 2260 2906 contractas
2298 2850 2532 2906 eluente.
2576 2846 2751 2902 Porro
2796 2844 2991 2901 domus
3033 2852 3086 2898 et
3122 2857 3263 2905 vasa
3292 2839 3497 2911 polluta
3543 2853 3644 2893 nos

368 2926 573 2983 iterum
606 2944 822 2987 sumus.
870 2932 950 2988 Ac
975 2933 1174 2991 domus
1212 2937 1431 3006 quidem
1471 2935 1759 3008 Synagoga
1817 2953 2007 2993 eorum
2055 2937 2149 3007 qui
2182 2935 2469 2990 Dominum
2517 2933 2857 2998 occiderunt,
2878 2940 2982 2986 est.
3023 2929 3166 2984 Vasa
3205 2942 3336 2983 vero
3397 2934 3669 2982 nostrum.

367 3013 573 3085 singuli
620 3025 750 3072 sunt
775 3028 1047 3091 quotquot
1073 3023 1317 3078 animum
1358 3022 1559 3079 habent
1599 3026 1831 3090 nudum,
1887 3039 1951 3080 ac
1979 3024 2267 3094 quibusvis
2301 3020 2732 3093 inquinamentis
2785 3019 3051 3090 patulum.
3079 3015 3295 3072 Fideles
3333 3028 3466 3069 vero
3517 3014 3641 3066 ani-

372 3113 525 3156 mum
561 3102 763 3160 habent
797 3105 936 3162 bene
998 3108 1290 3175 munitum,
1324 3118 1379 3165 et
1409 3111 1853 3180 inquinatoribus
1879 3112 2173 3167 lubricum.
2200 3110 2473 3166 Caeterum
2515 3106 2831 3163 immundus
2882 3113 2966 3160 est
2998 3104 3091 3174 qui
3124 3118 3221 3174 per
3262 3115 3459 3172 aquam
3532 3099 3647 3154 lus»

372 3188 631 3247 trationis
671 3202 972 3264 purgatus,
1005 3196 1100 3265 qui
1126 3200 1374 3252 saucium
1426 3199 1720 3268 contingit,
1776 3214 1902 3253 eum
1940 3199 2150 3254 scilicet
2184 3198 2342 3267 cujus
2388 3212 2484 3252 cor
2544 3194 2859 3250 carnalibus
2888 3190 3267 3247 affectionibus
3303 3190 3648 3244 vulneratum

369 3284 479 3339 est,
508 3277 638 3331 item
659 3294 722 3334 os
738 3281 1114 3343 cadaveris.id
1133 3294 1239 3348 est,
1271 3284 1610 3354 impuritatis
1627 3286 1913 3355 reliquias,
1938 3294 2033 3339 aut
2051 3291 2466 3339 monumentum
2494 3282 2735 3337 hominis
2770 3278 3062 3342 inhumati,
3087 3277 3140 3333 id
3162 3286 3247 3333 est
3275 3316 3290 3339 .
3322 3277 3415 3347 qui
3464 3274 3648 3345 aliquo

370 3362 540 3418 modo
555 3363 813 3421 defuncta
832 3367 1145 3437 impuritate
1170 3385 1291 3428 sese
1317 3371 1538 3441 polluit:
1560 3372 1799 3442 quandiu
1821 3372 2040 3428 enimin
2055 3372 2157 3426 hac
2175 3374 2281 3425 vita
2302 3384 2513 3434 sumus,
2541 3369 2659 3424 ﬁeri
2681 3383 2789 3423 non
2813 3374 3010 3438 potest.
3039 3375 3097 3421 ut
3117 3381 3222 3420 non
3244 3364 3450 3434 aliqua;
3476 3365 3660 3433 impu-

370 3450 554 3509 ritatis
586 3453 833 3521 reliquiae
846 3455 1004 3511 nobis
1021 3455 1338 3525 inhaereant,
1352 3460 1604 3529 quamvis
1631 3475 1661 3514 a
1682 3460 1930 3517 vulnerih

2090 3457 2302 3513 tholicis
2329 3457 2502 3512 simus
2526 3456 2761 3511 liberati.
2786 3453 2961 3509 Nemo
2992 3453 3138 3510 enim
3174 3453 3243 3509 ab
3261 3451 3650 3507 aﬂectionibus

369 3537 555 3593 evadit
578 3541 822 3597 omnino.
848 3540 991 3608 Quin
1012 3543 1112 3598 etsi
1138 3558 1232 3600 cas
1250 3545 1636 3613 devicerimus,
1656 3555 1713 3603 et
1736 3547 2171 3617 sepeliverimus,
2198 3542 2448 3612 contagio
2470 3550 2652 3598 tamen
2674 3540 2911 3612 quodam
2943 3553 3133 3595 eorum
3187 3538 3486 3593 inﬁcimur.
3513 3534 3648 3591 Om-

318 3651 323 3655 ι
383 3626 537 3680 nium
578 3643 709 3683 vero
749 3629 947 3684 horum
1004 3631 1255 3702 purgatio
1287 3631 1539 3691 Christus
1583 3643 1688 3691 est.
1737 3635 2007 3691 Cicatrice
2031 3631 2176 3688 enim
2221 3630 2394 3700 ipsius
2431 3644 2533 3684 nos
2571 3643 2765 3684 omnes
2786 3627 2964 3685 sanati
2997 3640 3221 3690 sumus,
3274 3625 3366 3695 qui
3410 3624 3643 3679 advoca-

374 3720 469 3768 tus
517 3724 703 3771 noster
742 3724 827 3772 est
857 3715 1000 3785 apud
1029 3716 1244 3773 Patrem
1297 3759 1312 3774 .
1353 3739 1371 3770 ι
1403 3718 1521 3775 Nisi
1553 3722 1703 3776 enim
1730 3722 1856 3792 quis
1878 3728 2233 3793 regeneratus
2264 3719 2426 3775 fuerit
2462 3734 2529 3776 ex
2563 3732 2702 3788 aqua
2739 3725 2794 3772 et
2815 3717 3032 3786 spiritu,
3086 3716 3402 3786 neutiquam
3440 3714 3526 3769 in.
3561 3730 3645 3768 re-

373 3821 541 3877 gnum
573 3809 837 3862 cmlorum
879 3809 1214 3880 ingredietur
1239 3812 1283 3868 ⁸.
1323 3831 1344 3865 ι
1371 3812 1526 3879 Quod
1576 3815 1735 3871 nobis
1800 3823 2014 3887 tempus
2067 3822 2188 3885 post
2222 3828 2451 3882 vespera
2475 3829 2505 3865 n
2539 3819 2595 3865 et
2624 3810 2746 3864 linis
2798 3808 2931 3879 legis
2962 3818 3070 3863 est.
3108 3805 3359 3860 Diluculo
3390 3804 3535 3859 enim
3566 3804 3646 3858 si-

376 3894 527 3950 milis
586 3904 670 3950 est
697 3895 963 3953 adventus
1006 3896 1237 3965 Christi,
1291 3901 1559 3973 siquidem
1591 3903 1659 3959 iis
1688 3903 1779 3973 qui
1821 3903 1877 3959 in
1929 3902 2168 3959 tenebris
2197 3908 2253 3955 et
2281 3899 2473 3954 umbra
2499 3898 2694 3953 mortis
2713 3895 2993 3961 sedebant,
3030 3893 3234 3949 affulsit
3256 3892 3367 3946 lux.
3390 3905 3581 3961 magna
3603 3899 3646 3950 ⁸.

447 4045 558 4097 Καὶ
589 4040 781 4119 ἧλθονς
806 4049 860 4102 οἱ
884 4048 999 4102 υἱοὶ
1034 4048 1278 4118 Ἰσραὴλ
1316 4049 1486 4107 πᾶσα
1535 4052 1573 4120 ἡ
1631 4054 1954 4125 συναγωγή
1994 4037 2007 4094 1

2148 4054 2411 4109 Venerunt
2433 4062 2606 4106 autem
2640 4050 2743 4120 ﬁlii
2775 4048 2948 4104 Israel
2979 4090 2994 4115 ,
3021 4049 3293 4103 uniuersus
3321 4044 3520 4100 scilicet
3545 4059 3639 4096 cae~

372 4137 462 4201 εἱς
489 4135 605 4202 τὴν
634 4136 858 4207 ἔρημον
883 4138 1011 4207 Σίν,
1044 4140 1114 4194 ἐν
1138 4141 1218 4206 τῷ
1251 4141 1403 4210 μηνὶ
1430 4140 1509 4208 τῷ
1556 4142 1786 4212 πρώτῳ.
1845 4147 1932 4199 Κα

2086 4160 2156 4199 rus
2197 4146 2250 4199 in
2280 4144 2547 4199 desertum
2590 4141 2714 4207 Zt'n,
2746 4158 2920 4196 mense
2959 4142 3155 4208 primo.
3184 4136 3326 4211 DLK,
3361 4133 3439 4208 1.]
3483 4134 3646 4188 lude-

370 4226 449 4289 ὡς
474 4227 940 4298 ἁπροσδιορίστως
974 4227 1185 4302 [φησὶν,
1215 4231 1285 4285 ἐν
1312 4231 1391 4297 τῷ
1412 4232 1562 4302 μηνί
1595 4234 1676 4300 τῷ
1703 4235 1921 4305 πρώτῳ

2084 4239 2217 4293 inite
2263 4237 2359 4302 ait,
2397 4251 2574 4289 mense
2623 4235 2823 4302 primo,
2870 4248 2973 4289 nec
3028 4230 3313 4303 apposuit,
3346 4229 3644 4310 Postquam

373 4316 472 4369 καὶ
496 4316 555 4369 οὐ
578 4318 941 4390 προσέθηκεν,
972 4320 1371 4389 ἐξεληλυθότων
1399 4323 1579 4378 αὐτῶν
1608 4327 1673 4378 ἐκ
1706 4302 1810 4397 ﬁt;
1854 4302 1933 4380 Ᾰί·

2168 4329 2272 4383 essi
2300 4327 2527 4382 fuerunt
2561 4341 2626 4380 ex
2662 4335 2807 4381 terra
2849 4302 3094 4397 Egypti,
3133 4338 3259 4377 cum
3294 4337 3457 4391 supra
3492 4302 3651 4375 dixe‘
3724 4354 3728 4357 ς

372 4405 606 4474 γὺπτου.
643 4408 791 4461 Ἀνω
827 4408 956 4481 γὰρ,
1000 4411 1191 4483 φησὶν,
1226 4411 1286 4465 ὲν
1336 4412 1414 4482 τῷ
1443 4413 1607 4467 πέντε
1663 4415 1757 4469 καὶ
1796 4416 1929 4472 δεκά

2084 4420 2146 4473 rit
2174 4418 2324 4488 quod
2389 4416 2667 4473 secundus
2704 4417 2942 4472 inStabat
2971 4431 3169 4471 annus.
3216 4413 3318 4469 Hic
3365 4426 3495 4467 vero
3535 4410 3644 4480 prie

372 4511 476 4565 τῳ,
503 4495 596 4549 καὶ
627 4495 687 4551 ἐν
730 4496 809 4568 τῷ
832 4499 1068 4569 είκοστῷ
1098 4500 1380 4571 κεφαλαίῳ
1411 4501 1547 4573 (67),
1581 4503 1664 4556 ὅτι
1704 4503 1932 4577 δεύτεροι

2086 4525 2216 4564 nunt
2245 4508 2379 4564 dicit
2404 4524 2647 4564 mensem
2672 4525 2737 4562 ex
2765 4508 3130 4577 quadraginta
3166 4506 3327 4561 annis
3360 4504 3486 4558 istis
3505 4517 3646 4573 quos

372 4590 680 4660 ἐνειστήκει
725 4590 866 4656 ἔτος.
909 4590 1051 4645 Ἀλλ’
1088 4592 1323 4647 ἐνταῦθα
1353 4593 1500 4665 μῆνα
1548 4594 1766 4666 «psset:
1820 4616 1932 4671 φησ

2084 4599 2327 4655 Dominus
2356 4616 2454 4656 eos
2483 4602 2537 4654 in
2562 4599 2795 4653 deserto.
2814 4590 2933 4652 fore
2959 4606 3046 4652 est
3090 4596 3357 4651 minatus.
3391 4593 3467 4647 En
3499 4594 3644 4646 enim

370 4681 468 4733 τὸν
497 4681 607 4734 τῶν
636 4684 1048 4754 τεσσαράκοντα
1081 4684 1239 4749 ἐτῶν,
1286 4685 1323 4740 ἃ
1354 4685 1652 4756 ἠπείλησεν
1703 4690 1901 4755 αὐτοὺς

2082 4699 2418 4747 evertuntur
2443 4691 2639 4745 iterum
2676 4690 2732 4743 in
2761 4690 3041 4745 desertum
3064 4687 3186 4742 Zin.
3212 4685 3369 4742 Unde
3397 4699 3492 4740 eos
3524 4698 3642 4737 mo-

372 4767 510 4834 θεὸς
535 4769 757 4826 ἔσεσθαι
785 4773 843 4826 ὲν
879 4775 947 4844 τῇ
988 4773 1203 4845 ἐρήμῳ,
1239 4774 1298 4826 ὲν
1343 4773 1423 4844 τῷ
1476 4774 1707 4846 εἰκοστῷ
1755 4775 1932 4849 πρώτᾳ

2082 4785 2208 4840 risse
2252 4783 2420 4838 tradit
2445 4791 2500 4838 et
2536 4782 2715 4853 longis
2745 4790 2901 4838 actos
2942 4782 3226 4838 erroribus
3269 4777 3556 4835 advenisse
3586 4776 3642 4830 in

288 4934 299 4939 ‘
371 4860 656 4933 κεφαλαίῳ
693 4862 829 4935 (68).
866 4864 997 4917 Ἰδοὺ
1027 4865 1137 4935 γὰρ
1165 4864 1327 4919 πάλιν
1345 4864 1688 4938 ὑπέστρεφον
1735 4867 1817 4932 εἰς

1675 4884 1688 4920 ι
1735 4867 1817 4932 εἰς
1863 4868 1962 4941 τὴν
2062 4872 2262 4938 Cades,
2292 4888 2402 4942 quo
2435 4872 2818 4942 exploratores
2847 4879 2979 4927 sunt
3006 4871 3235 4927 reversi.

371 4952 582 5023 ερ”ὶμον
629 4954 779 5018 Σινάο
809 4954 932 5009 ὅθεν
974 4956 1141 5034 φησὶν
1178 4956 1487 5026 ἀπηρκὲναι
1531 4958 1751 5023 αὖτοὺς,
1794 4960 1852 5012 ὲν
1901 4960 1981 5029 τῷ
2050 4964 2280 5034 εἰκοστῷ
2341 4963 2622 5034 κεφαλαίῳ
2669 4962 2779 5034 (69)
2816 4980 2829 4994 '
2891 4964 2988 5017 καὶ
3042 4962 3213 5016 πολλὰ
3281 4957 3641 5029 πλανηθέντες

373 5043 769 5115 παραγίνονται
798 5047 855 5099 ἐν
877 5046 1062 5117 Κάδης
1094 5025 1267 5101 Ῡὸπου
1303 5042 1443 5113 ἦσαν
1490 5047 1541 5101 οἱ
1572 5050 1915 5104 κατάσκοποι
1982 5053 2426 5127 ὑποστρέψαντες
2463 5054 2600 5124 πρὸς
2622 5054 2862 5125 Μωῠσῆν
2902 5055 2995 5107 καὶ
3051 5054 3148 5122 τὴν
3184 5049 3527 5118 συναγωγὴν,
3576 5048 3632 5097 ὲν

370 5134 456 5206 τῷ
493 5136 723 5208 εἰκοστῷ
749 5137 948 5208 πρώτῳ
976 5138 1256 5209 κειραλαίῳ
1285 5138 1423 5212 (70).

447 5291 596 5350 'Job
624 5311 734 5360 xiv,
761 5296 813 5349 4.
889 5297 913 5326 ⁸
941 5295 1046 5350 lsa.
1100 5311 1218 5360 uti,
1258 5296 1314 5351 5.
1391 5298 1414 5330 '
1452 5298 1612 5355 Joan.
1654 5316 1733 5369 tn,
1763 5303 1822 5360 5.
1898 5304 1922 5336 ⁸
1951 5302 2007 5358 ls:

1100 5311 1218 5360 uti,
1258 5296 1314 5351 5.
1391 5298 1414 5330 '
1452 5298 1612 5355 Joan.
1654 5316 1733 5369 tn,
1763 5303 1822 5360 5.
1898 5304 1922 5336 ⁸
1951 5302 2053 5358 lsa.
2097 5318 2174 5363 ιι.
2202 5302 2280 5369 2-,
2324 5302 2461 5359 Luc.
2489 5301 2647 5358 1.79.

1866 5441 2099 5497 ΝΟΤΛΕ.

446 5554 563 5630 (67)
581 5555 716 5630 Obiit
738 5553 928 5630 ταρταῌ
940 5555 1329 5630 τὰ-θςεφάλαια,
1355 5556 1480 5609 οὐδὲ
1507 5557 1581 5630 τὰν
1602 5558 1726 5628 ἑξῆς
1753 5577 1962 5630 μνημοο
1988 5565 2031 5622 C
2065 5560 2166 5629 τῆς
2188 5560 2385 5617 ἐκδόσε,

373 5614 658 5709 νεῦόμένα..
675 5627 733 5678 ὲν
757 5623 835 5703 τῷ
867 5626 965 5695 τῆς
1164 5614 1522 5709 θεώδςῖεεῖταιε
1561 5614 1829 5709 fuizép'eé
1996 5614 2031 5622 —
2405 5626 2483 5709 τῷ
2720 5620 2817 5708 τοΰ
2837 5628 2920 5709 10
2951 5647 3073 5699 κεφ.
3106 5630 3215 5709 suav
3255 5629 3424 5709 ’.ξριῦΖ

380 5713 470 5772 σιν
506 5697 565 5772 ξεν
591 5693 829 5772 emito?)
861 5711 900 5763 ι,
925 5693 1022 5750 παὶ
1050 5699 1109 5750 ὲν
1138 5697 1216 5767 τῷ
1248 5713 1264 5750 ι
1311 5696 1388 5750 ἐδ.
1427 5696 1521 5750 τοῦ
1566 5701 1598 5753 υ
1664 5693 1789 5769 κέφ.
1847 5693 1954 5753 ἐῶν
1986 5744 1997 5750 -
2137 5693 2249 5772 (70)
2289 5693 2476 5772 Ἐνεῷ
2504 5699 2573 5753 42
2602 5700 2678 5751 ὲδ.
2702 5697 2792 5752 τοῦ
2834 5700 2896 5753 12
2946 5693 3071 5772 x535.
3120 5702 3230 5755 ea»
3292 5693 3463 5768 'Apzﬁ’.
3504 5695 3642 5749 ταύιρ

410 5765 803 5841 λρξρ,·ὲῖ⁵’ἕίν·,
859 5837 879 5841 _
925 5836 970 5841 ,,
1088 5835 1110 5841 _
1469 5838 1489 5841 _
1564 5839 1598 5841 μ
1691 5765 1752 5841 4⁷
1832 5840 1839 5841 ί
2060 5765 2156 5841 τηᾴ
2182 5766 2277 5841 τῆς
2311 5765 2487 5823 ἐκδὸσ.

454 5834 566 5903 (68)
627 5835 813 5907 Ἐντῷ
855 5837 885 5891 8
921 5836 995 5890 ἑδ.
1022 5835 1115 5890 τοῦ
1164 5837 1227 5891 Η
1260 5854 1382 5906 κεφ.
1423 5838 1531 5892 τῶν
1563 5839 1732 5909 Ἀριθ.
1795 5840 1952 5909 τῆσδε
2117 5834 2141 5841 Ἀ
