3950 6440
371 386 471 452 851
1466 412 1471 415 τ
1707 404 1931 466 PROCC

2118 406 2331 467 nam
2760 364 2769 373 ’
3571 406 3678 471 sse

372 497 544 555 Porro
567 498 731 572 413
770 517 918 573 aquae
943 521 1009 560 ex
1042 517 1193 576 petra
1232 511 1668 579 emanationem,
1699 515 1793 572 alii
1819 517 1932 587 qui-

2123 517 2234 590 Τὴν
2271 517 2364 571 τοῦ
2399 515 2593 582 ὓδατος
2614 518 2680 571 ὲκ
2710 517 2808 589 τῆς
2840 516 3049 591 πέτρας
3082 517 3272 591 ῥύσιν,
3301 516 3360 571 οι
3417 514 3526 588 μὲν
3577 518 3678 589 τὴν

371 589 492 644 dem
525 593 773 683 eamdem
806 592 873 649 de
900 609 1007 665 qua
1045 595 1102 650 in
1149 595 1342 653 Exodo
1384 616 1510 656 esse
1554 603 1801 669 tradunt,
1852 607 1931 661 ali.

2116 589 2232 682 ϋτὴν
2264 605 2402 664 εἶναι
2431 627 2565 680 φασι
2593 610 2732 681 (τοί)
2758 612 2825 683 τῇ
2858 612 2918 664 ὲν
2946 589 3013 683 ἐπῇ
3054 589 3263 682 meum
3300 627 3318 643 -
3361 612 3417 664 ot
3465 609 3528 663 δὲ
3560 610 3676 682 (Ἱί)

370 696 504 737 vero
525 682 712 750 aliam,
738 685 1007 756 siquidem
1032 694 1284 758 tempora
1309 691 1551 748 variant.
1576 694 1930 754 Nihilominu:

2121 703 2275 773 ἐραν,
2302 703 2430 771 εῐγε
2460 702 2557 756 καὶ
2583 704 2634 755 οἱ
2664 682 2847 773 χρόνόι
2875 682 3148 775 διάφοροι.
3172 702 3337 776 Πλὴν
3370 703 3428 756 si
3464 700 3547 774 μὴ
3592 702 3680 758 λέ-

373 777 554 829 tamen
591 777 805 846 priores
839 777 979 833 hanc
1001 780 1386 849 repetitionem
1418 799 1550 841 esse
1572 780 1840 844 dicerent.

1572 780 1840 844 dicerent.
2058 810 2210 862 γοιεν
2238 796 2287 847 ot
2316 793 2543 865 πρῶτοι,
2584 794 2925 866 ὲπανάληψιν
2956 791 3118 849 εἶναι.

445 913 549 1003 Qui
574 930 704 1003 vero
725 916 888 1003 aliam
913 932 1038 974 esse
1070 928 1348 985 asserunt,
1380 921 1434 976 id
1469 923 1651 993 ipsum
1673 925 1753 981 sic
1787 937 2067 996 astruunt,
2089 931 2234 1002 quod
2265 930 2537 1001 siquidem
2568 930 2811 1001 populus
2834 942 2986 985 retro
3014 929 3210 1000 pedem
3240 944 3353 1000 per
3384 927 3677 984 desertum

369 1001 579 1098 tulerit,
612 1002 703 1098 siti
734 1003 804 1057 oh
819 1001 1277 1098 desperationem
1320 1008 1388 1063 de
1413 1012 1783 1080 promissione
1820 1001 2463 1089 bonorumiconceptam
2501 1017 2861 1073 laboraverit.
2923 1017 3198 1071 (laterum
3245 1015 3455 1072 Moses
3491 1016 3680 1071 denuo

370 1087 509 1159 ipsis
561 1088 756 1181 irrigat
800 1087 1083 1181 desertum
1119 1135 1134 1160 ,
1173 1110 1271 1165 per
1330 1106 1566 1166 petram,
1612 1115 1678 1155 ac
1727 1104 2064 1172 paenitentiae
2106 1105 2269 1176 quale
2297 1087 2368 1160 sit
2405 1104 2736 1176 mysterium
2776 1104 2959 1159 docet.
2998 1101 3310 1175 Postquam
3370 1102 3532 1157 enim
3588 1119 3682 1174 pe-

370 1186 511 1231 "3'"
545 1176 1099 1251 τίθειιειθνθτειιιιέ·;ι‹1
1141 1183 1455 1253 voluptates
1486 1184 1842 1258 Egyptiacas
1879 1193 2126 1247 animum
2160 1191 2493 1247 reﬁexerunt
2523 1193 2749 1246 iterum.
2779 1190 3059 1256 Quocirca
3086 1188 3235 1245 fame
3268 1196 3333 1245 et
3369 1189 3575 1258 inopia
3602 1204 3683 1243 re-

369 1279 493 1319 rum
532 1266 601 1321 ad
628 1268 795 1321 vitam
830 1268 1048 1324 utilium
1072 1271 1400 1341 puniuntur.
1458 1272 1951 1335 Veruntenimvero
1981 1286 2107 1350 post
2146 1288 2327 1335 actam
2361 1278 2746 1349 paenitentiam
2778 1317 2795 1343 ,
2832 1284 3050 1347 petram
3085 1276 3238 1330 illam
3294 1290 3479 1346 quam
3514 1276 3679 1331 dese-

370 1364 602 1425 ruerunt
628 1356 711 1412 eis
742 1356 991 1412 invenire
1030 1356 1160 1412 licet
1194 1356 1426 1414 iterum.
1472 1359 1539 1414 Et
1564 1361 1678 1418 hzec
1714 1365 1936 1434 quidem
1984 1368 2086 1421 illi.
2129 1367 2295 1438 Atqui
2346 1381 2479 1422 vero
2526 1380 2653 1420 cum
2693 1364 2891 1420 molles
2926 1362 3201 1419 lsraelitae
3235 1372 3473 1425 essent,
3506 1378 3681 1432 parvo

370 1439 557 1510 aliquo
596 1442 949 1498 incommodo
976 1442 1139 1514 genio
1173 1459 1365 1500 eorum
1408 1444 1644 1513 oﬁ‘enso,
1687 1452 1952 1521 magistro
1977 1470 2078 1511 suo
2111 1455 2383 1509 insultant
2414 1454 2708 1518 continuo,
2737 1460 2795 1507 et
2836 1451 3033 1507 beatos
3066 1451 3403 1522 praedicant
3439 1465 3545 1506 eos
3583 1451 3677 1520 qui

370 1535 605 1599 propter
632 1530 983 1585 coturnicum
1017 1530 1314 1601 ingluviem
1360 1533 1716 1621 interici-ant,
1745 1553 1847 1593 nec
1879 1543 2230 1612 perpendunt
2270 1544 2492 1597 interim
2536 1541 2681 1611 quod
2712 1539 2859 1595 dona
2890 1554 3131 1611 quaeque
3178 1538 3680 1595 excellentissima

373 1629 403 1668 a
438 1617 726 1673 laboribus
757 1633 976 1688 semper
1019 1620 1395 1691 excipiuntur.
1421 1617 1778 1701 QuaprOpter
1803 1626 1890 1683 his
1926 1628 2281 1686 all‘ectionum
2315 1630 2455 1684 telis
2508 1628 2737 1683 fortiter
2769 1637 2967 1683 contra
2998 1634 3085 1682 est
3117 1626 3416 1682 eundum.
3468 1624 3677 1680 Verum

371 1705 491 1761 haec
523 1720 613 1761 res
646 1705 985 1773 hominibus,
1023 1706 1127 1763 sub
1155 1707 1275 1780 lege
1306 1708 1488 1766 fraudi
1526 1711 1631 1767 fuit
1660 1713 1809 1781 ideo,
1833 1726 1894 1770 ut
1924 1714 1977 1772 hi
2009 1719 2101 1788 qui
2128 1719 2182 1772 in
2211 1717 2435 1772 Christo
2470 1724 2648 1785 agunt
2676 1715 2810 1786 quid
2835 1714 2941 1770 sibi
2967 1720 3226 1785 paratum
3261 1721 3453 1779 esset,
3476 1726 3679 1766 cerne-

370 1801 516 1850 rent.
553 1793 726 1881 Porro
746 1810 870 1850 cum
897 1796 1011 1866 jam
1043 1798 1290 1854 novisset
1316 1799 1456 1856 Deus
1506 1816 1672 1881 quam
1707 1806 1951 1874 segniter
1979 1805 2185 1874 egisset
2222 1804 2277 1857 in
2312 1802 2803 1873 Exodo,quamque
2831 1801 2942 1856 cito
2978 1801 3146 1856 circa
3197 1799 3380 1855 ﬁdem
3408 1800 3676 1869 lapsurus

376 1889 527 1938 esset
555 1880 734 1940 Moses
762 1899 775 1936 :
804 1882 1042 1939 Assume
1062 1924 1077 1949 ,
1110 1886 1310 1956 inquit,
1339 1895 1425 1942 tec
1448 1880 1538 1945 um
1560 1906 1628 1946 ex
1668 1892 1983 1948 senioribus
2012 1891 2193 1963 populi
2222 1890 2473 1959 aliquos;
2507 1890 2717 1959 virgam
2759 1887 2890 1943 item
2926 1902 3036 1958 qua
3061 1886 3270 1942 ﬁumen
3298 1885 3673 1957 percussisti.

383 1984 513 2025 ecce
533 1983 636 2040 ego
657 1970 767 2025 illic
786 1971 1052 2028 consisto.
1076 1972 1276 2029 Ibidem
1303 1990 1525 2046 quoque
1547 1970 1818 2050 congrege
1845 1987 2050 2035 coetum
2083 1987 2140 2033 tu
2160 1990 2211 2033 et
2228 1977 2444 2040 Aaron,
2464 1993 2574 2047 quo
2605 1983 2777 2031 testes
2804 1974 3150 2029 inﬁrmitatis
3179 1974 3378 2028 animi
3410 1973 3671 2044 ipsorum

373 2057 585 2128 pudore
631 2057 931 2125 suﬁ‘undat,
967 2074 1033 2116 ac
1059 2062 1114 2116 in
1150 2062 1475 2118 memoriam
1512 2065 1756 2135 priorem
1783 2067 2066 2135 virtutem,
2099 2083 2208 2137 qua
2246 2067 2306 2120 in
2339 2067 2667 2136 sanguinem
2709 2066 2996 2120 convertit
3022 2078 3254 2134 aquam,
3284 2065 3541 2118 reducat
3573 2078 3672 2117 :ac

373 2145 617 2216 denique
646 2146 789 2201 bona
821 2161 921 2217 spe
949 2162 1073 2204 esse
1116 2149 1445 2205 miraculum
1484 2151 1692 2208 editum
1736 2154 1803 2209 iri
1841 2153 2056 2222 jubeat.
2104 2152 2351 2208 Tandem
2395 2154 2603 2222 itaque,
2640 2152 2801 2222 quasi
2837 2153 2956 2221 ipse
2991 2150 3333 2205 miraculum
3388 2148 3672 2220 perﬁciat,

372 2250 504 2287 num
529 2250 594 2289 ex
622 2242 776 2305 petra
804 2235 907 2290 hac
928 2250 1126 2305 aquam
1157 2238 1314 2293 vobis
1336 2239 1625 2296 eliciemus
1655 2242 1842 2313 inquit
1878 2242 1989 2296 iEt
2015 2241 2101 2297 bis
2129 2242 2617 2312 perculitpetram
2651 2239 2814 2310 quasi
2840 2238 2976 2294 nihil
3000 2238 3073 2293 sit
3101 2236 3367 2310 futurum
3395 2238 3664 2307 amplius,

372 2338 538 2393 quam
570 2323 715 2394 quod
751 2324 902 2396 virga
933 2339 1034 2380 sua
1077 2333 1407 2397 extorqueat
1437 2329 1513 2394 vi,
1543 2331 1816 2401 quasique
1851 2330 2044 2385 divina
2080 2329 2287 2383 virtute
2316 2327 2369 2381 id
2418 2342 2528 2382 non
2559 2326 2674 2393 ﬁat,
2701 2326 2769 2381 ad
2801 2341 2968 2394 quam
3006 2324 3412 2380 illustrandam
3472 2325 3673 2380 unicus

373 2409 686 2466 suﬁiciehat
719 2412 883 2467 ictus.
917 2411 1180 2484 Largitur
1206 2430 1339 2471 vero
1372 2416 1596 2472 laticem
1625 2420 1771 2476 Deus
1804 2434 1872 2473 ne
1895 2415 2295 2473 imbecillitatis
2323 2414 2766 2470 insimularetur.
2797 2412 2980 2469 Moses
3011 2412 3382 2470 inﬁdelitatis
3425 2427 3651 2483 pinnam

373 2500 630 2569 suscipit.
663 2498 918 2555 Diximus
941 2509 1127 2556 autem
1156 2501 1213 2557 in
1250 2505 1673 2560 commentariis
1710 2521 1879 2576 super
1904 2505 2114 2572 Exodo,
2150 2504 2355 2560 Mosem
2420 2503 2486 2557 ad
2524 2503 2699 2572 legem
2741 2501 2949 2557 assumi
2989 2501 3323 2571 oportuisse
3355 2499 3434 2553 ad
3468 2514 3658 2555 sacer-

377 2584 590 2640 dotium
619 2583 895 2641 Aaronem
929 2604 946 2654 ;
972 2587 1040 2643 ad
1074 2589 1303 2643 cultum-
1321 2603 1454 2644 vero
1483 2591 1624 2662 legis
1646 2592 1901 2646 Mariam.
1930 2592 2281 2662 Quapropter
2309 2607 2407 2661 per
2443 2591 2771 2661 prophetam
2808 2589 2992 2659 inquit
3019 2587 3163 2644 Deus
3194 2587 3268 2643 ad
3302 2586 3665 2644 Jerusalem:

384 2690 404 2724 ι
446 2671 615 2727 Emisi
650 2681 780 2729 ante
814 2672 1010 2731 faciem
1049 2685 1198 2731 tuam
1229 2674 1478 2749 Moysem
1514 2688 1570 2733 et
1595 2680 1870 2733 Aaronem
1892 2680 1933 2732 ⁷.
1972 2698 1991 2732 ι
2032 2679 2132 2733 Per
2161 2679 2375 2733 cultum
2409 2692 2632 2746 quoque
2665 2676 2912 2746 typicum
2944 2673 3112 2730 Israel
3133 2674 3389 2729 salutem
3422 2681 3513 2729 est
3534 2687 3665 2728 con-

372 2767 624 2816 secutus.
663 2758 838 2832 Cujus
871 2762 1050 2833 gratia
1080 2778 1300 2818 carmen
1329 2764 1610 2835 epinicion
1635 2764 2062 2836 conditquidem
2095 2764 2329 2838 Moyses,
2361 2765 2652 2820 exorditur
2679 2777 2810 2817 vero
2845 2761 3042 2826 Maria,
3070 2777 3193 2833 qua:
3220 2762 3366 2818 fatis
3406 2760 3664 2815 concedit

374 2848 556 2919 p‘i-no
588 2864 800 2914 mense,
835 2865 950 2922 quo
984 2850 1201 2907 Pascha
1238 2852 1520 2907 immolari
1552 2854 1711 2919 solet,
1759 2868 1870 2923 quo
1911 2853 2075 2910 etiam
2118 2853 2209 2908 siti
2243 2851 2519 2906 laboravit
2555 2851 2813 2922 populus.
2847 2849 2984 2904 Nam
3015 2849 3074 2904 in
3111 2864 3315 2905 mense
3374 2860 3655 2903 novarum

377 2936 596 3008 frugum
642 2938 877 2993 moritur
908 2939 1101 2994 cultus
1132 2940 1230 3009 qui
1264 2940 1320 2994 in
1358 2942 1503 3013 typis
1539 2942 1906 3006 consistebat,
1956 2941 2229 2996 illucescit
2261 2953 2395 2994 vero
2429 2939 2523 2993 Dei
2554 2940 2805 2994 verbum.
2843 2936 3195 3009 Quapropter
3222 2938 3404 3002 dixit,
3438 2953 3459 2987 ς
3512 2933 3662 3005 Ipse-

384 3032 496 3079 met
526 3025 724 3081 adsum
768 3026 863 3097 qui
895 3027 1098 3098 loquor
1141 3037 1406 3099 tanquam
1444 3045 1647 3085 aurora
1689 3031 1742 3085 in
1794 3029 2096 3095 montibus,
2131 3038 2186 3084 et
2223 3028 2369 3082 velut
2400 3028 2456 3082 in
2497 3042 2686 3082 mense
2717 3030 2831 3082 n'ov
2853 3039 3010 3081 arum
3045 3026 3293 3097 frugum.
3340 3044 3363 3079 ι
3396 3023 3484 3078 Ad
3514 3025 3661 3078 hunc

375 3112 600 3166 modum
636 3127 858 3183 quoque
894 3111 1203 3169 Ecclesiam
1231 3116 1477 3187 gentium
1508 3127 1669 3173 vocat
1707 3116 1965 3188 inquiens
1990 3134 2004 3172 :
2034 3132 2054 3167 ι
2079 3115 2275 3187 Surge,
2303 3129 2539 3185 propera
2567 3115 2744 3169 amica
2767 3128 2912 3179 mea,
2942 3112 3186 3168 formosa
3214 3127 3347 3168 mea
3372 3108 3659 3175 columba,

375 3215 510 3256 ecce
548 3202 694 3257 enim
718 3203 893 3258 hiems
913 3202 1026 3273 jam
1055 3203 1306 3269 transiit,
1339 3204 1611 3261 et'imber
1643 3221 1703 3261 se
1726 3205 1999 3275 recipiens
2033 3204 2170 3259 abiit
2197 3203 2327 3258 sibi.
2362 3201 2550 3257 Plures
2575 3208 2958 3272 apparuerunt
2988 3201 3048 3254 in
3086 3209 3260 3262 terra,
3294 3206 3530 3268 tempus
3562 3211 3659 3267 pu-

375 3288 602 3344 tationis
650 3283 872 3345 advenit
899 3290 940 3343 ⁸.
976 3309 994 3343 ι
1029 3289 1404 3347 Beﬁoruimus
1435 3283 1587 3348 enim
1618 3292 1679 3347 in
1712 3291 1936 3348 Christo
1981 3291 2050 3345 ad
2088 3290 2395 3346 novitatem
2454 3290 2603 3350 vitae,
2636 3287 2865 3358 quando
2917 3287 3051 3358 legis
3093 3285 3244 3341 cultu
3280 3295 3557 3341 cessante
3584 3281 3658 3336 si-

378 3378 577 3459 tientes
599 3378 810 3447 potavit
834 3378 1093 3434 Christus
1121 3397 1135 3434 :
1168 3396 1186 3431 1
1222 3379 1486 3436 Biberunt
1520 3381 1667 3437 enim
1695 3396 1761 3435 ex
1797 3389 1953 3451 petra
1997 3379 2272 3450 spirituali
2311 3392 2438 3448 quae
2479 3388 2670 3433 secuta
2696 3377 2805 3441 est,
2846 3376 3050 3445 inquit,
3082 3383 3237 3446 petra
3287 3389 3430 3430 vero
3462 3370 3655 3459 Chris-

376 3472 470 3520 tus
499 3455 619 3520 erat
655 3465 700 3521 ’.
732 3484 752 3518 ι
792 3464 953 3521 Petra
990 3468 1137 3522 enim
1170 3467 1417 3522 divinam
1449 3475 1703 3523 naturam
1730 3467 2013 3538 exprimit,
2035 3474 2265 3536 propter
2308 3464 2627 3519 firmitatem
2659 3477 2726 3517 ac
2756 3461 3120 3518 soliditatem.
3158 3459 3368 3516 Coram
3419 3455 3656 3514 seniori-

382 3548 488 3610 bus
532 3568 667 3609 vero
698 3552 925 3611 lsraelis
954 3562 1013 3609 et
1047 3556 1239 3626 populi
1275 3556 1358 3612 bis
1393 3554 1519 3612 ferit
1549 3556 1751 3612 Moses.
1781 3556 1892 3613 Ceu
1925 3554 2069 3611 enim
2100 3566 2290 3607 coram
2323 3550 2472 3605 Muse
2500 3550 2724 3605 Christo
2779 3548 3154 3614 ohlatrarunt,
3195 3565 3217 3599 ‹
3255 3546 3445 3612 Tolle,
3505 3543 3675 3630 tolle,

377 3640 640 3712 crueiﬁge
667 3656 792 3698 eum
818 3641 887 3707 “,
924 3660 943 3695 ι
975 3642 1143 3714 idque
1174 3659 1301 3715 non
1336 3644 1528 3709 semel,
1561 3643 1648 3700 bis
1678 3644 1825 3700 enim
1855 3641 2198 3714 percutiunt;
2234 3654 2343 3692 non
2378 3638 2522 3692 enim
2565 3635 2893 3692 occiderunt
2917 3635 3119 3701 solum,
3139 3649 3340 3690 verum
3365 3633 3536 3689 etiam
3568 3645 3655 3685 oc-

378 3730 593 3792 cultare
608 3730 1075 3787 resurrectionem
1097 3730 1222 3800 ejus
1244 3730 1677 3798 contenderunt,
1696 3733 2080 3803 stipendiaque
2103 3728 2377 3784 militibus
2405 3727 2526 3795 ejus
2559 3727 2637 3781 rei
2660 3727 2837 3796 gratia
2864 3725 3243 3795 praebuerunt.
3270 3719 3653 3791 Quantumvis

376 3826 561 3873 tamen
593 3818 993 3874 bacchantibus
1029 3833 1094 3874 ac
1130 3819 1444 3875 furentibus
1474 3818 1634 3891 ipsis,
1662 3820 1831 3876 edidit
1863 3830 2072 3889 petram
2104 3821 2337 3883 ﬂuxum,
2364 3825 2420 3873 et
2449 3824 2653 3873 terram
2690 3814 2847 3886 prius
2880 3814 3184 3881 desertam,
3212 3813 3386 3867 initio
3413 3827 3444 3866 a
3470 3809 3654 3865 Iudaea

378 3903 546 3971 ficto,
579 3908 820 3978 operuit.
859 3907 1047 3974 Quare
1078 3922 1182 3976 per
1219 3907 1523 3977 prophetas
1549 3907 1699 3962 dixit
1747 3924 1809 3962 ε(
1846 3905 1926 3962 Eu
1977 3924 2081 3977 ego
2111 3906 2332 3963 declino
2370 3918 2538 3975 super
2572 3917 2670 3958 eos
2731 3903 2877 3959 sicut
2923 3903 3129 3957 flumen
3174 3901 3361 3970 pacis,
3410 3909 3466 3955 et
3509 3897 3648 3954 sicut

378 3994 895 4049 torrensinundans
923 3993 1153 4064 gloriam
1183 3995 1425 4062 gentium
1450 3994 1514 4047 υ.
1552 4012 1571 4046 ι
1615 3993 1947 4064 Hujusmodi
1984 3996 2246 4067 quiddam
2281 3994 2424 4065 apud
2466 3992 2725 4048 Davidem
2751 4005 2974 4063 quoque
3006 3989 3195 4060 inquit
3229 4005 3243 4042 :
3281 4006 3303 4040 ι
3340 3988 3536 4045 Ᾰζειιιε
3556 3985 3654 4039 flu-

377 4079 453 4135 vii
481 4080 760 4137 laetiﬁcant
805 4083 995 4136 urbem
1050 4079 1148 4134 Dei
1180 4082 1249 4136 ι’.
1289 4099 1307 4133 ι
1340 4078 1406 4136 Et
1437 4082 1640 4137 iterum
1675 4082 1807 4137 alibi
1842 4100 1856 4137 :
1901 4103 1920 4135 ι
1953 4083 2020 4137 Ει
2048 4090 2299 4139 torrente
2330 4080 2658 4136 deliciarum
2712 4086 2940 4134 tuarum
2979 4077 3200 4148 potabis
3229 4092 3333 4133 eos
3367 4077 3435 4131 ¹³.
3476 4093 3496 4127 ι
3529 4071 3655 4127 Pcr-

378 4167 694 4224 cussionem
727 4182 855 4224 vero
882 4176 1050 4239 petras
1089 4169 1369 4238 praecessit
1403 4168 1721 4238 inﬁdelitas,
1753 4170 1826 4227 ob
1857 4186 2022 4240 quam
2045 4166 2549 4240 reprehenduntur,
2575 4180 2851 4237 paruaque
2873 4162 3041 4237 414
3066 4164 3370 4236 irrogatur,
3398 4170 3459 4218 ut
3485 4174 3652 4231 popu-

377 4256 492 4310 lum
526 4255 580 4310 iu
614 4262 821 4310 terram
861 4255 1217 4312 introducere
1240 4271 1348 4311 non
1385 4257 1636 4328 possint;
1670 4257 1755 4313 lex
1780 4258 1984 4314 etenim
2012 4273 2134 4329 quae
2161 4257 2306 4329 typis
2340 4269 2404 4309 ac
2440 4253 2631 4326 ﬁguris
2670 4261 2912 4314 constat,
2941 4255 2996 4308 in
3029 4261 3231 4307 terram
3260 4245 3651 4322 promissionis

378 4342 652 4401 adducere
681 4360 784 4401 nos
823 4359 930 4400 non
963 4346 1187 4417 poterit,
1214 4359 1317 4401 nec
1347 4346 1512 4401 etiam
1546 4345 1845 4401 sacerdotii
1914 4343 2218 4403 secundum
2253 4357 2375 4400 eam
2407 4340 2642 4397 instituti
2678 4339 3051 4421 imbecillitas,
3087 4336 3185 4395 sed
3225 4338 3283 4393 in
3305 4348 3525 4411 patrum
3547 4345 3652 4389 sor-

376 4441 485 4489 tem
557 4448 660 4490 nos
693 4433 946 4504 perducit
986 4433 1190 4490 ductor
1242 4431 1430 4488 Jesus.
2064 4434 2073 4443 '

449 4539 539 4597 Sic
554 4545 631 4597 ait
648 4542 817 4613 frater
839 4551 959 4597 tuus
979 4540 1327 4614 lsrael.[XX.
1345 4542 1413 4597 Η
1437 4540 1457 4615 ]
1480 4540 1648 4597 Edom
1673 4541 1841 4609 enim,
1858 4543 1961 4601 hoc
1997 4555 2009 4611 |

2144 4541 2210 4595 '0
2245 4539 2511 4610 ἀδελφός
2539 4553 2655 4593 σου
2696 4536 2968 4606 Ἰσραήλ.
3008 4535 3068 4590 Ὀ
3103 4535 3213 4606 γὰρ
3263 4533 3465 4604 Ἐδὼμ,
3493 4543 3646 4583 τουτ-

376 4647 479 4700 est,
511 4635 732 4693 Idumaei
750 4652 815 4692 ex
854 4636 1022 4702 Esau,
1052 4636 1144 4706 qui
1184 4635 1350 4690 Edom
1376 4648 1597 4705 quoque
1620 4634 1936 4691 nominaba-

2086 4636 2210 4687 chtv
2237 4633 2288 4687 οἱ
2329 4631 2591 4699 Ἰουδαῖοι,
2621 4631 2681 4698 ἐξ
2720 4629 2915 4695 Ἡσαῦ,
2958 4629 3016 4693 ὃς
3059 4629 3156 4683 καὶ
3204 4626 3387 4699 Ἐδὼμ
3432 4619 3646 4692 ὠνομά-

375 4735 487 4795 tur,
512 4727 795 4799 propagati
834 4735 983 4784 sunt.
1041 4725 1235 4781 Frater
1264 4740 1394 4780 vero
1432 4725 1539 4781 iste
1586 4723 1799 4791 Jacobi,
1856 4741 1928 4796 qu

2084 4727 2210 4789 ζετο.
2239 4723 2494 4794 Ἀδελφὺς
2519 4723 2576 4779 δὲ
2604 4718 2760 4788 οὗτος
2805 4720 3004 4777 Ἰακὼϐ
3037 4721 3131 4776 τοῦ
3165 4722 3266 4810 καὶ.
3291 4717 3535 4792 Ἰσραήλ.
3556 4712 3644 4767 Οἰ-

451 4906 469 4936 ⁷
496 4905 662 4961 Mich.
686 4921 765 4966 vr,
800 4907 854 4959 4.
932 4907 954 4940 ⁸
982 4905 1145 4963 Cant.
1177 4908 1524 4982 tt,10,ll,12.
1600 4906 1622 4938 ⁹
1663 4907 1679 4960 1
1714 4906 1843 4962 Cor.
1879 4922 1934 4974 x,

376 4975 421 5009 ⁸⁸
442 4973 589 5033 Psal.
611 4992 774 5032 xxxv.
807 4977 859 5033 9.

2105 4870 2320 4962 “toan.
2351 4920 2467 4972 xrx,
2490 4904 2546 4960 6.
2623 4903 2667 4934 “
2697 4901 2803 4958 lsa.
2836 4917 2981 4968 Lm,
3008 4899 3098 4956 12.
3174 4899 3219 4932 ¹³
3243 4895 3391 4954 Psal.
3419 4910 3553 4959 ην,
3593 4888 3638 4944 5-

1885 5092 2118 5149 ΝΟΤᾹΣ.

446 5211 579 5277 (70°)
605 5186 707 5262 rei
742 5205 1050 5277 Ἀλεξανδρ.
1078 5206 1347 5277 Κύριλλᾳν
1386 5206 1519 5277 iam;
1566 5205 1733 5277 λέγει.
1787 5205 1960 5277 sese;
2066 5204 2250 5277 ᾳύτως
2270 5204 2368 5258 καὶ
2407 5200 2801 5277 ἸώσητςοΥ-(-ὲν
2818 5200 2897 5277 Et?)
2919 5216 2947 5277 _t
2970 5217 3093 5277 κξερ.
3135 5197 3249 5277 τῷ.
3274 5198 3309 5255 '5
3345 5196 3474 5277 arripi.
3514 5192 3639 5246 Ἰου-

382 5268 480 5353 est
508 5268 618 5353 γάρ
655 5268 1207 5353 summe-1.
1232 5276 1347 5330 σελο
1378 5268 1526 5353 Wil-
1562 5268 1651 5327 τά’
1670 5279 1729 5353 ἐγ
1752 5275 1830 5353 τῷ
1875 5268 1956 5353 ¹⁷ὲ
2067 5268 2562 5353 δαῖιετᾶρᾉαρλοτί
2583 5268 2751 5353 βιδὶλ)
2782 5268 2884 5353 τῆξ
2915 5272 2973 5353 Et
3015 5270 3291 5353 'i’P'WE‘V
3314 5268 3501 5353 MV“;

1076 5327 1634 5434 ήςέρονσῖτίδησι.
1670 5327 1962 5400 Ruﬁno-ri.
2075 5327 2114 5330 Π
2379 5327 2625 5412 Nocent},
2655 5336 2718 5396 οὗ
2738 5327 2747 5334 ’
2768 5327 2881 5394 καὶ⁷
2900 5342 2974 5394 τὰ
3012 5327 3268 5463 Ιξήμίατςιη
3309 5327 3543 5416 ὃηλονρτι
3570 5327 3632 5410 ’ξά

385 5426 483 5463 “Eu
514 5423 572 5463 ἓν
600 5423 664 5463 τῆ
702 5418 898 5463 Ἐξόδιη
926 5419 988 5463 τὸ
1016 5418 1157 5463 θεῖον
1190 5418 1291 5463 ἔφη
1334 5417 1739 5463 νοῇσιιωδῇιια-
1771 5419 1959 5463 Κατα-
2070 5416 2430 5463 προκείμενα-
2478 5415 2673 5463 αὑταῖς
2714 5413 2929 5463 λέξεσιν
2953 5413 2981 5463 ὁ
3064 5410 3255 5463 οοκόπ.
3306 5411 3364 5461 ὲν
3420 5422 3496 5463 τῳ
3540 5413 3632 5463 της

384 5410 483 5493 μὲίι
514 5410 666 5490 ἐν’έῇ
702 5410 898 5493 Ἐξόβιρ
926 5419 988 5471 τὸ
1016 5418 1157 5493 θξῖον
1190 5418 1291 5493 ἔφη
1317 5410 1739 5493 spissime?-
1771 5419 1959 5493 κυρταί·
2070 5410 2430 5493 πρόκείμξναε
2478 5410 2673 5493 «erat:
2714 5413 2929 5493 λέξεςιὲ
2953 5413 2981 5464 ⁶
3012 5410 3278 5493 Ηροξάῑτε.
3306 5411 3364 5461 έν
3420 5410 3633 5493 τῷὲηξ

1316 5468 1960 5567 ’ξρίόίιρῗςηὲῦξυξξρςν
2238 5468 2682 5567 κῖὒδέξκτίθηςῖί.
2727 5468 3174 5567 ’Σῦνηᾴδεᾲδξτῷ

381 5550 683 5634 σφ’ἤγησιν,
707 5562 794 5633 ἣν,
837 5577 922 5614 κτ.
961 5550 1067 5612 ’Ἐκ
1092 5550 1411 5613 reticuit/015v
1442 5550 1538 5609 xei.
1590 5558 1655 5609 ἐκ
1698 5550 1808 5610 τῶν
1833 5550 1962 5628 ἑξῆς
2075 5550 2352 5626 Ἦὰύχιος,
2372 5555 2552 5625 λέγων
2582 5550 2662 5622 (ὲν
2692 5554 2757 5622 τῇ
2796 5550 2906 5605 τῶν
2942 5552 3086 5634 Ψαλί
3130 5552 3342 5636 serpit)’
3383 5550 3629 5633 Δεξτερον

354 5634 558 5694 δῆλον,
586 5633 667 5685 ὅτι
703 5632 831 5700 μίαν
860 5630 956 5683 καὶ
976 5630 1075 5697 τὴν
1096 5627 1268 5700 αὐτὴν
1304 5624 1443 5681 εἶναι
1480 5626 1735 5700 βρύλετθιιξ
1759 5628 1876 5700 τὴνΔ
1897 5630 1961 5681 ὲκ
2063 5629 2250 5700 αὐτοῖς
2296 5624 2459 5700 ὓνδῳρᾲ
2483 5626 2549 5679 ὲκ
2585 5623 2811 5700 *τιέτρῆς
2858 5622 3121 5700 oblinunt;
3152 5605 3630 5700 sﬁﬂyeysvxfﬁfe

381 5643 558 5694 δῆλον,
586 5643 667 5685 ὁτι
703 5643 831 5703 μίαν
860 5643 956 5683 καὶ
976 5643 1075 5697 την
1096 5643 1268 5700 αὐτην
1304 5643 1443 5681 ειναι
1462 5643 1733 5751 1ξοιλυιετειῑι
1759 5643 1860 5698 την
1897 5643 1961 5681 εκ
2063 5643 2250 5689 αῡτοῑς
2296 5643 2439 5699 υοωρ
2483 5643 2549 5679 εκ
2604 5643 2811 5695 πετρας
2858 5643 2887 5676 ο
2915 5643 3121 5692 Μωσης
3152 5643 3436 5691 εςηγαγεν.
3487 5643 3623 5669 ινσερτ

381 5701 717 5786 ﬁesfies:
751 5702 923 5786 eia?-
1005 5700 1416 5786 erexerat
1457 5696 1675 5786 limis
1702 5699 1788 5786 (Et
2067 5698 2240 5786 μὲνέν
2266 5691 3211 5786 δῇἐρ,ἠμιε’,³ξεξξρήὲξ-ῖέιδὲῗῖὶρον
3254 5691 3331 5757 δὲ’
3355 5691 3412 5743 έν
3438 5679 3623 5748 κάθης’

386 5763 514 5844 stipi.
544 5763 920 5844 Μίῖλῡᾲ.”βι6λ.
956 5768 1066 5823 σελ.
1105 5763 1398 5844 ﬁlim-sf};
1432 5768 1582 5844 usus
1600 5763 1960 5844 τῆν’ὀρτυγο-
2068 5763 2237 5822 Ἔνθα
2266 5763 2499 5838 Μὰρίὰῇ
2528 5763 2705 5835 ἑτάφή
2745 5763 3140 5833 τελευτήσασα.

391 5836 606 5917 μήτραν
642 5836 802 5915 μόνοι)
844 5837 1253 5912 μνημονεύοντα
1278 5836 1486 5904 posse;
1528 5836 1802 5912 εὕρομεν·
1853 5837 1961 5891 ὠσ-
