3950 6392
365 391 480 454 853
1430 400 1967 464 COMMENTARII
2007 405 2090 465 IN
2123 406 2515 467 NUMEROS.
3533 397 3636 464 854

364 503 495 554 κεια
534 500 591 554 δὲ
642 499 738 555 καὶ
782 502 1089 575 συγγενικὴ
1128 501 1266 576 πρὸς
1295 505 1356 559 τὸ
1391 507 1658 579 πείθεινή
1693 510 1952 581 προσφώ-

2069 519 2114 567 et
2149 512 2319 568 Israel
2347 513 2532 568 dit-tus
2554 517 2660 577 est,
2695 510 2818 565 fuit.
2849 508 3109 565 Adhibita
3133 513 3219 563 est
3265 514 3449 561 autem
3482 506 3638 559 fami-

361 608 545 664 νησις-
2062 605 2147 658 liae
2168 607 2630 676 cognationisque
2649 603 2998 675 compellatio
3018 603 3086 657 ad
3115 601 3379 672 majorem
3409 615 3637 669 persua-

2063 692 2239 748 sionis
2270 693 2591 748 ellicaciam.
3713 678 3726 689 ί

441 791 991 854 Commiserattonem
1049 799 1180 855 item
1207 807 1418 871 captat,
1451 803 1591 856 mala
1643 803 1879 858 antehac
1924 808 2196 862 exantlata
2241 808 2427 863 verbis
2447 807 2779 877 obiiciendo,
2835 806 3125 875 innuitque
3161 803 3408 857 divinum
3429 816 3553 870 erga
3577 816 3636 854 se

369 883 646 950 studium,
699 900 764 940 ac
829 887 1117 944 virtutem.
1145 908 1163 942 ι
1204 889 1654 946 Exclamavimus
1710 894 1854 946 enim
1886 892 1951 946 ad
1989 893 2303 956 Dominum,
2332 895 2532 964 inquit,
2581 909 2642 948 ac
2679 894 2890 948 audivit
2944 909 3065 955 nos,
3103 892 3384 958 missaque
3443 887 3636 940 nuntio

365 969 563 1023 eduxit
598 985 699 1026 nos
722 988 788 1027 ex
825 972 1068 1046 Egypto
1102 975 1166 1028 ".
1216 996 1235 1029 ι
1276 977 1449 1044 Qnale
1478 979 1610 1034 illud
1643 995 1864 1049 quoque
1895 987 1980 1034 est
2009 981 2153 1050 quod
2187 981 2414 1036 verbum
2458 979 2676 1034 Domini
2723 982 2858 1034 citat
2890 981 3133 1034 dicentis
3170 997 3182 1032 :
3223 998 3240 1029 ι
3277 976 3542 1031 Descendi
3567 975 3632 1027 ad

365 1060 714 1130 eripiendum
747 1080 843 1120 eos
872 1067 938 1131 ”,
980 1087 999 1119 ι
1037 1069 1183 1139 quod
1213 1085 1309 1138 per
1344 1073 1596 1142 angelum
1630 1087 1753 1126 esse
1781 1071 1985 1126 factum
2021 1071 2198 1127 Moses
2227 1074 2400 1128 novit.
2438 1073 2544 1127 Sed
2583 1074 2843 1143 quoniam
2893 1074 3239 1128 exercituum
3279 1069 3633 1125 transitiones

373 1149 706 1215 perniciosa:
727 1162 878 1219 sunt,
906 1170 966 1210 se
997 1171 1097 1212 nec
1126 1172 1224 1226 per
1255 1172 1441 1228 agros,
1469 1175 1570 1215 nec
1597 1160 1780 1214 vineta
1804 1159 2185 1230 profecturum
2204 1178 2326 1217 esse
2356 1171 2700 1231 przeocupat.

457 1263 610 1316 Ἐπεὶ
639 1265 714 1336 μὴ
772 1265 915 1338 ὕδωρ
947 1265 1092 1338 εἶχον
1120 1271 1185 1324 ἐκ
1228 1271 1481 1342 φρεάτων
1529 1273 1840 1335 ἀνελλιπὲς,
1879 1273 1954 1324 Οὐ

365 1352 637 1435 πιόμεθα,
671 1358 860 1427 φησὶν,
914 1361 979 1413 ἐκ
1001 1360 1208 1415 λάκκου
1264 1380 1380 1428 σου,
1435 1368 1641 1435 προῖκα
1687 1365 1951 1436 δηλονότι.

368 1443 546 1497 Τοῦτο
577 1447 684 1518 γὰρ
717 1449 1024 1520 ἐπήνεγκεν
1049 1451 1299 1524 ὕστερον.

2134 1278 2198 1330 Et
2228 1277 2490 1346 quoniam
2513 1289 2709 1342 aquam
2743 1291 2850 1328 non
2885 1274 3180 1336 habebant,
3205 1287 3269 1326 ex
3315 1269 3494 1340 puteis
3527 1267 3635 1320 tuis

2061 1377 2114 1424 et
2151 1360 2382 1422 la’cubus
2419 1381 2529 1421 non
2582 1367 2856 1431 bibemus,
2893 1365 3094 1433 inquit,
3129 1364 3304 1433 gratis
3359 1359 3634 1418 videlicet,

2063 1475 2188 1514 nam
2227 1460 2332 1513 hoc
2367 1459 2546 1529 ipsum
2580 1467 2768 1528 postea
2811 1456 3125 1513 subintulit.

445 1559 646 1615 Verum
693 1563 783 1617 ille
813 1565 947 1618 nihil
979 1567 1062 1620 eis
1089 1569 1526 1634 obsecundatur,
1556 1569 1870 1640 bellumque
1896 1572 2136 1626 minatur
2161 1589 2176 1639 ;
2207 1573 2253 1626 si
2283 1587 2414 1626 vero
2443 1572 2549 1627 illis
2579 1572 2882 1634 difﬁdebat,
2909 1569 3282 1642 jurejurando
3310 1584 3404 1623 eos
3440 1569 3636 1621 adacto

367 1664 514 1718 opus
533 1659 675 1704 erat.
711 1649 817 1706 Sed
840 1655 971 1724 quid
1001 1657 1182 1711 verbis
1206 1669 1288 1713 est
1309 1674 1472 1728 opus,
1501 1673 1704 1727 pravus
1734 1669 1874 1725 erat,
1902 1673 2006 1714 nec
2023 1659 2309 1714 dissimilis
2332 1658 2601 1712 invidenti
2631 1660 3054 1730 glorimeorum.
3076 1657 3211 1710 Nam
3266 1672 3360 1710 seu
3409 1653 3637 1708 conscio

369 1735 548 1791 dicit:
585 1757 602 1790 ι
644 1737 724 1792 Tu
767 1742 1046 1811 cognitum
1075 1744 1244 1800 habes
1274 1745 1518 1801 laborem
1543 1754 1597 1799 et
1649 1762 1926 1801 aerumnas
1955 1764 2079 1817 qua:
2127 1762 2226 1801 nos
2261 1747 2768 1802 circumvenerunt.
2803 1765 2821 1798 ι
2853 1745 3026 1800 Porro
3057 1746 3162 1815 ipsi
3200 1744 3398 1798 iterum
3458 1741 3636 1794 dicam

371 1833 510 1878 cunt
537 1844 549 1880 :
575 1847 592 1877 ι
621 1825 726 1882 Per
749 1831 1002 1885 semitam
1034 1834 1222 1886 tritam
1263 1835 1658 1901 ascendemus,
1690 1851 1790 1889 nec
1814 1851 1910 1906 per
1948 1850 2131 1906 agros,
2159 1835 2458 1890 innitentes
2492 1836 2632 1889 viam
2673 1849 2834 1905 quam
2881 1834 3090 1902 regiam
3121 1838 3340 1896 vocant,
3388 1849 3405 1879 ι
3455 1828 3638 1897 publi-

371 1930 471 1969 seu
531 1917 826 1972 militarem
889 1922 1293 1991 signifirantes.
1335 1942 1354 1973 ‹
1388 1923 1460 1977 De
1515 1940 1656 1993 aqua
1704 1925 1834 1978 item
1876 1933 1966 1978 tua
2024 1917 2130 1977 mm
2150 1923 2422 1984 bibemus,
2463 1940 2480 1972 ι
2513 1919 2710 1989 inquit,
2739 1935 2864 1976 cum
2899 1935 3038 1990 aqua
3077 1934 3139 1974 ea
3172 1934 3295 1987 qua:
3325 1917 3377 1970 in
3411 1915 3640 1969 lacubus

369 2012 456 2056 est.
481 2004 705 2073 propria
733 2006 806 2059 sit
849 2007 1668 2081 laborantium.lmpunitatem
1699 2027 1832 2066 vero
1870 2013 2103 2066 transitu
2153 2010 2515 2074 indicaturus,
2559 2027 2575 2059 ι
2613 2007 2778 2062 Juxta
2814 2017 3054 2063 montem
3097 2004 3582 2076 pertransibimtts,
3616 2020 3634 2052 ι

369 2089 571 2159 inquit.
603 2092 872 2148 Caeterum
898 2094 1067 2151 Israel
1089 2097 1314 2152 deﬂexit
1339 2100 1408 2153 ab
1451 2114 1538 2163 eo,

443 2229 518 2281 Τὸ
575 2230 732 2298 γένος
787 2233 940 2301 τιμᾷ,
991 2233 1196 2303 καὶμὴ
1257 2234 1592 2304 τιμώμενος.
1640 2235 1811 2288 Τοῦτο
1854 2234 1955 2305 γὰρ

2069 2241 2116 2286 ct
2142 2247 2313 2302 genus
2344 2240 2426 2286 est
2475 2231 2763 2294 reveritus,
2791 2229 2858 2285 ab
2895 2243 2962 2283 eo
3016 2228 3220 2282 nullam
3272 2225 3637 2281 reverentiam

369 2318 550 2372 ἐδόκει
599 2321 721 2391 Θεῷ
765 2321 901 2392 (71⁸)
939 2341 952 2355 ·
987 2325 1108 2394 μηδ’
1139 2326 1227 2378 ὅτε
1260 2325 1509 2378 δοκοῦσιν
1543 2327 1591 2379 οἱ
1637 2325 1772 2397 πρὸς
1801 2325 1956 2394 γένος

369 2411 654 2480 ἀρνεῖσθαι
674 2413 774 2482 τὴν
798 2413 980 2482 φιλίαν
1003 2416 1100 2485 τὴν
1116 2417 1223 2469 ἀπὸ
1247 2416 1342 2469 τοῦ
1372 2417 1584 2484 γένους.

2069 2329 2404 2381 consecutus
2441 2321 2590 2376 licet.
2653 2320 2749 2375 Dei
2807 2319 2952 2374 enim
2992 2319 3253 2372 voluntas
3294 2323 3399 2378 est,
3459 2331 3635 2384 genus

2073 2430 2181 2468 non
2224 2414 2496 2483 abnegare
2538 2411 2640 2466 etsi
2675 2410 2930 2480 injuriam
2966 2408 3151 2463 faciat.
3181 2406 3448 2472 Quoniam
3475 2406 3640 2476 igitur

369 2518 519 2556 nunc
556 2517 750 2560 omnes
776 2521 968 2560 sumus
993 2506 1193 2562 fratres
1217 2507 1556 2572 dilectionis,
1578 2507 2029 2578 magnanimitate
2061 2506 2388 2576 iniuriarum
2421 2504 2852 2559 recordationem
2889 2501 3111 2555 vincere
3143 2488 3424 2554 debemus.
3453 2563 3468 2576 ,

442 2631 830 2697 Προστεὼὶτω
844 2632 1070 2699 Ἀαρὼν
1081 2631 1222 2699 πρὸς
1243 2632 1514 2685 τὸνλαύν
1533 2633 1740 2686 αὑτοῦ.
1759 2633 1886 2686 Ἀπέ
1894 2651 1958 2704 ρ-

369 2737 574 2789 χονται,
605 2720 666 2773 τὸ
695 2721 882 2784 ἀτελὲς
933 2722 1112 2774 αὐτῶν
1160 2723 1480 2790 ἐπιγνόντες
1525 2723 1573 2775 οἱ
1623 2723 1740 2789 Θεῷ
1789 2723 1956 2791 φίλοι.

369 2811 444 2864 Τὸ
470 2809 580 2882 γὰρ
615 2810 978 2882 μεγαλαυχεῖν
1007 2810 1081 2875 ὡς
1111 2813 1199 2865 ἐπὶ
1225 2813 1561 2882 κατορθώσει
1584 2812 1792 2874 τελείας
1824 2815 1953 2884 ἀρε-

369 2901 487 2971 τῆς,
525 2902 797 2972 Ἑλλήνων
833 2905 1026 2971 σοφίας
1045 2921 1058 2934 ο
1087 2904 1263 2957 καίτοι
1303 2905 1438 2974 μηδέ
1469 2905 1680 2958 τελείαν
1704 2906 1735 2976 ἢ
1757 2905 1955 2960 ἄπται-

372 3009 498 3045 στον
553 2993 890 3063 ἐσχηκότων,
947 2995 1014 3065 ἣν
1066 2995 1252 3062 ἔδοξαν
1283 2995 1608 3068 κατορθοῦν.
1645 2998 1719 3050 Οὐ
1757 2997 1865 3068 γὰρ
1891 2999 1955 3050 ἐκ

369 3087 589 3156 φὺσεως
620 3086 682 3138 τὸ
718 3087 839 3140 κατ’
881 3087 1084 3158 ἀρετὴν
1141 3088 1414 3156 ὀφείλεται
1457 3087 1683 3156 τέλειον,
1737 3089 1858 3142 οὐδὲ
1895 3089 1957 3141 τὸ

378 3177 452 3248 μὴ
477 3176 850 3248 δυσχεραίνειν
872 3178 961 3230 ἐπὶ
979 3176 1213 3249 Θανάτῳ.
1241 3179 1612 3248 ’Ὀπεραύτῶν
1641 3180 1691 3232 οἱ
1717 3179 1956 3249 μαθηταὶ

369 3271 484 3332 τοῖς
537 3268 875 3330 διδασκάλοις
926 3267 1268 3339 χαρίζονται,
1323 3270 1456 3340 μηδέ
1516 3269 1576 3323 τὸ
1621 3269 1764 3324 κατά
1795 3271 1955 3338 φύσιν

370 3359 614 3430 πληροῦν
669 3359 1006 3430 δυναμένοις.
1039 3360 1171 3424 Θεὸς
1212 3362 1269 3414 δὲ
1312 3361 1560 3430 βούλεται
1604 3363 1698 3414 καὶ
1743 3361 1955 3426 ζῶντας

2133 2635 2433 2704 Colligalur
2457 2632 2634 2684 Aaron
2656 2628 2724 2682 ad
2739 2627 2954 2696 populos
2981 2641 3129 2680 suos.
3153 2623 3296 2698 [XX
3321 2620 3437 2695 ‘24.]
3467 2621 3634 2675 Dece-

2068 2727 2207 2781 dunt
2223 2723 2382 2778 amici
2404 2722 2496 2774 Dei
2521 2736 2618 2774 sua
2637 2718 3049 2788 impcrfectione
3068 2716 3310 2784 cognita;
3331 2729 3454 2766 nam
3474 2713 3642 2780 glori-

2077 2817 2158 2868 ari
2187 2820 2332 2866 recte
2353 2826 2416 2863 ac
2449 2805 2747 2864 secundum
2774 2805 2998 2858 virtutis
3033 2802 3427 2872 perfectionem
3461 2797 3641 2852 facto-

2059 2920 2179 2958 rum
2199 2918 2260 2956 ex
2284 2899 2596 2954 Graecorum
2621 2895 2887 2966 sapientia
2910 2892 3371 2957 est,Gr:ecorum,
3389 2889 3641 2960 inquam,

2061 2995 2154 3065 qui
2194 3008 2315 3047 eam
2346 2992 2604 3045 virtutem
2637 2986 2942 3044 secundum
2981 3000 3146 3056 quam
3183 2992 3332 3039 recte
3371 2997 3535 3053 agere
3557 2981 3640 3034 vi-

2061 3088 2358 3152 debantur,
2406 3100 2515 3138 non
2575 3079 2878 3152 perfectam
2919 3088 3014 3133 aut
3073 3093 3267 3148 puram
3306 3077 3637 3131 habuerunt.

2061 3178 2178 3234 Non
2226 3179 2374 3232 enim
2407 3183 2618 3230 natura:
2661 3179 2950 3242 acceptum
2989 3169 3184 3225 referri
3217 3169 3376 3223 debet
3403 3167 3550 3237 quod
3587 3169 3646 3221 fit

2061 3271 2366 3327 secundum
2408 3269 2696 3330 virtutem,
2749 3263 3212 3334 quemadmodum
3249 3277 3354 3318 nec
3405 3261 3564 3322 illud,
3597 3260 3644 3316 si

2061 3363 2188 3432 quis
2220 3360 2414 3415 mortis
2438 3368 2588 3413 metu
2617 3373 2723 3412 non
2750 3356 3039 3420 afﬁciatur,
3068 3354 3214 3426 quod
3246 3369 3438 3408 eorum
3473 3353 3645 3407 disci-

371 3454 466 3505 καὶ
487 3451 750 3514 ἀπιόντας
781 3452 1081 3520 ἐπιγνῶναι
1121 3453 1180 3505 τὸ
1212 3455 1424 3506 ἑαυτῶν
1447 3453 1646 3518 ἐνδεὲς,
1687 3453 1955 3508 αἰτεῖσθαι

2069 3453 2176 3522 puli
2227 3466 2460 3507 suorum
2498 3449 2890 3518 magistrorum
2946 3448 3136 3518 gratim
3169 3447 3468 3502 dederunt.
3503 3445 3640 3499 Cum

369 3544 426 3596 δὲ
459 3544 590 3612 παρ’
617 3542 780 3596 αὑτοῦ
814 3545 914 3613 τὴν
948 3544 1249 3598 τελείωσιν.
1287 3544 1508 3615 Ἀτελὴς
1535 3545 1645 3615 γὰρ
1697 3545 1730 3614 ἡ
1794 3544 1954 3612 φύσις

373 3635 430 3685 ἐν
463 3631 542 3702 τῷ
575 3632 1087 3704 πρώτῳ-ἀνθρώπῳ
1121 3635 1414 3704 γενομένη,
1469 3635 1564 3688 καὶ
1616 3633 1812 3703 ἀτελὴς
1859 3633 1950 3703 ζῇ,

373 3723 469 3775 καὶ
489 3722 685 3792 ἀτελὴς
722 3723 1044 3793 καταλήγει,
1071 3725 1440 3796 προσδεομένη
1491 3725 1585 3779 τοῦ
1639 3724 1951 3779 τελειωτοῦ.

378 3817 476 3868 Ὃν
506 3816 601 3868 καὶ
623 3817 670 3868 οἱ
701 3816 758 3868 ἐν
784 3815 912 3886 ᾅδου
942 3815 1195 3881 ἐπόθουν,
1222 3818 1270 3868 οἱ
1310 3818 1405 3869 καὶ
1453 3816 1554 3888 τὴν
1595 3817 1854 3887 τελευτὴν
1899 3818 1957 3869 ἐν

372 3906 667 3974 ἐπιγνώσει
688 3907 788 3976 τῆς
831 3907 964 3970 ἰδίας
990 3907 1197 3968 ἐνδείας
1219 3907 1633 3974 ὑπομείναντες.
1667 3906 1788 3960 Ἐπ’
1817 3907 1960 3976 ὠφε-

372 3999 493 4070 λείᾳ
516 3998 610 4052 οῦν
635 3998 695 4052 τὸ
716 3999 950 4052 ἀκοῦσαι
982 3999 1051 4052 δι’
1075 4001 1140 4070 ἢν
1165 4000 1347 4052 αἰτίαν
1376 4000 1476 4052 οὐκ
1497 3998 1842 4069 ἐφικνοῦνται
1863 3999 1956 4053 τοῦ

373 4091 740 4160 προκειμένου
766 4091 995 4146 σκοποῦ.
1035 4091 1125 4156 Ὠς
1165 4093 1259 4145 καὶ
1291 4091 1504 4155 Παῦλος
1526 4091 1687 4160 ἔγνω,
1717 4107 1958 4146 καταπο-

371 4176 635 4246 νούμενος
680 4177 816 4248 ὑπὲρ
842 4175 937 4231 τοῦ
993 4177 1068 4251 μὴ
1107 4180 1498 4251 μεγαλαυχεῖν.
1540 4180 1703 4251 Δηλοῖ
1744 4180 1804 4234 δὲ
1850 4179 1960 4233 τῶν

365 4267 561 4352 ,ψυχῶν
581 4268 640 4322 τὺ
657 4267 924 4324 ἀθάνατον
955 4270 1035 4335 τὸ,
1079 4289 1097 4323 ι
1130 4273 1497 4344 Προστεθήτω
1528 4273 1666 4343 πρὸς
1708 4273 1800 4326 τὸν
1831 4271 1960 4325 λαὸν

372 4359 562 4416 αὐτοῦ.
600 4380 618 4413 ι
639 4362 780 4415 Λαὺν
804 4362 912 4433 γὰρ
945 4359 1084 4417 εἶναι
1115 4365 1210 4418 καὶ
1244 4364 1443 4428 αὐτῶν,
1477 4363 1552 4427 ὡς
1581 4363 1689 4416 τῶν
1712 4363 1952 4428 ζώντων.

374 4452 512 4505 Κατ’
537 4454 846 4524 οἰκειότητα
867 4453 924 4506 δὲ
948 4454 1166 4525 τρόπων
1190 4454 1222 4524 ή
1257 4453 1531 4518 σύνταξις.
1563 4453 1674 4506 Καὶ
1705 4452 1956 4524 Λάζαρος

373 4545 484 4615 γὰρ
523 4545 580 4596 ἐν
610 4545 830 4608 κόλποις
869 4544 1150 4616 Ἀϐραάμ·
1186 4547 1214 4597 ὁ
1239 4545 1296 4598 δὲ
1320 4545 1569 4610 πλούσιος
1612 4546 1802 4617 χωρὶς,
1830 4546 1952 4600 καί-

371 4650 458 4687 τοι
498 4635 722 4704 Πατέρα
756 4634 941 4688 καλῶν
966 4635 1057 4688 τὸν
1093 4633 1368 4706 Ἀϐραάμ.

2061 3550 2256 3597 natura
2279 3544 2394 3610 ipsa
2424 3547 2526 3595 hoc
2554 3542 2776 3611 explere
2807 3556 2914 3595 non
2945 3541 3278 3610 potuissent.
3305 3537 3469 3606 Atqui
3500 3537 3646 3590 Deus

2060 3635 2202 3694 vult,
2235 3644 2296 3688 ut
2351 3643 2464 3687 tam
2509 3634 2616 3687 vivi
2661 3649 2824 3704 quam
2879 3633 3133 3687 morituri
3179 3647 3334 3686 suam
3398 3631 3644 3699 ipsorum

2059 3729 2382 3782 tenuitatem
2406 3734 2732 3796 agnoscant,
2758 3725 2826 3778 ab
2845 3725 2963 3794 ipso
2985 3739 3114 3779 vero
3139 3720 3532 3792 perfectionem
3555 3735 3645 3788 pe-

2059 3829 2197 3873 tant.
2236 3819 2428 3872 lllanca
2453 3818 2656 3871 etenim
2685 3833 2748 3870 ac
2774 3815 3101 3886 imperfecta
3131 3815 3186 3868 in
3214 3814 3392 3884 primo
3416 3812 3645 3865 homine

2062 3913 2208 3966 facta
2238 3919 2322 3965 est
2354 3909 2578 3974 natura,
2606 3908 3040 3979 imperfectaque
3069 3907 3229 3971 vivit,
3255 3915 3307 3960 et
3335 3920 3459 3959 esse
3497 3904 3644 3957 desi-

2060 4006 2160 4064 nit,
2203 4019 2265 4056 ac
2302 4004 2426 4072 ejus
2456 4001 2552 4072 qui
2588 4000 2871 4071 perfectus
2901 4008 2986 4056 est
3006 4015 3110 4068 Ope
3136 3998 3366 4068 indiget,
3401 4011 3561 4070 quem
3586 3994 3641 4047 hi

2064 4095 2162 4164 qui
2198 4095 2342 4166 apud
2380 4094 2588 4149 inferos
2622 4093 2875 4156 fuerunt,
2908 4091 3323 4162 expetiverunt,
3353 4089 3446 4158 qui
3475 4087 3647 4142 etiam

2061 4185 2206 4239 diem
2235 4200 2396 4240 suum
2434 4184 2488 4238 in
2523 4183 2806 4254 agnitione
2850 4196 2964 4238 sum
3011 4181 3334 4252 indigentiae
3365 4179 3642 4234 obierunt.

2062 4273 2411 4344 Quapropter
2439 4276 2574 4330 utile
2609 4283 2694 4330 est
2725 4273 2918 4329 audire
2961 4289 3127 4344 quam
3156 4273 3229 4326 ob
3253 4287 3483 4326 causam
3517 4285 3646 4324 sco-

2062 4381 2190 4437 pum
2211 4367 2491 4436 praefixum
2512 4381 2618 4420 non
2635 4363 3493 4436 assequantur,quemadmodum
3509 4360 3578 4414 Pa
3589 4379 3648 4414 u-

2065 4459 2150 4513 lus
2175 4473 2391 4528 quoque
2409 4457 2726 4524 confitetur,
2755 4473 2880 4512 cum
2912 4456 3122 4524 inquit,
3154 4470 3214 4510 se
3249 4455 3302 4507 in
3325 4453 3428 4507 hoc
3469 4460 3646 4505 totum

2064 4563 2188 4604 esse
2224 4558 2285 4603 ut
2327 4549 2718 4620 gloriationem
2755 4547 2841 4602 sui
2891 4553 3234 4616 compescat.
3260 4543 3378 4597 Prae
3437 4558 3495 4597 se
3541 4542 3646 4595 fert

2085 4650 2267 4696 autem
2314 4643 2622 4695 animorum
2658 4638 3126 4693 immortalitatem
3173 4638 3275 4692 hoc
3300 4636 3446 4704 quod
3480 4635 3641 4688 dixit:

379 4743 401 4777 ι
438 4724 742 4796 Colligatur
782 4727 850 4782 ad
888 4727 1150 4797 populum
1181 4733 1371 4784 'suuin.
1425 4746 1442 4779 ι
1492 4727 1761 4799 Populum
1815 4729 1961 4784 enim
2000 4746 2124 4787 esse
2167 4749 2231 4788 ac
2268 4750 2392 4787 eum
2423 4748 2491 4786 ex
2516 4730 2828 4786 viventibus
2867 4737 3125 4784 constare
3199 4730 3370 4799 ﬁgura
3439 4729 3646 4781 oratio-

376 4822 464 4877 nis
499 4819 797 4890 Scriptura:
824 4821 1081 4874 familiari
1118 4821 1418 4875 indicatur.
1476 4820 1614 4876 Nam
1679 4829 1735 4877 et
1790 4820 2031 4879 Lazarus
2072 4824 2125 4878 in
2155 4826 2277 4880 sinu
2313 4823 2540 4879 Abrahze
2561 4838 2683 4884 esse
2715 4821 2944 4876 dicitur.
2965 4820 3128 4878 Dives
3157 4835 3287 4892 vero
3312 4828 3466 4876 extra
3494 4837 3642 4885 eum,

375 4915 728 4986 quantumvis
757 4923 968 4983 patrem
1005 4913 1286 4968 invocaret
1319 4914 1620 4968 Abraham.

396 5037 400 5040 ’
444 5029 536 5099 Τῷ
566 5027 919 5100 πρεσϐυτέρῳ
935 5027 1029 5081 τοῦ
1048 5027 1242 5096 γένους
1285 5027 1612 5098 παρέπεμψε
1641 5028 1739 5100 τὴν
1781 5029 1955 5083 διαδο-

2135 5027 2406 5083 Caeterum
2441 5027 2647 5082 seniori
2693 5027 2916 5098 generis
2970 5027 3379 5081 successionem
3418 5025 3647 5077 commi-

377 5121 500 5192 χήν.
528 5117 872 5190 Τιμιὼτερον
902 5120 1012 5189 γὰρ
1043 5120 1205 5188 φύσει
1235 5119 1296 5172 τὸ
1327 5119 1718 5190 πρεσϐύτερον,
1766 5122 1815 5174 εί
1875 5123 1950 5192 μή

2069 5123 2159 5184 sit,
2186 5131 2380 5175 natura
2406 5120 2550 5174 enim
2587 5121 2965 5190 praestantius,
2992 5119 3137 5188 quod
3164 5125 3320 5172 aetate
3343 5116 3519 5185 majus
3535 5130 3642 5182 est,

373 5226 425 5261 τι
455 5207 554 5276 τὴν
584 5207 648 5260 ἐκ
674 5207 888 5276 φύσεως
919 5207 1198 5277 ἐμποδίζοι
1228 5207 1415 5277 τιμὴν,
1435 5207 1509 5270 ὡς
1529 5209 1620 5262 ἐπὶ
1645 5210 1736 5262 τοῦ
1780 5210 1950 5264 Ἡσαῦ

2069 5214 2231 5268 sinon
2252 5211 2455 5280 aliquid
2486 5212 2790 5265 naturalem
2820 5211 3136 5279 dignitatem
3157 5209 3640 5278 impediat,quein-

375 5302 468 5352 καὶ
499 5297 591 5351 τοῦ
619 5299 910 5368 Μανασσῆ.
958 5298 1074 5367 Ἐφ’
1121 5292 1195 5355 ὧν
1233 5299 1329 5351 καὶ
1369 5300 1416 5351 οἱ
1449 5298 1609 5352 τύποι
1645 5299 1753 5352 τῶν
1811 5301 1953 5353 λαῶν

2069 5302 2351 5357 admodum
2406 5315 2569 5368 super
2611 5298 2751 5354 Esau
2813 5310 2864 5354 et
2902 5301 3157 5353 Manasse
3195 5299 3486 5362 accidit,in
3520 5302 3642 5369 qui-

372 5391 588 5455 οίκείως
651 5392 1074 5446 ὑποτυποῦνται.
1117 5392 1178 5444 Εἰ
1229 5391 1285 5444 δὲ
1310 5393 1610 5462 προαχθείη
1653 5411 1705 5447 τι
1743 5393 1832 5447 διὰ
1893 5393 1954 5446 τὸ

2069 5396 2164 5450 bus
2216 5393 2325 5463 t'ypi
2362 5392 2686 5461 populorum
2720 5407 2825 5445 usu
2854 5390 3110 5445 familiari
3136 5393 3458 5448 redduntur.
3483 5390 3638 5458 Quod

448 5572 492 5602 “
519 5569 674 5626 Deut.
694 5587 844 5636 xxvi,
877 5572 932 5639 7,
959 5571 1012 5626 8.
1093 5574 1134 5604 “’
1161 5571 1337 5628 Exod.
1370 5588 1448 5637 lli,
1483 5573 1536 5628 8.

1866 5704 2095 5761 NOTAE.

455 5829 588 5897 (7l')
636 5827 778 5883 ’Δντὶ
819 5827 922 5880 τῶν
965 5823 1270 5897 ἑπομ.τάδε
1305 5826 1416 5896 ἔχει
1442 5825 1583 5894 ὁτῆς
1633 5825 1766 5893 Αὑγ.
1818 5824 1946 5878 κώδ.
1986 5841 1998 5854 ο
2045 5821 2118 5892 μὴ
2145 5822 2197 5873 τὸ
2233 5823 2383 5890 γένος
2427 5821 2727 5893 ἀρνεῖσθαι,
2756 5824 2854 5875 κάν
2883 5824 3064 5893 ἀδικῇ.
