  <div class='ocr_page' id='page_1' title='image "/cluster/home/n/w/nwhite01/storage/ocr_20150623/87:pt.1/coo.31924054869882/438.png"; bbox 0 0 3956 6426; ppageno 0'>
   <div class='ocr_carea' id='block_1_1' title="bbox 444 396 3734 471">
    <p class='ocr_par' dir='ltr' id='par_1_1' title="bbox 444 396 3734 471">
     <span class='ocr_line' id='line_1_1' title="bbox 444 396 3734 471; baseline 0.002 -8"><span class='ocrx_word' id='word_1_1' title='bbox 444 400 550 464; x_wconf 79' lang='grc'><strong>855</strong></span> <span class='ocrx_word' id='word_1_2' title='bbox 1770 402 2123 464; x_wconf 83' lang='lat' dir='ltr'><strong>PROCOPII</strong></span> <span class='ocrx_word' id='word_1_3' title='bbox 2161 403 2257 464; x_wconf 85' lang='lat' dir='ltr'><strong>GA</strong></span> <span class='ocrx_word' id='word_1_4' title='bbox 2265 400 2406 464; x_wconf 66' lang='lat' dir='ltr'><strong>ZEI</strong></span> <span class='ocrx_word' id='word_1_5' title='bbox 2632 396 2637 399; x_wconf 37' lang='grc'><em>“</em></span> <span class='ocrx_word' id='word_1_6' title='bbox 3626 404 3734 471; x_wconf 77' lang='lat'><strong>856</strong></span> 
     </span>
    </p>
   </div>
   <div class='ocr_carea' id='block_1_2' title="bbox 442 509 2004 586">
    <p class='ocr_par' dir='ltr' id='par_1_2' title="bbox 442 511 2004 583">
     <span class='ocr_line' id='line_1_2' title="bbox 442 511 2004 583; baseline -0.001 -13"><span class='ocrx_word' id='word_1_7' title='bbox 442 515 493 570; x_wconf 82' lang='lat' dir='ltr'><strong>si</strong></span> <span class='ocrx_word' id='word_1_8' title='bbox 518 523 700 568; x_wconf 85' lang='lat' dir='ltr'><strong>autem</strong></span> <span class='ocrx_word' id='word_1_9' title='bbox 732 512 863 582; x_wconf 86' lang='lat' dir='ltr'><strong>quid</strong></span> <span class='ocrx_word' id='word_1_10' title='bbox 897 511 1227 583; x_wconf 86' lang='lat' dir='ltr'><strong>productum</strong></span> <span class='ocrx_word' id='word_1_11' title='bbox 1276 512 1441 567; x_wconf 86' lang='lat' dir='ltr'><strong>fuerit</strong></span> <span class='ocrx_word' id='word_1_12' title='bbox 1494 513 1618 583; x_wconf 84' lang='lat' dir='ltr'><strong>ejus</strong></span> <span class='ocrx_word' id='word_1_13' title='bbox 1667 513 1843 583; x_wconf 83' lang='lat' dir='ltr'><strong>gratia</strong></span> <span class='ocrx_word' id='word_1_14' title='bbox 1874 528 2004 583; x_wconf 76' lang='lat' dir='ltr'><strong>quat</strong></span> 
     </span>
    </p>
   </div>
   <div class='ocr_carea' id='block_1_3' title="bbox 2172 509 3734 586">
    <p class='ocr_par' dir='ltr' id='par_1_3' title="bbox 2172 509 3734 586">
     <span class='ocr_line' id='line_1_3' title="bbox 2172 509 3734 586; baseline 0.001 -19"><span class='ocrx_word' id='word_1_15' title='bbox 2172 515 2320 569; x_wconf 79' lang='grc' dir='ltr'>ἐλλον</span> <span class='ocrx_word' id='word_1_16' title='bbox 2345 515 2587 581; x_wconf 70' lang='grc' dir='ltr'><strong>ἔσεσθαι,</strong></span> <span class='ocrx_word' id='word_1_17' title='bbox 2612 509 2689 580; x_wconf 79' lang='grc' dir='ltr'><strong>ὧς</strong></span> <span class='ocrx_word' id='word_1_18' title='bbox 2716 516 2746 570; x_wconf 78' lang='grc' dir='ltr'>ὁ</span> <span class='ocrx_word' id='word_1_19' title='bbox 2772 514 2975 586; x_wconf 82' lang='grc' dir='ltr'>κόσμος</span> <span class='ocrx_word' id='word_1_20' title='bbox 3010 512 3118 585; x_wconf 81' lang='grc' dir='ltr'>πρὸ</span> <span class='ocrx_word' id='word_1_21' title='bbox 3166 510 3490 584; x_wconf 78' lang='grc' dir='ltr'>ἀνθρώπου</span> <span class='ocrx_word' id='word_1_22' title='bbox 3538 514 3640 567; x_wconf 79' lang='grc' dir='ltr'><strong>καὶ</strong></span> <span class='ocrx_word' id='word_1_23' title='bbox 3666 520 3734 569; x_wconf 76' lang='grc' dir='ltr'><strong>τὰ</strong></span> 
     </span>
    </p>
   </div>
   <div class='ocr_carea' id='block_1_4' title="bbox 446 604 2008 679">
    <p class='ocr_par' dir='ltr' id='par_1_4' title="bbox 446 604 2008 676">
     <span class='ocr_line' id='line_1_4' title="bbox 446 604 2008 676; baseline 0.001 -18"><span class='ocrx_word' id='word_1_24' title='bbox 446 613 633 675; x_wconf 87' lang='lat' dir='ltr'><strong>postea</strong></span> <span class='ocrx_word' id='word_1_25' title='bbox 666 604 911 660; x_wconf 90' lang='lat' dir='ltr'><strong>futurum</strong></span> <span class='ocrx_word' id='word_1_26' title='bbox 943 614 1083 671; x_wconf 88' lang='lat' dir='ltr'><strong>erat,</strong></span> <span class='ocrx_word' id='word_1_27' title='bbox 1114 620 1245 660; x_wconf 92' lang='lat' dir='ltr'><strong>num</strong></span> <span class='ocrx_word' id='word_1_28' title='bbox 1268 605 1625 676; x_wconf 68' lang='lat' dir='ltr'><strong>praestantius</strong></span> <span class='ocrx_word' id='word_1_29' title='bbox 1653 619 1874 676; x_wconf 89' lang='lat' dir='ltr'><strong>quoque</strong></span> <span class='ocrx_word' id='word_1_30' title='bbox 1902 604 2008 660; x_wconf 85' lang='lat' dir='ltr'><strong>fue-</strong></span> 
     </span>
    </p>
   </div>
   <div class='ocr_carea' id='block_1_5' title="bbox 2180 604 3742 679">
    <p class='ocr_par' dir='ltr' id='par_1_5' title="bbox 2180 604 3742 679">
     <span class='ocr_line' id='line_1_5' title="bbox 2180 604 3742 679; baseline -0.002 -20"><span class='ocrx_word' id='word_1_31' title='bbox 2180 616 2318 675; x_wconf 62' lang='lat' dir='ltr'><strong>toya,</strong></span> <span class='ocrx_word' id='word_1_32' title='bbox 2347 607 2408 660; x_wconf 81' lang='grc' dir='ltr'>οὐ</span> <span class='ocrx_word' id='word_1_33' title='bbox 2437 608 2811 679; x_wconf 76' lang='grc' dir='ltr'><strong>προτιμότερα</strong></span> <span class='ocrx_word' id='word_1_34' title='bbox 2827 605 3004 661; x_wconf 83' lang='grc' dir='ltr'><strong>ταῦτα</strong></span> <span class='ocrx_word' id='word_1_35' title='bbox 3031 605 3143 661; x_wconf 85' lang='grc' dir='ltr'>τῶν</span> <span class='ocrx_word' id='word_1_36' title='bbox 3177 606 3251 660; x_wconf 82' lang='grc' dir='ltr'><strong>δι’</strong></span> <span class='ocrx_word' id='word_1_37' title='bbox 3286 604 3329 659; x_wconf 74' lang='grc' dir='ltr'><strong>ἃ.</strong></span> <span class='ocrx_word' id='word_1_38' title='bbox 3377 606 3611 672; x_wconf 82' lang='grc' dir='ltr'>γέγονε.</span> <span class='ocrx_word' id='word_1_39' title='bbox 3635 604 3742 657; x_wconf 67' lang='grc' dir='ltr'><strong>Φύ-</strong></span> 
     </span>
    </p>
   </div>
   <div class='ocr_carea' id='block_1_6' title="bbox 444 696 2006 771">
    <p class='ocr_par' dir='ltr' id='par_1_6' title="bbox 444 696 2006 769">
     <span class='ocr_line' id='line_1_6' title="bbox 444 696 2006 769; baseline 0 -19"><span class='ocrx_word' id='word_1_40' title='bbox 444 699 517 751; x_wconf 87' lang='lat' dir='ltr'><strong>rit</strong></span> <span class='ocrx_word' id='word_1_41' title='bbox 545 699 570 751; x_wconf 86' lang='lat'><strong>&#39;!</strong></span> <span class='ocrx_word' id='word_1_42' title='bbox 598 699 763 753; x_wconf 90' lang='lat' dir='ltr'><strong>veluti</strong></span> <span class='ocrx_word' id='word_1_43' title='bbox 796 699 1034 753; x_wconf 90' lang='lat' dir='ltr'><strong>mundus</strong></span> <span class='ocrx_word' id='word_1_44' title='bbox 1069 707 1124 753; x_wconf 90' lang='lat' dir='ltr'><strong>et</strong></span> <span class='ocrx_word' id='word_1_45' title='bbox 1150 698 1311 752; x_wconf 90' lang='lat' dir='ltr'><strong>bruta</strong></span> <span class='ocrx_word' id='word_1_46' title='bbox 1344 713 1468 769; x_wconf 71' lang='lat' dir='ltr'><strong>qua:</strong></span> <span class='ocrx_word' id='word_1_47' title='bbox 1507 698 1735 754; x_wconf 81' lang='lat' dir='ltr'><strong>homine</strong></span> <span class='ocrx_word' id='word_1_48' title='bbox 1792 696 2006 752; x_wconf 80' lang='lat' dir='ltr'><strong>luerunt</strong></span> 
     </span>
    </p>
   </div>
   <div class='ocr_carea' id='block_1_7' title="bbox 1839 696 3401 771">
    <p class='ocr_par' dir='ltr' id='par_1_7' title="bbox 1839 699 3401 771">
     <span class='ocr_line' id='line_1_7' title="bbox 1839 699 3401 771; baseline 0 -20"><span class='ocrx_word' id='word_1_49' title='bbox 1839 705 2018 752; x_wconf 81' lang='lat' dir='ltr'><strong>terunt</strong></span> <span class='ocrx_word' id='word_1_50' title='bbox 2126 715 2208 752; x_wconf 88' lang='grc' dir='ltr'><strong>σει</strong></span> <span class='ocrx_word' id='word_1_51' title='bbox 2237 700 2345 771; x_wconf 74' lang='grc' dir='ltr'><strong>γὰρ</strong></span> <span class='ocrx_word' id='word_1_52' title='bbox 2375 700 2548 754; x_wconf 82' lang='grc' dir='ltr'><strong>ταῦτα</strong></span> <span class='ocrx_word' id='word_1_53' title='bbox 2576 700 2903 771; x_wconf 81' lang='grc' dir='ltr'><strong>τιμιώτερα,</strong></span> <span class='ocrx_word' id='word_1_54' title='bbox 2927 701 2978 753; x_wconf 84' lang='grc' dir='ltr'>εἰ</span> <span class='ocrx_word' id='word_1_55' title='bbox 3015 700 3111 754; x_wconf 77' lang='grc' dir='ltr'><strong>καὶ</strong></span> <span class='ocrx_word' id='word_1_56' title='bbox 3131 699 3401 768; x_wconf 80' lang='grc' dir='ltr'><strong>δεύτερα.</strong></span> 
     </span>
    </p>
   </div>
   <div class='ocr_carea' id='block_1_8' title="bbox 443 791 3735 866">
    <p class='ocr_par' dir='ltr' id='par_1_8' title="bbox 443 791 3735 866">
     <span class='ocr_line' id='line_1_8' title="bbox 443 791 3735 866; baseline 0.001 -21"><span class='ocrx_word' id='word_1_57' title='bbox 443 792 626 862; x_wconf 83' lang='lat' dir='ltr'><strong>priora</strong></span> <span class='ocrx_word' id='word_1_58' title='bbox 656 792 680 845; x_wconf 73' lang='grc' dir='ltr'><strong>τ</strong></span> <span class='ocrx_word' id='word_1_59' title='bbox 710 791 948 855; x_wconf 75' lang='lat' dir='ltr'><strong>Minime,</strong></span> <span class='ocrx_word' id='word_1_60' title='bbox 992 807 1105 846; x_wconf 92' lang='lat' dir='ltr'><strong>non</strong></span> <span class='ocrx_word' id='word_1_61' title='bbox 1142 793 1288 845; x_wconf 90' lang='lat' dir='ltr'><strong>enim</strong></span> <span class='ocrx_word' id='word_1_62' title='bbox 1322 792 1719 848; x_wconf 76' lang='lat' dir='ltr'><strong>excellentiora</strong></span> <span class='ocrx_word' id='word_1_63' title='bbox 1768 808 1831 848; x_wconf 90' lang='lat' dir='ltr'><strong>ea</strong></span> <span class='ocrx_word' id='word_1_64' title='bbox 1880 802 2009 847; x_wconf 86' lang='lat' dir='ltr'><strong>sunt</strong></span> <span class='ocrx_word' id='word_1_65' title='bbox 2047 792 2116 849; x_wconf 89' lang='lat' dir='ltr'><strong>iis</strong></span> <span class='ocrx_word' id='word_1_66' title='bbox 2144 804 2368 865; x_wconf 77' lang='lat' dir='ltr'><strong>propter</strong></span> <span class='ocrx_word' id='word_1_67' title='bbox 2410 810 2534 866; x_wconf 69' lang='lat' dir='ltr'><strong>quae</strong></span> <span class='ocrx_word' id='word_1_68' title='bbox 2558 804 2688 852; x_wconf 89' lang='lat' dir='ltr'><strong>sunt</strong></span> <span class='ocrx_word' id='word_1_69' title='bbox 2720 793 2887 863; x_wconf 89' lang='lat' dir='ltr'><strong>facta,</strong></span> <span class='ocrx_word' id='word_1_70' title='bbox 2941 794 3076 865; x_wconf 85' lang='lat' dir='ltr'><strong>quin</strong></span> <span class='ocrx_word' id='word_1_71' title='bbox 3106 792 3542 849; x_wconf 86' lang='lat' dir='ltr'><strong>venerabiliora</strong></span> <span class='ocrx_word' id='word_1_72' title='bbox 3607 801 3735 848; x_wconf 89' lang='lat' dir='ltr'><strong>sunt</strong></span> 
     </span>
    </p>
   </div>
   <div class='ocr_carea' id='block_1_9' title="bbox 440 886 1327 957">
    <p class='ocr_par' dir='ltr' id='par_1_9' title="bbox 440 886 1327 957">
     <span class='ocr_line' id='line_1_9' title="bbox 440 886 1327 957; baseline -0.003 -14"><span class='ocrx_word' id='word_1_73' title='bbox 440 888 560 943; x_wconf 59' lang='lat' dir='ltr'><strong>haec</strong></span> <span class='ocrx_word' id='word_1_74' title='bbox 596 893 797 942; x_wconf 90' lang='lat' dir='ltr'><strong>natura</strong></span> <span class='ocrx_word' id='word_1_75' title='bbox 835 886 940 943; x_wconf 88' lang='lat' dir='ltr'><strong>etsi</strong></span> <span class='ocrx_word' id='word_1_76' title='bbox 978 886 1327 957; x_wconf 60' lang='lat' dir='ltr'><strong>posteriora..</strong></span> 
     </span>
    </p>
   </div>
   <div class='ocr_carea' id='block_1_10' title="bbox 515 1019 3733 1096">
    <p class='ocr_par' dir='ltr' id='par_1_10' title="bbox 515 1019 3733 1096">
     <span class='ocr_line' id='line_1_10' title="bbox 515 1019 3733 1096; baseline -0.001 -16"><span class='ocrx_word' id='word_1_77' title='bbox 515 1025 681 1081; x_wconf 86' lang='lat' dir='ltr'><strong>Porro</strong></span> <span class='ocrx_word' id='word_1_78' title='bbox 694 1040 842 1080; x_wconf 89' lang='lat' dir='ltr'><strong>mors</strong></span> <span class='ocrx_word' id='word_1_79' title='bbox 866 1023 1173 1081; x_wconf 74' lang='lat' dir='ltr'><strong>sacerdotis</strong></span> <span class='ocrx_word' id='word_1_80' title='bbox 1195 1022 1358 1096; x_wconf 68' lang='grc'><strong>415</strong></span> <span class='ocrx_word' id='word_1_81' title='bbox 1385 1040 1492 1080; x_wconf 93' lang='lat' dir='ltr'><strong>non</strong></span> <span class='ocrx_word' id='word_1_82' title='bbox 1523 1032 1607 1081; x_wconf 89' lang='lat' dir='ltr'><strong>est</strong></span> <span class='ocrx_word' id='word_1_83' title='bbox 1631 1027 1890 1088; x_wconf 88' lang='lat' dir='ltr'><strong>obscura,</strong></span> <span class='ocrx_word' id='word_1_84' title='bbox 1909 1023 2366 1095; x_wconf 83' lang='lat' dir='ltr'><strong>quemadmodum</strong></span> <span class='ocrx_word' id='word_1_85' title='bbox 2394 1037 2494 1078; x_wconf 91' lang='lat' dir='ltr'><strong>nec</strong></span> <span class='ocrx_word' id='word_1_86' title='bbox 2536 1037 2605 1077; x_wconf 86' lang='lat' dir='ltr'><strong>ao</strong></span> <span class='ocrx_word' id='word_1_87' title='bbox 2631 1022 3009 1078; x_wconf 80' lang='lat' dir='ltr'><strong>sacerdotium</strong></span> <span class='ocrx_word' id='word_1_88' title='bbox 3029 1022 3428 1094; x_wconf 83' lang='lat' dir='ltr'><strong>Inauguratio.</strong></span> <span class='ocrx_word' id='word_1_89' title='bbox 3450 1019 3733 1078; x_wconf 67' lang='lat' dir='ltr'><strong>Praeclara</strong></span> 
     </span>
    </p>
   </div>
   <div class='ocr_carea' id='block_1_11' title="bbox 438 1108 3735 1184">
    <p class='ocr_par' dir='ltr' id='par_1_11' title="bbox 438 1108 3735 1184">
     <span class='ocr_line' id='line_1_11' title="bbox 438 1108 3735 1184; baseline -0.002 -15"><span class='ocrx_word' id='word_1_90' title='bbox 438 1114 587 1169; x_wconf 90' lang='lat' dir='ltr'><strong>enim</strong></span> <span class='ocrx_word' id='word_1_91' title='bbox 618 1122 671 1167; x_wconf 83' lang='lat' dir='ltr'><strong>et</strong></span> <span class='ocrx_word' id='word_1_92' title='bbox 701 1113 1063 1184; x_wconf 75' lang='lat' dir='ltr'><strong>suSpicienda</strong></span> <span class='ocrx_word' id='word_1_93' title='bbox 1097 1129 1185 1169; x_wconf 89' lang='lat' dir='ltr'><strong>res</strong></span> <span class='ocrx_word' id='word_1_94' title='bbox 1217 1112 1589 1169; x_wconf 73' lang='lat' dir='ltr'><strong>sacerdotium</strong></span> <span class='ocrx_word' id='word_1_95' title='bbox 1619 1122 1725 1179; x_wconf 87' lang='lat' dir='ltr'><strong>est,</strong></span> <span class='ocrx_word' id='word_1_96' title='bbox 1755 1114 1812 1168; x_wconf 92' lang='lat' dir='ltr'><strong>in</strong></span> <span class='ocrx_word' id='word_1_97' title='bbox 1835 1129 1945 1184; x_wconf 93' lang='lat' dir='ltr'><strong>quo</strong></span> <span class='ocrx_word' id='word_1_98' title='bbox 1984 1111 2167 1167; x_wconf 84' lang='lat' dir='ltr'><strong>omnia</strong></span> <span class='ocrx_word' id='word_1_99' title='bbox 2194 1110 2431 1164; x_wconf 87' lang='lat' dir='ltr'><strong>illustrat</strong></span> <span class='ocrx_word' id='word_1_100' title='bbox 2462 1109 2633 1171; x_wconf 88' lang='lat' dir='ltr'><strong>Deus.</strong></span> <span class='ocrx_word' id='word_1_101' title='bbox 2672 1119 2730 1164; x_wconf 90' lang='lat' dir='ltr'><strong>et</strong></span> <span class='ocrx_word' id='word_1_102' title='bbox 2759 1109 3094 1178; x_wconf 86' lang='lat' dir='ltr'><strong>principium</strong></span> <span class='ocrx_word' id='word_1_103' title='bbox 3123 1152 3138 1176; x_wconf 89' lang='lat'><strong>,</strong></span> <span class='ocrx_word' id='word_1_104' title='bbox 3172 1119 3224 1163; x_wconf 85' lang='lat' dir='ltr'><strong>et</strong></span> <span class='ocrx_word' id='word_1_105' title='bbox 3256 1108 3442 1163; x_wconf 81' lang='lat' dir='ltr'><strong>tinem</strong></span> <span class='ocrx_word' id='word_1_106' title='bbox 3469 1151 3486 1176; x_wconf 91' lang='lat'><strong>,</strong></span> <span class='ocrx_word' id='word_1_107' title='bbox 3518 1118 3580 1163; x_wconf 89' lang='lat' dir='ltr'><strong>et</strong></span> <span class='ocrx_word' id='word_1_108' title='bbox 3608 1125 3735 1164; x_wconf 87' lang='lat' dir='ltr'><strong>suc-</strong></span> 
     </span>
    </p>
   </div>
   <div class='ocr_carea' id='block_1_12' title="bbox 437 1197 3732 1268">
    <p class='ocr_par' dir='ltr' id='par_1_12' title="bbox 437 1197 3732 1268">
     <span class='ocr_line' id='line_1_12' title="bbox 437 1197 3732 1268; baseline -0.002 -13"><span class='ocrx_word' id='word_1_109' title='bbox 437 1215 678 1256; x_wconf 87' lang='lat' dir='ltr'><strong>cessum.</strong></span> <span class='ocrx_word' id='word_1_110' title='bbox 705 1200 846 1255; x_wconf 86' lang='lat' dir='ltr'><strong>Dicit</strong></span> <span class='ocrx_word' id='word_1_111' title='bbox 874 1201 1018 1256; x_wconf 89' lang='lat' dir='ltr'><strong>enim</strong></span> <span class='ocrx_word' id='word_1_112' title='bbox 1054 1218 1068 1255; x_wconf 90' lang='lat'>:</span> <span class='ocrx_word' id='word_1_113' title='bbox 1108 1221 1127 1254; x_wconf 84' lang='grc'>‹</span> <span class='ocrx_word' id='word_1_114' title='bbox 1155 1201 1328 1257; x_wconf 88' lang='lat' dir='ltr'><strong>Nemo</strong></span> <span class='ocrx_word' id='word_1_115' title='bbox 1349 1202 1602 1256; x_wconf 85' lang='lat' dir='ltr'><strong>accendit</strong></span> <span class='ocrx_word' id='word_1_116' title='bbox 1623 1202 1901 1257; x_wconf 86' lang='lat' dir='ltr'><strong>lucernam</strong></span> <span class='ocrx_word' id='word_1_117' title='bbox 1933 1210 1988 1256; x_wconf 93' lang='lat' dir='ltr'><strong>et</strong></span> <span class='ocrx_word' id='word_1_118' title='bbox 2015 1201 2071 1254; x_wconf 91' lang='lat' dir='ltr'><strong>in</strong></span> <span class='ocrx_word' id='word_1_119' title='bbox 2105 1198 2431 1254; x_wconf 84' lang='lat' dir='ltr'><strong>abscondito</strong></span> <span class='ocrx_word' id='word_1_120' title='bbox 2457 1199 2633 1268; x_wconf 86' lang='lat' dir='ltr'><strong>ipsam</strong></span> <span class='ocrx_word' id='word_1_121' title='bbox 2668 1198 2930 1261; x_wconf 85' lang='lat' dir='ltr'><strong>collocat,</strong></span> <span class='ocrx_word' id='word_1_122' title='bbox 2963 1199 3058 1254; x_wconf 90' lang='lat' dir='ltr'><strong>sed</strong></span> <span class='ocrx_word' id='word_1_123' title='bbox 3087 1213 3259 1267; x_wconf 88' lang='lat' dir='ltr'><strong>super</strong></span> <span class='ocrx_word' id='word_1_124' title='bbox 3284 1197 3732 1263; x_wconf 86' lang='lat' dir='ltr'><strong>candelabrum,</strong></span> 
     </span>
    </p>
   </div>
   <div class='ocr_carea' id='block_1_13' title="bbox 439 1285 3733 1361">
    <p class='ocr_par' dir='ltr' id='par_1_13' title="bbox 439 1285 3733 1361">
     <span class='ocr_line' id='line_1_13' title="bbox 439 1285 3733 1361; baseline -0.001 -19"><span class='ocrx_word' id='word_1_125' title='bbox 439 1305 549 1358; x_wconf 91' lang='lat' dir='ltr'><strong>quo</strong></span> <span class='ocrx_word' id='word_1_126' title='bbox 578 1303 769 1345; x_wconf 90' lang='lat' dir='ltr'><strong>omnes</strong></span> <span class='ocrx_word' id='word_1_127' title='bbox 793 1297 1067 1360; x_wconf 88' lang='lat' dir='ltr'><strong>quotquot</strong></span> <span class='ocrx_word' id='word_1_128' title='bbox 1100 1288 1485 1361; x_wconf 87' lang='lat' dir='ltr'><strong>ingrediuntur</strong></span> <span class='ocrx_word' id='word_1_129' title='bbox 1510 1290 1692 1344; x_wconf 90' lang='lat' dir='ltr'><strong>lumen</strong></span> <span class='ocrx_word' id='word_1_130' title='bbox 1721 1290 1969 1358; x_wconf 89' lang='lat' dir='ltr'><strong>aspicere</strong></span> <span class='ocrx_word' id='word_1_131' title='bbox 1993 1298 2195 1358; x_wconf 86' lang='lat' dir='ltr'><strong>queant</strong></span> <span class='ocrx_word' id='word_1_132' title='bbox 2221 1288 2306 1340; x_wconf 83' lang='lat'><strong>&quot;&#39;.</strong></span> <span class='ocrx_word' id='word_1_133' title='bbox 2332 1305 2352 1339; x_wconf 67' lang='grc' dir='ltr'><strong>ι</strong></span> <span class='ocrx_word' id='word_1_134' title='bbox 2383 1286 2538 1355; x_wconf 83' lang='lat' dir='ltr'><strong>Apud</strong></span> <span class='ocrx_word' id='word_1_135' title='bbox 2562 1285 2761 1341; x_wconf 88' lang='lat' dir='ltr'><strong>Isaiam</strong></span> <span class='ocrx_word' id='word_1_136' title='bbox 2790 1287 2920 1341; x_wconf 91' lang='lat' dir='ltr'><strong>item</strong></span> <span class='ocrx_word' id='word_1_137' title='bbox 2948 1285 3128 1355; x_wconf 89' lang='lat' dir='ltr'><strong>inquit</strong></span> <span class='ocrx_word' id='word_1_138' title='bbox 3156 1303 3173 1341; x_wconf 90' lang='lat'><strong>:</strong></span> <span class='ocrx_word' id='word_1_139' title='bbox 3209 1303 3230 1337; x_wconf 72' lang='grc' dir='ltr'><strong>ι</strong></span> <span class='ocrx_word' id='word_1_140' title='bbox 3271 1285 3473 1349; x_wconf 87' lang='lat' dir='ltr'><strong>Super</strong></span> <span class='ocrx_word' id='word_1_141' title='bbox 3490 1294 3733 1340; x_wconf 88' lang='lat' dir='ltr'><strong>montem</strong></span> 
     </span>
    </p>
   </div>
   <div class='ocr_carea' id='block_1_14' title="bbox 437 1370 3734 1449">
    <p class='ocr_par' dir='ltr' id='par_1_14' title="bbox 437 1370 3734 1449">
     <span class='ocr_line' id='line_1_14' title="bbox 437 1370 3734 1449; baseline -0.002 -18"><span class='ocrx_word' id='word_1_142' title='bbox 437 1379 717 1433; x_wconf 84' lang='lat' dir='ltr'><strong>excelsum</strong></span> <span class='ocrx_word' id='word_1_143' title='bbox 747 1378 1055 1433; x_wconf 81' lang='lat' dir='ltr'><strong>conscende</strong></span> <span class='ocrx_word' id='word_1_144' title='bbox 1083 1384 1142 1431; x_wconf 92' lang='lat' dir='ltr'><strong>tu</strong></span> <span class='ocrx_word' id='word_1_145' title='bbox 1169 1378 1262 1449; x_wconf 92' lang='lat' dir='ltr'><strong>qui</strong></span> <span class='ocrx_word' id='word_1_146' title='bbox 1296 1378 1445 1432; x_wconf 80' lang='lat' dir='ltr'><strong>Sioni</strong></span> <span class='ocrx_word' id='word_1_147' title='bbox 1473 1378 1597 1432; x_wconf 70' lang='lat' dir='ltr'><strong>laeta</strong></span> <span class='ocrx_word' id='word_1_148' title='bbox 1626 1370 1924 1433; x_wconf 74' lang='lat' dir='ltr'><strong>denuntias</strong></span> <span class='ocrx_word' id='word_1_149' title='bbox 1958 1377 2023 1430; x_wconf 82' lang='lat'><strong>&quot;.</strong></span> <span class='ocrx_word' id='word_1_150' title='bbox 2068 1393 2088 1426; x_wconf 74' lang='grc' dir='ltr'><strong>ι</strong></span> <span class='ocrx_word' id='word_1_151' title='bbox 2133 1374 2209 1429; x_wconf 88' lang='lat' dir='ltr'><strong>lta</strong></span> <span class='ocrx_word' id='word_1_152' title='bbox 2252 1374 2420 1429; x_wconf 90' lang='lat' dir='ltr'><strong>etiam</strong></span> <span class='ocrx_word' id='word_1_153' title='bbox 2458 1372 2727 1429; x_wconf 89' lang='lat' dir='ltr'><strong>Dominus</strong></span> <span class='ocrx_word' id='word_1_154' title='bbox 2760 1371 2913 1428; x_wconf 90' lang='lat' dir='ltr'><strong>solus</strong></span> <span class='ocrx_word' id='word_1_155' title='bbox 2949 1372 3067 1442; x_wconf 88' lang='lat' dir='ltr'><strong>ipse</strong></span> <span class='ocrx_word' id='word_1_156' title='bbox 3101 1386 3296 1427; x_wconf 87' lang='lat' dir='ltr'><strong>secum</strong></span> <span class='ocrx_word' id='word_1_157' title='bbox 3331 1371 3483 1442; x_wconf 88' lang='lat' dir='ltr'><strong>egit,</strong></span> <span class='ocrx_word' id='word_1_158' title='bbox 3514 1372 3734 1441; x_wconf 84' lang='lat' dir='ltr'><strong>quando</strong></span> 
     </span>
    </p>
   </div>
   <div class='ocr_carea' id='block_1_15' title="bbox 439 1466 1628 1538">
    <p class='ocr_par' dir='ltr' id='par_1_15' title="bbox 439 1466 1628 1538">
     <span class='ocr_line' id='line_1_15' title="bbox 439 1466 1628 1538; baseline -0.001 -16"><span class='ocrx_word' id='word_1_159' title='bbox 439 1467 694 1538; x_wconf 84' lang='lat' dir='ltr'><strong>spiritum</strong></span> <span class='ocrx_word' id='word_1_160' title='bbox 727 1482 756 1521; x_wconf 89' lang='lat' dir='ltr'><strong>a</strong></span> <span class='ocrx_word' id='word_1_161' title='bbox 787 1480 1023 1537; x_wconf 89' lang='lat' dir='ltr'><strong>corpore</strong></span> <span class='ocrx_word' id='word_1_162' title='bbox 1060 1480 1320 1536; x_wconf 88' lang='lat' dir='ltr'><strong>separare</strong></span> <span class='ocrx_word' id='word_1_163' title='bbox 1357 1466 1628 1521; x_wconf 85' lang='lat' dir='ltr'><strong>voluerat.</strong></span> 
     </span>
    </p>
   </div>
   <div class='ocr_carea' id='block_1_16' title="bbox 509 1594 2071 1679">
    <p class='ocr_par' dir='ltr' id='par_1_16' title="bbox 509 1607 2071 1679">
     <span class='ocr_line' id='line_1_16' title="bbox 509 1607 2071 1679; baseline -0.003 -14"><span class='ocrx_word' id='word_1_164' title='bbox 509 1610 679 1665; x_wconf 87' lang='lat' dir='ltr'><strong>Porro</strong></span> <span class='ocrx_word' id='word_1_165' title='bbox 719 1623 845 1666; x_wconf 89' lang='lat' dir='ltr'><strong>cum</strong></span> <span class='ocrx_word' id='word_1_166' title='bbox 899 1608 1264 1679; x_wconf 69' lang='lat' dir='ltr'><strong>praerogativa</strong></span> <span class='ocrx_word' id='word_1_167' title='bbox 1321 1608 1542 1677; x_wconf 78' lang='lat' dir='ltr'><strong>generis</strong></span> <span class='ocrx_word' id='word_1_168' title='bbox 1596 1608 1653 1663; x_wconf 91' lang='lat' dir='ltr'><strong>in</strong></span> <span class='ocrx_word' id='word_1_169' title='bbox 1677 1608 1797 1678; x_wconf 91' lang='lat' dir='ltr'><strong>lege</strong></span> <span class='ocrx_word' id='word_1_170' title='bbox 1826 1607 2071 1667; x_wconf 74' lang='lat' dir='ltr'><strong>carnisE</strong></span> 
     </span>
    </p>
   </div>
   <div class='ocr_carea' id='block_1_17' title="bbox 2166 1594 3728 1679">
    <p class='ocr_par' dir='ltr' id='par_1_17' title="bbox 2180 1594 3728 1672">
     <span class='ocr_line' id='line_1_17' title="bbox 2180 1594 3728 1672; baseline -0.003 -18"><span class='ocrx_word' id='word_1_171' title='bbox 2180 1602 2292 1672; x_wconf 85' lang='grc' dir='ltr'><strong>Τῆς</strong></span> <span class='ocrx_word' id='word_1_172' title='bbox 2317 1601 2375 1655; x_wconf 86' lang='grc' dir='ltr'><strong>δὲ</strong></span> <span class='ocrx_word' id='word_1_173' title='bbox 2398 1599 2540 1655; x_wconf 77' lang='grc' dir='ltr'>κατὰ</span> <span class='ocrx_word' id='word_1_174' title='bbox 2568 1601 2725 1668; x_wconf 83' lang='grc' dir='ltr'>γένος</span> <span class='ocrx_word' id='word_1_175' title='bbox 2744 1599 2910 1670; x_wconf 82' lang='grc' dir='ltr'><strong>τιμῆς</strong></span> <span class='ocrx_word' id='word_1_176' title='bbox 2942 1597 3236 1669; x_wconf 80' lang='grc' dir='ltr'>ἱσχυούοης</span> <span class='ocrx_word' id='word_1_177' title='bbox 3269 1596 3377 1651; x_wconf 75' lang='grc' dir='ltr'><strong>ἐπὶ</strong></span> <span class='ocrx_word' id='word_1_178' title='bbox 3430 1594 3536 1650; x_wconf 80' lang='grc' dir='ltr'>τοῦ</span> <span class='ocrx_word' id='word_1_179' title='bbox 3597 1613 3728 1669; x_wconf 86' lang='grc' dir='ltr'>σαρ-</span> 
     </span>
    </p>
   </div>
   <div class='ocr_carea' id='block_1_18' title="bbox 438 1688 2000 1772">
    <p class='ocr_par' dir='ltr' id='par_1_18' title="bbox 438 1700 2000 1772">
     <span class='ocr_line' id='line_1_18' title="bbox 438 1700 2000 1772; baseline -0.003 -14"><span class='ocrx_word' id='word_1_180' title='bbox 438 1704 637 1768; x_wconf 88' lang='lat' dir='ltr'><strong>valcat,</strong></span> <span class='ocrx_word' id='word_1_181' title='bbox 671 1702 901 1772; x_wconf 88' lang='lat' dir='ltr'><strong>spiritus</strong></span> <span class='ocrx_word' id='word_1_182' title='bbox 944 1715 1164 1771; x_wconf 87' lang='lat' dir='ltr'><strong>quoque</strong></span> <span class='ocrx_word' id='word_1_183' title='bbox 1198 1701 1253 1755; x_wconf 93' lang='lat' dir='ltr'><strong>in</strong></span> <span class='ocrx_word' id='word_1_184' title='bbox 1309 1700 1584 1771; x_wconf 90' lang='lat' dir='ltr'><strong>spirituali</strong></span> <span class='ocrx_word' id='word_1_185' title='bbox 1626 1700 1780 1755; x_wconf 91' lang='lat' dir='ltr'><strong>cultu</strong></span> <span class='ocrx_word' id='word_1_186' title='bbox 1825 1700 2000 1767; x_wconf 84' lang='lat' dir='ltr'><strong>valet;</strong></span> 
     </span>
    </p>
   </div>
   <div class='ocr_carea' id='block_1_19' title="bbox 2167 1688 3729 1772">
    <p class='ocr_par' dir='ltr' id='par_1_19' title="bbox 2167 1688 3729 1762">
     <span class='ocr_line' id='line_1_19' title="bbox 2167 1688 3729 1762; baseline -0.003 -18"><span class='ocrx_word' id='word_1_187' title='bbox 2167 1691 2274 1744; x_wconf 72' lang='grc' dir='ltr'><strong>ικοῦ</strong></span> <span class='ocrx_word' id='word_1_188' title='bbox 2307 1691 2495 1762; x_wconf 85' lang='grc' dir='ltr'>νόμου,</span> <span class='ocrx_word' id='word_1_189' title='bbox 2528 1692 2562 1761; x_wconf 87' lang='grc' dir='ltr'><strong>ή</strong></span> <span class='ocrx_word' id='word_1_190' title='bbox 2592 1691 2734 1743; x_wconf 73' lang='grc' dir='ltr'>κατὰ</span> <span class='ocrx_word' id='word_1_191' title='bbox 2768 1690 2988 1760; x_wconf 80' lang='grc' dir='ltr'>πνεῦμα</span> <span class='ocrx_word' id='word_1_192' title='bbox 3032 1688 3125 1740; x_wconf 72' lang='grc' dir='ltr'><strong>ἐπὶ</strong></span> <span class='ocrx_word' id='word_1_193' title='bbox 3172 1688 3282 1757; x_wconf 83' lang='grc' dir='ltr'><strong>τῆς</strong></span> <span class='ocrx_word' id='word_1_194' title='bbox 3330 1689 3729 1756; x_wconf 81' lang='grc' dir='ltr'><strong>πνευματικῆς</strong></span> 
     </span>
    </p>
   </div>
   <div class='ocr_carea' id='block_1_20' title="bbox 440 1779 2002 1862">
    <p class='ocr_par' dir='ltr' id='par_1_20' title="bbox 440 1790 2002 1862">
     <span class='ocr_line' id='line_1_20' title="bbox 440 1790 2002 1862; baseline -0.001 -13"><span class='ocrx_word' id='word_1_195' title='bbox 440 1808 656 1849; x_wconf 86' lang='lat' dir='ltr'><strong>morum</strong></span> <span class='ocrx_word' id='word_1_196' title='bbox 702 1792 848 1848; x_wconf 89' lang='lat' dir='ltr'><strong>enim</strong></span> <span class='ocrx_word' id='word_1_197' title='bbox 899 1790 1206 1847; x_wconf 88' lang='lat' dir='ltr'><strong>similitudo</strong></span> <span class='ocrx_word' id='word_1_198' title='bbox 1265 1791 1317 1845; x_wconf 93' lang='lat' dir='ltr'><strong>in</strong></span> <span class='ocrx_word' id='word_1_199' title='bbox 1377 1806 1577 1862; x_wconf 80' lang='lat' dir='ltr'><strong>genere</strong></span> <span class='ocrx_word' id='word_1_200' title='bbox 1611 1790 2002 1861; x_wconf 79' lang='lat' dir='ltr'><strong>quodammodc</strong></span> 
     </span>
    </p>
   </div>
   <div class='ocr_carea' id='block_1_21' title="bbox 2164 1779 3726 1862">
    <p class='ocr_par' dir='ltr' id='par_1_21' title="bbox 2164 1779 3726 1854">
     <span class='ocr_line' id='line_1_21' title="bbox 2164 1779 3726 1854; baseline -0.007 -15"><span class='ocrx_word' id='word_1_201' title='bbox 2164 1785 2426 1849; x_wconf 79' lang='grc' dir='ltr'><strong>εοσεσείας</strong></span> <span class='ocrx_word' id='word_1_202' title='bbox 2458 1783 2656 1854; x_wconf 73' lang='grc' dir='ltr'><strong>ἰσχύει,</strong></span> <span class='ocrx_word' id='word_1_203' title='bbox 2689 1782 2881 1853; x_wconf 79' lang='grc' dir='ltr'>ὥσπερ</span> <span class='ocrx_word' id='word_1_204' title='bbox 2904 1781 3094 1850; x_wconf 83' lang='grc' dir='ltr'><strong>γένους</strong></span> <span class='ocrx_word' id='word_1_205' title='bbox 3123 1780 3283 1844; x_wconf 74' lang='grc' dir='ltr'>ὄντος</span> <span class='ocrx_word' id='word_1_206' title='bbox 3334 1780 3446 1848; x_wconf 80' lang='grc' dir='ltr'><strong>τῆς</strong></span> <span class='ocrx_word' id='word_1_207' title='bbox 3493 1779 3726 1848; x_wconf 82' lang='grc' dir='ltr'><strong>ὁμοτρο-</strong></span> 
     </span>
    </p>
   </div>
   <div class='ocr_carea' id='block_1_22' title="bbox 438 1866 2000 1955">
    <p class='ocr_par' dir='ltr' id='par_1_22' title="bbox 438 1882 2000 1955">
     <span class='ocr_line' id='line_1_22' title="bbox 438 1882 2000 1955; baseline -0.002 -13"><span class='ocrx_word' id='word_1_208' title='bbox 438 1894 542 1952; x_wconf 88' lang='lat' dir='ltr'><strong>est,</strong></span> <span class='ocrx_word' id='word_1_209' title='bbox 567 1888 710 1940; x_wconf 87' lang='lat' dir='ltr'><strong>sicut</strong></span> <span class='ocrx_word' id='word_1_210' title='bbox 737 1884 858 1955; x_wconf 84' lang='lat' dir='ltr'><strong>ejus</strong></span> <span class='ocrx_word' id='word_1_211' title='bbox 886 1884 964 1936; x_wconf 82' lang='lat' dir='ltr'><strong>rei</strong></span> <span class='ocrx_word' id='word_1_212' title='bbox 991 1883 1218 1954; x_wconf 82' lang='lat' dir='ltr'><strong>figuram</strong></span> <span class='ocrx_word' id='word_1_213' title='bbox 1249 1884 1390 1953; x_wconf 85' lang='lat' dir='ltr'><strong>gerit</strong></span> <span class='ocrx_word' id='word_1_214' title='bbox 1416 1884 1548 1937; x_wconf 83' lang='lat' dir='ltr'><strong>illud</strong></span> <span class='ocrx_word' id='word_1_215' title='bbox 1573 1882 1718 1953; x_wconf 91' lang='lat' dir='ltr'><strong>quod</strong></span> <span class='ocrx_word' id='word_1_216' title='bbox 1736 1884 2000 1941; x_wconf 78' lang='lat' dir='ltr'><strong>Abraham</strong></span> 
     </span>
    </p>
   </div>
   <div class='ocr_carea' id='block_1_23' title="bbox 2164 1866 3726 1955">
    <p class='ocr_par' dir='ltr' id='par_1_23' title="bbox 2164 1866 3726 1940">
     <span class='ocr_line' id='line_1_23' title="bbox 2164 1866 3726 1940; baseline -0.007 -12"><span class='ocrx_word' id='word_1_217' title='bbox 2164 1875 2269 1940; x_wconf 72' lang='grc' dir='ltr'><strong>ξας.</strong></span> <span class='ocrx_word' id='word_1_218' title='bbox 2336 1875 2425 1938; x_wconf 83' lang='grc' dir='ltr'>Ὦς</span> <span class='ocrx_word' id='word_1_219' title='bbox 2464 1868 2605 1927; x_wconf 78' lang='grc' dir='ltr'>εἶναι</span> <span class='ocrx_word' id='word_1_220' title='bbox 2656 1871 2849 1925; x_wconf 85' lang='grc' dir='ltr'>τούτου</span> <span class='ocrx_word' id='word_1_221' title='bbox 2878 1872 3048 1926; x_wconf 84' lang='grc' dir='ltr'><strong>τύπον</strong></span> <span class='ocrx_word' id='word_1_222' title='bbox 3097 1871 3305 1932; x_wconf 76' lang='grc' dir='ltr'>ἐκεῖνο,</span> <span class='ocrx_word' id='word_1_223' title='bbox 3365 1867 3518 1921; x_wconf 83' lang='grc' dir='ltr'>καθὸ</span> <span class='ocrx_word' id='word_1_224' title='bbox 3547 1866 3726 1938; x_wconf 81' lang='grc' dir='ltr'><strong>πατὴρ</strong></span> 
     </span>
    </p>
   </div>
   <div class='ocr_carea' id='block_1_24' title="bbox 440 1959 2002 2047">
    <p class='ocr_par' dir='ltr' id='par_1_24' title="bbox 440 1975 1621 2047">
     <span class='ocr_line' id='line_1_24' title="bbox 440 1975 1621 2047; baseline -0.001 -16"><span class='ocrx_word' id='word_1_225' title='bbox 440 1987 597 2047; x_wconf 84' lang='lat' dir='ltr'><strong>pater</strong></span> <span class='ocrx_word' id='word_1_226' title='bbox 627 1985 816 2034; x_wconf 88' lang='lat' dir='ltr'><strong>noster</strong></span> <span class='ocrx_word' id='word_1_227' title='bbox 848 1975 973 2031; x_wconf 85' lang='lat' dir='ltr'><strong>lidei</strong></span> <span class='ocrx_word' id='word_1_228' title='bbox 1002 1975 1360 2031; x_wconf 88' lang='lat' dir='ltr'><strong>similitudine</strong></span> <span class='ocrx_word' id='word_1_229' title='bbox 1384 1975 1621 2032; x_wconf 82' lang='lat' dir='ltr'><strong>exsistit.</strong></span> 
     </span>
    </p>
   </div>
   <div class='ocr_carea' id='block_1_25' title="bbox 2166 1959 3728 2047">
    <p class='ocr_par' dir='ltr' id='par_1_25' title="bbox 2166 1959 3728 2039">
     <span class='ocr_line' id='line_1_25' title="bbox 2166 1959 3728 2039; baseline -0.006 -19"><span class='ocrx_word' id='word_1_230' title='bbox 2166 1969 2276 2039; x_wconf 66' lang='grc' dir='ltr'>μῶν</span> <span class='ocrx_word' id='word_1_231' title='bbox 2311 1966 2565 2039; x_wconf 77' lang='grc' dir='ltr'><strong>Ἀϐραὰμ</strong></span> <span class='ocrx_word' id='word_1_232' title='bbox 2597 1966 2841 2028; x_wconf 78' lang='grc' dir='ltr'><strong>πίστεως</strong></span> <span class='ocrx_word' id='word_1_233' title='bbox 2890 1963 3198 2034; x_wconf 84' lang='grc' dir='ltr'><strong>ὁμοιότητι.</strong></span> <span class='ocrx_word' id='word_1_234' title='bbox 3272 1963 3396 2016; x_wconf 71' lang='grc' dir='ltr'><strong>Καὶ</strong></span> <span class='ocrx_word' id='word_1_235' title='bbox 3449 1960 3617 2013; x_wconf 85' lang='grc' dir='ltr'>τοῦτο</span> <span class='ocrx_word' id='word_1_236' title='bbox 3657 1959 3728 2012; x_wconf 84' lang='grc' dir='ltr'><strong>δι-</strong></span> 
     </span>
    </p>
   </div>
   <div class='ocr_carea' id='block_1_26' title="bbox 906 2053 3721 2132">
    <p class='ocr_par' dir='ltr' id='par_1_26' title="bbox 906 2053 3721 2132">
     <span class='ocr_line' id='line_1_26' title="bbox 906 2053 3721 2132; baseline -0.007 -7"><span class='ocrx_word' id='word_1_237' title='bbox 906 2080 911 2083; x_wconf 87' lang='grc'><em>’</em></span> <span class='ocrx_word' id='word_1_238' title='bbox 2115 2060 2397 2132; x_wconf 83' lang='grc' dir='ltr'><strong>καιότερόν</strong></span> <span class='ocrx_word' id='word_1_239' title='bbox 2431 2076 2489 2114; x_wconf 88' lang='grc' dir='ltr'>τε</span> <span class='ocrx_word' id='word_1_240' title='bbox 2517 2060 2611 2113; x_wconf 73' lang='grc' dir='ltr'><strong>καὶ</strong></span> <span class='ocrx_word' id='word_1_241' title='bbox 2643 2058 3013 2130; x_wconf 81' lang='grc' dir='ltr'><strong>ἰσχυρότερον,</strong></span> <span class='ocrx_word' id='word_1_242' title='bbox 3038 2055 3114 2119; x_wconf 83' lang='grc' dir='ltr'><strong>ὡς</strong></span> <span class='ocrx_word' id='word_1_243' title='bbox 3161 2055 3258 2108; x_wconf 73' lang='grc' dir='ltr'>καὶ</span> <span class='ocrx_word' id='word_1_244' title='bbox 3285 2053 3488 2125; x_wconf 75' lang='grc' dir='ltr'>ψυχῆς</span> <span class='ocrx_word' id='word_1_245' title='bbox 3521 2053 3721 2123; x_wconf 80' lang='grc' dir='ltr'><strong>ὑγίεια,</strong></span> 
     </span>
    </p>
   </div>
   <div class='ocr_carea' id='block_1_27' title="bbox 2115 2150 2812 2223">
    <p class='ocr_par' dir='ltr' id='par_1_27' title="bbox 2115 2150 2812 2223">
     <span class='ocr_line' id='line_1_27' title="bbox 2115 2150 2812 2223; baseline -0.003 -16"><span class='ocrx_word' id='word_1_246' title='bbox 2115 2152 2436 2223; x_wconf 76' lang='grc' dir='ltr'><strong>σωματικῆς</strong></span> <span class='ocrx_word' id='word_1_247' title='bbox 2462 2150 2812 2222; x_wconf 85' lang='grc' dir='ltr'><strong>τιμιώτερον.</strong></span> 
     </span>
    </p>
   </div>
   <div class='ocr_carea' id='block_1_28' title="bbox 509 2237 2071 2316">
    <p class='ocr_par' dir='ltr' id='par_1_28' title="bbox 509 2237 2014 2309">
     <span class='ocr_line' id='line_1_28' title="bbox 509 2237 2014 2309; baseline 0.003 -19"><span class='ocrx_word' id='word_1_248' title='bbox 509 2237 652 2306; x_wconf 82' lang='lat' dir='ltr'><strong>Quin</strong></span> <span class='ocrx_word' id='word_1_249' title='bbox 692 2239 857 2294; x_wconf 90' lang='lat' dir='ltr'><strong>etiam</strong></span> <span class='ocrx_word' id='word_1_250' title='bbox 878 2238 1018 2295; x_wconf 90' lang='lat' dir='ltr'><strong>stola</strong></span> <span class='ocrx_word' id='word_1_251' title='bbox 1042 2237 1349 2309; x_wconf 88' lang='lat' dir='ltr'><strong>spiritualis</strong></span> <span class='ocrx_word' id='word_1_252' title='bbox 1370 2237 1580 2293; x_wconf 85' lang='lat' dir='ltr'><strong>carnali</strong></span> <span class='ocrx_word' id='word_1_253' title='bbox 1610 2247 1796 2304; x_wconf 74' lang='lat' dir='ltr'><strong>exuta,</strong></span> <span class='ocrx_word' id='word_1_254' title='bbox 1816 2238 2014 2295; x_wconf 70' lang='lat' dir='ltr'><strong>animae</strong></span> 
     </span>
    </p>
   </div>
   <div class='ocr_carea' id='block_1_29' title="bbox 2155 2237 3717 2316">
    <p class='ocr_par' dir='ltr' id='par_1_29' title="bbox 2183 2237 3717 2316">
     <span class='ocr_line' id='line_1_29' title="bbox 2183 2237 3717 2316; baseline -0.003 -19"><span class='ocrx_word' id='word_1_255' title='bbox 2183 2243 2353 2316; x_wconf 80' lang='grc' dir='ltr'><strong>Στολὴ</strong></span> <span class='ocrx_word' id='word_1_256' title='bbox 2383 2241 2734 2313; x_wconf 81' lang='grc' dir='ltr'><strong>πνευματικὴ</strong></span> <span class='ocrx_word' id='word_1_257' title='bbox 2756 2282 2772 2306; x_wconf 86' lang='grc'><em>,</em></span> <span class='ocrx_word' id='word_1_258' title='bbox 2804 2242 2906 2310; x_wconf 79' lang='grc' dir='ltr'><strong>τῆς</strong></span> <span class='ocrx_word' id='word_1_259' title='bbox 2944 2238 3272 2310; x_wconf 82' lang='grc' dir='ltr'><strong>σωματικῆς</strong></span> <span class='ocrx_word' id='word_1_260' title='bbox 3323 2237 3717 2309; x_wconf 81' lang='grc' dir='ltr'><strong>ἀφῃρημένης,</strong></span> 
     </span>
    </p>
   </div>
   <div class='ocr_carea' id='block_1_30' title="bbox 436 2330 1998 2410">
    <p class='ocr_par' dir='ltr' id='par_1_30' title="bbox 436 2330 1998 2403">
     <span class='ocr_line' id='line_1_30' title="bbox 436 2330 1998 2403; baseline 0.001 -17"><span class='ocrx_word' id='word_1_261' title='bbox 436 2331 693 2400; x_wconf 88' lang='lat' dir='ltr'><strong>congruit</strong></span> <span class='ocrx_word' id='word_1_262' title='bbox 722 2344 755 2384; x_wconf 91' lang='lat' dir='ltr'><strong>a</strong></span> <span class='ocrx_word' id='word_1_263' title='bbox 803 2345 1038 2403; x_wconf 90' lang='lat' dir='ltr'><strong>corpore</strong></span> <span class='ocrx_word' id='word_1_264' title='bbox 1082 2342 1133 2386; x_wconf 85' lang='lat' dir='ltr'><strong>et</strong></span> <span class='ocrx_word' id='word_1_265' title='bbox 1160 2331 1544 2401; x_wconf 89' lang='lat' dir='ltr'><strong>corporalibus</strong></span> <span class='ocrx_word' id='word_1_266' title='bbox 1587 2330 1896 2388; x_wconf 90' lang='lat' dir='ltr'><strong>defectibus</strong></span> <span class='ocrx_word' id='word_1_267' title='bbox 1928 2347 1998 2389; x_wconf 87' lang='lat' dir='ltr'><strong>se-</strong></span> 
     </span>
    </p>
   </div>
   <div class='ocr_carea' id='block_1_31' title="bbox 2161 2330 3723 2410">
    <p class='ocr_par' dir='ltr' id='par_1_31' title="bbox 2161 2332 3723 2410">
     <span class='ocr_line' id='line_1_31' title="bbox 2161 2332 3723 2410; baseline -0.006 -17"><span class='ocrx_word' id='word_1_268' title='bbox 2161 2338 2345 2410; x_wconf 78' lang='grc' dir='ltr'><strong>ρμόζει</strong></span> <span class='ocrx_word' id='word_1_269' title='bbox 2374 2339 2521 2410; x_wconf 76' lang='grc' dir='ltr'>ψυχῇ</span> <span class='ocrx_word' id='word_1_270' title='bbox 2551 2337 2895 2409; x_wconf 71' lang='grc' dir='ltr'>χωριζομένῃ</span> <span class='ocrx_word' id='word_1_271' title='bbox 2922 2336 3018 2390; x_wconf 81' lang='grc' dir='ltr'>τοῦ</span> <span class='ocrx_word' id='word_1_272' title='bbox 3056 2335 3340 2406; x_wconf 80' lang='grc' dir='ltr'><strong>σώματος,</strong></span> <span class='ocrx_word' id='word_1_273' title='bbox 3370 2334 3473 2387; x_wconf 78' lang='grc' dir='ltr'><strong>καὶ</strong></span> <span class='ocrx_word' id='word_1_274' title='bbox 3500 2332 3610 2387; x_wconf 84' lang='grc' dir='ltr'><strong>τῶν</strong></span> <span class='ocrx_word' id='word_1_275' title='bbox 3642 2333 3723 2384; x_wconf 73' lang='grc' dir='ltr'><strong>ὲν-</strong></span> 
     </span>
    </p>
   </div>
   <div class='ocr_carea' id='block_1_32' title="bbox 432 2423 1994 2499">
    <p class='ocr_par' dir='ltr' id='par_1_32' title="bbox 432 2423 1994 2494">
     <span class='ocr_line' id='line_1_32' title="bbox 432 2423 1994 2494; baseline 0.003 -19"><span class='ocrx_word' id='word_1_276' title='bbox 432 2423 658 2492; x_wconf 71' lang='lat' dir='ltr'><strong>juncur,</strong></span> <span class='ocrx_word' id='word_1_277' title='bbox 717 2429 1055 2494; x_wconf 84' lang='lat' dir='ltr'><strong>quapropter</strong></span> <span class='ocrx_word' id='word_1_278' title='bbox 1113 2423 1366 2479; x_wconf 88' lang='lat' dir='ltr'><strong>terrestri</strong></span> <span class='ocrx_word' id='word_1_279' title='bbox 1431 2425 1672 2479; x_wconf 90' lang='lat' dir='ltr'><strong>tentorio</strong></span> <span class='ocrx_word' id='word_1_280' title='bbox 1723 2423 1905 2479; x_wconf 92' lang='lat' dir='ltr'><strong>diruto</strong></span> <span class='ocrx_word' id='word_1_281' title='bbox 1952 2424 1994 2479; x_wconf 82' lang='lat' dir='ltr'><strong>ir</strong></span> 
     </span>
    </p>
   </div>
   <div class='ocr_carea' id='block_1_33' title="bbox 2154 2423 3716 2499">
    <p class='ocr_par' dir='ltr' id='par_1_33' title="bbox 2154 2425 3716 2499">
     <span class='ocr_line' id='line_1_33' title="bbox 2154 2425 3716 2499; baseline -0.004 -15"><span class='ocrx_word' id='word_1_282' title='bbox 2154 2430 2304 2485; x_wconf 82' lang='grc' dir='ltr'>εὖθεν</span> <span class='ocrx_word' id='word_1_283' title='bbox 2334 2431 2757 2499; x_wconf 76' lang='grc' dir='ltr'><strong>ἐλαττωμάτων.</strong></span> <span class='ocrx_word' id='word_1_284' title='bbox 2799 2429 2892 2482; x_wconf 83' lang='grc' dir='ltr'><strong>Διὸ</strong></span> <span class='ocrx_word' id='word_1_285' title='bbox 2938 2429 3033 2483; x_wconf 72' lang='grc' dir='ltr'><strong>καὶ</strong></span> <span class='ocrx_word' id='word_1_286' title='bbox 3089 2428 3250 2492; x_wconf 81' lang='grc' dir='ltr'>ποθεί</span> <span class='ocrx_word' id='word_1_287' title='bbox 3298 2425 3367 2480; x_wconf 82' lang='grc' dir='ltr'><strong>τὺ</strong></span> <span class='ocrx_word' id='word_1_288' title='bbox 3402 2427 3716 2497; x_wconf 76' lang='grc' dir='ltr'><strong>οἰκητήριον</strong></span> 
     </span>
    </p>
   </div>
   <div class='ocr_carea' id='block_1_34' title="bbox 435 2511 1997 2594">
    <p class='ocr_par' dir='ltr' id='par_1_34' title="bbox 435 2511 1997 2582">
     <span class='ocr_line' id='line_1_34' title="bbox 435 2511 1997 2582; baseline 0.003 -17"><span class='ocrx_word' id='word_1_289' title='bbox 435 2512 661 2567; x_wconf 63' lang='lat' dir='ltr'><strong>caeleste</strong></span> <span class='ocrx_word' id='word_1_290' title='bbox 686 2511 1028 2567; x_wconf 87' lang='lat' dir='ltr'><strong>domicilium</strong></span> <span class='ocrx_word' id='word_1_291' title='bbox 1062 2511 1251 2568; x_wconf 82' lang='lat' dir='ltr'><strong>subire</strong></span> <span class='ocrx_word' id='word_1_292' title='bbox 1294 2526 1516 2582; x_wconf 91' lang='lat' dir='ltr'><strong>quoque</strong></span> <span class='ocrx_word' id='word_1_293' title='bbox 1554 2511 1854 2569; x_wconf 88' lang='lat' dir='ltr'><strong>desiderat.</strong></span> <span class='ocrx_word' id='word_1_294' title='bbox 1886 2515 1997 2570; x_wconf 74' lang='lat' dir='ltr'><strong>Non</strong></span> 
     </span>
    </p>
   </div>
   <div class='ocr_carea' id='block_1_35' title="bbox 2151 2511 3713 2594">
    <p class='ocr_par' dir='ltr' id='par_1_35' title="bbox 2151 2516 3713 2594">
     <span class='ocr_line' id='line_1_35' title="bbox 2151 2516 3713 2594; baseline -0.004 -18"><span class='ocrx_word' id='word_1_295' title='bbox 2151 2522 2589 2578; x_wconf 80' lang='grc' dir='ltr'><strong>πενδύσασοαιτὺ</strong></span> <span class='ocrx_word' id='word_1_296' title='bbox 2611 2521 2671 2587; x_wconf 75' lang='grc' dir='ltr'><strong>ἐξ</strong></span> <span class='ocrx_word' id='word_1_297' title='bbox 2708 2520 2964 2594; x_wconf 81' lang='grc' dir='ltr'>οὐρανοῦ,</span> <span class='ocrx_word' id='word_1_298' title='bbox 3000 2520 3278 2590; x_wconf 75' lang='grc' dir='ltr'><strong>λυομένης</strong></span> <span class='ocrx_word' id='word_1_299' title='bbox 3315 2519 3427 2588; x_wconf 82' lang='grc' dir='ltr'><strong>τῆς</strong></span> <span class='ocrx_word' id='word_1_300' title='bbox 3478 2516 3713 2585; x_wconf 68' lang='grc' dir='ltr'>ἐπιγείου</span> 
     </span>
    </p>
   </div>
   <div class='ocr_carea' id='block_1_36' title="bbox 434 2602 1996 2685">
    <p class='ocr_par' dir='ltr' id='par_1_36' title="bbox 434 2602 1996 2685">
     <span class='ocr_line' id='line_1_36' title="bbox 434 2602 1996 2685; baseline 0.001 -28"><span class='ocrx_word' id='word_1_301' title='bbox 434 2603 657 2674; x_wconf 88' lang='lat' dir='ltr'><strong>quidem</strong></span> <span class='ocrx_word' id='word_1_302' title='bbox 688 2610 747 2659; x_wconf 93' lang='lat' dir='ltr'><strong>ut</strong></span> <span class='ocrx_word' id='word_1_303' title='bbox 772 2617 1010 2675; x_wconf 91' lang='lat' dir='ltr'><strong>corpore</strong></span> <span class='ocrx_word' id='word_1_304' title='bbox 1054 2602 1315 2659; x_wconf 88' lang='lat' dir='ltr'><strong>reddatur</strong></span> <span class='ocrx_word' id='word_1_305' title='bbox 1353 2604 1523 2670; x_wconf 87' lang='lat' dir='ltr'><strong>nuda,</strong></span> <span class='ocrx_word' id='word_1_306' title='bbox 1558 2619 1663 2685; x_wconf 71' lang='lat' dir='ltr'><strong>nec</strong></span> <span class='ocrx_word' id='word_1_307' title='bbox 1694 2606 1841 2660; x_wconf 90' lang='lat' dir='ltr'><strong>enim</strong></span> <span class='ocrx_word' id='word_1_308' title='bbox 1869 2603 1996 2661; x_wconf 87' lang='lat' dir='ltr'><strong>Pau-</strong></span> 
     </span>
    </p>
   </div>
   <div class='ocr_carea' id='block_1_37' title="bbox 2150 2602 3712 2685">
    <p class='ocr_par' dir='ltr' id='par_1_37' title="bbox 2150 2607 3712 2684">
     <span class='ocr_line' id='line_1_37' title="bbox 2150 2607 3712 2684; baseline -0.003 -18"><span class='ocrx_word' id='word_1_309' title='bbox 2150 2614 2355 2684; x_wconf 73' lang='grc' dir='ltr'><strong>κηνῆς·</strong></span> <span class='ocrx_word' id='word_1_310' title='bbox 2392 2613 2491 2684; x_wconf 82' lang='grc' dir='ltr'>οὐχ</span> <span class='ocrx_word' id='word_1_311' title='bbox 2545 2612 2687 2667; x_wconf 81' lang='grc' dir='ltr'><strong>ὥστε</strong></span> <span class='ocrx_word' id='word_1_312' title='bbox 2726 2611 2910 2684; x_wconf 81' lang='grc' dir='ltr'>γυμνὴ</span> <span class='ocrx_word' id='word_1_313' title='bbox 2936 2610 3188 2682; x_wconf 80' lang='grc' dir='ltr'><strong>σώματος</strong></span> <span class='ocrx_word' id='word_1_314' title='bbox 3216 2609 3518 2680; x_wconf 79' lang='grc' dir='ltr'><strong>γενέσθαι,</strong></span> <span class='ocrx_word' id='word_1_315' title='bbox 3580 2607 3712 2663; x_wconf 68' lang='grc' dir='ltr'><strong>καθὰ</strong></span> 
     </span>
    </p>
   </div>
   <div class='ocr_carea' id='block_1_38' title="bbox 434 2696 1996 2778">
    <p class='ocr_par' dir='ltr' id='par_1_38' title="bbox 434 2696 1996 2778">
     <span class='ocr_line' id='line_1_38' title="bbox 434 2696 1996 2778; baseline 0.002 -27"><span class='ocrx_word' id='word_1_316' title='bbox 434 2697 525 2752; x_wconf 88' lang='lat' dir='ltr'><strong>lus</strong></span> <span class='ocrx_word' id='word_1_317' title='bbox 584 2697 727 2752; x_wconf 91' lang='lat' dir='ltr'><strong>idem</strong></span> <span class='ocrx_word' id='word_1_318' title='bbox 768 2697 961 2762; x_wconf 85' lang='lat' dir='ltr'><strong>sentit,</strong></span> <span class='ocrx_word' id='word_1_319' title='bbox 999 2696 1095 2753; x_wconf 89' lang='lat' dir='ltr'><strong>sed</strong></span> <span class='ocrx_word' id='word_1_320' title='bbox 1130 2703 1189 2751; x_wconf 92' lang='lat' dir='ltr'><strong>ut</strong></span> <span class='ocrx_word' id='word_1_321' title='bbox 1218 2696 1470 2767; x_wconf 87' lang='lat' dir='ltr'><strong>corporis</strong></span> <span class='ocrx_word' id='word_1_322' title='bbox 1495 2710 1666 2778; x_wconf 88' lang='lat' dir='ltr'><strong>onere</strong></span> <span class='ocrx_word' id='word_1_323' title='bbox 1700 2696 1996 2766; x_wconf 74' lang='lat' dir='ltr'><strong>liberetur;</strong></span> 
     </span>
    </p>
   </div>
   <div class='ocr_carea' id='block_1_39' title="bbox 2151 2696 3713 2778">
    <p class='ocr_par' dir='ltr' id='par_1_39' title="bbox 2151 2700 3713 2778">
     <span class='ocr_line' id='line_1_39' title="bbox 2151 2700 3713 2778; baseline -0.002 -19"><span class='ocrx_word' id='word_1_324' title='bbox 2151 2706 2195 2776; x_wconf 87' lang='grc' dir='ltr'>ᾦ</span> <span class='ocrx_word' id='word_1_325' title='bbox 2215 2705 2414 2777; x_wconf 83' lang='grc' dir='ltr'>Παύλῳ</span> <span class='ocrx_word' id='word_1_326' title='bbox 2437 2706 2606 2771; x_wconf 80' lang='grc' dir='ltr'>δοκεῖ,</span> <span class='ocrx_word' id='word_1_327' title='bbox 2646 2706 2782 2762; x_wconf 83' lang='grc' dir='ltr'><strong>ἀλλὰ</strong></span> <span class='ocrx_word' id='word_1_328' title='bbox 2796 2705 2890 2760; x_wconf 84' lang='grc' dir='ltr'><strong>τοῦ</strong></span> <span class='ocrx_word' id='word_1_329' title='bbox 2910 2703 3226 2778; x_wconf 81' lang='grc' dir='ltr'>βαροῦντος.</span> <span class='ocrx_word' id='word_1_330' title='bbox 3273 2703 3373 2757; x_wconf 78' lang='grc' dir='ltr'><strong>Διὸ</strong></span> <span class='ocrx_word' id='word_1_331' title='bbox 3399 2704 3502 2756; x_wconf 79' lang='grc' dir='ltr'>καὶ</span> <span class='ocrx_word' id='word_1_332' title='bbox 3533 2700 3713 2756; x_wconf 83' lang='grc' dir='ltr'><strong>στενά-</strong></span> 
     </span>
    </p>
   </div>
   <div class='ocr_carea' id='block_1_40' title="bbox 434 2777 1996 2868">
    <p class='ocr_par' dir='ltr' id='par_1_40' title="bbox 434 2777 1691 2860">
     <span class='ocr_line' id='line_1_40' title="bbox 434 2777 1691 2860; baseline 0.006 -20"><span class='ocrx_word' id='word_1_333' title='bbox 434 2796 657 2860; x_wconf 88' lang='lat' dir='ltr'><strong>propter</strong></span> <span class='ocrx_word' id='word_1_334' title='bbox 686 2803 830 2845; x_wconf 90' lang='lat' dir='ltr'><strong>onus</strong></span> <span class='ocrx_word' id='word_1_335' title='bbox 858 2788 1006 2845; x_wconf 89' lang='lat' dir='ltr'><strong>enim</strong></span> <span class='ocrx_word' id='word_1_336' title='bbox 1033 2788 1324 2860; x_wconf 78' lang='lat' dir='ltr'><strong>gemimus,</strong></span> <span class='ocrx_word' id='word_1_337' title='bbox 1353 2777 1627 2859; x_wconf 67' lang='lat' dir='ltr'><strong>inquit&quot;.</strong></span> <span class='ocrx_word' id='word_1_338' title='bbox 1682 2782 1691 2791; x_wconf 70' lang='grc'><strong>’</strong></span> 
     </span>
    </p>
   </div>
   <div class='ocr_carea' id='block_1_41' title="bbox 1042 2777 2604 2868">
    <p class='ocr_par' dir='ltr' id='par_1_41' title="bbox 1042 2777 2604 2868">
     <span class='ocr_line' id='line_1_41' title="bbox 1042 2777 2604 2868; baseline 0.004 -24"><span class='ocrx_word' id='word_1_339' title='bbox 1042 2788 1324 2860; x_wconf 74' lang='lat' dir='ltr'><strong>gemimus,</strong></span> <span class='ocrx_word' id='word_1_340' title='bbox 1353 2777 1627 2859; x_wconf 55' lang='lat' dir='ltr'><strong>inquit&quot;.</strong></span> <span class='ocrx_word' id='word_1_341' title='bbox 1682 2782 1691 2791; x_wconf 63' lang='grc'><strong>’</strong></span> <span class='ocrx_word' id='word_1_342' title='bbox 2119 2793 2286 2867; x_wconf 83' lang='grc' dir='ltr'>ζομεν</span> <span class='ocrx_word' id='word_1_343' title='bbox 2312 2795 2392 2867; x_wconf 83' lang='grc' dir='ltr'><strong>τῷ</strong></span> <span class='ocrx_word' id='word_1_344' title='bbox 2422 2795 2604 2868; x_wconf 83' lang='grc' dir='ltr'><strong>βάρει.</strong></span> 
     </span>
    </p>
   </div>
   <div class='ocr_carea' id='block_1_42' title="bbox 504 2917 3710 2998">
    <p class='ocr_par' dir='ltr' id='par_1_42' title="bbox 504 2917 3710 2998">
     <span class='ocr_line' id='line_1_42' title="bbox 504 2917 3710 2998; baseline 0.001 -21"><span class='ocrx_word' id='word_1_345' title='bbox 504 2920 772 2977; x_wconf 66' lang='lat' dir='ltr'><strong>Caeterum</strong></span> <span class='ocrx_word' id='word_1_346' title='bbox 802 2921 857 2975; x_wconf 89' lang='lat' dir='ltr'><strong>in</strong></span> <span class='ocrx_word' id='word_1_347' title='bbox 887 2926 1074 2975; x_wconf 89' lang='lat' dir='ltr'><strong>monte</strong></span> <span class='ocrx_word' id='word_1_348' title='bbox 1102 2919 1414 2975; x_wconf 87' lang='lat' dir='ltr'><strong>moriuntur</strong></span> <span class='ocrx_word' id='word_1_349' title='bbox 1437 2917 1619 2975; x_wconf 81' lang='lat' dir='ltr'><strong>Moses</strong></span> <span class='ocrx_word' id='word_1_350' title='bbox 1649 2929 1703 2975; x_wconf 89' lang='lat' dir='ltr'><strong>et</strong></span> <span class='ocrx_word' id='word_1_351' title='bbox 1732 2921 1938 2986; x_wconf 80' lang='lat' dir='ltr'><strong>Aaron,</strong></span> <span class='ocrx_word' id='word_1_352' title='bbox 1971 2936 2039 2978; x_wconf 90' lang='lat' dir='ltr'><strong>ac</strong></span> <span class='ocrx_word' id='word_1_353' title='bbox 2067 2925 2122 2981; x_wconf 92' lang='lat' dir='ltr'><strong>in</strong></span> <span class='ocrx_word' id='word_1_354' title='bbox 2149 2926 2331 2998; x_wconf 79' lang='lat' dir='ltr'><strong>ﬁgura</strong></span> <span class='ocrx_word' id='word_1_355' title='bbox 2365 2943 2466 2985; x_wconf 89' lang='lat' dir='ltr'><strong>ceu</strong></span> <span class='ocrx_word' id='word_1_356' title='bbox 2493 2930 2711 2985; x_wconf 83' lang='lat' dir='ltr'><strong>animas</strong></span> <span class='ocrx_word' id='word_1_357' title='bbox 2733 2929 2791 2985; x_wconf 88' lang='lat' dir='ltr'><strong>in</strong></span> <span class='ocrx_word' id='word_1_358' title='bbox 2831 2930 3004 2985; x_wconf 87' lang='lat' dir='ltr'><strong>altum</strong></span> <span class='ocrx_word' id='word_1_359' title='bbox 3031 2928 3272 2997; x_wconf 79' lang='lat' dir='ltr'><strong>subduci</strong></span> <span class='ocrx_word' id='word_1_360' title='bbox 3306 2927 3588 2984; x_wconf 89' lang='lat' dir='ltr'><strong>indicant.</strong></span> <span class='ocrx_word' id='word_1_361' title='bbox 3622 2926 3710 2981; x_wconf 87' lang='lat' dir='ltr'><strong>Est</strong></span> 
     </span>
    </p>
   </div>
   <div class='ocr_carea' id='block_1_43' title="bbox 433 3008 3707 3089">
    <p class='ocr_par' dir='ltr' id='par_1_43' title="bbox 433 3008 3707 3089">
     <span class='ocr_line' id='line_1_43' title="bbox 433 3008 3707 3089; baseline 0.002 -26"><span class='ocrx_word' id='word_1_362' title='bbox 433 3025 566 3066; x_wconf 87' lang='lat' dir='ltr'><strong>vero</strong></span> <span class='ocrx_word' id='word_1_363' title='bbox 605 3009 915 3065; x_wconf 86' lang='lat' dir='ltr'><strong>dill&#39;erentia</strong></span> <span class='ocrx_word' id='word_1_364' title='bbox 976 3009 1032 3064; x_wconf 92' lang='lat' dir='ltr'><strong>in</strong></span> <span class='ocrx_word' id='word_1_365' title='bbox 1091 3008 1219 3076; x_wconf 92' lang='lat' dir='ltr'><strong>hoc,</strong></span> <span class='ocrx_word' id='word_1_366' title='bbox 1271 3010 1420 3078; x_wconf 91' lang='lat' dir='ltr'><strong>quod</strong></span> <span class='ocrx_word' id='word_1_367' title='bbox 1455 3009 1597 3064; x_wconf 87' lang='lat' dir='ltr'><strong>alter</strong></span> <span class='ocrx_word' id='word_1_368' title='bbox 1640 3010 2021 3082; x_wconf 86' lang='lat' dir='ltr'><strong>longinquius,</strong></span> <span class='ocrx_word' id='word_1_369' title='bbox 2084 3015 2245 3072; x_wconf 87' lang='lat' dir='ltr'><strong>alter</strong></span> <span class='ocrx_word' id='word_1_370' title='bbox 2302 3019 2534 3089; x_wconf 90' lang='lat' dir='ltr'><strong>propius</strong></span> <span class='ocrx_word' id='word_1_371' title='bbox 2567 3026 2731 3075; x_wconf 71' lang='lat' dir='ltr'><strong>terrae</strong></span> <span class='ocrx_word' id='word_1_372' title='bbox 2777 3028 2979 3074; x_wconf 64' lang='lat' dir='ltr'><strong>sanctae</strong></span> <span class='ocrx_word' id='word_1_373' title='bbox 3031 3019 3295 3074; x_wconf 90' lang='lat' dir='ltr'><strong>moritur.</strong></span> <span class='ocrx_word' id='word_1_374' title='bbox 3325 3018 3519 3074; x_wconf 80' lang='lat' dir='ltr'><strong>Moses</strong></span> <span class='ocrx_word' id='word_1_375' title='bbox 3568 3017 3707 3071; x_wconf 88' lang='lat' dir='ltr'><strong>enim</strong></span> 
     </span>
    </p>
   </div>
   <div class='ocr_carea' id='block_1_44' title="bbox 433 3096 3711 3178">
    <p class='ocr_par' dir='ltr' id='par_1_44' title="bbox 433 3096 3711 3178">
     <span class='ocr_line' id='line_1_44' title="bbox 433 3096 3711 3178; baseline 0.002 -27"><span class='ocrx_word' id='word_1_376' title='bbox 433 3099 628 3152; x_wconf 82' lang='lat' dir='ltr'><strong>virtuti</strong></span> <span class='ocrx_word' id='word_1_377' title='bbox 660 3096 768 3152; x_wconf 92' lang='lat' dir='ltr'><strong>fuit</strong></span> <span class='ocrx_word' id='word_1_378' title='bbox 797 3097 1017 3153; x_wconf 89' lang='lat' dir='ltr'><strong>vicinus</strong></span> <span class='ocrx_word' id='word_1_379' title='bbox 1050 3096 1248 3167; x_wconf 89' lang='lat' dir='ltr'><strong>magis.</strong></span> <span class='ocrx_word' id='word_1_380' title='bbox 1291 3097 1547 3166; x_wconf 80' lang='lat' dir='ltr'><strong>quamvis</strong></span> <span class='ocrx_word' id='word_1_381' title='bbox 1576 3096 1891 3153; x_wconf 71' lang='lat' dir='ltr'><strong>diﬂidentiaa</strong></span> <span class='ocrx_word' id='word_1_382' title='bbox 1936 3114 2103 3170; x_wconf 89' lang='lat' dir='ltr'><strong>super</strong></span> <span class='ocrx_word' id='word_1_383' title='bbox 2145 3116 2289 3172; x_wconf 89' lang='lat' dir='ltr'><strong>aqua</strong></span> <span class='ocrx_word' id='word_1_384' title='bbox 2333 3106 2651 3162; x_wconf 74' lang='lat' dir='ltr'><strong>commissa:</strong></span> <span class='ocrx_word' id='word_1_385' title='bbox 2678 3108 2840 3177; x_wconf 89' lang='lat' dir='ltr'><strong>culpa</strong></span> <span class='ocrx_word' id='word_1_386' title='bbox 2884 3107 3180 3163; x_wconf 88' lang='lat' dir='ltr'><strong>amborum</strong></span> <span class='ocrx_word' id='word_1_387' title='bbox 3223 3109 3333 3178; x_wconf 82' lang='lat' dir='ltr'><strong>par</strong></span> <span class='ocrx_word' id='word_1_388' title='bbox 3360 3106 3561 3162; x_wconf 88' lang='lat' dir='ltr'><strong>fuerit.</strong></span> <span class='ocrx_word' id='word_1_389' title='bbox 3595 3103 3711 3159; x_wconf 77' lang='lat' dir='ltr'><strong>Non</strong></span> 
     </span>
    </p>
   </div>
   <div class='ocr_carea' id='block_1_45' title="bbox 431 3181 2539 3255">
    <p class='ocr_par' dir='ltr' id='par_1_45' title="bbox 431 3181 2539 3255">
     <span class='ocr_line' id='line_1_45' title="bbox 431 3181 2539 3255; baseline 0.004 -15"><span class='ocrx_word' id='word_1_390' title='bbox 431 3186 584 3240; x_wconf 81' lang='lat' dir='ltr'><strong>etiim</strong></span> <span class='ocrx_word' id='word_1_391' title='bbox 617 3184 920 3241; x_wconf 90' lang='lat' dir='ltr'><strong>secundum</strong></span> <span class='ocrx_word' id='word_1_392' title='bbox 962 3194 1196 3255; x_wconf 89' lang='lat' dir='ltr'><strong>partem,</strong></span> <span class='ocrx_word' id='word_1_393' title='bbox 1223 3184 1319 3239; x_wconf 89' lang='lat' dir='ltr'><strong>sed</strong></span> <span class='ocrx_word' id='word_1_394' title='bbox 1351 3181 1657 3247; x_wconf 79' lang='lat' dir='ltr'><strong>secundum</strong></span> <span class='ocrx_word' id='word_1_395' title='bbox 1686 3190 1860 3239; x_wconf 91' lang='lat' dir='ltr'><strong>totum</strong></span> <span class='ocrx_word' id='word_1_396' title='bbox 1884 3185 2146 3249; x_wconf 88' lang='lat' dir='ltr'><strong>iudicium</strong></span> <span class='ocrx_word' id='word_1_397' title='bbox 2180 3191 2306 3247; x_wconf 85' lang='lat' dir='ltr'><strong>fieri</strong></span> <span class='ocrx_word' id='word_1_398' title='bbox 2352 3195 2539 3250; x_wconf 91' lang='lat' dir='ltr'><strong>debet.</strong></span> 
     </span>
    </p>
   </div>
   <div class='ocr_carea' id='block_1_46' title="bbox 504 3294 2066 3380">
    <p class='ocr_par' dir='ltr' id='par_1_46' title="bbox 504 3294 2066 3372">
     <span class='ocr_line' id='line_1_46' title="bbox 504 3294 2066 3372; baseline -0.003 -14"><span class='ocrx_word' id='word_1_399' title='bbox 504 3297 783 3372; x_wconf 85' lang='lat' dir='ltr'><strong>lnjndicii</strong></span> <span class='ocrx_word' id='word_1_400' title='bbox 841 3294 973 3353; x_wconf 78' lang='lat' dir='ltr'><strong>vero</strong></span> <span class='ocrx_word' id='word_1_401' title='bbox 1039 3302 1246 3353; x_wconf 91' lang='lat' dir='ltr'><strong>sortem</strong></span> <span class='ocrx_word' id='word_1_402' title='bbox 1293 3304 1512 3367; x_wconf 90' lang='lat' dir='ltr'><strong>tempus</strong></span> <span class='ocrx_word' id='word_1_403' title='bbox 1564 3310 1786 3366; x_wconf 90' lang='lat' dir='ltr'><strong>quoque</strong></span> <span class='ocrx_word' id='word_1_404' title='bbox 1838 3297 2066 3366; x_wconf 83' lang='lat' dir='ltr'><strong>cadit,(</strong></span> 
     </span>
    </p>
   </div>
   <div class='ocr_carea' id='block_1_47' title="bbox 2143 3294 3705 3380">
    <p class='ocr_par' dir='ltr' id='par_1_47' title="bbox 2183 3305 3705 3380">
     <span class='ocr_line' id='line_1_47' title="bbox 2183 3305 3705 3380; baseline 0.003 -22"><span class='ocrx_word' id='word_1_405' title='bbox 2183 3305 2438 3372; x_wconf 76' lang='grc' dir='ltr'><strong>Κρίσεως</strong></span> <span class='ocrx_word' id='word_1_406' title='bbox 2459 3307 2552 3360; x_wconf 75' lang='grc' dir='ltr'><strong>καὶ</strong></span> <span class='ocrx_word' id='word_1_407' title='bbox 2581 3308 2610 3360; x_wconf 87' lang='grc' dir='ltr'><strong>ὁ</strong></span> <span class='ocrx_word' id='word_1_408' title='bbox 2642 3307 2856 3380; x_wconf 77' lang='grc' dir='ltr'>χρόνος,</span> <span class='ocrx_word' id='word_1_409' title='bbox 2884 3308 3027 3362; x_wconf 81' lang='grc' dir='ltr'><strong>κατὰ</strong></span> <span class='ocrx_word' id='word_1_410' title='bbox 3058 3307 3161 3378; x_wconf 80' lang='grc' dir='ltr'>τὴν</span> <span class='ocrx_word' id='word_1_411' title='bbox 3204 3307 3381 3374; x_wconf 72' lang='grc' dir='ltr'>ἀξίαν</span> <span class='ocrx_word' id='word_1_412' title='bbox 3431 3307 3705 3379; x_wconf 71' lang='grc' dir='ltr'><strong>ἐπαγομέ-</strong></span> 
     </span>
    </p>
   </div>
   <div class='ocr_carea' id='block_1_48' title="bbox 432 3385 1994 3470">
    <p class='ocr_par' dir='ltr' id='par_1_48' title="bbox 432 3385 1994 3465">
     <span class='ocr_line' id='line_1_48' title="bbox 432 3385 1994 3465; baseline -0.005 -15"><span class='ocrx_word' id='word_1_413' title='bbox 432 3395 597 3465; x_wconf 88' lang='lat' dir='ltr'><strong>cujus</strong></span> <span class='ocrx_word' id='word_1_414' title='bbox 629 3391 845 3447; x_wconf 89' lang='lat' dir='ltr'><strong>ratione</strong></span> <span class='ocrx_word' id='word_1_415' title='bbox 876 3403 976 3459; x_wconf 91' lang='lat' dir='ltr'><strong>pro</strong></span> <span class='ocrx_word' id='word_1_416' title='bbox 1006 3387 1280 3459; x_wconf 85' lang='lat' dir='ltr'><strong>dignitate</strong></span> <span class='ocrx_word' id='word_1_417' title='bbox 1326 3385 1602 3458; x_wconf 81' lang='lat' dir='ltr'><strong>cujusque</strong></span> <span class='ocrx_word' id='word_1_418' title='bbox 1632 3402 1781 3443; x_wconf 84' lang='lat' dir='ltr'><strong>mors</strong></span> <span class='ocrx_word' id='word_1_419' title='bbox 1809 3395 1894 3443; x_wconf 90' lang='lat' dir='ltr'><strong>est</strong></span> <span class='ocrx_word' id='word_1_420' title='bbox 1922 3389 1994 3443; x_wconf 50' lang='lat' dir='ltr'><strong>in.</strong></span> 
     </span>
    </p>
   </div>
   <div class='ocr_carea' id='block_1_49' title="bbox 2142 3385 3704 3470">
    <p class='ocr_par' dir='ltr' id='par_1_49' title="bbox 2142 3392 3704 3470">
     <span class='ocr_line' id='line_1_49' title="bbox 2142 3392 3704 3470; baseline 0.005 -26"><span class='ocrx_word' id='word_1_421' title='bbox 2142 3408 2210 3444; x_wconf 78' lang='grc' dir='ltr'>νου</span> <span class='ocrx_word' id='word_1_422' title='bbox 2238 3392 2470 3448; x_wconf 83' lang='grc' dir='ltr'>θανάτου</span> <span class='ocrx_word' id='word_1_423' title='bbox 2491 3395 2684 3469; x_wconf 84' lang='grc' dir='ltr'>πρώτῃ</span> <span class='ocrx_word' id='word_1_424' title='bbox 2732 3397 2830 3467; x_wconf 80' lang='grc' dir='ltr'><strong>μὲν</strong></span> <span class='ocrx_word' id='word_1_425' title='bbox 2859 3400 2925 3467; x_wconf 80' lang='grc' dir='ltr'><strong>τῇ</strong></span> <span class='ocrx_word' id='word_1_426' title='bbox 2962 3397 3216 3469; x_wconf 80' lang='grc' dir='ltr'><strong>Μαριὰμ,</strong></span> <span class='ocrx_word' id='word_1_427' title='bbox 3247 3399 3506 3470; x_wconf 85' lang='grc' dir='ltr'><strong>δευτέρῳ</strong></span> <span class='ocrx_word' id='word_1_428' title='bbox 3549 3399 3606 3451; x_wconf 80' lang='grc' dir='ltr'><strong>δὲ</strong></span> <span class='ocrx_word' id='word_1_429' title='bbox 3633 3396 3704 3469; x_wconf 87' lang='grc' dir='ltr'><strong>τῷ</strong></span> 
     </span>
    </p>
   </div>
   <div class='ocr_carea' id='block_1_50' title="bbox 431 3477 1993 3562">
    <p class='ocr_par' dir='ltr' id='par_1_50' title="bbox 431 3477 1993 3555">
     <span class='ocr_line' id='line_1_50' title="bbox 431 3477 1993 3555; baseline -0.008 -12"><span class='ocrx_word' id='word_1_430' title='bbox 431 3495 611 3553; x_wconf 85' lang='lat' dir='ltr'><strong>vecta,</strong></span> <span class='ocrx_word' id='word_1_431' title='bbox 647 3485 827 3555; x_wconf 86' lang='lat' dir='ltr'><strong>primo</strong></span> <span class='ocrx_word' id='word_1_432' title='bbox 863 3481 1083 3554; x_wconf 90' lang='lat' dir='ltr'><strong>quidem</strong></span> <span class='ocrx_word' id='word_1_433' title='bbox 1114 3477 1318 3540; x_wconf 66' lang='lat' dir='ltr'><strong>Mariae.</strong></span> <span class='ocrx_word' id='word_1_434' title='bbox 1350 3478 1598 3534; x_wconf 86' lang='lat' dir='ltr'><strong>secundo</strong></span> <span class='ocrx_word' id='word_1_435' title='bbox 1621 3491 1755 3533; x_wconf 85' lang='lat' dir='ltr'><strong>vero</strong></span> <span class='ocrx_word' id='word_1_436' title='bbox 1780 3477 1993 3535; x_wconf 87' lang='lat' dir='ltr'><strong>Aaroni</strong></span> 
     </span>
    </p>
   </div>
   <div class='ocr_carea' id='block_1_51' title="bbox 2140 3477 3702 3562">
    <p class='ocr_par' dir='ltr' id='par_1_51' title="bbox 2140 3482 3702 3562">
     <span class='ocr_line' id='line_1_51' title="bbox 2140 3482 3702 3562; baseline 0.004 -25"><span class='ocrx_word' id='word_1_437' title='bbox 2140 3482 2366 3554; x_wconf 84' lang='grc' dir='ltr'><strong>Ἀαρὼν,</strong></span> <span class='ocrx_word' id='word_1_438' title='bbox 2391 3486 2562 3558; x_wconf 80' lang='grc' dir='ltr'><strong>τρίτῳ</strong></span> <span class='ocrx_word' id='word_1_439' title='bbox 2606 3487 2663 3541; x_wconf 82' lang='grc' dir='ltr'><strong>δὲ</strong></span> <span class='ocrx_word' id='word_1_440' title='bbox 2691 3488 2769 3558; x_wconf 85' lang='grc' dir='ltr'><strong>τῷ</strong></span> <span class='ocrx_word' id='word_1_441' title='bbox 2796 3489 3040 3543; x_wconf 83' lang='grc' dir='ltr'><strong>Μωῢσεῖ.</strong></span> <span class='ocrx_word' id='word_1_442' title='bbox 3083 3489 3310 3562; x_wconf 80' lang='grc' dir='ltr'><strong>Ἐπειδὴ</strong></span> <span class='ocrx_word' id='word_1_443' title='bbox 3359 3493 3458 3546; x_wconf 76' lang='grc' dir='ltr'><strong>καὶ</strong></span> <span class='ocrx_word' id='word_1_444' title='bbox 3504 3508 3702 3562; x_wconf 80' lang='grc' dir='ltr'><strong>μακρο-</strong></span> 
     </span>
    </p>
   </div>
   <div class='ocr_carea' id='block_1_52' title="bbox 431 3570 1993 3652">
    <p class='ocr_par' dir='ltr' id='par_1_52' title="bbox 431 3570 1993 3649">
     <span class='ocr_line' id='line_1_52' title="bbox 431 3570 1993 3649; baseline -0.005 -15"><span class='ocrx_word' id='word_1_445' title='bbox 431 3576 594 3637; x_wconf 84' lang='lat' dir='ltr'><strong>tertio</strong></span> <span class='ocrx_word' id='word_1_446' title='bbox 646 3578 883 3649; x_wconf 90' lang='lat' dir='ltr'><strong>denique</strong></span> <span class='ocrx_word' id='word_1_447' title='bbox 934 3573 1131 3646; x_wconf 83' lang='lat' dir='ltr'><strong>Moysi,</strong></span> <span class='ocrx_word' id='word_1_448' title='bbox 1186 3570 1460 3643; x_wconf 84' lang='lat' dir='ltr'><strong>siquidem</strong></span> <span class='ocrx_word' id='word_1_449' title='bbox 1518 3571 1735 3627; x_wconf 89' lang='lat' dir='ltr'><strong>dierum</strong></span> <span class='ocrx_word' id='word_1_450' title='bbox 1789 3587 1993 3643; x_wconf 80' lang='lat' dir='ltr'><strong>quoqm</strong></span> 
     </span>
    </p>
   </div>
   <div class='ocr_carea' id='block_1_53' title="bbox 2134 3570 3696 3652">
    <p class='ocr_par' dir='ltr' id='par_1_53' title="bbox 2134 3574 3696 3652">
     <span class='ocr_line' id='line_1_53' title="bbox 2134 3574 3696 3652; baseline 0.006 -26"><span class='ocrx_word' id='word_1_451' title='bbox 2134 3574 2326 3645; x_wconf 62' lang='grc' dir='ltr'><strong>πιμερία</strong></span> <span class='ocrx_word' id='word_1_452' title='bbox 2350 3575 2551 3646; x_wconf 78' lang='grc' dir='ltr'><strong>μισθὸς</strong></span> <span class='ocrx_word' id='word_1_453' title='bbox 2584 3578 2785 3649; x_wconf 83' lang='grc' dir='ltr'><strong>ἀρετῆς</strong></span> <span class='ocrx_word' id='word_1_454' title='bbox 2801 3578 2980 3632; x_wconf 76' lang='grc' dir='ltr'>ἔκειτο</span> <span class='ocrx_word' id='word_1_455' title='bbox 3005 3579 3143 3634; x_wconf 81' lang='grc' dir='ltr'><strong>κατὰ</strong></span> <span class='ocrx_word' id='word_1_456' title='bbox 3163 3580 3255 3634; x_wconf 80' lang='grc' dir='ltr'><strong>τὸν</strong></span> <span class='ocrx_word' id='word_1_457' title='bbox 3286 3584 3488 3652; x_wconf 78' lang='grc' dir='ltr'>νόμον.</span> <span class='ocrx_word' id='word_1_458' title='bbox 3516 3582 3696 3651; x_wconf 81' lang='grc' dir='ltr'><strong>Πρώτη</strong></span> 
     </span>
    </p>
   </div>
   <div class='ocr_carea' id='block_1_54' title="bbox 430 3663 1992 3745">
    <p class='ocr_par' dir='ltr' id='par_1_54' title="bbox 430 3665 1985 3745">
     <span class='ocr_line' id='line_1_54' title="bbox 430 3665 1985 3745; baseline -0.006 -15"><span class='ocrx_word' id='word_1_459' title='bbox 430 3671 718 3745; x_wconf 86' lang='lat' dir='ltr'><strong>longitudo</strong></span> <span class='ocrx_word' id='word_1_460' title='bbox 749 3668 1035 3743; x_wconf 66' lang='lat' dir='ltr'><strong>praemium</strong></span> <span class='ocrx_word' id='word_1_461' title='bbox 1069 3667 1298 3723; x_wconf 86' lang='lat' dir='ltr'><strong>virtutis</strong></span> <span class='ocrx_word' id='word_1_462' title='bbox 1337 3666 1392 3721; x_wconf 93' lang='lat' dir='ltr'><strong>in</strong></span> <span class='ocrx_word' id='word_1_463' title='bbox 1426 3665 1544 3735; x_wconf 83' lang='lat' dir='ltr'><strong>lege</strong></span> <span class='ocrx_word' id='word_1_464' title='bbox 1572 3674 1656 3721; x_wconf 89' lang='lat' dir='ltr'><strong>est</strong></span> <span class='ocrx_word' id='word_1_465' title='bbox 1679 3668 1985 3722; x_wconf 88' lang='lat' dir='ltr'><strong>constituta</strong></span> 
     </span>
    </p>
   </div>
   <div class='ocr_carea' id='block_1_55' title="bbox 2136 3663 3698 3745">
    <p class='ocr_par' dir='ltr' id='par_1_55' title="bbox 2136 3663 3698 3741">
     <span class='ocr_line' id='line_1_55' title="bbox 2136 3663 3698 3741; baseline 0.004 -25"><span class='ocrx_word' id='word_1_466' title='bbox 2136 3663 2211 3717; x_wconf 69' lang='grc' dir='ltr'>δῦν</span> <span class='ocrx_word' id='word_1_467' title='bbox 2251 3665 2482 3738; x_wconf 79' lang='grc' dir='ltr'><strong>τελευτᾷ</strong></span> <span class='ocrx_word' id='word_1_468' title='bbox 2538 3669 2573 3738; x_wconf 79' lang='grc' dir='ltr'><strong>ή</strong></span> <span class='ocrx_word' id='word_1_469' title='bbox 2620 3669 3007 3741; x_wconf 80' lang='grc' dir='ltr'><strong>ὲπιτιμηθείσα</strong></span> <span class='ocrx_word' id='word_1_470' title='bbox 3058 3670 3258 3741; x_wconf 82' lang='grc' dir='ltr'>μᾶλλον</span> <span class='ocrx_word' id='word_1_471' title='bbox 3309 3673 3401 3741; x_wconf 76' lang='grc' dir='ltr'><strong>ἐφ’</strong></span> <span class='ocrx_word' id='word_1_472' title='bbox 3447 3667 3530 3736; x_wconf 73' lang='grc' dir='ltr'><strong>οἷς</strong></span> <span class='ocrx_word' id='word_1_473' title='bbox 3567 3670 3698 3723; x_wconf 77' lang='grc' dir='ltr'><strong>κατὰ</strong></span> 
     </span>
    </p>
   </div>
   <div class='ocr_carea' id='block_1_56' title="bbox 426 3754 1988 3843">
    <p class='ocr_par' dir='ltr' id='par_1_56' title="bbox 426 3759 1987 3843">
     <span class='ocr_line' id='line_1_56' title="bbox 426 3759 1987 3843; baseline -0.004 -22"><span class='ocrx_word' id='word_1_474' title='bbox 426 3767 615 3843; x_wconf 74' lang='lat' dir='ltr'><strong>Primo</strong></span> <span class='ocrx_word' id='word_1_475' title='bbox 671 3764 838 3836; x_wconf 87' lang='lat' dir='ltr'><strong>igitur</strong></span> <span class='ocrx_word' id='word_1_476' title='bbox 865 3761 998 3819; x_wconf 88' lang='lat' dir='ltr'><strong>fatis</strong></span> <span class='ocrx_word' id='word_1_477' title='bbox 1031 3760 1360 3831; x_wconf 82' lang='lat' dir='ltr'><strong>defungitur</strong></span> <span class='ocrx_word' id='word_1_478' title='bbox 1392 3773 1457 3814; x_wconf 88' lang='lat' dir='ltr'><strong>ea</strong></span> <span class='ocrx_word' id='word_1_479' title='bbox 1497 3773 1619 3829; x_wconf 70' lang='lat' dir='ltr'><strong>qua:</strong></span> <span class='ocrx_word' id='word_1_480' title='bbox 1656 3759 1784 3829; x_wconf 88' lang='lat' dir='ltr'><strong>plus</strong></span> <span class='ocrx_word' id='word_1_481' title='bbox 1813 3774 1987 3831; x_wconf 69' lang='lat' dir='ltr'><strong>repraa</strong></span> 
     </span>
    </p>
   </div>
   <div class='ocr_carea' id='block_1_57' title="bbox 2131 3754 3693 3843">
    <p class='ocr_par' dir='ltr' id='par_1_57' title="bbox 2131 3755 3693 3833">
     <span class='ocr_line' id='line_1_57' title="bbox 2131 3755 3693 3833; baseline 0.002 -25"><span class='ocrx_word' id='word_1_482' title='bbox 2131 3755 2388 3818; x_wconf 63' lang='lat' dir='ltr'><strong>tiwﬁaéw;</strong></span> <span class='ocrx_word' id='word_1_483' title='bbox 2414 3757 2707 3828; x_wconf 75' lang='grc' dir='ltr'><strong>ἐτόλμησε.</strong></span> <span class='ocrx_word' id='word_1_484' title='bbox 2747 3759 2972 3813; x_wconf 72' lang='grc' dir='ltr'><strong>Γυναικὶ</strong></span> <span class='ocrx_word' id='word_1_485' title='bbox 3004 3761 3114 3831; x_wconf 85' lang='grc' dir='ltr'><strong>γὰρ</strong></span> <span class='ocrx_word' id='word_1_486' title='bbox 3143 3762 3353 3829; x_wconf 79' lang='grc' dir='ltr'><strong>μᾶλλον</strong></span> <span class='ocrx_word' id='word_1_487' title='bbox 3380 3763 3527 3833; x_wconf 74' lang='grc' dir='ltr'>ἥπερ</span> <span class='ocrx_word' id='word_1_488' title='bbox 3549 3760 3693 3830; x_wconf 78' lang='grc' dir='ltr'>ἀνδρὶ</span> 
     </span>
    </p>
   </div>
   <div class='ocr_carea' id='block_1_58' title="bbox 431 3846 1993 3926">
    <p class='ocr_par' dir='ltr' id='par_1_58' title="bbox 431 3851 1993 3926">
     <span class='ocr_line' id='line_1_58' title="bbox 431 3851 1993 3926; baseline -0.003 -12"><span class='ocrx_word' id='word_1_489' title='bbox 431 3860 715 3918; x_wconf 81' lang='lat' dir='ltr'><strong>hensionis</strong></span> <span class='ocrx_word' id='word_1_490' title='bbox 737 3858 1028 3923; x_wconf 85' lang='lat' dir='ltr'><strong>habuerat,</strong></span> <span class='ocrx_word' id='word_1_491' title='bbox 1052 3870 1118 3912; x_wconf 91' lang='lat' dir='ltr'><strong>eo</strong></span> <span class='ocrx_word' id='word_1_492' title='bbox 1135 3853 1282 3926; x_wconf 88' lang='lat' dir='ltr'><strong>quod</strong></span> <span class='ocrx_word' id='word_1_493' title='bbox 1310 3863 1514 3926; x_wconf 74' lang='lat' dir='ltr'><strong>contra</strong></span> <span class='ocrx_word' id='word_1_494' title='bbox 1530 3851 1718 3909; x_wconf 79' lang='lat' dir='ltr'><strong>Mosen</strong></span> <span class='ocrx_word' id='word_1_495' title='bbox 1748 3853 1993 3923; x_wconf 87' lang='lat' dir='ltr'><strong>quiddan</strong></span> 
     </span>
    </p>
   </div>
   <div class='ocr_carea' id='block_1_59' title="bbox 2130 3846 3692 3926">
    <p class='ocr_par' dir='ltr' id='par_1_59' title="bbox 2130 3846 3692 3925">
     <span class='ocr_line' id='line_1_59' title="bbox 2130 3846 3692 3925; baseline 0.003 -25"><span class='ocrx_word' id='word_1_496' title='bbox 2130 3846 2170 3900; x_wconf 64' lang='grc' dir='ltr'><strong>ιδ</strong></span> <span class='ocrx_word' id='word_1_497' title='bbox 2195 3848 2405 3916; x_wconf 74' lang='grc' dir='ltr'>σιωπᾷν</span> <span class='ocrx_word' id='word_1_498' title='bbox 2432 3865 2492 3901; x_wconf 86' lang='grc' dir='ltr'>τε</span> <span class='ocrx_word' id='word_1_499' title='bbox 2510 3849 2607 3903; x_wconf 77' lang='grc' dir='ltr'><strong>καὶ</strong></span> <span class='ocrx_word' id='word_1_500' title='bbox 2642 3850 2959 3923; x_wconf 79' lang='grc' dir='ltr'><strong>μετριάζειν</strong></span> <span class='ocrx_word' id='word_1_501' title='bbox 2997 3856 3288 3925; x_wconf 79' lang='grc' dir='ltr'><strong>προσήκει.</strong></span> <span class='ocrx_word' id='word_1_502' title='bbox 3345 3855 3616 3909; x_wconf 84' lang='grc' dir='ltr'><strong>Ἐλάττων</strong></span> <span class='ocrx_word' id='word_1_503' title='bbox 3641 3852 3692 3905; x_wconf 75' lang='grc' dir='ltr'><strong>δὲ</strong></span> 
     </span>
    </p>
   </div>
   <div class='ocr_carea' id='block_1_60' title="bbox 427 3937 1989 4019">
    <p class='ocr_par' dir='ltr' id='par_1_60' title="bbox 427 3943 1989 4019">
     <span class='ocr_line' id='line_1_60' title="bbox 427 3943 1989 4019; baseline -0.007 -12"><span class='ocrx_word' id='word_1_504' title='bbox 427 3968 561 4009; x_wconf 84' lang='lat' dir='ltr'><strong>ausa</strong></span> <span class='ocrx_word' id='word_1_505' title='bbox 587 3952 792 4007; x_wconf 85' lang='lat' dir='ltr'><strong>fuerat.</strong></span> <span class='ocrx_word' id='word_1_506' title='bbox 831 3948 1003 4019; x_wconf 75' lang='lat' dir='ltr'><strong>Magis</strong></span> <span class='ocrx_word' id='word_1_507' title='bbox 1028 3948 1173 4002; x_wconf 89' lang='lat' dir='ltr'><strong>enim</strong></span> <span class='ocrx_word' id='word_1_508' title='bbox 1198 3954 1404 4009; x_wconf 89' lang='lat' dir='ltr'><strong>tacere,</strong></span> <span class='ocrx_word' id='word_1_509' title='bbox 1438 3958 1504 3999; x_wconf 91' lang='lat' dir='ltr'><strong>ac</strong></span> <span class='ocrx_word' id='word_1_510' title='bbox 1528 3943 1818 4000; x_wconf 90' lang='lat' dir='ltr'><strong>moderate</strong></span> <span class='ocrx_word' id='word_1_511' title='bbox 1844 3958 1989 4015; x_wconf 62' lang='lat' dir='ltr'><strong>agert</strong></span> 
     </span>
    </p>
   </div>
   <div class='ocr_carea' id='block_1_61' title="bbox 1590 3937 3152 4019">
    <p class='ocr_par' dir='ltr' id='par_1_61' title="bbox 1590 3937 3152 4016">
     <span class='ocr_line' id='line_1_61' title="bbox 1590 3937 3152 4016; baseline 0.006 -26"><span class='ocrx_word' id='word_1_512' title='bbox 1590 3943 1818 4000; x_wconf 79' lang='lat' dir='ltr'><strong>oderate</strong></span> <span class='ocrx_word' id='word_1_513' title='bbox 1844 3958 2012 4015; x_wconf 68' lang='lat' dir='ltr'><strong>agere</strong></span> <span class='ocrx_word' id='word_1_514' title='bbox 2111 3937 2391 4009; x_wconf 79' lang='grc' dir='ltr'><strong>προδήλως</strong></span> <span class='ocrx_word' id='word_1_515' title='bbox 2412 3940 2506 3994; x_wconf 73' lang='grc' dir='ltr'><strong>τοῦ</strong></span> <span class='ocrx_word' id='word_1_516' title='bbox 2530 3942 2808 4007; x_wconf 79' lang='grc' dir='ltr'><strong>Μωῦσέως</strong></span> <span class='ocrx_word' id='word_1_517' title='bbox 2836 3945 2865 3996; x_wconf 81' lang='grc' dir='ltr'><strong><em>ὁ</em></strong></span> <span class='ocrx_word' id='word_1_518' title='bbox 2909 3943 3152 4016; x_wconf 79' lang='grc' dir='ltr'><strong>Ἀαρών.</strong></span> 
     </span>
    </p>
   </div>
   <div class='ocr_carea' id='block_1_62' title="bbox 428 4036 2005 4114">
    <p class='ocr_par' dir='ltr' id='par_1_62' title="bbox 428 4036 2005 4114">
     <span class='ocr_line' id='line_1_62' title="bbox 428 4036 2005 4114; baseline -0.008 -12"><span class='ocrx_word' id='word_1_519' title='bbox 428 4047 690 4103; x_wconf 87' lang='lat' dir='ltr'><strong>feminam</strong></span> <span class='ocrx_word' id='word_1_520' title='bbox 720 4056 885 4114; x_wconf 85' lang='lat' dir='ltr'><strong>quam</strong></span> <span class='ocrx_word' id='word_1_521' title='bbox 926 4040 1104 4095; x_wconf 91' lang='lat' dir='ltr'><strong>virum</strong></span> <span class='ocrx_word' id='word_1_522' title='bbox 1136 4040 1313 4096; x_wconf 87' lang='lat' dir='ltr'><strong>decet.</strong></span> <span class='ocrx_word' id='word_1_523' title='bbox 1350 4036 1526 4093; x_wconf 86' lang='lat' dir='ltr'><strong>Porro</strong></span> <span class='ocrx_word' id='word_1_524' title='bbox 1563 4036 1796 4093; x_wconf 86' lang='lat' dir='ltr'><strong>inferior</strong></span> <span class='ocrx_word' id='word_1_525' title='bbox 1826 4037 2005 4105; x_wconf 86' lang='lat' dir='ltr'><strong>palam</strong></span> 
     </span>
    </p>
   </div>
   <div class='ocr_carea' id='block_1_63' title="bbox 428 4129 2002 4205">
    <p class='ocr_par' dir='ltr' id='par_1_63' title="bbox 428 4129 2002 4205">
     <span class='ocr_line' id='line_1_63' title="bbox 428 4129 2002 4205; baseline -0.007 -10"><span class='ocrx_word' id='word_1_526' title='bbox 428 4140 576 4196; x_wconf 79' lang='lat' dir='ltr'><strong>Mose</strong></span> <span class='ocrx_word' id='word_1_527' title='bbox 601 4141 784 4193; x_wconf 88' lang='lat' dir='ltr'><strong>Aaron</strong></span> <span class='ocrx_word' id='word_1_528' title='bbox 815 4133 943 4199; x_wconf 91' lang='lat' dir='ltr'><strong>fuit,</strong></span> <span class='ocrx_word' id='word_1_529' title='bbox 1001 4147 1176 4205; x_wconf 88' lang='lat' dir='ltr'><strong>quare</strong></span> <span class='ocrx_word' id='word_1_530' title='bbox 1231 4130 1478 4187; x_wconf 90' lang='lat' dir='ltr'><strong>secundo</strong></span> <span class='ocrx_word' id='word_1_531' title='bbox 1501 4129 1703 4184; x_wconf 90' lang='lat' dir='ltr'><strong>merito</strong></span> <span class='ocrx_word' id='word_1_532' title='bbox 1741 4129 2002 4184; x_wconf 89' lang='lat' dir='ltr'><strong>moritur.</strong></span> 
     </span>
    </p>
   </div>
   <div class='ocr_carea' id='block_1_64' title="bbox 499 4216 2061 4302">
    <p class='ocr_par' dir='ltr' id='par_1_64' title="bbox 499 4216 2004 4289">
     <span class='ocr_line' id='line_1_64' title="bbox 499 4216 2004 4289; baseline -0.007 -6"><span class='ocrx_word' id='word_1_533' title='bbox 499 4228 567 4283; x_wconf 88' lang='lat' dir='ltr'><strong>Et</strong></span> <span class='ocrx_word' id='word_1_534' title='bbox 599 4226 803 4281; x_wconf 85' lang='lat' dir='ltr'><strong>audivit</strong></span> <span class='ocrx_word' id='word_1_535' title='bbox 849 4222 1183 4282; x_wconf 69' lang='lat' dir='ltr'><strong>Cltanana’us</strong></span> <span class='ocrx_word' id='word_1_536' title='bbox 1218 4235 1312 4274; x_wconf 77' lang='lat' dir='ltr'><strong>rea:</strong></span> <span class='ocrx_word' id='word_1_537' title='bbox 1358 4218 1532 4285; x_wconf 80' lang='lat' dir='ltr'><strong>Arad,</strong></span> <span class='ocrx_word' id='word_1_538' title='bbox 1571 4227 1679 4274; x_wconf 89' lang='lat' dir='ltr'><strong>etc.</strong></span> <span class='ocrx_word' id='word_1_539' title='bbox 1733 4216 2004 4289; x_wconf 73' lang='lat' dir='ltr'><strong>[XXLL]</strong></span> 
     </span>
    </p>
   </div>
   <div class='ocr_carea' id='block_1_65' title="bbox 2120 4216 3682 4302">
    <p class='ocr_par' dir='ltr' id='par_1_65' title="bbox 2184 4221 3682 4302">
     <span class='ocr_line' id='line_1_65' title="bbox 2184 4221 3682 4302; baseline 0.009 -28"><span class='ocrx_word' id='word_1_540' title='bbox 2184 4221 2295 4275; x_wconf 77' lang='grc' dir='ltr'><strong>Καὶ</strong></span> <span class='ocrx_word' id='word_1_541' title='bbox 2361 4221 2630 4291; x_wconf 76' lang='grc' dir='ltr'><strong>ἤκουσεν</strong></span> <span class='ocrx_word' id='word_1_542' title='bbox 2669 4230 2704 4281; x_wconf 84' lang='grc' dir='ltr'><em>ὁ</em></span> <span class='ocrx_word' id='word_1_543' title='bbox 2751 4228 3089 4297; x_wconf 74' lang='grc' dir='ltr'><strong>Χαναναῖος</strong></span> <span class='ocrx_word' id='word_1_544' title='bbox 3129 4231 3439 4302; x_wconf 74' lang='grc' dir='ltr'><strong>,βασιλεὺς</strong></span> <span class='ocrx_word' id='word_1_545' title='bbox 3493 4232 3682 4302; x_wconf 78' lang='grc' dir='ltr'><strong>Ἀρὰδ.</strong></span> 
     </span>
    </p>
   </div>
   <div class='ocr_carea' id='block_1_66' title="bbox 425 4309 1987 4397">
    <p class='ocr_par' dir='ltr' id='par_1_66' title="bbox 425 4309 1987 4390">
     <span class='ocr_line' id='line_1_66' title="bbox 425 4309 1987 4390; baseline -0.007 -14"><span class='ocrx_word' id='word_1_546' title='bbox 425 4322 603 4378; x_wconf 84' lang='lat' dir='ltr'><strong>Eccur</strong></span> <span class='ocrx_word' id='word_1_547' title='bbox 625 4334 756 4376; x_wconf 84' lang='lat' dir='ltr'><strong>vero</strong></span> <span class='ocrx_word' id='word_1_548' title='bbox 774 4317 1011 4390; x_wconf 89' lang='lat' dir='ltr'><strong>populus</strong></span> <span class='ocrx_word' id='word_1_549' title='bbox 1037 4316 1127 4371; x_wconf 91' lang='lat' dir='ltr'><strong>ille</strong></span> <span class='ocrx_word' id='word_1_550' title='bbox 1148 4314 1241 4386; x_wconf 90' lang='lat' dir='ltr'><strong>qui</strong></span> <span class='ocrx_word' id='word_1_551' title='bbox 1263 4311 1600 4384; x_wconf 88' lang='lat' dir='ltr'><strong>profectione</strong></span> <span class='ocrx_word' id='word_1_552' title='bbox 1623 4319 1817 4367; x_wconf 89' lang='lat' dir='ltr'><strong>contra</strong></span> <span class='ocrx_word' id='word_1_553' title='bbox 1834 4309 1987 4366; x_wconf 86' lang='lat' dir='ltr'><strong>Deun</strong></span> 
     </span>
    </p>
   </div>
   <div class='ocr_carea' id='block_1_67' title="bbox 2120 4309 3682 4397">
    <p class='ocr_par' dir='ltr' id='par_1_67' title="bbox 2120 4310 3682 4397">
     <span class='ocr_line' id='line_1_67' title="bbox 2120 4310 3682 4397; baseline 0.008 -32"><span class='ocrx_word' id='word_1_554' title='bbox 2120 4310 2239 4377; x_wconf 85' lang='grc' dir='ltr'><strong>Πῶς</strong></span> <span class='ocrx_word' id='word_1_555' title='bbox 2263 4314 2291 4367; x_wconf 84' lang='grc' dir='ltr'><strong>ὁ</strong></span> <span class='ocrx_word' id='word_1_556' title='bbox 2316 4316 2380 4386; x_wconf 83' lang='grc' dir='ltr'><strong>τῇ</strong></span> <span class='ocrx_word' id='word_1_557' title='bbox 2435 4317 2578 4370; x_wconf 79' lang='grc' dir='ltr'><strong>κατὰ</strong></span> <span class='ocrx_word' id='word_1_558' title='bbox 2604 4317 2738 4371; x_wconf 81' lang='grc' dir='ltr'>Θεὸν</span> <span class='ocrx_word' id='word_1_559' title='bbox 2764 4321 3175 4392; x_wconf 80' lang='grc' dir='ltr'>ἐναντιούμενος</span> <span class='ocrx_word' id='word_1_560' title='bbox 3198 4327 3400 4397; x_wconf 72' lang='grc' dir='ltr'>πορείᾳ</span> <span class='ocrx_word' id='word_1_561' title='bbox 3419 4327 3516 4379; x_wconf 81' lang='grc' dir='ltr'><strong>καὶ</strong></span> <span class='ocrx_word' id='word_1_562' title='bbox 3535 4326 3682 4378; x_wconf 78' lang='grc' dir='ltr'>πολε-</span> 
     </span>
    </p>
   </div>
   <div class='ocr_carea' id='block_1_68' title="bbox 426 4402 1988 4486">
    <p class='ocr_par' dir='ltr' id='par_1_68' title="bbox 426 4402 1988 4481">
     <span class='ocr_line' id='line_1_68' title="bbox 426 4402 1988 4481; baseline -0.009 -12"><span class='ocrx_word' id='word_1_563' title='bbox 426 4414 642 4477; x_wconf 89' lang='lat' dir='ltr'><strong>nititur,</strong></span> <span class='ocrx_word' id='word_1_564' title='bbox 703 4419 757 4468; x_wconf 93' lang='lat' dir='ltr'><strong>et</strong></span> <span class='ocrx_word' id='word_1_565' title='bbox 818 4409 1120 4481; x_wconf 65' lang='lat' dir='ltr'><strong>praeliatur,</strong></span> <span class='ocrx_word' id='word_1_566' title='bbox 1174 4418 1227 4463; x_wconf 91' lang='lat' dir='ltr'><strong>et</strong></span> <span class='ocrx_word' id='word_1_567' title='bbox 1262 4407 1452 4478; x_wconf 60' lang='lat' dir='ltr'><strong>praelio</strong></span> <span class='ocrx_word' id='word_1_568' title='bbox 1493 4402 1988 4468; x_wconf 69' lang='lat' dir='ltr'><strong>vincitiQuonian</strong></span> 
     </span>
    </p>
   </div>
   <div class='ocr_carea' id='block_1_69' title="bbox 2119 4402 3681 4486">
    <p class='ocr_par' dir='ltr' id='par_1_69' title="bbox 2119 4404 3681 4486">
     <span class='ocr_line' id='line_1_69' title="bbox 2119 4404 3681 4486; baseline 0.008 -31"><span class='ocrx_word' id='word_1_569' title='bbox 2119 4405 2208 4473; x_wconf 84' lang='grc' dir='ltr'><strong>μεῖ</strong></span> <span class='ocrx_word' id='word_1_570' title='bbox 2229 4404 2324 4458; x_wconf 76' lang='grc' dir='ltr'><strong>καὶ</strong></span> <span class='ocrx_word' id='word_1_571' title='bbox 2343 4408 2509 4478; x_wconf 74' lang='grc' dir='ltr'>νικᾷς</span> <span class='ocrx_word' id='word_1_572' title='bbox 2539 4409 2661 4465; x_wconf 85' lang='grc' dir='ltr'><strong>Ὅτι</strong></span> <span class='ocrx_word' id='word_1_573' title='bbox 2682 4409 2771 4463; x_wconf 84' lang='grc' dir='ltr'><strong>διὰ</strong></span> <span class='ocrx_word' id='word_1_574' title='bbox 2813 4410 2993 4466; x_wconf 79' lang='grc' dir='ltr'>πόνων</span> <span class='ocrx_word' id='word_1_575' title='bbox 3046 4414 3104 4466; x_wconf 80' lang='grc' dir='ltr'>αἱ</span> <span class='ocrx_word' id='word_1_576' title='bbox 3148 4417 3550 4486; x_wconf 77' lang='grc' dir='ltr'><strong>κατορθώσεις’</strong></span> <span class='ocrx_word' id='word_1_577' title='bbox 3595 4414 3681 4471; x_wconf 79' lang='grc' dir='ltr'>καὶ</span> 
     </span>
    </p>
   </div>
   <div class='ocr_carea' id='block_1_70' title="bbox 424 4492 1986 4574">
    <p class='ocr_par' dir='ltr' id='par_1_70' title="bbox 424 4492 1986 4574">
     <span class='ocr_line' id='line_1_70' title="bbox 424 4492 1986 4574; baseline -0.004 -16"><span class='ocrx_word' id='word_1_578' title='bbox 424 4507 643 4563; x_wconf 79' lang='lat' dir='ltr'><strong>vexatio</strong></span> <span class='ocrx_word' id='word_1_579' title='bbox 690 4504 772 4573; x_wconf 92' lang='lat' dir='ltr'><strong>(ut</strong></span> <span class='ocrx_word' id='word_1_580' title='bbox 803 4501 987 4574; x_wconf 85' lang='lat' dir='ltr'><strong>vulgo)</strong></span> <span class='ocrx_word' id='word_1_581' title='bbox 1039 4499 1133 4555; x_wconf 89' lang='lat' dir='ltr'><strong>dat</strong></span> <span class='ocrx_word' id='word_1_582' title='bbox 1172 4492 1549 4564; x_wconf 78' lang='lat' dir='ltr'><strong>intellectum,</strong></span> <span class='ocrx_word' id='word_1_583' title='bbox 1594 4505 1653 4553; x_wconf 88' lang='lat' dir='ltr'><strong>et</strong></span> <span class='ocrx_word' id='word_1_584' title='bbox 1679 4496 1986 4552; x_wconf 70' lang='lat' dir='ltr'><strong>afﬂictione:</strong></span> 
     </span>
    </p>
   </div>
   <div class='ocr_carea' id='block_1_71' title="bbox 1771 4492 3333 4574">
    <p class='ocr_par' dir='ltr' id='par_1_71' title="bbox 1772 4494 3333 4574">
     <span class='ocr_line' id='line_1_71' title="bbox 1772 4494 3333 4574; baseline 0.006 -23"><span class='ocrx_word' id='word_1_585' title='bbox 1772 4497 2003 4552; x_wconf 87' lang='lat' dir='ltr'><strong>ictiones</strong></span> <span class='ocrx_word' id='word_1_586' title='bbox 2064 4523 2089 4533; x_wconf 96' lang='lat'><strong>-</strong></span> <span class='ocrx_word' id='word_1_587' title='bbox 2111 4494 2246 4570; x_wconf 79' lang='grc' dir='ltr'>πρὸς</span> <span class='ocrx_word' id='word_1_588' title='bbox 2271 4496 2404 4553; x_wconf 79' lang='grc' dir='ltr'>Θεὸν</span> <span class='ocrx_word' id='word_1_589' title='bbox 2431 4499 2753 4570; x_wconf 74' lang='grc' dir='ltr'><strong>ἐπιστρέφει</strong></span> <span class='ocrx_word' id='word_1_590' title='bbox 2773 4502 2832 4555; x_wconf 80' lang='grc' dir='ltr'><strong>τὸ</strong></span> <span class='ocrx_word' id='word_1_591' title='bbox 2864 4504 3095 4574; x_wconf 84' lang='grc' dir='ltr'>πάσχειν</span> <span class='ocrx_word' id='word_1_592' title='bbox 3116 4506 3333 4571; x_wconf 84' lang='grc' dir='ltr'>κακῶς.</span> 
     </span>
    </p>
   </div>
   <div class='ocr_carea' id='block_1_72' title="bbox 423 4587 3675 4668">
    <p class='ocr_par' dir='ltr' id='par_1_72' title="bbox 423 4587 3675 4668">
     <span class='ocr_line' id='line_1_72' title="bbox 423 4587 3675 4668; baseline -0.001 -13"><span class='ocrx_word' id='word_1_593' title='bbox 423 4600 493 4655; x_wconf 90' lang='lat' dir='ltr'><strong>ad</strong></span> <span class='ocrx_word' id='word_1_594' title='bbox 518 4599 686 4655; x_wconf 89' lang='lat' dir='ltr'><strong>Deum</strong></span> <span class='ocrx_word' id='word_1_595' title='bbox 713 4601 1062 4659; x_wconf 90' lang='lat' dir='ltr'><strong>convertunt,</strong></span> <span class='ocrx_word' id='word_1_596' title='bbox 1086 4592 1545 4664; x_wconf 89' lang='lat' dir='ltr'><strong>quemadmodum</strong></span> <span class='ocrx_word' id='word_1_597' title='bbox 1572 4591 1677 4647; x_wconf 92' lang='lat' dir='ltr'><strong>hoc</strong></span> <span class='ocrx_word' id='word_1_598' title='bbox 1698 4590 1845 4661; x_wconf 89' lang='lat' dir='ltr'><strong>quod</strong></span> <span class='ocrx_word' id='word_1_599' title='bbox 1867 4599 1994 4646; x_wconf 89' lang='lat' dir='ltr'><strong>vota</strong></span> <span class='ocrx_word' id='word_1_600' title='bbox 2031 4588 2140 4645; x_wconf 87' lang='lat' dir='ltr'><strong>Deo</strong></span> <span class='ocrx_word' id='word_1_601' title='bbox 2166 4600 2505 4662; x_wconf 87' lang='lat' dir='ltr'><strong>nuncupant,</strong></span> <span class='ocrx_word' id='word_1_602' title='bbox 2557 4602 2722 4663; x_wconf 83' lang='lat' dir='ltr'><strong>patet,</strong></span> <span class='ocrx_word' id='word_1_603' title='bbox 2764 4587 3018 4666; x_wconf 79' lang='lat' dir='ltr'><strong>quodque</strong></span> <span class='ocrx_word' id='word_1_604' title='bbox 3055 4600 3164 4653; x_wconf 86' lang='lat' dir='ltr'><strong>voti</strong></span> <span class='ocrx_word' id='word_1_605' title='bbox 3217 4599 3356 4653; x_wconf 84' lang='lat' dir='ltr'><strong>ﬁunt</strong></span> <span class='ocrx_word' id='word_1_606' title='bbox 3383 4605 3675 4668; x_wconf 88' lang='lat' dir='ltr'><strong>compotes,</strong></span> 
     </span>
    </p>
   </div>
   <div class='ocr_carea' id='block_1_73' title="bbox 424 4679 3674 4759">
    <p class='ocr_par' dir='ltr' id='par_1_73' title="bbox 424 4679 3674 4759">
     <span class='ocr_line' id='line_1_73' title="bbox 424 4679 3674 4759; baseline -0.001 -14"><span class='ocrx_word' id='word_1_607' title='bbox 424 4690 570 4759; x_wconf 92' lang='lat' dir='ltr'><strong>quod</strong></span> <span class='ocrx_word' id='word_1_608' title='bbox 601 4688 804 4744; x_wconf 86' lang='lat' dir='ltr'><strong>factum</strong></span> <span class='ocrx_word' id='word_1_609' title='bbox 845 4701 913 4742; x_wconf 90' lang='lat' dir='ltr'><strong>eo</strong></span> <span class='ocrx_word' id='word_1_610' title='bbox 949 4684 1096 4754; x_wconf 82' lang='lat' dir='ltr'><strong>quod</strong></span> <span class='ocrx_word' id='word_1_611' title='bbox 1116 4683 1314 4752; x_wconf 90' lang='lat' dir='ltr'><strong>impios</strong></span> <span class='ocrx_word' id='word_1_612' title='bbox 1342 4681 1518 4736; x_wconf 87' lang='lat' dir='ltr'><strong>solum</strong></span> <span class='ocrx_word' id='word_1_613' title='bbox 1554 4680 1775 4736; x_wconf 83' lang='lat' dir='ltr'><strong>vincere</strong></span> <span class='ocrx_word' id='word_1_614' title='bbox 1802 4679 2026 4744; x_wconf 81' lang='lat' dir='ltr'><strong>vellent,</strong></span> <span class='ocrx_word' id='word_1_615' title='bbox 2054 4679 2378 4750; x_wconf 90' lang='lat' dir='ltr'><strong>lucrumque</strong></span> <span class='ocrx_word' id='word_1_616' title='bbox 2404 4696 2513 4737; x_wconf 91' lang='lat' dir='ltr'><strong>non</strong></span> <span class='ocrx_word' id='word_1_617' title='bbox 2546 4691 2847 4753; x_wconf 86' lang='lat' dir='ltr'><strong>captarent.</strong></span> <span class='ocrx_word' id='word_1_618' title='bbox 2907 4686 3079 4742; x_wconf 86' lang='lat' dir='ltr'><strong>Porro</strong></span> <span class='ocrx_word' id='word_1_619' title='bbox 3109 4690 3435 4744; x_wconf 86' lang='lat' dir='ltr'><strong>vocabulum</strong></span> <span class='ocrx_word' id='word_1_620' title='bbox 3476 4688 3674 4743; x_wconf 72' lang='lat' dir='ltr'><strong>limem</strong></span> 
     </span>
    </p>
   </div>
   <div class='ocr_carea' id='block_1_74' title="bbox 425 4765 3675 4848">
    <p class='ocr_par' dir='ltr' id='par_1_74' title="bbox 425 4765 3675 4848">
     <span class='ocr_line' id='line_1_74' title="bbox 425 4765 3675 4848; baseline 0 -17"><span class='ocrx_word' id='word_1_621' title='bbox 425 4778 712 4833; x_wconf 89' lang='lat' dir='ltr'><strong>donarium</strong></span> <span class='ocrx_word' id='word_1_622' title='bbox 735 4775 841 4830; x_wconf 86' lang='lat' dir='ltr'><strong>hoc</strong></span> <span class='ocrx_word' id='word_1_623' title='bbox 872 4789 970 4830; x_wconf 87' lang='lat' dir='ltr'><strong>seu</strong></span> <span class='ocrx_word' id='word_1_624' title='bbox 996 4772 1281 4827; x_wconf 85' lang='lat' dir='ltr'><strong>anathema</strong></span> <span class='ocrx_word' id='word_1_625' title='bbox 1310 4777 1586 4840; x_wconf 65' lang='lat' dir='ltr'><strong>perpetuae</strong></span> <span class='ocrx_word' id='word_1_626' title='bbox 1614 4769 1894 4824; x_wconf 69' lang='lat' dir='ltr'><strong>memoriae</strong></span> <span class='ocrx_word' id='word_1_627' title='bbox 1925 4774 2235 4824; x_wconf 87' lang='lat' dir='ltr'><strong>consecrat.</strong></span> <span class='ocrx_word' id='word_1_628' title='bbox 2265 4765 2361 4825; x_wconf 90' lang='lat' dir='ltr'><strong>Est</strong></span> <span class='ocrx_word' id='word_1_629' title='bbox 2381 4767 2511 4825; x_wconf 92' lang='lat' dir='ltr'><strong>item</strong></span> <span class='ocrx_word' id='word_1_630' title='bbox 2543 4771 2760 4841; x_wconf 89' lang='lat' dir='ltr'><strong>signum</strong></span> <span class='ocrx_word' id='word_1_631' title='bbox 2799 4772 3023 4843; x_wconf 55' lang='lat' dir='ltr'><strong>justitia‘.</strong></span> <span class='ocrx_word' id='word_1_632' title='bbox 3050 4775 3244 4832; x_wconf 65' lang='lat' dir='ltr'><strong>divinae</strong></span> <span class='ocrx_word' id='word_1_633' title='bbox 3272 4785 3440 4845; x_wconf 89' lang='lat' dir='ltr'><strong>atque</strong></span> <span class='ocrx_word' id='word_1_634' title='bbox 3492 4786 3675 4848; x_wconf 88' lang='lat' dir='ltr'><strong>poten-</strong></span> 
     </span>
    </p>
   </div>
   <div class='ocr_carea' id='block_1_75' title="bbox 426 4858 1723 4933">
    <p class='ocr_par' dir='ltr' id='par_1_75' title="bbox 426 4858 1723 4933">
     <span class='ocr_line' id='line_1_75' title="bbox 426 4858 1723 4933; baseline -0.008 -13"><span class='ocrx_word' id='word_1_635' title='bbox 426 4865 533 4930; x_wconf 77' lang='lat' dir='ltr'><strong>tiae,</strong></span> <span class='ocrx_word' id='word_1_636' title='bbox 561 4873 616 4920; x_wconf 89' lang='lat' dir='ltr'><strong>et</strong></span> <span class='ocrx_word' id='word_1_637' title='bbox 642 4863 860 4933; x_wconf 88' lang='lat' dir='ltr'><strong>pietatis</strong></span> <span class='ocrx_word' id='word_1_638' title='bbox 888 4875 1078 4917; x_wconf 87' lang='lat' dir='ltr'><strong>eorum</strong></span> <span class='ocrx_word' id='word_1_639' title='bbox 1111 4860 1204 4930; x_wconf 85' lang='lat' dir='ltr'><strong>qui</strong></span> <span class='ocrx_word' id='word_1_640' title='bbox 1235 4858 1483 4915; x_wconf 81' lang='lat' dir='ltr'><strong>fecerunt</strong></span> <span class='ocrx_word' id='word_1_641' title='bbox 1515 4868 1723 4912; x_wconf 87' lang='lat' dir='ltr'><strong>votum.</strong></span> 
     </span>
    </p>
   </div>
   <div class='ocr_carea' id='block_1_76' title="bbox 492 4974 3666 5071">
    <p class='ocr_par' dir='ltr' id='par_1_76' title="bbox 492 4974 3666 5071">
     <span class='ocr_line' id='line_1_76' title="bbox 492 4974 3666 5071; baseline -0.001 -20"><span class='ocrx_word' id='word_1_642' title='bbox 492 4995 564 5053; x_wconf 85' lang='lat' dir='ltr'><strong>Et</strong></span> <span class='ocrx_word' id='word_1_643' title='bbox 594 4994 814 5049; x_wconf 80' lang='lat' dir='ltr'><strong>immisit</strong></span> <span class='ocrx_word' id='word_1_644' title='bbox 846 4991 1103 5047; x_wconf 80' lang='lat' dir='ltr'><strong>Dominus</strong></span> <span class='ocrx_word' id='word_1_645' title='bbox 1132 4990 1189 5044; x_wconf 83' lang='lat' dir='ltr'><strong>in</strong></span> <span class='ocrx_word' id='word_1_646' title='bbox 1209 4988 1462 5059; x_wconf 83' lang='lat' dir='ltr'><strong>populum</strong></span> <span class='ocrx_word' id='word_1_647' title='bbox 1516 4996 1800 5059; x_wconf 78' lang='lat' dir='ltr'><strong>serpentes.</strong></span> <span class='ocrx_word' id='word_1_648' title='bbox 1829 4987 1933 5061; x_wconf 89' lang='lat'><strong>[6.]</strong></span> <span class='ocrx_word' id='word_1_649' title='bbox 1965 4989 2086 5046; x_wconf 89' lang='lat' dir='ltr'><strong>Non</strong></span> <span class='ocrx_word' id='word_1_650' title='bbox 2118 4989 2359 5061; x_wconf 86' lang='lat' dir='ltr'><strong>amplius</strong></span> <span class='ocrx_word' id='word_1_651' title='bbox 2393 4991 2464 5046; x_wconf 88' lang='lat' dir='ltr'><strong>ad</strong></span> <span class='ocrx_word' id='word_1_652' title='bbox 2503 4974 2994 5050; x_wconf 25' lang='lat' dir='ltr'><strong>terram‘sanctam</strong></span> <span class='ocrx_word' id='word_1_653' title='bbox 3039 4997 3404 5062; x_wconf 88' lang='lat' dir='ltr'><strong>contendunt,</strong></span> <span class='ocrx_word' id='word_1_654' title='bbox 3460 5005 3666 5071; x_wconf 87' lang='lat' dir='ltr'><strong>propter</strong></span> 
     </span>
    </p>
   </div>
   <div class='ocr_carea' id='block_1_77' title="bbox 422 5077 3669 5154">
    <p class='ocr_par' dir='ltr' id='par_1_77' title="bbox 422 5077 3669 5154">
     <span class='ocr_line' id='line_1_77' title="bbox 422 5077 3669 5154; baseline -0.001 -14"><span class='ocrx_word' id='word_1_655' title='bbox 422 5082 778 5140; x_wconf 80' lang='lat' dir='ltr'><strong>difﬁdentiam</strong></span> <span class='ocrx_word' id='word_1_656' title='bbox 807 5080 970 5151; x_wconf 79' lang='lat' dir='ltr'><strong>cujus</strong></span> <span class='ocrx_word' id='word_1_657' title='bbox 1002 5078 1223 5134; x_wconf 90' lang='lat' dir='ltr'><strong>nomine</strong></span> <span class='ocrx_word' id='word_1_658' title='bbox 1241 5085 1372 5133; x_wconf 91' lang='lat' dir='ltr'><strong>sunt</strong></span> <span class='ocrx_word' id='word_1_659' title='bbox 1398 5077 1774 5141; x_wconf 89' lang='lat' dir='ltr'><strong>condemnati,</strong></span> <span class='ocrx_word' id='word_1_660' title='bbox 1802 5093 1992 5132; x_wconf 90' lang='lat' dir='ltr'><strong>verum</strong></span> <span class='ocrx_word' id='word_1_661' title='bbox 2030 5093 2062 5133; x_wconf 89' lang='lat' dir='ltr'><strong>a</strong></span> <span class='ocrx_word' id='word_1_662' title='bbox 2092 5084 2251 5148; x_wconf 89' lang='lat' dir='ltr'><strong>tergo</strong></span> <span class='ocrx_word' id='word_1_663' title='bbox 2314 5078 2617 5134; x_wconf 67' lang='lat' dir='ltr'><strong>ldumaeam</strong></span> <span class='ocrx_word' id='word_1_664' title='bbox 2651 5081 2934 5151; x_wconf 90' lang='lat' dir='ltr'><strong>regionem</strong></span> <span class='ocrx_word' id='word_1_665' title='bbox 2990 5096 3302 5154; x_wconf 88' lang='lat' dir='ltr'><strong>pererrant.</strong></span> <span class='ocrx_word' id='word_1_666' title='bbox 3360 5086 3669 5148; x_wconf 83' lang='lat' dir='ltr'><strong>Dilabuntur</strong></span> 
     </span>
    </p>
   </div>
   <div class='ocr_carea' id='block_1_78' title="bbox 423 5163 3662 5242">
    <p class='ocr_par' dir='ltr' id='par_1_78' title="bbox 423 5163 3662 5242">
     <span class='ocr_line' id='line_1_78' title="bbox 423 5163 3662 5242; baseline -0.001 -15"><span class='ocrx_word' id='word_1_667' title='bbox 423 5175 568 5228; x_wconf 87' lang='lat' dir='ltr'><strong>enim</strong></span> <span class='ocrx_word' id='word_1_668' title='bbox 596 5186 688 5228; x_wconf 87' lang='lat' dir='ltr'><strong>res</strong></span> <span class='ocrx_word' id='word_1_669' title='bbox 716 5185 913 5226; x_wconf 78' lang='lat' dir='ltr'><strong>omnes</strong></span> <span class='ocrx_word' id='word_1_670' title='bbox 944 5175 1067 5240; x_wconf 70' lang='lat' dir='ltr'><strong>qua:</strong></span> <span class='ocrx_word' id='word_1_671' title='bbox 1094 5168 1235 5222; x_wconf 90' lang='lat' dir='ltr'><strong>citra</strong></span> <span class='ocrx_word' id='word_1_672' title='bbox 1261 5167 1432 5221; x_wconf 89' lang='lat' dir='ltr'><strong>Deum</strong></span> <span class='ocrx_word' id='word_1_673' title='bbox 1488 5164 1878 5230; x_wconf 88' lang='lat' dir='ltr'><strong>instituuntur,</strong></span> <span class='ocrx_word' id='word_1_674' title='bbox 1931 5163 2398 5237; x_wconf 89' lang='lat' dir='ltr'><strong>quemadmodum</strong></span> <span class='ocrx_word' id='word_1_675' title='bbox 2451 5165 2563 5220; x_wconf 90' lang='lat' dir='ltr'><strong>vita</strong></span> <span class='ocrx_word' id='word_1_676' title='bbox 2613 5180 2833 5236; x_wconf 89' lang='lat' dir='ltr'><strong>quoque</strong></span> <span class='ocrx_word' id='word_1_677' title='bbox 2875 5169 2993 5238; x_wconf 90' lang='lat' dir='ltr'><strong>ipsa</strong></span> <span class='ocrx_word' id='word_1_678' title='bbox 3048 5180 3274 5242; x_wconf 88' lang='lat' dir='ltr'><strong>propter</strong></span> <span class='ocrx_word' id='word_1_679' title='bbox 3322 5171 3662 5227; x_wconf 77' lang='lat' dir='ltr'><strong>difﬁdentiam</strong></span> 
     </span>
    </p>
   </div>
   <div class='ocr_carea' id='block_1_79' title="bbox 427 5253 3665 5328">
    <p class='ocr_par' dir='ltr' id='par_1_79' title="bbox 427 5253 3665 5328">
     <span class='ocr_line' id='line_1_79' title="bbox 427 5253 3665 5328; baseline -0.002 -13"><span class='ocrx_word' id='word_1_680' title='bbox 427 5260 741 5315; x_wconf 85' lang='lat' dir='ltr'><strong>resolvitur.</strong></span> <span class='ocrx_word' id='word_1_681' title='bbox 774 5259 855 5312; x_wconf 86' lang='lat' dir='ltr'><strong>Ac</strong></span> <span class='ocrx_word' id='word_1_682' title='bbox 878 5258 930 5311; x_wconf 93' lang='lat' dir='ltr'><strong>hi</strong></span> <span class='ocrx_word' id='word_1_683' title='bbox 955 5256 1048 5327; x_wconf 90' lang='lat' dir='ltr'><strong>qui</strong></span> <span class='ocrx_word' id='word_1_684' title='bbox 1076 5255 1219 5311; x_wconf 91' lang='lat' dir='ltr'><strong>bona</strong></span> <span class='ocrx_word' id='word_1_685' title='bbox 1253 5253 1620 5324; x_wconf 88' lang='lat' dir='ltr'><strong>capessebant</strong></span> <span class='ocrx_word' id='word_1_686' title='bbox 1649 5254 1825 5323; x_wconf 88' lang='lat' dir='ltr'><strong>prius,</strong></span> <span class='ocrx_word' id='word_1_687' title='bbox 1859 5254 2025 5308; x_wconf 89' lang='lat' dir='ltr'><strong>animi</strong></span> <span class='ocrx_word' id='word_1_688' title='bbox 2055 5254 2376 5309; x_wconf 76' lang='lat' dir='ltr'><strong>inﬁrmitate</strong></span> <span class='ocrx_word' id='word_1_689' title='bbox 2405 5256 2652 5324; x_wconf 90' lang='lat' dir='ltr'><strong>superati</strong></span> <span class='ocrx_word' id='word_1_690' title='bbox 2682 5269 2958 5313; x_wconf 62' lang='lat' dir='ltr'><strong>arumnas</strong></span> <span class='ocrx_word' id='word_1_691' title='bbox 2988 5258 3292 5328; x_wconf 89' lang='lat' dir='ltr'><strong>perferunt.</strong></span> <span class='ocrx_word' id='word_1_692' title='bbox 3318 5259 3665 5326; x_wconf 65' lang='lat' dir='ltr'><strong>Quemadmo-</strong></span> 
     </span>
    </p>
   </div>
   <div class='ocr_carea' id='block_1_80' title="bbox 423 5330 3659 5418">
    <p class='ocr_par' dir='ltr' id='par_1_80' title="bbox 423 5330 3659 5418">
     <span class='ocr_line' id='line_1_80' title="bbox 423 5330 3659 5418; baseline -0 -20"><span class='ocrx_word' id='word_1_693' title='bbox 423 5348 553 5400; x_wconf 86' lang='lat' dir='ltr'><strong>dum</strong></span> <span class='ocrx_word' id='word_1_694' title='bbox 580 5345 753 5399; x_wconf 80' lang='lat' dir='ltr'><strong>Adam</strong></span> <span class='ocrx_word' id='word_1_695' title='bbox 781 5358 1022 5412; x_wconf 87' lang='lat' dir='ltr'><strong>quoque,</strong></span> <span class='ocrx_word' id='word_1_696' title='bbox 1049 5357 1175 5396; x_wconf 90' lang='lat' dir='ltr'><strong>cum</strong></span> <span class='ocrx_word' id='word_1_697' title='bbox 1212 5340 1532 5395; x_wconf 88' lang='lat' dir='ltr'><strong>mandatum</strong></span> <span class='ocrx_word' id='word_1_698' title='bbox 1559 5339 1944 5410; x_wconf 66' lang='lat' dir='ltr'><strong>praeteriisset,</strong></span> <span class='ocrx_word' id='word_1_699' title='bbox 1979 5355 2049 5395; x_wconf 83' lang='lat' dir='ltr'><strong>ex</strong></span> <span class='ocrx_word' id='word_1_700' title='bbox 2080 5342 2366 5411; x_wconf 90' lang='lat' dir='ltr'><strong>voluptate</strong></span> <span class='ocrx_word' id='word_1_701' title='bbox 2407 5330 2460 5397; x_wconf 92' lang='lat' dir='ltr'><strong>in</strong></span> <span class='ocrx_word' id='word_1_702' title='bbox 2485 5343 2730 5397; x_wconf 90' lang='lat' dir='ltr'><strong>laborem</strong></span> <span class='ocrx_word' id='word_1_703' title='bbox 2752 5351 2838 5398; x_wconf 89' lang='lat' dir='ltr'><strong>est</strong></span> <span class='ocrx_word' id='word_1_704' title='bbox 2874 5347 3198 5402; x_wconf 87' lang='lat' dir='ltr'><strong>translatus.</strong></span> <span class='ocrx_word' id='word_1_705' title='bbox 3229 5347 3394 5418; x_wconf 83' lang='lat' dir='ltr'><strong>Atqui</strong></span> <span class='ocrx_word' id='word_1_706' title='bbox 3427 5342 3659 5414; x_wconf 83' lang='lat' dir='ltr'><strong>improbe</strong></span> 
     </span>
    </p>
   </div>
   <div class='ocr_carea' id='block_1_81' title="bbox 426 5422 3659 5503">
    <p class='ocr_par' dir='ltr' id='par_1_81' title="bbox 426 5422 3659 5503">
     <span class='ocr_line' id='line_1_81' title="bbox 426 5422 3659 5503; baseline -0.004 -8"><span class='ocrx_word' id='word_1_707' title='bbox 426 5441 651 5503; x_wconf 62' lang='lat'><strong>8560188</strong></span> <span class='ocrx_word' id='word_1_708' title='bbox 673 5430 908 5501; x_wconf 70' lang='lat' dir='ltr'><strong>deprimi</strong></span> <span class='ocrx_word' id='word_1_709' title='bbox 954 5444 1185 5484; x_wconf 67' lang='lat' dir='ltr'><strong>necesse</strong></span> <span class='ocrx_word' id='word_1_710' title='bbox 1210 5436 1298 5483; x_wconf 80' lang='grc' dir='ltr'>εει</span> <span class='ocrx_word' id='word_1_711' title='bbox 1327 5443 1342 5493; x_wconf 83' lang='grc'>;</span> <span class='ocrx_word' id='word_1_712' title='bbox 1382 5442 1510 5482; x_wconf 89' lang='lat' dir='ltr'><strong>cum</strong></span> <span class='ocrx_word' id='word_1_713' title='bbox 1543 5426 1690 5481; x_wconf 91' lang='lat' dir='ltr'><strong>enim</strong></span> <span class='ocrx_word' id='word_1_714' title='bbox 1724 5422 1837 5481; x_wconf 91' lang='lat' dir='ltr'><strong>Deo</strong></span> <span class='ocrx_word' id='word_1_715' title='bbox 1859 5428 2219 5497; x_wconf 85' lang='lat' dir='ltr'><strong>ogganniunt,</strong></span> <span class='ocrx_word' id='word_1_716' title='bbox 2264 5430 2369 5485; x_wconf 86' lang='lat' dir='ltr'><strong>sibi</strong></span> <span class='ocrx_word' id='word_1_717' title='bbox 2396 5430 2532 5499; x_wconf 87' lang='lat' dir='ltr'><strong>ipsis</strong></span> <span class='ocrx_word' id='word_1_718' title='bbox 2555 5431 2886 5499; x_wconf 89' lang='lat' dir='ltr'><strong>supplicium</strong></span> <span class='ocrx_word' id='word_1_719' title='bbox 2927 5443 3245 5489; x_wconf 85' lang='lat' dir='ltr'><strong>accersunt.</strong></span> <span class='ocrx_word' id='word_1_720' title='bbox 3279 5435 3445 5503; x_wconf 84' lang='lat' dir='ltr'><strong>quue</strong></span> <span class='ocrx_word' id='word_1_721' title='bbox 3475 5432 3518 5485; x_wconf 93' lang='lat' dir='ltr'><strong>si</strong></span> <span class='ocrx_word' id='word_1_722' title='bbox 3548 5425 3659 5495; x_wconf 76' lang='lat' dir='ltr'><strong>quis</strong></span> 
     </span>
    </p>
   </div>
   <div class='ocr_carea' id='block_1_82' title="bbox 422 5515 3656 5589">
    <p class='ocr_par' dir='ltr' id='par_1_82' title="bbox 422 5515 3656 5589">
     <span class='ocr_line' id='line_1_82' title="bbox 422 5515 3656 5589; baseline 0 -14"><span class='ocrx_word' id='word_1_723' title='bbox 422 5521 492 5575; x_wconf 80' lang='lat' dir='ltr'><strong>ad</strong></span> <span class='ocrx_word' id='word_1_724' title='bbox 522 5519 608 5575; x_wconf 90' lang='lat' dir='ltr'><strong>sui</strong></span> <span class='ocrx_word' id='word_1_725' title='bbox 629 5517 997 5573; x_wconf 87' lang='lat' dir='ltr'><strong>eruditionem</strong></span> <span class='ocrx_word' id='word_1_726' title='bbox 1024 5516 1252 5587; x_wconf 88' lang='lat' dir='ltr'><strong>arripiat</strong></span> <span class='ocrx_word' id='word_1_727' title='bbox 1279 5516 1435 5571; x_wconf 84' lang='lat' dir='ltr'><strong>bono</strong></span> <span class='ocrx_word' id='word_1_728' title='bbox 1465 5529 1591 5570; x_wconf 90' lang='lat' dir='ltr'><strong>esse</strong></span> <span class='ocrx_word' id='word_1_729' title='bbox 1642 5523 1847 5582; x_wconf 91' lang='lat' dir='ltr'><strong>potest,</strong></span> <span class='ocrx_word' id='word_1_730' title='bbox 1878 5525 1937 5568; x_wconf 93' lang='lat' dir='ltr'><strong>ut</strong></span> <span class='ocrx_word' id='word_1_731' title='bbox 1967 5516 2022 5569; x_wconf 90' lang='lat' dir='ltr'><strong>in</strong></span> <span class='ocrx_word' id='word_1_732' title='bbox 2057 5517 2239 5587; x_wconf 87' lang='lat' dir='ltr'><strong>seipso</strong></span> <span class='ocrx_word' id='word_1_733' title='bbox 2269 5531 2491 5571; x_wconf 86' lang='lat' dir='ltr'><strong>onmem</strong></span> <span class='ocrx_word' id='word_1_734' title='bbox 2538 5518 2780 5587; x_wconf 86' lang='lat' dir='ltr'><strong>culpam,</strong></span> <span class='ocrx_word' id='word_1_735' title='bbox 2811 5519 2980 5589; x_wconf 84' lang='lat' dir='ltr'><strong>inque</strong></span> <span class='ocrx_word' id='word_1_736' title='bbox 3035 5520 3148 5576; x_wconf 90' lang='lat' dir='ltr'><strong>Deo</strong></span> <span class='ocrx_word' id='word_1_737' title='bbox 3187 5522 3392 5577; x_wconf 89' lang='lat' dir='ltr'><strong>nullam</strong></span> <span class='ocrx_word' id='word_1_738' title='bbox 3425 5515 3656 5573; x_wconf 72' lang='lat' dir='ltr'><strong>residere</strong></span> 
     </span>
    </p>
   </div>
   <div class='ocr_carea' id='block_1_83' title="bbox 428 5600 3657 5683">
    <p class='ocr_par' dir='ltr' id='par_1_83' title="bbox 428 5600 3657 5683">
     <span class='ocr_line' id='line_1_83' title="bbox 428 5600 3657 5683; baseline -0.002 -21"><span class='ocrx_word' id='word_1_739' title='bbox 428 5612 689 5677; x_wconf 83' lang='lat' dir='ltr'><strong>agnoscat</strong></span> <span class='ocrx_word' id='word_1_740' title='bbox 718 5605 970 5660; x_wconf 87' lang='lat' dir='ltr'><strong>videlicet</strong></span> <span class='ocrx_word' id='word_1_741' title='bbox 997 5621 1009 5656; x_wconf 92' lang='lat'><strong>:</strong></span> <span class='ocrx_word' id='word_1_742' title='bbox 1035 5606 1112 5660; x_wconf 86' lang='lat' dir='ltr'><strong>Ac</strong></span> <span class='ocrx_word' id='word_1_743' title='bbox 1144 5603 1313 5659; x_wconf 89' lang='lat' dir='ltr'><strong>Deum</strong></span> <span class='ocrx_word' id='word_1_744' title='bbox 1337 5602 1562 5674; x_wconf 85' lang='lat' dir='ltr'><strong>quidem</strong></span> <span class='ocrx_word' id='word_1_745' title='bbox 1591 5604 1720 5657; x_wconf 88' lang='lat' dir='ltr'><strong>mali</strong></span> <span class='ocrx_word' id='word_1_746' title='bbox 1749 5618 1861 5658; x_wconf 93' lang='lat' dir='ltr'><strong>non</strong></span> <span class='ocrx_word' id='word_1_747' title='bbox 1886 5616 2190 5675; x_wconf 90' lang='lat' dir='ltr'><strong>auctorem,</strong></span> <span class='ocrx_word' id='word_1_748' title='bbox 2218 5605 2317 5666; x_wconf 77' lang='lat' dir='ltr'><strong>sed</strong></span> <span class='ocrx_word' id='word_1_749' title='bbox 2362 5606 2546 5662; x_wconf 91' lang='lat' dir='ltr'><strong>omnis</strong></span> <span class='ocrx_word' id='word_1_750' title='bbox 2569 5607 2835 5665; x_wconf 87' lang='lat' dir='ltr'><strong>bonitatis</strong></span> <span class='ocrx_word' id='word_1_751' title='bbox 2858 5624 2981 5667; x_wconf 84' lang='lat' dir='ltr'><strong>esse</strong></span> <span class='ocrx_word' id='word_1_752' title='bbox 3007 5610 3239 5671; x_wconf 83' lang='lat' dir='ltr'><strong>fontem,</strong></span> <span class='ocrx_word' id='word_1_753' title='bbox 3270 5612 3445 5683; x_wconf 80' lang='lat' dir='ltr'><strong>Atque</strong></span> <span class='ocrx_word' id='word_1_754' title='bbox 3465 5621 3526 5663; x_wconf 89' lang='lat' dir='ltr'><strong>ea</strong></span> <span class='ocrx_word' id='word_1_755' title='bbox 3562 5600 3657 5657; x_wconf 83' lang='lat' dir='ltr'><strong>illis</strong></span> 
     </span>
    </p>
   </div>
   <div class='ocr_carea' id='block_1_84' title="bbox 486 5817 1961 5884">
    <p class='ocr_par' dir='ltr' id='par_1_84' title="bbox 486 5817 1961 5884">
     <span class='ocr_line' id='line_1_84' title="bbox 486 5817 1961 5884; baseline 0.016 -35"><span class='ocrx_word' id='word_1_756' title='bbox 486 5819 561 5852; x_wconf 72' lang='grc' dir='ltr'><strong>ιδ·</strong></span> <span class='ocrx_word' id='word_1_757' title='bbox 590 5817 727 5874; x_wconf 49' lang='lat' dir='ltr'><strong>Luc;</strong></span> <span class='ocrx_word' id='word_1_758' title='bbox 763 5832 836 5882; x_wconf 72' lang='grc' dir='ltr'><strong>χι,</strong></span> <span class='ocrx_word' id='word_1_759' title='bbox 869 5817 956 5874; x_wconf 77' lang='lat'><strong>3:5.</strong></span> <span class='ocrx_word' id='word_1_760' title='bbox 1037 5819 1079 5851; x_wconf 80' lang='grc'>¹⁶</span> <span class='ocrx_word' id='word_1_761' title='bbox 1103 5818 1207 5874; x_wconf 87' lang='lat' dir='ltr'><strong>lsa.</strong></span> <span class='ocrx_word' id='word_1_762' title='bbox 1237 5834 1323 5883; x_wconf 76' lang='lat' dir='ltr'><strong>XL,</strong></span> <span class='ocrx_word' id='word_1_763' title='bbox 1355 5819 1408 5875; x_wconf 86' lang='lat'><strong>9.</strong></span> <span class='ocrx_word' id='word_1_764' title='bbox 1489 5819 1530 5850; x_wconf 86' lang='lat'><strong>&quot;</strong></span> <span class='ocrx_word' id='word_1_765' title='bbox 1565 5818 1607 5874; x_wconf 87' lang='lat' dir='ltr'><strong>ll</strong></span> <span class='ocrx_word' id='word_1_766' title='bbox 1632 5818 1758 5876; x_wconf 84' lang='lat' dir='ltr'><strong>Cor.</strong></span> <span class='ocrx_word' id='word_1_767' title='bbox 1792 5835 1824 5871; x_wconf 90' lang='lat' dir='ltr'><strong>v</strong></span> <span class='ocrx_word' id='word_1_768' title='bbox 1851 5857 1865 5884; x_wconf 92' lang='lat'><strong>,</strong></span> <span class='ocrx_word' id='word_1_769' title='bbox 1905 5818 1961 5873; x_wconf 73' lang='lat'><strong>2.</strong></span> 
     </span>
    </p>
   </div>
  </div>
