3956 6404
225 423 330 489 857
1291 427 1787 490 COMMENTAR]

1988 431 2376 492 NUMEROS.
3408 437 3513 498 858

226 545 600 608 obvenerunt,
619 542 768 614 quod
798 550 920 613 post
944 550 1026 598 tot
1056 542 1452 601 beneficiorum
1477 547 1853 616 experimenta
1875 545 2181 616 divinazque
2205 541 2477 602 alimoniae
2500 543 2885 614 perceptiones
2915 551 3234 598 terrestrem
3255 547 3520 615 quaesita.

229 637 384 684 runt.
420 629 518 685 His
547 631 759 686 similes
784 640 909 686 sunt
940 646 1134 688 omnes
1161 633 1253 701 qui
1275 634 1745 701 concupiscentiis
1779 633 2081 697 ducuntur,
2117 648 2316 703 resque
2333 648 2456 702 quae
2487 630 2590 686 sub
2618 631 2956 685 intellectum
2983 632 3189 686 cadunt
3225 648 3397 702 nugas
3423 650 3515 687 vo-

232 727 387 779 cant,
420 733 594 786 quare
624 719 958 788 supplicium
987 734 1082 788 per
1109 729 1392 788 serpentes
1424 721 1533 774 illis
1562 722 1859 790 irrogatnr.
1889 718 1984 774 Sic
2009 721 2181 773 Adam
2219 735 2442 788 quoque
2474 735 2538 772 ex
2567 719 2886 773 arctissima
2917 719 3322 774 consuetudine
3349 735 3512 790 quam

234 819 363 858 cum
391 805 500 860 Deo
530 806 743 871 habuit,
770 814 998 876 propter
1033 821 1261 876 parvam
1329 823 1394 862 ac
1435 807 1598 862 vilem
1638 807 2146 877 concupiscentiam
2185 807 2425 862 consilio
2467 808 2745 874 serpentis
2791 805 2845 860 in
2881 815 3114 860 mortem
3149 817 3235 861 est
3267 807 3511 866 delatus.

232 890 432 962 Itaque
460 907 678 948 morsus
715 893 990 957 serpentis
1023 909 1174 948 mors
1209 895 1298 962 qui
1331 896 1384 948 in
1422 895 1693 949 Adamum
1726 895 1921 950 incidit
1950 896 2147 948 merito
2176 895 2461 948 diceretur
2495 894 2687 964 utique
2732 894 2827 964 qui
2880 894 3115 964 indignit
3146 896 3512 951 conversione

233 981 430 1035 nittltis
449 979 618 1052 416
650 981 933 1036 laboribus
963 983 1258 1050 acquisita.
1300 981 1780 1047 Quemadmodum
1819 982 2057 1052 populus
2080 997 2301 1051 quoque
2343 982 2408 1036 de
2438 996 2548 1050 quo
2576 981 2631 1034 in
2659 983 2941 1050 praesenti,
2965 983 3031 1034 ad
3071 981 3312 1050 legatum
3344 984 3511 1038 istum

233 1075 434 1120 contra
466 1082 628 1134 quem
658 1076 1100 1131 murmurarunt,
1134 1070 1390 1124 meliores
1420 1079 1546 1138 post
1575 1071 1786 1124 cladem
1820 1069 1975 1134 facti,
2004 1069 2400 1134 advolvuntur,
2435 1078 2490 1123 et
2527 1068 2858 1123 medicinam
2900 1080 3341 1138 consequuntur,
3369 1087 3511 1125 aereo

236 1163 499 1222 serpente
529 1153 639 1209 illis
669 1165 876 1209 erecto.
914 1155 1116 1226 Figura
1151 1166 1334 1210 autem
1368 1157 1482 1211 haec
1515 1171 1699 1210 rerum
1725 1173 1849 1227 quae
1873 1157 1939 1210 ad
1968 1171 2070 1210 nos
2101 1163 2250 1210 sunt.
2297 1155 2772 1221 Quemadmodum
2827 1157 2972 1210 enim
3015 1157 3089 1209 illi
3139 1157 3281 1210 bona
3308 1159 3512 1226 quibus

235 1256 267 1294 a
299 1242 407 1296 Deo
434 1239 611 1296 affecti
641 1253 800 1296 erant
824 1252 1176 1311 spreverunt,
1205 1259 1269 1298 ac
1309 1244 1500 1299 carnis
1530 1245 1908 1314 voluptatibus
1945 1245 2103 1312 longe
2128 1251 2254 1314 post
2286 1244 2622 1304 habuerunt,
2647 1243 2721 1295 ita
2757 1244 2918 1311 vulgo
2951 1259 3144 1297 omnes
3173 1243 3226 1296 in
3259 1245 3510 1314 opificem

236 1338 498 1382 nostrum
541 1329 890 1398 impegimus,
927 1340 983 1384 et
1008 1331 1111 1384 sub
1145 1345 1366 1385 morsus
1393 1331 1735 1400 serpentium
1773 1331 2146 1400 spiritualium
2199 1331 2528 1396 cecidimus,
2563 1331 2768 1385 nostris
2807 1344 2838 1381 a
2885 1329 2992 1384 Deo
3027 1331 3203 1385 relicti
3245 1333 3512 1400 concupi-

237 1415 498 1482 scentiis,
519 1430 547 1468 a
585 1415 789 1485 quibus
821 1416 1022 1470 animis
1069 1417 1342 1470 vulnerati
1367 1433 1533 1486 opera
1561 1419 1830 1486 principis
1855 1430 2172 1489 serpentum
2203 1418 2466 1473 draconis
2489 1417 2886 1486 apostatze,qui
2915 1417 3186 1470 Adamum
3212 1419 3514 1482 interemit,

237 1519 439 1558 sumus
465 1505 668 1557 necati.
710 1502 823 1556 Iloc
856 1518 985 1557 vero
1014 1505 1216 1557 malum
1274 1506 1328 1558 in
1381 1506 1505 1574 ejus
1565 1506 1813 1561 sobolem
1867 1518 2128 1577 tanquam
2154 1523 2219 1562 ex
2261 1508 2448 1560 radice
2503 1506 2842 1562 demauavit.
2879 1503 3082 1559 Verum
3126 1507 3519 1575 conspeximus

239 1601 582 1659 serpentem.
619 1591 723 1645 hoc
755 1599 861 1652 est,
903 1590 1210 1646 Christum.
1245 1591 1534 1658 Quomodo
1559 1609 1688 1648 vero
1723 1596 1769 1649 is
1797 1596 1890 1664 qui
1915 1603 2113 1649 natura
2140 1611 2237 1649 sua
2273 1593 2424 1665 (nam
2458 1593 2602 1647 Deus
2638 1595 2770 1662 est),
2797 1593 2978 1648 bonus
3001 1609 3124 1647 cum
3162 1593 3252 1656 sit,
3289 1609 3519 1662 si‘rpens

239 1679 352 1733 dici
384 1681 579 1749 possit.
615 1679 890 1745 Quoniam
919 1678 1101 1734 factus
1133 1687 1216 1733 est
1248 1681 1442 1736 similis
1493 1682 1694 1748 nostri,
1756 1699 1864 1737 non
1925 1691 2122 1737 natura
2161 1683 2460 1744 malorum,
2523 1682 2621 1737 sed
2650 1696 2843 1735 eorum
2887 1682 2976 1749 qui
3032 1682 3320 1735 voluntate
3363 1683 3518 1750 pravi

237 1771 598 1833 exstiterunt,
628 1779 686 1823 ut
713 1769 930 1823 dicatur
954 1769 1021 1822 ad
1054 1784 1187 1823 nos:
1221 1769 1280 1824 Si
1306 1769 1477 1840 igitur
1501 1786 1599 1826 vos
1625 1771 1716 1842 qui
1749 1772 1900 1841 pravi
1937 1772 2095 1837 estis,
2127 1779 2181 1826 et
2210 1786 2331 1840 quae
2359 1771 2646 1839 deinceps.
2681 1769 2924 1838 Serpens
2945 1769 3110 1838 igitur
3139 1778 3222 1823 est
3244 1779 3521 1838 quatenus

240 1861 533 1933 pravitatis
560 1860 977 1916 similitudinem
1011 1861 1228 1924 attinet,
1261 1878 1425 1930 quam
1458 1865 1906 1931 assumpsitcum
1946 1862 2124 1917 factus
2158 1870 2308 1917 esset
2349 1862 2534 1916 homo.
2569 1860 2770 1916 Verum
2810 1862 2854 1916 si
2894 1862 3019 1930 quis
3045 1877 3170 1916 eum
3208 1872 3389 1916 mente
3423 1877 3522 1916 sua

240 1947 674 2017 contempletur,
710 1947 778 2000 ab
810 1947 1038 2000 interitu
1074 1948 1214 2002 liber
1245 1949 1371 2002 erit.
1401 1948 1794 2018 Spectabimus
1831 1966 1962 2004 vero
1984 1950 2300 2015 Christum,
2343 1952 2388 2005 si
2422 1949 2748 2020 mysterium
2774 1949 2922 2019 quod
2956 1950 3010 2002 in
3047 1950 3166 2018 ipso
3196 1949 3524 2004 continetur

241 2043 394 2089 recte
417 2035 876 2096 intellexerimus,
911 2035 1058 2104 quod
1089 2045 1286 2089 natura
1317 2051 1444 2090 cum
1487 2044 1638 2093 esset
1688 2036 1852 2103 Deus,
1886 2038 2050 2092 homo
2090 2037 2268 2094 factus
2294 2047 2402 2100 est,
2437 2039 2588 2091 salva
2630 2038 2880 2092 bonitate
2916 2052 3015 2092 sua
3045 2052 3212 2102 quam
3254 2037 3519 2090 habebat:

241 2137 545 2195 pravorum
579 2125 729 2175 enim
758 2123 996 2190 sumpsit
1029 2123 1300 2189 habitum,
1335 2139 1444 2178 non
1505 2134 1565 2178 ut
1617 2126 1736 2194 ipse
1774 2141 1976 2196 pravus
2005 2126 2182 2189 fieret,
2227 2125 2322 2181 sed
2352 2133 2408 2179 ut
2444 2141 2544 2178 nos
2580 2125 2754 2178 bonos
2773 2124 3036 2179 efliceret.
3074 2126 3151 2177 Ac
3182 2124 3356 2194 ipsius
3387 2138 3525 2179 sane

241 2213 468 2280 signum
497 2225 728 2279 serpens
761 2209 889 2264 fuit.
925 2209 1216 2266 Exaltatus
1241 2219 1327 2265 est
1356 2212 1503 2266 enim
1539 2211 1797 2267 Christus
1831 2229 2000 2282 super
2018 2229 2205 2279 cruce,
2232 2212 2696 2282 quemadmodum
2721 2211 2927 2265 ludatis
2960 2211 3215 2280 prmdixit
3236 2229 3290 2263 :4
3321 2211 3526 2276 Quem-

243 2298 544 2352 admodum
570 2297 715 2352 enim
743 2297 924 2352 Moses
963 2297 1228 2352 exaltavit
1265 2307 1579 2368 serpentem
1632 2299 1687 2352 in
1740 2299 1984 2366 deserto,
2021 2302 2096 2354 ita
2129 2301 2359 2355 exaltari
2402 2309 2624 2369 oportet
2656 2297 2854 2352 Filium
2896 2300 3160 2363 hominis,
3185 2306 3239 2353 et
3279 2309 3392 2352 tum
3425 2314 3524 2352 co-

244 2385 530 2455 gnoscetis
555 2383 700 2454 quod
723 2399 822 2455 ego
849 2401 971 2439 sum
1001 2384 1064 2438 ¹⁸.
1107 2403 1125 2436 ι
1167 2386 1443 2440 Caeterum
1473 2400 1702 2454 serpens
1726 2402 1911 2442 aeneus
1931 2387 2056 2454 fuit,
2091 2399 2319 2458 propter
2343 2387 2756 2458 praedicationis
2779 2387 3114 2457 evangelicae
3149 2387 3526 2439 vocalitatem.

243 2473 413 2544 Atqui
450 2488 599 2528 mors
626 2488 748 2542 quae
779 2488 845 2527 ex
873 2473 1154 2528 morsibus
1185 2473 1400 2527 redibat
1461 2482 1692 2528 curatur
1739 2483 1976 2541 tantum,
2027 2478 2272 2548 ipsaeque
2309 2476 2502 2531 bestia;
2549 2490 2659 2529 non
2707 2475 2984 2539 delentur,
3034 2489 3132 2544 per
3162 2474 3370 2527 bestias
3398 2486 3528 2526 vero

246 2563 740 2634 concupiscentias
776 2563 922 2618 dico.
944 2563 1304 2618 Peccatorum
1338 2563 1485 2618 enim
1500 2563 1594 2632 qui
1627 2578 1848 2618 crucem
1873 2565 2178 2632 intuentur,
2210 2580 2359 2622 mors
2379 2563 2740 2636 quantumvis
2774 2578 2940 2633 prava
2976 2563 3182 2616 nullam
3206 2563 3313 2615 vim
3337 2561 3528 2614 habet.

243 2657 446 2712 Carnis
495 2670 628 2712 vero
681 2655 1144 2725 concupiscentia
1201 2671 1326 2725 qua:
1385 2655 1608 2724 spiritui
1653 2654 1984 2709 adversatur
2044 2655 2267 2723 penitus
2320 2669 2430 2707 non
2481 2659 2566 2707 est
2625 2650 2806 2704 deleta
2855 2657 2909 2704 et
2973 2649 3270 2702 exstincta.
3302 2647 3360 2701 ln
3395 2648 3529 2703 lide-

249 2745 396 2803 libus
425 2745 634 2808 etenim
691 2760 911 2801 morsus
965 2744 1434 2814 concupiscentiae
1485 2760 1608 2801 sese
1641 2753 1864 2801 movent
1898 2743 2122 2813 saepius,
2158 2741 2253 2798 sed
2285 2739 2510 2812 quando
2540 2737 2802 2793 cruciﬁxi
2849 2736 3220 2792 recordentur
3253 2750 3530 2791 venenum

250 2836 498 2892 diluunt.
1477 2855 1480 2858 ·

330 2925 461 2976 Ὀτε
481 2922 791 2992 ἐγόγγυσαν
809 2921 1122 2993 ἀπάραντες
1146 2919 1205 2986 ἐξ
1229 2923 1328 2994 Ὢρ
1346 2922 1442 2975 τοῦ
1477 2922 1638 2994 ὅρους
1689 2938 1842 2992 περι·
1870 2928 1892 2983 Α

2016 2920 2187 2976 Porro
2228 2919 2584 2974 manifestum
2614 2924 2699 2973 cst
2747 2926 2946 2984 quater
2968 2931 3065 2985 per
3107 2922 3370 2970 cunctum
3429 2915 3533 2969 iter

253 3016 638 3078 κυκλώσαντες
664 3015 765 3086 τὴν
788 3015 893 3084 γῆν
926 3013 1104 3083 Ἐδὼμ
1129 3015 1187 3067 ὲν
1207 3013 1284 3084 τῷ
1315 3013 1422 3087 πρὸ
1448 3013 1638 3068 τούτου
1671 3029 1815 3081 κεφα

1977 3030 2115 3084 uper
2145 3029 2286 3084 aqua
2321 3023 2855 3067 commurmurasse.
2881 3007 3022 3062 Olim
3084 3023 3210 3061 cum
3249 3008 3535 3062 venissent

251 3109 392 3180 λαίῳ
417 3107 551 3180 (72).
594 3108 680 3170 Ὠς
701 3107 960 3178 τετράκις
993 3106 1106 3176 (73)
1133 3105 1420 3173 φαίνονται
1469 3103 1809 3174 γογγύσαντε

1974 3120 2004 3156 n
2041 3101 2298 3166 Merram,
2325 3099 2789 3170 quemadmodum
2822 3107 2905 3153 est
2936 3099 2989 3152 in
3021 3097 3234 3152 Exodo.
3282 3096 3536 3152 Secundo

254 3201 344 3272 ἐφ’
371 3201 524 3254 ὕδατι
553 3201 609 3252 ὲν
632 3199 781 3270 πάσῃ
813 3201 880 3268 τῇ
912 3197 1046 3266 ὁδῷ·
1077 3196 1247 3262 ἅπαξ,
1272 3198 1352 3259 εἰς
1378 3195 1625 3266 Μερρὰν,
1660 3195 1736 3258 ὡς
1786 3194 1812 3246 ὲ

1975 3212 2002 3249 n
2036 3193 2353 3264 Raphidim,
2388 3194 2534 3248 sicut
2597 3193 2712 3247 illic
2766 3193 2966 3246 iterum
3013 3199 3220 3248 exstat.
3256 3189 3449 3246 Tertio
3480 3191 3537 3244 in

254 3295 335 3364 τῷ
387 3291 622 3362 εἰκοστῷ
673 3290 885 3361 ἑϐδόμῳ
946 3289 1232 3360 κεφαλαίῳ
1279 3289 1379 3358 τῆς
1425 3287 1640 3353 Ἐξόδου
1682 3287 1794 3356 (74)

1972 3287 2172 3343 ieserto
2229 3287 2325 3340 Sin
2376 3286 2582 3348 Cades,
2629 3295 2690 3339 ut
2732 3285 2788 3338 in
2833 3283 3287 3350 Numeris.Quod
3309 3283 3534 3353 quidem

254 3385 531 3456 δεύτερον,
562 3385 618 3437 ὲν
654 3381 919 3452 Ῥαφιδὶν,
953 3381 1029 3443 ὡς
1088 3381 1147 3432 ὲν
1190 3379 1270 3449 τῷ
1319 3376 1630 3448 τριακοστῷ
1665 3376 1816 3430 δευτέ

1976 3393 2095 3448 iqua
2123 3386 2208 3434 est
2235 3377 2784 3433 obmurmurationis.
2824 3377 3035 3443 Quarto
3079 3391 3244 3444 super
3281 3375 3538 3446 praesenti

263 3495 341 3548 ρῳ
380 3477 495 3545 (75)
531 3491 546 3508 ⁸
591 3474 796 3546 τρίτον,
831 3475 888 3526 ὲν
924 3475 989 3544 τῇ
1039 3472 1234 3542 ἐρήμῳ
1275 3471 1334 3522 ὲν
1364 3462 1668 3541 Κὰδης,ὡς
1689 3470 1746 3520 ἐν
1767 3467 1846 3538 τῷ
1953 3478 2142 3539 puteo.

259 3565 573 3638 τριακοστῷ
601 3565 836 3636 δευτέρῳ
855 3564 964 3618 τῶν
1003 3562 1276 3634 Ἀριθμῶν
1302 3561 1418 3632 (76)
1444 3576 1458 3591 ⁸
1507 3562 1646 3630 ὅπερ
1699 3559 1848 3614 ἐστὶν
1885 3557 2029 3631 ὕδωρ
2055 3559 2371 3628 ἀντιλογίας
2396 3577 2412 3590 ·
2460 3560 2721 3632 τέταρτον
2760 3559 2856 3615 ἐπὶ
2905 3559 3002 3614 τοῦ
3046 3561 3310 3627 παρόντος
3367 3557 3540 3628 φρέα-

261 3679 376 3727 τος.

333 3755 493 3821 Quod
525 3752 745 3823 quidem
779 3749 1002 3805 crimini
1036 3749 1147 3804 illis
1173 3748 1408 3817 objicit:
1447 3767 1465 3799 ι
1499 3748 1578 3802 Ac
1611 3757 1897 3803 moventes
1954 3746 2083 3801 inde
2117 3743 2505 3800 castrametati
2560 3751 2691 3797 sunt
2739 3743 2794 3797 in
2824 3741 3028 3797 Oboth.
3069 3761 3088 3794 ι
3137 3741 3232 3794 llis
3257 3741 3543 3810 subjungit

262 3845 666 3916 profectionem
693 3855 858 3910 quam
890 3838 1143 3894 fecerunt
1168 3839 1222 3892 in
1256 3847 1459 3892 terrain
1495 3852 1672 3906 usque
1732 3837 2210 3891 Amorrhasorum.
2243 3831 2416 3899 Cujus
2459 3831 2761 3885 terminum
2795 3847 2920 3886 esse
2949 3830 3084 3885 dicit
3123 3833 3402 3884 Arnonem
3446 3831 3545 3900 qui

261 3949 387 3990 eam
424 3947 454 3984 a
491 3928 786 3986 Moabitide
847 3927 1162 3996 distinguit.
1229 3924 1378 3979 Nihil
1434 3925 1580 3980 enim
1617 3939 1809 3980 eorum
1836 3939 1959 3996 qua:
1991 3922 2261 3976 divinitus
2302 3919 2438 3973 iiunt
2486 3927 2693 3974 temere
2723 3919 3051 4004 narratione
3081 3933 3240 3973 sacra
3269 3918 3542 3987 proditur.

264 4022 544 4076 Divinitus
569 4033 701 4074 vero
733 4018 838 4072 ista
872 4013 1147 4085 profectio
1196 4022 1340 4073 erat.
1391 4028 1502 4067 non
1554 4014 1737 4066 minus
1765 4027 1932 4081 quam
1991 4009 2372 4079 apostolorum
2405 4007 2614 4076 quibus
2664 4007 2995 4060 monstravit
3028 4005 3270 4076 Spiritus
3301 4020 3542 4074 quanam

261 4109 507 4167 eundum
535 4115 706 4170 esset,
735 4105 906 4173 etqui
937 4100 1250 4158 erudiendi.
1289 4098 1477 4155 Innuit
1545 4109 1731 4155 autem
1769 4096 2197 4166 descriptionem
2246 4093 2520 4148 bellorum
2574 4094 2630 4146 in
2665 4093 2861 4149 Bibliis
2929 4100 3046 4146 tum
3109 4093 3376 4162 temporis
3423 4107 3549 4147 esse

265 4197 497 4261 factam,
527 4193 717 4248 dicens
746 4211 758 4246 :
789 4209 805 4242 ι
840 4191 1135 4259 Pmpterea
1167 4188 1342 4242 fertur
1378 4189 1434 4241 in
1465 4187 1612 4241 libro
1645 4187 1912 4240 bellorum
1949 4182 2188 4237 Domini.
2217 4200 2237 4232 ι
2271 4180 2546 4234 Caeterum
2583 4179 2801 4234 Domini
2837 4181 2972 4234 bella
2997 4179 3279 4246 dicuntur,
3301 4196 3398 4250 per
3427 4196 3552 4249 qlia:

262 4289 464 4353 gentes
501 4280 682 4350 impia:
708 4272 1418 4344 exscinduntur,quoniain
1446 4273 1620 4328 divini
1657 4273 1710 4327 id
1743 4281 1829 4328 est.
1868 4271 2088 4341 judicii.
2123 4268 2227 4335 Qui
2261 4269 2328 4321 ad
2361 4268 2740 4322 Abrahamum
2785 4269 2926 4324 dixit
2964 4269 3030 4336 “,
3058 4269 3302 4329 nondum
3335 4270 3550 4340 expleta

265 4385 398 4427 esse
429 4375 656 4439 peccata
695 4364 1172 4428 Aniorrhteorum,
1213 4374 1270 4416 ut
1307 4363 1359 4416 in
1396 4376 1588 4417 eorum
1622 4360 1785 4417 sedes
1817 4359 2074 4416 lsraelem
2120 4357 2301 4426 possit
2335 4355 2654 4411 instituere.

341 4459 673 4527 Συνάγαγε,
708 4456 862 4526 φησὶ.
897 4453 1004 4508 τὸν
1051 4453 1227 4518 λαὸν,
1270 4452 1370 4507 καὶ
1428 4451 1603 4505 δώσω
1651 4451 1903 4519 αὐτοῖς-Ι

2028 4444 2227 4514 Collige
2245 4459 2384 4506 vero,
2414 4445 2613 4513 inquit,
2639 4443 2912 4511 populant,
2933 4453 2982 4496 et
3013 4444 3152 4497 dabo
3168 4445 3242 4497 eis
3267 4460 3462 4514 aquam
3483 4445 3553 4498 ad

268 4555 430 4621 ὕδωρ
467 4551 648 4606 πιεῖν.
708 4547 971 4601 Βούλεται
1025 4545 1133 4616 γὰρ
1181 4544 1314 4608 Θεὸς
1364 4544 1463 4607 τὰς
1516 4542 1827 4612 Θαυμασίου

1991 4537 2248 4592 libandum
2273 4535 2441 4608 [XX],
2472 4534 2584 4607 l6.]
2616 4534 2740 4590 Vult
2772 4538 2918 4590 enim
2947 4535 3090 4590 Deus
3129 4535 3553 4604 niirilicaipsius

270 4645 557 4718 ἐνεργείας
579 4637 1214 4712 αὑτοῦ-μνημονεύεσθαι
1243 4652 1257 4666 ⁸
1294 4635 1370 4700 ὼς
1407 4635 1735 4704 ὠφελεῖσθαι
1785 4653 1832 4706 μί

1991 4631 2235 4686 ieneftcia
2269 4629 2566 4692 celebrari,
2605 4636 2664 4682 ut
2712 4643 2821 4680 non
2867 4637 3076 4680 tantum
3137 4638 3436 4698 praesentes
3467 4631 3553 4684 sui

275 4741 439 4810 μόνον
463 4740 587 4800 τοὺς
621 4734 896 4806 παρόντας
924 4735 990 4803 τῇ
1012 4731 1132 4802 θέᾳ.
1163 4730 1300 4784 ἀλλὰ
1327 4730 1420 4782 καὶ
1452 4730 1578 4792 τοὺς
1633 4728 1837 4799 ὕστεροι

1993 4722 2433 4792 :ontemplatione
2475 4721 2690 4788 juvent,
2733 4720 2832 4774 sed
2887 4728 2939 4773 et
2973 4729 3227 4789 posteros
3271 4721 3555 4777 auditione

274 4833 436 4901 ἀκοῇ.
491 4829 577 4890 Ὠς
608 4827 704 4880 καὶ
742 4824 1020 4895 Ἰωάννης,
1053 4841 1071 4874 ι
1102 4823 1310 4885 Ταῦτα,
1340 4821 1496 4891 φησι,
1521 4821 1835 4892 γέγραπται

1993 4829 2032 4867 ιε
2066 4812 2234 4866 fama.
2287 4811 2765 4878 Quemadmodum
2798 4811 3040 4867 Joannes
3079 4829 3093 4866 :
3134 4833 3150 4864 ι
3194 4813 3316 4868 Ilaec
3353 4817 3555 4883 scripta

276 4885 776 4988 Zvaumctsdcn'rs,
831 4916 912 4969 ὃτι
953 4885 1178 4984 ”Ιησοῦς
1201 4885 1692 4981 εστιν-όῄΧριστός.
1726 4929 1745 4962 ›
1784 4911 1838 4963 Oi

1987 4913 2115 4968 nunt,
2141 4904 2339 4974 inquit,
2362 4911 2420 4957 ut
2439 4903 2699 4957 credatur
2723 4903 2869 4972 quod
2897 4901 3058 4958 Jesus
3077 4904 3150 4956 sit
3167 4903 3423 4958 Christus
3450 4903 3549 4955 ὀ.»

275 5014 388 5084 γὰρ
417 5012 578 5081 κενῆς
605 5007 846 5078 ἱστορίας
870 5006 1092 5075 μνήμην
1125 5006 1153 5057 ὁ
1175 5003 1328 5068 Θεὸς,
1355 5001 1492 5054 ἀλλὰ
1522 5001 1620 5070 τὴν
1670 4999 1730 5064 ἐξ
1757 4999 1837 5054 αὐ-

1995 4997 2083 5052 lon
2111 4999 2260 5052 enim
2298 4997 2482 5051 inanis
2513 4996 2853 5051 narrationis
2889 4999 3246 5061 mentionem,
3275 4993 3370 5050 sed
3407 4995 3557 5050 utili-

274 5108 376 5177 τῆς
402 5104 671 5175 ὼφέᾉειαν
692 5097 994 5171 χαρίζεται.
1041 5096 1134 5149 Διὸ
1175 5096 1270 5149 καὶ
1301 5095 1528 5163 μάταιον
1563 5093 1625 5144 τὸ
1656 5093 1836 5162 σημεῖ(

1996 5101 2133 5148 atem
2165 5109 2229 5148 ex
2274 5107 2339 5146 ea
2399 5094 2660 5148 haustam
2706 5092 2849 5147 Deus
2908 5100 3246 5148 remunerat.
3283 5092 3558 5158 Quocirca

276 5199 462 5270 ζητεῖν
491 5196 601 5259 ἀεὶ,
634 5192 730 5247 καὶ
763 5191 912 5260 παρὰ
941 5189 1169 5259 γνώμην
1201 5187 1360 5240 τοῦτο
1394 5183 1552 5238 Θεοῦ.
1605 5185 1702 5246 Ὃς
1730 5181 1838 5252 βού·

1998 5185 2131 5255 igua
2172 5198 2389 5254 semper
2431 5200 2682 5256 quaerere
2741 5201 2939 5239 vanum
3000 5191 3109 5250 est,
3141 5199 3204 5238 ac
3242 5185 3409 5240 menti
3467 5184 3560 5240 Dei

353 5377 397 5411 ¹⁵
425 5375 587 5432 Joan.
621 5391 703 5440 ιιι,
745 5375 830 5429 Η.
912 5375 953 5406 ¹⁰
985 5371 1123 5427 Gen.
1176 5387 1268 5437 xv,
1305 5370 1399 5426 16.
1477 5370 1522 5400 '°
1551 5367 1716 5423 Joan.
1754 5381 1847 5433 xx,
1880 5366 1971 5420 51.

1809 5485 2042 5542 NOTAE.

357 5589 472 5665 (72)
507 5587 697 5660 Ἄλλη.
726 5585 802 5648 ὡς
827 5587 992 5650 ἔοικε,
1023 5585 1144 5640 κατ’
1168 5582 1517 5654 αὐτὸνῄτῶν
1547 5577 1866 5650 κεφαλαίων
2038 5579 2160 5665 ’(75)
2230 5580 2316 5632 Ἐν
2351 5576 2430 5646 τῷ
2477 5577 2562 5630 17.
2618 5576 2679 5632 Ὀ
2729 5577 2786 5630 δὲ
2831 5581 2927 5650 τῆς
2972 5579 3109 5649 Λύγ.
3164 5574 3293 5628 κὼδ.
3331 5576 3404 5642 ὡς
3447 5576 3567 5634 ἐκεῖ

281 5651 566 5730 διαίρεσις.
664 5651 676 5660 ’
1359 5651 1383 5654 θ’
1981 5651 2162 5706 πάλιν.
2761 5721 2785 5732 η
3417 5717 3430 5731 ο

353 5731 756 5801 (75)Τετράκις
783 5729 860 5782 δέ.
902 5727 964 5801 'Q
997 5726 1097 5801 τῆς
1128 5726 1263 5801 Apy.
1294 5723 1428 5801 κῴδ.
1498 5792 1551 5801 ,Δ
1631 5792 1644 5801 _
1721 5791 1734 5801 _
1841 5793 1866 5801 _
1983 5791 2004 5801 Α
2047 5724 2160 5801 (7-6)
2202 5718 2290 5773 Ἐν
2311 5717 2498 5794 τῴίςὶθ.
2549 5717 2608 5774 '0
2641 5721 2695 5774 δὲ
2728 5739 2820 5792 της
2867 5722 3001 5792 Λύγ.
3043 5721 3172 5777 κὼδ.
3215 5722 3288 5784 ὠς
3321 5722 3378 5774 ἐν
3434 5721 3568 5789 Αρι-

525 5791 613 5854 Ὲὺ
660 5791 748 5871 τῷ
786 5800 870 5854 ιδ.
947 5798 1004 5850 Ὀ
1035 5791 1092 5849 δὲ
1144 5791 1243 5869 τῆξ
1279 5798 1413 5863 Asy.
1443 5792 1572 5848 κώδ.
1617 5792 1691 5855 ὡς
1719 5791 1775 5844 ὲν
1805 5793 1872 5861 τῇ
1981 5791 2159 5866 Ομοίς.

362 5873 512 5941 ξόδῳ.
