3956 6390
483 399 591 465 859

1809 420 2154 482 PBOCOPII
2215 425 2456 484 GAZJEI
3635 434 3728 498 860

492 514 808 579 adversum,
840 513 933 585 qui
967 530 1149 570 rerum
1173 519 1341 575 semel
1359 527 1639 592 gestarum
1670 529 1939 584 memoria
1971 544 2068 584 nos

2181 533 2328 587 λεται
2387 537 2453 605 τῇ
2515 534 2707 607 μνήμῃ
2742 532 2852 586 τῶν
2883 532 2964 596 εἰς
3013 532 3160 598 ἅπαξ
3189 535 3489 604 γεγονότων
3519 537 3728 606 ὠφελεί-

484 606 664 676 juvari
698 609 832 662 vult.

2175 624 2318 679 σθαι.

567 718 798 810 Quidam
835 737 966 810 vero
993 724 1059 779 ad
1092 723 1469 796 derogandum
1521 729 1688 786 rebus
1737 732 1910 786 semel
1965 733 2139 803 gestis
2181 737 2318 794 alias
2365 753 2585 810 semper
2612 738 2926 810 requirunt.
2979 736 3135 796 Unde
3190 741 3320 796 illud
3356 752 3440 798 est
3477 762 3490 796 :
3523 765 3541 798 ι
3572 745 3728 808 Prava

487 809 776 877 progenies
811 809 1028 878 signum
1091 815 1343 882 requirit,
1387 815 1481 869 sed
1508 816 1727 886 signum
1756 834 1864 873 non
1889 819 2113 877 dabitur
2143 827 2192 881 ei
2225 828 2293 884 “.
2337 848 2355 880 ι

554 919 841 975 Cantionis
870 937 999 976 vero
1030 918 1153 992 quae
1210 939 1377 994 super
1425 940 1567 995 aqua
1611 927 1757 981 edita
1810 939 1913 996 est,
1945 945 2072 986 cum

485 1011 777 1066 meminit:
821 1028 1046 1069 serenas
1110 1015 1326 1085 gratias
1421 1032 1520 1087 pro
1591 1018 1873 1076 beneﬂciis
1929 1022 2074 1078 rele—

2249 934 2530 1007 ’ᾼσματος
2563 935 2910 1008 μεμνημένος
2940 936 3036 991 τοῦ
3057 937 3150 990 ἐπὶ
3179 937 3274 992 τοῦ
3313 937 3523 1008 ὕδατος,
3543 943 3732 1000 δείκνυ-

2175 1042 2280 1091 σιν,
2321 1027 2509 1080 ὂτιδεί
2535 1027 2770 1100 φαιδράς
2818 1028 3170 1101 εὐχαριστίας
3196 1031 3290 1084 ἐπὶ
3352 1035 3473 1098 ταῖς
3529 1037 3732 1108 εὐεργεα

490 1106 691 1159 rendas
712 1119 834 1160 esse
857 1106 1087 1160 indicat.
1117 1107 1404 1162 Canticum
1433 1125 1560 1164 vero
1584 1111 1757 1166 istud:
1781 1131 1799 1164 ς
1829 1113 2068 1174 Ascende

2181 1117 2322 1182 σίαις
2353 1118 2675 1188 ἀνάγεσθαι.

483 1206 538 1250 et
567 1194 722 1260 Beer,
755 1215 772 1246 ι
811 1205 865 1251 et
891 1213 1011 1267 quae
1042 1197 1326 1270 deinceps.

555 1326 781 1382 Arduus
807 1327 951 1381 enim
989 1327 1147 1382 labor
1198 1336 1389 1396 puteos
1449 1331 1635 1390 fodere
1663 1342 1770 1400 est,
1808 1334 1904 1391 Dei
1934 1351 2067 1391 vero

484 1421 740 1477 voluntas
774 1435 898 1476 cum
931 1422 1144 1476 accedit
1178 1423 1351 1478 levior
1408 1425 1693 1481 laboribus
1745 1426 2069 1496 lapicidina-

483 1515 584 1568 rtis
641 1512 718 1569 lit.
780 1513 1077 1569 Fossarum
1155 1516 1555 1572 circumductio
1623 1533 1744 1588 qua:
1808 1518 1972 1590 417
2036 1534 2068 1574 a

483 1611 691 1662 sanctis
751 1623 876 1662 cum
929 1607 1146 1663 baculis
1206 1609 1284 1674 lit,
1321 1625 1382 1665 ea
1415 1619 1520 1677 est,
1553 1627 1676 1682 quae
1711 1626 1876 1667 omne
1923 1627 2064 1684 opus

481 1697 713 1770 perﬁcit.

554 1789 658 1843 Pro
686 1805 751 1845 eo
782 1805 912 1844 vero
947 1790 1092 1860 quod
1127 1791 1333 1847 dicitur
1368 1812 1386 1846 ι
1422 1794 1476 1848 in
1515 1809 1684 1864 regno
1731 1796 2003 1867 ipsorum,
2038 1815 2057 1850 ι

2251 1338 2427 1403 Πολὺς
2461 1341 2559 1410 μὲν
2587 1343 2614 1394 ό
2640 1341 2802 1408 πόνος
2825 1345 2920 1398 ἐπι
2958 1346 3079 1408 ταῖς
3117 1345 3508 1418 φρεωρυχίαις,
3541 1347 3666 1403 Θεοῦ
3685 1351 3733 1405 δὲ

2176 1429 2428 1502 βουλήσει
2469 1433 2564 1486 καὶ
2600 1433 2868 1505 λατομίας
2903 1435 3164 1489 ἐπιπόνου
3217 1433 3331 1506 (⁸77)
3388 1435 3734 1510 δυνατώτερον

2175 1523 2541 1595 περιχάραξις
2572 1527 2631 1578 ὲν
2654 1525 2984 1598 βακτηρίαις
3022 1528 3128 1581 ὑπὸ
3175 1526 3284 1582 τῶν
3325 1527 3498 1596 ἁγίων
3537 1532 3735 1598 γινομέ-

2183 1631 2248 1686 νη
2275 1615 2409 1687 (78),
2447 1616 2711 1690 λατομίας
2731 1618 2828 1673 καὶ
2853 1619 3090 1691 όρύξεως
3122 1618 3354 1691 δύναμιν
3378 1618 3733 1692 ἐκπληροῦσα.

2257 1794 2408 1849 Ἀντὶ
2463 1795 2581 1862 τοῦ,
2646 1815 2665 1848 ι
2721 1797 2810 1850 Ἐν
2857 1799 2921 1868 τῇ
2966 1795 3218 1871 βασιλείᾳ
3251 1797 3434 1852 αὐτῶν
3461 1837 3476 1862 ,
3515 1816 3533 1849 ι
3585 1798 3613 1852 ὀ
3652 1797 3734 1869 μὲν

482 1881 707 1950 Aquilas
759 1881 857 1946 ait,
909 1881 1120 1936 baculo.
1186 1883 1535 1941 Tlteodotion
1581 1861 1852 1952 verm-In
1905 1861 2067 1960 virgis

2185 1889 2416 1954 Ἀκύλας
2449 1890 2637 1961 φησὶν,
2663 1889 2768 1944 Ἐν
2805 1889 2880 1958 τῇ
2896 1861 3232 1959 βακτηρία·
3260 1891 3290 1942 ό
3337 1889 3396 1942 δὲ
3443 1861 3732 1955 Θεοδοτίων,

477 1989 681 2028 eorum.

550 2063 630 2116 Ab
655 2063 868 2120 ίΕηοηε
916 2065 986 2119 ad
1037 2065 1205 2121 Jacob
1263 2085 1428 2139 usque
1459 2079 1508 2124 et
1537 2071 1607 2124 ad
1637 2072 1784 2141 ﬁlios
1816 2073 2065 2129 Ammon.

481 2154 622 2230 [ει]
651 2157 820 2213 Jacob
851 2173 972 2229 qua:
1001 2159 1102 2212 Am
1119 2162 1456 2217 monitarum
1513 2173 1654 2227 crat,
1686 2166 1912 2234 excipit.
1940 2165 2071 2222 Erat

477 2251 622 2303 enim
677 2265 869 2306 eorum
917 2253 1009 2323 qui
1039 2268 1068 2308 e
1103 2251 1200 2308 Lot
1230 2257 1584 2311 exstiterunt.
1654 2256 1872 2327 Ubique
1921 2261 2067 2313 enim

479 2344 622 2398 bella
693 2344 952 2400 intestina
999 2346 1236 2418 attingit.
1307 2349 1441 2402 Erat
1488 2365 1622 2404 vero
1671 2366 1734 2404 ea
1795 2351 2068 2406 terminus

481 2437 929 2492 Amorrhaeorum
959 2439 1331 2509 captivorum.
1357 2438 1520 2496 Jazer
1552 2457 1686 2496 vero
1715 2457 1779 2495 ea
1812 2452 1918 2509 est,
1944 2458 2068 2512 qua:

427 2557 430 2560 -
471 2527 602 2584 cum
631 2538 788 2584 term
823 2527 1190 2585 Moabitarum
1230 2541 1378 2586 esset
1403 2533 1472 2586 ab
1507 2532 1686 2597 initio,
1718 2545 1904 2604 postea
1939 2534 2059 2590 Sco-

475 2621 568 2676 nis
607 2629 693 2676 est
750 2621 917 2675 facta.
977 2619 1258 2676 Caeterum
1304 2637 1425 2677 eam
1469 2623 1652 2678 levant
1691 2625 1945 2696 tyrannis
2006 2641 2071 2680 ac

478 2709 736 2765 violentis
769 2711 1090 2766 hominibus
1123 2711 1408 2778 Israelilze,
1455 2714 1632 2785 iisque
1662 2717 1756 2785 qui
1798 2716 2068 2785 pristinos

477 2793 686 2858 incolas
721 2801 1064 2858 ademerant.

546 2889 619 2944 Ea
649 2907 777 2948 vero
803 2901 886 2947 est
938 2890 1152 2948 Esebon
1217 2895 1352 2951 urbs
1389 2893 1609 2963 Seouis,
1653 2898 1704 2953 id
1736 2910 1822 2956 est
1863 2909 2069 2959 metro-

478 2982 643 3049 polis.

552 3075 688 3131 Hinc
707 3078 767 3146 ﬁt
788 3079 951 3148 utqui
975 3082 1263 3149 proverbiis
1282 3092 1524 3147 utuntur,
1543 3082 1742 3137 dicant.
1767 3084 1934 3157 [XXL
1952 3085 2068 3159 27.]

480 3170 716 3223 Constat
779 3171 884 3226 sibi
943 3171 1036 3228 Dei
1093 3173 1314 3244 justitia
1371 3190 1494 3244 qua:
1531 3190 1626 3245 per
1651 3179 2138 3269 successionemc

480 3260 815 3315 familiarum
854 3263 1117 3333 deinceps
1149 3264 1361 3318 reddita
1415 3271 1520 3330 cst,
1561 3265 1628 3318 ad
1669 3275 1874 3321 terram
1914 3283 2070 3324 ever-

479 3351 706 3406 tvndum
733 3369 896 3423 quant
925 3355 1239 3410 Amorrhaai
1278 3356 1500 3426 lugubri
1531 3359 1892 3428 quassatione
1920 3359 2068 3416 edita

480 3446 684 3516 injuste
711 3456 1078 3518 occuparunt.
1100 3448 1252 3502 Adeo
1291 3459 1347 3502 ut
1376 3448 1662 3504 hominum
1721 3453 2068 3510 sermonibus

478 3540 786 3594 combustio
817 3541 1066 3609 priorum
1115 3541 1426 3595 incolarum
1465 3542 1873 3598 decantaretur.
1905 3543 2070 3600 Mise-

483 3632 752 3685 rationem
813 3632 1020 3686 etenim
1078 3641 1390 3688 commovet
1446 3652 1516 3688 ιι
1559 3633 1646 3689 Va:
1713 3635 1812 3689 tibi
1869 3635 2065 3702 Moab,

481 3722 716 3790 periisti,
753 3741 772 3775 ι
817 3733 869 3777 et
897 3737 1021 3793 qua:
1053 3723 1342 3794 deinceps.
1369 3723 1697 3781 Devastatos
1721 3725 1869 3780 enim
1897 3727 2071 3784 fuisse

483 3813 749 3868 Moabitas
797 3813 1026 3881 indicat,
1061 3814 1457 3885 dispersosque
1483 3815 1716 3885 juvenes
1763 3825 1819 3871 et
1872 3819 2070 3886 juven-

486 3907 662 3970 culas,
695 3921 837 3976 quos
875 3905 1017 3962 Deus
1079 3921 1228 3960 nunc
1252 3914 1340 3962 est
1376 3908 1548 3964 ultus.
1586 3907 1723 3961 Nam
1771 3909 2070 3977 impietatis

484 4008 539 4054 et
566 3998 906 4069 impuritatis
939 4013 1109 4052 causa
1167 3998 1234 4052 ad
1297 4000 1657 4054 everteudum
1691 4007 1885 4070 gentes
1917 4001 2072 4055 inco-

482 4093 564 4146 las
592 4089 864 4146 lsraelitis
893 4089 1122 4144 omnino
1155 4088 1298 4144 Deus
1335 4089 1582 4145 tradidit.

559 4269 625 4324 Et
661 4268 918 4323 habitavit
970 4266 1146 4322 Israel
1192 4269 1247 4322 in
1287 4268 1528 4322 omnibus
1592 4268 1812 4322 urbibus
1876 4269 2070 4322 Amor-

483 4361 748 4442 rimorum
789 4359 880 4433 [52
910 4359 929 4434 ]
954 4359 1301 4431 QuaprOpter
1333 4360 1503 4415 David
1537 4362 1588 4415 in
1647 4359 1908 4426 Psalmis,
1944 4375 2070 4416 cum

484 4454 743 4525 potentiae
776 4463 829 4508 et
852 4453 1088 4523 justitia:
1111 4455 1331 4510 nomine
1360 4454 1532 4509 Deum
1574 4455 1928 4519 celebrasset,
1987 4457 2071 4510 in-

481 4546 604 4615 quit
653 4560 671 4598 :

2187 1983 2290 2036 Ἐν
2315 1980 2443 2048 ταῖς
2470 1980 2721 2050 ῥάϐδοις
2749 1981 2974 2036 αὐτῶν.

2259 2072 2404 2126 Ἀπὸ
2455 2071 2681 2142 Ἀρνῶν
2718 2072 2832 2140 ἕως
2875 2072 3096 2139 Ἰαϐὼκ,
3137 2073 3251 2140 ἕως
3311 2072 3461 2128 υἱῶν
3513 2072 3730 2142 Ἀμμαν.

2171 2163 2282 2236 Τὴν
2324 2163 2520 2218 Ἰαϐὼκ
2549 2164 2643 2218 τοῦ
2672 2164 2891 2234 Ἀμμάν
2912 2159 3097 2230 οὖσαν,
3119 2163 3355 2236 ἐξαιρεῖ.
3377 2159 3485 2217 Ἦν
3509 2163 3613 2235 γὰρ
3642 2165 3734 2217 τῶν

2171 2257 2235 2310 ὲκ
2265 2254 2358 2310 τοῦ
2403 2254 2529 2309 Λὼτ
2553 2254 2876 2324 γεγονότων.
2915 2253 3198 2325 Πανταχοῦ
3252 2255 3365 2327 γὰρ
3412 2257 3538 2319 τοὺς
3589 2253 3731 2309 πολί-

2174 2365 2308 2418 μους
2331 2347 2456 2410 τοὺς
2490 2348 2848 2416 συγγενικοὺς
2871 2363 2938 2399 πε
2948 2347 3242 2416 ριίσταται.
3274 2347 3432 2418 Αὕτη
3447 2347 3504 2402 δὲ
3519 2349 3656 2418 δριον
3676 2342 3734 2419 ἦν

2169 2435 2280 2489 τῶν
2335 2436 2682 2508 Ἀμορραίων
2737 2435 2848 2490 τῶν
2897 2436 3211 2506 ἡλωκότων.
3275 2438 3465 2510 Ἰαζὴρ
3496 2437 3732 2509 ἐτύγχανε

2173 2528 2273 2599 μὲν
2310 2524 2403 2582 οὖν
2459 2529 2559 2598 τῆς
2589 2527 2900 2583 Μωαϐιτῶν
2949 2523 3085 2583 οὖσα
3114 2528 3220 2598 γῆς
3267 2529 3332 2595 ἐξ
3352 2530 3610 2601 mam;
3654 2529 3732 2584 τοῦ

2171 2616 2312 2670 Σιὼν
2330 2618 2602 2688 γενομένη
2629 2615 2877 2688 ὕστερον.
2931 2616 3330 2689 ’Δφαιροῦνται
3362 2618 3422 2674 δὲ
3452 2620 3615 2689 αὐτὴν
3641 2618 3731 2674 τῶν

2170 2708 2551 2781 ἀδικησάντων
2595 2711 2644 2763 οἱ
2670 2710 3046 2784 Ἰσραηλῖται,
3088 2710 3200 2765 τῶν
3247 2711 3597 2784 ἀφελομένων
3625 2711 3732 2774 τοὺς

2171 2799 2441 2872 πρότερον
2470 2798 2837 2864 ἐνοικοῦντας.

2254 2891 2444 2944 Ἔστιν
2495 2891 2732 2946 Ἐσεϐὼν
2769 2891 2926 2957 πόλις
2967 2893 3144 2960 Σιὼν,
3183 2894 3439 2951 τουτέστι
3487 2893 3731 2968 μητρόιιοο

2172 2983 2278 3046 λις.

2243 3072 2346 3125 Διὰ
2367 3071 2550 3126 τοῦτο
2580 3072 2832 3141 ἐροῦσιν
2867 3076 2923 3129 oi
2962 3077 3434 3146 αἰνιγματισταί.
3466 3078 3561 3132 Διά
3598 3075 3735 3131 τοῦτο

2171 3163 2359 3233 ἔλεγον
2401 3167 2450 3220 οἱ
2487 3167 3018 3238 παροιμιαζόμενοι·
3048 3169 3391 3243 Δικαιοσύνη
3446 3170 3736 3225 συνίσταται

2175 3256 2312 3310 Θεοῦ
2341 3257 2483 3313 κατά
2509 3260 2762 3331 διαδοχὴν
2793 3260 3000 3330 γενεῶν
3049 3261 3280 3334 ὕστερόν
3341 3264 3739 3319 ἀπαποδοθείσα

2173 3350 2256 3412 είς
2309 3350 2604 3420 ἀφαίρεσιν
2652 3352 2752 3421 τῆς
2785 3355 2910 3423 γῆς,
2970 3352 3037 3424 ἢν
3068 3354 3132 3407 οὺ
3171 3353 3410 3420 δικαίως
3453 3355 3738 3427 Ἀμορῤαῐοι

2175 3440 2507 3509 κατέλαϐον,
2583 3443 2810 3514 οἰκτρὰν
2865 3444 3244 3516 ἐργασάμενοι
3287 3446 3395 3520 τὴν
3463 3445 3738 3501 Μωαϐιτῶν

2177 3534 2452 3605 πόρθησιν
2479 3553 2492 3566 ·
2528 3536 2629 3600 -ὼς
2659 3535 2754 3591 καὶ
2801 3537 2861 3590 ὲν
2899 3539 3231 3608 παροιμίαις
3275 3539 3587 3611 ἀνθρώπων
3635 3537 3736 3609 ᾄδε-

2177 3625 2413 3698 σθαιτὴν
2442 3627 2783 3682 κατάκαυσιν
2803 3628 2915 3680 τῶν
2947 3633 3494 3700 προενοικησὰντων.
3526 3632 3628 3686 Καὶ
3645 3629 3734 3700 γὰρ

2174 3719 2270 3772 καὶ
2297 3719 2533 3790 ὀδυρμόν
2565 3722 2763 3789 ὲπάγει
2788 3736 2804 3753 ο
2835 3739 2854 3772 ι
2897 3721 3036 3774 Οὐαί
3069 3739 3153 3776 σοι
3189 3764 3204 3787 ,
3229 3724 3435 3792 Μωάϐ,
3465 3725 3684 3788 ἀπώλου,
3715 3740 3730 3772 ι

2174 3808 2267 3861 καὶ
2289 3811 2358 3861 τὰ
2395 3809 2544 3878 ἑξῆς.
2576 3809 2941 3875 Ἀναστάτους
2958 3813 3068 3884 γὰρ
3089 3812 3244 3884 δηλοῖ
3267 3816 3594 3888 γεγενῆσθαι
3628 3815 3733 3877 τοὺς

2172 3899 2470 3964 Μωαϐίτας
2495 3901 2592 3954 καὶ
2619 3901 3113 3968 διασκεδασθέντας
3139 3906 3298 3969 νέους
3351 3924 3414 3962 τε
3476 3909 3567 3962 καὶ
3607 3907 3733 3968 νέας.

2173 3989 2268 4050 οὓς
2281 3989 2376 4044 νῦν
2407 3992 2541 4056 Θεὸς
2567 3993 2886 4066 ἐξεδίκησεν
2912 4011 2927 4025 ο
2962 3996 3154 4068 ἐπειδὴ
3194 3997 3340 4062 ὅλως
3371 3999 3618 4060 ἀσεϐείας
3656 3994 3736 4050 καὶ

2173 4084 2518 4155 ἀκαθαρσίας
2550 4085 2715 4140 ἕνεκα
2742 4087 2812 4141 τά
2843 4085 2970 4158 ἔθνη
3015 4088 3087 4142 τὰ
3122 4091 3486 4162 ὲνοικήσαντα
3533 4089 3735 4143 δέδωκεν

2173 4175 2379 4242 ἐξελεῖν
2405 4179 2520 4240 τοῖς
2550 4178 2944 4250 Ἰσραηλίταις.

2245 4266 2356 4321 Kal
2383 4267 2740 4337 κατῴκησεν
2768 4269 3006 4338 Ἰσραὴλ
3030 4271 3100 4325 ἐν
3135 4273 3368 4340 πάσαις
3390 4274 3518 4340 ταῖς
3546 4273 3733 4326 πόλεσι

2173 4358 2295 4413 τῶν
2338 4361 2722 4431 Ἀμορῤαίων.
2751 4363 2953 4434 Διόπερ
2983 4363 3012 4415 ὁ
3036 4364 3198 4418 Δαϐὶδ
3232 4367 3291 4418 ἐν
3315 4366 3522 4437 ὕμνοις,
3565 4385 3582 4417 ι
3608 4367 3733 4419 Κατ-

2177 4452 2476 4523 εσκήνωσε,
2520 4455 2706 4526 φησιν,
2741 4457 2798 4508 ὲν
2849 4458 2971 4520 ταῖς
3026 4456 3222 4525 φυλαῖς
3261 4459 3445 4512 αὐτῶν
3472 4459 3564 4522 τὰς
3588 4455 3734 4526 φυλὰς

747 4565 765 4596 ι
821 4545 1070 4599 Inalituit
1126 4546 1182 4599 in
1274 4545 1528 4600 tentoriis
1591 4545 1836 4614 ipsorum
1892 4546 2068 4601 tribus

2181 4543 2274 4597 τοῦ
2319 4545 2558 4615 Ἰσραὴλ,
2599 4564 2618 4595 ι
2662 4546 2756 4598 ὲπ¹ι
2790 4545 3019 4616 δυνάμει
3052 4548 3150 4602 καὶ
3177 4547 3496 4620 δικαιοσύνῃ
3525 4550 3609 4601 τὸν
3625 4546 3734 4600 Θεὸν

484 4636 650 4690 Israel
679 4639 749 4692 “.
792 4655 810 4688 ι
847 4635 984 4690 Cum
1041 4637 1188 4692 enim
1246 4636 1314 4692 de
1345 4645 1590 4691 extrema
1642 4635 1865 4691 civitate
1910 4635 2068 4692 Jaser

2181 4635 2457 4705 ἁνυμνῶν.
2489 4637 2678 4705 Λέγων
2725 4637 2834 4706 γὰρ
2861 4639 3108 4711 περὶτῆς
3138 4641 3376 4712 ἐσχάτης
3428 4643 3625 4703 πόλεως
3651 4638 3732 4704 τῆς

482 4729 658 4783 dicit:
706 4747 724 4779 ι
762 4727 1041 4798 Ceperunt
1102 4743 1220 4782 eam
1279 4736 1332 4782 et
1382 4729 1537 4783 vicos
1586 4728 1745 4796 ejus,
1775 4727 1976 4798 inquit,
2015 4736 2068 4783 et

2192 4725 2396 4797 Ἰαξὴρ,
2445 4746 2464 4780 ι
2501 4729 2901 4794 Κατελάϐοντο,
2937 4731 3126 4800 φησὶν,
3164 4733 3366 4804 αὐτὴν,
3415 4736 3507 4787 καὶ
3526 4733 3616 4794 τὰς
3645 4727 3735 4782 κὼ-

481 4823 765 4889 ejecerunt
815 4821 1197 4874 Amorrbmum
1275 4821 1398 4890 ejus
1465 4822 1571 4877 loci
1619 4823 1878 4876 incolam.
1941 4841 1960 4872 ›
2013 4821 2068 4876 Id

2185 4837 2292 4890 μας
2326 4821 2515 4891 αὐτῆς,
2548 4821 2642 4874 καὶ
2690 4821 2946 4887 ἐξέϐαλον
2985 4823 3076 4876 τὸν
3115 4825 3446 4896 ’Λμορῥαῖον
3499 4825 3585 4878 τὸν
3627 4837 3734 4874 κατ-

483 4915 662 4984 ipsum
699 4929 825 4968 curn
854 4915 908 4967 in
946 4928 1054 4966 una
1081 4927 1143 4967 ac
1169 4915 1336 4969 altera
1367 4926 1525 4983 gente
1552 4915 1656 4971 sub
1686 4916 1836 4970 Mose
1867 4914 2068 4968 factum

2181 4911 2438 4965 οικοῦντα
2464 4912 2596 4966 ἐκεῖ.
2638 4932 2656 4965 ι
2694 4913 2866 4968 Τοῦτο
2894 4915 3116 4982 ἐφ’ὲνδς
3147 4915 3334 4980 ἔθνους
3376 4917 3468 4970 καὶ
3505 4913 3730 4983 δευτέρου

485 5009 552 5061 sit
606 5017 846 5073 tantum,
906 5009 975 5065 de
1022 5011 1334 5066 vastatione
1365 5008 1552 5063 futura
1595 5007 1866 5062 universa:
1913 5015 2068 5062 terrae

2182 5003 2473 5074 γενόμενον
2507 5004 2610 5057 ὑπὸ
2635 5004 2940 5070 Μωῦσέως,
2970 5007 3071 5078 τὴν
3099 5007 3222 5060 καθ’
3249 5008 3377 5076 ὅλης
3403 5009 3504 5077 γῆς
3537 5017 3732 5074 γενησο-

493 5102 812 5172 impiorum,
835 5119 901 5158 ac
930 5103 1145 5158 colonia
1169 5104 1444 5173 justorum
1479 5102 1838 5155 vaticinatur.
1877 5119 1894 5150 ι
1932 5099 2068 5155 Boni

2181 5095 2615 5168 μένηνπόρθησιν
2643 5097 2876 5164 ἀσεϐῶν,
2909 5098 3004 5176 καὶ
3030 5099 3352 5171 κατοίκησιν
3381 5099 3486 5152 ὑπὸ
3509 5093 3727 5151 δικαίων.

481 5194 632 5248 enim
666 5203 870 5248 terram
937 5195 1319 5266 possidebunt,
1369 5193 1572 5264 inquit,
1626 5201 1682 5247 et
1713 5194 1888 5246 sancti
1924 5192 1978 5245 in
2006 5206 2068 5246 ea

2181 5189 2538 5260 προφητεύει.
2575 5209 2594 5240 ι
2631 5190 2875 5260 Χρηστοὶ
2903 5190 3032 5261 γὰρ,
3075 5191 3274 5262 φησιν,
3301 5191 3512 5245 ἔσονται
3537 5185 3728 5255 οἰκήτο-

489 5285 846 5354 residebunt;
879 5287 1051 5358 iniqui
1086 5303 1214 5343 vero
1249 5303 1314 5341 ex
1358 5303 1420 5341 ea
1451 5287 1913 5356 exstirpabuntur
1941 5283 2068 5339 iun-

2181 5299 2271 5350 (ιες
2302 5282 2425 5351 γῆς,
2453 5282 2547 5334 καὶ
2577 5285 2715 5335 ὅσιοι
2751 5280 3247 5352 ὑπολειφθήσονται
3288 5285 3346 5335 ὲν
3387 5283 3542 5351 αὐτῇ.
3585 5279 3640 5330 Ol
3681 5271 3729 5326 δὲ

481 5377 633 5433 ditus
661 5379 758 5434 ³³.)
2179 5377 2486 5446 παράνομοι
2521 5375 3069 5446 ὲξολοθρευθήσονται
3109 5375 3168 5444 ἐξ
3203 5374 3393 5445 αὐτῆς.
3436 5394 3455 5427 ι

1817 5551 1863 5582 ’³
1898 5549 2046 5605 Psal.
2099 5566 2290 5615 xxxvr,
2328 5549 2418 5606 58.

2009 5666 2241 5724 NOTAE.

559 5791 671 5858 (r7)
695 5789 767 5843 Τὸ
800 5791 909 5843 πᾶν
945 5790 1103 5858 ἔργον
1131 5792 1390 5843 ἀνύουσα.
1413 5791 1594 5843 Ταῦτα
1627 5790 1747 5842 ἀντῖ
1773 5789 1879 5842 τῶν
1905 5791 2068 5858 ἐπομ.
2128 5785 2184 5841 Ὀ
2226 5791 2346 5842 αὐτ.

556 5861 669 5931 (78)
696 5861 816 5915 Τῶν
841 5864 898 5914 ὲν
923 5862 1210 5929 λατομίαις
1247 5861 1440 5913 πόνων.
1482 5863 1536 5914 't)
1573 5862 1695 5914 αὐτ.

557 5556 598 5587 ⁸⁸
638 5555 830 5622 Matth,
852 5572 947 5620 xu,
979 5555 1068 5610 59.
1147 5556 1188 5587 "
1216 5553 1362 5609 Psal.
1397 5568 1618 5618 Lxxvtt,
1645 5552 1734 5607 55.
