3956 6392
216 430 315 495 561

288 548 554 619 Δεύτερος
588 550 689 620 Ὢγ
713 553 743 606 ὁ
768 553 867 624 τῆς
902 552 1111 619 Bac-iv,

217 637 352 702 θεῖν,
390 639 512 694 οὐδὲ
541 642 840 713 πρεσϐείαν
867 646 1138 716 ἀνέμεινε.
1164 648 1374 720 Θαῤῥεῖ
1403 652 1501 722 μὲν
1521 652 1617 707 οὖν
1639 653 1799 707 δυνά-

219 747 332 799 μει.
369 730 505 796 Θεὸς
526 732 583 785 δέ
616 734 857 799 καὶτοὺς
883 737 1142 808 ἰσχυροὺς
1169 739 1473 796 ὑπο-τάσσει
1496 745 1613 807 τοῖς
1636 744 1798 798 ἀσθε-

215 821 387 885 νέσιν,
418 821 495 884 ὡς
539 824 598 874 ἐν
631 824 1037 897 Δευτερονομίῳ
1058 829 1242 899 φησὶν,
1282 831 1365 883 ὅτι
1386 832 1552 902 Ἐθνη
1586 834 1797 903 μεγάλα

214 913 313 965 καὶ
351 914 675 984 ἰσχυρότερα
702 916 913 970 ἐαυτῶν
948 917 1145 973 ἔλαϐον
1186 921 1335 992 παρὰ
1364 922 1523 978 Θεοῦ.
1548 925 1658 978 Καὶ
1682 924 1797 994 εἴγε

212 1004 308 1057 τὸν
341 1005 526 1074 νόμον,
554 1006 641 1076 ἐφ’
671 999 715 1074 ᾧ
755 1008 1177 1081 κατῳκίσθησαν
1199 1052 1213 1077 ,
1285 1013 1577 1082 ἐφύλαξαν,
1617 1017 1798 1086 ἐμφα-

214 1096 305 1158 νὲς
331 1095 393 1148 τὸ
419 1099 520 1167 τῆς
560 1097 775 1167 ἀγαθῆς
814 1100 1079 1171 Προνοίας
1129 1103 1330 1171 ἐγίνετ’
1387 1105 1476 1168 ἂν,
1527 1105 1798 1175 αἰσχύνων

210 1189 345 1253 τοὺς
362 1189 455 1242 ἐπὶ
475 1192 586 1254 τοῖς
613 1192 873 1263 πολέμοις
892 1193 988 1247 τὸν
1011 1196 1355 1266 Δημιουργὸν
1378 1197 1794 1263 διαϐάλλοντας.

211 1278 352 1332 Θεοῦ
386 1279 498 1352 γάρ
527 1281 676 1347 ἄξιον
717 1283 777 1336 τὸ
801 1278 1090 1361 ’πολιτείαν
1123 1287 1335 1358 ἀγαθὴν
1380 1288 1503 1342 ἀντὶ
1556 1292 1801 1360 πονηρᾶς

209 1371 458 1440 εἰσάγειν
481 1373 724 1445 ζωῆς.⁹0
741 1376 835 1429 καὶ
864 1375 933 1430 δι’
964 1378 1130 1448 εὐχῆς
1149 1379 1261 1443 τοῖς
1295 1379 1475 1447 ἁγίοις
1525 1379 1797 1447 λέγουσιν,

214 1481 237 1515 ι
280 1462 590 1519 Ἐκλίποιεν
615 1467 931 1538 ἁμαρτωλοὶ
973 1470 1080 1523 ἀπὸ
1123 1470 1223 1539 τῆς
1267 1471 1372 1541 γῆς
1420 1473 1515 1525 καὶ
1584 1472 1798 1543 ἄνομοι,

210 1550 359 1607 ὥστε
393 1554 471 1626 μὴ
501 1554 769 1626 ὑπάρχειν
796 1556 1015 1622 αὐτούς.
1057 1578 1076 1608 ›
1110 1558 1236 1622 Πῶς
1273 1558 1331 1612 δὲ
1375 1560 1470 1614 καὶ
1513 1562 1574 1614 οὐ
1617 1563 1797 1633 σωτή-

214 1661 337 1717 ριον
364 1646 445 1716 τῷ
476 1645 671 1718 κόσμῳ
696 1647 756 1700 τὸ
779 1648 1146 1717 γινώσκεσθαι
1175 1651 1312 1705 Θεόν
1345 1670 1360 1719 ;
1388 1652 1416 1706 ὃ
1448 1652 1715 1725 πρόδηλον
1736 1654 1803 1709 ἐκ

205 1737 312 1806 τῆς
340 1736 454 1791 τῶν
482 1738 736 1811 πονηρῶν
759 1740 1091 1813 ἐξαιρέσεως
1122 1743 1365 1811 γίνεται.

281 2006 473 2062 Διττὸν
501 2007 655 2072 ἔθνος
680 2011 1044 2081 ταράττεται,
1079 2014 1140 2067 τό
1187 2031 1245 2068 τε
1301 2015 1652 2070 Μωαϐιτικὸν
1704 2016 1801 2071 καὶ

206 2099 271 2152 τὸ
298 2100 716 2154 Μαδιανιτικόν.
744 2103 853 2156 Καὶ
878 2105 1210 2170 ἀπειπόντες
1249 2107 1340 2161 τὸν
1384 2108 1646 2180 πόλεμον,
1708 2108 1801 2162 ἐπὶ

202 2191 312 2264 τὴν
346 2192 586 2261 μαγείαν
619 2193 946 2265 ἐτράποντο.

280 2373 502 2428 Διαλύει
537 2375 632 2439 τὰς
658 2376 836 2430 αὐτῶν
859 2374 1085 2443 ἐλπίδας
1117 2379 1270 2446 Θεὸς,
1298 2384 1422 2452 μηδ’
1461 2385 1585 2437 ὅσον
1631 2382 1799 2453 φθέγ-

206 2463 410 2530 ξασθαι
465 2468 828 2537 συγχωρήσας
873 2467 952 2538 τῷ
989 2469 1237 2540 Βαλαάμ.
1278 2472 1389 2543 Οὐχ
1443 2472 1525 2526 δτι
1583 2474 1802 2545 κατάρα

208 2554 291 2624 μὴ
344 2553 534 2609 δικαία
581 2556 908 2627 λυμαίνεται
946 2558 1113 2630 (κατὰ
1164 2560 1274 2633 γὰρ
1311 2563 1402 2615 τὸν
1455 2564 1799 2634 Σολομῶντα,

211 2663 235 2700 ε
286 2646 425 2718 Ἀρὰ
465 2649 670 2719 ματαία
692 2650 792 2703 οὐκ
842 2651 1194 2707 ἐπελεύσεται
1247 2654 1464 2709 οὐδενὶ»
1503 2656 1546 2729 ),
1594 2656 1691 2728 τὴν
1743 2657 1803 2713 δέ

206 2740 353 2794 ἐδίαν
382 2742 702 2812 ἐπικουρίαν
731 2744 948 2816 ἐμφανῆ
984 2745 1062 2815 τῷ
1084 2746 1198 2816 λαῷ
1233 2750 1576 2820 καταστῆσαι
1612 2749 1802 2822 βουλό-

208 2849 400 2904 μενος,
427 2833 505 2898 ὡς
532 2833 599 2888 ἂν
632 2835 707 2907 μὴ
728 2837 824 2906 τῆς
851 2837 1137 2898 εὐσεϐείας
1172 2840 1530 2906 σαλεύωνται,
1570 2844 1665 2896 καί
1713 2844 1801 2897 ἵνα

206 2928 312 2979 καὶ
331 2926 402 2979 τά
438 2925 600 2980 λοιπά
633 2926 759 2998 ἔθνη
784 2929 1051 2996 ἐπιγνῶσι
1089 2930 1180 2984 τὸν
1225 2931 1381 2998 Θεὸν,
1423 2934 1562 2988 καθά
1610 2934 1746 3006 φησι
1781 2956 1795 2970 ·

212 3033 235 3068 α
274 3016 392 3071 Καὶ
418 3017 679 3089 διαγγελῇ
714 3018 773 3072 τὸ
795 3018 967 3090 ὄνομά
998 3038 1098 3090 μου
1125 3022 1184 3074 ἐν
1219 3022 1370 3096 πάσῃ
1394 3027 1458 3096 τῇ
1487 3029 1578 3096 γῇ.
1617 3046 1635 3078 ι
1694 3032 1803 3084 Καὶ

205 3109 279 3162 τὰ
302 3110 513 3177 σημεῖα
556 3109 668 3180 γὰρ
691 3111 864 3164 ἐποίει
896 3112 990 3164 καὶ
1015 3112 1106 3165 διὰ
1152 3111 1245 3165 τὸν
1285 3115 1522 3185 Ἰσραὴλ,
1580 3119 1672 3172 καὶ
1716 3121 1804 3176 διὰ

1303 446 1841 511 COMMENTARII
1877 450 1961 511 IN
1997 451 2385 515 NUMEROS.
2451 464 2460 474 '

1190 557 1246 622 ὃς
1282 557 1470 625 δεδιὼς
1496 562 1661 634 ὃμοια
1687 579 1794 616 πα-

1971 565 2123 618 Alter
2154 572 2240 619 est
2273 564 2354 635 0g
2382 579 2475 619 rex
2514 562 2715 627 Basan,
2751 563 2843 633 qui
2879 577 2948 617 ne
2991 561 3182 617 eadem
3220 560 3325 615 sibi
3357 574 3483 613 eve-

3376 446 3480 507 8032

1904 655 2088 710 nirent
2118 657 2348 721 veritus,
2380 670 2480 711 sua
2516 657 2757 726 polentia
2809 655 2985 710 fretus
3014 654 3230 707 obviam
3273 666 3332 707 se
3371 652 3481 705 illis

1902 749 2089 814 vertit,
2123 750 2564 819 legationemque
2584 764 2778 803 eorum
2813 747 3124 802 antevertit.
3151 744 3315 813 Atqui
3341 742 3482 798 Deus

1903 840 2163 895 robustos
2186 855 2404 910 quoque
2437 839 2714 895 debilibus
2743 839 2987 909 subiicit,
3017 835 3480 906 quemadmodum

1904 926 1960 980 in
1998 925 2423 982 Deuteronomio
2452 927 2586 983 dicit
2617 928 2704 994 “;
2740 942 2865 981 nam
2900 927 3132 996 populos
3177 926 3336 993 longe
3366 936 3483 975 ma-

1900 1019 2051 1090 jores
2082 1035 2144 1074 ac
2173 1020 2437 1077 fortiores
2487 1038 2547 1077 se
2596 1021 2691 1077 Dei
2750 1037 2855 1091 ope
2913 1018 3410 1089 ceperunt.Atque
3434 1016 3479 1070 si
3534 1030 3545 1038 ·

1906 1111 2077 1181 legem
2098 1127 2204 1182 qna
2232 1122 2392 1168 terrae
2421 1113 2659 1168 instituti
2687 1120 2817 1170 sunt
2844 1114 3255 1177 observassent,
3295 1107 3480 1163 divina

1907 1201 2249 1271 providentia
2281 1202 2575 1258 manifeste
2609 1219 2730 1259 sese
2761 1202 3097 1257 exseruisset
3131 1202 3341 1271 utique.
3367 1198 3484 1252 Cae-

1906 1300 2086 1346 terum
2152 1293 2364 1362 pudore
2427 1293 2732 1349 affecerunt
2769 1292 2989 1347 laudum
3024 1293 3337 1347 bellicarum
3364 1291 3483 1359 opi-

1907 1382 2024 1438 ﬁcis
2051 1384 2474 1439 obtrectatores.
2546 1384 2717 1440 Deum
2779 1384 2926 1458 enim
2952 1365 2970 1377 θ
2996 1384 3154 1438 decet
3207 1382 3260 1436 in
3298 1383 3480 1435 locum

1904 1490 2087 1546 pravae
2111 1476 2235 1531 vitae
2255 1478 2458 1532 bonum
2491 1477 2705 1533 vivendi
2736 1477 2983 1531 ordinem
3022 1475 3299 1530 invehere.
3326 1474 3483 1540 Quod

1908 1568 2082 1623 sancti
2112 1568 2167 1624 in
2204 1570 2359 1625 novis
2394 1570 2665 1641 imprimis
2695 1569 2925 1637 habent,
2957 1586 3020 1623 ac
3055 1569 3246 1623 dicunt
3278 1586 3290 1621 :
3328 1585 3346 1617 ι
3378 1566 3485 1620 Ex-

1906 1664 2091 1717 citlant
2149 1673 2468 1733 peccatores
2525 1672 2696 1730 terra,
2742 1673 2797 1718 ct
2860 1664 3055 1733 iniqui,
3108 1661 3243 1715 adeo
3272 1668 3333 1714 ut
3376 1673 3486 1713 non

1908 1754 2179 1825 supersint
2213 1756 2452 1825 amplius
2485 1756 2551 1809 ’⁸.
2593 1775 2612 1807 ι
2649 1754 2858 1826 quuid
2887 1770 3018 1810 vero
3047 1753 3140 1808 Dei
3177 1751 3487 1821 cognitione

1908 1845 2186 1901 salubrius
2219 1846 2427 1899 mundo
2470 1862 2593 1901 esse
2625 1845 2854 1916 potest?
2904 1846 2955 1901 id
2988 1845 3136 1916 quod
3166 1845 3377 1897 clarum
3419 1855 3487 1896 ex

1838 1924 1878 1978 Β
1910 1953 2199 2008 pravorum
2232 1937 2514 1993 excisione
2548 1938 2627 1993 ﬁt.

1973 2027 2171 2082 Verum
2227 2035 2350 2097 post
2400 2028 2498 2081 hos
2550 2027 2800 2097 geminus
2864 2026 3122 2081 turbatur
3211 2022 3482 2094 populus,

1901 2116 2233 2173 Moabiticus
2268 2125 2322 2172 et
2361 2112 2768 2173 Madianiticns.
2807 2117 2909 2184 Qui
2938 2131 3062 2170 cum
3094 2115 3236 2170 bello
3276 2128 3485 2167 renun-

1904 2212 2165 2275 liassent,
2216 2210 2283 2265 ad
2341 2211 2703 2281 iinposturam
2741 2209 3056 2265 Satanicam
3104 2223 3225 2264 sese
3263 2221 3486 2276 recepe-

1900 2311 2051 2373 runt.

1975 2391 2081 2445 Sed
2125 2392 2519 2462 spesipsorum
2583 2391 2878 2446 labefactat
2924 2389 3087 2455 Deus,
3114 2404 3238 2443 cum
3270 2404 3337 2443 ne
3362 2396 3486 2441 tan-

1900 2485 2080 2539 tillum
2128 2486 2351 2556 quidem
2400 2486 2583 2555 eloqui
2645 2484 2903 2537 Balaamo
2956 2480 3318 2552 permisisset,
3377 2494 3483 2532 non

1901 2576 2119 2647 quidem
2151 2577 2297 2648 quod
2332 2577 2641 2633 exsecratio
2668 2575 2871 2644 injusta
2895 2572 3053 2628 latdat
3080 2591 3094 2640 ;
3122 2573 3283 2643 juxta
3317 2572 3482 2626 Salo-
3535 2557 3544 2568 ’

1901 2687 2119 2725 monent
2152 2671 2321 2738 enim,
2364 2689 2384 2721 ι
2420 2669 2745 2724 Exsecratio
2794 2683 2932 2721 vana
2984 2681 3096 2720 non
3135 2664 3487 2735 superveniet

1903 2761 2158 2831 cuiquam
2184 2761 2250 2827 ",
2296 2779 2314 2811 ι
2362 2776 2549 2814 verum
2622 2770 2681 2813 ut
2727 2758 3048 2828 praesidium
3101 2769 3260 2810 suum
3299 2752 3487 2807 declav

1905 2861 2050 2908 raret
2083 2852 2303 2921 pepulo,
2335 2866 2399 2906 ac
2458 2850 2698 2904 efﬁceret
2728 2865 2795 2904 ne
2838 2863 2866 2901 a
2910 2848 3119 2918 pietate
3145 2844 3484 2905 deciderent,

1902 2946 2261 3014 reliquiaeque
2292 2942 2481 3013 populi
2514 2941 2680 2995 Deum
2708 2945 3098 3010 agnoscerent.
3130 2935 3489 3007 quemadmo-

1908 3037 2037 3092 dum
2074 3037 2254 3105 inquit
2291 3050 2306 3086 :
2344 3053 2362 3086 ι
2401 3034 2465 3087 Et
2492 3031 2797 3103 divulgabit
2831 3045 3011 3083 meum
3057 3042 3257 3082 nomen
3290 3027 3345 3079 in
3378 3032 3486 3079 tota

1908 3129 2143 3183 terra".
2216 3145 2235 3178 ι
2295 3125 2440 3193 Quin
2524 3124 2688 3179 etiam
2756 3123 2910 3191 signa
2972 3120 3158 3174 edidit
3198 3132 3322 3172 cum
3390 3130 3490 3185 per

206 3201 280 3253 τὰ
322 3197 474 3271 ἔθνη,
502 3201 576 3264 ὼς
596 3201 662 3255 ἂν
691 3204 1077 3274 ἐπιστραφείη.
1106 3205 1286 3259 Πολλὰ
1319 3206 1577 3278 γὰρΘεοῦ
1600 3229 1799 3286 κατορ-

207 3289 403 3315 ο,ε,,,,
459 3293 757 3315 ,ι,,,,,,,,ι,,,
864 3293 1114 3315 .--ηπιη
1176 3296 1297 3315 __1,_
1412 3299 1426 3315 .
1470 3299 1484 3315 ι
1582 3300 1604 3315 υ
1713 3305 1735 3315 λ

1910 3217 2162 3273 lsraelem
2191 3225 2308 3271 tum
2344 3216 2507 3271 etiam
2538 3230 2633 3284 per
2659 3223 2875 3284 gentes,
2904 3218 2962 3265 ut
3012 3211 3078 3263 ad
3115 3224 3173 3263 se
3200 3214 3490 3261 converte-

207 3289 403 3344 θοῦσιν
454 3293 800 3361 οίκονομίαι,
860 3293 1118 3371 δοκοῦσαι
1171 3296 1335 3366 μόνον
1407 3299 1525 3365 ἐνὸς
1579 3300 1799 3372 ἔχεσθαι

1910 3319 2012 3365 ret.
2040 3309 2211 3363 Multa
2246 3308 2393 3363 enim
2426 3307 2691 3375 prazclare
2744 3302 2836 3358 Dei
2874 3300 3278 3368 gubernatione
3328 3299 3488 3361 ﬁunt,

207 3382 572 3453 πράγματος.

1910 3414 2029 3469 quae
2053 3399 2120 3452 ab
2148 3412 2254 3450 uno
2286 3407 2498 3450 tantum
2533 3396 2755 3465 negotio
2787 3393 3029 3460 pendere
3053 3390 3337 3443 videntur.

203 3517 207 3522 .
283 3473 558 3529 Caeterum
600 3475 774 3544 signis
800 3476 939 3531 nihil
963 3487 1146 3534 motus
1179 3479 1342 3534 Balac
1392 3482 1688 3538 accersivit
1740 3485 2060 3543 Balaamnm
2117 3498 2378 3556 tanquam
2423 3486 2812 3554 potentiorem,
2857 3481 2945 3536 cui
2983 3478 3193 3533 indicat
3229 3478 3390 3536 Deus,
3432 3483 3492 3528 ut

210 3562 476 3631 quamvis
510 3562 763 3617 hostilem
804 3564 1003 3618 habeat
1045 3566 1312 3631 animum,
1348 3576 1628 3638 quatenus
1652 3579 1830 3628 tamen
1863 3576 2161 3629 familiaris
2191 3576 2284 3640 sit,
2332 3572 2612 3641 siquidem
2652 3569 2932 3639 oﬁﬁcium
2966 3567 3111 3635 ejus,
3143 3564 3306 3619 etiam
3338 3562 3485 3615 invi-

210 3656 313 3705 tus
346 3653 625 3703 contraria
655 3650 823 3704 dicat.
869 3651 1029 3721 Atqui
1063 3650 1237 3707 Israel
1270 3654 1585 3727 intelligens
1617 3660 1762 3727 quod
1800 3662 1987 3732 ipsum
2022 3678 2124 3717 suo
2151 3662 2329 3732 ipsius
2361 3659 2549 3731 gladio
2584 3658 2894 3728 jugularet,
2932 3653 3195 3723 majorem
3229 3649 3491 3719 concepit

213 3733 500 3789 δάιιθίθηιι
560 3734 786 3791 Νθεηοη
824 3737 929 3806 iiisti
962 3736 1161 3793 331330
1206 3755 1429 3811 quoque
1489 3745 1739 3800 ostendit
1804 3764 1945 3819 quos
1975 3749 2244 3818 impedire
2274 3754 2532 3812 conetur,
2565 3760 2663 3800 eos
2702 3756 2901 3811 nempe
2931 3756 2997 3795 ex
3029 3739 3236 3809 quibus
3274 3739 3490 3791 Oritnta

211 3834 370 3880 esset
406 3825 564 3879 stella
601 3840 726 3894 quae
759 3834 950 3895 gentes
990 3836 1138 3883 esset
1165 3839 1476 3886 servatura.

288 3911 442 3965 Nam
469 3913 577 3966 scio
603 3913 743 3982 quod
766 3913 955 3984 quibus
977 3914 1329 3982 benedixeris,
1364 3918 1432 3973 iis
1470 3919 1803 3976 benedictum
1826 3923 1916 3980 sit.
1950 3920 2141 3994 [χλιι.
2182 3919 2262 3991 6.]
2309 3919 2402 3975 Vis
2438 3918 2747 3973 daemonum
2778 3916 2832 3970 in
2863 3913 3118 3971 subditos
3147 3911 3342 3965 elﬁrax
3378 3917 3489 3973 est,

211 4017 344 4072 quae
364 4003 412 4058 si
453 4003 598 4058 Dens
632 4005 865 4059 consilio
898 4019 1000 4059 suo
1030 4021 1135 4074 pro
1172 4007 1281 4077 pits
1323 4023 1383 4064 se
1417 4019 1682 4080 opponat,
1736 4018 2054 4075 enervatur,
2101 4007 2564 4082 quemadmodum
2601 4020 2727 4061 cum
2760 4003 2896 4060 Mosi
2927 4003 3277 4057 adversatum
3337 4009 3492 4054 esset

212 4094 410 4163 liquet.
443 4094 607 4164 Atqui
640 4095 826 4164 aliquo
855 4111 1029 4165 usque
1059 4112 1119 4152 se
1138 4098 1395 4156 extendit
1426 4102 1604 4157 virtus
1628 4103 1744 4169 illa,
1774 4101 2235 4173 quemadmodum
2263 4100 2331 4155 de
2370 4098 2563 4168 aspide
2601 4096 2785 4168 inquit
2821 4094 3021 4150 David:
3053 4112 3072 4146 ι
3103 4090 3332 4148 Veneno
3368 4089 3492 4144 inﬁ-

209 4182 376 4236 ciens
418 4195 447 4234 a
485 4182 730 4248 sapiente
762 4180 1005 4236 inﬁcitur
1036 4183 1105 4238 “.
1146 4203 1166 4236 ι

286 4268 459 4340 418
488 4268 555 4322 Et
586 4268 807 4323 reddam
840 4268 982 4324 vobis
1010 4270 1167 4325 verba
1204 4289 1323 4342 quia
1389 4274 1598 4330 locutus
1633 4276 1799 4345 fuerit
1836 4274 2093 4331 Dominus
2118 4275 2224 4348 [8.]
2275 4273 2689 4333 Divinationem
2724 4287 2824 4343 per
2857 4270 3135 4328 insomnia
3179 4268 3491 4340 proﬁtetur,

213 4370 387 4426 quam
410 4355 630 4424 quidem
665 4371 771 4410 non
800 4371 830 4410 a
854 4355 967 4413 Deo
992 4373 1124 4412 vero
1146 4360 1409 4430 requirit,
1441 4364 1696 4431 quamvis
1769 4362 2060 4419 Dominum
2117 4366 2385 4429 nominet,
2421 4362 2514 4419 sed
2561 4376 2590 4415 ε
2635 4363 2881 4415 daemone
2925 4360 3030 4415 sibi
3076 4358 3354 4421 familiari,
3389 4363 3494 4409 eta

212 4444 363 4500 falso
388 4444 551 4501 dictis
580 4444 712 4511 diis,
741 4446 836 4516 qui
876 4462 1025 4503 nunc
1047 4462 1146 4516 per
1176 4447 1477 4508 insomnia.
1507 4464 1656 4504 nunc
1722 4465 1821 4520 per
1851 4452 2103 4521 auguria,
2147 4465 2296 4505 nunc
2347 4450 2455 4503 alio
2490 4459 2657 4517 atque
2688 4449 2797 4502 alio
2825 4446 3000 4502 'modo
3037 4460 3136 4500 sua
3180 4443 3493 4497 hominibus

213 4534 488 4604 produnt.
551 4532 706 4589 Unde
763 4533 1032 4604 deinceps
1083 4534 1341 4605 sequitur
1372 4552 1386 4589 :
1420 4555 1439 4587 ι
1476 4534 1715 4592 Posthac
1776 4552 1885 4593 non
1930 4538 2211 4608 profectus
2269 4552 2353 4594 est
2397 4537 2613 4591 Balaam
2649 4551 2800 4589 more
2831 4549 2934 4589 suo
2964 4533 3179 4587 obviam
3210 4530 3430 4591 avibus,
3467 4547 3484 4579 ι

215 4622 450 4692 quando
477 4621 620 4675 vidit
646 4631 885 4678 conatus
911 4637 1046 4678 suos
1070 4637 1195 4679 esse
1224 4623 1436 4687 irritos,
1461 4631 1517 4677 et
1543 4625 1790 4692 linguam
1826 4640 1983 4679 suam
2013 4626 2192 4680 menti
2227 4625 2566 4696 respondere
2597 4638 2706 4676 non
2740 4637 2926 4690 posse.

301 4707 460 4763 Venit
480 4718 657 4763 autem
686 4708 825 4763 Deus
851 4709 922 4763 ad
958 4709 1215 4771 Balaam,
1241 4719 1290 4764 et
1312 4710 1450 4763 dixit
1474 4711 1544 4765 ei.
1574 4708 1712 4783 [20.]
1764 4712 2070 4767 Adventum
2103 4712 2279 4782 angeli
2310 4712 2606 4780 significat,
2635 4724 2798 4778 quem
2812 4705 3107 4761 admodum
3146 4703 3239 4758 Dei
3270 4702 3494 4757 nomine

218 4797 454 4868 angelos
480 4795 795 4866 signiﬁcare
827 4795 1117 4867 Scriptura
1145 4798 1458 4853 consuevit.
1489 4795 1669 4852 Veluti
1694 4812 1820 4852 cum
1845 4799 2052 4854 dicitur
2085 4803 2467 4869 comparuisse
2499 4797 2642 4866 apud
2693 4794 2978 4850 Labanum
3005 4800 3064 4847 ut
3101 4807 3337 4864 pugnam
3368 4804 3493 4844 cum

220 4882 402 4939 Jacob
430 4894 827 4940 remoraretur.
890 4883 1027 4939 Item
1088 4884 1444 4940 Abimelecho
1491 4900 1588 4955 per
1621 4884 2017 4940 Abrahamum.
2058 4885 2196 4941 Cum
2238 4901 2369 4940 vero
2412 4884 2686 4941 secundos
2728 4884 2953 4938 nuntios
3004 4881 3247 4935 misisset
3297 4878 3495 4932 Balaac

223 4987 539 5043 aureosque
571 4979 787 5027 montes
820 4973 1134 5043 pollicendo
1163 4972 1478 5038 invitasset,
1534 4987 1699 5041 super
1746 4972 1852 5027 hoc
1898 4975 2118 5043 negotio
2152 4988 2284 5027 suos
2311 4971 2486 5026 damno
2501 4986 2597 5025 nes
2654 4970 2854 5024 iterum
2885 4967 3147 5034 consulit,
3187 4964 3331 5034 quod
3363 4977 3499 5033 erga.

222 5057 402 5115 Deum
444 5076 501 5116 se
527 5060 708 5115 facere
763 5058 925 5114 dicit.
984 5059 1226 5130 Angelus
1269 5060 1435 5128 igitur
1465 5074 1589 5113 cum
1619 5061 1991 5129 apparuisset,
2034 5061 2248 5115 veniam
2302 5060 2531 5115 nuntios
2562 5046 2936 5113 consectandi
2968 5053 3242 5108 concedit.
3280 5048 3493 5104 Verum

224 5148 336 5202 iter
366 5147 545 5218 ipsum
581 5159 803 5217 propter
833 5147 1261 5217 permissionem
1305 5147 1455 5200 illam
1486 5147 1660 5200 nihilo
1697 5147 1894 5204 melius
1950 5156 2069 5215 est;
2124 5165 2249 5204 nam
2294 5163 2420 5204 cum
2466 5149 2632 5203 rebus
2662 5160 2799 5216 quas
2838 5144 2995 5213 prius
3028 5139 3277 5194 audierat
3333 5138 3495 5193 tidem

227 5235 547 5308 deregaret.
582 5235 951 5307 interrogavit
984 5236 1211 5300 iterum,
1245 5236 1450 5305 opibus
1481 5234 1712 5290 interim
1745 5235 1983 5300 inhians,
2021 5251 2191 5305 quare
2239 5236 2420 5306 ipsum
2470 5251 2575 5291 suo
2606 5233 2864 5304 permisit
2901 5226 3143 5298 ingenio.
3175 5224 3484 5280 Confestim

227 5325 399 5396 igltur
418 5325 615 5379 stravit
642 5326 879 5391 asinam,
913 5340 981 5379 ne
1007 5339 1036 5378 a
1065 5324 1176 5379 Deo
1205 5335 1560 5379 revocaretur
1615 5322 1847 5379 veritus.
1926 5323 2201 5388 Quocirca
2262 5325 2310 5379 ei
2359 5333 2620 5393 tanquam
2678 5318 2926 5373 maleﬁco
2964 5315 3282 5384 indignatur
3302 5312 3507 5377 etiam,.

226 5413 482 5484 quamvis
517 5426 627 5468 non
659 5421 897 5474 avertat.
922 5426 991 5467 ne
1017 5412 1126 5467 vim
1160 5412 1239 5466 illi
1270 5410 1455 5466 facere
1511 5411 1779 5467 videatur.
1822 5408 1944 5480 Ipse
1978 5426 2111 5466 vero
2137 5419 2220 5466 est
2243 5412 2336 5482 qui
2360 5407 2841 5481 comprehenderis
2870 5407 3039 5458 vincit
3114 5402 3394 5471 sapientes
3438 5400 3499 5454 in

226 5504 434 5559 astutia
463 5504 662 5558 sua”.
701 5502 837 5558 Nam
869 5504 1070 5574 lingua:
1093 5519 1221 5559 cum
1267 5504 1338 5557 sit
1368 5503 1488 5573 ipse
1520 5502 1728 5574 opifex,
1759 5517 1878 5558 eam
1908 5514 2009 5570 pro
2030 5498 2262 5553 arbitrio
2312 5512 2414 5553 suo
2442 5498 2607 5564 regit,
2632 5494 2800 5549 etiam
2833 5508 2958 5545 cunt
2984 5491 3032 5545 ei
3061 5505 3168 5544 non
3191 5489 3326 5544 utile
3350 5494 3506 5543 esset

226 5591 405 5656 abire,
438 5608 564 5649 cum
607 5594 804 5649 Balaac
828 5596 973 5649 enim
1005 5593 1167 5664 perit,
1193 5607 1430 5662 cumque
1460 5593 1722 5662 populum
1753 5591 1819 5645 de
1847 5590 2022 5660 ipsius
2045 5586 2384 5658 providentia
2453 5582 2786 5657 persuadere
2816 5580 3002 5635 vellet.

304 5678 376 5733 Et
398 5682 541 5735 stetit
562 5682 781 5754 angelus
802 5690 860 5734 ut
893 5663 1169 5751 impediret
1199 5679 1377 5735 illum.
1441 5677 1580 5751 [22.]
1612 5678 1748 5732 Cum
1798 5677 1980 5733 verbis
2004 5690 2130 5732 eum
2173 5674 2524 5745 castigasset,
2570 5672 2929 5738 animumque
2972 5664 3040 5719 ad
3084 5663 3325 5718 divinam
3366 5676 3497 5733 pro-

306 5824 352 5909 ξι
378 5822 535 5878 Dent.
668 5822 761 5878 58.
837 5819 1048 5878 “Psal.
1077 5832 1195 5886 cui,
1232 5818 1325 5875 35.
1398 5816 1444 5849 "
1474 5815 1638 5872 Prov.
1671 5830 1796 5872 xxw

306 5910 407 5948 .Ut‘.
442 5909 528 5948 ιιι.
632 5933 647 5948 .

1910 5856 1911 5863 η
1989 5813 2034 5845 ³⁷
2069 5810 2241 5868 Exod.
2274 5827 2350 5879 ιι,
2382 5810 2469 5866 16.
2546 5810 2591 5842 ’⁸
2619 5808 2779 5865 Prov.
2812 5800 3030 5872 xxt,ll.
3080 5802 3124 5834 ’⁸
3157 5797 3259 5855 Job
3293 5814 3348 5861 ν,
3386 5798 3499 5863 l3;

239 5894 407 5953 ICor.
442 5909 528 5959 ιιι,
562 5894 647 5948 19.
