3956 6396
2909 297 2922 338 ί

517 428 628 491 86¹⁷ί
1861 432 2098 495 PROCG

2213 436 2219 492 ζ
2257 431 2501 495 ΕΑΖιΕῐ
2935 435 2938 438 ’
3683 429 3769 494 864

520 539 766 611 phetiam
821 537 1240 609 suscipiendmn
1287 546 1432 593 metu
1492 539 1877 604 instruxisset,
1914 540 2118 596 factum
2146 543 2466 596 subintulit.
2509 541 2631 606 Quo
2666 553 2734 594 eo
2766 539 2888 609 ipso
2929 550 3148 606 quoque
3175 536 3419 604 quantus
3449 529 3502 582 in
3534 529 3768 595 immensa

523 630 615 683 Dei
653 628 1002 699 providentia
1029 627 1331 682 thesaurus
1367 634 1517 683 esset
1548 629 1829 698 repositus
1864 627 2131 685 Israelita:
2170 629 2573 698 intelligerent,
2615 642 2841 698 quoque
2883 625 2950 679 de
2995 623 3218 678 Christo
3271 617 3534 675 vaticinia
3565 636 3664 676 non
3695 641 3770 678 so-

521 718 632 772 ‘um
667 718 722 770 in
749 715 950 771 lsraele
982 723 1317 769 tererentur.
1351 713 1485 768 Nam
1521 725 1702 771 metus
1733 732 1764 771 a
1797 717 2026 786 magicae
2092 717 2281 772 studio
2315 715 2573 777 abduxit,
2633 724 2689 770 et
2736 716 2790 768 in
2836 713 3077 784 gratiam
3126 709 3294 764 Baiae
3344 707 3456 763 Deo
3485 709 3768 780 rebellaret,

519 803 723 858 effecit.
756 803 1232 870 Quemadmodum
1265 802 1404 856 Mosi
1441 819 1666 872 quoque
1694 806 1889 858 eodem
1926 804 2114 859 habitu
2142 806 2421 874 apparuit,
2458 812 2518 857 ut
2541 805 2593 858 ei
2625 811 2830 858 metum
2855 801 3144 862 eximeret,
3179 815 3248 853 ne
3283 799 3622 853 Pharaooen.
3643 803 3768 856 exti-

519 898 811 954 mesceret,
851 889 1078 959 Deoque
1138 889 1467 944 inobediens
1519 899 1690 948 esset.
1740 889 1970 944 Instruit
2022 907 2152 947 vero
2195 909 2321 946 eum
2353 893 2419 947 ad
2464 891 2716 946 divinum
2749 890 3105 944 vaticinium.
3146 887 3280 940 Nam
3310 889 3588 958 apparitio
3615 893 3769 960 angeli

518 987 724 1032 metum
758 977 914 1039 fecit,
950 994 1113 1048 quem
1142 977 1351 1030 indicat
1387 978 1556 1032 etiam
1593 979 1695 1033 hoc
1718 977 1864 1048 quod
1901 976 2071 1033 Deum
2101 981 2244 1035 dixit
2278 997 2377 1050 pro
2418 981 2638 1050 angelo,
2688 979 3012 1049 angelorum
3065 978 3270 1046 quippe
3307 987 3635 1045 conspectus
3657 981 3769 1032 ami-

516 1084 548 1122 c
576 1083 600 1120 s
631 1082 720 1122 res
744 1067 1152 1135 jucundissima
1177 1081 1301 1120 esse
1332 1067 1496 1126 solet.
1529 1067 1786 1122 hostibus
1815 1082 1947 1122 vero
1976 1068 2257 1124 horrenda
2297 1070 2482 1124 valde.
2515 1069 2794 1124 Caeterum
2827 1069 2981 1122 asina
3012 1067 3258 1135 ipsorum
3312 1065 3554 1134 ineptias
3583 1067 3770 1136 prospi-

523 1157 700 1220 ciens,
733 1170 828 1209 eas
852 1155 1157 1222 redarguit,
1197 1155 1402 1208 malum
1432 1155 1578 1208 enim
1609 1170 1807 1208 cavere
1839 1156 2015 1210 satius
2052 1165 2135 1210 est
2167 1173 2332 1227 quam
2389 1158 2722 1221 admittere;
2770 1155 3049 1222 simulque
3104 1151 3344 1216 indicat,
3377 1150 3526 1222 quod
3574 1151 3624 1208 si
3664 1154 3770 1223 quis

521 1245 632 1297 Deo
664 1245 736 1297 sit
759 1242 1085 1297 inohedicns
1106 1242 1346 1316 _angclus
1376 1257 1482 1295 non
1525 1241 1697 1296 aliter
1729 1257 1844 1296 rem
1877 1243 2132 1309 aestimet,
2180 1246 2504 1316 aequiusque
2546 1244 2690 1298 ferat
2723 1257 2889 1313 quam
2918 1243 2962 1296 si
3004 1241 3124 1310 ipse
3163 1247 3530 1309 contemptus
3558 1248 3692 1296 esset
3716 1256 3770 1297 ac

519 1333 822 1403 neglectus.
856 1332 994 1387 illud
1027 1312 1156 1385 vero
1178 1331 1328 1400 quod
1359 1339 1642 1400 spectatur
1669 1332 1909 1401 speciem
1940 1312 2262 1401 quamdam—
2291 1312 2477 1388 rerum
2507 1332 2692 1395 habet,
2728 1312 2921 1385 revera
2964 1337 3152 1383 tamen
3186 1327 3332 1382 nihil
3358 1336 3470 1393 est,
3503 1342 3611 1382 non
3643 1327 3769 1382 enim

516 1419 732 1488 gladius
759 1420 970 1488 angelis
1005 1426 1250 1480 est,'nec
1278 1419 1482 1472 ferrum
1516 1419 1570 1471 in
1603 1419 1745 1474 caelo
1776 1436 1791 1486 ;
1826 1419 2011 1472 omnia
2042 1434 2171 1474 vero
2209 1419 2371 1490 plena
2407 1418 2641 1474 terroris
2677 1423 2811 1472 sunt
2839 1416 2888 1470 ei
2924 1415 3018 1486 qui
3050 1423 3202 1470 metu
3233 1413 3473 1485 indiget,
3499 1415 3655 1470 etiam
3681 1431 3769 1470 vox

517 1508 631 1575 ipsa
665 1507 830 1562 asini.
861 1506 1034 1561 Porro
1061 1506 1177 1575 ipsa
1206 1506 1350 1560 visio
1382 1505 1667 1559 auditione
1700 1506 1876 1560 multo
1934 1505 2259 1560 horribilior
2299 1507 2582 1577 irrogatur
2615 1504 2666 1560 ei
2695 1505 2788 1574 qui
2826 1511 3185 1574 spectaturus
3217 1511 3336 1558 erat
3378 1504 3651 1572 angelum,
3678 1517 3768 1558 non

508 1607 580 1650 eo
615 1591 740 1654 ﬁne,
776 1600 833 1645 ut
859 1599 1008 1647 metu
1074 1591 1160 1647 sui
1213 1592 1320 1646 iter
1369 1591 1788 1660 intercluderet,
1833 1607 1961 1647 cum
2007 1593 2188 1663 ipsum
2224 1595 2273 1649 ei
2302 1605 2451 1651 esset
2496 1607 2863 1660 concessum,
2914 1606 3107 1648 verum
3159 1598 3218 1646 ut
3258 1591 3330 1647 ab
3364 1590 3581 1646 insidiis
3603 1597 3770 1647 contra

514 1697 902 1751 quemcunque
936 1690 1261 1752 praetextum
1287 1679 1656 1736 abstraheret.

584 1791 850 1862 Angelum
901 1806 1033 1847 vero
1089 1791 1242 1845 illum
1296 1789 1618 1845 Michaelem
1681 1805 1806 1845 esse
1853 1790 2098 1854 tradunt,

2273 1793 2379 1846 Τὸν
2423 1790 2656 1862 ἄγγελόν
2727 1809 2862 1861 φασι
2915 1789 3140 1860 Μιχαὴλ
3197 1783 3345 1842 εἶναι
3415 1787 3508 1843 τὸν
3552 1788 3770 1857 ἐγκεχει-

515 1899 636 1936 eum
666 1883 917 1938 videlicet
942 1883 1035 1952 qui
1066 1883 1323 1938 lsraelem
1357 1891 1442 1937 est
1470 1881 1718 1936 adortus.
1739 1879 2102 1936 Hebraismus

2211 1887 2466 1956 ρισμένον
2489 1885 2581 1938 τὸν
2605 1883 2847 1956 Ἰσραήλ.
2864 1882 2939 1935 Τὸ
2950 1881 3029 1949 δὲ,
3049 1881 3350 1947 διαϐαλεῖν,
3371 1881 3434 1935 τὸ
3458 1881 3556 1952 μὲν
3579 1879 3770 1951 Ἐὁραῖ-

513 1969 729 2040 quidem
759 1971 1034 2038 impedire.
1068 1972 1296 2041 Aquilas
1317 1987 1446 2026 vero
1479 1971 1648 2026 Satan
1696 1970 1879 2026 habet.
1931 1969 2098 2026 Theo-

2213 1978 2304 2032 κὺν
2331 1977 2424 2032 καὶ
2440 1976 2692 2044 Ἀκύλας,
2716 1973 2939 2038 Σατὰν,
2958 1972 3072 2045 ἔχει
3093 1990 3107 2005 ο
3143 1975 3172 2027 ὁ
3201 1973 3264 2028 δὲ
3288 1973 3612 2038 Θεοδοτίων,
3637 1971 3772 2027 ἀντι·

513 2062 698 2117 dotion
731 2061 964 2117 obstare.

585 2153 832 2209 Etsi'non
846 2155 1162 2210 declinasse!
1182 2171 1362 2208 coram
1380 2171 1478 2209 me.
1498 2152 1688 2226 [XXIL
1705 2151 1822 2227 53.]
1834 2152 2103 2209 Obedien-

513 2249 586 2300 tia
625 2247 746 2315 ejus
780 2247 879 2302 tibi
911 2247 1073 2301 saluti
1108 2246 1228 2302 fuit.
1260 2246 1342 2300 Ita
1382 2246 1521 2316 perit
1555 2245 1810 2301 videlicet
1832 2243 2104 2315 quidquid

516 2336 626 2391 Deo
689 2346 773 2393 est
831 2337 1161 2404 adversum,
1231 2336 1701 2409 quemadmodum
1764 2338 2005 2394 tenebrae
2071 2352 2104 2392 a

515 2433 656 2484 luce.
1414 2422 1418 2425 1
2038 2487 2046 2494 .

584 2521 851 2587 Quoniam
903 2539 1009 2577 non
1060 2523 1179 2576 novi
1219 2523 1359 2593 quod
1431 2530 1487 2575 tu
1527 2531 1714 2575 contra
1769 2538 1850 2574 me
1907 2531 2102 2575 stares.

511 2611 653 2685 [δι]
681 2613 834 2678 Quod
863 2616 906 2670 si
932 2631 1119 2669 verum
1154 2614 1357 2668 fatetur
1405 2629 1531 2668 cum
1575 2612 1829 2668 veritatis
1861 2610 2104 2666 indictus

510 2715 657 2758 esset
683 2705 876 2769 hostis,
921 2722 980 2761 se
1015 2721 1082 2761 ex
1128 2707 1292 2762 nudis
1327 2705 1512 2760 verbis
1567 2705 1632 2759 ad
1682 2719 1745 2758 se
1792 2703 1950 2757 factis
1991 2716 2102 2754 non

511 2799 804 2866 agnovisse
852 2797 1023 2853 Deum
1087 2805 1342 2863 testatur,
1381 2803 1722 2868 quapropter
1756 2794 1930 2866 angeli
1962 2794 2102 2848 visio

511 2890 827 2944 necessaria
859 2899 998 2943 erat.

2210 2068 2466 2124 κεῖσθαι.

2282 2161 2390 2215 Καὶ
2418 2159 2537 2215 νῦν
2562 2161 2616 2214 εί
2637 2161 2723 2230 μὴ
2751 2160 3065 2226 ἐξέκλινεν
3093 2158 3194 2214 ἀπ’
3218 2156 3395 2229 ἐμοῦ.
3425 2156 3500 2210 Τὸ
3553 2153 3772 2220 εὐπειθὲς

2211 2251 2430 2319 ἐκείνης
2479 2250 2670 2319 γέγονέ
2711 2267 2795 2304 σοι
2859 2250 3146 2322 σωτήριον.
3204 2246 3403 2310 Οὕτως
3438 2244 3688 2301 ἀπόλλυσι
3719 2245 3769 2298 τὸ

2209 2339 2349 2409 πρὸς
2381 2339 2517 2394 Θεὸν
2567 2341 2904 2412 ἐναντίωμα,
2964 2340 3218 2412 καθάπερ
3268 2337 3573 2394 ἀπόλλυται
3606 2335 3769 2400 σκότος

2208 2433 2314 2486 ὑπὸ
2349 2433 2546 2502 φωτός.

2283 2524 2366 2577 Οὐ
2389 2523 2499 2592 γὰρ
2526 2523 2900 2594 ἠπιστάμην,
2931 2524 3022 2579 ὅτι
3049 2524 3131 2580 σύ
3159 2541 3260 2592 μοι
3294 2522 3683 2588 ἁνθέστηκας.
3714 2520 3765 2572 Et

2210 2615 2285 2686 μὴ
2311 2615 2566 2685 ψεύδεται
2606 2616 2681 2680 ὡς
2708 2617 2968 2686 ἀληθείας
3004 2617 3219 2689 ἐχθρὸς,
3269 2615 3434 2688 δῆλός
3493 2616 3653 2678 ἐστιν,
3703 2611 3764 2673 ὡς

2203 2707 2301 2776 οὐχ
2331 2706 2504 2771 οὕτως
2527 2708 2634 2760 ἀπὸ
2665 2708 2775 2762 τῶν
2804 2710 3112 2780 εἰρημένων
3142 2709 3324 2776 λόγων
3370 2705 3598 2778 ἐγνώκει
3635 2701 3763 2759 Θεόν.

2206 2800 2372 2855 Ὅθεν
2402 2801 2700 2870 ἀναγκαῖον
2729 2801 2825 2855 τοῦ
2854 2802 3090 2871 ἀγγέλου
3117 2802 3180 2856 τὸ
3206 2801 3418 2870 θέαμα.

585 2979 852 3036 Subduxit
879 2998 997 3036 eum
1028 2985 1082 3036 in
1110 2982 1319 3036 excelsa
1371 2981 1532 3036 Baal.
1585 2980 1728 3054 [IL]
1774 2981 2072 3051 lmpiorum
2116 2980 2523 3036 sacriﬁciorum
2553 2983 2708 3036 locus
2751 2981 3271 3038 machinationibus
3309 2989 3510 3038 contra
3538 2975 3761 3034 lsraelom

509 3069 846 3134 destinatur,
879 3079 1213 3140 argumento
1253 3069 1656 3124 imbecillitatis
1706 3065 2046 3131 daemonum,
2107 3070 2486 3125 multitudinis
2518 3071 2896 3134 victimarum,
2934 3079 2990 3125 et
3036 3071 3254 3128 techna:
3313 3068 3560 3125 Balaami
3583 3066 3669 3138 qui
3699 3071 3764 3118 tot

511 3164 777 3224 tantaque
809 3165 1079 3226 gesserat.
1108 3157 1263 3210 Nulla
1295 3158 1440 3213 enim
1479 3157 1560 3212 vis
1593 3166 1788 3212 contra
1825 3156 2144 3213 Dominum.
2189 3154 2332 3223 Quin
2362 3167 2418 3213 et
2448 3159 2626 3214 sacris
2658 3173 2718 3214 se
2743 3160 2930 3230 jungit
2956 3158 3180 3227 Balaac,
3206 3158 3493 3228 simulque
3517 3159 3762 3227 operatur,

510 3260 623 3315 quo
653 3245 950 3301 infirmitas
981 3261 1044 3300 ea
1089 3248 1162 3301 sit
1193 3245 1530 3301 evidentior.
1723 3309 1734 3319 _

584 3331 698 3402 Ego
731 3332 923 3387 cadam
950 3335 999 3388 si
1031 3334 1168 3404 forte
1197 3333 1458 3388 Dominus
1491 3334 1624 3387 mihi
1645 3333 1849 3387 obviam
1882 3335 2000 3402 ﬁat.
2035 3329 2254 3404 [XXIIL
2298 3329 2378 3405 3.]
2409 3332 2698 3387 Dtemoues
2739 3331 2842 3388 sibi
2899 3331 3208 3388 familiares
3241 3330 3509 3395 consulit,
3539 3326 3762 3398 auguriis

511 3421 658 3474 enim
694 3421 771 3474 uti
798 3432 1188 3476 consueverat.
1237 3419 1438 3474 Verum
1471 3437 1666 3476 eorum
1709 3422 1841 3474 nulli
1879 3435 2210 3490 comparere
2265 3429 2352 3476 est
2411 3423 2767 3491 permissum.
2824 3419 2988 3476 Venit
3015 3421 3183 3494 419
3215 3429 3400 3476 autem
3441 3417 3660 3474 nuntiu:
3687 3412 3759 3468 Dci

513 3509 607 3579 qui
641 3508 774 3561 nihil
799 3508 1020 3576 quidem
1056 3510 1224 3573 dixit,
1263 3510 1360 3564 sed
1406 3508 1464 3562 in
1492 3525 1558 3563 eo
1582 3524 1706 3578 quae
1732 3508 1989 3564 dicturus
2014 3517 2162 3564 esset
2183 3518 2449 3580 operatus
2473 3518 2580 3565 est.

585 3622 733 3676 Dixit
766 3625 958 3693 igitur,
982 3641 1080 3694 pro
1103 3635 1356 3693 operatus
1387 3635 1486 3692 est,
1512 3627 1736 3696 ponitur
1759 3644 1774 3693 ;
1811 3642 1920 3680 non
1947 3626 2093 3681 enim

2273 3629 2368 3694 Τὸ,
2396 3629 2587 3692 εἶπεν,
2618 3627 2742 3680 ἀντὶ
2771 3625 2890 3692 τοῦ,
2922 3627 3288 3696 ἐνήργησεν.
3335 3628 3412 3684 Οὐ
3456 3629 3560 3698 γὰρ
3595 3616 3758 3695 ἐρρέθη

512 3714 676 3768 verba
712 3716 787 3768 illi
847 3715 994 3770 facta
1051 3727 1201 3784 sunt,
1243 3718 1340 3773 sed
1393 3719 1613 3774 animus
1653 3726 1953 3788 apparatus
1993 3728 2097 3775 est.

2213 3722 2445 3790 δήματα,
2481 3719 2618 3772 ἀλλὰ
2641 3718 3069 3788 παρεσκευάσθη
3099 3718 3328 3792 ἡψυχὴ.
3354 3720 3566 3774 Μᾶλλον
3588 3716 3638 3769 δὲ
3658 3725 3757 3778 νοη-

512 3803 686 3860 i‘orro
720 3806 849 3872 quid
883 3808 1354 3863 incommoditatis
1383 3809 1490 3863 erit
1521 3810 1728 3864 sentire
1750 3811 1894 3880 quod
1925 3825 2098 3880 augu-

2213 3813 2342 3874 τὲον,
2375 3811 2452 3874 ὠς
2491 3811 2590 3864 οὐκ
2615 3811 2894 3879 ἐχρήσατο
2925 3809 3178 3880 συνήθως
3210 3812 3328 3874 τοῖς
3367 3810 3601 3869 οἰωνοῖς,
3647 3800 3757 3869 0αρ-

513 3895 612 3948 riis
647 3909 754 3948 non
793 3895 958 3950 solito
991 3911 1142 3950 more
1172 3911 1308 3950 usus
1345 3897 1438 3962 sit,
1476 3912 1713 3967 sperans
1735 3899 1994 3951 nimirum
2023 3900 2104 3952 fu-

514 3991 697 4038 turum
729 3985 835 4039 sibi
885 3985 1104 4039 obviam
1137 4001 1263 4040 eum
1298 3987 1392 4056 qui
1435 3986 1675 4054 dixerat,
1731 3987 2106 4057 quodcunque

513 4093 614 4145 ego
646 4077 745 4130 tibi
773 4076 1059 4132 dictavero
1099 4077 1370 4148 loqueris.

2205 3902 2313 3969 ρὦ
2333 3900 2482 3968 αὐτῷ
2513 3899 2949 3970 συναντήσεσθαι
2979 3899 3072 3952 τὸν
3096 3898 3349 3968 εἰπόντα,
3369 3901 3453 3954 ὄτι
3477 3899 3540 3952 Ὃ
3565 3894 3624 3950 ἂν
3650 3889 3759 3943 εἴπω

2207 4009 2310 4056 σοι,
2343 3992 2628 4062 λαλήσεις.

590 4166 656 4220 Et
695 4167 800 4236 fuit
833 4170 1051 4236 spiritus
1081 4141 1185 4224 Dei.
1213 4173 1266 4224 in
1299 4173 1436 4241 ipso.
1476 4170 1619 4226 Metu
1650 4171 1795 4226 enim
1824 4170 2229 4240 apparitionum
2265 4167 2571 4223 adornatus
2607 4166 2810 4232 fuerat,
2837 4141 2939 4223 nec
2970 4167 3174 4221 mirqu
3213 4180 3375 4229 sane,
3418 4177 3538 4217 cum
3568 4169 3614 4215 et
3634 4156 3758 4212 asina

514 4255 742 4325 spiritus
781 4257 931 4312 illius
953 4258 1252 4313 efficaciam
1287 4259 1612 4328 recepisset,
1648 4261 1907 4326 quamvis
1939 4261 2219 4330 ignoraret
2257 4271 2380 4324 qua:
2418 4256 2762 4311 dicerentur.
2811 4253 2957 4310 Deus
2987 4253 3134 4310 enim
3167 4269 3235 4309 ex
3269 4253 3542 4325 lapidibus
3575 4256 3759 4318 quoque

514 4361 703 4400 vocem
739 4346 995 4412 suscitat,
1019 4346 1178 4415 juxta
1211 4348 1345 4402 illud
1376 4364 1389 4401 :
1427 4367 1445 4400 ι
1485 4347 1644 4414 Quod
1671 4349 1720 4404 si
1751 4349 2036 4402 tacuerint
2078 4345 2181 4410 illi,
2221 4344 2436 4413 lapides
2471 4342 2928 4398 vociferabuntur
2963 4344 3030 4396 ³¹.
3073 4361 3092 4394 ι
3401 4345 3418 4360 ⁸
3585 4358 3592 4361 ·

585 4456 653 4510 Et
683 4466 957 4523 assumpta
985 4457 1247 4526 parabola
1289 4457 1390 4529 [7.]
1433 4457 1548 4512 Hoc
1593 4457 1758 4512 modo
1788 4458 2099 4527 sapientem

513 4565 825 4607 sermonem
879 4566 1076 4606 vocare
1133 4551 1418 4620 Scriptura
1481 4551 1643 4615 solet,
1691 4549 1848 4620 juxta
1908 4550 2096 4605 illud:

517 4662 538 4695 ι
574 4643 829 4714 Aperiam
870 4643 924 4696 in
951 4642 1206 4712 parabola
1235 4659 1297 4697 os
1329 4657 1510 4696 meum
1546 4641 1613 4695 ".
1661 4660 1678 4692 ι

2279 4451 2389 4508 Καὶ
2415 4453 2738 4507 ἀναλαϐὼν
2767 4451 2884 4518 τὴν
2923 4451 3284 4520 παραϐολὴν
3313 4449 3515 4510 αὐτοῦ.
3553 4437 3760 4515 Παραδο-

2207 4545 2328 4616 λην,
2370 4542 2462 4596 τὸν
2503 4545 2666 4612 σοφὸν
2694 4542 2852 4610 λόγον
2879 4543 3070 4596 εἴωθεν
3103 4544 3137 4614 ἡ
3169 4543 3366 4616 Γραφὴ
3411 4540 3613 4609 λέγειν,
3643 4525 3759 4586 κατὰ

2206 4637 2286 4702 τὸ,
2327 4654 2346 4686 ι
2396 4633 2622 4698 Ἀνοίξω
2657 4635 2716 4688 ἐν
2752 4634 3042 4706 παραϐολῇ
3075 4634 3136 4688 τὸ
3167 4635 3345 4705 στόμα
3375 4650 3498 4705 μου.
3532 4649 3550 4682 ι

584 4757 728 4812 Dicit
759 4767 938 4810 autem
970 4772 1032 4812 ea
1066 4771 1188 4826 qua;
1216 4756 1586 4811 lsraclitarum
1624 4755 1816 4810 audire
1847 4753 2086 4808 maxime
2115 4754 2400 4816 intererat,
2429 4764 2550 4820 qua:
2582 4749 2636 4803 in
2670 4749 3028 4819 proverbium
3057 4757 3216 4803 erant
3244 4749 3481 4808 abitura,
3512 4737 3760 4834 Israelem-

513 4862 619 4914 que
651 4844 880 4899 mirifice
909 4861 1037 4914 erga
1075 4845 1243 4900 Deum
1275 4842 1556 4898 affectum.
1592 4841 1836 4908 Quorum
1872 4842 2126 4899 lsraelem
2159 4837 2589 4893 conmouefacit
2624 4851 2845 4907 quoque
2889 4851 2984 4906 per
3017 4835 3299 4892 Michmam
3331 4838 3495 4897 Deus,
3534 4841 3645 4885 Cum
3681 4837 3756 4876 '"'

513 4937 634 5004 quit
671 4953 684 4988 :
725 4951 743 4985 ι
780 4931 985 5002 Popule
1011 4935 1106 4998 mi,
1140 4932 1272 5002 quid
1302 4932 1406 4986 feci
1437 4933 1534 4986 tibi
1571 4934 1668 4995 ³³.»
1700 4939 1753 4986 et
1785 4946 1903 5002 qum
1935 4931 2218 4996 deinceps.
2247 4927 2400 4994 Quod
2427 4928 2572 4983 enim
2597 4927 2938 4996 benignitate
2971 4924 3065 4979 Dei
3095 4925 3301 4982 factum
3333 4935 3438 4990 est,
3469 4917 3760 5006 condemnat:

515 5001 648 5076 lioni
686 5022 832 5077 cedit
863 5001 1219 5086 infidelibus,
1255 5021 1457 5090 quibus
1505 5020 1756 5075 dicitur:
1794 5001 1815 5072 i
1868 5018 1993 5074 Haec
2052 5016 2286 5074 Domino
2345 5017 2592 5072 vicissim
2650 5013 2882 5070 redditis
2923 5013 2990 5068 "2
3035 5032 3054 5066 ι
3097 5012 3250 5069 Unde
3287 5014 3354 5069 ad
3408 5011 3570 5066 Deum
3611 5001 3759 5068 inquit

513 5110 685 5165 David
719 5128 733 5164 :
781 5128 798 5161 ι
847 5109 914 5164 Ut
936 5109 1260 5178 justiiiceris
1293 5110 1346 5162 in
1375 5109 1560 5163 verbis
1598 5110 1708 5162 tuis
1741 5108 1806 5161 ³⁵.
1855 5126 1872 5158 ι

588 5218 711 5275 Non
748 5229 805 5273 ut
836 5219 990 5274 homo
1024 5218 1167 5274 Deus
1208 5219 1476 5288 perforari
1499 5228 1696 5287 potest.
1736 5217 1878 5290 U93,
1907 5217 2102 5272 (λειω-ἱ

516 5320 577 5364 ιιι
605 5312 927 5372 mentiatur,
959 5309 1340 5372 reddiderunt,
1371 5309 1592 5378 quidam
1619 5323 1751 5362 vero
1782 5316 1839 5360 ut
1865 5323 2102 5376 suspen-

2278 5218 2401 5284 Οὐχ
2428 5215 2508 5280 ὡς
2534 5215 2849 5281 ἄνθρωπος
2877 5217 2909 5268 ό
2950 5212 3096 5279 Θεὸς
3115 5187 3755 5280 διατρηθῆναι.Ὀῑλοιποὶ

2191 5309 2524 5372 .ὲξέδωκαν,‹
2565 5306 2654 5358 ἵνα
2693 5305 3020 5374 ψεύσηται.»
3055 5305 3214 5367 Τινὲς
3237 5304 3315 5369 δὲ,
3343 5322 3360 5354 ι
3389 5289 3747 5374 ὑπερτεθῆναι)

516 5403 682 5456 datur
707 5412 762 5457 et
791 5402 1150 5472 despiciatur,
1183 5411 1582 5472 exposuerunt.
1612 5399 1850 5455 Tantum
1879 5401 2098 5466 adjutus

2213 5371 2311 5456 ιαὶι
2332 5397 2733 5468 παροφθῆναι,ι
2754 5371 3113 5465 ἐξηγήσαντο.
3136 5394 3324 5458 Οὕτως
3341 5389 3604 5460 ὠφέλησεν
3616 5371 3751 5472 αὑτὸν

516 5503 605 5548 est
661 5492 826 5548 minis
879 5496 1080 5562 angeli.
1129 5495 1400 5549 Cancrum
1445 5493 1629 5563 pravis
1673 5503 1728 5545 et
1784 5490 2102 5545 inﬁdelibus

525 5583 710 5637 divina
761 5583 1110 5638 ordinatione
1163 5585 1344 5638 futura
1386 5581 2098 5651 revelantur,quemadmo-

521 5675 650 5730 dum
682 5674 982 5744 Pharaoni,
1012 5676 1542 5732 Nabuchodonozori
1570 5685 1624 5732 et
1657 5676 1764 5731 filio
1805 5676 2000 5743 ipsius.

2207 5493 2241 5561 ἡ
2273 5490 2471 5560 ἀπειλὴ
2509 5487 2602 5540 τοῦ
2639 5487 2896 5554 ἀγγέλου.
2928 5488 3040 5540 Καὶ
3067 5488 3324 5556 πονηροῖς
3347 5484 3402 5536 δὲ
3427 5478 3515 5532 καὶ
3537 5469 3748 5561 ἀπίστοις

2207 5585 2276 5637 δι’
2309 5582 2628 5651 οἰκονομίαν
2655 5581 2716 5631 τὸ
2752 5579 2948 5649 μέλλον
2982 5577 3444 5636 ἀποκαλύπτεται,
3475 5569 3544 5628 ὡς
3573 5558 3748 5651 καὶξφ

2215 5675 2438 5746 Φαραὼ,
2475 5643 2569 5726 xci
2594 5643 3106 5743 .NaGobxo'éovocop,
3142 5671 3239 5724 ml.
3265 5670 3340 5741 τῷ
3373 5663 3549 5720 τούτου
3579 5643 3722 5705 irati!-

609 5855 651 5886 ³¹
680 5857 816 5915 Luc.
853 5870 962 5921 ιιΧ,
1009 5861 1092 5918 it).
1172 5861 1215 5891 ³⁸
1262 5861 1396 5916 Ρδιιι.
1439 5833 1720 5927 “mihi.
1800 5863 1841 5892 ³³
1876 5860 2037 5916 Mich.
2069 5876 2094 5913 v

2213 5900 2223 5912 .
2309 5861 2351 5893 ³⁸
2387 5859 2542 5916 Deut.
2579 5876 2751 5926 χχιιι,
2785 5858 2838 5913 6.
2921 5858 2963 5893 ³³
2991 5855 3137 5911 Psal.
3168 5871 3221 5923 1.,
3247 5853 3297 5907 6.
