3956 6398
191 365 308 435 855
1253 370 1793 434 COMMENTABII
1830 373 1915 437 IN
1948 374 2342 438 NUMEROS.
3371 383 3479 448 866

269 481 335 536 Et
356 476 467 548 fuit
494 494 650 551 super
668 493 729 535 eo
755 476 989 548 Spiritus
1017 479 1138 536 Dei.
1166 480 1382 554 [XXII],
1402 484 1482 557 8.]
1506 484 1699 544 Nullus
1724 486 1869 543 enim
1901 487 2284 557 potestdicere
2298 486 2565 543 Dominus
2582 486 2690 545 nisi
2713 489 2768 544 in
2796 488 3007 560 Spiritu
3045 491 3164 562 Dei,
3185 500 3240 549 et
3264 493 3367 550 hac
3390 513 3479 552 ra-

184 571 350 626 tione
403 567 681 638 Caiapbas
743 582 967 640 quoque
998 570 1351 625 vaticinatur.
1409 571 1619 628 Lumen
1661 575 1808 629 enim
1844 573 1899 628 in
1932 574 2176 630 tenebris
2219 575 2390 641 lucet,
2424 589 2487 629 ac
2528 576 2772 630 teneb.ae
2803 576 2986 647 ipsum
3018 593 3127 633 non
3161 582 3477 650 apprehen-

182 661 357 717 dunt.
382 660 506 724 Quo
535 657 721 712 minus
755 672 886 713 vero
926 658 1314 715 admirationis
1346 661 1509 717 nobis
1537 669 1756 731 pareret
1786 659 1928 716 asini
1955 658 2185 725 factum,
2220 670 2411 729 utpote
2450 660 2596 729 quod
2630 660 2808 728 majus
2839 672 2981 726 erat,
3020 664 3220 719 divina
3255 667 3485 721 ordina-

185 749 345 801 tione
373 754 501 800 ante
536 745 827 815 praevisum
852 753 994 801 erat.
1024 734 1274 802 Per'hmc
1301 748 1450 803 enim
1507 750 1656 804 velut
1705 764 1802 819 per
1829 748 2141 818 jumentum
2189 747 2332 803 Deus
2374 756 2461 804 est
2510 749 2750 804 locutus.
2786 750 3057 807 Caeterum
3089 767 3216 806 eum
3252 752 3479 808 Balaam

181 834 562 889 differentiam
614 835 881 889 sensisset
927 835 1174 889 animum
1223 834 1291 889 ad
1334 834 1389 888 id
1411 836 1559 905 quod
1596 852 1727 892 vere
1760 850 1864 890 nec
1891 843 1953 890 ut
1981 836 2147 905 paulo
2180 845 2310 891 ante
2341 837 2686 908 praestigiose
2717 837 2938 893 videbat
2963 839 3190 909 adjecit.
3229 839 3387 897 Unde
3423 850 3478 896 et

183 920 328 975 illud
362 936 380 973 :
413 939 434 971 ι
465 918 707 973 Revelati
746 920 1044 975 suntoculi
1090 919 1210 989 ejus
1248 928 1515 990 tanquam
1563 923 1885 992 perspicilli.
1943 941 1964 974 ι
2008 921 2246 989 Quidam
2290 940 2420 979 vero
2470 927 2697 979 tradunt
2727 925 2875 995 quod
2911 941 3007 995 per
3034 927 3279 983 ruditum
3308 930 3478 985 asina:

178 1007 256 1061 de
294 1006 478 1061 studio
505 1005 612 1061 sibi
640 1006 923 1075 proposita
949 1008 1020 1060 sit
1050 1007 1283 1063 edoctus
1320 1023 1429 1062 non
1454 1009 1613 1063 aliter
1635 1024 1799 1079 quam
1825 1027 1923 1082 per
1950 1014 2135 1067 avium
2159 1023 2359 1069 cantus
2387 1023 2482 1068 aut
2504 1016 2767 1085 garritus,
2795 1014 3027 1085 ejusque
3052 1032 3249 1072 sonum
3276 1034 3474 1088 quem-

181 1092 487 1149 admodum
522 1093 807 1147 brutorum
841 1092 1163 1147 animalium
1206 1109 1373 1149 voces
1420 1106 1809 1160 consueverat,
1839 1099 2045 1156 virtute
2077 1101 2319 1172 quadam
2370 1116 2435 1157 ac
2473 1105 2724 1174 potentia
2750 1102 3083 1158 daunoniaca
3109 1106 3476 1171 consuluerit,

182 1179 657 1252 quemadmodum
689 1180 1003 1236 luculenter
1037 1179 1326 1250 Scriptura
1359 1184 1664 1237 enarravit.
1692 1182 1895 1239 Verum
1918 1201 2019 1257 per
2043 1202 2106 1241 ea
2139 1202 2263 1256 quae
2287 1188 2363 1242 illi
2407 1188 2587 1244 l‘raudi
2622 1187 2847 1243 fuerunt
2884 1192 3107 1246 virtutis
3139 1192 3342 1247 divina:
3379 1192 3474 1245 llr—

186 1269 442 1323 mitatem
476 1266 689 1321 didicit.
733 1266 812 1322 Ac
846 1268 1014 1323 simili
1041 1282 1175 1325 sane
1209 1269 1374 1323 modo
1412 1270 1554 1340 legio
1605 1272 1657 1325 in
1701 1272 2014 1343 Evangeliis
2060 1276 2323 1343 potentiae
2363 1274 2564 1329 divinae
2594 1275 2659 1328 ad
2710 1279 3081 1332 resistendum
3118 1288 3305 1349 parata
3333 1288 3472 1340 erat.

182 1370 318 1409 cum
362 1364 544 1410 autem
572 1355 827 1410 cominus
849 1356 1095 1411 venisset
1152 1357 1243 1412 ille
1291 1357 1453 1426 cujus
1492 1359 1768 1430 majestati
1822 1375 1888 1415 ac
1915 1362 2147 1420 imperio
2196 1365 2383 1418 omnia
2424 1363 2738 1433 subjacent,
2775 1364 2945 1418 Deum
2974 1380 3098 1421 esse
3118 1363 3473 1433 exclamavit,

178 1442 547 1513 judicemque
575 1442 693 1496 fore
722 1453 807 1497 est
834 1441 1149 1498 confessus.
2870 1454 2875 1459 ‘

255 1529 432 1599 Atque
457 1528 522 1583 de
549 1528 777 1582 collibus
810 1529 1024 1583 intueor
1054 1546 1195 1598 eum.
1221 1528 1329 1602 [9.]
1355 1530 1439 1586 Ab
1472 1533 1708 1589 excelsis
1729 1538 1876 1592 enim
1906 1537 2039 1594 Baal
2082 1541 2319 1597 vertices
2352 1542 2536 1613 populi
2569 1542 2968 1613 prospiciebat.

261 1617 400 1672 Ecce
417 1621 642 1685 populus
675 1618 905 1673 seorsim
935 1618 1229 1673 habitabit.
1272 1620 1338 1672 Et
1378 1620 1589 1691 legibus
1617 1624 1764 1678 enim
1803 1635 1857 1681 et
1903 1627 2029 1682 loco
2070 1627 2338 1698 disjuncti
2386 1638 2567 1684 erant.
2606 1630 2779 1686 Nobis
2814 1646 2948 1686 vero
2983 1631 3240 1701 spiritus,
3272 1630 3328 1685 id
3362 1639 3471 1692 est,

181 1704 335 1775 quod
364 1706 499 1775 ipsis
521 1705 675 1759 locus
700 1713 844 1770 erat,
872 1720 1067 1775 parum
1097 1706 1245 1760 enim
1278 1708 1543 1761 momenti
1571 1709 1726 1766 locus
1751 1712 1818 1767 ad
1846 1715 2049 1770 mentis
2072 1716 2405 1771 divisionem
2454 1716 2640 1783 al‘l'crt,
2671 1734 2794 1789 qu'e
2822 1720 2990 1774 etiam
3013 1720 3473 1787 consuetudinem

185 1793 471 1848 innoxiam
508 1793 709 1848 reddit.
741 1792 859 1846 Non
893 1793 1039 1848 enim
1065 1793 1245 1848 studia
1277 1795 1522 1863 gentium
1550 1799 1899 1867 acmulamur,
1928 1802 2056 1858 licet
2077 1820 2202 1859 eum
2230 1803 2341 1859 illis
2370 1820 2676 1862 versemur.
2709 1807 2777 1861 Et
2797 1808 2926 1878 quis
2956 1819 3211 1865 numeret
3240 1808 3476 1881 populos

184 1880 377 1937 Israel.
418 1879 715 1952 Utriusque
749 1881 973 1936 nomine
1004 1882 1182 1936 honor
1230 1882 1301 1937 ad
1335 1896 1432 1938 eos
1461 1884 1649 1950 redit,
1677 1895 1732 1941 et
1763 1888 1993 1957 privatae
2022 1891 2196 1959 sedis,
2235 1900 2290 1947 et
2319 1894 2514 1961 amplae
2545 1896 2948 1952 multitudinis.

257 1991 538 2047 Moriatur
563 1991 776 2044 animus
805 2004 955 2043 meus
987 1999 1156 2045 morte
1173 1989 1471 2059 iustorum,
1504 2000 1555 2046 et
1586 1993 1724 2062 ﬁant
1749 2005 1987 2052 extrema
2016 2015 2135 2054 mea
2173 2002 2222 2055 ei
2251 2002 2475 2057 similia.
2514 2001 2652 2075 [l0.]
2686 2004 2790 2072 Qui
2821 2004 3149 2060 insidiarum
3176 2021 3346 2061 causa
3382 2023 3475 2063 ve-

181 2091 348 2141 nerat
382 2082 704 2138 societatem
736 2079 932 2134 horum
976 2078 1265 2135 hominum
1290 2081 1558 2150 consequi
1589 2093 1871 2154 precatur.
1906 2084 2059 2141 Adeo
2100 2086 2267 2141 Deum
2306 2089 2665 2160 diligentibus
2692 2094 2882 2145 omnia
2930 2093 3076 2146 bono
3117 2093 3339 2146 cedunt.
3370 2092 3473 2149 Hic

181 2174 335 2229 enim
366 2173 417 2226 id
445 2169 591 2240 quod
612 2175 805 2223 contra
837 2166 1099 2236 populum
1130 2167 1486 2226 machinatus
1516 2177 1640 2226 erat
1690 2171 1760 2226 ad
1812 2171 1903 2228 Dei
1953 2174 2183 2243 gloriam
2234 2178 2678 2246 cognoscendam
2731 2179 2833 2233 iter
2860 2179 3121 2248 praebuit,
3155 2180 3468 2235 daemonum

183 2257 508 2317 inﬁrmitate
533 2271 603 2311 ne
632 2255 786 2310 hiare
818 2253 1044 2324 quidem
1072 2262 1272 2310 contra
1304 2256 1397 2312 Dei
1426 2258 1719 2313 consilium
1744 2258 1982 2316 valente.
2014 2260 2202 2328 Quare
2253 2265 2358 2319 etsi
2403 2265 2551 2336 quod
2591 2264 2825 2333 faciunt,
2866 2283 2972 2320 non
3009 2269 3230 2338 propria
3264 2269 3315 2324 id
3350 2270 3461 2324 vir-

183 2356 307 2403 tute
336 2345 570 2409 i‘aciunt,
599 2343 695 2399 sed
719 2343 878 2397 venia
908 2342 1024 2405 Dei,
1061 2344 1151 2413 qui
1182 2345 1307 2423 pios
1337 2345 1429 2401 sui
1449 2346 1694 2404 cultores
1733 2361 1951 2417 semper
1972 2348 2232 2420 protegit,
2260 2349 2421 2419 juxta
2449 2353 2583 2408 illud
2620 2370 2634 2405 ι
2670 2370 2689 2406 ι
2726 2355 2831 2419 Qui
2864 2370 2960 2410 vos
2999 2356 3247 2427 attingit,
3284 2358 3467 2426 pupil-

185 2433 294 2489 lam
323 2433 473 2488 oculi
506 2431 609 2486 mei
640 2428 911 2499 contingit
933 2428 1000 2482 “.
1036 2446 1058 2481 ι
2189 2426 2193 2431 ·

258 2538 471 2626 Ληρισιι
490 2537 953 2626 obseruareaebeo
980 2553 1102 2626 quae
1127 2539 1265 2594 Deus
1285 2540 1543 2597 indiderit
1567 2544 1594 2599 ει
1624 2543 1765 2618 [12.]
1790 2545 1906 2603 Hoc
1936 2556 2046 2613 est,
2066 2546 2189 2605 Non
2218 2564 2445 2621 possum
2471 2560 2591 2608 arte
2612 2567 2734 2608 mea
2759 2553 2866 2609 hoc
2894 2552 3111 2610 ellicere
3148 2556 3295 2626 quod
3318 2557 3466 2614 sole-

180 2625 335 2682 bam.
370 2624 512 2680 ﬂuic
537 2639 669 2680 sane
694 2624 1110 2694 suﬂragabitur,
1139 2634 1194 2681 et
1217 2627 1534 2698 obsignabit
1564 2645 1731 2688 omne
1750 2647 1815 2690 os
1837 2648 2033 2690 eorum
2087 2637 2183 2707 qui
2222 2638 2412 2710 inique
2464 2639 2791 2709 loquuntur.
2819 2640 3092 2698 Caeterum
3125 2624 3289 2700 Balac
3312 2645 3462 2701 arbi-

181 2721 388 2777 tratur,
414 2713 533 2766 loco
567 2719 781 2766 mutato
812 2719 1154 2768 mutaturum
1192 2714 1443 2771 animum
1482 2733 1706 2789 quoque
1742 2721 2015 2779 divinum.

266 2822 527 2879 Verticem
562 2823 736 2911 collis.
764 2822 902 2896 [14.]
947 2825 1130 2879 Alium
1166 2841 1316 2882 nunc
1339 2842 1456 2883 non
1492 2830 1681 2886 minus
1716 2835 1887 2890 altum
1921 2838 2230 2907 exploravit
2262 2840 2466 2898 locum.
2500 2840 2680 2911 Super
2704 2842 2795 2898 bis
2838 2843 2985 2898 enim
3023 2843 3321 2900 simulacra
3351 2844 3467 2900 col-

179 2911 434 2968 locantes
461 2927 617 2968 sacra
641 2910 920 2967 iaciebant
949 2913 1050 2968 eis.
1082 2912 1390 2970 Consilium
1420 2933 1553 2973 vero
1584 2934 1776 2974 eorum
1812 2930 1897 2977 est
1932 2925 2261 2983 idololatriae
2295 2926 2463 2999 420
2504 2910 2868 2985 humilitatem
2906 2934 3151 2985 locorum
3206 2933 3467 2988 sublimi-
3578 2939 3600 2952 ’

184 3004 303 3052 tate
330 3000 646 3053 sublevare.
681 2995 983 3053 Procubuit
1012 3001 1158 3055 enim
1192 3002 1377 3067 homo,
1410 3012 1466 3059 et
1500 3019 1624 3061 sese
1658 3008 1859 3077 abjecit
1889 3011 1993 3077 vir,
2024 3014 2204 3084 inquit
2233 2995 2503 3085 propheta
2525 3054 2541 3080 ,
2570 3018 2796 3086 quando
2827 3017 2895 3072 de
2936 3018 3205 3072 idolorum
3237 3019 3468 3074 cultori:-

182 3084 292 3141 bus
317 3084 481 3140 verba
506 3083 670 3175 facit.
687 3084 850 3155 Atqui
902 3085 1049 3142 Deus
1100 3096 1321 3158 propter
1352 3089 1608 3147 lsraelem
1637 3094 1773 3148 nihil
1805 3112 1915 3152 non
1956 3083 2114 3166 facit,
2148 3083 2316 3156 etiam
2346 3083 2477 3156 cum
2531 3083 2629 3172 per
2664 3118 2882 3173 magum
2917 3104 3198 3174 loquatur.
3237 3106 3471 3175 Propter

180 3186 353 3241 quem
392 3171 570 3243 Cyrus
597 3172 780 3261 etiam
798 3175 1155 3261 quantumvis
1192 3175 1455 3247 indignus
1489 3178 1780 3249 imperium
1819 3192 1902 3240 ter
1934 3190 2231 3243 maximum
2262 3171 2613 3259 adipiscitur,
2648 3171 3050 3261 quo—lsraelem
3083 3195 3282 3249 liberet
3309 3171 3464 3250 vide-

183 3258 339 3323 licet,
372 3258 442 3313 ad
474 3274 639 3329 quem
671 3259 812 3314 dixit
854 3275 867 3312 :
906 3276 926 3310 ι
964 3259 1196 3331 Propter
1230 3261 1491 3318 lsraelem
1517 3280 1743 3321 servum
1780 3286 1958 3327 meum
1992 3283 2043 3330 te
2070 3277 2293 3331 nomine
2328 3258 2424 3332 tuo
2456 3258 2762 3333 vocabo".
2800 3297 2819 3330 ι

260 3367 342 3422 Τὰ
368 3365 589 3431 ἔνδοξα
615 3366 924 3435 ἀρχόντων
958 3367 1031 3421 ἐν
1064 3367 1247 3433 αὐτῷ.
1308 3370 1565 3437 Ἀκύλας,
1609 3373 1777 3429 Ἀλα-
1804 3376 1822 3424 Λ

1950 3381 2196 3454 Insignia
2247 3388 2544 3454 principum
2588 3387 2644 3441 in
2692 3404 2772 3442 eo.
2843 3387 2983 3462 [17.]
3019 3391 3236 3460 Aquila,
3290 3391 3464 3446 Lazlua

181 3458 424 3527 λατμὸς
462 3456 767 3522 ⁴βασιλέως
813 3458 883 3511 ἐν
909 3458 1094 3524 αὐτῷ.
1123 3459 1439 3532 Σύμμαχος,
1475 3466 1743 3533 σημασία

1896 3475 2074 3531 ηιαιηον
2109 3480 2407 3547 principum
2438 3481 2491 3533 in
2516 3497 2597 3534 eo.
2629 3482 2997 3551 Symmachus
3030 3483 3199 3537 habet
3229 3485 3458 3552 signum.

180 3548 506 3614 Θεοδοτίων,
533 3549 903 3618 σαλπισμός.
931 3550 1181 3603 Δείκνυσι
1207 3550 1288 3615 δὲ,
1317 3551 1393 3616 ὡς
1423 3552 1566 3623 πρὸς
1595 3554 1674 3625 τῷ
1699 3573 1742 3626 μί

1901 3566 2215 3624 l‘beodotion
2243 3574 2391 3624 tuba.
2427 3569 2643 3626 Iudicat
2672 3548 2853 3625 autem
2885 3574 3031 3643 quod
3069 3574 3135 3627 ad
3164 3548 3463 3644 impunita-

183 3641 396 3712 βλάψαι
427 3639 784 3711 νικηθήσεται
817 3643 845 3694 ὀ
876 3640 1080 3706 Βαλὰκ,
1116 3642 1348 3713 πάσχων
1377 3643 1414 3698 ἃ.
1451 3648 1624 3699 ποιεῖν
1682 3648 1740 3700 ὲν

1901 3646 1989 3712 ειῐι
2019 3659 2129 3714 illis
2163 3662 2578 3716 concedendam
2614 3664 2679 3718 ad
2714 3676 2897 3719 actum
2926 3667 2997 3720 sit
3039 3666 3245 3732 iturus,
3288 3670 3343 3722 ni
3368 3685 3463 3724 ea-

181 3733 384 3804 ενὸησε
406 3749 423 3765 ο
455 3732 634 3786 καίτοι
657 3730 761 3786 τοῦ
802 3732 940 3787 Θεοῦ
970 3733 1239 3800 εἰπόντος,
1277 3753 1297 3785 ι
1338 3735 1431 3807 Μὴ
1462 3736 1743 3808 ὲχθραίνετ

1900 3747 2000 3803 lem
2028 3752 2139 3819 pati
2178 3753 2308 3806 velit
2337 3769 2459 3822 quae
2484 3756 2600 3810 illis
2632 3756 2837 3812 inferre
2871 3759 3154 3828 cogitavit.
3202 3761 3462 3827 Quamvis

181 3827 303 3889 τοῖς
321 3824 661 3890 Μωαϐίταις,
691 3844 712 3878 ι
748 3826 937 3898 ἐπειδὴ
956 3829 1070 3891 τοῖς
1096 3829 1234 3892 υἱοῖς
1261 3828 1386 3884 Λὼτ
1418 3831 1621 3886 δέδωκε
1641 3831 1743 3886 ταύ

1897 3857 2015 3897 vero
2047 3842 2190 3900 Deus
2225 3844 2476 3903 dixerat:
2519 3847 2830 3905 «Moabitas
2865 3851 3131 3907 infestare
3167 3854 3339 3908 nolite
3360 3854 3459 3921 “,i

177 3929 290 3986 την
316 3914 416 3985 τὴν
460 3915 586 3985 γῆν.
645 3914 739 3968 Ἐκ
792 3913 895 3986 μὲν
940 3909 1034 3970 οὖν
1060 3915 1159 3970 τοῦ
1200 3918 1391 3985 γένους
1421 3919 1582 3990 ἔσχον
1609 3921 1674 3974 τὸ
1701 3939 1739 3992 μ

1902 3932 2144 4000 [naniam
2202 3934 2332 3990 ﬁliis
2386 3934 2489 3991 Lot
2521 3951 2642 3991 eam
2685 3948 2889 3993 terram
2936 3941 3186 4008 dederat,
3221 3909 3464 4015 adeoque

177 4008 484 4063 ἀνάστατοι
514 4006 767 4075 γενέσθαι
786 4022 802 4038 ο
833 4006 929 4061 καὶ
961 4008 1231 4078 ἄρξαντες
1261 4010 1320 4063 δὲ
1350 4010 1590 4077 ἀδικίας,
1622 4013 1739 4066 ἀντι

1897 4023 2103 4092 generis
2149 4028 2509 4096 praerogativa
2544 4029 2752 4083 vastari
2808 4045 2918 4085 non
2971 4006 3313 4102 debuerant;
3357 4006 3459 4107 ipsi

178 4098 497 4152 πεπόνθασι
519 4097 943 4169 κατακριθέντες
966 4099 1072 4153 ὑπὸ
1113 4099 1249 4155 Θεοῦ
1276 4099 1370 4154 τοῦ
1401 4102 1637 4167 διδόντος
1677 4104 1740 4159 τὰ

1899 4127 2065 4168 .amen
2086 4114 2420 4184 injuriarum
2444 4118 2606 4187 primi
2635 4134 2762 4174 cum
2799 4121 2914 4176 sint
2939 4130 3220 4192 auctores,
3240 4127 3461 4181 easdem

179 4188 410 4252 ἀδικίας
437 4189 685 4243 ἑκάστων
717 4191 800 4254 εἰς
830 4189 930 4254 τὰς
970 4191 1215 4260 κεφαλὰς
1251 4192 1457 4249 αὐτῶν.
1486 4194 1741 4265 Σημασία

1902 4203 2130 4260 vicissim
2166 4217 2302 4261 sunt
2337 4210 2586 4278 perpessi
2615 4210 2772 4278 justo
2813 4211 2909 4268 Dei
2941 4213 3177 4283 judicio,
3207 4188 3310 4287 qui
3343 4220 3464 4272 uni-

176 4279 240 4333 δὲ
269 4278 374 4341 τὰς
405 4277 715 4347 σάλπιγγας
740 4278 962 4350 νοητέον
984 4281 1083 4344 τὰς
1109 4278 1202 4335 ἐπὶ
1228 4282 1444 4354 σημείῳ
1472 4281 1567 4336 τοῦ
1601 4285 1738 4356 οὐρα

1899 4292 2081 4363 tuique
2109 4277 2458 4365 iniquitatem
2490 4277 2659 4368 super
2684 4297 2849 4372 caput
2871 4277 3030 4358 suum
3064 4277 3268 4361 reddit.
3293 4305 3461 4377 Signa

177 4371 301 4424 νίου
332 4369 602 4440 βασιλέως
641 4370 965 4442 αίρομένας.
1009 4372 1106 4435 Ὃς
1166 4371 1309 4442 μετὰ
1347 4373 1671 4444 σαλπίγγων
1710 4379 1739 4431 ὲ

1900 4393 2010 4433 vero
2035 4393 2101 4434 ea
2128 4382 2290 4437 tubas
2322 4382 2497 4441 fuisse
2536 4369 2894 4458 cogitandum
2919 4400 3024 4459 est,
3065 4395 3266 4464 quibus
3302 4369 3462 4452 εηέί-

176 4461 423 4535 οὐρανοῦ
452 4463 745 4535 παρέσται,
773 4460 1154 4528 ἀποκαθιστὰς
1198 4464 1301 4536 τὴν
1335 4465 1699 4535 ἐπαγγελίαν.

1900 4482 2043 4535 gnum
2061 4476 2115 4523 et
2128 4473 2446 4527 memoriam
2467 4476 2711 4533 caelestis
2727 4481 2874 4550 regis
2890 4460 3214 4549 cauebatur,
3230 4485 3321 4553 qui
3341 4500 3462 4554 pro-

1803 4556 1847 4611 B
1877 4559 2142 4616 missione
2173 4576 2275 4618 sua
2307 4573 2620 4622 restaurata
2651 4585 2780 4624 cum
2817 4573 2963 4627 tubis
2993 4574 3219 4629 caelitus
3258 4575 3456 4632 aderit.

253 4662 482 4733 Aliquid
537 4663 703 4732 igitur
750 4662 1018 4718 molestiae
1049 4677 1080 4717 a
1119 4662 1281 4718 Balac
1314 4664 1396 4720 eis
1429 4665 1532 4720 fuit
1562 4666 1897 4736 iniunctum.
1929 4670 2069 4726 Illud
2098 4688 2232 4728 vero
2257 4675 2403 4745 quod
2434 4676 2567 4733 dicit
2603 4695 2617 4732 :
2656 4679 2980 4735 Beuedicam
3019 4683 3090 4748 ei,
3134 4698 3237 4739 nec
3267 4699 3461 4741 recan-

180 4758 340 4822 tabo,
375 4758 649 4812 luculenta
689 4757 759 4813 de
794 4758 1002 4813 sanctis
1033 4759 1356 4816 ehristianis
1387 4761 1676 4831 prophetia
1709 4772 1815 4821 est.

258 4848 420 4905 Altus
451 4849 551 4901 erit
579 4862 669 4950 rex
694 4850 828 4950 ejus“
839 4850 904 4901 ab
941 4850 1110 4919 Agag,
1145 4851 1679 4924 magni/icabiturque
1723 4872 1944 4927 regnum
1982 4859 2121 4928 ejus.
2158 4859 2372 4932 [XXIV],
2412 4865 2492 4939 7.]
2532 4866 2650 4923 Hoc
2681 4876 2791 4935 est,
2841 4852 3029 4942 supra‘
3053 4886 3282 4945 regnum
3315 4876 3453 4950 Gog.

183 4932 282 4989 Sic
314 4934 685 5007 Symmachus
706 4943 762 4989 et
785 4934 1131 4990 Theodotion
1159 4950 1555 5005 exposuerunt.

179 5109 217 5166 ὁ
255 5023 402 5077 Deus
424 5022 607 5076 eduxit
634 5037 754 5077 eum
778 5037 844 5077 ea:
864 5021 1125 5093 ﬂgypto.
1163 5021 1267 5095 [8.]
1302 5022 1422 5079 Non
1450 5025 1776 5096 humanum,
1810 5029 2011 5102 inquit,
2042 5033 2145 5091 hoc
2172 5035 2276 5093 iter
2306 5048 2412 5109 est,
2439 5057 2543 5097 nec
2568 5044 2872 5102 collabetur
2895 5048 3061 5104 etiam
3088 5066 3103 5115 ;
3137 5048 3280 5107 Deus
3304 5053 3449 5107 enim

223 5125 298 5165 ιιι
332 5109 455 5166 eius
475 5118 579 5164 est.
684 5144 691 5145 κ

223 5125 298 5165 ιιι
332 5118 455 5179 ejus
475 5118 579 5164 est.
684 5144 691 5145 γ

252 5196 431 5251 Robor
448 5196 567 5264 ejus
593 5204 648 5247 ut
674 5196 1045 5251 monoeci-otia.
1089 5195 1411 5253 Monoccros
1449 5199 1651 5255 animal
1682 5210 1767 5259 est
1799 5201 1942 5274 quod
1967 5203 2135 5261 nullis
2171 5207 2451 5266 hominum
2496 5213 2706 5272 viribus
2737 5218 2793 5273 in
2834 5219 3117 5274 servitium
3154 5221 3325 5293 redigi
3352 5238 3453 5294 po-

181 5293 316 5342 test.
335 5284 413 5339 Eo
443 5284 606 5354 igitur
637 5298 738 5338 ceu
758 5283 1008 5353 exemplo
1038 5283 1304 5339 indomita
1330 5288 1514 5355 populi
1547 5288 1630 5344 vis
1656 5289 1947 5348 indicatur.

263 5394 553 5466 Ὢμολόγει
597 5392 831 5462 Βαλαὰμ
878 5393 975 5456 τὰς
1023 5391 1221 5447 ἑαυτοῦ
1269 5394 1465 5465 τέχνας
1500 5398 1768 5468 ἡττῆσθαι

1940 5402 2151 5462 Interea
2179 5423 2307 5464 vero
2337 5414 2709 5470 conﬁtebatur
2735 5418 2954 5473 Balaam
2991 5428 3140 5476 artes
3164 5438 3295 5476 suas
3323 5439 3445 5479 esse

191 5485 294 5541 ὑπὸ
345 5484 457 5539 τῶν
495 5485 569 5556 μὴ
596 5484 902 5556 χρωμένων
940 5485 1154 5549 αὐταῖς.
1204 5485 1346 5575 Ἀλλ’
1378 5487 1479 5541 οὐκ
1523 5488 1753 5561 ἔρημος,

1883 5505 2156 5564 superatas
2200 5500 2270 5556 ab
2317 5501 2386 5558 iis
2431 5506 2524 5575 qui
2577 5522 2672 5563 eas
2727 5526 2836 5565 non
2894 5520 3218 5569 tractarent.
3252 5514 3445 5570 Verum

188 5580 343 5651 φησι,
384 5576 472 5631 διὰ
506 5576 666 5630 τοῦτο
695 5574 997 5647 μελλόντων
1019 5574 1386 5647 προγνώσεως
1406 5593 1421 5608 °
1462 5578 1598 5634 ἀλλὰ
1628 5582 1750 5653 πρὸς

1878 5601 2056 5645 rerum
2088 5587 2397 5650 futurarum
2448 5599 2764 5669 cognitione
2804 5612 3096 5676 propterea
3132 5625 3241 5665 non
3271 5609 3440 5666 desti-

198 5752 209 5759 ’
252 5776 303 5811 ⁸⁸
324 5774 554 5831 Zachar.
587 5789 649 5841 ιι,
676 5772 742 5827 ι8.
817 5773 861 5806 ³⁷
882 5772 998 5828 ‘lsa.
1034 5789 1155 5841 xcv,
1185 5773 1239 5830 4.
1315 5773 1360 5805 ⁸⁸
1393 5772 1548 5831 Deut.
1586 5791 1648 5842 ll,
1673 5776 1727 5833 9.
