3956 6394
537 353 646 421 3m
1882 361 2236 425 PROCOPII
2272 362 2521 425 GAZ.-EI
3689 373 3774 438 ses

542 473 787 530 tuuutur,
829 463 1044 536 inquit;
1080 463 1300 520 audient
1331 465 1478 521 enim
1510 465 1695 521 futura
1721 483 1830 522 non
1871 471 1994 525 sine
2023 470 2100 524 uti

2233 471 2294 524 τὸ
2313 472 2590 542 χρήσιμον
2614 467 2944 522 ἀκούσονται
2979 468 3046 522 τὰ
3077 467 3356 538 μέλλοντα.
3387 487 3405 523 ι
3431 472 3579 530 Κατὰ
3602 482 3777 549 καιρὸν,

541 557 693 611 litate
724 570 821 610 sua
851 572 869 606 ι
915 555 1188 624 Tempore
1246 570 1370 620 suo,
1407 554 1605 625 inquit,
1638 555 1860 612 dicetur
1889 558 1970 612 eis
2003 558 2097 628 qui

2238 564 2397 633 φησι,
2435 563 2738 634 ῥηθήσεται
2765 562 2821 614 τί
2848 563 3154 615 ἐπιτελέσει
3182 564 3210 616 ὁ
3237 562 3390 627 Θεός.
3422 583 3441 616 ι
3474 565 3552 618 Τὰ
3579 570 3676 640 γὰρ
3695 572 3783 626 δαι.

541 647 791 703 fat-turus
818 649 892 703 sit
933 646 1100 701 Deus.
1137 666 1156 698 ι
1202 645 1478 702 Vaticinia
1512 650 1657 704 enim
1688 650 2000 704 damonum
2026 668 2096 706 no

2242 657 2421 727 μόνων
2459 657 2519 709 οὐ
2554 654 2692 726 πρὸς
2745 654 2807 706 τὸ
2864 653 3156 725 χρήσιμον.
3209 654 3271 707 '0
3320 656 3417 723 μὲν
3463 655 3566 727 γὰρ
3613 659 3784 730 Ἀχαὰὸ

542 743 608 796 ad
649 741 944 795 utilitatem
979 746 1256 808 spectant.
1301 741 1492 794 Achab
1531 741 1735 796 etenim
1775 741 2104 798 divinationi

2241 748 2527 818 μαντείαις
2566 745 2967 817 ἀπατώμενος,
3028 745 3131 816 τῆς
3185 745 3420 816 ἀληθοῦς
3452 748 3544 802 τοῦ
3583 752 3787 822 Μιχαίου

538 833 647 888 bus
679 833 938 900 deceptus
963 847 1106 885 vera
1139 830 1424 887 Michaira
1453 834 1755 902 pr0phetia
1796 835 1952 890 bouis
1984 836 2100 890 exci

2243 843 2586 912 προφητείας
2626 839 2953 910 ἐξεκρούετο
2973 856 2986 870 ο
3024 840 3053 892 ὁ
3081 839 3139 892 δὲ
3169 839 3334 893 Δασὶδ
3362 843 3672 911 προακούων
3702 847 3788 900 τῶν

539 926 640 979 dit.
678 924 849 978 David
886 940 1014 978 vero
1037 940 1161 978 cum
1195 925 1464 979 bellorum
1495 927 1677 981 exitus
1699 927 1854 998 prius
1889 928 2101 984 audivis

2245 933 2500 1003 πολέμων
2521 934 2589 986 τὰ
2619 933 2747 1002 τέλη
2784 932 2880 986 καὶ
2909 932 3007 1003 τὴν
3038 930 3370 1004 πρόῤῥησιν,
3405 935 3643 990 ἐκινεῖτο.
3663 937 3789 992 Οὕτω

540 1026 626 1072 set
661 1014 729 1069 ad
768 1015 1096 1069 vaticinium
1128 1031 1251 1072 sese
1281 1018 1742 1072 accommodavit.
1767 1017 1843 1071 lta
1867 1017 2102 1089 Josapha

2246 1024 2343 1077 ml
2386 1023 2650 1093 Ἰωσαφὰτ
2683 1023 2870 1090 ἔλεγεν
2893 1040 2904 1053 ·
2945 1040 2963 1074 ι
3015 1008 3454 1093 Ἐμῖηιστεύσατε
3477 1022 3553 1095 τῷ
3581 1024 3689 1098 Θεῷ
3718 1032 3788 1082 καὶ

537 1124 760 1182 quoque
790 1109 928 1162 dixit
967 1125 980 1161 :
1020 1127 1038 1159 ι
1076 1107 1297 1163 Credite
1326 1107 1437 1162 Deo
1463 1117 1516 1162 et
1553 1111 1833 1180 propheta
1855 1110 1977 1180 ejus
2005 1112 2070 1164 ".

1326 1107 1437 1162 Deo
1463 1117 1516 1162 et
1553 1111 1833 1180 propheta
1855 1110 1977 1180 ejus
2005 1112 2070 1164 ³⁸.
2113 1130 2132 1163 ι
2245 1114 2325 1185 τῷ
2347 1116 2610 1188 προφήτῃ
2641 1113 2833 1166 αὑτοῦ.
2870 1132 2887 1166 ι

609 1221 889 1276 Accubans
906 1220 1155 1274 dormivit
1184 1230 1240 1273 ut
1269 1220 1370 1279 leo.
1389 1219 1602 1292 [XXIV,
1621 1219 1700 1292 9.]
1719 1221 1876 1287 Quod
1896 1221 2040 1276 enim
2073 1236 2101 1275 a
2120 1232 2316 1280 natura
2342 1242 2442 1283 sua
2471 1228 2556 1282 leo
2580 1226 2770 1288 habet,
2793 1224 2846 1279 id
2868 1239 2934 1279 ex
2958 1221 3070 1279 Deo
3089 1221 3279 1280 lsrael.
3307 1221 3514 1290 Quibus
3539 1228 3792 1284 conlitetur

539 1305 787 1376 Balaam,
813 1325 874 1365 se
907 1325 1018 1362 non
1043 1325 1110 1362 ex
1144 1309 1311 1362 animi
1339 1309 1542 1379 pietate
1568 1350 1582 1376 ,
1617 1309 1710 1364 sed
1737 1309 1969 1363 invitum
2000 1324 2064 1364 ac
2099 1314 2374 1371 nolentem
2409 1315 2513 1369 ista
2536 1313 2740 1368 dicere.

607 1417 674 1474 Si
698 1419 925 1486 placebit
959 1419 1092 1482 Deo,
1124 1416 1444 1488 Hieronym.
1480 1433 1494 1472 :
1525 1415 1616 1470 sed
1650 1415 1908 1470 Dominus
1942 1427 1991 1470 te
2025 1418 2143 1486 pri-

2315 1424 2381 1475 Ει
2409 1421 2615 1490 ἀρέσει
2645 1419 2725 1485 τῷ
2750 1418 2892 1484 Θεῷ.
2913 1420 2988 1472 Οὐ
3012 1417 3149 1472 Θεὸν
3175 1418 3290 1489 (79)
3314 1417 3441 1472 οὐδὲ
3465 1418 3628 1484 οὕτως
3651 1422 3791 1486 εἰδώς·

537 1513 680 1566 'vavit
727 1512 944 1565 honore.
1001 1509 1158 1582 [H.]
1213 1509 1334 1564 Non
1388 1509 1534 1580 quod
1596 1507 1764 1565 Deum
1821 1525 2098 1580 cognover

2248 1516 2310 1569 οὺ
2345 1516 2456 1585 γὰρ
2503 1515 2570 1570 ἂν
2623 1515 2808 1568 ἐκάλει
2838 1513 2932 1566 τὸν
2992 1515 3191 1583 μάγον,
3245 1513 3369 1566 οὐδὲ
3402 1511 3490 1566 διὰ
3513 1512 3691 1568 τούτου
3719 1516 3794 1586 τὴν

543 1602 741 1667 Balac,
781 1603 990 1672 alioqui
1046 1603 1194 1657 enim
1232 1617 1342 1657 non
1391 1601 1724 1656 accersisset
1775 1610 1973 1657 vatem.
2033 1602 2105 1658 Le

2251 1607 2508 1678 βοήθειαν
2557 1606 2868 1676 προσεδόκα
2903 1605 3039 1676 (80).
3101 1603 3241 1657 Ἀλλ’
3270 1603 3510 1668 ἐκείνους
3552 1606 3644 1674 μὲν
3688 1601 3793 1661 εἶναι

543 1697 732 1766 quitur
763 1705 948 1749 autem
992 1694 1058 1747 ad
1094 1710 1301 1749 morem
1333 1694 1656 1749 Gracorum
1683 1731 1699 1758 ,
1740 1694 1836 1764 qui
1877 1693 2105 1749 dicuntu

2251 1698 2557 1769 ἡγούμενος
2587 1698 2715 1759 τοὺς
2737 1695 2866 1765 παρ’
2902 1695 3134 1764 Ἕλλησι
3166 1695 3616 1765 νενομισμένους,
3655 1698 3698 1750 οἳ
3721 1698 3793 1750 Θυ-

544 1786 836 1842 sacriﬁciis
871 1785 1184 1855 transponi.

2252 1791 2397 1851 σίαις
2422 1787 2810 1858 μετατίθεσθαι
2841 1787 2952 1858 (81)
2985 1786 3240 1854 λέγονται
3271 1785 3406 1857 παρ’
3439 1787 3637 1849 αὐτοῖς.

616 1878 848 1932 Revelati
905 1879 1048 1932 oculi
1107 1877 1244 1947 ejus.
1278 1876 1420 1950 [15.]
1470 1877 1688 1948 Reliqui
1728 1885 2130 1948 exposuerunt,
2171 1859 2178 1917 Ῑ

2315 1880 2900 1948 Ἀποκεκαλυμμένοι
2931 1881 2984 1932 οι
3024 1879 3324 1948 ὀφθαλμοὶ
3365 1877 3574 1934 αὐτοῦ.
3621 1880 3678 1932 0i
3709 1880 3791 1934 λοι-

551 1990 570 2024 ι
603 1979 866 2039 tanquam
905 1985 1102 2025 somno
1131 1969 1398 2036 obturati,
1431 1988 1448 2020 ι
1481 1969 1577 2026 sed
1610 1979 1891 2039 utcunque
1924 1970 2113 2024 clauso

2245 1971 2338 2025 mi.
2366 1971 2662 2037 ἐξέδωκαν,
2677 1969 3170 2041 ιὲμπεφραγμένοι
3189 1970 3268 2033 ὡς
3295 1973 3352 2024 ἐν
3375 1970 3575 2038 ὕπνῳ.»
3594 1970 3792 2042 δηλονότι

545 2064 717 2120 fuisse
749 2071 989 2127 constat,
1026 2063 1165 2118 adeo
1193 2073 1251 2118 ut
1280 2078 1481 2118 sensus
1510 2072 1768 2132 expertes
1804 2072 2014 2118 essent.
2038 2061 2107 2117 Pe

2242 2063 2628 2134 κεκλεισμένοι
2654 2079 2667 2093 °
2693 2063 2832 2134 ὅπερ
2856 2064 2958 2118 οὐκ
2983 2061 3277 2136 αἰσθητὴν,
3304 2063 3634 2135 προφητικὴν
3654 2063 3703 2117 δὲ
3719 2080 3794 2134 ση-

543 2156 939 2210 revelationem
989 2168 1122 2209 vero
1179 2168 1372 2209 eorum
1428 2153 1702 2210 visionem
1761 2153 2105 2224 propheticat

1241 2169 1372 2208 trum
1428 2153 1702 2210 visionem
1761 2153 2140 2224 propheticam
2245 2157 2427 2228 μαίνει
2461 2155 2562 2227 τὴν
2587 2156 2803 2226 ὅρασιν.

544 2249 746 2305 innuit.

616 2362 790 2428 Quam
820 2370 1054 2416 venustae
1096 2370 1219 2416 sunt
1252 2361 1444 2414 domus
1476 2367 1600 2424 tum,
1630 2359 1822 2416 Jacob.
1857 2361 1961 2434 [5.]
2005 2361 2304 2416 Fortunam
2343 2354 2558 2412 lsraelis
2587 2355 2831 2410 celebrat
2855 2355 3116 2411 vaticinio
3142 2357 3207 2412 de
3237 2371 3305 2412 eo
3329 2358 3420 2428 qui
3453 2373 3515 2414 ex
3537 2357 3614 2413 eis
3642 2359 3794 2414 oriun-

542 2451 648 2506 dus
671 2459 836 2504 esset.
874 2449 1008 2503 Nam
1028 2451 1185 2518 juxta
1210 2449 1438 2503 Paulum
1469 2467 1488 2500 ι
1521 2436 1686 2504 Salus
1719 2466 1784 2504 ex
1822 2450 2022 2506 ludais
2053 2459 2136 2504 est
2158 2449 2274 2502 “.i
2311 2444 2514 2500 Eadem
2545 2458 2674 2498 vero
2703 2443 2990 2513 prophetia
3013 2443 3146 2513 quid
3178 2445 3478 2514 postremis
3505 2447 3792 2515 temporibus

544 2533 643 2608 per
673 2537 954 2592 Christum
983 2534 1286 2605 gerendum
1314 2543 1479 2602 esset,
1515 2535 1781 2605 pradicit.
1823 2537 1956 2591 Item
1987 2552 2108 2591 mox
2141 2534 2258 2590 [ore
2289 2544 2348 2588 ut
2391 2531 2610 2586 lsraelis
2641 2529 2874 2601 populus
2909 2531 2963 2584 in
2988 2530 3092 2585 hoc
3123 2531 3328 2588 itinere
3349 2533 3648 2604 amplietur,
3673 2541 3720 2588 et
3752 2535 3793 2588 iu

546 2626 761 2681 calesti
786 2639 914 2691 rege
943 2639 1008 2677 ex
1050 2624 1182 2691 ipsis
1217 2623 1454 2679 oriundo
1484 2630 1748 2693 tanquam
1784 2625 2043 2693 irrigatus
2078 2629 2288 2692 surgat.
2311 2621 2388 2675 Ac
2419 2627 2479 2674 ut
2505 2620 3005 2674 luculentissimum
3040 2618 3201 2674 ﬁnem
3231 2619 3398 2676 bellis
3423 2619 3790 2692 Gogicisiaciat,

545 2713 652 2779 Qui
683 2710 799 2782 Gog
837 2711 1034 2764 ttltimo
1069 2710 1270 2765 insultu
1309 2721 1499 2764 contra
1523 2721 1748 2764 sanctos
1781 2710 1875 2765 Dei
1909 2713 2052 2766 facto
2105 2709 2228 2779 igne
2274 2707 2486 2764 calesti
2530 2721 2594 2762 ac
2647 2706 2836 2760 divino
2873 2721 2999 2761 eum
3050 2707 3305 2763 exercitu
3359 2723 3460 2764 suo
3501 2709 3789 2771 absuutetur,

542 2810 700 2878 juxta
738 2799 1042 2855 Ezechielis
1102 2800 1446 2870 prophetiam
1480 2798 1549 2852 δι.
1603 2799 1737 2867 Ejus
1771 2815 1898 2854 vero
1931 2799 2049 2854 loco
2081 2797 2229 2868 quod
2268 2795 2493 2860 dicitur,
2534 2813 2553 2846 ι
2595 2795 2660 2848 Et
2688 2793 2932 2864 prodibit
2961 2793 3148 2858 homo,
3189 2812 3209 2848 ι
3255 2796 3432 2866 posuit
3483 2793 3790 2868 Symmachus

543 2905 714 2956 aquas
743 2889 980 2955 rigantes
1024 2894 1073 2939 et
1121 2887 1506 2939 incrementum
1553 2885 1892 2955 adjuvantes.
1959 2885 2362 2941 Desceusurum
2420 2883 2618 2937 etenim
2659 2883 2834 2937 instar
2886 2881 3085 2952 pluvia
3129 2897 3304 2954 super
3336 2885 3526 2950 vellus,
3549 2884 3790 2940 Dominum

543 2976 680 3029 dicit
715 2971 885 3026 Dat-id
916 2972 984 3026 ".
1014 2972 1227 3038 Quibus
1247 2971 1539 3041 subjungit
1563 2973 1708 3026 vires
1753 2971 1960 3042 populi,
2010 2972 2213 3041 quibus
2265 2981 2511 3041 tempore
2561 2971 2893 3026 brevissimo
2937 2981 3126 3025 contra
3157 2980 3356 3042 gentes
3391 2974 3462 3029 sit
3491 2973 3787 3028 invaliturus.

540 3059 666 3116 Jzun
697 3075 825 3114 vero
856 3059 970 3115 hac
999 3061 1184 3114 omnia
1231 3059 1298 3114 de
1356 3057 1582 3113 Christo
1629 3059 1815 3127 aptius
1848 3059 2244 3134 intelligentur.
2277 3059 2449 3126 Quem
2502 3059 2648 3112 enim
2708 3057 2876 3113 Isaias
2922 3057 3223 3130 A'lgyptum
3282 3061 3580 3131 ingressum
3605 3060 3790 3115 tentoria

545 3149 768 3220 IEgypti
818 3163 1219 3204 concussurum
1273 3147 1410 3202 dicit
1476 3147 1542 3208 ⁸³,
1573 3135 1735 3218 42],
1795 3162 1921 3202 eum
1969 3147 2060 3202 hic
2101 3163 2248 3202 nunc
2294 3148 2504 3202 indicat
2533 3161 2598 3202 ex
2635 3161 2698 3201 ea
2732 3147 3126 3202 redire.'Sicut
3170 3149 3381 3204 factum
3408 3165 3527 3206 esse
3554 3149 3790 3220 Evangelia

543 3243 841 3291 testantur.
867 3234 1004 3289 Nam
1025 3251 1148 3290 cum
1195 3234 1422 3305 fugisset
1447 3249 1571 3288 cum
1605 3235 1924 3305 parentibus
1951 3236 2069 3290 suis
2102 3249 2132 3288 a
2162 3235 2377 3290 Herode
2408 3233 2664 3290 Christus
2706 3234 2985 3303 profectus
3019 3247 3105 3292 est
3133 3236 3189 3290 in.
3221 3236 3548 3309 Egyptum;
3581 3237 3791 3292 deiunCto

549 3335 732 3380 autem
767 3339 854 3391 eo,
884 3328 1082 3379 iterum
1114 3332 1195 3377 est
1219 3337 1496 3377 reversus.
1529 3321 1633 3388 Qui
1674 3323 1841 3378 etiam
1875 3323 2026 3378 solus
2055 3337 2123 3378 ex
2151 3325 2361 3378 semine
2382 3321 2599 3378 lsraelis
2633 3323 2934 3377 multarum
2959 3325 3202 3394 gentium
3232 3325 3416 3382 factus
3440 3335 3522 3382 est
3555 3325 3786 3386 Dominus,

543 3414 687 3468 adeo
723 3423 778 3467 ut
822 3420 1018 3482 praeter
1064 3411 1242 3480 ipsum
1277 3425 1439 3465 nemo
1472 3409 1614 3466 alius
1652 3409 1757 3463 hac
1805 3409 2091 3480 prophetia
2143 3409 2484 3480 designetur.
2522 3409 2636 3466 Sub
2687 3411 2848 3481 cujus
2881 3411 3111 3482 imperio
3139 3413 3310 3468 etiam
3343 3429 3562 3486 regnum
3593 3414 3692 3483 Gog
3712 3410 3787 3475 llo.-

545 3499 863 3569 ~ruit,-quod
895 3499 1052 3567 juxta
1078 3497 1336 3552 Hebraeos
1371 3497 1662 3566 imperium
1692 3497 2071 3552 Romanorum
2125 3497 2424 3566 signiﬁcat,
2479 3497 2585 3552 sub
2633 3514 2743 3568 quo
2796 3497 3004 3554 Christi
3045 3499 3302 3554 doctrina
3332 3501 3567 3573 vigorem
3615 3511 3788 3571 quoque

545 3604 707 3643 suum
733 3589 942 3642 habuit.
973 3585 1144 3652 Quem
1174 3584 1426 3640 Ezechiel
1460 3584 1768 3654 principem
1829 3584 2006 3650 Rhos,
2041 3592 2095 3639 et
2117 3586 2366 3653 Mosoch,
2418 3593 2474 3641 et
2523 3585 2732 3641 Thobel
2783 3587 3054 3642 nominat.
3090 3573 3195 3644 Per
3233 3588 3390 3647 Rhos
3416 3590 3625 3661 quidem
3657 3597 3703 3642 ut
3725 3596 3789 3642 est

549 3678 852 3732 verisimile
887 3675 1194 3729 Roiuauum
1225 3674 1518 3744 imperium
1555 3675 1793 3729 obscure
1827 3674 2127 3739 denotans,
2161 3673 2435 3744 siquidem
2461 3681 2516 3728 et
2540 3674 2912 3744 principatum
2939 3687 2993 3729 et
3013 3687 3179 3746 caput
3204 3677 3276 3734 ad
3309 3677 3561 3734 Hebraos
3586 3678 3786 3732 deamat.

549 3763 652 3821 Per
679 3765 899 3820 Mosoch
942 3780 1072 3818 vero
1098 3762 1349 3831 Mysiam,
1382 3773 1436 3817 et
1467 3770 1659 3830 gentes
1707 3761 1876 3831 hujus
1922 3763 2275 3833 undiquaque
2314 3760 2579 3816 Romanis
2633 3761 2902 3816 subditas.
2951 3761 3058 3817 Per
3111 3763 3322 3820 Thobel
3365 3774 3543 3820 autem
3578 3764 3784 3825 iberiam,

549 3865 610 3907 ut
630 3861 821 3907 auctor
852 3862 937 3906 est
965 3849 1261 3920 Josephus.
1321 3847 1544 3903 Necnon
1572 3864 1701 3904 vero
1727 3851 1917 3921 gloria
1945 3849 2311 3905 Monocerotis
2336 3848 2595 3904 Christus
2621 3851 2897 3920 particeps
2928 3861 3068 3917 erat,
3093 3867 3160 3908 eo
3186 3855 3334 3924 quod
3359 3864 3550 3909 cuncta
3577 3851 3788 3908 divinita-

549 3943 622 3997 tis
660 3944 824 4011 copia
864 3941 918 3994 in
954 3954 1019 3995 eo
1061 3939 1338 3994 residebat
1379 3940 1762 4011 corporaliter,
1817 3946 1965 3997 sicut
2012 3937 2313 4011 Apostolus
2343 3935 2411 4003 “,
2469 3944 2525 3990 et
2555 3937 2725 3992 unico
2775 3953 2947 3993 cornu
2976 3938 3338 3995 innuebatur.
3387 3940 3491 4008 Qui
3521 3956 3668 4012 porro
3693 3937 3785 3992 telis

549 4029 930 4097 Spiritualibus
965 4027 1226 4082 Satanam
1253 4039 1306 4083 et
1329 4037 1497 4082 totam
1527 4027 1703 4098 ipsius
1725 4031 2013 4083 cohortem
2041 4023 2402 4081 damonicam
2437 4022 2644 4078 invicta
2669 4038 2767 4078 sua
2799 4025 3041 4094 potentia
3074 4025 3409 4096 proﬂigavit.
3445 4029 3612 4098 Atque
3631 4025 3786 4082 etiam-

549 4131 679 4170 nqu
710 4116 971 4186 gentibus
1007 4115 1195 4168 multis
1222 4114 1568 4179 dominatur,
1613 4129 1678 4169 ae
1721 4129 1916 4169 earum
1949 4114 2260 4169 crassitiem
2317 4125 2513 4165 sensus
2546 4119 2677 4181 puta
2725 4112 2988 4167 carnales
3027 4113 3305 4185 depascit,
3357 4132 3420 4171 ac
3452 4117 3516 4172 ad
3545 4123 3783 4185 angustam

548 4204 692 4258 viam
731 4204 856 4256 vita
891 4212 1111 4257 aeterna
1143 4203 1372 4256 idoneos
1401 4202 1616 4272 redigit.
1651 4201 1754 4267 Qui
1790 4201 2020 4270 insuper
2062 4197 2553 4270 (quemadmodum
2614 4198 2815 4270 inquit)
2858 4215 2982 4256 cum
3026 4202 3205 4258 leonis
3263 4220 3420 4260 more
3473 4203 3784 4259 recubuisset.

543 4293 778 4361 quievit,
814 4291 918 4344 hoc
951 4298 1057 4353 est,
1101 4289 1445 4344 iunctionem
1475 4304 1632 4344 suam
1669 4289 1745 4357 (id
1789 4289 1938 4343 enim
1970 4287 2056 4342 his
2079 4286 2264 4342 verbis
2295 4284 2488 4355 voluit)
2525 4287 2786 4356 suscepit.
2817 4287 2936 4354 Qua
2963 4296 3224 4360 tanquam
3255 4294 3477 4365 regulus
3509 4291 3688 4361 aliquis
3709 4301 3784 4342 ne-

549 4379 698 4432 mine
731 4380 907 4444 ipsum
947 4378 1278 4449 prohibente
1311 4376 1575 4430 audacter
1608 4376 1899 4445 imperium
1929 4383 2017 4430 est
2049 4385 2300 4428 venatus.
2340 4371 2511 4438 Quem
2543 4374 2637 4443 qui
2670 4381 2936 4444 tanquam
2967 4375 3136 4431 Deum
3165 4381 3501 4450 suspiciunt,
3535 4387 3585 4432 et
3611 4371 3784 4430 doctri-

547 4481 672 4519 nam
703 4465 877 4536 ipsius
904 4475 1242 4526 reverentur,
1279 4479 1387 4517 non
1433 4472 1542 4516 tam
1576 4463 1759 4517 verbis
1781 4478 1949 4532 quam
1981 4463 2149 4518 rebus
2184 4460 2320 4530 ipsis
2363 4458 2462 4513 Dei
2497 4459 2945 4517 benedictionem
2977 4465 3313 4533 sortiuntur,
3349 4483 3413 4522 ac
3432 4465 3663 4537 quotidie
3688 4474 3782 4514 cre-

543 4564 732 4617 scunt,
765 4570 830 4608 ac
855 4563 1128 4624 augentur
1157 4552 1342 4607 verius
1371 4566 1436 4606 ac
1473 4551 1948 4622 magniﬁcentius,
1973 4549 2130 4619 juxta
2156 4548 2286 4602 illud
2323 4565 2336 4600 :
2371 4565 2390 4598 ι
2428 4545 2677 4602 Crescite
2715 4556 2770 4602 et
2806 4550 3256 4622 multiplicamini
3291 4556 3361 4610 ⁸⁸.
3411 4573 3429 4607 ι
3469 4549 3783 4621 Quemadmo-

539 4641 675 4694 dum
704 4656 734 4695 e
766 4653 956 4696 contra
984 4655 1094 4694 non
1129 4641 1312 4694 minus
1337 4637 1545 4693 Judais
1575 4654 1702 4694 cum
1739 4637 1888 4692 hunc
1919 4638 2192 4694 exsecrati
2216 4646 2426 4700 essent,
2457 4637 2686 4693 accidit.
2719 4637 3198 4706 Quemadmodum
3237 4645 3372 4701 huic
3405 4661 3616 4716 quoque
3654 4640 3785 4694 3313C

545 4730 797 4799 contigit,
835 4730 928 4798 qui
957 4743 1082 4781 cum
1109 4728 1246 4781 diris
1283 4727 1555 4782 devovere
1585 4727 1751 4782 vellet
1791 4727 2074 4791 israelem,
2098 4726 2512 4799 exspectatione
2543 4726 2752 4798 magica
2814 4728 2868 4784 in
2905 4731 3086 4801 ipsum
3142 4747 3438 4802 conversa,
3466 4725 3783 4790 exsecratioui

546 4816 726 4872 factus
747 4823 832 4871 est
863 4816 1158 4871 obnoxius.

617 4933 791 4987 Porro
834 4931 949 4985 haec
978 4930 1264 4998 prophetia
1309 4945 1407 5000 per
1441 4929 1628 4984 omnia
1661 4928 1856 4985 Jacobi
1893 4932 2133 5000 prophe-
2162 4939 2179 4993 t

2310 4931 2616 5002 Παρέοικεν
2635 4929 2777 5002 αὕτη
2804 4934 2871 5003 τῇ
2900 4931 2995 4985 τοῦ
3019 4933 3219 4986 Ἰακὼϐ
3240 4933 3563 5005 προφητείᾳ.
3587 4927 3668 4998 Τῷ
3689 4925 3781 4996 μὲν,

545 5024 635 5078 tia
663 5023 984 5094 respondet,
1018 5022 1168 5076 velut
1224 5022 1372 5108 hoc:
1411 5040 1430 5072 ι
1467 5023 1544 5075 Ex
1578 5022 1826 5092 germine
1877 5037 2022 5087 meo,
2059 5021 2107 5075 ﬁl

2246 5040 2264 5073 ι
2289 5023 2383 5076 Ἐκ
2403 5023 2639 5094 βλαστοῦ
2662 5041 2786 5094 μου,
2807 5025 2892 5077 υἱὲ
2914 5041 3040 5097 μου,
3055 5026 3279 5098 ἀνέσης,
3295 5047 3311 5079 ι
3327 5027 3438 5093 τὸ,‹
3459 5021 3781 5091 Ἑξελεὺσεται

543 5111 640 5174 mi,
681 5110 988 5165 aseendisti
1015 5109 1062 5142 “
1097 5125 1110 5161 :
1148 5127 1166 5160 ι
1198 5121 1275 5175 et,
1317 5108 1562 5179 prodibit
1621 5125 1688 5164 ex
1733 5112 1948 5166 semine
1990 5113 2105 5183 ejus

2239 5115 2304 5168 ὲκ
2333 5116 2429 5170 τοῦ
2453 5117 2772 5190 σπέρματος
2801 5117 2995 5186 αὑτοῦ,
3026 5138 3044 5172 ι
3083 5119 3245 5190 δῆλον
3272 5120 3330 5172 δὲ
3360 5121 3439 5174 ὅτι
3477 5116 3568 5170 τοῦ
3588 5108 3780 5167 Ἰακώ6⁸

627 5245 672 5327 :9
705 5243 744 5327 μ
785 5244 963 5299 para}.
1000 5261 1100 5327 hu,
1130 5243 1238 5327 Ξολ
1334 5244 1379 5276 ⁸ο
1423 5243 1584 5327 Il‘q‘m.
1623 5246 1845 5327 χλιι.
1955 5248 2000 5280 ’⁵³
2040 5246 2189 5327 [ξῑρεΙ

2203 5268 2239 5305 ι.
2273 5268 2464 5322 xxxix,
2505 5257 2528 5310 l
2561 5271 2716 5327 seqq.
2830 5257 2876 5290 ἰ’
2907 5255 3059 5313 Psal.
3094 5229 3244 5327 uti,
3269 5258 3322 5313 6.
3434 5255 3607 5320 “,lsa.
3638 5243 3765 5306 ειμι

545 5316 590 5346 ⁸⁵
623 5314 840 5371 Coloss.
897 5333 955 5382 ιι,
999 5320 1052 5370 9.
1128 5315 1174 5346 "‘
1201 5314 1338 5369 Gen.
1378 5331 1417 5379 ι,
1449 5315 1542 5369 28.
1620 5316 1666 5350 “
1697 5315 1835 5372 Gen.
1874 5334 2026 5385 sua,
2051 5319 2104 5371 9.

581 5521 741 5609 ,(Τίξ),
779 5521 990 5609 Οὐχρς
1024 5523 1156 5576 θεὸν
1188 5522 1344 5588 εἰδὼς
1368 5524 1395 5576 ὃ
1428 5524 1613 5579 Βαλάκ
1643 5542 1658 5558 ⁸
1686 5527 1744 5579 οὐ
1771 5527 1904 5600 γὰρ.
1935 5546 2024 5583 κτ.
2077 5529 2135 5582 ’0
2310 5530 2557 5609 Καὶ-μὲν
2587 5531 2960 5609 τοὺςρθυέεσσι
2993 5536 3088 5590 καὶ
3117 5539 3360 5609 εὐχωλῇς
3394 5537 3635 5609 ἀγανῇσι.

547 5593 1019 5678 τῆΞΑὐῖ..κώδ.Μ
1157 5663 1168 5678 ‘
1249 5663 1274 5675 ω
1621 5665 1632 5678 ⁸
1783 5593 1792 5596 ⁷
1850 5593 1861 5600 ’
1888 5669 1902 5678 Δ
1936 5670 2019 5678 ____
2039 5667 2053 5678 ι
2313 5593 2484 5678 ᾼοιῦᾖ
2515 5619 2594 5667 τε,
2635 5593 2832 5678 κνίσσῃ
2856 5622 2942 5678 τε,
2969 5593 3382 5678 παρατάυπῶἒ
3411 5593 3668 5678 ἄνθρξὼπυι

610 5663 724 5750 (S2)
757 5664 946 5750 Ar!me
974 5663 1031 5747 δε
1051 5663 1178 5734 περὶ
1207 5663 1315 5717 τῶν
1337 5665 1748 5736 νενομισμένων
1769 5669 1902 5738 παρ’
1936 5667 2131 5742 Ἕλλη·
2308 5663 2659 5750 dicati-pavet,
2683 5675 2773 5750 ᾅτε
2801 5663 3292 5750 ἆξεν-τις-ιῧπερβήῃ
3328 5678 3417 5732 καὶ
3436 5663 3693 5750 -ἁιιλζειὶςξιτῃ⁸

541 5734 732 5816 mutii,
755 5751 843 5790 κτ.
974 5735 1096 5786 αὐτ.
1127 5733 1134 5734 “
1466 5733 1476 5736 ’
1511 5805 1533 5816 Α
1569 5733 1614 5816 ’-
1851 5733 1860 5738 ⁷
2090 5733 2102 5742 '

2266 5733 2598 5816 “fumea
2623 5744 2766 5814 στίχ.
2811 5745 2938 5814 495,
2989 5733 3298 5816 195,196:
3367 5733 3773 5808 magna“

609 5805 721 5873 (81)
750 5820 767 5838 ο
812 5821 826 5836 ο
869 5819 882 5834 ·
921 5805 1190 5876 Στρεπτοὶ
1220 5806 1276 5858 δέ
1301 5821 1358 5859 τε
1389 5806 1484 5859 καὶ
1509 5805 1624 5858 Θεοὶ
1655 5807 1829 5863 αὐτοί.
2266 5805 2448 5866 ἰλιᾶδ.
