3956 6428
242 371 340 436 869
429 337 431 339 ’

1317 375 1857 440 COMMENTARII
1894 379 1977 440 IN
2013 377 2410 442 NUMEROS.

3399 381 3508 445 810

238 482 312 552 τῷ
339 481 418 544 δὲ,
457 499 475 532 ι
510 481 682 546 Αὐτὸς
709 480 865 536 ἔσται
906 456 1208 556 προσδοκία
1239 485 1442 551 ὲθνῶν,,
1475 505 1493 537 ι
1530 486 1612 550 τὸ,
1654 504 1673 537 t
1699 485 1812 540 Καὶ

1933 484 2105 542 lacohi
2161 493 2312 556 puta.
2365 483 2504 539 Huic
2553 498 2704 548 vero,
2757 502 2776 535 ι
2824 481 2946 554 ipse
3003 482 3112 538 erit
3156 488 3506 557 exspectatio

240 574 513 646 κυριεύσει
547 575 719 628 ὲθνῶν
751 575 964 629 πολλῶν
985 594 996 606 ο
1041 595 1058 628 ι
1092 578 1184 630 καὶ
1215 576 1318 648 τῷ,
1358 596 1376 628 ι
1411 577 1480 631 Αἱ
1511 579 1692 648 χεῖρές
1721 595 1814 631 σου

238 669 416 722 ὲπάνω
465 668 573 721 τῶν
626 668 840 740 ἐχθρῶν
887 687 1003 735 σου,
1041 690 1057 721 ι
1106 670 1188 733 τὺ,
1246 688 1264 720 t
1305 671 1415 724 Καὶ
1457 669 1636 724 ἔδεται
1684 669 1813 739 ἔθνη

239 759 443 831 ἐχθρῶν
490 761 676 815 αὑτοῦ.
719 782 737 813 ι
791 763 921 826 Καὶ,
959 783 976 813 ι
1006 763 1142 825 Ταῖς
1175 762 1383 833 βολίσιν
1435 761 1605 815 αὑτοῦ
1644 779 1815 815 κατα-

237 851 475 917 τοξεύσει
526 852 774 924 ἐχθρῶνο
825 874 842 905 ι
896 855 992 906 καὶ⁹
1055 854 1153 925 τῷ,
1213 871 1231 904 ι
1283 852 1532 922 Σκύμνος
1602 853 1816 916 λέοντος

251 944 432 1004 Ἰούδα.
470 963 487 996 ι
526 945 623 997 καὶ
664 946 733 998 τὰ
761 945 912 1016 ἑξῆς,
947 946 1014 998 τὰ
1059 945 1303 1015 παρόντα
1335 943 1520 1009 πάλιν,
1569 941 1645 1008 ὡς
1690 945 1814 1017 περὶ

235 1033 459 1098 λέοντος.

1918 580 2163 648 gentium
2195 578 2286 644 ιτς
2344 595 2363 628 ι
2405 576 2555 631 hoc:
2620 597 2637 630 ι
2681 574 2747 630 Ει
2812 576 3193 632 dominabitur
3247 579 3506 648 gentibus

1918 671 2321 740 compluribus.
2364 691 2382 722 ι
2446 670 2586 726 Huic
2639 662 2816 725 item:
2877 687 2896 721 ι
2933 668 3130 724 Manus
3187 677 3296 722 tua:
3338 687 3506 739 supra

1919 762 2107 817 hostes
2147 770 2273 818 tuos
2306 762 2391 828 ‘3;
2427 781 2445 815 ι
2485 763 2589 818 hoc
2620 778 2634 814 :
2676 780 2694 813 ‹
2735 761 3011 832 Deglutiet
3041 769 3232 828 gentes
3260 760 3506 814 hostium

1920 853 2064 923 ejus.
2100 872 2119 904 ›
2155 851 2262 906 Et:
2295 872 2313 905 ι
2337 852 2488 908 Telis
2519 852 2959 923 ejusconlodiet
3015 852 3260 906 hostem.
3300 870 3318 902 ι
3375 851 3504 905 Item

1923 945 2092 998 huic:
2145 962 2162 994 ι
2197 943 2433 1000 Catulus
2483 945 2662 999 leonis
2687 944 2854 1009 Juda,
2885 963 2903 996 ι
2952 953 3006 999 et
3055 958 3178 1014 quae
3217 944 3504 1012 deinceps.

1921 1032 2056 1090 item
2112 1051 2236 1103 quae
2292 1036 2348 1089 in
2405 1037 2983 1105 prtesenti,tanquam
3036 1033 3104 1088 de
3162 1036 3320 1089 leone
3379 1036 3502 1095 hoc,

234 1127 508 1182 Christum
571 1129 1063 1183 condemnaturum
1104 1144 1228 1185 esse
1288 1140 1497 1202 gentes.
1543 1130 1672 1186 item
1709 1129 1852 1200 quod
1911 1129 2209 1194 Zacharias
2271 1129 2405 1186 dicit
2426 1133 2470 1163 ⁸³
2503 1132 2908 1187 iusurrccturos
2974 1130 3227 1201 inquiens
3299 1129 3502 1183 liberos

232 1214 541 1270 Graecorum
571 1225 623 1271 et
649 1216 761 1272 fore
795 1217 961 1272 duces
1000 1217 1187 1282 lsrael,
1224 1225 1483 1290 tanquam
1519 1219 1694 1274 facem
1722 1219 1932 1288 igneam
1966 1233 2088 1288 quae
2114 1225 2400 1290 grassatur
2433 1219 2485 1271 iu
2516 1219 2710 1288 paleis.

309 1325 374 1377 Ἀ
402 1322 640 1390 ποιήσει
674 1327 706 1378 ό
721 1324 871 1390 λαός
899 1320 1080 1392 οὗτος
1103 1323 1182 1391 τῷ
1203 1325 1330 1393 λαῷ
1359 1344 1499 1391 σου,
1518 1325 1610 1380 ἐπ’
1630 1323 1816 1393 ἐσχά-

231 1434 336 1471 του
375 1416 493 1470 τῶν
519 1415 776 1486 ἡμερῶν.
811 1417 953 1470 Ἀλλ’
984 1417 1045 1470 οὐ
1081 1418 1222 1488 μόνα
1249 1418 1319 1471 τὰ
1343 1417 1474 1486 περὶ
1503 1415 1816 1471 Μωαϐιτῶν

229 1511 398 1579 λέγει,
425 1510 562 1563 ἀλλὰ
599 1510 665 1562 τὰ
702 1509 831 1580 περὶ
881 1511 1102 1564 πάντων
1145 1511 1475 1581 ἀνθρώπων,
1519 1509 1816 1580 πρόσωπον

232 1605 334 1673 μὲν
362 1601 542 1656 λαϐὼν
589 1602 651 1656 τὸ
682 1603 1072 1674 προκείμενον,
1122 1603 1181 1656 ἐν
1207 1603 1357 1676 αὐτῷ
1387 1604 1444 1658 δὲ
1481 1603 1541 1658 τὸ
1583 1602 1816 1656 καθόλου

227 1693 539 1766 προδηλῶν.

1993 1327 2128 1394 Qua:
2162 1329 2323 1396 faciet
2355 1329 2584 1398 populus
2617 1329 2706 1382 ille
2750 1329 2941 1398 populo
2976 1339 3087 1393 tuo,
3116 1327 3363 1380 extremis
3396 1325 3508 1379 die-

1924 1418 2040 1476 bus.
2069 1417 2282 1489 [XX|V,
2309 1420 2422 1491 14.]
2447 1420 2810 1488 Hieronymus
2833 1421 2994 1473 habet
3025 1439 3037 1473 :
3066 1439 3084 1470 ι
3115 1418 3352 1488 Populus
3387 1427 3506 1471 tuus

1923 1509 2116 1579 populo
2133 1511 2277 1563 huic.
2308 1511 2508 1565 Verum
2537 1511 2652 1565 haec
2689 1526 2798 1564 non
2828 1511 2894 1565 de
2917 1510 3171 1566 Moabitis
3205 1511 3380 1564 solum
3416 1509 3499 1560 di-

1924 1604 2019 1666 cit,
2054 1601 2151 1657 sed
2173 1601 2240 1656 de
2262 1602 2522 1657 omnibus
2547 1603 2887 1656 hominibus.
2919 1604 3254 1658 Przesentem
3284 1599 3504 1670 quidem

1931 1708 2116 1748 rerum
2155 1692 2350 1747 faciem
2387 1702 2638 1762 usurpat,
2674 1695 2728 1748 in
2763 1710 2826 1748 ea
2861 1710 2990 1750 vero
3020 1704 3273 1748 cunctam
3307 1692 3505 1746 seriem

1926 1785 2238 1840 adumbrat.

303 1875 593 1932 Ostendam
622 1877 692 1940 ei,
728 1875 819 1931 sed
855 1894 960 1931 non
989 1894 1125 1932 nunc
1167 1877 1280 1942 beo,
1311 1876 1400 1932 sed
1425 1895 1529 1932 non
1562 1893 1722 1947 prope
1751 1884 1849 1931 est.
1883 1874 2021 1947 ['17.]
2059 1873 2428 1945 Hieronymus
2455 1890 2468 1927 :
2509 1874 2730 1938 Videbo,
2759 1876 2936 1937 illum,
2965 1873 3056 1927 sed
3082 1890 3184 1926 non
3217 1871 3393 1935 modo,
3430 1873 3507 1925 in-

230 1964 418 2019 tuebar
446 1963 624 2030 illum,
655 1965 745 2018 sed
775 1982 878 2018 non
913 1981 1098 2035 prope.
1135 1965 1354 2020 Orietur
1386 1965 1544 2019 stella
1591 1979 1656 2017 ea:
1689 1961 1878 2016 Iacob.
1910 1964 2023 2019 Hac
2057 1966 2369 2034 prophetia,
2397 1965 2623 2032 tradunt
2653 1966 2926 2019 excitatos
2963 1963 3205 2016 Bulaami
3251 1971 3505 2031 posteros

226 2055 508 2122 (servasse
542 2054 688 2106 enim
729 2054 873 2122 apud
910 2069 969 2107 se
1001 2068 1100 2124 par
1121 2055 1227 2123 est)
1257 2069 1380 2106 cum
1411 2051 1691 2108 vidissent
1723 2052 1957 2105 alienam
1989 2067 2054 2104 ac.
2082 2052 2362 2106 insolitam
2401 2053 2620 2107 stellam
2644 2052 3180 2122 perpettdicuiariler
3213 2066 3379 2120 supra
3408 2048 3508 2102 Ju-

222 2141 401 2197 daaam
436 2142 723 2194 immotam
763 2149 935 2207 stare,
972 2143 1193 2196 venisse
1222 2141 1555 2212 inquisitum
1589 2140 1897 2194 indicatum
1930 2139 2085 2192 illum
2124 2154 2331 2210 regem,
2366 2139 2834 2209 quemadmodum
2889 2137 3181 2193 Matthmus
3235 2138 3291 2192 in
3320 2136 3530 2218 Evan-I

221 2228 376 2299 gelio
417 2227 662 2298 prodidit
686 2227 756 2281 ⁸⁸.
1279 2255 1288 2263 -

305 2314 454 2368 Ἀλλ’
480 2313 576 2367 ὲτ..)⁸
599 2315 667 2384 τῇ
692 2313 788 2366 τοῦ
813 2313 1020 2383 ἄστρου
1057 2315 1279 2386 ἐπιτολῇ
1317 2313 1548 2386 θραῦσιν
1571 2311 1814 2376 ἔσεσθαι,
1852 2327 1892 2382 Β

216 2404 384 2477 φησὶ,
408 2403 505 2456 τοῦ
544 2402 720 2456 Μωάϐ
740 2419 754 2434 ·
785 2403 878 2468 οὓς
908 2405 1030 2457 κατ’
1066 2405 1200 2457 ἰδίαν
1226 2405 1533 2474 ὠνόμασεν,
1560 2404 1634 2466 ὡς
1666 2405 1816 2456 ἀντι-

214 2495 578 2557 καθεστῶτας
611 2495 733 2548 τότε
783 2495 862 2566 τῷ
892 2497 1130 2567 Ἰσραὴλ,
1170 2497 1265 2549 καὶ
1305 2499 1388 2549 ὅτι
1428 2499 1540 2557 τοῖς
1576 2495 1814 2557 εἰδώλοις

213 2588 408 2643 αὐτῶν
444 2587 816 2657 ἀκολουθήσας
852 2588 1046 2654 όλαὸς,
1089 2587 1345 2658 ἐτελέσθη
1378 2587 1454 2657 τῷ
1490 2583 1816 2655 Βεελφεγὼρ

215 2682 332 2753 θεῷ
367 2683 459 2736 τοῦ
503 2681 700 2735 Murem.
749 2682 840 2734 Διὸ
873 2683 966 2735 καὶ
1008 2683 1289 2752 ἀρχηγοὺς
1319 2680 1487 2733 αὐτοῦ
1523 2681 1648 2741 τοὺς
1683 2678 1816 2749 παρ’

212 2774 393 2829 αὐτοῦ
444 2775 788 2844 τιμωμένους
836 2773 1072 2844 ἐδήλωσε
1115 2773 1397 2844 δαίμονας,
1450 2773 1538 2825 ὅτε
1587 2771 1681 2824 καὶ
1730 2769 1818 2834 ἐξ·

211 2868 568 2937 επόρνευσαν
594 2867 676 2930 είς
697 2867 795 2928 τὰς
828 2866 1200 2930 Μωαϐίτιδας.
1225 2855 1332 2918 Διδ
1350 2864 1683 2936 προφητεύει
1717 2863 1817 2935 τὴν

208 2962 300 3024 εἰς
338 2960 658 3012 τούναντίον
696 2957 808 3012 τῶν
855 2958 1200 3029 πραγμάτων
1246 2955 1818 3027 μεταϐολὴνγδεικνὺς

206 3051 356 3114 τοὺς
384 3051 912 3121 μεγαλαυχήσαντὰς
941 3065 1073 3101 ποτε
1116 3047 1262 3102 κατὰ
1299 3046 1392 3100 τοῦ
1439 3046 1658 3118 Ἰσραὴλ
1696 3045 1816 3098 δαί-

212 3161 400 3214 μονας
455 3143 562 3195 τῶν
619 3139 929 3194 Μωαϐιτῶν
979 3141 1072 3192 ἐπὶ
1114 3139 1208 3193 τοῦ
1273 3138 1562 3209 μέλλοντος
1615 3136 1816 3206 ἄστρου

207 3235 461 3306 θραῦσιν
505 3233 718 3288 παθεῖν.
765 3226 867 3286 Ὧν
905 3231 1172 3295 πεσόντας
1219 3232 1346 3293 τοὺς
1399 3231 1552 3293 υἱοὺς
1584 3229 1692 3300 Σὴθ
1725 3229 1818 3282 καὶ

221 3327 420 3395 Ἐδὼμ
459 3327 554 3380 καὶ
598 3323 799 3396 Ἡσαῦ,
849 3324 944 3378 καὶ
979 3323 1158 3377 πάντα
1200 3322 1268 3375 τὰ
1301 3319 1432 3390 ἔθνη
1475 3321 1564 3374 διὰ
1611 3320 1817 3374 τούτων

207 3417 562 3486 δηλούμενα,
607 3414 810 3482 μᾶλλον
851 3413 908 3466 δὲ
962 3413 1172 3474 πάντας
1229 3412 1326 3482 μὲν
1361 3410 1690 3482 ἁνθρῴπους
1731 3409 1819 3462 διὰ

171 3523 174 3525 ·
208 3507 336 3561 τῶν
380 3506 516 3559 υἱῶν
564 3506 671 3577 Σὴθ
713 3505 1004 3575 ἐδήλωσεν,
1041 3503 1147 3574 ἰδίᾳ
1180 3502 1235 3555 δὲ
1288 3504 1414 3565 τοὺς
1460 3501 1815 3570 Ἰδουμαίους,

211 3599 358 3654 ἐπεὶ
387 3599 481 3653 τὸν
521 3599 683 3654 αὐτὸν
714 3598 919 3669 τρόπον
968 3593 1422 3671 προσηνέχθῃσαν
1467 3593 1546 3663 τῷ
1574 3593 1815 3664 Ἰσραήλ.

1995 2311 2194 2368 Verum
2226 2317 2510 2372 enimvero
2561 2317 2733 2371 stellae
2766 2315 2934 2386 hujus
2961 2323 3140 2368 ortum
3186 2327 3502 2372 cessurum.

1926 2406 2125 2476 inquit,
2155 2407 2208 2461 in
2242 2408 2873 2494 ruinam'Moabitarum,
2895 2423 3037 2478 quos
3062 2408 3296 2462 seorsim
3328 2405 3509 2459 nomi-

1923 2502 2076 2554 navlt
2101 2500 2249 2568 quod
2283 2510 2414 2554 tunc
2449 2501 2711 2568 temporis
2734 2507 2928 2554 contra
2981 2497 3239 2555 lsraelem
3275 2503 3507 2556 starent,

1921 2600 1977 2647 ct
2009 2592 2155 2661 quod
2196 2592 2245 2645 id
2281 2592 2426 2646 idola
2468 2593 2716 2662 ipsorum
2755 2599 3002 2646 sectatus
3049 2589 3285 2660 populus
3331 2586 3508 2648 sacri-

1924 2683 2412 2755 ﬁcassetBeelphe
2448 2684 2812 2739 Moabitarum
2863 2684 2993 2738 Deo.
3029 2682 3183 2737 Uude
3233 2689 3288 2735 et
3341 2682 3508 2733 tluccs

1924 2792 2114 2830 eormn
2167 2792 2230 2830 ac
2287 2778 2483 2831 heroas
2505 2777 2602 2844 qui
2657 2776 2710 2830 in
2745 2791 2964 2830 summo
3013 2776 3188 2844 pretio
3232 2780 3374 2844 apud
3415 2791 3510 2828 eos

1923 2875 2105 2931 erant,
2135 2869 2361 2936 quando
2397 2867 2659 2919 Israelita:
2695 2877 2846 2918 cum‘
2882 2864 3196 2919 Moabitidis
3251 2865 3510 2918 l'oruicati

1926 2964 2080 3018 sunt,
2138 2954 2441 3023 expressit.
2487 2951 2764 3019 Quocirca
2801 2969 2986 3008 rerum
3030 2955 3084 3007 in
3141 2954 3297 3023 pejus
3344 2953 3513 3008 devo-

1926 3046 2190 3099 lutionem
2235 3046 2594 3110 vaticinatur,
2627 3053 2682 3099 et
2721 3045 2963 3100 ostendit.
3011 3045 3372 3100 Moabitarum
3416 3046 3512 3101 he-

1927 3151 2078 3200 roas,
2108 3136 2203 3205 qui
2242 3135 2513 3191 lsr::elitis
2556 3137 2685 3190 olim
2730 3136 2970 3206 superbe
3005 3138 3399 3191 insultaverint
3454 3139 3511 3190 in

1924 3238 2049 3282 ortu
2105 3227 2303 3282 futurae
2355 3228 2529 3282 stellaa
2580 3229 2926 3298 collapsuros
2977 3245 3120 3294 esse,
3175 3237 3229 3284 et
3273 3245 3398 3283 cum
3430 3231 3512 3284 eis

1926 3319 2069 3375 ﬁlios
2103 3319 2260 3382 Scth,
2294 3319 2491 3381 Edom.
2527 3319 2697 3385 Esau,
2723 3329 2776 3374 et
2809 3336 3000 3375 omnes
3025 3322 3166 3375 alias
3194 3331 3383 3391 gentes
3416 3338 3513 3392 per

1927 3413 2050 3468 illas
2076 3413 2442 3483 signiﬁcatas.
2469 3412 2614 3478 Quin
2647 3415 2760 3468 imo
2787 3429 2980 3469 omnes
3005 3415 3256 3468 homines
3286 3417 3510 3471 nomine

1930 3504 2168 3558 ﬁliorum
2201 3502 2334 3558 Scth
2392 3506 2625 3574 intelligi
2668 3506 2860 3559 voluit.
2896 3506 3170 3574 imprimis
3211 3523 3341 3562 vero
3386 3507 3512 3563 ldu-

1931 3610 2096 3648 tumos
2130 3595 2224 3664 qui
2274 3594 2465 3648 eodem
2499 3595 2661 3649 modo
2711 3596 2778 3648 ad
2834 3595 3094 3649 lsraelem
3131 3605 3262 3650 sunt
3321 3599 3508 3654 del-ti.

213 3693 451 3756 Πάντας
490 3686 585 3745 οὖν
626 3707 760 3761 φησι
809 3689 912 3759 τῆς
963 3688 1099 3750 ἰδίας
1149 3685 1457 3740 παύσεσθαι
1492 3684 1819 3756 δεισιδαιμο-

1933 3683 2131 3741 Omnes
2171 3687 2338 3755 igitur
2377 3687 2558 3755 inquit
2597 3702 2625 3740 a
2657 3702 2755 3742 sua
2811 3689 3204 3756 superstitione
3248 3699 3302 3746 ct
3346 3691 3512 3764 422

211 3785 373 3846 νίας.

296 3876 599 3946 Μέμνηται
660 3875 755 3928 καὶ
822 3873 918 3927 τοῦ
973 3871 1258 3942 Ἀμαλὴκ,
1310 3871 1386 3934 ῶς
1441 3870 1686 3934 ἐλθόντος
1739 3867 1818 3940 τῷ

228 3969 468 4040 Ἰσραὴλ
519 3969 820 4040 πρότερον,
878 3966 976 4020 καὶ
1048 3963 1366 4035 νικηθέντος
1434 3963 1656 4016 ἐκτάσει
1710 3963 1819 4017 τῶν

213 4061 514 4123 Μωῦσέως
547 4060 769 4143 χειρῶν.

1926 3778 2205 3848 impietate
2238 3792 2362 3832 esse
2393 3778 2708 3832 destitutos.

1995 3869 2224 3926 Necnon
2299 3887 2430 3926 vero
2487 3872 2930 3925 Amalccitarum
3016 3875 3267 3928 meminit
3323 3887 3513 3946 utpote

1926 3978 2119 4019 eorum
2149 3963 2242 4033 qui
2277 3962 2533 4018 ISraelem
2573 3973 2699 4017 ante
2751 3963 3090 4028 invaserant,
3125 3977 3180 4019 et
3214 3968 3282 4021 ab
3321 3982 3386 4021 co
3415 3984 3512 4022 ex-

1930 4055 2184 4110 tensione
2222 4069 2483 4108 manuum
2516 4053 2685 4109 Mosis
2717 4055 2844 4109 victi
2885 4065 3066 4109 erant.

303 4151 556 4206 Meminit
582 4149 710 4204 item
735 4146 895 4203 Cinei
924 4147 1018 4217 qui
1062 4160 1281 4216 semper
1313 4144 1572 4200 infensus
1608 4143 1710 4198 fuit
1743 4146 1967 4216 populo,
2005 4146 2098 4216 qui
2137 4144 2401 4202 afﬁnitate
2444 4163 2663 4217 quoque
2701 4149 2932 4217 junctus
2981 4149 3084 4204 fuit
3116 4149 3274 4216 Most,
3312 4169 3513 4220 quem-

221 4237 533 4296 admodum
569 4250 636 4291 ex
689 4235 847 4290 libris
898 4232 1157 4288 Judicum
1196 4231 1264 4287 de
1311 4231 1590 4286 Chaberto
1619 4230 1794 4286 Cineo
1843 4233 1938 4304 qui
1995 4250 2146 4290 unus
2193 4235 2434 4289 ﬁliorum
2485 4234 2662 4292 Jobab
2719 4237 2897 4292 soceri
2948 4236 3119 4295 Mosis
3162 4249 3304 4306 erat,
3357 4259 3518 4300 asse-

349 4339 386 4380 l.

349 4346 386 4380 ι.

219 4346 611 4481 ΪυῗΕξέτεινε
646 4413 761 4482 τὴν·
797 4410 1041 4480 σκηνὴν
1070 4410 1258 4464 αὑτοῦ
1286 4409 1399 4476 ἕως
1432 4409 1672 4463 Bucari
1709 4410 1815 4480 τῆς

218 4507 395 4578 παρὰ
429 4507 544 4574 τὴν
588 4506 794 4572 Κεδές.
842 4503 1093 4573 Κατέσχε
1139 4501 1248 4572 γὰρ
1292 4501 1460 4573 μέρος
1514 4500 1619 4566 τῆς
1659 4501 1820 4569 ἁγίας

220 4602 355 4670 τῆς,
390 4601 488 4653 καὶ
516 4598 609 4651 ἐπὶ
635 4597 772 4650 πολὺ
813 4595 1126 4666 παρέτεινε.
1165 4593 1255 4646 Διὸ
1283 4592 1431 4662 λέγει
1467 4592 1595 4663 περὶ
1629 4592 1816 4660 αὐτοῦ,

234 4712 254 4745 ι
297 4689 521 4762 Ἰσχυρὰ
551 4692 585 4760 ἡ
616 4687 874 4743 κατοικία
916 4703 1032 4740 σου.
1067 4704 1084 4736 ι

2002 4409 2074 4464 Et
2134 4411 2368 4464 extendit
2430 4413 2714 4465 tentorium
2773 4430 2929 4467 suum
2988 4413 3283 4470 Baseonem
3349 4434 3515 4487 usque

1930 4510 2130 4556 terram
2162 4505 2310 4557 ultra
2341 4503 2383 4560 C
2392 4506 2538 4559 ades.
2570 4503 2891 4560 Tt-ntteruut
2923 4507 3068 4560 enim
3107 4511 3315 4576 partem
3351 4517 3512 4562 terra:

1931 4603 2162 4654 sanctae.
2191 4607 2246 4649 et
2299 4597 2487 4666 aliquo
2521 4613 2699 4666 usque
2728 4597 2993 4652 extendit.
3025 4595 3181 4652 Unde
3213 4599 3280 4653 de
3325 4615 3390 4654 eo
3425 4602 3516 4656 di-

1934 4685 2010 4739 cit
2040 4704 2052 4738 :
2096 4709 2110 4733 σ
2153 4685 2346 4742 Valida
2378 4696 2464 4743 est
2503 4688 2774 4742 habitatio
2805 4696 2921 4741 tua.
2955 4671 2978 4738 »ί

302 4781 504 4837 Omnia
534 4782 706 4852 igitur
745 4781 863 4834 loca
894 4778 1015 4848 ejus
1045 4778 1112 4832 de
1141 4791 1254 4847 quo
1283 4776 1624 4831 vaticinatur
1661 4777 1778 4833 fore
1805 4778 1963 4843 dicit,
2000 4787 2191 4850 utpote
2219 4781 2315 4850 qui
2343 4797 2405 4836 ea
2458 4797 2486 4835 a
2515 4793 2667 4852 patre
2695 4783 3052 4839 luereditario
3084 4783 3383 4853 acceperit,
3417 4788 3512 4854 qui

224 4873 301 4924 ad
334 4884 464 4923 eum
498 4869 682 4923 dicit:
723 4886 740 4919 ι
766 4865 992 4920 Postula
1025 4879 1054 4918 a
1079 4879 1191 4926 me.
1227 4871 1283 4918 et
1313 4863 1457 4918 dabo
1494 4863 1594 4918 tibi
1616 4877 1811 4936 gentes
1854 4866 2231 4924 haeretlitatem
2266 4870 2592 4937 tuam“,nin
2623 4888 2786 4942 quam
2816 4875 2861 4929 si
2898 4875 3080 4929 sancti
3110 4877 3514 4940 concesserint,

225 4959 302 5011 ab
331 4973 396 5011 ea
432 4957 713 5012 lsraelitas
748 4955 1036 5011 excisuros
1059 4966 1188 5007 esse
1217 4951 1581 5007 vaticinatur.
1625 4952 1766 5008 Dicit
1816 4955 1990 5026 igitur
2017 4966 2072 5012 et
2118 4957 2292 5014 Israel
2327 4961 2458 5015 totis
2503 4960 2716 5017 viribus
2756 4962 3011 5018 omnium
3068 4966 3368 5016 maximam
3407 4964 3514 5016 im-

227 5048 494 5116 pietatem
531 5044 782 5099 admisit.

303 5137 418 5190 Καὶ
455 5135 605 5205 ὲξεγε
619 5135 880 5207 ρθήσεται
925 5132 986 5198 ἐξ
1027 5129 1244 5186 Ἰακώϐ.
1279 5129 1375 5193 Τίς
1404 5121 1560 5192 οὗτος
1583 5170 1596 5192 ,
1636 5129 1664 5181 ό
1696 5144 1819 5201 στρο⁴

2009 5132 2358 5206 Quapropter
2386 5149 2645 5208 exsurget
2690 5139 2758 5193 ab
2800 5140 2902 5202 eis,
2939 5147 2989 5194 et
3032 5137 3332 5192 auferetur.
3369 5136 3506 5204 Quis

227 5227 606 5299 ῳητευὸμενος
634 5224 727 5278 τοῦ
756 5223 894 5277 Θεοῦ
926 5222 1118 5291 Λόγος.
1141 5221 1267 5294 [Ὃς
1310 5221 1402 5274 καὶ
1437 5220 1690 5272 ἀπώλεσε
1722 5237 1824 5274 σω-

228 5323 463 5393 ζόμενον
508 5324 573 5374 ὲκ
602 5317 857 5390 πόλεως]
892 5313 1060 5390 Οἶμαι
1101 5317 1159 5372 δὲ
1205 5315 1303 5388 τὴν
1339 5313 1697 5387 Ἰερουσαλὴμ
1742 5316 1828 5366 ai-

227 5413 507 5469 νίττεσθαι
539 5415 652 5480 (82)
677 5429 691 5443 ·
720 5411 778 5476 ἐξ
807 5406 874 5483 ἦς
905 5409 1072 5464 ὤλετο
1110 5409 1218 5472 πᾶς
1270 5405 1602 5478 σωζόμενος,
1654 5405 1688 5470 ἢ
1732 5407 1826 5460 καὶ

229 5507 294 5561 τὸ
321 5508 432 5560 πᾶν
451 5505 545 5558 τοῦ
576 5505 768 5566 ἔθνους
797 5502 976 5556 αὐτῶν
1001 5501 1328 5570 πολίτευμα.

313 5621 358 5654 ⁸*
391 5621 590 5676 Cenes.
623 5635 772 5685 nix,
807 5618 893 5674 iO.
971 5617 1016 5649 ’⁵⁸
1049 5615 1184 5672 ibid.
1226 5614 1282 5671 8.
1359 5613 1404 5646 “
1430 5611 1665 5669 Zachar.
1699 5629 1797 5681 xu,
1825 5613 1880 5668 6.
1959 5613 2005 5647 ⁸ο
2038 5612 2233 5670 Matth.
2267 5631 2332 5681 ιι,
2362 5615 2398 5671 2
2433 5631 2586 5687 seqq.

1933 5225 2066 5281 ille?
2097 5227 2415 5295 praedictum
2453 5228 2542 5282 Dei
2582 5227 2844 5290 Verbum,
2885 5229 3031 5298 quod
3082 5229 3320 5298 perdidit
3362 5231 3511 5298 quod

1935 5330 2004 5371 ex
2038 5319 2173 5371 urbe
2221 5319 2416 5380 evasit,
2456 5315 2886 5389 Hierosolymam
2941 5321 3103 5373 tacite
3145 5319 3406 5380 inuueus,
3446 5336 3512 5373 ex

1933 5421 2049 5476 qua
2092 5409 2425 5478 quicunque
2463 5407 2660 5471 evasit,
2707 5410 2887 5478 periit.
2941 5409 3202 5474 Quamvis
3246 5407 3514 5485 quidquid

1935 5515 2001 5555 ex
2036 5507 2198 5569 gente
2223 5515 2415 5555 eorum
2446 5509 2551 5562 cst,
2580 5500 2776 5554 civitas
2806 5508 2910 5555 est.

2669 5616 2711 5649 ⁸¹
2747 5614 2896 5671 Psal.
2928 5629 2989 5679 ιι,
3029 5613 3084 5671 8.

1743 5707 1983 5766 ΝΟΤΑΞ.

305 5784 424 5860 (82)
460 5783 860 5854 Αἱνιττόμενος.
890 5779 948 5834 '0
967 5779 1066 5850 τῆς
1094 5779 1231 5848 Αὐγ.
1267 5776 1399 5834 κὼδ.
