3956 6414
273 316 383 378 873
1365 306 1835 368 COMMENTAR

2003 304 2034 364 Ἱ
2078 299 2470 363 NUMEROS.
3461 295 3565 361 874

276 443 448 499 μασιν
491 424 671 480 αὐτῶν
720 423 858 496 πρὸς
903 422 1002 487 τὰς
1057 421 1150 475 τοῦ
1213 422 1364 493 ἡλίου
1411 421 1628 490 αὐγὰς,
1680 421 1756 483 ὡς
1802 420 1837 473 ἂ

1999 417 2194 469 .iunern
2245 429 2443 467 eorum
2477 417 2669 468 contra
2700 409 2836 468 solis
2867 409 3078 474 radios,
3126 425 3238 494 quo
3294 421 3561 464 terrorem

274 519 495 591 φοϐοῖεν
549 518 842 590 ὁρώμενοι.
871 517 1050 587 Ὅπερ
1093 517 1342 586 μυσαρὸν
1396 513 1714 585 νομίζουσιν
1741 511 1836 566 "Ei

2003 517 2211 577 spectu
2276 521 2377 559 suo
2431 504 2670 575 pariant.
2701 502 2856 570 Quod
2915 501 3313 558 alinrninationi
3352 502 3565 558 ducunt

273 615 440 686 ληνες
492 611 629 684 ἡλίῳ
685 609 964 664 δεικνύναι
993 608 1155 679 σῶμα.
1197 609 1414 679 νεκρὸν,
1439 605 1764 674 ἀγνοοῦντες
1799 605 1835 656 ὡ

1999 597 2153 653 ἰταεοί
2187 597 2233 651 si
2260 605 2541 652 mortuum
2590 596 2828 651 cadaver
2883 596 2985 650 soli
3014 595 3374 652 obtendatur.
3399 595 3561 667 Igno-

271 705 461 761 ἀδικία
486 704 626 777 μόνη
648 703 903 774 μολύνειν
929 700 1244 764 ἐπίσταται,
1271 699 1343 752 οὐ
1381 699 1614 769 πρᾶγμα
1651 696 1833 750 παιδει

2004 701 2160 747 antes
2194 691 2452 747 videlicet
2479 692 2624 762 quod
2681 691 2950 762 iniquitas
3004 691 3122 747 sola
3158 691 3565 761 inquinatiouis

273 812 322 847 τι
335 794 433 850 κον
456 796 549 847 καὶ
563 792 868 863 ὠφέλιμον.

2007 796 2148 838 ausa
2199 793 2302 847 est,
2357 797 2462 838 nec
2520 783 2853 852 supplicium
2915 781 3064 852 quod
3108 797 3253 852 opus
3289 782 3423 836 utile
3457 789 3561 843 est,

1979 884 2033 930 et
2056 875 2359 929 eruditioni
2393 875 2840 929 accommodem.

349 967 706 1039 Hpomh-are
739 966 847 1022 τὸν
876 966 1147 1036 ἀδελφὸν
1171 965 1361 1021 αὑτοῦ
1393 965 1548 1034 πρὸς
1592 963 1707 1030 τὴν
1741 965 1870 1017 Μα-

2054 965 2296 1019 Adduxit
2331 965 2557 1034 fratrem
2582 981 2740 1020 suum
2774 966 2843 1019 ad
2878 965 3311 1020 Madiatu'tidem.
3337 965 3442 1038 [6.]
3477 967 3563 1020 ln-

272 1060 556 1115 δοανῖτιν.
621 1059 851 1130 Ἄδηλον
911 1062 963 1114 εἰ
1023 1058 1398 1130 προσήγγειλε
1445 1055 1834 1128 κατηγορῶνγ

2000 1067 2193 1113 :ertum
2230 1067 2317 1114 est
2345 1074 2414 1113 an
2447 1060 2824 1114 accu5ationis
2884 1060 3052 1115 modo
3105 1061 3457 1127 iudicaverit,
3495 1076 3562 1114 an

274 1155 326 1207 εἰ
357 1151 693 1226 προεξένησε
711 1152 792 1224 τῷ
822 1152 1038 1225 ἀδελφῷ
1067 1153 1169 1224 τὴν
1217 1153 1474 1220 γυναῖκα.

1419 1168 1474 1206 α.
1978 1149 2139 1204 fratri
2169 1163 2271 1204 suo
2295 1150 2642 1220 prostituerit
2669 1151 2978 1206 mulierem.

351 1294 489 1352 illud
529 1307 662 1349 vero
714 1299 928 1348 certum
962 1307 1030 1346 ex
1058 1290 1296 1346 historia
1355 1287 1628 1360 estquod
1683 1285 2050 1359 impudicitia:
2110 1302 2225 1342 sum
2283 1287 2579 1342 atrocitate
2603 1287 2900 1356 adjustam
2969 1289 3106 1344 iram
3179 1291 3567 1364 provocavcrit

275 1383 538 1440 l’binees.
599 1381 758 1447 Quod
808 1380 1071 1438 videlicet
1096 1379 1152 1436 in
1185 1386 1492 1447 conspectu
1546 1376 1720 1434 Musis
1746 1387 1802 1432 et
1829 1377 2146 1448 principum
2205 1375 2493 1437 libidinem
2549 1377 2822 1442 exercuit,
2863 1378 3002 1431 nihil
3055 1379 3357 1449 quidquam
3400 1383 3565 1434 etiam

277 1472 558 1528 reveritus
602 1471 850 1542 ipsorum
905 1469 1206 1538 lacrymas,
1275 1483 1418 1538 quas
1477 1473 1606 1521 ante
1636 1465 1941 1528 tentorium
1993 1463 2331 1520 effuderunt.
2387 1463 2524 1518 Nam
2559 1463 2769 1520 Paulus
2806 1480 3029 1536 quoque
3073 1468 3458 1522 latncuiandos
3503 1484 3567 1519 :tt;

276 1559 552 1632 lugendus
587 1573 712 1614 esse
742 1567 1065 1630 peccatores
1113 1563 1332 1622 censet,
1396 1571 1584 1610 verum
1609 1570 1759 1610 nunc
1786 1551 2014 1626 quidem
2041 1551 2110 1606 ad
2141 1551 2528 1624 pmnitentiant
2558 1565 2737 1620 paena:
2793 1551 2994 1608 dilatio
3037 1553 3259 1618 invitat,
3285 1555 3563 1608 interdum

277 1653 415 1705 vero
449 1647 840 1718 castigationis
863 1659 1037 1701 causa
1065 1645 1252 1700 fervor
1285 1653 1390 1700 est.
1437 1641 1595 1699 Unde
1644 1643 1823 1698 illud:
1870 1640 2026 1696 «Lex
2083 1641 2224 1694 iram
2269 1640 2534 1697 efﬁcit”.
2565 1660 2582 1691 ι
2625 1639 2980 1711 Quapropter
3041 1642 3264 1698 animus
3327 1642 3567 1698 Phinees

275 1737 547 1794 aastuavit
573 1736 712 1791 adeo
737 1743 928 1792 utnec
973 1735 1340 1804 interrogaret
1399 1732 1736 1802 principem,
1785 1746 1889 1786 nec
1948 1731 2248 1786 consilium
2305 1740 2680 1800 exspectaret.
2723 1729 2860 1784 Nam
2913 1731 3141 1802 pietatis
3196 1745 3570 1803 propugnator

275 1836 442 1889 erat,
491 1833 548 1880 et
597 1825 866 1895 puniebat
917 1823 1262 1894 impietatem
1315 1821 1411 1878 ubi
1463 1831 1616 1888 erat,
1663 1835 1874 1890 eosque
1927 1819 2178 1889 singulos
2227 1819 2321 1888 qui
2382 1818 2636 1873 libidinis
2695 1820 2880 1873 scelus
2941 1828 3322 1890 patraret-ant.
3385 1823 3568 1894 Καμι-

276 1916 430 1969 νειον
452 1914 600 1969 enim
649 1913 883 1983 Aquilus
905 1912 1132 1982 quidem
1163 1919 1378 1976 tectum,
1415 1909 1788 1981 Symmachus
1823 1922 1953 1963 vero
1980 1906 2344 1974 prostibulum
2371 1909 2651 1977 exposuit.
2710 1907 2981 1963 Caeterum
3035 1925 3162 1962 eum
3208 1909 3573 1964 Providentia:

277 2002 542 2058 minister
571 2009 744 2068 esset,
779 1999 930 2056 facto
969 2014 1075 2057 suo
1131 1998 1404 2070 singulari
1458 1997 1836 2052 universalem
1897 1997 2113 2068 plagam
2171 1997 2468 2053 exstinxit.
2502 1997 2574 2050 Ea
2601 2000 2805 2054 etenim
2855 1999 3056 2054 terrori
3093 1998 3318 2069 quidem
3365 1999 3470 2054 fuit
3507 2003 3562 2053 in

281 2090 553 2154 sublatis,
616 2087 735 2159 ipse
763 2103 894 2145 vero
949 2089 1113 2148 etiam
1148 2102 1345 2144 eorum
1377 2101 1669 2141 numerum
1703 2085 1922 2141 minuit.
1953 2089 2124 2159 Atqui
2159 2095 2328 2144 aestus
2361 2088 2455 2142 ille
2478 2089 2571 2158 qui
2611 2089 2924 2144 exstinctus
2961 2105 3090 2144 esse
3123 2089 3352 2155 dicitur,
3401 2089 3568 2160 justi-

281 2180 388 2245 tia,
414 2193 537 2248 qua:
569 2187 766 2233 contra
794 2192 990 2234 omnes
1011 2177 1232 2249 ﬂagrat,
1264 2183 1372 2232 est.
1407 2172 1584 2230 Porro
1629 2173 1899 2246 singulari
1957 2177 2060 2230 hoc
2111 2191 2213 2230 suo
2254 2175 2424 2241 facto,
2457 2184 2512 2230 et
2541 2177 2688 2246 quod
2736 2177 2956 2232 fervore
2995 2175 3090 2232 Dei
3128 2189 3440 2232 commotus
3460 2191 3566 2242 est,

283 2267 536 2322 divinam
563 2267 908 2322 voluntatem
935 2273 1022 2321 est
1051 2271 1412 2329 consecutus,
1467 2263 1733 2332 vicesque
1785 2263 2088 2326 mactandi,
2146 2265 2353 2330 ipsum,
2405 2265 2659 2334 inquam,
2727 2265 3108 2320 sacerdotium
3159 2274 3246 2318 est
3311 2267 3567 2336 adeptus.

285 2352 592 2425 Sanguinis
619 2352 769 2408 enim
797 2353 956 2408 citati
981 2351 1180 2408 effusio
1207 2351 1651 2407 abominationis
1679 2347 1786 2404 fuit
1819 2366 2040 2420 expers.
2061 2351 2220 2418 Quin
2252 2351 2306 2404 id
2334 2353 2478 2421 quod
2517 2353 2642 2420 jure
2677 2353 2748 2406 ab
2775 2369 2838 2408 eo
2876 2351 3086 2406 factum
3141 2351 3346 2421 fuerat,
3379 2353 3568 2408 hono-

284 2459 406 2498 rem
442 2442 666 2498 meruit.
695 2439 969 2508 Quoniam
1008 2455 1140 2500 vero
1177 2439 1449 2497 interfecti
1479 2439 1723 2510 insignes
1753 2453 1818 2493 ac
1852 2440 2094 2496 illustres
2117 2448 2296 2506 erant,
2328 2457 2392 2493 eo
2423 2441 2726 2512 insigniora
2789 2457 3010 2512 qquue
3049 2456 3243 2496 eorum
3281 2443 3560 2514 supplicia

283 2530 652 2586 exstiterunt.
3161 2585 3170 2598 ο

363 2617 590 2674 Because
608 2625 768 2688 caput
793 2615 956 2670 totius
979 2629 1286 2685 synagogas.
1315 2611 1619 2686 [XXVLQJ
1651 2611 1950 2682 Postquam
1984 2612 2284 2670 indicasset
2311 2617 2572 2687 pupulum
2611 2626 2769 2673 extra
2809 2619 3111 2674 terminum
3145 2637 3174 2674 a
3213 2620 3322 2678 Deo
3360 2626 3570 2680 consti-

286 2716 473 2762 tutum
511 2706 750 2770 venisse,
783 2704 984 2758 iterum
1023 2717 1172 2756 nunc
1207 2700 1266 2756 in
1324 2701 1536 2756 militia:
1565 2701 1888 2756 idoneorum
1927 2717 2218 2756 numerum
2271 2703 2549 2774 inquirit;
2583 2721 2708 2762 cum
2746 2708 2892 2761 enim
2930 2717 3118 2778 patres
3153 2721 3280 2765 ante
3312 2715 3570 2770 recensiti

285 2793 714 2858 occubuissent,
739 2791 840 2846 lilii
869 2790 1116 2858 ipsorum
1150 2787 1218 2844 ad
1257 2787 1536 2843 calculum
1569 2797 1863 2844 vocantur.
1904 2791 2083 2859 Atque
2141 2786 2259 2845 hoc
2289 2807 2424 2851 sane
2476 2793 2611 2848 illud
2675 2802 2783 2858 est,
2847 2796 2994 2859 quod
3041 2796 3214 2854 David
3272 2797 3568 2858 Dominum

285 2881 508 2940 dixisse
562 2881 781 2952 inquit:
816 2897 836 2931 ι
892 2878 952 2934 Si
983 2875 1366 2948 ingrediuntur
1405 2877 1462 2933 in
1485 2876 1734 2947 requiem
1775 2879 2038 2944 meam”,
2066 2896 2086 2930 ι
2117 2888 2173 2934 et
2214 2895 2336 2950 quae
2393 2881 2661 2951 deinceps
2711 2893 3044 2952 sequuntur.
3103 2885 3352 2952 Quorum
3406 2889 3570 2944 ηιμ-τι

291 2972 490 3041 utique
519 2968 754 3026 formam
786 2967 1042 3023 ferebant
1071 2963 1248 3020 ﬁdelis
1269 2966 1480 3035 pupuli,
1513 2966 1608 3034 qui
1653 2965 1816 3022 linem
1847 2966 2009 3036 legis,
2044 2967 2332 3024 Christum
2398 2973 2629 3040 recrpil.
2665 2970 3026 3030 Tinctinnem
3061 2973 3192 3028 item
3222 2977 3570 3046 spiritualem

289 3075 421 3130 qua
448 3057 806 3115 circumcisio
823 3063 960 3112 teste
987 3053 1160 3110 Paulo
1184 3054 1408 3110 exsistit
1441 3071 1456 3108 :
1497 3073 1514 3106 ι
1535 3053 1648 3110 Nos
1687 3056 1832 3109 enim
1861 3070 2090 3122 sumus,
2113 3055 2317 3122 inquit,
2358 3060 2720 3114 circumcisio
2753 3070 3032 3131 quotquot
3071 3062 3126 3116 in
3159 3065 3360 3133 spiritu
3401 3065 3570 3122 Deum

291 3147 537 3203 colimus
555 3146 622 3200 °°.
646 3164 664 3197 ι
700 3143 764 3198 Et
791 3144 991 3198 iterum
1027 3159 1042 3197 :
1081 3161 1099 3194 ι
1125 3137 1457 3198 Οἱιουηιείὲί
1493 3143 1630 3197 estis
1671 3143 1793 3196 sine
1825 3157 2022 3198 manus
2064 3145 2466 3200 ministerio“.
2497 3167 2513 3197 ι
2551 3148 2801 3215 Quorum
2834 3158 3028 3222 typum
3061 3154 3206 3222 gerit
3249 3152 3442 3216 ‘Jusue
3475 3159 3571 3226 qui

295 3245 552 3308 posteros
577 3231 944 3288 circumcidit.
979 3228 1088 3284 Sed
1113 3229 1377 3300 quoniam
1415 3244 1523 3283 non
1555 3245 1683 3284 vera
1725 3230 1816 3283 illa
1871 3233 2225 3289 circtnncisio
2282 3234 2406 3300 fuit,
2469 3237 2676 3290 dicitur
2731 3237 2899 3312 424
2948 3241 3152 3295 alicubi
3195 3261 3208 3296 :
3245 3263 3262 3293 ι
3287 3242 3571 3300 ΡΙἮὲεἱιΙὶΙιξ

291 3321 480 3378 cordis
533 3320 698 3375 vestri
731 3319 996 3374 duritiam
1014 3319 1080 3371 ".
1104 3337 1122 3370 ι
1160 3316 1435 3372 Recenset
1465 3317 1654 3386 itaque
1709 3317 1852 3372 filios
1918 3320 2332 3384 defunctorum,
2375 3341 2564 3378 verum
2611 3341 2722 3380 non
2761 3342 2826 3382 eo
2856 3329 3044 3396 modo,
3077 3347 3190 3400 quo
3224 3347 3402 3402 nuper
3432 3349 3568 3387 usus

291 3421 439 3475 erat,
475 3409 653 3480 primo
677 3407 932 3463 videlicet
965 3405 1308 3460 numerando
1351 3405 1530 3461 tribus
1569 3420 1692 3475 qua
1720 3421 1783 3459 ex
1818 3407 2010 3462 liberis
2047 3411 2412 3476 constabant,
2457 3413 2664 3467 deinde
2723 3429 2822 3469 eos
2881 3409 2975 3484 qui
3012 3433 3076 3470 ex
3103 3420 3281 3472 servis
3313 3437 3328 3485 ;
3364 3421 3567 3474 nullam

292 3501 448 3552 enim
484 3498 754 3551 rationem
813 3495 1110 3563 utriusque
1174 3492 1392 3562 generis
1442 3493 1628 3548 habet.
1661 3494 1739 3548 Ac
1777 3495 1959 3563 primo
2018 3496 2241 3564 quidem
2305 3499 2504 3552 recitat
2537 3515 2599 3554 ex
2646 3501 2794 3556 tribu
2851 3503 3228 3559 delcctissima
3263 3505 3390 3561 Levi
3429 3509 3572 3563 filios

291 3589 544 3657 quinque
587 3585 730 3651 Leaa,
759 3599 825 3639 eo
855 3583 1002 3654 quod
1031 3582 1320 3652 proprium
1347 3581 1604 3636 ordinem
1654 3581 1915 3637 habitura
1956 3594 2128 3650 esset,
2157 3588 2454 3642 ministerii
2486 3591 2702 3644 scilicet
2735 3593 2904 3648 sacri.
2946 3595 3153 3649 Deinde
3193 3596 3311 3650 (ἰού
3337 3606 3392 3652 et
3431 3599 3572 3652 Aser

293 3676 515 3730 ancillae
538 3674 701 3730 mios.
747 3673 953 3730 Deinde
981 3671 1240 3728 Rachelis
1301 3671 1494 3726 liberae
1555 3671 1698 3727 lilios
1733 3683 1865 3736 tres,
1898 3687 1965 3730 ex
2017 3676 2228 3744 quibus
2285 3679 2466 3747 primo
2510 3682 2704 3732 recitat
2759 3680 2898 3733 filios
2959 3680 3205 3752 .luseph,
3262 3687 3569 3741 secundum

291 3763 548 3820 ordinem
584 3762 981 3833 generationis.
1035 3761 1289 3815 Manasse
1319 3769 1374 3814 et
1404 3759 1688 3828 Epirraim.
1727 3760 1934 3816 Deinde
1971 3763 2223 3818 ultimum
2256 3764 2514 3822 Rachelis
2547 3767 2722 3820 lilium
2768 3767 3084 3837 Beniamin.
3120 3771 3340 3836 Quibus
3363 3777 3564 3830 iterum

290 3852 514 3908 ancillae
548 3850 691 3907 filios
720 3849 832 3905 Dan
854 3859 912 3904 et
941 3847 1250 3919 Neplrtalim
1299 3847 1609 3916 subjungit.
1660 3845 1777 3902 Pra:
1801 3864 1863 3902 se
1897 3847 2101 3905 ferebat
2130 3861 2314 3905 autem
2349 3852 2452 3905 hoc
2486 3854 2941 3922 coniunctionem
2972 3857 3199 3914 lsraelis
3231 3861 3326 3928 qui
3363 3862 3571 3918 ductus

291 3954 383 3997 est
417 3940 617 4010 spiritu
648 3939 954 4002 servitutis,
981 3947 1036 3992 et
1076 3947 1324 3992 nostram
1358 3935 1450 4007 qui
1507 3936 1685 3992 vocati
1733 3952 1927 3992 smnus
1983 3953 2080 4006 per
2133 3940 2485 4008 adoptionem
2515 3943 2572 3994 in
2613 3943 2817 4011 spiritu
2853 3943 3147 4001 libertatis.
3222 3945 3378 4002 Unde
3437 3965 3573 4004 sane

293 4029 471 4086 Hosis
519 4029 652 4084 illud
700 4035 786 4083 est
817 4045 832 4084 :
863 4046 881 4078 ι
909 4027 1240 4082 Exhilaratus
1291 4035 1420 4082 sunt
1449 4035 1643 4095 gentes
1699 4041 1826 4081 cum
1859 4025 2064 4110 populo
2109 4026 2235 4082 huc.
2266 4046 2284 4078 ι
2324 4026 2458 4084 Item
2494 4029 2816 4084 Servatoris
2848 4031 2954 4086 hoc
2989 4051 3006 4086 :
3045 4053 3062 4082 ι
3089 4033 3207 4087 Erit
3242 4052 3386 4090 uirus
3412 4051 3571 4106 grex,

292 4127 352 4174 et
405 4133 550 4174 unus
602 4117 921 4187 pastoria.»
989 4117 1266 4170 (Steterunt
1299 4123 1356 4168 ut
1383 4114 1732 4184 reliquarum
1793 4114 2041 4170 tribuum
2087 4131 2354 4174 numerus
2415 4133 2450 4174 ει
2515 4117 2700 4187 priore
2749 4135 2919 4174 censu
2976 4121 3288 4179 diminutus
3341 4135 3448 4189 est,
3499 4128 3572 4180 ita

301 4205 563 4263 Leviticte
628 4205 812 4261 tribus
859 4213 1057 4259 auctus
1113 4212 1217 4260 est.
1279 4202 1514 4274 Semper
1552 4200 1700 4255 enim
1745 4217 1923 4273 genus
1974 4204 2210 4260 electum
2275 4209 2544 4274 augescit,
2613 4221 2738 4262 cum
2797 4207 3077 4264 infensum
3131 4220 3329 4266 centra
3390 4215 3572 4268 immi—

301 4301 528 4350 nitatur.

371 4380 620 4440 Sartibus
643 4379 996 4434 distribuetur
1021 4389 1186 4432 terra.
1215 4375 1358 4450 [εἰεί]
1384 4379 1478 4438 ,Αι1
1515 4377 1818 4432 tollendum
1867 4378 2041 4441 rixas,
2109 4376 2488 4449 majoremque
2543 4382 2934 4440 ccrtitudincm
2987 4400 3051 4440 ac
3083 4387 3416 4444 evidentiam
3442 4390 3574 4446 reti-

297 4472 541 4526 nendum
567 4485 690 4525 sors
723 4469 798 4523 fit.
835 4469 966 4537 Ejus
1008 4485 1138 4522 vero
1202 4477 1396 4521 auctor
1431 4465 1524 4521 Dei
1564 4475 1654 4522 est
1681 4467 2001 4522 consilium.
2030 4465 2152 4522 Non
2203 4469 2352 4524 cnim
2417 4468 2653 4526 furtunae
2702 4487 2861 4528 eterra
2892 4489 2920 4525 a
2952 4477 3060 4544 piis
3111 4476 3428 4533 hominibus
3485 4494 3575 4536 res

293 4561 745 4614 connuittuntur.
781 4556 938 4624 Quod
995 4555 1202 4610 Paulus
1260 4555 1490 4620 indicat,
1533 4570 1662 4610 cum
1727 4553 1910 4624 inquit
1944 4555 2043 4610 :ln
2081 4571 2192 4627 quo
2225 4566 2384 4614 sorte
2415 4560 2652 4614 extracti
2684 4577 2906 4624 sumus,
2975 4563 3234 4632 prmiiniti
3262 4565 3569 4620 secundum

293 4654 536 4700 mentem
559 4645 746 4699 omnia
783 4643 1076 4705 moventis,
1110 4642 1416 4697 secundum
1470 4643 1766 4696 consilium
1822 4643 2121 4700 voluntatis
2175 4647 2373 4716 ipsius,
2435 4655 2588 4702 sorte
2637 4650 2872 4718 gratiam
2916 4650 3266 4716 declarante,
3293 4655 3562 4722 quoniam

295 4733 470 4786 Verbo
517 4732 683 4786 etiam
737 4731 797 4784 ﬁt
842 4730 1148 4785 secundum
1204 4730 1387 4783 fidem.
1441 4730 1585 4783 Idem
1628 4729 1871 4784 innuunt
1896 4745 2120 4800 quoque
2164 4732 2449 4800 Apostoli,
2485 4748 2612 4787 cum
2652 4737 2950 4804 inquiunt:
2995 4753 3014 4788 ι
3061 4736 3292 4796 Domine
3344 4741 3571 4808 καρδιο-

221 4836 229 4842 ·
291 4819 540 4890 τνῶστοι,
562 4820 783 4874 declara
815 4835 982 4873 unum
1015 4834 1180 4888 quem
1221 4835 1286 4872 ex
1325 4819 1411 4873 his
1443 4818 1661 4874 duobus
1695 4819 1783 4888 eli;

2007 4819 2045 4872 ’⁵.
2081 4839 2100 4870 ι
2144 4818 2374 4875 Constat
2429 4823 2616 4891 itaque
2681 4833 2889 4878 sortem
2928 4840 3039 4879 non
3107 4841 3241 4880 casu
3303 4827 3445 4892 fieri,
3475 4830 3568 4883 sed

296 4923 470 4978 penes
506 4907 798 4961 arbitrium
831 4921 954 4961 esse
985 4905 1098 4960 Dei.
1137 4905 1190 4960 ω
1223 4906 1396 4976 igitur
1426 4904 1574 4976 quod
1639 4922 1786 4960 nunc
1852 4907 2010 4970 dicit,
2065 4908 2336 4978 quidquid
2401 4910 2594 4980 utique
2623 4926 2748 4967 sors
2775 4913 3075 4982 deﬁnierit,
3110 4915 3178 4970 de
3198 4915 3387 4970 divina
3427 4927 3572 4971 sorte

293 4998 476 5059 dicit,
501 5011 611 5050 non
642 4995 890 5061 fortuita,
916 4994 1221 5048 secundum
1259 5009 1424 5064 quam
1460 4993 1553 5063 qui
1591 4995 1823 5063 imperia
1855 4996 2116 5051 obvenire
2161 4997 2422 5050 dict-bant
2471 4998 2614 5067 apud
2661 4997 2884 5054 Graecos
2942 5001 3428 5070 reprehensionem
3461 5018 3569 5059 nou

293 5085 1072 5158 effugiebant.Attribuuntur
1115 5099 1246 5138 vero
1275 5084 1566 5138 recensitis
1625 5084 1708 5138 cis
1781 5082 2081 5138 Jordanem
2146 5095 2309 5138 teme
2372 5095 2580 5140 sanctae
2631 5095 2837 5155 partes.
2894 5087 3169 5159 Descripti
3241 5090 3388 5142 enim
3441 5101 3572 5145 strnt

289 5178 530 5247 juvenes
556 5175 712 5229 liberi
745 5175 1032 5244 baptizati,
1058 5174 1150 5242 qui
1181 5173 1341 5228 sedes
1374 5172 1598 5227 lsraelis
1654 5187 1875 5242 quoque
1909 5181 2094 5226 tenent
2131 5188 2228 5241 per
2256 5173 2425 5228 Caleb
2443 5181 2494 5227 et
2526 5173 2694 5229 Josne
2731 5176 3102 5244 significatus.
3167 5177 3444 5232 Caetermn
3475 5195 3570 5250 per

298 5264 447 5318 filius
471 5261 1010 5334 intelligitjuvcncs,
1061 5277 1270 5329 eosque
1305 5261 1397 5327 qui
1431 5275 1496 5313 ex
1531 5259 1761 5328 ephebis
1817 5270 2201 5324 excesserunt,
2261 5262 2523 5332 belloque
2569 5263 2738 5317 animi
2775 5265 3030 5319 obscuris
3061 5265 3274 5320 viribus
3315 5266 3572 5323 instructi

297 5361 453 5418 sunt,
489 5355 745 5421 quamvis
770 5351 894 5406 belli
936 5351 1112 5404 aleam
1145 5357 1452 5402 tentasscnt
1508 5365 1816 5418 nunquam.
1851 5352 1926 5402 Ac
1954 5365 2049 5416 per
2073 5347 2218 5404 filios
2249 5351 2469 5420 quidem
2509 5366 2702 5404 eorum
2741 5351 2834 5420 qui
2877 5351 2930 5405 in
2969 5352 3358 5421 legefuerunt.
3398 5373 3576 5410 novus

296 5420 632 5496 inuuehatur
653 5441 910 5510 populus,
939 5440 1032 5507 qui
1071 5437 1125 5490 in
1157 5437 1356 5489 librum
1392 5437 1518 5490 vitzc
1555 5436 1785 5490 inscribi
1814 5437 1962 5507 digni
1989 5437 2342 5506 judicantur,
2379 5453 2630 5508 quorum.
2651 5439 2855 5509 singuli
2907 5455 3006 5510 pro
3031 5420 3267 5498 ratione
3303 5445 3574 5500 virtutum
3637 5420 3645 5429 ’

293 5531 717 5596 describuntur,
753 5535 1287 5596 mansuetorumque
1319 5534 1470 5581 terra
1503 5524 1790 5592 fruuntur,
1824 5525 1932 5581 nisi
1982 5525 2132 5595 quod
2161 5525 2416 5595 ampliori
2455 5541 2717 5582 mensura
2753 5527 2927 5581 videri
2978 5528 3118 5584 forte
3167 5532 3365 5601 possit.
3425 5531 3574 5587 Men-

369 5705 418 5738 ⁸⁸
453 5704 610 5758 Rom.
650 5719 722 5764 Iv,
763 5701 844 5756 l5.
922 5702 967 5734 ⁵⁹
997 5699 1144 5756 Psal.
1179 5715 1324 5765 κων,
1359 5701 1454 5767 ll;
1501 5699 1668 5754 Hebr.
1699 5714 1780 5759 nr.
1811 5699 1898 5754 ll.

2016 5701 2024 5729 ’
2052 5697 2286 5771 Philipp.
2323 5717 2404 5768 nr,
2433 5703 2490 5757 3.
2572 5701 2614 5734 ⁸⁸
2642 5702 2856 5760 Coloss.
2904 5721 2968 5772 ιι,
3001 5705 3090 5762 ll.
3169 5707 3214 5738 ⁶¹
3244 5705 3365 5762 Joel
3395 5722 3456 5769 ιι,
3489 5703 3578 5764 13.

297 5777 346 5809 ⁸³
374 5774 536 5832 Joan.
583 5792 636 5840 ι,
667 5776 753 5830 Ni.
833 5774 877 5804 “
908 5773 1030 5826 Act.
1065 5789 1103 5836 ι,
1129 5774 1219 5826 2ἱ.

545 5871 819 5930 Parnm.
853 5868 968 5928 Gn.
1012 5866 1370 5928 LXXXVII.
3130 5873 3209 5932 23

3165 6062 3190 6078 «ρ
