3956 6424
526 299 631 372 8'75
1826 304 2183 381 PROCOPII
2221 310 2465 383 cum
3017 296 3022 300 ’
3664 337 3753 398 876

530 443 713 484 suram
755 428 925 495 enim,
957 426 1058 497 ait,
1088 430 1400 512 pulchram,
1429 446 1702 503 pressam,
1738 440 2071 488 concussam
2106 443 2158 486 et
2184 434 2406 490 uberem
2442 438 2495 490 in
2531 439 2710 491 sinum
2747 446 2993 493 vestrum
3030 440 3276 495 fundent.
3301 438 3551 509 Proinde,
3578 444 3751 515 inquit~

528 516 909 587 compluribus
939 520 1327 588 augmentabis
1364 521 1676 591 portionem
1738 536 1922 586 suam,
1963 529 2021 575 ut
2055 520 2294 592 quisque
2325 527 2634 580 secundum
2666 541 2869 584 census
2896 529 2982 583 sui
3028 528 3300 584 rationem
3333 532 3604 585 sortiatur.
3639 534 3755 591 llinc

532 605 702 660 etiam
740 604 826 673 ﬁt,
859 605 1005 677 quod
1040 607 1387 677 pluralitatis
1412 620 1646 664 numero
1680 608 1850 663 libros
1882 610 2185 677 explicatos
2214 626 2336 667 esse
2364 613 2529 667 tradit
2572 613 2782 679 Daniel,
2816 629 2881 670 ac
2923 615 3133 671 indicat
3165 616 3546 686 descriptionis
3592 620 3756 677 diver-

530 708 624 750 sas
654 708 779 748 esse
801 692 1288 749 triensuraleinc
1350 710 1573 766 quoque
1622 694 1879 750 tributim
1930 698 2393 770 nominatimque,
2457 703 2717 771 quamvis
2771 705 3158 773 cognationem
3190 706 3428 761 describi
3481 709 3755 779 imperavit.

531 780 777 850 Denique
796 795 926 836 vero
959 779 1165 836 Christi
1196 782 1265 837 de
1296 780 1565 838 felicitate
1590 784 1947 853 pronuntiata
1988 783 2131 864 idem
2158 786 2264 841 sibi
2293 790 2433 844 velle
2455 791 2728 853 videntur,
2764 791 2866 846 hoc
2888 792 3009 861 ipso
3043 792 3195 862 quod
3225 795 3522 851 virtutibus
3553 800 3759 869 singulis

529 885 628 924 sua
648 869 871 939 praemia
896 868 1226 937 decernunt,
1250 872 1609 939 maximaque
1645 870 1713 925 iis
1738 871 1830 941 qui
1866 870 2088 926 sincero
2116 874 2285 929 corde
2324 877 2539 947 praediti
2566 877 3059 934 exsistunt.Deum
3090 881 3239 935 enim
3271 878 3552 948 videbunt,
3580 882 3752 955 inquit.

530 957 731 1024 Quales
761 956 968 1012 ibidem
1000 957 1148 1013 sacri
1178 956 1391 1014 ordinis
1423 957 1681 1012 homines
1709 972 1833 1012 esse
1866 957 2042 1027 jubet,
2080 960 2341 1018 sclectam
2372 966 2518 1019 enim
2545 964 2979 1036 descriptionem
3008 966 3240 1032 habent,
3273 979 3532 1038 praeterea
3579 974 3757 1029 nullam

528 1049 581 1101 in
619 1057 764 1101 terra
792 1054 1027 1116 partem.
1050 1045 1155 1113 Qui
1186 1046 1353 1100 etiam
1385 1046 1574 1101 dicere
1601 1056 1830 1116 possent
1855 1064 1868 1099 :
1893 1044 2094 1116 Utique
2130 1051 2184 1103 in
2219 1052 2477 1107 manibus
2518 1053 2635 1107 tuis
2665 1067 2791 1108 sors
2816 1067 2960 1117 mea,
2993 1054 3291 1123 portioque
3324 1067 3442 1107 mea
3503 1053 3754 1113 Dominus.

524 1132 681 1190 Unde
739 1149 842 1189 nec
895 1135 1164 1205 puerulus
1222 1135 1276 1188 in
1321 1134 1427 1201 eis,
1480 1136 1628 1205 quod
1704 1149 1898 1205 puram
1953 1134 2284 1204 probitatem
2346 1134 2648 1207 signiﬁcat.
2675 1137 2744 1189 At
2779 1135 2876 1205 qui
2921 1143 3157 1192 cunctos
3207 1135 3474 1192 describit
3528 1135 3758 1209 Christus

521 1231 607 1279 est
662 1238 759 1294 per
827 1238 1106 1279 summum
1174 1222 1490 1293 pontiﬁcem
1549 1231 1603 1278 et
1663 1223 2040 1293 legislatorcm
2104 1222 2511 1285 adumbratas,
2582 1222 2678 1293 qui
2733 1223 2945 1276 nullam
3018 1221 3338 1281 inﬁdelibus
3406 1232 3613 1279 sortem
3664 1226 3758 1281 tri-

532 1311 672 1365 buit.
697 1309 860 1365 Juxta
898 1310 1032 1365 illud
1074 1329 1089 1366 :
1128 1329 1146 1362 ι
1176 1309 1577 1380 Expungantur
1598 1310 1789 1365 elibro
1804 1311 2345 1373 viventium,etcum
2370 1310 2538 1377 justis
2566 1325 2675 1364 non
2707 1310 3031 1367 scribantur
3055 1309 3126 1362 ⁸⁸.
3166 1328 3186 1362 ι

591 1397 661 1452 Et
692 1415 810 1453 cum
838 1399 1181 1453 accessissent
1211 1398 1341 1467 ﬁlia:
1374 1398 1637 1468 Salpaad.
1681 1397 1919 1471 [XXVIL
1952 1397 2027 1470 1.]
2058 1396 2272 1453 Justam
2303 1410 2527 1451 causam
2580 1403 2786 1451 sortem
2818 1404 3127 1466 paternam,
3165 1410 3290 1451 tum
3326 1394 3523 1452 fratres
3564 1399 3639 1453 eis
3662 1412 3758 1453 non

519 1496 728 1552 essent,
767 1487 1006 1559 petendo
1034 1494 1380 1558 proponunt,
1415 1501 1539 1542 cum
1572 1487 1881 1557 impietatis
1913 1493 2072 1556 pater
2102 1482 2651 1547 eommisissetnihil,
2685 1498 2874 1537 verum
2909 1483 3126 1553 peccati
3158 1484 3367 1554 proprii
3396 1483 3543 1554 justa
3573 1486 3760 1554 persol-

519 1577 709 1641 visset,
742 1584 798 1632 et
825 1574 890 1630 ad
911 1574 1217 1645 longiorem
1244 1574 1409 1629 vitam
1436 1574 1726 1645 pervenire
1753 1588 1862 1628 non
1888 1574 2178 1645 potuisset.
2209 1571 2480 1628 Caeterum
2513 1573 2872 1642 praetendunt
2899 1571 3027 1640 hoc,
3053 1572 3327 1639 siquidem
3360 1575 3481 1628 vitae
3500 1572 3760 1643 longitudo

519 1662 693 1733 legem
748 1660 1177 1716 observantibus
1232 1659 1418 1716 divina
1461 1660 1832 1730 promissione
1877 1659 2146 1730 praeﬁnita
2176 1669 2315 1715 erat.
2352 1659 2597 1716 Possunt
2628 1672 2812 1715 autem
2845 1660 2951 1714 hoc
2973 1674 3195 1731 quoque
3227 1660 3391 1715 modo
3419 1661 3754 1719 concludere.

516 1750 687 1805 Nemo
718 1750 825 1805 nisi
855 1750 925 1803 ob
961 1756 1248 1819 peccatum
1274 1750 1494 1820 generis
1522 1749 1812 1803 masculini
1838 1750 2032 1803 exsors
2068 1748 2149 1803 ﬁt.
2186 1747 2350 1818 Atqui
2394 1760 2502 1802 non
2540 1756 2832 1818 tantopere
2862 1747 3115 1818 peccavit
3138 1749 3209 1811 is,
3274 1748 3555 1817 inquiunt,
3611 1746 3756 1820 425

517 1844 577 1891 ιιι
600 1852 797 1891 nomen
827 1836 946 1907 ejus
972 1836 1350 1891 inducendum
1376 1837 1504 1902 siet,
1540 1836 2008 1906 quemadmodum
2039 1850 2258 1903 eorum,
2287 1837 2381 1906 qui
2413 1851 2539 1890 cum
2577 1825 2723 1890 Core
2757 1836 3181 1905 eonspirarunt.
3211 1836 3373 1902 Quod
3404 1836 3569 1891 etiam
3605 1834 3761 1890 David

517 1943 618 1981 suo
642 1927 915 1998 proditori
956 1927 1317 1997 imprecatur,
1377 1926 1638 1993 inquiens
1668 1943 1683 1980 :
1717 1943 1736 1977 ι
1758 1925 1987 1981 Utinam
2018 1939 2049 1979 e
2082 1934 2229 1980 terra
2261 1924 2526 1979 memoria
2572 1922 2694 1992 ejus
2731 1922 3111 1998 exscindatur.
3142 1942 3161 1976 ι
3202 1922 3264 1978 Id
3297 1923 3446 1978 enim
3504 1922 3760 1979 veteribus

514 2025 624 2068 tam
645 1996 858 2069 durum
887 2021 942 2069 et
972 1996 1137 2085 grave
1165 2015 1344 2068 visum
1378 2022 1486 2077 est,
1515 2027 1681 2082 quam
1710 2012 1869 2067 nobis
1896 2012 2005 2066 vita
2032 2013 2288 2068 excidere
2309 2021 2537 2078 interna,
2562 2026 2593 2065 a
2619 1996 2924 2082 qua'nemo
2958 2011 3184 2081 injuste,
3210 2012 3427 2082 levique
3454 2011 3521 2066 de
3549 2018 3757 2080 peccan

483 2102 789 2172 'tlejicitur.
826 2101 1018 2157 Exstat
1046 2115 1175 2155 vero
1211 2100 1279 2154 de
1309 2100 1398 2155 his
1434 2101 1601 2155 rebus
1633 2100 1743 2163 lex,
1769 2099 1914 2168 quod
1953 2089 2314 2155 feminzeloco
2336 2101 2711 2155 masculorum
2742 2102 2877 2165 sint,
2913 2108 2968 2154 et
3001 2115 3100 2171 per
3131 2115 3229 2156 eas
3269 2100 3537 2155 memoria
3560 2108 3759 2169 patrum

511 2198 899 2246 conservetur.
969 2188 1201 2255 Quodsi
1239 2203 1369 2243 vero
1420 2185 1545 2241 ﬁliae
1594 2201 1706 2240 non
1762 2186 2003 2252 fuerint,
2056 2187 2298 2256 aliquem
2335 2188 2404 2242 de
2447 2197 2681 2256 paterno
2730 2202 2961 2257 genere,
2994 2202 3103 2241 non
3159 2195 3414 2242 materno
3476 2185 3759 2249 substituit,

513 2280 835 2349 primasque
900 2275 1058 2333 sexui
1124 2275 1438 2331 masculino
1471 2273 1670 2340 defert,
1706 2289 1772 2349 ep
1808 2274 1956 2344 quod
2021 2278 2373 2343 pertinebant
2432 2280 2634 2334 merito
2692 2288 2808 2333 tum
2832 2278 2900 2335 ad
2932 2294 3028 2334 eos
3056 2279 3154 2348 qui
3191 2280 3246 2334 in
3274 2280 3435 2335 bellis
3474 2279 3757 2341 decertant,

512 2381 625 2423 tum
663 2370 829 2425 etiam
864 2384 961 2424 eos
992 2367 1087 2439 qui
1116 2366 1446 2422 certaminis
1490 2367 1719 2436 praemia
1768 2375 2187 2435 compararunt.
2227 2366 2383 2421 Unde
2438 2369 2608 2421 etiam
2668 2367 2875 2420 donum
2930 2367 3258 2437 hujusmodi
3319 2368 3757 2439 jtteundissimum

511 2460 646 2529 ipsis
673 2458 817 2512 haud
854 2458 1131 2512 immerito
1161 2456 1401 2511 erstitit.
1433 2454 1575 2509 Illud
1606 2463 1791 2508 autem
1819 2455 1967 2524 quod
2020 2454 2314 2511 haereditas
2339 2454 2422 2509 eis
2451 2454 2738 2518 tribuitur,
2788 2454 3144 2510 demonstrat
3175 2454 3327 2524 quod
3358 2456 3628 2526 propriam
3660 2467 3758 2506 non

511 2549 826 2610 habuerint,
864 2562 996 2618 pars
1031 2547 1180 2602 enim
1207 2560 1271 2600 ea
1306 2560 1426 2615 quae
1455 2545 1682 2598 honoris
1743 2545 1925 2615 gratia
1990 2543 2272 2606 tribuitur,
2299 2558 2409 2604 non
2438 2542 2560 2609 ejus
2617 2542 2839 2612 propria
2885 2553 2972 2597 est
2996 2541 3090 2611 qui
3126 2543 3367 2612 accepit.
3418 2541 3560 2608 Quin
3599 2541 3751 2595 etiam

507 2635 791 2690 Christum
822 2650 950 2688 vero
977 2634 1297 2705 genealogis
1329 2630 1571 2700 Josepho
1623 2631 1959 2702 assignavit.
2017 2646 2144 2685 cum
2194 2638 2378 2684 tamen
2432 2630 2558 2684 filiae
2622 2646 2729 2683 non
2766 2644 2861 2700 per
2898 2629 3140 2699 seipsas,
3184 2630 3280 2683 sed
3309 2637 3530 2700 propter
3573 2635 3758 2699 patrem

509 2723 677 2778 sortis
706 2723 820 2777 sint
852 2736 1111 2790 capaces.
1152 2719 1310 2776 Unde
1336 2718 1470 2773 illud
1503 2727 1593 2773 est
1627 2719 1772 2787 quod
1802 2719 1978 2788 patris
2005 2720 2059 2772 in
2095 2728 2362 2772 aeternum
2424 2717 2664 2772 viventis
2689 2718 2864 2787 gratia
2915 2717 3123 2772 femina
3175 2731 3304 2771 cum
3360 2732 3510 2772 mare
3575 2724 3758 2786 partem

509 2810 849 2866 [Hereditatis
879 2827 895 2878 ;
929 2810 1001 2863 sit
1027 2818 1282 2878 captura.
1318 2807 1493 2862 Eccur
1549 2822 1682 2862 vero
1725 2807 1898 2877 patris
1929 2807 2051 2862 orbi
2092 2807 2281 2877 hujus,
2313 2807 2406 2876 qui
2438 2822 2563 2861 eum
2616 2807 2890 2861 haut-edem
2942 2807 3089 2860 facit
3148 2806 3429 2877 siquidem
3461 2806 3579 2877 ejus
3627 2814 3762 2874 pater

513 2898 700 2962 fuerit,
736 2898 947 2953 mentio
991 2896 1051 2951 ﬁt
1097 2894 1286 2951 nulla?
1314 2894 1472 2949 Patet
1523 2910 1653 2951 vero
1704 2895 1852 2966 quod
1894 2904 2156 2965 tanquam
2191 2896 2537 2962 confessum,
2580 2896 2932 2967 repetitionis
2980 2894 3220 2951 vitandis
3262 2896 3467 2966 gratia,
3493 2895 3689 2951 omisit.
3714 2889 3760 2946 Si

509 2987 654 3041 enim
682 2985 856 3056 patris
884 2983 1044 3038 fratri
1077 2992 1305 3054 propter
1334 2980 1561 3038 fratrem
1597 2983 1890 3037 haut-editas
1921 2982 2094 3047 cedit,
2115 2986 2291 3039 multo
2324 2985 2502 3057 magis
2534 2985 2675 3054 patri
2709 2999 2927 3055 quoque
2990 2985 3169 3039 cedet.
3244 2981 3452 3039 Verum
3499 2984 3756 3039 enimvero

514 3093 579 3131 ne
606 3083 765 3147 pater
797 3088 862 3130 ac
894 3081 1071 3127 tuater
1134 3073 1351 3126 inanem
1412 3072 1624 3127 luctum
1690 3072 1972 3143 percipere
2000 3087 2067 3127 ex
2096 3071 2398 3127 liberorum
2429 3081 2605 3127 morte
2635 3070 2873 3143 praecoci
2919 3070 3266 3138 viderentur,
3292 3072 3523 3143 oblique
3550 3086 3640 3128 eos
3678 3084 3756 3141 pa-

512 3174 763 3220 truorum
792 3162 1025 3219 nomine
1057 3160 1392 3232 signiﬁcavit
1421 3176 1440 3227 ;

511 3301 707 3360 deinde
755 3315 886 3356 vero
929 3309 1206 3372 parentes,
1259 3299 1419 3365 ﬁlias,
1480 3298 1701 3365 fratres,
1735 3300 2084 3368 avunculus;

2259 3301 2416 3358 Μετὰ
2434 3302 2494 3357 δὲ
2528 3306 2730 3372 γονεῖς,
2754 3301 2864 3367 ῗκαὶ
2891 3302 3221 3375 θυγατέρας,
3255 3308 3357 3359 καὶ
3384 3304 3658 3374 ἀδελφοὺς,
3678 3303 3752 3355 καὶ

510 3396 704 3465 quinto
741 3390 979 3461 denique
1022 3389 1216 3445 ordine
1246 3398 1531 3462 cognatos.

582 3486 822 3542 Ascende
851 3487 905 3541 in
936 3495 1165 3541 utentem
1190 3474 1438 3544 'Abarim.
1487 3486 1627 3561 [ιι]
1662 3486 1852 3544 Potior
1881 3489 2097 3546 Aarone

511 3578 713 3643 Moses,
743 3593 807 3632 ac
837 3578 1070 3649 proinde
1099 3586 1303 3634 terram
1332 3579 1504 3646 videt,
1530 3589 1585 3635 et
1613 3595 1839 3637 causam
1874 3589 2097 3652 pr0pter

510 3685 674 3737 quam
708 3669 966 3739 indignus
998 3669 1221 3726 habitus
1256 3679 1316 3725 ut
1360 3670 1759 3742 ingrederetur,
1805 3671 2095 3743 comperit,

511 3775 727 3815 necnon
775 3767 1007 3815 mortem
1053 3774 1210 3815 suam
1259 3767 1388 3815 ante
1434 3760 1665 3827 audivit,
1709 3761 1821 3816 imo
1855 3775 1985 3817 vero
2041 3768 2097 3816 et

509 3850 768 3917 Aaronis,
799 3852 889 3920 qui
926 3849 1134 3905 nullius
1168 3849 1552 3920 praedictorum
1597 3851 1861 3905 honorem
1898 3864 2096 3906 conse-

509 3946 673 3994 cutus
716 3944 822 3999 est.
873 3937 966 3993 Sic
1004 3936 1211 3991 Paulus
1256 3952 1477 4007 quoque
1513 3950 1739 3992 causam
1787 3935 1954 3993 discit
1995 3952 2094 3992 cur

508 4033 743 4101 gratiam
773 4045 885 4085 non
914 4029 970 4085 in
998 4029 1301 4086 remedium
1342 4031 1415 4084 sit
1440 4030 1671 4101 adeptus
1696 4045 1711 4085 :
1760 4047 1779 4082 t
1808 4028 2011 4086 Verum
2037 4030 2093 4085 in

510 4124 613 4179 hoc
637 4122 860 4194 quidem
891 4137 1059 4177 causa
1093 4122 1197 4177 fuit
1228 4122 1460 4187 utilitas,
1498 4124 1676 4179 virtus
1704 4122 1850 4178 enim
1885 4138 2004 4178 mea
2037 4123 2091 4177 in

511 4217 830 4273 inﬁrmitate
888 4216 1171 4287 perﬁcitur
1211 4216 1279 4271 ⁸⁸.
1320 4235 1340 4269 ι
1394 4215 1454 4271 ln
1499 4215 1649 4272 Mose
1696 4230 1823 4272 vero
1857 4216 2091 4286 justitia,

508 4308 768 4379 quoniam
799 4309 1128 4380 transgressi
1158 4308 1294 4363 estis
1323 4308 1550 4380 verbum
1591 4322 1793 4372 meum,
1813 4308 1957 4378 quod
2001 4322 2093 4364 sa-

511 4414 580 4454 ne
633 4413 799 4455 sensu
831 4411 936 4454 suo
982 4397 1052 4453 ad
1107 4397 1280 4469 legem
1331 4397 1579 4467 respicit,
1612 4411 1734 4468 quae
1791 4395 2091 4466 perfectum

509 4492 739 4550 reddere
763 4508 874 4549 non
907 4500 1109 4562 potest,
1147 4508 1249 4548 nec
1279 4492 1703 4563 promissionem
1736 4492 2046 4547 instaurare
2077 4508 2089 4545 :

514 4603 533 4634 ι
572 4582 845 4651 Quoniam
870 4583 1057 4652 justus
1084 4598 1149 4637 ex
1179 4581 1284 4637 ﬁde
1313 4582 1460 4661 vivet
1508 4580 1571 4635 ⁸⁷.
1614 4598 1635 4632 ι
1686 4579 1807 4636 Non
1865 4582 2091 4637 minima

2198 3397 2380 3461 θείους
2407 3395 2635 3467 πέμπτη
2665 3395 2820 3461 τάξις
2849 3397 2898 3450 οἱ
2932 3400 3233 3466 συγγενεῖς.

2282 3489 2548 3561 Ἀνάὸηθι
2580 3490 2662 3553 εἰς
2690 3488 2752 3542 τδ
2774 3490 2902 3560 ὅρος
2928 3490 3141 3558 Ναδάδ,
3175 3490 3463 3561 Κρείττων
3490 3491 3519 3542 ὁ
3547 3486 3748 3554 Μωϋσῆς

2210 3581 2444 3651 Ἀαρών.
2498 3578 2591 3633 Διὸ
2632 3579 2731 3634 καί⁸
2780 3579 2969 3651 βλέπει
3000 3580 3101 3653 τὴν
3150 3584 3275 3652 γῆν,
3330 3583 3427 3637 καὶ⁹
3458 3582 3558 3650 τὴν
3602 3579 3748 3634 αἰτίαν

2201 3672 2486 3744 μανθάνει,
2541 3673 2611 3727 δι’
2654 3673 2722 3745 ἢν
2772 3674 3039 3728 εἰσελθεῖν
3085 3674 3186 3729 οὐκ
3225 3674 3479 3745 ἠξίωται.
3524 3674 3630 3728 Καὶ
3670 3669 3746 3739 τὴν

2200 3767 2337 3823 ἰδίαν
2397 3766 2660 3837 τελευτὴν
2723 3768 3041 3838 προακήκοε
3063 3810 3080 3835 ,
3146 3767 3353 3839 μᾶλλον
3423 3769 3479 3822 δὲ
3537 3767 3625 3821 καὶ
3672 3765 3746 3832 τὴν

2208 3859 2440 3931 Ἀαρὼν,
2486 3860 2699 3913 ἐκείνου
2739 3859 2972 3930 μηδενὸς
3020 3859 3131 3913 τῶν
3178 3861 3492 3932 εἰρημένων
3533 3855 3744 3924 ἀξιωθέν-

2196 3970 2308 4018 τος.
2378 3952 2538 4008 Οὕτω
2587 3955 2684 4007 καὶ
2723 3953 2936 4017 Παῦλος
2973 3954 3235 4024 μανθάνει
3280 3955 3387 4025 τὴν
3439 3956 3629 4015 αἰτίαν,
3668 3950 3744 4018 τῆς

2195 4046 2423 4116 χάριτος
2456 4046 2532 4107 εἰς
2561 4043 2707 4098 ἴασιν
2749 4044 2824 4115 μὴ
2854 4043 3058 4114 τυχών.
3103 4064 3121 4096 ι
3158 4045 3300 4098 Ἀλλ’
3341 4046 3535 4115 ἐκείνῳ
3565 4043 3651 4112 μὲν
3675 4038 3744 4092 αἵ-

2195 4154 2309 4192 τιον
2334 4136 2396 4190 τδ
2433 4135 2738 4208 συμφέρον.
2779 4137 2845 4189 Ἠ
2892 4136 3003 4206 γὰρ
3040 4136 3268 4208 δύναμίς
3314 4155 3417 4209 μου
3448 4139 3505 4191 ἐν
3529 4130 3745 4199 ἀσθενείᾳ

2194 4228 2515 4283 τελειοῦται.
2544 4247 2563 4280 ι
2592 4227 2719 4281 Ἐπὶ
2747 4227 2804 4281 δὲ
2832 4229 3117 4293 Μωῦσέως
3139 4229 3200 4282 τὸ
3224 4229 3459 4293 δίκαιον,
3480 4230 3597 4282 Ὀτι
3624 4238 3744 4293 παρ-

2196 4322 2359 4391 έϐητε
2410 4322 2470 4376 τὸ
2518 4321 2675 4392 ῥῆμά
2722 4338 2845 4391 μου.
2888 4322 2953 4374 Ὃ
2996 4321 3060 4391 δὴ
3101 4321 3207 4375 -καὶ
3254 4320 3526 4391 σύμϐολον
3566 4320 3636 4381 sl;
3671 4313 3746 4367 τὸν

2194 4416 2359 4486 νόμον
2408 4413 2651 4469 τελειοῦν
2702 4415 2777 4486 μὴ
2828 4413 3150 4484 δυνάμενον,
3208 4414 3332 4467 οὐδὲ
3387 4414 3484 4485 τὴν
3540 4413 3747 4477 ἐπαγγεο

2192 4495 2317 4562 λίαν
2348 4507 2838 4577 ἀποκαταστῆσαυ
2903 4524 2922 4557 t
2948 4505 3071 4559 Ὀτι
3109 4508 3137 4559 ὁ
3181 4504 3392 4568 δίκαιος
3438 4506 3501 4556 ἐκ
3542 4502 3747 4557 πίστεως

2194 4597 2439 4671 ζήσεται.
2472 4618 2491 4650 ι
2524 4595 2676 4667 Τιμὴ
2700 4597 2757 4649 δὲ
2787 4597 2878 4649 καὶ
2910 4595 3050 4668 αὕτη
3080 4594 3143 4649 τὸ
3172 4594 3488 4665 προγνῶναι
3526 4594 3591 4645 τὰ
3617 4590 3746 4660 εἰρη-

508 4690 730 4747 quoque
758 4690 887 4747 pars
925 4674 1156 4731 honoris
1188 4682 1294 4741 est,
1333 4687 1515 4729 rerum
1550 4674 1936 4744 prtedietarum
1988 4675 2088 4728 ha-
2122 4686 2163 4741 Β
2195 4691 2350 4760 μένα,

508 4769 636 4823 bere
669 4767 1063 4838 cognitionem.

576 4860 849 4916 Caeterum
882 4858 1107 4929 jamjam
1140 4859 1443 4915 moriturus
1490 4858 1688 4927 Moses,
1731 4850 2089 4915 commisera-

510 4951 672 5007 tionis
697 4966 805 5006 non
839 4950 1213 5018 obliviscitur,
1249 4966 1439 5006 curam
1469 4952 1583 5022 agit
1613 4948 1823 5023 populi,
1856 4958 1910 5006 et
1956 4966 2089 5006 suc-

507 5060 783 5102 cessorem
812 5046 1155 5102 constituere
1190 5046 1470 5117 dignatur.
1500 5044 1620 5100 Non
1672 5044 1837 5114 igitur
1860 5041 2089 5099 dubium

506 5148 585 5195 est
620 5140 755 5211 quin
804 5140 1145 5196 voluntatem
1207 5153 1364 5193 suam
1410 5137 1735 5192 timentibus
1788 5152 1848 5192 se
1902 5135 2088 5190 Domi-

508 5248 610 5287 nus
635 5230 1014 5287 accommodet
1043 5229 1108 5295 ⁸⁸,
1158 5230 1616 5300 quemadmodum
1669 5227 1849 5298 inquit
1883 5246 1894 5281 :
1934 5247 1953 5278 ι
1988 5227 2088 5283 Pe-

466 5327 604 5379 rtite
649 5332 703 5379 et
751 5323 1034 5393 accipietis
1060 5323 1125 5377 ⁸³.
1184 5341 1202 5374 ι
1259 5323 1395 5377 Cttm
1441 5322 1641 5377 etenim
1698 5322 1746 5375 ei
1802 5322 2088 5377 annuisset

426 5415 431 5421 ’
508 5417 673 5480 Deus,
730 5416 985 5484 producit
1031 5408 1198 5469 Jostte
1239 5413 1355 5485 jam
1420 5413 1638 5484 quidem
1688 5412 2088 5469 consuetudine

504 5488 683 5561 Μυείπῖ
723 5505 1020 5571 initiatum,
1051 5505 1119 5560 ab
1166 5520 1232 5560 eo
1280 5519 1411 5560 vero
1442 5513 1797 5574 accepturum
1848 5505 2085 5573 regalem

506 5598 786 5667 spiritum,
847 5606 905 5651 ut
953 5595 1313 5652 domesticam
1364 5595 1485 5666 ejus
1550 5594 2084 5650 administrationem

462 5748 473 5757 ι
575 5773 618 5805 ⁶⁵
646 5769 792 5825 Psal.
818 5785 1011 5836 uvnt,
1043 5769 1133 5826 29.

1233 5770 1277 5802 “
1312 5768 1356 5824 ll
1385 5768 1515 5826 Cor.
1546 5784 1643 5837 xu,
1684 5768 1738 5824 9.
1816 5766 1859 5802 ⁶⁷
1888 5765 2046 5825 Rom.
2082 5788 2119 5838 ι,
2164 5770 2248 5826 17.
2327 5771 2371 5806 ⁸⁸
2416 5770 2563 5828 Psal.
2600 5787 2783 5841 cxuv,
2825 5773 2911 5833 19.

2281 4866 2367 4921 Ἐν
2396 4865 2718 4938 συμπαθείᾳ
2747 4866 3016 4920 τελευτῶν
3070 4864 3309 4936 φείδεται
3353 4861 3443 4918 τοῦ
3486 4858 3634 4925 λαοῦ,
3671 4854 3748 4909 καὶ

2191 4959 2333 5024 ἀξιοί
2364 4958 2703 5029 καταστῆναι
2747 4958 3013 5028 διάδοχον.
3053 4959 3162 5013 Καὶ
3194 4956 3365 5020 ὅντως
3409 4953 3617 5022 θέλημα
3656 4943 3746 4999 τῶν

2189 5051 2543 5122 φοϐουμένων
2568 5050 2748 5104 αὐτῶν
2779 5051 3015 5121 ποιήσει,
3070 5048 3214 5104 κατὰ
3242 5048 3302 5101 τό
3322 5065 3334 5077 ·
3379 5065 3397 5099 t
3420 5045 3642 5106 Αἰτεῖτε,
3670 5034 3744 5091 καὶ

2189 5141 2447 5212 λήψεσθε.
2488 5141 2857 5204 »Ἐπινεύσας
2881 5140 2990 5211 γὰρ
3033 5140 3163 5204 Θεὸς
3211 5137 3383 5209 αὐτῷ,
3426 5136 3646 5207 προάγει
3670 5125 3742 5178 τὸν
3818 5150 3823 5157 ·

2205 5230 2450 5303 Ἰησοῦν·
2510 5233 2613 5303 ἤδη
2665 5232 2767 5302 μὲν
2810 5231 3144 5301 ἡγιασμένον
3200 5232 3267 5285 ὲκ
3311 5230 3409 5300 τῆς
3455 5215 3741 5297 παραμονῆς

2193 5326 2466 5387 Μωσέως.
2499 5327 2561 5379 τὸ
2594 5325 2824 5396 ᾁρχικὺν
2861 5325 2917 5378 δὲ
2946 5326 3079 5397 παρ’
3105 5324 3271 5379 αὑτοῦ
3303 5322 3584 5395 μέλλοντος
3602 5308 3738 5367 πλεῦν

2196 5434 2276 5488 μα
2303 5416 2490 5470 λαῦεῖν
2538 5416 2677 5488 πρὸς
2710 5417 2770 5471 τὸ
2813 5418 3032 5481 οἰκείως
3068 5416 3184 5471 ἀντ’
3225 5415 3392 5471 αὑτοῦ
3422 5406 3739 5473 καταστῆναι·

2222 5509 2300 5573 ὡς
2348 5509 2602 5580 Ἰωάννης
2645 5512 2703 5564 ὲν
2763 5510 3034 5579 πνεύματι
3081 5510 3265 5581 παρῆν
3326 5505 3504 5562 Ἠλιοῦ
3553 5494 3739 5595 πράξδξν

2194 5597 2308 5661 ῐσα,
2355 5598 2449 5651 καὶ
2498 5598 2833 5670 προδραμεῖν
2870 5599 3079 5670 μέλλων
3109 5599 3343 5670 Κυρίου,
3390 5598 3482 5651 καὶ
3523 5592 3734 5660 εὐτρεπε-

2990 5775 3035 5808 ⁶⁹
3068 5772 3262 5831 Mattb.
3298 5789 3396 5841 vn,
3430 5773 3483 5826 7.
