3956 6412
286 348 397 424 817
1390 332 1931 413 COMMENTARII
1969 338 2050 408 1N
2089 336 2480 406 NUMEROS.
3476 338 3583 403 878

287 486 382 525 σαι
416 470 509 523 τὸν
542 468 694 523 λαόν
745 469 803 521 ὲν
851 466 961 536 γὰρ
994 464 1072 535 τῷ
1122 463 1274 534 αὐτῷ
1323 462 1600 535 πνεύματι
1629 463 1699 516 τὰ
1747 460 1890 515 αὐτὰ

2035 458 2149 513 bire
2181 467 2382 528 posset.
2418 455 2894 522 Quemadmodum
2935 446 3179 510 Joannes
3224 456 3423 525 spiritu
3455 452 3571 507 Elis

287 560 734 635 κατεργάζεσθαι
799 559 900 613 δεῖ.
967 558 1043 611 Τὸ
1103 556 1467 629 κηδεμονικὸν
1527 556 1585 609 δὲ
1636 555 1732 609 τοῦ
1788 554 1886 625 ἅρ-

2035 549 2190 604 derat
2219 547 2452 618 aequalia
2502 556 2785 617 gesturus,
2830 561 3210 618 praecursurus
3242 546 3495 608 Domino,
3529 555 3584 600 et

287 674 478 725 κοντος
532 654 609 718 ὡς
661 653 756 706 ἐπὶ
819 650 1113 725 προϐάτων
1171 651 1344 720 δηλοῖ.
1397 650 1488 703 Διὸ
1541 650 1637 703 καὶ
1678 652 1706 704 ὁ
1754 650 1889 718 Χρι-

2035 644 2378 698 istructurus
2410 640 2695 710 p0pulum.
2731 637 2936 694 Eodem
2979 638 3124 693 enim
3158 637 3359 709 spiritu
3393 637 3583 693 eadem

294 748 423 810 στὶς
495 745 575 816 τῷ
645 745 838 816 Πέτρῳ
910 744 1081 814 φησι·
1173 762 1191 795 ι
1244 744 1416 797 Βόσκε
1490 742 1561 796 τὰ
1638 740 1892 812 πρόϐατά

2035 748 2218 802 uoque
2243 731 2484 802 gerenda
2519 737 2669 784 sunt.
2706 728 2921 785 Iudicat
2956 738 3139 784 autem
3178 745 3287 783 non
3319 728 3585 784 minorem

295 857 423 909 μου.
466 859 485 891 ι
1993 840 2183 880 curam
2230 824 2494 894 principis
2537 837 2662 877 esse
2704 822 2905 877 debere
2950 836 3116 893 super
3163 823 3385 892 populo,
3420 837 3587 893 quam

1994 916 2236 986 pastoris
2276 928 2444 984 super
2489 914 2707 967 ovibus.
2762 910 2917 968 Unde
2965 912 3225 968 Christus
3260 920 3393 970 san‘e
3428 914 3589 969 Petro

1993 1009 2130 1065 dicit
2164 1032 2176 1065 :
2219 1028 2238 1060 ι
2264 1006 2438 1063 Pasce
2461 1022 2593 1063 oves
2621 1020 2771 1062 meas
2800 1006 2870 1060 ⁷⁸.
2911 1027 2930 1059 ι

370 1155 855 1222 Quemadmodum
922 1164 1056 1210 vero
1089 1153 1326 1225 apostoli
1352 1166 1477 1209 cum
1513 1150 1769 1223 spiritum
1806 1146 2111 1209 viviﬁcum.
2146 1159 2215 1199 ex
2261 1143 2626 1214 inspiratione
2659 1139 2863 1196 Christi
2916 1140 3206 1205 haberent,
3258 1156 3369 1197 non
3422 1141 3588 1197 aliam

298 1242 529 1314 regendi
561 1243 819 1313 peritiam
852 1243 1076 1298 caelitus
1106 1242 1337 1299 missam
1366 1247 1725 1310 acceperant,
1764 1250 1956 1290 verum
2008 1235 2170 1289 aliam
2206 1233 2509 1289 ellicaciam
2541 1232 2736 1287 eodem
2768 1230 2991 1301 spiritu,
3024 1238 3165 1287 teste
3194 1229 3369 1286 Paulo
3395 1232 3438 1263 τί
3469 1249 3485 1287 ι
3515 1231 3591 1286 ita

299 1348 451 1387 nunc
481 1346 704 1402 quoque
729 1330 874 1385 idem
903 1331 1137 1401 spiritus
1171 1328 1485 1385 sacerdotis
1510 1326 1819 1383 ministerio
1847 1326 2003 1379 adest
2037 1321 2308 1378 mediator
2336 1321 2479 1391 apud
2527 1320 2698 1376 Deum
2728 1319 3035 1375 sacerdotis
3070 1327 3124 1375 et
3153 1319 3364 1391 populi,
3395 1329 3457 1376 ut
3496 1331 3595 1390 per

300 1419 610 1491 principem
637 1418 824 1473 aditus
862 1419 1088 1488 pateﬁat
1114 1418 1316 1487 populo
1348 1416 1417 1471 ad
1441 1431 1503 1472 ea
1539 1429 1663 1486 quae
1688 1414 1951 1471 sacerdos
1992 1427 2023 1466 a
2055 1410 2167 1466 Deo
2217 1408 2408 1466 refert.
2447 1408 2802 1480 Signilicatur
2832 1421 2966 1462 vero
2988 1406 3247 1464 Christus
3292 1409 3386 1480 qui
3428 1410 3594 1463 ambo

297 1509 490 1569 simul,
533 1516 588 1562 et
616 1506 793 1563 rex'et
819 1507 1082 1562 sacerdos
1109 1505 1291 1561 factus
1322 1513 1428 1561 est.
2194 1492 2201 1499 ”

374 1594 444 1649 Et
462 1595 616 1649 dabis
640 1596 706 1648 de
722 1595 900 1665 gloria
920 1606 1011 1648 tua
1028 1610 1189 1664 super
1207 1610 1353 1649 eum.
1378 1589 1617 1665 [XXVIL
1640 1587 1757 1661 ια]
1782 1584 1900 1641 Νοιι
1919 1585 2067 1641 enim
2089 1583 2312 1640 dantem
2334 1584 2388 1639 id
2412 1584 2558 1653 quod
2573 1584 2740 1639 datur
2765 1582 2992 1639 deserit.
3009 1580 3109 1636 Dat
3137 1596 3270 1636 vero
3291 1598 3394 1638 nec
3415 1582 3561 1655 inspi

298 1695 392 1737 rat
421 1683 870 1754 sicutChristns,
904 1684 1179 1753 siquidem
1216 1683 1458 1753 Spiritus
1492 1680 1701 1734 nullum
1736 1677 1900 1731 habet
1930 1672 2158 1728 fontem.
2191 1670 2544 1741 Quapropter
2574 1686 2644 1727 ne
2678 1670 2996 1726 senioribus
3024 1669 3249 1739 quidem
3282 1671 3591 1741 inspiravit,

299 1774 443 1836 quin
476 1781 528 1827 et
566 1772 768 1827 ibidem
804 1787 832 1825 a
861 1772 1011 1827 Mose
1038 1773 1304 1837 ablatum,
1336 1770 1689 1841 septuaginta
1741 1754 1880 1819 viris'
1923 1761 2138 1817 tribuit.
2190 1759 2254 1813 Et
2285 1760 2377 1815 hic
2405 1758 2553 1814 Deus
2581 1760 2673 1828 qui
2704 1760 2859 1814 dedit
2892 1758 3027 1814 dicit
3056 1777 3070 1811 :
3109 1777 3127 1810 ι
3159 1756 3427 1827 [inponite
3483 1775 3597 1813 rna-

299 1876 412 1915 nus
445 1869 682 1927 vestras,
715 1870 770 1915 et
802 1875 909 1931 ego
950 1860 1297 1916 benedii-am.
1333 1877 1352 1912 ι

258 2033 263 2037 _
378 1969 580 2035 Ὅπως
634 1962 1084 2033 εἱσακούσωσιν
1132 1968 1320 2024 αὐτοῦ
1374 1970 1430 2023 οἱ
1458 1968 1575 2023 υιὸι
1639 1965 1898 2035 Ἰσραήλ.

2082 1956 2151 2013 Ut
2201 1959 2449 2013 obediant
2503 1959 2552 2012 ei
2608 1958 2710 2028 ﬁlii
2758 1957 2955 2013 Israel.
3003 1957 3145 2031 £20.]
3197 1956 3331 2012 Nam
3363 1960 3453 2027 qui
3490 1973 3596 2011 non

315 2062 380 2114 'O
411 2062 520 2132 γὰρ
562 2060 638 2133 μὴ
685 2062 781 2115 τοῦ
818 2061 980 2131 φύσει
1008 2063 1271 2133 ἄρχοντος
1314 2059 1623 2132 μετασχὼν,
1656 2059 1902 2113 τουτέστι

2035 2053 2270 2123 ιεὶιιεθρε
2325 2053 2592 2113 nascitur,
2630 2053 2732 2107 hoc
2762 2062 2870 2117 est,
2924 2054 3132 2124 Spiritu
3173 2061 3366 2107 sancto
3400 2053 3598 2123 prmdia

298 2155 403 2208 τοῦ
451 2153 609 2222 ἁγίου
658 2153 1007 2224 Πνεύματος,
1054 2154 1114 2207 οὐ
1156 2153 1381 2207 δύναται
1412 2150 1625 2226 ἄρχειν.
1674 2152 1905 2220 «Χωρὶς

2038 2160 2102 2201 us
2126 2151 2232 2210 est,
2267 2144 2539 2214 imperare
2589 2145 2803 2215 nequit.
2844 2164 2862 2197 ι
2892 2144 3022 2203 Sine
3070 2160 3154 2201 ure
3183 2146 3353 2210 enim,
3397 2146 3597 2215 inquit.

302 2244 471 2316 ἐμοῦ,
498 2245 683 2315 φησὶν,
707 2244 768 2297 οὐ
796 2239 1028 2298 δύνασθε
1066 2246 1242 2298 ποιεῖν
1271 2245 1447 2299 οὐδέν.
1481 2265 1499 2297 ι
1536 2239 1645 2297 Καὶ
1676 2246 1705 2297 ὁ
1740 2243 1906 2298 Ἀπό-

2035 2238 2087 2291 nil
2134 2239 2365 2308 potestis
2414 2238 2597 2314 facere
2640 2237 2707 2293 ν’.
2777 2258 2795 2290 ι
2851 2237 3018 2311 426
3066 2239 3198 2294 item
3243 2238 3538 2310 Apostolus
3583 2256 3598 2295 :

304 2337 496 2400 στολος
523 2352 538 2369 ο
585 2354 603 2387 ι
634 2335 712 2388 Δι’
760 2328 821 2388 οὗ
864 2334 1134 2405 ἐλάθομεν
1162 2335 1325 2406 χάριν
1361 2336 1455 2389 καὶ
1489 2334 1798 2407 ἀτχοστολὴν
1824 2334 1907 2397 εἰς

2069 2329 2176 2386 Per
2238 2345 2398 2401 quem
2463 2333 2785 2401 accepimus
2845 2332 3104 2403 gratiam,
3152 2341 3207 2386 et
3265 2332 3600 2387 fuitetioncm

305 2424 562 2494 ὑπακοὴν
597 2415 855 2488 πῖστεως.
887 2444 905 2476 ι
943 2424 1035 2478 Διὸ
1066 2425 1223 2495 σοφοὶ
1260 2425 1361 2495 μὲν
1384 2425 1477 2480 καὶ
1500 2425 1718 2479 δυνατοὶ
1746 2424 1901 2495 βασι-

2035 2419 2365 2489 ιροειοΙίριιιιι
2401 2420 2468 2475 ad
2497 2420 2866 2475 obedientiam
2901 2419 3026 2475 ﬁdei
3052 2421 3118 2478 ⁷³.
3145 2439 3165 2473 ι
3196 2419 3338 2475 Hinc
3371 2421 3425 2475 ﬁt
3455 2421 3600 2491 quod

303 2518 421 2579 λεῖς
455 2492 648 2585 ἄρχειν
684 2514 785 2567 οὐκ
825 2492 1181 2586 ἠδυνήθησαν.
1215 2492 1433 2585 ἀληθῶς
1455 2533 1468 2545 ·
1504 2516 1554 2568 οἱ
1598 2504 1655 2568 δὲ
1686 2492 1793 2568 τῶν
1816 2515 1911 2568 ἁν-

2042 2512 2407 2583 apientissimi
2461 2513 2665 2583 quique
2713 2527 2778 2567 ac
2827 2513 3202 2584 potentissimi
3246 2515 3409 2568 etiam
3460 2531 3604 2570 vera:

306 2608 606 2681 Ορωπίνων
659 2607 1021 2680 ἐστερημένοι
1048 2604 1222 2681 ἦρξαν
1251 2610 1344 2663 καὶ
1388 2610 1771 2682 κεκρατήκασι
1796 2599 1910 2662 -κό-

2035 2606 2397 2671 ;ubernationi
2433 2606 2673 2676 impares
2710 2604 2913 2661 fuerint
2937 2644 2951 2671 ,
2986 2622 3109 2660 cum
3144 2623 3174 2664 e
3204 2617 3397 2662 contra
3429 2609 3606 2663 omni—

310 2717 455 2771 σμου
487 2699 714 2768 παντὸς,
747 2701 796 2753 οἱ
821 2697 1137 2753 ἀπόστολοι.

2035 2713 2115 2753 ius
2144 2698 2403 2754 humanis
2450 2699 2616 2754 rebus
2659 2699 2905 2754 destituti
2941 2700 3175 2770 apostoli
3220 2716 3409 2771 regere
3439 2716 3608 2755 nove-

2022 2793 2156 2860 rint,
2182 2801 2469 2863 totumque
2499 2792 2768 2848 mundum
2805 2793 3146 2865 subegerint.

387 2901 457 2957 Et
490 2903 767 2957 consulem
791 2917 910 2956 eum
945 2902 1332 2972 supersjudicio
1353 2903 1617 2958 visionum
1650 2919 1834 2957 coram
1866 2903 2119 2961 Domino.
2155 2906 2298 2981 [ξι]
2330 2905 2496 2961 Jubet
2525 2923 2555 2960 a
2607 2907 2812 2976 populo
2864 2906 3085 2976 quidem
3138 2906 3358 2961 consuli
3391 2907 3602 2978 princi-

313 3006 461 3061 pem,
495 2990 563 3045 ab
593 2990 700 3045 hoc
731 3004 859 3045 vero
891 2991 1255 3055 sacerdotem,
1289 2991 1359 3045 ab
1403 3005 1470 3044 eo
1524 2991 1765 3060 denique
1796 2992 1987 3047 Deum.
2021 2994 2151 3049 Item
2190 3004 2251 3048 ut
2299 2993 2536 3064 populus
2587 2993 2814 3048 dictatis
2867 2992 3137 3064 principis
3190 3002 3401 3064 pareat.
3442 3013 3461 3047 ι
3498 2995 3612 3051 Sno

312 3081 467 3134 enim
498 3085 768 3147 tempore,
797 3078 999 3147 inquit,
1029 3079 1247 3133 dicetur
1276 3079 1469 3135 lsraeli
1497 3080 1646 3150 quod
1673 3079 1926 3136 facturus
1957 3090 2045 3136 est
2075 3080 2399 3137 Dominus.»
2440 3083 2508 3136 Et
2546 3082 2662 3135 haec
2694 3081 2922 3151 quidem
2963 3092 3340 3151 separatarnm
3373 3084 3614 3139 functio-

318 3183 450 3222 num
481 3166 760 3237 copulatio
789 3176 893 3222 est.
921 3165 1178 3223 Christus
1217 3182 1346 3223 vero
1377 3184 1503 3223 cum
1532 3169 1695 3225 ambo
1747 3169 1912 3224 simul
1945 3167 2044 3235 sit,
2081 3184 2110 3222 a
2160 3169 2346 3238 seipso
2394 3168 2764 3240 quodcunque
2807 3167 2942 3234 edit,
2995 3168 3244 3239 nihilque
3301 3168 3614 3228 forinsecus

315 3257 572 3313 assumit.
674 3278 683 3286 ·

391 3368 530 3440 Περὶ
561 3366 673 3422 τῶν
718 3367 926 3422 θυσιῶν
969 3366 1082 3424 τῶν
1110 3369 1233 3424 καθ’
1282 3370 1522 3444 ἡμέραν,
1557 3374 1654 3428 καὶ
1698 3371 1917 3429 Σάϐϐα-

2090 3375 2362 3433 Caeterum
2416 3374 2564 3449 quod
2611 3378 2784 3447 legem
2833 3374 2900 3429 de
2946 3375 3188 3433 victimis
3251 3376 3616 3447 quotidianls,

314 3478 435 3523 τον,
466 3463 561 3514 καὶ
588 3461 910 3532 Νουμηνιαν
939 3462 1279 3518 ὲπανέλασεν
1311 3462 1492 3531 αὖθις,
1528 3468 1623 3520 καὶ
1656 3466 1917 3531 πολλάκις

2035 3465 2091 3522 de
2125 3467 2403 3528 Sahbatis,
2446 3476 2499 3521 et
2524 3465 2838 3522 Noviluniis
2872 3467 2959 3520 hic
2986 3469 3184 3537 repetit
3206 3479 3254 3521 et
3280 3469 3420 3524 alia’s
3449 3485 3613 3539 saepe,

313 3550 484 3606 τοῦτο
535 3555 701 3621 ποιεῖ,
753 3554 816 3607 τὸ
860 3557 961 3626 τῆς
1002 3555 1330 3625 νομοθεσίας
1374 3557 1665 3610 σπουδαῖον
1704 3556 1917 3619 δεικνὺς

2035 3559 2221 3627 partim
2270 3558 2514 3612 studium
2567 3554 2896 3612 tuendarum
2948 3558 3126 3629 legum
3182 3560 3382 3622 innuit,
3416 3563 3616 3630 partim

317 3648 421 3700 καὶ
446 3646 541 3699 νῦν
573 3645 769 3717 ὥσπερ
801 3646 901 3717 τὴν
952 3646 1207 3719 διαδοχὴν
1236 3648 1336 3717 τῆς
1375 3648 1633 3719 λατρείας
1681 3649 1917 3719 ἐγχειρί-

2035 3649 2173 3703 rices
2204 3651 2387 3703 cultus
2427 3648 2599 3704 divini
2645 3650 2702 3703 in
2742 3664 2940 3704 manus
2976 3648 3140 3704 veluti
3186 3649 3355 3703 tradit
3383 3651 3617 3722 principi

317 3734 436 3797 ζων
468 3733 545 3804 τῷ
575 3736 998 3805 νεοκαταστάτῳ
1027 3737 1275 3806 ἄρχοντι.

396 3824 471 3876 Τὸ
496 3824 594 3894 τῆς
628 3825 889 3895 λατρείας
916 3826 1192 3897 ἐνδελεχὲς
1221 3828 1321 3881 οὐκ
1351 3830 1417 3900 ἐᾷ
1459 3828 1557 3898 τὴν
1606 3829 1917 3883 θεοσέϐειαν

316 3915 701 3987 ἁποψυγῆναι.
730 3918 824 3970 Διὸ
863 3919 957 3972 καὶ
986 3918 1199 3984 Παῦλός
1231 3938 1367 3990 φησι
1388 3937 1402 3951 ’
1459 3940 1478 3973 ι
1511 3921 1603 3993 Τῷ
1645 3923 1918 3993 πνεύματι

317 4009 562 4075 ζέοντες,
583 4008 664 4079 τῷ
689 4009 878 4081 Κυρίῳ
909 4011 1272 4077 δουλεύοντες.
1298 4032 1318 4065 ι

398 4193 478 4265 Τῇ
507 4195 973 4269 πεντεκαιδεκάτῃ
1006 4196 1211 4268 ἡμέρᾳ,
1246 4200 1529 4253 τουτέστιν
1578 4202 1637 4254 ἑν
1668 4204 1733 4272 τῇ
1773 4204 1918 4274 Σκη-

321 4288 586 4359 νοπηγίᾳ.
616 4289 693 4359 Τῇ
725 4288 825 4359 μὲν
854 4290 965 4360 γὰρ
990 4291 1183 4361 πρώτῃ
1229 4292 1439 4364 ἡμέρᾳ,
1470 4293 1757 4365 δεκατρεῖς
1783 4298 1917 4352 τάτ-

320 4397 409 4433 τει
463 4382 698 4452 μόσχους
747 4384 827 4445 εἰς
880 4381 1111 4436 θυσίανο
1150 4387 1215 4455 τῇ
1272 4384 1329 4437 δὲ
1373 4386 1637 4459 δευτέρᾳ,
1685 4387 1917 4442 δώδεκα.

322 4481 441 4534 Καὶ
488 4480 683 4555 οὕτως¹
711 4480 1023 4551 ὑφειμένως
1085 4481 1287 4552 μόσχον
1335 4482 1433 4536 ἕνα
1485 4483 1616 4555 περὶ
1682 4483 1786 4553 τῆς
1821 4486 1918 4553 ὀγ-

321 4573 456 4643 δόης
470 4572 583 4645 (84)
607 4591 619 4602 ·
639 4573 707 4645 ἣν
733 4572 1017 4644 ἐπίσχεσιν
1039 4573 1324 4645 ὀνομάζει,
1349 4575 1424 4645 μὴ
1439 4574 1671 4645 ἔχουσαν
1694 4575 1917 4643 ἐξόδιον,

325 4666 468 4720 ἀλλὰ
490 4664 848 4738 [ἀνάπαυσιν]
885 4666 1148 4736 παντελῆ,
1183 4668 1410 4736 σημεῖον
1449 4669 1547 4737 τῆς
1580 4661 1791 4730 τελείας
1825 4669 1921 4723 καὶ

331 4758 566 4832 μονίμου
604 4759 906 4831 μελλούσης
943 4758 1205 4829 ἱδρύσεως
1234 4760 1381 4830 παρὰ
1413 4758 1552 4830 Θεῷ.

1946 3769 1989 3827 C
2022 3760 2199 3816 nuper
2233 3745 2560 3800 constituto.

2093 3837 2363 3892 Caeterum
2416 3836 2705 3907 religionis
2767 3837 3096 3893 exercitium
3157 3839 3345 3909 pietati
3403 3840 3615 3893 nullum

2022 3929 2268 4000 Spatium
2322 3929 2596 4000 refrigerii
2638 3929 2917 3999 relinquit.
2957 3930 3113 3987 Unde
3164 3931 3365 3989 Paulus
3397 3948 3618 4003 quoque

2024 4019 2205 4090 inquit
2258 4039 2271 4074 :
2328 4040 2346 4072 ι
2393 4019 2601 4091 Spiritu
2668 4022 2915 4078 viventes
2976 4037 3039 4078 ac
3092 4021 3325 4079 Domino
3368 4026 3619 4081 servien—

2025 4116 2109 4164 tes
2135 4109 2200 4162 7".
2238 4127 2257 4160 ι

2097 4200 2271 4256 Porro
2294 4217 2357 4257 ea
2398 4219 2520 4273 qua:
2554 4202 2719 4258 modo
2748 4203 2896 4258 dicta
2926 4212 3055 4259 sunt
3109 4205 3329 4277 proprie
3369 4206 3436 4261 ad
3464 4207 3622 4263 deci-

2022 4295 2096 4349 mi
2127 4296 2305 4365 quinti
2330 4296 2438 4349 diei
2468 4295 2676 4351 mensis
2710 4295 2928 4365 septimi
2956 4296 3180 4361 festum,
3211 4296 3623 4353 Tabernaculo-

2022 4403 2144 4442 rum
2176 4387 2455 4449 videlicet,
2485 4386 2818 4442 referuntur.
2851 4386 3033 4442 Prima
3067 4389 3268 4442 etenim
3300 4392 3389 4443 die
3444 4390 3624 4443 tredc«

2028 4481 2132 4534 cim
2163 4479 2433 4548 juvencos
2462 4479 2737 4536 immolari
2775 4480 2974 4544 sancit,
3026 4479 3269 4535 secunda
3303 4494 3435 4533 vero
3479 4480 3619 4534 duo-

2030 4571 2232 4626 decim.
2268 4571 2420 4627 Adeo
2455 4584 2511 4626 ut
2536 4588 2707 4626 unum
2735 4570 3028 4625 subtrahat
3058 4571 3123 4625 ad
3160 4580 3409 4625 octavam
3446 4588 3624 4643 usque

2027 4663 2213 4730 diem,
2277 4679 2443 4734 quam
2508 4663 2892 4718 inhibitionem
2964 4671 3166 4728 vocat,
3219 4679 3341 4734 qua:
3401 4679 3620 4720 omnem

2028 4752 2236 4807 exitqu
2286 4750 2712 4816 inter-eludebat,
2744 4750 2933 4820 jugem
2982 4752 3226 4823 requiem
3283 4754 3621 4821 continebat,

2034 4860 2444 4915 perenuemque
2498 4844 2739 4898 futtu'am
2776 4843 2963 4899 sedem
3007 4845 3152 4915 apud
3204 4844 3370 4901 Deum
3408 4846 3622 4918 signiﬁ-

2033 4937 2217 4987 cabat.

407 5048 640 5120 Insuper
667 5065 795 5105 vero
822 5058 1016 5106 octava
1067 5050 1155 5104 die
1194 5064 1362 5104 unum
1393 5042 1693 5118 juvencum
1728 5045 2040 5111 constituit,
2092 5061 2216 5101 cum
2251 5055 2436 5101 tamen
2469 5046 2594 5101 aliis
2631 5046 2830 5102 diebus
2848 5046 3071 5113 iuvenci
3118 5046 3458 5115 t'Otttplttres,
3515 5043 3627 5101 duo

335 5140 469 5195 item
518 5140 656 5194 hirci
705 5138 1061 5203 oll‘errentur,
1114 5152 1330 5193 necnon
1382 5144 1595 5207 septem
1658 5150 1834 5207 agnos
1877 5150 1977 5206 pro
2027 5134 2419 5205 septemdecim
2476 5134 2712 5189 aliorum
2757 5135 2971 5190 dierum
3019 5134 3201 5188 allerri
3236 5134 3507 5204 praecipit.
3547 5137 3627 5188 Ac

338 5243 487 5281 unus
518 5227 738 5296 quidem
761 5226 1038 5290 juvencus
1074 5225 1164 5279 ille
1197 5226 1494 5279 multorum
1533 5225 1655 5278 loco
1705 5224 2047 5289 immolatus,
2085 5216 2344 5292 ariesque
2403 5238 2547 5277 unus
2582 5238 2683 5292 pro
2712 5222 2929 5278 duobus
2975 5221 3281 5276 ttnitionem
3331 5222 3627 5291 utriusque

340 5314 526 5384 populi
556 5316 823 5368 extremis
853 5312 1195 5382 temporibus
1238 5311 1478 5365 futuram
1512 5311 1651 5365 citra
1695 5313 2133 5366 controversiam
2190 5312 2499 5381 portendet,
2551 5312 2698 5365 sicut
2735 5310 3002 5365 Dominus
3045 5324 3272 5381 quoque
3311 5309 3503 5374 sentit,
3544 5311 3627 5364 inc

341 5402 540 5471 quiens
575 5420 588 5457 :
632 5420 652 5453 ι
682 5399 750 5455 Ut
781 5416 973 5456 omnes
999 5403 1175 5455 unum
1206 5400 1337 5463 sint,
1372 5396 1838 5469 quemadmodum
1884 5414 1987 5469 ego
2025 5407 2079 5454 et
2112 5406 2194 5465 tu,
2245 5396 2434 5465 Pater,
2472 5414 2639 5452 unum
2676 5411 2871 5452 sumus
2896 5395 2958 5450 ".
2999 5415 3019 5449 ι
3079 5396 3300 5467 Septem
3336 5412 3466 5452 vero
3498 5398 3626 5469 agni

412 5557 458 5589 ⁷⁸
488 5552 646 5610 Joan.
686 5572 800 5623 xxi,
834 5550 923 5611 l7.
998 5554 1041 5585 '”
1084 5549 1103 5606 Ι
1136 5550 1267 5608 Cor.
1302 5562 1400 5616 νυ,
1434 5548 1485 5605 7.
1564 5550 1609 5583 τ’
1643 5549 1802 5607 Joan.
1838 5565 1917 5615 xv,

2035 5592 2040 5604 .
2118 5551 2165 5582 ⁷³
2197 5548 2240 5604 ιι
2315 5545 2549 5617 no.1,
2581 5546 2639 5609 5.
2743 5548 2788 5585 "
2830 5515 2990 5607 Romi.
3024 5564 3125 5620 xu,
3180 5550 3266 5609 ll.

345 5642 483 5691 xvn,
518 5628 610 5680 2i.

3386 5553 3434 5588 "
3462 5552 3626 5613 Jean.

1862 5715 2096 5774 ΝΟΤΕ.

411 5818 470 5887 (8
483 5818 527 5879 il
548 5816 722 5888 Μέχρι
750 5815 847 5887 τῆς
876 5813 1088 5885 ὀγδόης.
1128 5811 1189 5866 Ὀ
1222 5812 1319 5882 τῆς
1348 5810 1482 5879 say.
1516 5806 1649 5863 κὼδ.
