3956 6410
479 311 584 376 879
1050 322 1058 328 ’
1780 317 2138 381 PROCOPII
2168 315 2414 378 GAZAEI
3618 329 3708 391 880

481 443 580 498 pro
611 423 1034 498 qualum-decim
1071 426 1456 484 dimissionem
1492 427 1685 502 utique
1711 431 2028 501 significare
2063 431 2298 500 possint,
2332 443 2450 499 qua:
2483 428 2718 500 septimo
2758 444 2903 484 anno
2928 434 3083 499 juxta
3119 430 3288 502 legem
3316 434 3489 502 fiebat,
3519 445 3710 510 quando

481 513 732 570 videlicet
759 513 1019 585 gentibus
1041 530 1164 584 quae
1203 515 1345 572 divis
1373 517 1686 573 servierunt
1717 530 1942 588 peccata
1993 517 2366 580 dimittentur,
2415 526 2470 570 et
2519 533 2585 570 ex
2609 518 2890 580 servitute
2931 519 2986 570 in
3025 518 3330 572 libertatem
3361 532 3574 578 asserta:
3620 526 3717 581 De“

480 610 608 658 tntae
642 601 1010 658 adducentur.
1051 601 1300 672 Septimo
1333 604 1481 659 enim
1517 619 1667 660 anno
1707 607 1846 676 legis
1870 607 1998 676 jure
2032 607 2086 660 in
2127 604 2431 662 libertatem
2487 603 2926 660 transferebatur
2961 619 3180 662 servus.
3208 605 3470 662 Caeterum
3505 626 3532 664 a
3583 615 3719 671 nobis

477 691 791 761 requiritut
821 689 1017 747 diebus
1051 690 1210 748 festis
1237 692 1292 748 in
1325 693 1524 763 primis
1565 709 1765 750 suaves
1811 698 2098 750 mittamus
2129 695 2354 758 odores,
2413 702 2668 762 totosque
2718 693 2828 747 Deo
2878 693 3263 754 devoveamus.
3301 693 3505 766 Duplex
3557 710 3720 758 autem

471 780 620 850 jugis
652 781 816 860 hujus
853 780 1088 834 victima:
1133 781 1457 840 exercitium
1513 791 1620 848 eat,
1677 783 2008 844 matutinum
2061 789 2116 835 et
2165 779 2563 848 vespertinum,
2610 779 2756 848 quod
2795 779 2957 834 nobis
2991 781 3258 835 indicium
3312 781 3441 838 facit
3471 785 3536 840 ab
3585 790 3722 844 initio

480 870 601 924 vitae
629 867 694 921 ad
731 867 891 922 linem
923 869 1046 938 ejus
1078 884 1252 940 usque
1287 868 1489 924 odores
1525 869 1650 924 illos
1683 885 1808 924 esse.
1838 868 2184 932 retinendos,
2216 865 2282 920 ad
2313 867 2676 922 imitationem
2707 868 2833 937 agni
2862 869 2956 938 qui
2982 883 3039 923 se
3068 869 3177 924 Deo
3205 879 3259 924 et
3290 872 3432 926 l’atri
3461 889 3556 942 pro
3581 878 3724 933 nobis

475 957 696 1022 nhtulit,
733 973 832 1011 nec
863 965 970 1010 tam
1007 973 1124 1011 sua:
1173 972 1337 1026 quam
1392 966 1596 1012 nostrze
1639 959 1764 1016 vita!
1799 957 2131 1011 suavitatem
2199 955 2552 1026 futuramque
2599 958 2842 1012 laetitiam
2877 960 3086 1014 attulit.
3142 958 3257 1015 lloc
3302 963 3446 1016 enim
3502 965 3727 1036 similago

477 1059 602 1097 rum
638 1043 766 1097 vino
793 1055 847 1097 et
879 1043 1000 1098 oleo
1032 1045 1263 1098 subacta
1292 1044 1496 1098 innuit.
1539 1041 1714 1098 Porro
1747 1059 1842 1114 per
1874 1045 2152 1098 victimam
2193 1044 2520 1099 tnatutiuam
2559 1045 2978 1114 significabatur
3011 1063 3235 1118 quoque
3277 1051 3387 1102 vita
3415 1066 3532 1122 qua:
3566 1051 3616 1105 in
3639 1069 3722 1124 pa-

476 1130 658 1186 radiso
681 1137 810 1185 ante
835 1131 1336 1200 transgressionem
1369 1131 1492 1196 fuit,
1526 1147 1622 1202 per
1656 1132 2024 1201 vespertinam
2059 1146 2192 1187 vero
2217 1133 2497 1187 restitutio
2531 1134 2708 1189 nostri
2739 1148 2836 1202 per
2861 1132 3216 1190 Servatcrem
3247 1139 3506 1192 extremis
3538 1153 3725 1212 tempo-

402 1274 407 1280 ,
477 1222 631 1274 ribus
665 1219 824 1275 nobis
866 1219 1140 1276 redditum
1175 1219 1342 1274 facta.
1375 1217 1434 1272 In
1466 1218 1691 1274 Christo
1723 1232 1853 1273 vero
1886 1217 2051 1272 ferias
2083 1227 2309 1290 agentes
2345 1221 2630 1290 multiplex
2661 1222 2852 1276 odoris
2885 1223 3192 1290 spiritualis
3234 1225 3518 1280 incensum
3547 1227 3724 1284 offere-

477 1324 601 1364 mus
631 1305 770 1362 Deo.
821 1305 944 1362 lam
982 1321 1116 1363 vero
1149 1307 1277 1362 novi
1332 1307 1539 1362 mensis
1567 1307 1858 1363 exordium
1891 1322 2088 1361 novam
2123 1307 2317 1372 vitam,
2369 1308 2480 1362 imo
2504 1310 2864 1364 novissimam
2907 1325 3027 1366 eam
3077 1326 3200 1382 qua:
3243 1311 3297 1366 in
3351 1316 3730 1372 resurrectione

475 1408 822 1450 mortuorum
854 1403 940 1450 est
972 1395 1179 1459 futura,
1217 1395 1468 1450 denotat.
1499 1395 1559 1450 lu
1590 1411 1699 1466 qua
1729 1396 1870 1450 mori
1901 1394 2175 1466 oportebit
2211 1394 2345 1456 Deo.
2378 1410 2481 1450 nec
2511 1397 2750 1466 amplius
2779 1397 2834 1451 in
2864 1399 3107 1467 peccatis
3141 1399 3346 1465 vivere,
3370 1415 3552 1456 verum
3582 1401 3728 1461 vitam

479 1499 644 1554 agere
679 1497 975 1554 supernam
1009 1499 1027 1551 ;
1057 1483 1162 1538 hoc
1188 1485 1334 1538 enim
1355 1484 1718 1552 iuvencorum
1753 1490 1992 1550 statura,
2025 1497 2134 1551 qua
2166 1482 2400 1537 inferior
2434 1482 2648 1546 hircus,
2695 1499 2804 1555 qua
2855 1485 3094 1554 denique
3127 1486 3311 1542 minor
3337 1501 3597 1559 agnorunt
3634 1497 3732 1558 est,

477 1573 659 1627 innuit
698 1588 714 1638 ;
747 1572 932 1642 quivis
963 1572 1110 1626 enim
1141 1572 1362 1641 praemia
1382 1572 1542 1642 juna
1571 1586 1890 1628 mensuram
1923 1584 2082 1625 suam
2114 1579 2446 1641 accepturus
2476 1582 2580 1628 est.
2607 1570 2787 1628 Porro
2815 1572 2925 1630 duo
2957 1575 3143 1646 populi
3175 1589 3275 1646 per
3299 1575 3563 1645 juvencos
3608 1577 3732 1633 duos

473 1664 829 1713 tleiiotantur.
861 1656 1066 1714 Horum
1090 1674 1222 1714 vero
1253 1658 1430 1712 unitio
1467 1673 1565 1730 per
1593 1659 1822 1714 unicum
1859 1658 2087 1713 arietem
2132 1658 2522 1716 intermedium
2570 1662 2650 1717 fit.
2687 1660 3018 1718 Sanctorum
3050 1678 3180 1718 vero
3209 1673 3587 1720 consummata
3625 1681 3736 1736 per-

476 1749 664 1810 fectio,
695 1761 792 1816 per
819 1754 1030 1817 septem
1070 1761 1340 1817 agnorum
1373 1746 1788 1817 simplicitatem
1817 1745 2184 1816 significatur.
2236 1747 2482 1816 Quorum
2514 1764 2648 1806 sane
2685 1751 3030 1822 singulorum
3077 1751 3242 1808 donis
3282 1751 3551 1808 suavitate
3581 1761 3632 1808 et
3657 1753 3736 1821 ju~

475 1835 759 1890 eunditate
791 1833 1084 1904 respondet
1108 1834 1230 1904 ejus
1273 1833 1383 1888 vita
1412 1851 1426 1902 ;
1461 1833 1566 1888 hoc
1609 1834 1756 1888 enim
1787 1833 1971 1888 denuo
2025 1834 2284 1907 similago
2309 1837 2440 1891 vino
2483 1837 2714 1894 subacta
2745 1847 2802 1893 et
2833 1839 2955 1894 oleo
2991 1839 3095 1896 sibi
3131 1839 3271 1895 vult.
3318 1837 3519 1896 llircus
3569 1849 3735 1896 autem

477 1923 774 1978 salutarem
812 1921 1017 1976 Christi
1049 1921 1366 1990 passionem
1405 1921 1720 1986 adumbrat,
1751 1921 1913 1992 cujus
1943 1935 2080 1976 sane
2122 1922 2299 1991 gratia
2343 1923 2526 1982 ontnis
2568 1925 2791 1984 victima
2843 1925 2990 1980 Patri
3025 1934 3254 1997 accepta
3291 1925 3420 1984 fuit.
3468 1945 3486 1980 ι
3512 1925 3636 1982 Sine
3663 1943 3738 1982 me

471 2013 646 2076 enim,
689 2010 888 2080 inquit,
949 2024 1055 2067 non
1088 2011 1320 2079 potestis
1367 2009 1584 2066 efﬁcere
1625 2010 1927 2082 quidquam
1955 2009 2025 2064 ⁷⁸.
2079 2027 2096 2060 ι
2132 2007 2316 2077 Quare
2367 2017 2482 2070 haec
2515 2014 2736 2070 victima
2763 2015 2890 2071 aliis
2923 2015 3220 2086 copulatur
3252 2031 3492 2086 semper.
3551 2015 3739 2073 Deinde

475 2115 605 2152 vero
634 2099 752 2152 dies
785 2097 1006 2167 septimi
1065 2098 1272 2153 mensis
1304 2097 1553 2154 ultimam
1604 2097 1882 2168 significat
1919 2097 2130 2164 tubam.
2190 2101 2260 2155 ad
2291 2102 2452 2174 cujus
2507 2103 2824 2174 clangorem
2877 2104 3082 2159 mortui
3116 2113 3433 2175 resurgent.
3479 2103 3735 2174 Jejunium

474 2203 601 2242 vero
631 2186 857 2240 tlccinne
887 2184 992 2238 diei
1043 2181 1207 2256 427
1241 2184 1406 2255 hujus
1458 2187 1664 2259 mensis
1687 2185 2042 2242 affectionum
2072 2187 2478 2267 jugulationem
2523 2177 2767 2244 denotat.
2804 2189 3075 2260 Deinceps
3124 2190 3240 2261 jam
3275 2193 3526 2248 victimas
3558 2191 3737 2248 decimi

472 2277 648 2345 quinti
692 2274 826 2342 diei,
862 2273 955 2344 qui
987 2275 1256 2345 septimus
1288 2274 1410 2328 festi
1463 2283 1604 2341 erat,
1635 2283 1960 2358 enumerat.
2007 2275 2086 2329 Ae
2129 2274 2456 2334 differentiis
2503 2277 2727 2350 quidem
2788 2278 3140 2333 victimarum
3192 2278 3334 2351 legis
3392 2280 3739 2336 modulatione

475 2363 764 2426 institutis,
811 2379 918 2416 non
955 2364 1139 2433 inepte
1165 2363 1384 2416 diversa
1421 2361 1591 2427 dona,
1635 2354 1880 2426 summa,
1914 2362 2114 2428 media,
2150 2365 2366 2428 ultima,
2407 2346 2868 2436 pro‘auimalium
2925 2346 3272 2422 excellentia
3316 2375 3414 2421 aut
3469 2369 3735 2436 tenuitate.
3819 2346 3825 2354 ’

474 2457 802 2524 tignrantnr.
837 2451 1036 2508 Verum
1077 2452 1360 2506 enimvero
1391 2451 1589 2523 duplex
1621 2465 1813 2507 eorum
1847 2453 1938 2521 qui
1976 2451 2113 2521 legis
2142 2452 2372 2509 ductum
2407 2423 2586 2510 secuti
2637 2462 2790 2522 sunt,
2835 2463 3049 2526 tempus
3082 2461 3168 2510 est
3201 2472 3214 2510 :
3255 2470 3494 2526 quorum
3527 2423 3737 2510 alterum

472 2543 697 2614 quidem
734 2541 799 2596 ad
837 2539 1108 2596 Joannem
1135 2539 1437 2616 Baptistam
1473 2555 1650 2610 usque
1686 2539 2013 2595 extenditur
2051 2558 2066 2594 :
2108 2539 2342 2594 alterum
2375 2555 2513 2595 vern
2569 2541 2824 2606 ulterius,
2873 2557 2984 2611 quo
3017 2549 3264 2612 tempore
3314 2543 3510 2597 iterum
3545 2543 3739 2612 aliquos

473 2631 744 2686 claruisse
778 2631 962 2686 simile
995 2639 1082 2686 est
1111 2645 1263 2693 vero,
1292 2631 1445 2686 velut
1495 2627 1819 2684 Zachariam
1863 2637 1918 2682 et
1955 2625 2254 2682 Elisabeth.
2298 2627 2465 2699 Atqui
2510 2643 2776 2684 numerus
2807 2630 3102 2683 vitulorum
3141 2630 3382 2685 subinde
3416 2629 3740 2695 diminnitur,

475 2719 734 2774 nimirum
768 2717 917 2790 quod
941 2717 1100 2772 electi
1131 2717 1368 2774 subinde
1395 2716 1681 2784 deﬁciant,
1723 2715 1872 2770 ontni
1925 2723 2172 2787 tempore
2201 2717 2432 2783 penuria
2469 2715 2718 2786 ipsorum
2773 2715 2840 2770 ad
2879 2717 3176 2786 septimum
3209 2729 3390 2787 usque
3437 2716 3740 2772 diemJabo—

473 2816 651 2872 rante,
686 2809 791 2861 hoc
839 2814 946 2867 est,
983 2806 1050 2860 ad
1098 2806 1396 2862 adventum
1432 2804 1744 2860 Servatoris
1778 2803 1975 2866 nostri,
2021 2818 2133 2872 quo
2188 2812 2436 2874 tempnre
2467 2809 2724 2858 cessante
2773 2811 3004 2872 peccato
3056 2811 3110 2857 et
3151 2805 3418 2874 praesenti
3449 2805 3642 2860 saeculo
3687 2806 3742 2859 ad

474 2899 635 2951 linem
663 2895 778 2967 jam
808 2895 1118 2950 inclinante
1147 2909 1318 2950 verus
1363 2893 1742 2948 sabbatismus
1773 2893 1900 2946 erit.
1938 2891 2088 2947 Unde
2135 2901 2394 2947 octavum
2425 2892 2768 2962 egressionis
2797 2893 2942 2948 diem
2980 2894 3353 2964 nuncupavit,
3405 2893 3624 2966 quando
3661 2909 3742 2964 per

475 2983 942 3038 resurrectionem
972 2981 1158 3070 cultus
1187 2983 1323 3070 legis
1351 2981 1597 3048 transiit,
1633 2996 1730 3050 per
1757 2993 1924 3049 quam
1951 2993 2128 3034 novus
2160 2981 2598 3036 adumbrabatur
2629 2981 2868 3052 populus
2898 2983 2992 3051 qui
3041 2981 3394 3070 fortitudinq,
3433 2984 3738 3057 integritate,

471 3079 527 3126 et
560 3071 884 3142 sinceritate
915 3069 1168 3140 polleret.
1203 3069 1304 3124 Per
1332 3069 1632 3139 jttvencuut
1665 3069 1925 3138 denique,
1956 3074 2014 3121 et
2042 3068 2292 3134 arietem,
2343 3077 2398 3122 et
2442 3082 2615 3137 agnos
2650 3069 2740 3139 qui
2773 3083 3008 3124 numero
3036 3066 3475 3138 perfectissimo,
3511 3081 3740 3141 septena-

471 3163 558 3215 rio
591 3159 808 3215 scilicet
844 3166 1128 3221 constant,
1159 3165 1214 3214 et
1248 3159 1485 3221 hircum,
1513 3155 1724 3212 Christi
1757 3157 1981 3210 victima
2017 3155 2384 3224 significatur.

548 3245 674 3302 Non
706 3248 924 3300 irritum
975 3246 1134 3316 faciet
1183 3247 1399 3300 verbum
1447 3260 1624 3300 suum.
1686 3241 1878 3316 [XXL
1929 3241 2010 3314 3.]
2041 3245 2096 3296 Si
2131 3244 2276 3296 enim
2311 3241 2522 3296 homini
2578 3243 2800 3298 mentiri
2843 3257 3010 3313 grave
3037 3252 3144 3309 est,
3178 3254 3394 3312 quanto
3425 3245 3595 3316 magis
3620 3245 3734 3304 Deo.

473 3336 636 3408 cujus
662 3335 1010 3406 majestatem
1041 3349 1167 3394 eum
1225 3334 1588 3398 declarasset,
1631 3332 1830 3403 inquit,
1889 3331 2153 3405 quoniam
2195 3330 2340 3386 Deus
2370 3331 2426 3384 in
2463 3331 2607 3386 coelo
2641 3345 2809 3402 supra
2861 3341 2972 3397 est,
3011 3340 3068 3386 et
3098 3340 3155 3385 tu
3185 3347 3359 3402 super
3392 3344 3569 3402 terra,
3597 3333 3734 3404 infra.

472 3426 741 3481 Caeterum
777 3425 879 3479 hoc
909 3421 978 3478 ad
1011 3422 1380 3480 imitationem
1412 3422 1622 3478 dictum
1652 3428 1737 3476 est
1766 3421 1860 3476 Dei
1889 3421 1984 3496 qui
2010 3418 2182 3488 inquit
2223 3435 2236 3472 :
2278 3436 2296 3469 ι
2334 3417 2454 3480 Non
2487 3419 2708 3473 il‘l‘ilum
2752 3418 2953 3475 (3033!“
2987 3419 3170 3478 Γυεάιιε
3199 3434 3386 3478 meum
3420 3421 3490 3476 ’⁷-
3531 3441 3554 3477 ι

544 3539 700 3607 Quod
735 3553 867 3595 vero
891 3537 961 3594 de
983 3551 1086 3594 sua
1113 3537 1392 3608 cujusque
1415 3538 1600 3614 anima
1644 3534 1801 3598 dicit,
1833 3534 1937 3594 hoc
1967 3543 2068 3598 est,

2251 3534 2324 3587 Τὸ
2363 3533 2493 3604 περὶ
2535 3534 2636 3606 τῆς
2683 3533 2878 3592 ἑαυτοῦ
2924 3533 3136 3604 ψυχῆς,
3175 3535 3464 3596 τουτέστιν
3490 3536 3524 3608 ἢ
3553 3536 3736 3608 τροφῶν

474 3633 520 3688 si
567 3633 816 3689 ciborum
867 3631 1264 3688 abstinentiam
1325 3629 1538 3686 voverit
1579 3637 1674 3684 aut
1732 3627 2064 3692 tonsionem,

2181 3626 2388 3697 ἀποχὴν
2433 3625 2648 3692 εὔξαιτο
2671 3667 2686 3692 ,
2719 3625 2754 3698 ἢ
2782 3625 3090 3697 ἀπόκαρσιν
3115 3666 3130 3692 ,
3163 3625 3196 3696 ἢ
3237 3627 3541 3698 πρόϐατον,
3595 3629 3627 3698 ἢ
3656 3627 3734 3698 μό-

472 3741 629 3783 ovem
658 3737 752 3782 aut
784 3726 1015 3782 vitulum
1053 3724 1266 3781 offerat.
2176 3733 2323 3788 σχον.

546 3842 652 3899 Ubi
679 3841 978 3899 Malaeltias
1005 3841 1212 3913 optima
1242 3854 1474 3910 quaeque
1495 3837 1772 3893 adducere
1807 3834 2057 3907 praecipit
2091 3852 2104 3888 :
2147 3852 2166 3884 ε
2206 3830 2568 3897 Maledictus,
2604 3831 2816 3894 dicens,
2865 3833 2958 3902 qui
3015 3833 3069 3887 in
3119 3815 3283 3903 grege
3321 3847 3426 3890 suo
3461 3833 3737 3890 masculum

475 3935 664 4002 habet,
699 3941 754 3988 et
783 3940 970 3988 votum
1007 3944 1341 4000 nuncupatis
1362 3929 1614 3983 immolat
1641 3928 1915 3998 abjcetum
1942 3921 2173 3978 Domino
2187 3919 2256 3976 ⁷⁸.
2297 3938 2317 3971 ι
2351 3920 2475 3990 Ipsa
2503 3934 2637 3975 sane
2663 3918 2859 3990 Jephte
2882 3921 2994 3976 filia
3015 3921 3061 3955 "
3098 3929 3332 3976 mortem
3367 3922 3554 3978 subire
3576 3919 3741 3976 maluit

475 4023 665 4095 pntius
716 4037 880 4092 quam
910 4029 972 4076 ut
1005 4020 1182 4091 patris
1206 4017 1394 4073 votum
1423 4033 1630 4074 vanum
1656 4017 2010 4086 mendaxque
2035 4013 2211 4076 fieret,
2233 4007 2488 4079 quatnvis
2526 4007 2806 4080 ignoraret
2861 4023 2924 4065 se
2968 4019 3157 4080 typum
3209 4010 3477 4066 salutaris
3513 4011 3739 4068 victima.

476 4127 573 4182 per
603 4111 779 4181 ipsam
809 4110 1132 4180 figuratum,
1165 4121 1580 4163 consummare.
1619 4105 1975 4176 Quapropter
2000 4117 2135 4159 sane
2163 4116 2192 4156 a
2227 4099 2664 4171 reprehensione
2695 4101 2941 4156 immune
2977 4101 3084 4157 hoc
3125 4100 3334 4156 factum
3359 4111 3500 4168 erat,
3529 4115 3626 4156 nec
3654 4097 3739 4151 ali-

477 4199 623 4272 quod
653 4199 963 4270 exemplum
992 4197 1181 4264 habet,
1212 4211 1278 4252 eo
1309 4197 1454 4266 quod
1487 4196 1572 4250 lex
1598 4211 1706 4251 non
1753 4194 1846 4258 sit,
1897 4191 2043 4264 quod
2080 4191 2250 4257 semel
2277 4189 2417 4262 signi
2449 4189 2626 4261 gratia
2655 4197 2741 4243 est
2763 4203 3117 4256 concessum,
3141 4191 3452 4261 praesertim
3479 4204 3606 4247 vero
3635 4201 3741 4242 cum

477 4287 624 4343 Deus
645 4286 930 4342 hominum
961 4283 1204 4341 victimis
1241 4283 1546 4356 abrogarit.

547 4401 811 4460 Gaterum
839 4400 946 4456 voti
971 4415 1170 4456 nomen
1201 4416 1308 4456 non
1339 4407 1582 4454 meretur
1605 4396 1750 4469 quod
1778 4403 2066 4466 parentum

478 4495 734 4553 dedecori
779 4494 1023 4551 aliberis
1074 4493 1380 4564 suscipitur
1434 4501 1630 4546 contra
1661 4490 2071 4562 pravosdocto-

479 4605 569 4646 res
599 4603 665 4644 ae
716 4587 1031 4660 magistros,
1072 4589 1164 4657 qui
1216 4600 1311 4641 eos
1350 4584 1675 4646 subornant,
1704 4589 1762 4636 ut
1799 4600 1817 4633 ι
1852 4580 2069 4636 Corhan

479 4683 554 4738 sit
597 4695 932 4752 quocunque
975 4694 1005 4734 a
1046 4694 1133 4734 me
1181 4678 1407 4749 adjutus
1448 4675 1622 4731 fueris
1655 4676 1727 4741 '°,
1777 4693 1797 4725 ι
1835 4673 2065 4729 dicant:

481 4775 627 4829 Deus
655 4772 802 4828 enim
832 4773 887 4826 in
921 4771 1243 4828 universum
1278 4778 1492 4842 patrem
1536 4776 1591 4824 et
1631 4775 1858 4822 matrem
1889 4764 2070 4820 colere

481 4865 759 4937 praecepit.
779 4863 884 4930 Qui
919 4879 1074 4919 nova:
1094 4879 1316 4935 quoque
1343 4869 1526 4932 nupta:
1553 4868 1742 4916 votum
1764 4856 1910 4929 quod
1931 4856 2068 4911 citra

481 4957 936 5032 approbationem
969 4955 1141 5026 patris
1169 4955 1398 5018 factum,
1431 4951 1704 5023 infringit,
1742 4952 1871 5003 item
1905 4944 2072 5000 mari-

479 5060 608 5108 tatae
629 5051 832 5105 marito
853 5063 962 5104 non
986 5047 1389 5103 consentiente.
1410 5043 1568 5112 Quod
1594 5042 1742 5098 enim
1765 5041 1870 5096 sub
1893 5037 2069 5108 majo-

2239 4393 2424 4465 Εὺχὴν
2461 4393 2524 4448 οὗ
2558 4393 2642 4446 δεῖ
2673 4391 2862 4446 λαϐεῖν
2891 4391 2990 4464 τὴν
3046 4392 3138 4446 ἐπ’
3181 4392 3383 4464 ἀτιμίᾳ
3425 4391 3627 4462 γονέων
3655 4385 3744 4441 ὑπὸ

2169 4482 2377 4541 παίδιιὶν
2405 4485 2724 4559 γινομένην,
2758 4484 2901 4539 κατὰ
2925 4485 3057 4548 τοὺς
3097 4483 3376 4554 πονηροὺς
3408 4479 3746 4538 διδασκάλους

2169 4577 2391 4649 λέγειν,
2454 4596 2474 4630 r
2514 4575 3068 4649 Παρασκευάζοντας,
3120 4575 3347 4646 Κορὸὰν
3399 4574 3468 4630 ἂν
3523 4574 3582 4639 ὲξ
3627 4569 3746 4642 ἐμοῦ

2170 4669 2488 4740 ὠφεληθῇς,
2523 4688 2542 4724 ο
2573 4668 2709 4722 Θεοῦ
2738 4667 2970 4722 καθόλου
2998 4670 3168 4740 τιμᾷν
3195 4669 3412 4738 πατέρα
3435 4663 3745 4738 καὶμητέρα

2178 4761 2608 4834 προστάξαντος.
2648 4763 2746 4823 Ὃς
2767 4761 2863 4816 καὶ
2890 4762 3090 4833 ἀκυροῖ
3127 4763 3392 4830 γυναικὸς
3421 4762 3550 4824 νέας
3575 4758 3744 4829 εὐχὴν,

2181 4853 2258 4926 μὴ
2286 4853 2704 4916 συναινέσαντος
2723 4851 2818 4906 τοῦ
2854 4853 3103 4924 πατρός-⁸
3134 4855 3230 4908 καὶ
3273 4853 3437 4908 πάλιν
3471 4850 3742 4920 ὑπάνδρου,

2181 4949 2257 5018 μὴ
2300 4949 2396 5000 τοῦ
2431 4947 2631 5018 ἀνδρὸς
2673 4947 3090 5012 ἐπινεύσαντος.
3145 4927 3221 4999 Te
3256 4947 3366 5018 γὰρ
3394 4945 3628 5016 ψευσθὲν
3659 4927 3739 4995 fit?

2179 5039 2432 5108 ἐξουσίαν
2465 5039 2825 5110 ἀνέγκλητον,
2851 5038 2956 5092 κᾶν
2993 5038 3132 5110 μετὰ
3162 5037 3339 5093 ταῦτα
3365 5037 3629 5109 χηρεύσῃ.
3650 5049 3741 5102 φη-

479 5160 542 5201 re
571 5149 846 5214 potestate
876 5139 1017 5196 falso
1049 5139 1252 5195 factum
1275 5145 1380 5201 est,
1401 5151 1554 5192 reum
1587 5150 1699 5191 non
1737 5132 1884 5188 facit.
1909 5129 2066 5197 Quod

2181 5134 2282 5198 σὶν,
2317 5133 2350 5204 ἢ
2381 5133 2475 5187 καὶ
2524 5133 2766 5204 χωρισθῇ
2823 5131 2918 5184 τοῦ
2951 5132 3166 5202 ἀνδρός.
3225 5130 3548 5184 Βεῦαιοῦται
3593 5129 3645 5182 δὲ
3669 5123 3743 5178 διὰ

481 5239 527 5292 si
560 5251 691 5292 vero
719 5234 881 5290 vidua
911 5233 1076 5288 fuerit
1105 5230 1273 5296 facta,
1319 5240 1407 5284 ant
1433 5229 1599 5286 etiam
1653 5243 1682 5280 a
1731 5225 1930 5281 marito
1956 5224 2070 5276 dis-

478 5331 691 5396 iuncta,
716 5337 903 5381 votum
935 5326 990 5380 in
1016 5333 1158 5381 statu
1187 5340 1288 5380 suo
1319 5333 1423 5378 cst.
1451 5323 1570 5389 Quo
1601 5335 1734 5377 sane
1756 5319 2068 5372 institutum

440 5477 444 5480 ,
480 5419 578 5474 Dei
611 5416 948 5488 primitivum
983 5413 1368 5480 confirmatur,
1395 5413 1542 5483 quod
1576 5412 1676 5466 viri
1729 5423 1894 5466 causa
1929 5410 2066 5462 facta

2176 5224 2382 5278 τούτων
2410 5225 2473 5278 τὸ
2522 5225 2583 5290 ἐξ
2621 5224 2832 5296 ἀρχῆς·
2877 5225 2960 5278 ὅτι
3005 5224 3096 5278 διὰ
3139 5223 3446 5294 τὺν“ἄνδρα
3476 5216 3740 5291 γέγονενή

2177 5317 2340 5390 γυνὴ,
2377 5319 2474 5373 καὶ
2505 5317 2784 5391 προσῆκόν
2813 5319 2964 5370 ἐστιν
2993 5315 3428 5378 ὑποτάττεσθαι,
3481 5314 3575 5368 καὶ
3619 5304 3740 5363 κατὰ

2182 5410 2394 5466 Παῦλον
2433 5410 2665 5478 λέγοντα
2687 5452 2703 5477 ,
2734 5411 2768 5480 ἡ
2797 5409 2938 5481 γυνη
2971 5409 3060 5464 ἵνα
3089 5409 3327 5480 φοϐῆται
3363 5409 3458 5462 τὸν
3486 5405 3662 5474 ἄνδρα.

483 5518 554 5572 εει
593 5513 816 5579 mulier,
839 5529 1173 5585 equumque
1205 5529 1326 5568 eam
1355 5526 1476 5566 esse
1507 5509 1782 5564 sublitum
1814 5506 2068 5562 exsistat.
2109 5502 2336 5561 Necnon
2389 5506 2547 5562 Pauli
2580 5521 2802 5578 quoque
2858 5505 3020 5571 illud,
3098 5513 3158 5559 ut
3207 5503 3407 5558 mulier
3453 5502 3620 5556 virum
3679 5491 3738 5546 ιὶ-

483 5621 652 5668 n'eat.

556 5793 602 5828 ’°
645 5789 801 5846 Joan.
851 5802 940 5852 ιν,
999 5787 1052 5844 5.
1101 5853 1106 5858 _
1147 5788 1191 5820 ⁷⁷
1223 5784 1328 5842 Job
1384 5801 1470 5852 XL,
1521 5801 1603 5840 ut.
1683 5782 1727 5814 ⁷⁸
1761 5781 1994 5836 Μυιῑιιειι.
2024 5797 2065 5844 ι,

2181 5818 2184 5832 .
2265 5777 2312 5810 τ’
2343 5773 2528 5833 Judic.
2564 5791 2641 5846 xi,
2682 5772 2870 5830 30-59.
2947 5774 2994 5808 ⁸ο
3023 5731 3197 5832 Marc.
3235 5790 3329 5842 vn,
3355 5774 3441 5829 ll.
