3956 6402
257 427 360 488 881

3439 431 3542 474 95-95)

1355 435 1857 496 COMMENTARI

1965 437 2010 496 N
2057 434 2446 496 NUMEROS.
3439 431 3542 491 $592

331 540 406 593 Τὸ
443 541 694 596 κακῶσαι
717 541 916 614 ψυχὴν,
954 541 1016 596 τὸ
1051 545 1368 614 νηστεῦσαι,
1399 547 1433 619 ἢ
1465 548 1644 611 ἄλλως
1673 551 1846 618 ἀσκῆο

2021 549 2233 605 Similis
2257 564 2475 618 quoque
2505 545 2644 600 ratio
2673 559 2864 599 eorum
2895 553 2979 598 est
3005 558 3126 612 quae
3154 541 3220 593 de
3255 541 3544 594 alllii-tionv

258 649 372 686 σαι.
469 633 636 688 Ὅθεν
667 637 761 689 καὶ
805 637 936 708 περὶ
969 637 1065 691 τοῦ
1109 639 1278 711 μηνὸς
1306 639 1410 708 τῆς
1447 642 1706 712 νηστείας
1739 661 1847 715 φη-

257 725 349 779 σίν
373 725 522 780 ἰἜν
545 726 696 808 αὐτῷ
723 728 1006 782 κακώσετε
1033 731 1133 794 τὰς
1155 731 1334 802 ψυχὰς
1358 732 1567 803 ὑμῶν.»

350 902 606 958 Ἐκδίκει
637 904 752 973 τὴν
777 906 1099 976 ἐκδίκησιν
1121 908 1241 963 τῶν
1264 910 1412 966 υἱῶν
1452 913 1714 981 Ἰσραήλ.
1747 915 1851 968 Τε-

256 993 524 1051 λευταίαν
553 999 758 1068 ταύτην
784 1001 986 1071 πρᾶξιν
1018 1003 1298 1058 ἐπιτάττει
1338 1005 1473 1069 Θεὸς
1499 1005 1577 1076 τῷ
1605 1007 1850 1060 Μωΰσεί.

272 1089 480 1160 Ὀργὴν
507 1091 616 1159 γὰρ
646 1093 844 1160 ἑαυτῆς
871 1091 1244 1164 ὲθησαύρισαν
1279 1096 1329 1148 οἱ
1359 1097 1424 1150 ὲκ
1451 1097 1702 1166 Μαδιάμ.
1731 1099 1852 1152 Κα-

257 1179 358 1235 λὸν
385 1181 442 1234 δὲ
471 1183 868 1254 παράγγελμα,
899 1186 1042 1256 μέγα
1067 1203 1121 1240 τι
1145 1188 1407 1257 πράττειν
1439 1188 1547 1260 πρὸ
1571 1189 1850 1260 τελευτῆς,

257 1271 457 1344 ὥσπερ
484 1274 695 1340 ἐφόδιον
719 1277 856 1346 πρὸς
879 1276 982 1347 τὴν
1012 1277 1214 1342 ἔξοδον.
1246 1281 1302 1334 ’Λ
1313 1279 1530 1350 ρέσκειν
1553 1281 1610 1333 δὲ
1636 1281 1713 1353 τῷ
1736 1281 1856 1352 Θεῷ

259 1365 478 1435 ταύτην
519 1365 820 1438 παρίστησι
869 1368 933 1422 τὺ
982 1369 1405 1440 παρατάξασθαι
1459 1371 1642 1441 λέγειν
1675 1371 1856 1427 ἔναντι

261 1457 480 1528 Κυρίου
516 1460 609 1512 ἐπὶ
640 1459 889 1531 Μαδιάμ.
922 1461 1078 1514 Κατὰ
1105 1461 1238 1515 Θεὸν
1265 1463 1372 1533 γὰρ
1417 1465 1466 1516 ei
1517 1465 1655 1534 πρὸς
1691 1465 1855 1518 ἐκκο-

260 1551 376 1622 πὴν
397 1551 610 1605 ἀσεῦῶν
633 1553 912 1622 γινῦμενοι
937 1555 1188 1626 πόλεμοι,
1215 1559 1314 1627 τῆς
1339 1556 1445 1627 γῆς
1473 1556 1629 1622 ὄντες
1655 1558 1862 1631 καθαρ-

257 1643 440 1710 τικοὶ,
474 1646 580 1698 κᾶν
611 1645 1012 1718 βλασξημῶσιν
1044 1651 1093 1702 oi
1121 1649 1220 1720 τὴν
1260 1649 1464 1706 κακίαν
1493 1652 1860 1709 ἐνυπὸστατον

1954 642 2146 703 animi,
2169 642 2238 694 de
2270 639 2472 710 jejunio
2494 647 2548 694 et
2581 637 2704 694 aliis
2733 635 3021 693 exercitiis
3059 633 3247 698 tradit,
3283 651 3302 684 ι
3340 631 3544 698 Quem-

1955 733 2250 787 admodum
2280 733 2346 786 de
2375 730 2778 800 mensejejunii
2809 729 2990 799 inquit
3010 747 3055 781 τι
3083 729 3138 784 In
3155 725 3549 783 eocruciabitis

1955 825 2175 877 animas
2204 833 2418 878 vestras
2450 822 2518 875 ⁸³.
2567 843 2584 874 ι

2031 912 2367 968 Ulciscimini
2417 929 2636 967 causam
2667 893 2930 980 ﬁliorum‘
2960 909 3157 965 Israel.
3209 906 3426 980 [ΧΧΧΙ.
3465 905 3546 977 2.]

1956 1006 2219 1062 Ultimum
2258 1006 2363 1060 hoc
2415 1006 2688 1077 negotium
2742 1005 2980 1074 iniungit
3031 1003 3177 1058 Deus
3219 1000 3374 1063 Mosi,
3408 1000 3544 1054 iram

1953 1100 2098 1157 enim
2133 1097 2226 1154 Dei
2255 1096 2564 1153 Madianilze
2595 1095 2698 1152 sibi
2737 1095 3138 1152 conflaverant.
3188 1092 3308 1148 Non
3355 1108 3547 1162 asper-

1955 1190 2196 1248 nandum
2229 1205 2362 1247 vero
2399 1190 2716 1244 mandatum
2740 1197 2845 1254 est,
2873 1189 3018 1260 quod
3045 1203 3306 1259 magnum
3343 1185 3548 1255 aliquid

1955 1293 2084 1341 ante
2116 1284 2328 1340 obitum
2370 1299 2584 1355 gerere,
2620 1283 2994 1352 viaticumque
3031 1297 3130 1336 ceu
3185 1279 3250 1334 ad
3281 1279 3404 1334 vita:
3433 1279 3552 1332 exi-

1956 1386 2072 1433 tum
2099 1391 2425 1446 comparare
2448 1375 2668 1432 suadet.
2693 1375 2967 1428 Caeterum
2997 1372 3106 1428 Deo
3133 1385 3248 1427 rem
3279 1386 3399 1426 eam
3431 1385 3554 1440 pro-

1957 1467 2075 1524 bari
2101 1474 2324 1525 constat
2357 1467 2465 1522 hoc
2493 1465 2639 1534 quod
2665 1465 2844 1534 jubet,
2892 1463 3063 1517 aciem
3096 1475 3284 1516 coram
3321 1457 3553 1512 Domino

1957 1567 2150 1616 contra
2183 1557 2514 1613 Madianitas
2543 1556 2766 1611 instrui.
2802 1554 2998 1609 Divina
3039 1552 3188 1609 enim
3224 1552 3362 1607 bella
3397 1556 3551 1613 sunt,

1956 1665 2082 1722 quse
2111 1649 2179 1704 ad
2210 1649 2631 1721 exstirpandum
2663 1644 2962 1718 impiorum
2989 1655 3218 1704 terram,
3252 1641 3555 1708 sordesque

259 1731 544 1804 λέγοντες.
1803 1795 1806 1797 Α
1958 1751 2311 1814 peccatorum
2353 1740 2765 1812 repurgandum
2803 1738 3209 1808 suscipiuntur,
3259 1741 3555 1804 quantum-

1960 1835 2044 1889 vis
2074 1837 2170 1904 qui
2223 1841 2509 1904 peccatum
2541 1832 2862 1888 hominibus
2911 1831 3128 1900 jactant
3160 1842 3284 1885 esse
3322 1825 3554 1880 insitum

1955 1927 2394 1983 calumnientur.

333 2030 517 2101 Atque
545 2029 653 2085 hoc
677 2031 857 2101 ipsum
890 2031 1072 2102 arguit
1100 2035 1360 2092 sacerdos
1391 2035 1482 2106 qui
1533 2051 1641 2091 una
1698 2051 1959 2108 egressus
2004 2049 2088 2098 est
2139 2055 2410 2112 sacraque
2461 2055 2592 2096 vasa
2624 2054 2814 2096 secum
2867 2037 3189 2108 asportavit,
3223 2040 3554 2106 argumento

257 2121 522 2177 videlicet
545 2121 688 2191 quod
723 2137 813 2176 res
837 2121 1032 2176 bellica
1065 2125 1142 2178 rei
1184 2139 1357 2180 sacrae
1415 2125 1488 2180 sit
1543 2141 1708 2198 quam
1763 2127 2063 2184 simillima.
2125 2129 2321 2186 Omnis
2358 2129 2504 2184 enim
2541 2127 2774 2198 aequitas
2823 2141 2888 2182 ac
2931 2123 3148 2196 justitia
3181 2122 3288 2178 Deo
3320 2137 3455 2192 pura
3488 2135 3554 2177 ac

260 2210 475 2264 munda
501 2211 741 2266 videtur.
780 2208 954 2267 Porro
985 2227 1015 2266 a
1054 2215 1451 2284 superstitibus
1476 2231 1617 2286 quos
1655 2217 1834 2273 Moses
1857 2217 2098 2286 reliquos
2135 2217 2246 2272 fieri
2281 2216 2461 2288 'jussit
2495 2230 2787 2272 numerum
2820 2227 3011 2270 eorum
3046 2213 3144 2282 qui
3175 2209 3556 2266 occubuerunt

256 2297 542 2352 aestimare
566 2297 714 2352 licet.
733 2297 1017 2355 Occiditur
1043 2317 1172 2356 vero
1197 2310 1434 2358 cunctus
1463 2304 1742 2359 masculus
1774 2312 2035 2374 tanquam
2067 2305 2266 2372 hostis,
2295 2305 2340 2360 si
2364 2305 2432 2358 ad
2467 2311 2683 2358 tetatem
2719 2315 2876 2359 suam
2909 2297 3242 2372 pervenerit,
3273 2295 3552 2352 Israelita-

259 2400 388 2440 rum
425 2386 670 2452 futurus,
702 2385 905 2442 femina
951 2389 1076 2444 item
1125 2390 1308 2446 omnis
1349 2407 1471 2462 quae
1501 2393 1685 2448 coitus
1715 2393 2150 2464 experimentum
2185 2400 2428 2462 ceperat,
2461 2399 2690 2462 propter
2718 2396 2988 2460 patratam
3022 2385 3466 2442 fornicationem.
3498 2391 3554 2438 et
3639 2435 3644 2438 ,

260 2471 507 2530 fortasse
541 2471 710 2546 428
738 2475 1086 2544 patrandum.
1118 2476 1252 2532 Nam
1292 2489 1645 2550 peccatorum
1679 2480 1861 2545 linem,
1893 2495 2015 2535 cum
2041 2481 2312 2536 malorum
2348 2481 2565 2551 agmine
2591 2477 2890 2533 adventare
2913 2489 3012 2548 par
3042 2485 3147 2538 est,
3175 2473 3330 2542 juxta
3354 2472 3552 2526 Isaiam

258 2559 363 2631 qui
396 2560 573 2630 inquit
595 2562 662 2626 ⁸⁸,
698 2562 962 2632 reliquias
995 2567 1195 2620 messis
1225 2574 1320 2620 aut
1349 2565 1639 2622 vindemiae
1669 2583 1792 2624 esse
1819 2583 1916 2624 eos
1947 2567 2042 2636 qui
2099 2568 2361 2624 evadunt.
2417 2566 2691 2622 Caeterum
2751 2565 3020 2618 malorum
3081 2575 3250 2632 super
3283 2559 3553 2614 malitiam

258 2645 590 2702 effusionem
626 2649 765 2704 iram
797 2649 1087 2720 Scriptura
1115 2652 1254 2708 solet
1276 2655 1551 2725 appellare
1584 2653 1702 2722 Dei,
1733 2671 1840 2710 non
1879 2657 2099 2728 quidem
2147 2655 2496 2711 affectionem
2533 2655 2686 2708 illam
2717 2655 2804 2709 cui
2860 2652 3114 2708 homines
3139 2655 3272 2706 sunt
3300 2649 3551 2712 obnoxii,

262 2736 364 2792 sed
405 2751 528 2790 eam
567 2736 690 2794 sine
721 2751 831 2808 qua
875 2736 966 2793 Dei
995 2739 1218 2794 bonitas
1255 2741 1405 2796 iners
1432 2743 1556 2808 erit,
1592 2750 1931 2812 peceataque
1952 2756 2286 2800 contemnet.
2329 2743 2475 2800 Idem
2503 2759 2634 2799 vero
2663 2743 2912 2800 delectus
2952 2755 3144 2798 eorum
3173 2739 3270 2812 qui
3297 2738 3554 2794 vicerunt

262 2830 452 2888 erant,
484 2826 644 2894 quasi
687 2841 882 2882 omnes
908 2827 1054 2882 inter
1077 2841 1172 2884 eos
1196 2843 1320 2884 cum
1359 2829 1518 2884 laude
1552 2830 1936 2897 dimicassent,
1967 2835 2055 2886 eui
2103 2833 2255 2887 Pauli
2302 2831 2437 2887 illud
2485 2833 2700 2899 aspirat
2735 2847 2750 2884 :
2801 2849 2820 2882 ι
2845 2829 2903 2885 Si
2931 2843 3100 2884 unum
3130 2827 3438 2884 membrum
3476 2826 3553 2880 la-

261 2913 451 2976 borat,
484 2913 670 2966 omnia
703 2913 950 2968 membra
981 2917 1187 2984 pariter
1238 2915 1492 2971 laborant
1515 2917 1582 2984 ⁸³,
1624 2935 1643 2968 ι
1677 2921 2138 2988 quemadmodum
2189 2920 2438 2990 ejusdem
2491 2933 2716 2990 quoque
2766 2919 2996 2972 honoris
3047 2913 3406 2987 participant.
3435 2911 3550 2968 Una

263 3015 401 3056 vero
427 3017 548 3056 cum
582 3003 796 3057 sanctis
827 3003 1030 3058 militat
1056 3004 1311 3080 Christus
1336 3006 1598 3061 sacerdos
1623 3019 1880 3077 magnus,
1911 3015 1965 3060 et
2001 3006 2322 3076 angelorum
2357 3007 2518 3062 turba
2553 3019 2650 3075 per
2679 3019 2840 3060 sacra
2867 3019 2998 3059 vasa
3031 3008 3447 3074 repraesentata.
3488 2999 3552 3054 lli

264 3089 414 3144 enim
447 3089 698 3145 subsidio
721 3090 882 3146 nobis
911 3107 938 3144 a
975 3090 1110 3156 Deo,
1141 3092 1527 3164 theologorum
1563 3095 1859 3158 sententia,
1893 3093 2216 3149 mittuntur.
2272 3093 2663 3164 Magistrorum
2699 3107 2766 3148 ac
2811 3091 3105 3148 doctorum
3141 3085 3428 3147 sermones
3457 3103 3554 3158 per

266 3177 432 3232 tubas
463 3187 516 3232 et
550 3179 707 3248 signa
737 3177 1078 3233 indicantur.
1115 3181 1192 3234 Ita
1227 3181 1374 3234 enim
1408 3179 1573 3238 facile
1597 3183 1917 3253 superiores
1943 3181 2199 3238 hostibus
2244 3182 2455 3238 nostris
2479 3190 2536 3236 et
2573 3179 2778 3236 Christi
2819 3180 3140 3243 evademus,
3168 3177 3215 3234 si
3247 3175 3551 3234 secundum

263 3263 530 3320 Davidem
563 3267 990 3322 clamaverimus
1027 3287 1038 3322 :
1071 3285 1091 3319 ι
1130 3267 1187 3322 In
1215 3275 1270 3322 te
1301 3267 1489 3324 hostes
1519 3277 1745 3328 nostros
1800 3269 2163 3325 retundemus
2211 3267 2278 3332 “,
2318 3286 2337 3320 ι
2373 3281 2610 3338 quorum
2655 3266 2951 3338 captivitas
3000 3266 3070 3320 ad
3116 3265 3442 3322 Eleazarum
3500 3271 3556 3318 et

265 3349 617 3424 Synagogam
645 3352 1020 3409 deferebatur.
1053 3352 1274 3410 Christo
1302 3355 1447 3410 enim
1481 3372 1654 3413 sacrae
1695 3369 2018 3414 sanctorum
2051 3369 2180 3415 sunt
2205 3359 2460 3424 virtutes,
2489 3371 2592 3414 nec
2621 3357 2874 3414 obscurat
2900 3357 3140 3429 populis.
3176 3373 3196 3407 ι
3233 3353 3381 3411 Nihil
3405 3354 3552 3410 enim

264 3449 382 3496 tam
420 3441 695 3497 occultum
719 3451 828 3508 est,
863 3443 1065 3514 inquit,
1103 3444 1250 3515 quod
1289 3461 1396 3500 non
1425 3445 1782 3503 manifestum
1815 3448 1912 3504 fiat
1934 3451 2004 3503 ⁸³.
2043 3467 2063 3500 ι

337 3573 680 3664 Προαιτήντα.
712 3574 826 3664 τρῖς
854 3572 1176 3664 ἀριστεῦσιν
1208 3576 1236 3629 ὁ
1260 3575 1506 3647 Μωῦσῆς
1525 3593 1542 3609 ο
1575 3577 1671 3631 καὶ
1695 3577 1856 3632 τοῦτο
1885 3607 1928 3664 Β

263 3661 368 3733 μὶν
390 3663 557 3734 τιμῆς
575 3680 590 3694 ·
618 3663 859 3734 ἐπετίμα
890 3663 945 3718 δὲ
975 3665 1102 3736 περὶ
1131 3664 1241 3720 τῶν
1267 3665 1686 3738 ζωγρηθέντων.
1712 3687 1731 3720 ι
1753 3669 1856 3722 Οὐ-

255 3755 376 3821 δεὶς
399 3755 510 3827 γὰρ
542 3756 784 3828 καθαρὸς
803 3756 914 3811 ἀπὸ
943 3757 1141 3828 ῥύπου.
1193 3777 1212 3810 ι

2027 3572 2148 3628 Ibat
2170 3579 2356 3626 autem
2391 3571 2572 3629 Moses
2598 3573 2653 3627 in
2688 3586 2984 3628 occursum
3027 3586 3344 3642 procerum,
3379 3569 3554 3627 hono-

1960 3664 2038 3720 ris
2062 3662 2261 3736 gratia.
2299 3663 2378 3718 Ac
2410 3661 2852 3734 reprehendebat
2883 3670 3108 3734 propter
3137 3661 3389 3732 captivos
3411 3676 3553 3733 quos

1957 3756 2016 3810 in
2041 3757 2152 3811 vita
2183 3763 2566 3811 servaverant.
2607 3755 2758 3813 Adeo
2812 3771 2986 3812 vero:
3028 3775 3047 3808 ι
3093 3751 3268 3812 Nemo
3302 3754 3372 3810 ab
3400 3755 3551 3810 omni

1957 3863 2114 3904 ntevo
2146 3863 2321 3920 purus
2351 3855 2437 3905 est
2471 3848 2541 3902 ⁸⁸.
2583 3867 2603 3902 ι

333 3985 471 4038 Item
506 4000 519 4036 :
568 4001 588 4036 ι
627 3982 712 4038 Ab
739 3979 1126 4040 affectionibus
1149 3985 1334 4055 pravis
1364 3985 1568 4040 munda
1599 4001 1685 4042 me
1708 3988 1778 4040 ⁸⁷.
1824 4005 1842 4038 ι
1877 3984 2006 4041 Item
2039 4005 2052 4040 :
2089 4004 2108 4038 ι
2143 3985 2392 4050 Domine,
2425 3984 2475 4041 si
2511 3985 2836 4056 iniquitates
2868 3995 3092 4043 nostras
3128 3986 3546 4050 observaveris,

257 4070 518 4136 Domine,
553 4069 681 4142 quis
710 4071 1020 4128 consistere
1045 4067 1248 4144 poterit
1274 4073 1360 4127 33?
1389 4091 1407 4124 ι
1445 4071 1511 4127 Et
1539 4090 1554 4129 :
1580 4088 1599 4125 ι
1635 4071 1867 4128 Peccata
1895 4075 2022 4143 quis
2071 4073 2338 4146 intelliget
2359 4073 2455 4128 ⁸⁸⁸2
2492 4091 2511 4126 ι
2551 4076 2815 4144 Quoniam
2850 4093 2871 4126 ι
2905 4075 3088 4130 omnis
3118 4083 3309 4132 nostra
3337 4073 3553 4146 justitia

257 4158 416 4216 velut
445 4158 612 4228 panni
644 4165 1002 4214 menstruatae
1033 4159 1286 4217 mulieris
1321 4161 1426 4214 ⁸ο.»
1462 4161 1607 4226 Quin
1641 4157 1846 4218 Paulus
1870 4176 1994 4218 eum
2016 4163 2192 4219 dicat:
2221 4180 2243 4216 ι
2281 4163 2500 4220 Nullius
2529 4164 2663 4220 mihi
2697 4176 2819 4220 sum
2843 4164 3130 4226 conscius,
3152 4179 3343 4220 verum
3373 4165 3428 4218 in
3452 4165 3554 4219 hoc

256 4262 373 4302 non
395 4245 732 4316 justiflcatus
763 4263 885 4302 sum
923 4246 990 4310 ",
1029 4266 1048 4300 ι
1083 4247 1258 4302 addit.
1301 4245 1505 4304 Verum
1532 4250 1818 4306 enimvero
1861 4266 1925 4306 ea
1953 4251 2312 4322 reprehensio
2364 4268 2472 4308 non
2505 4252 2571 4307 ad
2625 4266 2820 4308 omnes
2845 4293 2860 4314 .
2913 4251 3009 4307 sed
3063 4251 3236 4307 duces
3263 4251 3550 4322 copiarum

256 4334 633 4417 respiciebat;
658 4342 910 4407 potentes
937 4336 1084 4391 enim
1114 4335 1410 4392 efﬁcaciter
1433 4337 1901 4393 examinabuntur
1929 4337 1995 4394 ⁸⁸.
2027 4336 2164 4394 Nam
2191 4357 2206 4395 :
2245 4355 2266 4390 ι
2311 4340 2416 4395 Cui
2446 4341 2681 4395 multum
2709 4339 3136 4407 commiserunt,
3164 4339 3364 4408 inquit,
3396 4339 3467 4393 ab
3485 4353 3552 4396 eo

253 4423 550 4494 requirent
573 4439 789 4495 quoque
823 4425 1058 4479 multum
1087 4424 1161 4494 ⁹³;
1197 4444 1216 4478 ›
1251 4426 1402 4481 unde
1442 4425 1577 4481 illud
1609 4426 1776 4480 etiam
1809 4444 1823 4480 :
1861 4441 1881 4478 ι
1916 4425 2161 4495 Fratres,
2188 4429 2362 4484 nolite
2387 4429 2547 4484 multi
2585 4429 2839 4500 magistri
2862 4427 3002 4491 fieri,
3037 4427 3317 4498 cognitum
3349 4426 3554 4483 haben-

253 4520 370 4576 tes,
407 4511 554 4580 quod
587 4527 654 4568 eo
682 4512 861 4581 majus
881 4511 1151 4583 judicium
1178 4513 1579 4568 sustinebimus
1601 4511 1668 4565 “.
1705 4531 1722 4565 ι
1752 4511 1856 4580 Qui
1878 4515 2022 4569 enim
2047 4515 2250 4571 sobriis
2287 4515 2640 4586 principibus
2669 4516 3014 4586 obtemperat
3046 4527 3301 4586 magnam
3331 4513 3548 4569 laudem

254 4600 628 4670 consequitur
667 4618 680 4655 :
720 4619 738 4652 ι
776 4599 961 4668 Quare
988 4603 1188 4658 vestris
1211 4601 1451 4658 ducibus
1480 4610 1688 4672 parete,
1723 4603 1924 4672 inquit,
1959 4603 2061 4674 ipsi
2099 4604 2252 4658 enim
2282 4603 2485 4659 animis
2513 4602 2716 4658 vestris
2740 4602 3053 4673 invigilant,
3087 4610 3349 4670 tanquam
3381 4600 3420 4655 ii
3453 4603 3548 4672 qui

253 4691 534 4746 rationem
569 4689 637 4746 de
672 4691 831 4746 nobis
868 4691 983 4746 sint
1015 4691 1285 4746 reddituri
1316 4691 1386 4747 ⁸⁵.
1423 4710 1441 4744 ι
1471 4689 1637 4746 Iubet
1660 4689 1843 4746 autem
1875 4705 1971 4746 eos
1995 4698 2258 4760 tauquam
2291 4691 2612 4760 inquinatos
2650 4703 2772 4745 eam
2831 4690 2904 4744 ob
2941 4703 3166 4744 causam
3199 4703 3366 4760 quam
3407 4689 3551 4744 diii-

253 4794 410 4844 mus,
438 4779 595 4834 tertia
629 4777 720 4834 die
749 4793 873 4835 sese
912 4779 1279 4847 sanctificare,
1314 4793 1378 4835 ea
1407 4777 1619 4836 scilicet
1643 4793 1765 4848 quae
1795 4778 2010 4834 Christi
2035 4779 2294 4834 saeculum
2325 4787 2451 4848 post
2475 4777 2646 4848 legem
2694 4784 2750 4832 et
2810 4776 3115 4848 prophetas
3150 4777 3398 4840 tertium,
3453 4786 3549 4830 aut

253 4867 409 4922 diem
439 4879 559 4921 eam
585 4867 640 4920 in
675 4881 786 4936 qua
820 4881 849 4920 a
883 4868 1114 4923 mortuis
1145 4867 1470 4932 resurrexit,
1503 4873 1884 4938 reprteseutat.
1922 4865 2206 4937 Septimus
2243 4865 2372 4921 item
2393 4863 2516 4920 dies
2549 4863 2712 4920 finem
2749 4865 2980 4921 denotat
3003 4865 3294 4937 praesentis
3330 4865 3542 4932 saeculi,

205 4957 210 4962 ’
253 4956 485 5026 quando
525 4964 810 5022 peccatum
834 4954 1065 5010 omnino
1091 4965 1404 5023 evanescet,
1439 4969 1711 5027 sacerque
1751 4953 1988 5026 populus
2011 4953 2065 5008 in
2099 4967 2318 5010 sacrum
2342 4950 2684 5024 ingredietur
2709 4955 3034 5017 tentorium,
3069 4953 3220 5025 quod
3251 4953 3563 5008 millesima.

253 5049 534 5099 annorum
567 5044 880 5113 septimana
919 5045 1030 5098 tiet.
1069 5043 1338 5099 Caeterum
1365 5053 1495 5099 ante
1517 5045 1963 5100 communionem
1993 5057 2086 5096 seu
2115 5039 2602 5110 participationem
2640 5041 2900 5110 praecedit
2923 5041 3258 5112 purificatio,
3283 5055 3410 5094 nam
3435 5046 3542 5097 etsi

245 5131 404 5202 justa
435 5131 614 5187 caedes
645 5129 833 5196 fuerit,
858 5130 1054 5189 effusio
1079 5140 1262 5188 tamen
1295 5139 1380 5188 est
1411 5131 1642 5188 fraterni
1673 5130 1982 5203 sanguinis,
2031 5137 2088 5185 et
2135 5127 2248 5183 Deo
2281 5128 2538 5199 displicet
2573 5128 2812 5184 hominis
2843 5128 3150 5184 internecio
3177 5145 3193 5196 ;
3231 5143 3357 5184 eum
3391 5127 3541 5182 enim

255 5219 327 5274 ad
359 5219 550 5286 vitam,
571 5234 678 5274 non
712 5223 780 5274 ad
811 5228 1047 5276 mortem
1072 5221 1338 5276 condidit.
1363 5219 1714 5292 Quapropter
1757 5217 1946 5276 Davidi
1980 5218 2050 5273 ab
2076 5217 2195 5287 ipso
2221 5216 2410 5287 templi
2461 5215 2830 5271 exstructioui
2857 5215 3209 5271 interdictum
3227 5225 3336 5271 est.
3369 5213 3544 5285 Igitur

254 5309 556 5374 secundas,
577 5325 686 5362 non
710 5309 1092 5380 primaS'opus
1121 5307 1250 5364 belli
1279 5309 1464 5376 habet,
1495 5309 1590 5366 Dei
1626 5308 1846 5380 quidem
1877 5305 2172 5372 sententia,
2202 5304 2457 5374 quamvis
2479 5305 2596 5374 ipse
2625 5303 2919 5358 consilium
2942 5303 2990 5358 ei
3023 5302 3358 5373 suppeditet,
3390 5321 3548 5374 quo-

253 5395 408 5450 circa
443 5395 735 5452 sacerdote
771 5395 1168 5470 rex_inl'eriot',
1207 5409 1273 5451 eo
1324 5396 1471 5451 enim
1531 5396 1826 5467 augustius
1882 5395 2116 5450 sortitus
2139 5399 2225 5448 est
2261 5391 2654 5448 ministerium.
2705 5388 2866 5446 Unde
2889 5390 2974 5446 lex
2998 5391 3166 5446 etiam
3203 5391 3542 5448 homicidam

255 5482 558 5539 excindere
593 5483 872 5554 praecipit;
904 5483 1083 5540 caedes
1129 5484 1275 5540 enim
1309 5483 1378 5540 ab
1405 5482 1564 5539 initio
1587 5499 1696 5540 non
1717 5482 1821 5538 fuit
1841 5481 2036 5546 libera,
2065 5479 2164 5538 sed
2183 5479 2596 5552 dispensatione
2630 5478 2771 5536 facta
2797 5480 2924 5534 talis
2951 5487 3058 5546 est,
3077 5481 3542 5552 quemadmodum

256 5569 540 5624 abdicatio
562 5587 783 5643 quoque
811 5586 1048 5628 uxorum
1082 5577 1306 5641 prepter
1337 5573 1521 5628 cordis
1547 5571 1835 5627 duritiam.

795 5768 826 5790 ιη

333 5771 374 5803 ⁵¹
419 5768 582 5825 Num.
617 5785 768 5831 xm,
795 5768 846 5823 7.
921 5771 966 5801 ⁸³
991 5771 1098 5824 lsa.
1135 5785 1270 5837 xm,
1294 5771 1344 5836 5,
1373 5769 1428 5826 6.
1531 5768 1576 5804 ⁸³
1615 5773 1632 5827 I
1663 5771 1791 5828 Cor.
1824 5787 1855 5826 ι

1965 5773 2041 5828 Ξϐ.
2143 5771 2190 5804 ⁸⁸
2221 5767 2365 5825 Psal.
2397 5783 2550 5830 χλιιι,
2583 5769 2639 5822 6.

259 5857 374 5917 }_tv_,
417 5837 468 5894 4.
547 5837 962 5917 δζξέιιΙΣΑκ-νιιι,
993 5841 1080 5894 15.
1147 5841 1202 5917 ἐξ
1237 5842 1610 5917 Ps_al._cxmx.
1645 5843 1699 5917 5.
1812 5844 1858 5917 ‘_’

1969 5845 2055 5917 aL.
2092 5857 2246 5905 xvm,

257 5912 304 5947 "
335 5910 470 5981 Sap.
497 5909 666 5975 ιι,’7.
747 5910 792 5942 ’τ’
826 5909 958 5968 Luc.
1003 5926 1100 5980 XII,
1134 5911 1222 5968 i8.
1300 5913 1346 5946 ³⁵
1384 5911 1504 5969 Jac.
1537 5929 1618 5980 ιιι,
1656 5916 1708 5972 1.
1821 5915 1858 5948 ⁹¹

1965 5915 2074 5972 rbr.
2114 5927 2235 5980 sui,
2278 5911 2365 5966 i7.

2739 5769 2783 5802 ⁸⁵
2810 5769 2947 5825 Luc.
2984 5783 3102 5833 Viti,
3140 5770 3226 5826 ΙἹ.
3331 5769 3378 5802 ⁸⁶
3431 5748 3538 5826 διιίι

2482 5838 2533 5871 ⁹⁰
2605 5844 2708 5900 lsa.
2751 5855 2895 5910 thv,
2921 5841 2974 5897 6.
3055 5841 3098 5871 "
3138 5840 3329 5898 ICor.
3364 5858 3439 5908 ιγ,
3480 5844 3534 5896 4.
