3956 6450
502 430 608 498 88'}
1814 448 2176 513 PROCOPII
2200 452 2447 517 GAZIEI
3637 468 3723 531 884

572 553 748 607 Porro
781 561 838 607 nt
866 554 1023 609 nullo
1066 554 1230 610 modo
1268 558 1636 614 contaminari
1676 572 1923 631 possent,
1954 578 2089 634 pur-
2118 581 2134 626 Α

2160 617 2165 626 ,
2264 566 2485 621 Σκευῶν
2512 565 2578 620 ἐκ
2608 565 2930 637 περιουσίας
2963 565 3229 638 εἰσήγαγε
3257 568 3509 641 κάθαρσιν
3534 572 3611 627 διὰ
3637 595 3722 629 πυ-

501 645 778 712 gationem
815 662 913 717 per
942 647 1123 718 ignem
1146 657 1203 703 et
1227 663 1427 719 aquam
1459 666 1716 707 vasorum
1751 669 1974 724 quoque
2022 670 2063 710 et

2202 661 2293 735 ρδς
2314 661 2412 721 καὶ
2441 659 2656 723 ὓδατος.
2685 657 2858 713 Τοῦτο
2884 660 2993 730 γὰρ
3020 659 3100 729 τῷ
3131 661 3274 733 λόγῳ
3295 663 3552 727 Μωῡσέως
3574 666 3729 725 Ἐλεὰ.

500 739 803 793 abundanti
824 739 1151 797 introduxit.
1172 740 1228 797 id
1271 743 1416 798 enim
1437 759 1501 799 ex
1524 744 1617 800 Dei
1649 755 1837 802 mente
1851 749 2062 803 oration

2199 754 2305 824 ξαρ
2329 753 2638 825 προσέθηκε
2668 753 2811 817 κατὰ
2832 753 2895 807 τὸ
2928 753 3291 825 σιωπώμενον
3319 754 3495 824 μαθὼν
3517 759 3576 813 ὲκ
3593 759 3727 826 Θεοῦ,

502 829 670 885 Musis
726 830 906 885 obiter
957 831 1178 901 adjecit.
1217 831 1475 899 Eleazar,
1517 835 1666 891 velut
1703 837 1882 892 Moses
1920 840 2064 892 etian

2196 845 2271 909 ὡς
2324 845 2420 899 καὶ
2450 844 2695 911 Μωῦσῆς
2728 846 2842 909 τοῖς
2867 846 2996 915 περὶ
3024 845 3121 899 τοῦ
3148 847 3338 916 Πάσχα
3369 848 3648 919 προσέθηκε
3680 853 3730 906 τὺ

499 923 769 980 institutis
795 924 1108 990 Paschalis,
1149 926 1321 997 legem
1356 930 1608 999 hyssopi,
1645 930 1774 983 item
1804 946 1910 984 non
1936 945 2061 1001 egre

2199 926 2294 991 τὸῦ
2323 935 2602 1001 ὑσςώπου,
2627 937 2737 990 καὶ
2756 938 2818 991 τὸ
2848 937 2924 1010 μὴ
2945 938 3149 1005 ἐξιέναι
3172 938 3269 1009 τὴν
3300 938 3463 1011 Θύραν
3480 941 3575 1004 ἕως
3591 946 3729 1015 πρωῒ.

497 1017 681 1072 diendi
719 1018 921 1072 ostium
951 1034 1114 1075 mane
1141 1036 1319 1091 usque
1343 1024 1620 1092 apposuit.

569 1132 733 1203 Atqui
772 1148 1033 1188 vasorum
1075 1136 1389 1205 purificatio
1424 1153 1544 1193 eam
1583 1156 1708 1212 quae
1732 1141 1994 1197 homines
2026 1141 2183 1196 decet
2222 1134 2459 1190 maxime
2496 1131 2757 1196 intendit,
2801 1146 2969 1203 quam
3002 1132 3224 1202 quidem
3260 1133 3340 1188 lex
3366 1138 3669 1208 promulgat,
3690 1152 3735 1197 et

496 1222 834 1291 temporibus
865 1223 1183 1279 distinctam
1213 1225 1368 1282 facit.
1402 1226 1623 1282 Modum
1651 1244 1783 1284 vero
1814 1229 2118 1283 introducit
2161 1224 2418 1279 Christus
2449 1222 2542 1292 qui
2579 1221 2649 1276 de
2689 1228 2937 1291 tempore
2961 1237 3071 1276 non
3103 1221 3237 1276 dicit
3266 1238 3281 1289 ;
3310 1222 3421 1292 ipse
3449 1226 3582 1292 enim
3620 1236 3736 1282 tem-

494 1325 596 1380 pus
622 1318 762 1375 erat,
790 1310 880 1380 qui
926 1326 1029 1365 nos
1052 1312 1351 1384 baptizavit
1378 1323 1577 1370 sancto
1611 1317 1818 1385 Spiritu
1851 1324 1906 1372 et
1934 1317 2082 1387 igne.
2116 1313 2181 1369 Ni
2214 1315 2361 1369 enim
2389 1312 2517 1382 quis
2548 1310 2832 1380 regenitns
2868 1317 2966 1377 per
2991 1325 3191 1378 aquam
3219 1320 3274 1365 ct
3298 1312 3542 1381 spiritmn
3580 1315 3736 1381 fuerit,

495 1414 721 1467 regnum
758 1397 851 1452 Dei
882 1399 1066 1455 videre
1097 1416 1206 1455 non
1238 1403 1440 1472 poterit
1481 1404 1551 1455 ".
1598 1404 1677 1458 Ita
1717 1404 1862 1458 enim
1904 1405 2131 1459 mundat
2159 1418 2291 1459 vasa
2314 1417 2437 1472 quze
2483 1415 2549 1455 ex
2581 1400 2798 1455 robusti
2831 1399 2998 1454 domo
3029 1400 3335 1470 diripuerat
3355 1403 3422 1455 ³⁷.
3452 1401 3734 1471 Postquam

495 1485 877 1553 purgationem
904 1487 1087 1543 aditus
1123 1480 1374 1543 extrcmo
1399 1501 1610 1545 exactae
1658 1493 1999 1562 purgationis
2040 1501 2286 1563 tempore
2322 1491 2376 1545 in
2411 1489 2712 1543 tentorium
2766 1486 2976 1558 patefit.
3013 1507 3031 1539 ι
3071 1487 3190 1541 Erit
3214 1489 3358 1543 enim
3395 1497 3540 1552 tunc,
3565 1492 3737 1561 inquit,

492 1574 578 1625 via
617 1589 779 1643 pura,
807 1575 1006 1644 viaque
1037 1586 1227 1631 sancta
1260 1578 1571 1633 vocabitur.
1603 1580 1715 1635 Nec
1743 1581 2002 1635 transibit
2055 1597 2151 1651 per
2181 1581 2328 1635 illam
2359 1579 2506 1633 ullus
2545 1579 2800 1647 impurus
2843 1577 2914 1632 ⁹⁸.
2954 1597 2973 1630 ι
3012 1575 3213 1632 Verum
3250 1576 3304 1631 in
3360 1593 3420 1633 ea
3466 1579 3620 1633 abluti
3662 1597 3741 1647 per

490 1659 769 1741 Christum
802 1662 1203 1733 ingrediantur.
1229 1663 1501 1720 Caeterum
1527 1666 1704 1737 ignem
1732 1668 1955 1738 quidem
1998 1669 2304 1739 symbolum
2326 1682 2451 1723 esse
2477 1666 2706 1726 tradunt
2724 1680 2918 1724 eorum
2950 1664 3042 1735 qui
3071 1680 3168 1735 per
3194 1664 3397 1736 ignem,
3430 1666 3576 1731 juxta
3602 1665 3743 1738 429

492 1748 751 1815 Paulum,
790 1752 1164 1806 servabuntur
1190 1755 1259 1807 η.
1292 1756 1506 1824 Aquam
1537 1771 1669 1810 vero
1693 1757 1816 1826 ejus
1842 1758 1910 1814 de
1940 1773 2051 1828 quo
2078 1757 2285 1816 dictum
2320 1756 2455 1811 illud
2479 1761 2661 1810 exstat
2695 1772 2709 1809 :
2751 1771 2768 1803 ι
2809 1753 3107 1821 Aperietur
3131 1750 3254 1807 fons
3282 1751 3465 1807 domui
3494 1752 3669 1817 David,
3696 1764 3741 1814 ct

492 1837 872 1893 habitantibus
898 1838 1206 1896 Jerusalem
1235 1842 1290 1896 in
1324 1842 1666 1900 ablutionem
1695 1846 2003 1915 peccatoris
2028 1853 2084 1899 et
2149 1852 2510 1900 menstruatae
2565 1843 2605 1897 ⁸.
2648 1862 2667 1894 ι
2703 1840 2893 1897 Potest
2933 1851 3119 1897 autem
3174 1856 3273 1896 vas
3330 1842 3738 1911 uniuscujusque

491 1940 658 1994 opera
698 1934 1095 1996 rapi-:esentare
1117 1930 1307 1985 etiam.
1348 1924 1389 1983 ι’
1411 1931 1699 2004 Cujnsqne
1736 1947 1864 1987 vero
1902 1949 2043 2004 opus
2069 1936 2231 2004 quale
2263 1937 2329 1989 sit
2363 1935 2507 2004 ignis
2537 1934 2655 2003 ipse
2682 1931 3000 2000 probabit’.
3048 1949 3065 1983 ι
3104 1930 3410 1986 Probamnr
3439 1945 3567 1984 vero
3596 1929 3740 1984 etiam

490 2030 585 2079 per
621 2029 815 2082 aquam
842 2031 855 2066 :
878 2035 895 2066 ι
926 2015 1179 2072 Probasti
1206 2019 1356 2073 enitn
1388 2035 1507 2087 nos,
1545 2020 1709 2084 Deus,
1734 2022 1907 2091 inquit
1936 2026 2097 2095 ;igne
2129 2039 2232 2078 nos
2262 2023 2554 2087 excoxisti,
2591 2021 2736 2085 sicut
2759 2029 3052 2092 argentum
3091 2019 3446 2088 excoquitur,
3491 2025 3741 2088 pertrans-

489 2100 655 2158 iimns
680 2104 859 2174 ignem
896 2112 950 2159 et
982 2122 1207 2174 aquam,
1237 2115 1292 2163 et
1324 2116 1381 2162 tu
1416 2124 1518 2167 nos
1553 2108 1607 2163 in
1641 2109 1990 2181 refrigerium
2020 2110 2297 2179 adduxisti
2328 2112 2369 2166 ³.
2426 2132 2445 2165 ι
2482 2110 2739 2177 Secundo
2769 2120 2954 2166 autem
2988 2124 3132 2179 aqua
3186 2107 3299 2178 igni
3347 2106 3666 2168 immittitur,
3694 2115 3744 2161 ut

488 2192 632 2256 ignis
668 2192 1138 2249 vehementiorem
1171 2196 1557 2267 purgationem
1585 2197 1814 2271 mitiget,
1869 2215 2185 2275 quanquam
2241 2216 2342 2260 nos
2374 2199 2580 2263 auxilio
2631 2214 2734 2258 suo
2789 2196 3053 2269 praavenit
3083 2203 3144 2266 ut
3179 2195 3335 2255 illum
3387 2193 3741 2265 effugcrcmus,

486 2296 611 2333 tum
643 2281 802 2336 nobis
833 2297 1033 2352 aquam
1065 2282 1309 2345 dedisset
1343 2284 1509 2343 Deus.
3335 2322 3344 2331 ‘

561 2365 788 2422 Recense
813 2369 1314 2441 capitajspoliorum
1342 2370 1688 2443 captivitatis.
1714 2376 1932 2449 [XXXL
1951 2378 2069 2453 '26.]
2089 2379 2272 2451 Spolia
2292 2378 2489 2436 dividit
2511 2388 2619 2435 tam
2637 2376 2781 2438 inter
2808 2391 2903 2441 eos
2920 2375 3011 2446 qui
3031 2372 3158 2435 belli
3178 2387 3308 2443 pars
3333 2370 3568 2437 fuerunt,
3589 2382 3730 2439 quam

487 2458 632 2513 inter
665 2476 762 2516 eos
803 2462 897 2530 qui
931 2460 1078 2516 domi
1114 2475 1526 2521 remanserunt.
1561 2468 1756 2523 Mutua
1783 2471 1928 2524 enim
1962 2486 2127 2541 opera
2163 2478 2347 2542 partes
2380 2467 2665 2537 indigent;
2717 2473 2776 2520 ut
2825 2463 2995 2519 David
3028 2476 3252 2545 quoque
3284 2466 3474 2530 postea
3503 2457 3627 2513 dicit
3658 2454 3741 2508 mi-

486 2548 783 2605 litantibus
817 2565 927 2605 non
965 2550 1259 2607 inferiores
1289 2568 1414 2609 esse
1444 2570 1540 2609 cos
1571 2556 1663 2624 qui
1693 2571 1881 2611 eorum
1914 2559 2109 2617 domos
2141 2554 2519 2615 custodiunt".
2552 2553 2615 2609 Et
2647 2551 3116 2625 quemadmodum
3149 2549 3290 2603 dixit
3324 2565 3339 2604 :
3370 2566 3401 2598 ί(
3435 2546 3743 2613 Uniuspar-

486 2640 556 2694 tis
590 2639 850 2708 splendor
876 2640 1121 2694 omnium
1157 2640 1216 2694 fit
1250 2643 1633 2708 communis",
1667 2664 1684 2695 ι
1728 2644 1799 2699 ita
1834 2646 1977 2700 inter
2011 2664 2112 2703 nos
2149 2663 2367 2717 quoque
2407 2648 2641 2699 duorum
2673 2643 2930 2698 ordinum
2967 2650 3055 2697 est
3089 2640 3403 2711 permistio,
3440 2644 3488 2692 et
3520 2635 3634 2702 eius
3666 2633 3742 2704 qui

485 2726 541 2780 in
570 2726 776 2781 mundo
805 2737 1026 2793 manet,
1063 2735 1120 2782 et
1152 2728 1275 2799 ejus
1311 2730 1405 2800 qui
1441 2739 1635 2786 contra
1671 2733 1951 2789 diabolum
1985 2747 2208 2807 pugnat.
2246 2735 2447 2789 Eadem
2478 2733 2625 2787 enim
2658 2731 2832 2803 gloria
2867 2730 3226 2793 illustriores,
3260 2735 3317 2780 et
3351 2741 3446 2783 eos
3476 2725 3564 2796 qui
3597 2737 3743 2795 part0

485 2830 630 2870 nexu
666 2815 777 2869 illis
802 2814 983 2884 juncti
1018 2826 1151 2874 sunt
1181 2828 1388 2874 manet.
1421 2819 1703 2890 Siquidem
1737 2819 1943 2877 Paulus
1972 2840 2192 2894 quoque
2224 2823 2294 2880 de
2323 2822 2639 2893 approbatis
2664 2820 2909 2883 locutus,
2946 2817 3165 2887 inquit:
3201 2833 3219 2866 ι
3255 2814 3321 2869 Ει
3357 2813 3409 2867 1ιί
3444 2825 3625 2868 omnes
3653 2824 3744 2864 nun

484 2912 843 2973 rcportarunt
874 2907 1277 2976 promissiones
1303 2948 1318 2973 ,
1352 2917 1412 2963 ut
1463 2925 1572 2965 non
1608 2911 1819 2979 absque
1866 2912 2026 2968 nobis
2063 2914 2459 2983 perficerentur
2477 2912 2517 2967 θ.
2554 2930 2573 2962 ι
2608 2908 2744 2965 Tale
2774 2906 2909 2967 illud
2943 2919 3167 2978 quoque
3204 2911 3292 2958 est
3327 2921 3339 2957 :
3382 2921 3400 2957 ι
3435 2900 3644 2956 Utinam
3677 2914 3746 2951 re-

484 3010 650 3065 gnum
683 2995 1095 3061 obtinnissetis,
1126 3012 1238 3067 quo
1266 3008 1321 3053 et
1361 3013 1464 3055 nos
1499 3014 1607 3053 una
1643 3001 1926 3056 vobiScum
1965 3017 2354 3072 regnassemns
2371 3001 2412 3055 '.
2449 3019 2467 3052 ι
2508 3000 2637 3056 ltetn
2670 2999 3011 3070 psalmorum
3049 2996 3190 3050 hoc:
3227 3013 3246 3049 ι
3280 2990 3562 3048 Bcncdixit
3588 2987 3746 3042 Domi-

487 3099 593 3138 nus
624 3085 949 3140 titnentihus
986 3086 1165 3156 ipsum
1196 3125 1211 3149 ,
1246 3095 1355 3141 tam
1396 3089 1581 3158 parvis
1610 3104 1775 3158 quam
1807 3091 2022 3159 magnis
2040 3090 2082 3145 ⁸.
2115 3110 2134 3143 ι
2177 3090 2438 3145 Eamdem
2487 3088 2633 3145 enim
2674 3088 2912 3143 fortasse
2941 3084 3388 3142 benedictionem
3426 3082 3621 3137 habent
3666 3079 3743 3149 qui

486 3172 711 3227 virtutis
744 3187 971 3243 operum
1004 3176 1199 3246 inopes
1224 3218 1237 3235 .
1274 3176 1379 3232 title
1413 3178 1611 3248 :eqnali
1666 3189 1798 3233 sunt
1833 3180 2067 3250 przediti.
2105 3179 2376 3235 Caeterum
2409 3178 2503 3249 qui
2534 3164 2758 3248 praemia
2789 3175 3076 3232 distribuit
3105 3173 3367 3230 Christus
3399 3181 3477 3228 est
3512 3171 3563 3228 in
3591 3166 3745 3238 ponti~

489 3261 592 3315 tice
626 3268 681 3315 et
709 3261 1027 3332 lcgislalore
1066 3263 1355 3333 ﬁguratus,
1388 3265 1477 3319 cui
1511 3266 1785 3321 assistunt
1811 3269 1989 3338 angeli
2020 3270 2280 3339 pratsidio
2311 3267 2549 3323 fidelium
2581 3266 2876 3330 collocati,
2913 3280 3056 3336 quos
3089 3279 3239 3319 nunc
3270 3279 3366 3334 per
3400 3260 3665 3334 principes
3690 3256 3748 3312 si-

487 3348 787 3419 gnilicavit.
833 3348 1065 3415 C(elitus
1104 3352 1248 3406 enim
1296 3353 1469 3407 veniet
1495 3394 1509 3416 ,
1546 3354 1638 3423 qui
1688 3341 1987 3410 virtutibus
2018 3372 2118 3411 sua
2156 3357 2380 3429 praemia
2407 3356 2558 3427 justa
2592 3355 2811 3409 ratione
2851 3361 2908 3408 ct
2945 3351 3108 3408 modo
3137 3350 3423 3406 attribuit.
3455 3341 3744 3417 Hujusmodi

492 3440 642 3494 Isaia:
673 3438 806 3494 illttd
850 3447 936 3495 est
974 3458 987 3495 :
1023 3458 1043 3493 ι
1078 3442 1199 3511 Ipse
1233 3441 1611 3498 dominabitur
1644 3445 1853 3510 multis,
1886 3446 2054 3501 ct'for

2187 3461 2197 3498 I
2229 3444 2406 3515 spolia
2439 3442 2738 3497 dividetm
2767 3440 3137 3511 Quapropter,
3162 3438 3265 3493 etsi
3310 3435 3523 3508 praemii
3557 3445 3749 3488 consor-

488 3531 573 3588 tes
611 3527 770 3598 primi
809 3535 865 3581 et
900 3529 1129 3584 secundi
1160 3530 1477 3597 exsistunt,
1505 3546 1628 3587 sors
1664 3540 1846 3587 tamen
1881 3534 2084 3603 cuique
2115 3540 2266 3588 certa
2311 3532 2524 3587 ratione
2553 3530 2902 3586 decernetur.
2935 3526 3013 3582 Ex
3052 3541 3393 3597 unaquaque
3454 3519 3746 3579 enimtribu

493 3613 705 3684 minem.
730 3615 824 3693 qui
857 3620 1464 3691 Pugnal‘lmtmqualem
1501 3621 1953 3691 percipiunt.Qui
1983 3635 2116 3676 sane
2145 3627 2356 3691 partem
2384 3617 2881 3689 quingentesimam
2913 3613 3159 3693 pontifici
3187 3612 3472 3668 deferunt.
3503 3606 3744 3663 Primitias

494 3688 800 3782 hominum,
838 3688 943 3775 liqc
967 3713 1077 3769 est,
1110 3688 1408 3783 mullerum
1433 3750 1449 3773 ,
1485 3688 1537 3764 et
1568 3688 1803 3764 aliorum
1835 3711 2082 3763 omnium
2109 3749 2124 3775 ,
2146 3688 2674 3778 quinquagesimam
2707 3713 2917 3775 partem
2957 3712 3195 3756 cunctus
3233 3707 3421 3756 cretus
3454 3697 3647 3753 Levitis
3673 3707 3744 3783 ct-

493 3791 667 3851 hibet.
696 3778 818 3863 Ipse
847 3795 1050 3849 etenim
1079 3778 1324 3867 pontifex
1359 3798 1564 3869 unicus
1592 3807 1714 3863 est,
1751 3797 1953 3853 Levita;
1979 3805 2161 3853 autem
2192 3796 2531 3866 complures.
2564 3794 2715 3848 Alias
2752 3803 2936 3847 autem
2975 3789 3092 3845 ﬁeri
3126 3791 3292 3855 solet,
3334 3796 3394 3842 ut
3433 3793 3672 3878 potentes
3700 3778 3747 3878 li:

491 3882 698 3937 delium
734 3899 926 3954 parum
961 3885 1225 3956 adjuvcnt
1260 3886 1427 3941 Deum
1453 3930 1467 3953 ,
1510 3888 1739 3943 secundi
1781 3903 1912 3942 vero
1944 3887 2180 3958 amplius
2216 3905 2231 3942 :
2276 3905 2295 3937 ι
2327 3885 2481 3940 Multi
2538 3883 2683 3955 enim
2718 3882 2896 3937 vocati
2926 3920 2941 3943 ,
2982 3880 3142 3951 pauci
3179 3879 3345 3934 electi
3368 3879 3434 3934 “.
3469 3896 3488 3928 ι
3530 3877 3650 3930 Item
3678 3877 3748 3922 cui

493 3969 666 4024 ιηιιιιει
697 3970 1081 4041 relinquentur
1104 4014 1119 4038 ,
1154 3989 1219 4029 eo
1258 3975 1495 4041 amplius
1526 3975 1737 4047 diliget.
1771 3975 1848 4031 Ac
1879 3976 1957 4035 illi
2005 3972 2243 4045 quidem
2267 3974 2486 4035 nemine
2517 3972 2741 4035 interim
2787 3971 3118 4051 decerpente
3161 3970 3472 4041 quidquam
3500 4007 3516 4033 ,
3559 3961 3750 4021 Christo

494 4057 740 4133 pontifici
774 4070 825 4120 et
851 4059 1023 4128 judici
1061 4075 1259 4131 magno
1288 4061 1548 4129 offerunt.
1582 4062 1739 4130 Quod
1772 4062 2023 4121 fecerunt
2051 4064 2335 4135 discipuli,
2368 4070 2422 4118 et
2453 4068 2728 4133 quotquot
2769 4059 2933 4115 hodie
2964 4059 3298 4130 populorum
3333 4057 3590 4112 ductores
3624 4054 3749 4110 sunt.

497 4144 682 4206 facere
714 4146 939 4214 debent,
977 4156 1037 4203 ut
1070 4150 1287 4206 labores
1316 4153 1725 4222 praedicationis
1752 4153 2087 4225 evangelicae
2126 4152 2235 4207 Deo
2268 4156 2635 4215 consecrent,
2683 4149 2881 4220 hisque
2928 4146 3173 4218 judicent
3222 4145 3470 4217 placent.
3518 4138 3752 4206 Reliquus

497 4243 678 4291 autem
709 4245 888 4296 cretus
916 4237 1189 4307 primitias
1223 4239 1402 4303 offert,
1436 4257 1624 4305 verum
1660 4242 1885 4299 nonnisi
1931 4256 2029 4311 per
2056 4238 2511 4296 intercessionem
2546 4237 2927 4293 ministrorum
2960 4249 3269 4298 sacrorum,
3305 4233 3477 4288 veluti
3506 4240 3613 4319 tum
3639 4237 3753 4319 lett]:

496 4321 647 4390 poris
680 4338 777 4392 per
809 4339 1025 4396 sacram
1058 4324 1374 4387 Levitarnm
1415 4328 1644 4384 tribum.
1679 4327 1898 4384 Dictum
1927 4310 2013 4385 est
2041 4328 2187 4382 enim
2215 4367 2230 4391 ,
2266 4341 2439 4396 genus
2468 4325 2703 4392 electum
2732 4365 2747 4389 ,
2779 4333 2833 4379 et
2872 4324 3055 4395 regale
3085 4321 3459 4387 sacerdotium
3481 4319 3546 4369 ¹¹.
3586 4317 3650 4370 At
3688 4310 3752 4364 illi

494 4408 709 4470 fructus
738 4393 960 4482 quidem
993 4413 1265 4480 oderunt,
1297 4432 1484 4474 verum
1518 4432 1625 4477 non
1659 4417 1974 4488 specialiter
2008 4393 2491 4486 personae—Christi
2527 4413 2743 4477 fructus
2765 4393 2997 4483 faciunt.
3022 4409 3355 4480 Hujusmodi
3377 4406 3600 4480 quidam
3625 4404 3757 4457 erant

494 4499 585 4567 qui
620 4500 886 4557 collectas
922 4511 1245 4559 sanctorum
1280 4504 1503 4558 nomine
1534 4505 1626 4574 qui
1660 4505 1715 4569 in
1742 4502 2049 4560 Jerusalem
2087 4509 2281 4570 erant,
2316 4500 2696 4557 conferebant.
2728 4500 2832 4565 Qui
2877 4499 3146 4570 ampliora
3189 4497 3357 4555 etiam
3388 4495 3658 4555 offerunt,
3687 4492 3756 4539 ul.

494 4596 623 4658 pote
661 4590 756 4659 qui
797 4591 964 4646 etiam
1000 4592 1256 4660 ampliori
1292 4593 1619 4663 purgatione
1646 4594 1980 4664 indigerent.
2020 4611 2039 4644 ι
2073 4592 2178 4658 Qui
2210 4590 2357 4647 enim
2392 4589 2540 4645 lotus
2569 4596 2691 4653 est,
2727 4588 2907 4658 inquit
2934 4587 3236 4651 Dominus,
3269 4601 3383 4641 non
3419 4595 3647 4639 necesse
3675 4577 3757 4632 ha-

494 4677 587 4731 bet
616 4679 857 4748 amplins
892 4695 1057 4749 quam
1091 4690 1149 4734 ut
1184 4680 1353 4749 pedes
1390 4682 1557 4746 lavet,
1591 4680 1832 4741 mundus
1862 4682 2010 4737 enim
2047 4681 2213 4741 est“.
2246 4696 2267 4740 ι
2312 4676 2541 4740 Minima
2573 4677 2718 4743 enim
2752 4674 3007 4747 quamvis
3042 4673 3249 4731 sanctis
3279 4671 3609 4753 purgatione
3639 4675 3755 4734 opui

493 4773 600 4829 est,
623 4767 808 4838 aliqua
837 4779 1021 4824 tamen
1054 4778 1161 4833 est,
1197 4771 1473 4840 siquidem
1514 4774 1720 4842 peccati
1751 4786 1948 4827 exsors
1974 4775 2269 4839 nemoest.
2304 4767 2473 4836 Atqui
2497 4767 2847 4837 pranniornm
2874 4764 3117 4818 varietas
3148 4761 3437 4827 indicatur
3465 4760 3629 4826 etiam
3651 4754 3756 4816 hoe.

492 4855 638 4924 quod
674 4856 841 4910 atimn
877 4873 1047 4927 super
1078 4859 1325 4929 quinque
1357 4860 1545 4925 urbes,
1586 4861 1753 4915 alium
1792 4875 1959 4931 super
1992 4860 2180 4914 decem
2219 4858 2582 4914 constitutum
2613 4856 2680 4913 iri
2713 4855 2916 4917 dicitur
2938 4856 3004 4926 ".

570 4942 688 4998 Nos
716 4946 851 4999 serui
889 4947 967 5001 tui
999 4947 1359 5004 recensut'mus
1391 4964 1670 5005 numerum
1711 4956 2090 5017 pugnatorum.
2129 4944 2285 5019 [49.]
2328 4945 2659 5001 Obtulerunt
2704 4950 2978 5016 quotquot
3028 4942 3295 5015 imperata
3352 4941 3593 4997 fuerant.
3622 4931 3756 4989 Ultro

492 5043 676 5088 autem
705 5033 854 5103 justa
901 5036 1261 5104 gratulatoria
1300 5037 1618 5106 persolvunt
1656 5052 1756 5105 pro
1801 5034 2150 5091 snbditorum
2185 5037 2364 5091 salute
2387 5075 2402 5098 ,
2429 5034 2575 5103 quod
2610 5033 2852 5102 ipsorum
2888 5032 3079 5101 nullus
3127 5033 3183 5104 in
3229 5029 3494 5085 conﬂictu
3526 5026 3755 5117 obiisscto

492 5119 829 5193 Ponttlorum
866 5124 1012 5177 enim
1049 5123 1334 5193 principes
1367 5135 1421 5180 et
1454 5139 1553 5178 sua
1589 5132 1645 5180 et
1678 5123 2001 5194 populorum
2055 5138 2221 5182 causa
2266 5121 2685 5193 augustioribus
2725 5121 2889 5177 donis
2921 5121 3175 5176 venerari
3206 5119 3397 5191 ,Deum
3428 5118 3642 5180 solent,
3671 5108 3757 5164 ali-

491 5210 622 5279 quid
660 5226 878 5281 semper
922 5228 987 5265 ex
1020 5211 1325 5267 abundanti
1362 5212 1665 5277 addentes,
1699 5221 1753 5266 et
1787 5210 2043 5272 mandata
2077 5222 2498 5285 exsuperantes.
2532 5211 2724 5279 Qualis
2773 5220 2892 5267 erat
2935 5211 3142 5266 Paulus
3183 5210 3275 5280 qui
3329 5210 3479 5264 ultra
3527 5207 3688 5276 legem
3713 5205 3758 5251 et

493 5299 812 5353 mandatum
845 5300 1073 5367 Christi,
1124 5299 1334 5354 nullum
1364 5299 1584 5356 carnale
1611 5298 1894 5371 praamium
1929 5315 1958 5353 a
1990 5301 2073 5355 sui
2110 5300 2392 5372 Evangelii
2422 5300 2712 5371 discipulis
2742 5298 3108 5371 percipiebat,
3134 5313 3199 5353 ac
3233 5296 3590 5369 Evangelium
3620 5296 3755 5344 extra

495 5395 750 5456 sumptus
780 5388 1089 5458 deponebat
1120 5430 1135 5454 ,
1183 5388 1539 5459 quantumvis
1611 5373 1965 5458 Evangelium
2013 5388 2180 5461 430
2228 5389 2686 5445 annuntiantibns
2734 5405 2801 5444 ex
2855 5386 3152 5460 Evangelio
3196 5388 3384 5452 vivere
3426 5377 3757 5456 pracepissel

493 5475 751 5531 Christus
772 5477 835 5531 “.
864 5477 998 5533 item
1031 5494 1156 5533 cum
1193 5494 1300 5537 neu
1335 5479 1564 5539 haberet
1594 5479 1841 5559 edictuin
1870 5477 2076 5543 Christi
2107 5479 2177 5543 de
2208 5478 2519 5551 virginibus
2539 5519 2557 5554 ι
2602 5477 2946 5551 introduxit,
2993 5475 3141 5559 quod
3172 5475 3267 5549 qui
3297 5486 3525 5529 carnem
3562 5467 3753 5523 necant.

561 5696 789 5753 “Joan.
839 5712 923 5756 Ill.
962 5697 1019 5752 ’5.
1156 5698 1201 5729 ⁸⁷
1242 5695 1431 5750 Matth.
1495 5711 1568 5749 xu
1597 5735 1613 5761 ,
1658 5695 1751 5751 9.9.
1859 5697 1904 5729 ’⁸
1949 5696 2055 5753 lsa.
2104 5713 2123 5751 ι

2188 5713 2270 5761 ιν,
2332 5696 2386 5750 8.
2487 5682 2747 5749 “lCor.
2810 5710 2905 5758 ιιι,
2981 5694 3066 5748 l5.
3172 5690 3469 5765 'Zachar.
3529 5677 3750 5765 {nihl-

501 5772 519 5803 '
556 5770 571 5821 l
603 5752 732 5824 Cor.
759 5752 842 5826 ut.
880 5752 969 5824 13.
1064 5769 1082 5799 ³
1118 5767 1266 5822 Psal.
1299 5784 1425 5827 va.
1454 5766 1542 5820 ιι).
1598 5752 1611 5761 ⁷
1649 5767 1670 5797 ⁸
1714 5768 1857 5822 Psal.
1892 5752 2063 5831 vau,

2257 5752 2298 5800 ’⁸
2339 5765 2485 5820 Psal.
2515 5782 2740 5825 Lxxxtx.
2782 5752 2902 5818 17..
2975 5766 2994 5795 ⁶
3038 5765 3202 5817 llebr.
3233 5760 3423 5831 νικᾷς).
3536 5757 3557 5788 ⁷
3596 5752 3750 5831 “39(-

498 5816 571 5903 IV:
761 5816 976 5899 vas-avl‘.
1035 5816 1599 5899 cxiii-.nt'ST-qtlsa.
1640 5816 2279 5899 tun—Viti.""vi'hlatth.
2314 5816 2740 5905 λξῖιξῄιιῐξὼνῖί
2768 5816 2959 5897 chtr.
2994 5816 3200 5900 11,779.77
3262 5816 3306 5866 ίί
3344 5828 3506 5884 Joan.
3537 5839 3649 5887 xm,
3678 5816 3752 5874 l0.

498 5913 540 5954 t‘
582 5911 714 5976 Luc.
747 5923 861 5976 xix,
902 5911 988 5975 l7,
1031 5912 1111 5964 lt).
1195 5909 1237 5940 ”
1282 5910 1297 5961 l
1332 5909 1459 5963 Cor.
1500 5907 1757 5976 mil-l9.
