  <div class='ocr_page' id='page_1' title='image "/cluster/home/n/w/nwhite01/storage/ocr_20150623/87:pt.1/coo.31924054869882/453.png"; bbox 0 0 3956 6398; ppageno 0'>
   <div class='ocr_carea' id='block_1_1' title="bbox 223 426 3491 514">
    <p class='ocr_par' dir='ltr' id='par_1_1' title="bbox 223 426 3491 514">
     <span class='ocr_line' id='line_1_1' title="bbox 223 426 3491 514; baseline -0.007 -2"><span class='ocrx_word' id='word_1_1' title='bbox 223 447 328 514; x_wconf 61' lang='grc' dir='ltr'><strong>Ἇ85</strong></span> <span class='ocrx_word' id='word_1_2' title='bbox 708 466 715 469; x_wconf 72' lang='grc'><em>“</em></span> <span class='ocrx_word' id='word_1_3' title='bbox 1317 442 1851 507; x_wconf 83' lang='lat' dir='ltr'><strong>COMMENTARII</strong></span> <span class='ocrx_word' id='word_1_4' title='bbox 1885 438 1965 502; x_wconf 81' lang='lat' dir='ltr'><strong>IN</strong></span> <span class='ocrx_word' id='word_1_5' title='bbox 1992 437 2386 500; x_wconf 81' lang='lat' dir='ltr'><strong>NUMEROS.</strong></span> <span class='ocrx_word' id='word_1_6' title='bbox 2777 437 2780 441; x_wconf 87' lang='grc'><strong>’</strong></span> <span class='ocrx_word' id='word_1_7' title='bbox 3384 426 3491 489; x_wconf 74' lang='grc'><strong>886</strong></span> 
     </span>
    </p>
   </div>
   <div class='ocr_carea' id='block_1_2' title="bbox 219 536 3497 629">
    <p class='ocr_par' dir='ltr' id='par_1_2' title="bbox 219 536 3497 629">
     <span class='ocr_line' id='line_1_2' title="bbox 219 536 3497 629; baseline -0.007 -13"><span class='ocrx_word' id='word_1_8' title='bbox 219 559 568 629; x_wconf 88' lang='lat' dir='ltr'><strong>splendidum</strong></span> <span class='ocrx_word' id='word_1_9' title='bbox 613 573 679 614; x_wconf 92' lang='lat' dir='ltr'><strong>ac</strong></span> <span class='ocrx_word' id='word_1_10' title='bbox 723 559 934 613; x_wconf 88' lang='lat' dir='ltr'><strong>lautum</strong></span> <span class='ocrx_word' id='word_1_11' title='bbox 985 556 1040 612; x_wconf 90' lang='lat' dir='ltr'><strong>in</strong></span> <span class='ocrx_word' id='word_1_12' title='bbox 1073 555 1300 612; x_wconf 86' lang='lat' dir='ltr'><strong>Christo</strong></span> <span class='ocrx_word' id='word_1_13' title='bbox 1338 556 1543 611; x_wconf 85' lang='lat' dir='ltr'><strong>donum</strong></span> <span class='ocrx_word' id='word_1_14' title='bbox 1594 538 1910 609; x_wconf 63' lang='lat' dir='ltr'><strong>oderant“.</strong></span> <span class='ocrx_word' id='word_1_15' title='bbox 1955 549 2020 604; x_wconf 85' lang='lat' dir='ltr'><strong>Et</strong></span> <span class='ocrx_word' id='word_1_16' title='bbox 2065 543 2530 619; x_wconf 82' lang='lat' dir='ltr'><strong>quemadmodum</strong></span> <span class='ocrx_word' id='word_1_17' title='bbox 2554 541 2649 629; x_wconf 27' lang='grc' dir='ltr'><strong>χίηΔ</strong></span> <span class='ocrx_word' id='word_1_18' title='bbox 2687 536 3046 594; x_wconf 86' lang='lat' dir='ltr'><strong>tabernaculo</strong></span> <span class='ocrx_word' id='word_1_19' title='bbox 3087 536 3497 605; x_wconf 86' lang='lat' dir='ltr'><strong>reponebantur</strong></span> 
     </span>
    </p>
   </div>
   <div class='ocr_carea' id='block_1_3' title="bbox 218 627 3493 715">
    <p class='ocr_par' dir='ltr' id='par_1_3' title="bbox 218 627 3493 715">
     <span class='ocr_line' id='line_1_3' title="bbox 218 627 3493 715; baseline -0.008 -12"><span class='ocrx_word' id='word_1_20' title='bbox 218 627 366 703; x_wconf 86' lang='lat' dir='ltr'><strong>dona</strong></span> <span class='ocrx_word' id='word_1_21' title='bbox 401 648 610 712; x_wconf 88' lang='lat' dir='ltr'><strong>oblata,</strong></span> <span class='ocrx_word' id='word_1_22' title='bbox 648 649 721 700; x_wconf 90' lang='lat' dir='ltr'><strong>ita</strong></span> <span class='ocrx_word' id='word_1_23' title='bbox 754 645 1127 701; x_wconf 87' lang='lat' dir='ltr'><strong>Ecclesiarum</strong></span> <span class='ocrx_word' id='word_1_24' title='bbox 1159 660 1294 715; x_wconf 89' lang='lat' dir='ltr'><strong>opes</strong></span> <span class='ocrx_word' id='word_1_25' title='bbox 1326 650 1642 698; x_wconf 88' lang='lat' dir='ltr'><strong>sanctorum</strong></span> <span class='ocrx_word' id='word_1_26' title='bbox 1674 637 2038 710; x_wconf 83' lang='lat' dir='ltr'><strong>gloriationes</strong></span> <span class='ocrx_word' id='word_1_27' title='bbox 2082 640 2399 706; x_wconf 89' lang='lat' dir='ltr'><strong>perpetuam</strong></span> <span class='ocrx_word' id='word_1_28' title='bbox 2435 628 2578 699; x_wconf 92' lang='lat' dir='ltr'><strong>apud</strong></span> <span class='ocrx_word' id='word_1_29' title='bbox 2630 627 2798 682; x_wconf 88' lang='lat' dir='ltr'><strong>Deum</strong></span> <span class='ocrx_word' id='word_1_30' title='bbox 2835 630 3256 715; x_wconf 81' lang='lat' dir='ltr'><strong>consequuntur</strong></span> <span class='ocrx_word' id='word_1_31' title='bbox 3285 638 3493 678; x_wconf 80' lang='lat' dir='ltr'><strong>memo—</strong></span> 
     </span>
    </p>
   </div>
   <div class='ocr_carea' id='block_1_4' title="bbox 218 710 3488 805">
    <p class='ocr_par' dir='ltr' id='par_1_4' title="bbox 218 710 3488 805">
     <span class='ocr_line' id='line_1_4' title="bbox 218 710 3488 805; baseline -0.008 -14"><span class='ocrx_word' id='word_1_32' title='bbox 218 736 358 791; x_wconf 81' lang='lat' dir='ltr'><strong>riam</strong></span> <span class='ocrx_word' id='word_1_33' title='bbox 387 777 401 799; x_wconf 87' lang='lat'><strong>,</strong></span> <span class='ocrx_word' id='word_1_34' title='bbox 436 751 501 790; x_wconf 89' lang='lat' dir='ltr'><strong>ac</strong></span> <span class='ocrx_word' id='word_1_35' title='bbox 534 710 671 790; x_wconf 85' lang='lat' dir='ltr'><strong>cura</strong></span> <span class='ocrx_word' id='word_1_36' title='bbox 718 734 905 790; x_wconf 83' lang='lat' dir='ltr'><strong>divina</strong></span> <span class='ocrx_word' id='word_1_37' title='bbox 951 734 1166 804; x_wconf 86' lang='lat' dir='ltr'><strong>seipsos</strong></span> <span class='ocrx_word' id='word_1_38' title='bbox 1197 710 1399 805; x_wconf 85' lang='lat' dir='ltr'><strong>dignos</strong></span> <span class='ocrx_word' id='word_1_39' title='bbox 1426 728 1604 785; x_wconf 92' lang='lat' dir='ltr'><strong>sancti</strong></span> <span class='ocrx_word' id='word_1_40' title='bbox 1636 724 1895 782; x_wconf 87' lang='lat' dir='ltr'><strong>reddunt.</strong></span> <span class='ocrx_word' id='word_1_41' title='bbox 1928 722 2042 778; x_wconf 78' lang='lat' dir='ltr'><strong>Hoc</strong></span> <span class='ocrx_word' id='word_1_42' title='bbox 2071 721 2220 778; x_wconf 89' lang='lat' dir='ltr'><strong>enim</strong></span> <span class='ocrx_word' id='word_1_43' title='bbox 2252 719 2358 775; x_wconf 85' lang='lat' dir='ltr'><strong>sibi</strong></span> <span class='ocrx_word' id='word_1_44' title='bbox 2390 716 2525 773; x_wconf 91' lang='lat' dir='ltr'><strong>illud</strong></span> <span class='ocrx_word' id='word_1_45' title='bbox 2552 715 2667 771; x_wconf 91' lang='lat' dir='ltr'><strong>vult</strong></span> <span class='ocrx_word' id='word_1_46' title='bbox 2701 712 2845 783; x_wconf 92' lang='lat' dir='ltr'><strong>quod</strong></span> <span class='ocrx_word' id='word_1_47' title='bbox 2879 710 3082 766; x_wconf 89' lang='lat' dir='ltr'><strong>dicitur</strong></span> <span class='ocrx_word' id='word_1_48' title='bbox 3108 752 3124 779; x_wconf 92' lang='lat'><strong>,</strong></span> <span class='ocrx_word' id='word_1_49' title='bbox 3163 725 3350 766; x_wconf 89' lang='lat' dir='ltr'><strong>coram</strong></span> <span class='ocrx_word' id='word_1_50' title='bbox 3393 711 3488 765; x_wconf 80' lang='lat' dir='ltr'><strong>Do-</strong></span> 
     </span>
    </p>
   </div>
   <div class='ocr_carea' id='block_1_5' title="bbox 216 824 769 893">
    <p class='ocr_par' dir='ltr' id='par_1_5' title="bbox 216 824 769 893">
     <span class='ocr_line' id='line_1_5' title="bbox 216 824 769 893; baseline -0.004 -15"><span class='ocrx_word' id='word_1_51' title='bbox 216 827 373 879; x_wconf 88' lang='lat' dir='ltr'><strong>mino</strong></span> <span class='ocrx_word' id='word_1_52' title='bbox 409 824 590 893; x_wconf 89' lang='lat' dir='ltr'><strong>posita</strong></span> <span class='ocrx_word' id='word_1_53' title='bbox 623 839 769 878; x_wconf 89' lang='lat' dir='ltr'><strong>esse.</strong></span> 
     </span>
    </p>
   </div>
   <div class='ocr_carea' id='block_1_6' title="bbox 289 882 1811 981">
    <p class='ocr_par' dir='ltr' id='par_1_6' title="bbox 289 882 1796 981">
     <span class='ocr_line' id='line_1_6' title="bbox 289 882 1796 981; baseline -0.003 -17"><span class='ocrx_word' id='word_1_54' title='bbox 289 911 397 965; x_wconf 81' lang='grc' dir='ltr'><strong>Τοῦ</strong></span> <span class='ocrx_word' id='word_1_55' title='bbox 415 882 645 981; x_wconf 45' lang='grc' dir='ltr'>ἀριδσοῦ,</span> <span class='ocrx_word' id='word_1_56' title='bbox 674 912 707 981; x_wconf 83' lang='grc' dir='ltr'>ἡ</span> <span class='ocrx_word' id='word_1_57' title='bbox 735 912 833 981; x_wconf 79' lang='grc' dir='ltr'>μὲν</span> <span class='ocrx_word' id='word_1_58' title='bbox 857 909 955 970; x_wconf 75' lang='grc' dir='ltr'><strong>ὕλη</strong></span> <span class='ocrx_word' id='word_1_59' title='bbox 980 909 1242 981; x_wconf 67' lang='grc' dir='ltr'>κοσμικὴ,</span> <span class='ocrx_word' id='word_1_60' title='bbox 1269 909 1381 979; x_wconf 78' lang='grc' dir='ltr'><strong>ἠδὲ</strong></span> <span class='ocrx_word' id='word_1_61' title='bbox 1410 910 1607 981; x_wconf 82' lang='grc' dir='ltr'>χρῆσις</span> <span class='ocrx_word' id='word_1_62' title='bbox 1630 906 1796 962; x_wconf 82' lang='grc' dir='ltr'>πνεύ-</span> 
     </span>
    </p>
   </div>
   <div class='ocr_carea' id='block_1_7' title="bbox 1919 882 3557 981">
    <p class='ocr_par' dir='ltr' id='par_1_7' title="bbox 1972 882 3557 963">
     <span class='ocr_line' id='line_1_7' title="bbox 1972 882 3557 963; baseline -0.011 -10"><span class='ocrx_word' id='word_1_63' title='bbox 1972 897 2148 953; x_wconf 89' lang='lat' dir='ltr'><strong>Porro</strong></span> <span class='ocrx_word' id='word_1_64' title='bbox 2189 893 2311 950; x_wconf 82' lang='lat' dir='ltr'><strong>auri</strong></span> <span class='ocrx_word' id='word_1_65' title='bbox 2360 891 2582 963; x_wconf 85' lang='lat' dir='ltr'><strong>quidem</strong></span> <span class='ocrx_word' id='word_1_66' title='bbox 2635 886 2867 943; x_wconf 91' lang='lat' dir='ltr'><strong>materia</strong></span> <span class='ocrx_word' id='word_1_67' title='bbox 2917 885 2984 939; x_wconf 92' lang='lat' dir='ltr'><strong>ad</strong></span> <span class='ocrx_word' id='word_1_68' title='bbox 3037 892 3289 939; x_wconf 91' lang='lat' dir='ltr'><strong>ornatum</strong></span> <span class='ocrx_word' id='word_1_69' title='bbox 3342 882 3497 938; x_wconf 82' lang='lat' dir='ltr'><strong>facit.</strong></span> <span class='ocrx_word' id='word_1_70' title='bbox 3551 914 3557 921; x_wconf 91' lang='lat'><strong>-</strong></span> 
     </span>
    </p>
   </div>
   <div class='ocr_carea' id='block_1_8' title="bbox 217 1004 1804 1077">
    <p class='ocr_par' dir='ltr' id='par_1_8' title="bbox 217 1004 1804 1077">
     <span class='ocr_line' id='line_1_8' title="bbox 217 1004 1804 1077; baseline -0.001 -18"><span class='ocrx_word' id='word_1_71' title='bbox 217 1008 426 1077; x_wconf 75' lang='grc' dir='ltr'>ματική</span> <span class='ocrx_word' id='word_1_72' title='bbox 448 1024 463 1039; x_wconf 75' lang='grc' dir='ltr'><strong>ο</strong></span> <span class='ocrx_word' id='word_1_73' title='bbox 498 1007 752 1076; x_wconf 79' lang='grc' dir='ltr'>καθάπερ</span> <span class='ocrx_word' id='word_1_74' title='bbox 784 1010 882 1060; x_wconf 68' lang='grc' dir='ltr'>καὶ</span> <span class='ocrx_word' id='word_1_75' title='bbox 909 1007 1016 1060; x_wconf 85' lang='grc' dir='ltr'><strong>τῶν</strong></span> <span class='ocrx_word' id='word_1_76' title='bbox 1043 1005 1253 1075; x_wconf 86' lang='grc' dir='ltr'><strong>δώρων,</strong></span> <span class='ocrx_word' id='word_1_77' title='bbox 1286 1005 1468 1069; x_wconf 82' lang='grc' dir='ltr'>ὑλικὸς</span> <span class='ocrx_word' id='word_1_78' title='bbox 1500 1004 1600 1075; x_wconf 84' lang='grc' dir='ltr'>μὲν</span> <span class='ocrx_word' id='word_1_79' title='bbox 1620 1004 1650 1057; x_wconf 82' lang='grc' dir='ltr'><strong>ὁ</strong></span> <span class='ocrx_word' id='word_1_80' title='bbox 1672 1021 1804 1076; x_wconf 85' lang='grc' dir='ltr'><strong>χρυ-</strong></span> 
     </span>
    </p>
   </div>
   <div class='ocr_carea' id='block_1_9' title="bbox 217 1094 1803 1168">
    <p class='ocr_par' dir='ltr' id='par_1_9' title="bbox 217 1094 1803 1168">
     <span class='ocr_line' id='line_1_9' title="bbox 217 1094 1803 1168; baseline -0.002 -16"><span class='ocrx_word' id='word_1_81' title='bbox 217 1101 331 1163; x_wconf 69' lang='grc' dir='ltr'>σὸς,</span> <span class='ocrx_word' id='word_1_82' title='bbox 366 1099 427 1152; x_wconf 82' lang='grc' dir='ltr'>τὸ</span> <span class='ocrx_word' id='word_1_83' title='bbox 456 1099 513 1152; x_wconf 83' lang='grc' dir='ltr'><strong>δὲ</strong></span> <span class='ocrx_word' id='word_1_84' title='bbox 541 1102 596 1152; x_wconf 82' lang='grc' dir='ltr'>ὲν</span> <span class='ocrx_word' id='word_1_85' title='bbox 630 1099 814 1162; x_wconf 78' lang='grc' dir='ltr'>αὐτοῖς</span> <span class='ocrx_word' id='word_1_86' title='bbox 840 1094 978 1162; x_wconf 74' lang='grc' dir='ltr'>εἶδος</span> <span class='ocrx_word' id='word_1_87' title='bbox 1001 1098 1110 1151; x_wconf 80' lang='grc' dir='ltr'>ἀπὸ</span> <span class='ocrx_word' id='word_1_88' title='bbox 1134 1099 1230 1168; x_wconf 81' lang='grc' dir='ltr'>τῆς</span> <span class='ocrx_word' id='word_1_89' title='bbox 1259 1098 1453 1168; x_wconf 76' lang='grc' dir='ltr'>τέχνης</span> <span class='ocrx_word' id='word_1_90' title='bbox 1471 1098 1570 1168; x_wconf 80' lang='grc' dir='ltr'><strong>οὐχ</strong></span> <span class='ocrx_word' id='word_1_91' title='bbox 1594 1095 1803 1159; x_wconf 80' lang='grc' dir='ltr'>ὑλικὸν,</span> 
     </span>
    </p>
   </div>
   <div class='ocr_carea' id='block_1_10' title="bbox 215 1189 741 1260">
    <p class='ocr_par' dir='ltr' id='par_1_10' title="bbox 215 1189 741 1260">
     <span class='ocr_line' id='line_1_10' title="bbox 215 1189 741 1260; baseline -0.004 -15"><span class='ocrx_word' id='word_1_92' title='bbox 215 1190 360 1245; x_wconf 73' lang='grc' dir='ltr'>ἀλλὰ</span> <span class='ocrx_word' id='word_1_93' title='bbox 386 1189 478 1243; x_wconf 84' lang='grc' dir='ltr'>νοῦ</span> <span class='ocrx_word' id='word_1_94' title='bbox 512 1190 741 1260; x_wconf 81' lang='grc' dir='ltr'>καρπός.</span> 
     </span>
    </p>
   </div>
   <div class='ocr_carea' id='block_1_11' title="bbox 305 1364 1808 1442">
    <p class='ocr_par' dir='ltr' id='par_1_11' title="bbox 305 1364 1808 1442">
     <span class='ocr_line' id='line_1_11' title="bbox 305 1364 1808 1442; baseline -0.003 -18"><span class='ocrx_word' id='word_1_95' title='bbox 305 1371 715 1442; x_wconf 46' lang='grc' dir='ltr'>’Λπογράςεται</span> <span class='ocrx_word' id='word_1_96' title='bbox 739 1369 803 1424; x_wconf 83' lang='grc' dir='ltr'><strong>τὰ</strong></span> <span class='ocrx_word' id='word_1_97' title='bbox 820 1369 986 1442; x_wconf 76' lang='grc' dir='ltr'>δῶρα.</span> <span class='ocrx_word' id='word_1_98' title='bbox 1011 1372 1091 1423; x_wconf 80' lang='grc' dir='ltr'><strong>Δι’</strong></span> <span class='ocrx_word' id='word_1_99' title='bbox 1111 1364 1185 1427; x_wconf 88' lang='grc' dir='ltr'>ὧν</span> <span class='ocrx_word' id='word_1_100' title='bbox 1215 1370 1323 1441; x_wconf 76' lang='grc' dir='ltr'>γὰρ</span> <span class='ocrx_word' id='word_1_101' title='bbox 1349 1368 1808 1440; x_wconf 77' lang='grc' dir='ltr'>καρποφοροῠμεν</span> 
     </span>
    </p>
   </div>
   <div class='ocr_carea' id='block_1_12' title="bbox 214 1458 1804 1535">
    <p class='ocr_par' dir='ltr' id='par_1_12' title="bbox 214 1458 1804 1535">
     <span class='ocr_line' id='line_1_12' title="bbox 214 1458 1804 1535; baseline -0.003 -17"><span class='ocrx_word' id='word_1_102' title='bbox 214 1468 296 1527; x_wconf 79' lang='grc' dir='ltr'><strong>εἰς</strong></span> <span class='ocrx_word' id='word_1_103' title='bbox 347 1466 572 1535; x_wconf 79' lang='grc' dir='ltr'>ἀρετὴν,</span> <span class='ocrx_word' id='word_1_104' title='bbox 607 1462 695 1516; x_wconf 83' lang='grc' dir='ltr'>διὰ</span> <span class='ocrx_word' id='word_1_105' title='bbox 737 1462 940 1516; x_wconf 86' lang='grc' dir='ltr'>τούτων</span> <span class='ocrx_word' id='word_1_106' title='bbox 982 1461 1435 1532; x_wconf 85' lang='grc' dir='ltr'>μνημονευόμεθα</span> <span class='ocrx_word' id='word_1_107' title='bbox 1482 1460 1636 1531; x_wconf 85' lang='grc' dir='ltr'><strong>παρά</strong></span> <span class='ocrx_word' id='word_1_108' title='bbox 1664 1458 1804 1531; x_wconf 82' lang='grc' dir='ltr'><strong>Θεῷ.</strong></span> 
     </span>
    </p>
   </div>
   <div class='ocr_carea' id='block_1_13' title="bbox 215 1548 1808 1625">
    <p class='ocr_par' dir='ltr' id='par_1_13' title="bbox 215 1548 1808 1625">
     <span class='ocr_line' id='line_1_13' title="bbox 215 1548 1808 1625; baseline -0.004 -15"><span class='ocrx_word' id='word_1_109' title='bbox 215 1555 360 1610; x_wconf 71' lang='grc' dir='ltr'>Οὐδὲ</span> <span class='ocrx_word' id='word_1_110' title='bbox 392 1554 502 1625; x_wconf 88' lang='grc' dir='ltr'>γὰρ</span> <span class='ocrx_word' id='word_1_111' title='bbox 534 1553 710 1617; x_wconf 77' lang='grc' dir='ltr'>ἄλλως</span> <span class='ocrx_word' id='word_1_112' title='bbox 737 1552 920 1622; x_wconf 79' lang='grc' dir='ltr'>τίμιον</span> <span class='ocrx_word' id='word_1_113' title='bbox 948 1552 1009 1605; x_wconf 78' lang='grc' dir='ltr'>τὸ</span> <span class='ocrx_word' id='word_1_114' title='bbox 1038 1552 1225 1622; x_wconf 83' lang='grc' dir='ltr'>φυτὸν,</span> <span class='ocrx_word' id='word_1_115' title='bbox 1250 1552 1301 1604; x_wconf 75' lang='grc' dir='ltr'>εἰ</span> <span class='ocrx_word' id='word_1_116' title='bbox 1322 1551 1399 1622; x_wconf 81' lang='grc' dir='ltr'>μὴ</span> <span class='ocrx_word' id='word_1_117' title='bbox 1422 1548 1513 1604; x_wconf 74' lang='grc' dir='ltr'>διὰ</span> <span class='ocrx_word' id='word_1_118' title='bbox 1541 1549 1637 1604; x_wconf 79' lang='grc' dir='ltr'>τοῦ</span> <span class='ocrx_word' id='word_1_119' title='bbox 1668 1566 1808 1621; x_wconf 86' lang='grc' dir='ltr'>καρ-</span> 
     </span>
    </p>
   </div>
   <div class='ocr_carea' id='block_1_14' title="bbox 212 1642 1803 1715">
    <p class='ocr_par' dir='ltr' id='par_1_14' title="bbox 212 1642 1803 1715">
     <span class='ocr_line' id='line_1_14' title="bbox 212 1642 1803 1715; baseline -0.004 -14"><span class='ocrx_word' id='word_1_120' title='bbox 212 1648 342 1701; x_wconf 77' lang='grc' dir='ltr'>ποῦ.</span> <span class='ocrx_word' id='word_1_121' title='bbox 376 1648 628 1710; x_wconf 77' lang='grc' dir='ltr'>Τοιοῦτος</span> <span class='ocrx_word' id='word_1_122' title='bbox 659 1648 688 1700; x_wconf 84' lang='grc' dir='ltr'>ὁ</span> <span class='ocrx_word' id='word_1_123' title='bbox 719 1645 828 1699; x_wconf 84' lang='grc' dir='ltr'>τῶν</span> <span class='ocrx_word' id='word_1_124' title='bbox 851 1644 1166 1698; x_wconf 76' lang='grc' dir='ltr'><strong>ἀποστόλων</strong></span> <span class='ocrx_word' id='word_1_125' title='bbox 1200 1644 1432 1715; x_wconf 82' lang='grc' dir='ltr'>καρπὸς,</span> <span class='ocrx_word' id='word_1_126' title='bbox 1460 1642 1536 1707; x_wconf 80' lang='grc' dir='ltr'>ὥς</span> <span class='ocrx_word' id='word_1_127' title='bbox 1562 1643 1664 1696; x_wconf 85' lang='grc' dir='ltr'>πού</span> <span class='ocrx_word' id='word_1_128' title='bbox 1696 1660 1803 1713; x_wconf 83' lang='grc' dir='ltr'><strong>φη-</strong></span> 
     </span>
    </p>
   </div>
   <div class='ocr_carea' id='block_1_15' title="bbox 179 1733 1805 1808">
    <p class='ocr_par' dir='ltr' id='par_1_15' title="bbox 179 1733 1805 1808">
     <span class='ocr_line' id='line_1_15' title="bbox 179 1733 1805 1808; baseline -0.003 -16"><span class='ocrx_word' id='word_1_129' title='bbox 179 1733 300 1792; x_wconf 78' lang='grc' dir='ltr'>’σιν</span> <span class='ocrx_word' id='word_1_130' title='bbox 321 1755 335 1768; x_wconf 88' lang='grc'><strong>·</strong></span> <span class='ocrx_word' id='word_1_131' title='bbox 374 1739 495 1791; x_wconf 83' lang='grc' dir='ltr'>Ἵνα</span> <span class='ocrx_word' id='word_1_132' title='bbox 544 1738 772 1807; x_wconf 74' lang='grc' dir='ltr'>γένηται</span> <span class='ocrx_word' id='word_1_133' title='bbox 822 1739 856 1807; x_wconf 82' lang='grc' dir='ltr'>ἡ</span> <span class='ocrx_word' id='word_1_134' title='bbox 910 1736 1197 1808; x_wconf 78' lang='grc' dir='ltr'>προσφορά</span> <span class='ocrx_word' id='word_1_135' title='bbox 1224 1735 1333 1790; x_wconf 86' lang='grc' dir='ltr'><strong>τῶν</strong></span> <span class='ocrx_word' id='word_1_136' title='bbox 1367 1734 1536 1790; x_wconf 75' lang='grc' dir='ltr'>ἐθνῶν</span> <span class='ocrx_word' id='word_1_137' title='bbox 1566 1735 1805 1808; x_wconf 84' lang='grc' dir='ltr'>εὐπρόσ-</span> 
     </span>
    </p>
   </div>
   <div class='ocr_carea' id='block_1_16' title="bbox 209 1827 1367 1901">
    <p class='ocr_par' dir='ltr' id='par_1_16' title="bbox 209 1827 1367 1901">
     <span class='ocr_line' id='line_1_16' title="bbox 209 1827 1367 1901; baseline -0.001 -18"><span class='ocrx_word' id='word_1_138' title='bbox 209 1830 426 1894; x_wconf 78' lang='grc' dir='ltr'>δεκτος,</span> <span class='ocrx_word' id='word_1_139' title='bbox 463 1829 775 1901; x_wconf 80' lang='grc' dir='ltr'><strong>ἡγιασμένη</strong></span> <span class='ocrx_word' id='word_1_140' title='bbox 807 1830 864 1882; x_wconf 85' lang='grc' dir='ltr'>ὲν</span> <span class='ocrx_word' id='word_1_141' title='bbox 893 1827 1174 1898; x_wconf 83' lang='grc' dir='ltr'>Πνεύματι</span> <span class='ocrx_word' id='word_1_142' title='bbox 1203 1827 1367 1899; x_wconf 80' lang='grc' dir='ltr'>ἁγίῳ.</span> 
     </span>
    </p>
   </div>
   <div class='ocr_carea' id='block_1_17' title="bbox 286 1994 1807 2081">
    <p class='ocr_par' dir='ltr' id='par_1_17' title="bbox 286 1994 1807 2081">
     <span class='ocr_line' id='line_1_17' title="bbox 286 1994 1807 2081; baseline 0.001 -20"><span class='ocrx_word' id='word_1_143' title='bbox 286 2008 403 2062; x_wconf 74' lang='grc' dir='ltr'><strong>Καὶ</strong></span> <span class='ocrx_word' id='word_1_144' title='bbox 423 2006 613 2075; x_wconf 80' lang='grc' dir='ltr'><strong>κτήνη</strong></span> <span class='ocrx_word' id='word_1_145' title='bbox 631 1994 710 2079; x_wconf 74' lang='grc' dir='ltr'><strong>ἦν</strong></span> <span class='ocrx_word' id='word_1_146' title='bbox 726 2006 962 2075; x_wconf 82' lang='grc' dir='ltr'>πλῆθος</span> <span class='ocrx_word' id='word_1_147' title='bbox 988 2006 1115 2074; x_wconf 81' lang='grc' dir='ltr'>τοῖς</span> <span class='ocrx_word' id='word_1_148' title='bbox 1133 2007 1286 2075; x_wconf 75' lang='grc' dir='ltr'>υἱοῖς</span> <span class='ocrx_word' id='word_1_149' title='bbox 1311 2008 1563 2078; x_wconf 79' lang='grc' dir='ltr'><strong>Ῥουϐίμ.</strong></span> <span class='ocrx_word' id='word_1_150' title='bbox 1586 2008 1696 2081; x_wconf 80' lang='grc' dir='ltr'><strong>Τὴν</strong></span> <span class='ocrx_word' id='word_1_151' title='bbox 1719 2012 1807 2063; x_wconf 85' lang='grc' dir='ltr'><strong>αἰ-</strong></span> 
     </span>
    </p>
   </div>
   <div class='ocr_carea' id='block_1_18' title="bbox 216 2099 1810 2173">
    <p class='ocr_par' dir='ltr' id='par_1_18' title="bbox 216 2099 1810 2173">
     <span class='ocr_line' id='line_1_18' title="bbox 216 2099 1810 2173; baseline 0.001 -21"><span class='ocrx_word' id='word_1_152' title='bbox 216 2101 347 2153; x_wconf 74' lang='grc' dir='ltr'>τίαν</span> <span class='ocrx_word' id='word_1_153' title='bbox 384 2099 661 2170; x_wconf 75' lang='grc' dir='ltr'>πρόλεγει,</span> <span class='ocrx_word' id='word_1_154' title='bbox 693 2100 759 2153; x_wconf 86' lang='grc' dir='ltr'>δι’</span> <span class='ocrx_word' id='word_1_155' title='bbox 782 2100 847 2171; x_wconf 74' lang='grc' dir='ltr'>ἢν</span> <span class='ocrx_word' id='word_1_156' title='bbox 889 2099 990 2170; x_wconf 82' lang='grc' dir='ltr'>τῆς</span> <span class='ocrx_word' id='word_1_157' title='bbox 1028 2099 1132 2167; x_wconf 76' lang='grc' dir='ltr'><strong>ἔξω</strong></span> <span class='ocrx_word' id='word_1_158' title='bbox 1160 2100 1252 2154; x_wconf 78' lang='grc' dir='ltr'><strong>τοῦ</strong></span> <span class='ocrx_word' id='word_1_159' title='bbox 1288 2100 1553 2171; x_wconf 77' lang='grc' dir='ltr'><strong>Ἰορδάνου</strong></span> <span class='ocrx_word' id='word_1_160' title='bbox 1580 2102 1681 2173; x_wconf 80' lang='grc' dir='ltr'><strong>γῆς</strong></span> <span class='ocrx_word' id='word_1_161' title='bbox 1712 2104 1810 2155; x_wconf 78' lang='grc' dir='ltr'><strong>ἐπ-</strong></span> 
     </span>
    </p>
   </div>
   <div class='ocr_carea' id='block_1_19' title="bbox 215 2191 1808 2265">
    <p class='ocr_par' dir='ltr' id='par_1_19' title="bbox 215 2191 1808 2265">
     <span class='ocr_line' id='line_1_19' title="bbox 215 2191 1808 2265; baseline 0.003 -19"><span class='ocrx_word' id='word_1_162' title='bbox 215 2191 504 2262; x_wconf 79' lang='grc' dir='ltr'>εθύμησαν</span> <span class='ocrx_word' id='word_1_163' title='bbox 525 2208 538 2225; x_wconf 81' lang='grc' dir='ltr'><strong><em>ο</em></strong></span> <span class='ocrx_word' id='word_1_164' title='bbox 571 2191 669 2261; x_wconf 78' lang='grc' dir='ltr'><strong>οὐχ</strong></span> <span class='ocrx_word' id='word_1_165' title='bbox 700 2191 775 2254; x_wconf 78' lang='grc' dir='ltr'>ὡς</span> <span class='ocrx_word' id='word_1_166' title='bbox 804 2191 1093 2245; x_wconf 78' lang='grc' dir='ltr'>ἀπολιπεῖν</span> <span class='ocrx_word' id='word_1_167' title='bbox 1125 2193 1500 2265; x_wconf 78' lang='grc' dir='ltr'>προῃρημένοι</span> <span class='ocrx_word' id='word_1_168' title='bbox 1522 2192 1620 2257; x_wconf 81' lang='grc' dir='ltr'><strong>τὰς</strong></span> <span class='ocrx_word' id='word_1_169' title='bbox 1643 2194 1808 2259; x_wconf 77' lang='grc' dir='ltr'>ἄλλας</span> 
     </span>
    </p>
   </div>
   <div class='ocr_carea' id='block_1_20' title="bbox 218 2276 1810 2357">
    <p class='ocr_par' dir='ltr' id='par_1_20' title="bbox 218 2276 1810 2357">
     <span class='ocr_line' id='line_1_20' title="bbox 218 2276 1810 2357; baseline 0.003 -22"><span class='ocrx_word' id='word_1_170' title='bbox 218 2282 418 2352; x_wconf 72' lang='grc' dir='ltr'>φυλάς.</span> <span class='ocrx_word' id='word_1_171' title='bbox 437 2282 496 2337; x_wconf 89' lang='lat'><strong>&#39;0</strong></span> <span class='ocrx_word' id='word_1_172' title='bbox 529 2281 585 2335; x_wconf 83' lang='grc' dir='ltr'>δὲ</span> <span class='ocrx_word' id='word_1_173' title='bbox 606 2282 741 2335; x_wconf 82' lang='grc' dir='ltr'><strong>Μωῠ</strong></span> <span class='ocrx_word' id='word_1_174' title='bbox 751 2276 848 2352; x_wconf 70' lang='grc' dir='ltr'><strong>σῆς</strong></span> <span class='ocrx_word' id='word_1_175' title='bbox 873 2281 1232 2353; x_wconf 75' lang='grc' dir='ltr'>ἀνθρωπίνως</span> <span class='ocrx_word' id='word_1_176' title='bbox 1252 2283 1433 2337; x_wconf 84' lang='grc' dir='ltr'>αὐτῶν</span> <span class='ocrx_word' id='word_1_177' title='bbox 1455 2284 1689 2356; x_wconf 82' lang='grc' dir='ltr'>ἠγνόησε</span> <span class='ocrx_word' id='word_1_178' title='bbox 1712 2285 1810 2357; x_wconf 81' lang='grc' dir='ltr'>τὴν</span> 
     </span>
    </p>
   </div>
   <div class='ocr_carea' id='block_1_21' title="bbox 216 2373 1810 2445">
    <p class='ocr_par' dir='ltr' id='par_1_21' title="bbox 216 2373 1810 2445">
     <span class='ocr_line' id='line_1_21' title="bbox 216 2373 1810 2445; baseline 0.004 -19"><span class='ocrx_word' id='word_1_179' title='bbox 216 2374 486 2428; x_wconf 77' lang='grc' dir='ltr'>διάνοιαν.</span> <span class='ocrx_word' id='word_1_180' title='bbox 520 2373 595 2427; x_wconf 76' lang='grc' dir='ltr'><strong>Οὐ</strong></span> <span class='ocrx_word' id='word_1_181' title='bbox 639 2373 749 2443; x_wconf 86' lang='grc' dir='ltr'><strong>γὰρ</strong></span> <span class='ocrx_word' id='word_1_182' title='bbox 792 2373 971 2427; x_wconf 84' lang='grc' dir='ltr'>πάντα</span> <span class='ocrx_word' id='word_1_183' title='bbox 1000 2375 1306 2445; x_wconf 84' lang='grc' dir='ltr'>προφήταις</span> <span class='ocrx_word' id='word_1_184' title='bbox 1329 2376 1810 2433; x_wconf 78' lang='grc' dir='ltr'><strong>ἀποκαλύπτεται·</strong></span> 
     </span>
    </p>
   </div>
   <div class='ocr_carea' id='block_1_22' title="bbox 220 2462 1819 2547">
    <p class='ocr_par' dir='ltr' id='par_1_22' title="bbox 220 2462 1819 2547">
     <span class='ocr_line' id='line_1_22' title="bbox 220 2462 1819 2547; baseline 0.003 -29"><span class='ocrx_word' id='word_1_185' title='bbox 220 2465 345 2519; x_wconf 81' lang='grc' dir='ltr'>ἀλλ’</span> <span class='ocrx_word' id='word_1_186' title='bbox 372 2462 663 2532; x_wconf 77' lang='grc' dir='ltr'>ἀγνοοῦσιν</span> <span class='ocrx_word' id='word_1_187' title='bbox 694 2462 805 2517; x_wconf 73' lang='grc' dir='ltr'>ἐσθ’</span> <span class='ocrx_word' id='word_1_188' title='bbox 838 2462 929 2518; x_wconf 82' lang='grc' dir='ltr'>ὅτε</span> <span class='ocrx_word' id='word_1_189' title='bbox 960 2464 1096 2534; x_wconf 83' lang='grc' dir='ltr'>πρὸς</span> <span class='ocrx_word' id='word_1_190' title='bbox 1125 2465 1691 2547; x_wconf 31' lang='grc' dir='ltr'>τὸῐσυμφέρονβοθεν</span> <span class='ocrx_word' id='word_1_191' title='bbox 1721 2469 1819 2522; x_wconf 84' lang='grc' dir='ltr'><strong>αὐ-</strong></span> 
     </span>
    </p>
   </div>
   <div class='ocr_carea' id='block_1_23' title="bbox 217 2551 1816 2626">
    <p class='ocr_par' dir='ltr' id='par_1_23' title="bbox 217 2551 1816 2626">
     <span class='ocr_line' id='line_1_23' title="bbox 217 2551 1816 2626; baseline 0 -17"><span class='ocrx_word' id='word_1_192' title='bbox 217 2557 338 2619; x_wconf 81' lang='grc' dir='ltr'>τοῖς</span> <span class='ocrx_word' id='word_1_193' title='bbox 373 2551 706 2624; x_wconf 76' lang='grc' dir='ltr'><strong>ἐπετίμησεν</strong></span> <span class='ocrx_word' id='word_1_194' title='bbox 740 2551 1006 2623; x_wconf 84' lang='grc' dir='ltr'>ἀρχικῶς,</span> <span class='ocrx_word' id='word_1_195' title='bbox 1038 2551 1132 2605; x_wconf 78' lang='grc' dir='ltr'>καὶ</span> <span class='ocrx_word' id='word_1_196' title='bbox 1161 2551 1270 2605; x_wconf 85' lang='grc' dir='ltr'><strong>τῶν</strong></span> <span class='ocrx_word' id='word_1_197' title='bbox 1300 2553 1430 2625; x_wconf 76' lang='grc' dir='ltr'>περὶ</span> <span class='ocrx_word' id='word_1_198' title='bbox 1479 2552 1816 2626; x_wconf 80' lang='grc' dir='ltr'>ἀπειθησάν-</span> 
     </span>
    </p>
   </div>
   <div class='ocr_carea' id='block_1_24' title="bbox 220 2642 1816 2716">
    <p class='ocr_par' dir='ltr' id='par_1_24' title="bbox 220 2642 1816 2716">
     <span class='ocr_line' id='line_1_24' title="bbox 220 2642 1816 2716; baseline -0.001 -17"><span class='ocrx_word' id='word_1_199' title='bbox 220 2663 335 2699; x_wconf 83' lang='grc' dir='ltr'>των</span> <span class='ocrx_word' id='word_1_200' title='bbox 373 2644 512 2715; x_wconf 85' lang='grc' dir='ltr'>πρὸς</span> <span class='ocrx_word' id='word_1_201' title='bbox 543 2643 605 2697; x_wconf 79' lang='grc' dir='ltr'>τὸ</span> <span class='ocrx_word' id='word_1_202' title='bbox 637 2643 712 2715; x_wconf 75' lang='grc' dir='ltr'>μὴ</span> <span class='ocrx_word' id='word_1_203' title='bbox 742 2642 1004 2696; x_wconf 77' lang='grc' dir='ltr'>εἰσελθεῖν</span> <span class='ocrx_word' id='word_1_204' title='bbox 1036 2645 1116 2708; x_wconf 73' lang='grc' dir='ltr'><strong>εἰς</strong></span> <span class='ocrx_word' id='word_1_205' title='bbox 1147 2643 1245 2714; x_wconf 82' lang='grc' dir='ltr'>τὴν</span> <span class='ocrx_word' id='word_1_206' title='bbox 1292 2644 1396 2714; x_wconf 84' lang='grc' dir='ltr'><strong>γῆν</strong></span> <span class='ocrx_word' id='word_1_207' title='bbox 1445 2644 1546 2715; x_wconf 84' lang='grc' dir='ltr'>τῆς</span> <span class='ocrx_word' id='word_1_208' title='bbox 1574 2647 1816 2716; x_wconf 82' lang='grc' dir='ltr'>ἐπαγγε-</span> 
     </span>
    </p>
   </div>
   <div class='ocr_carea' id='block_1_25' title="bbox 221 2728 1810 2805">
    <p class='ocr_par' dir='ltr' id='par_1_25' title="bbox 221 2728 1810 2805">
     <span class='ocr_line' id='line_1_25' title="bbox 221 2728 1810 2805; baseline 0 -16"><span class='ocrx_word' id='word_1_209' title='bbox 221 2736 346 2797; x_wconf 75' lang='grc' dir='ltr'>λίας</span> <span class='ocrx_word' id='word_1_210' title='bbox 369 2735 705 2805; x_wconf 78' lang='grc' dir='ltr'>ὑπέμνησεν,</span> <span class='ocrx_word' id='word_1_211' title='bbox 727 2728 816 2787; x_wconf 79' lang='grc' dir='ltr'>οἷα</span> <span class='ocrx_word' id='word_1_212' title='bbox 840 2732 1161 2788; x_wconf 81' lang='grc' dir='ltr'>πεπόνθασι.</span> <span class='ocrx_word' id='word_1_213' title='bbox 1182 2735 1254 2787; x_wconf 86' lang='grc' dir='ltr'><strong>Τὸ</strong></span> <span class='ocrx_word' id='word_1_214' title='bbox 1273 2733 1331 2787; x_wconf 87' lang='grc' dir='ltr'><strong>δὲ</strong></span> <span class='ocrx_word' id='word_1_215' title='bbox 1351 2734 1576 2804; x_wconf 74' lang='grc' dir='ltr'>ἀκριϐὲς</span> <span class='ocrx_word' id='word_1_216' title='bbox 1603 2736 1810 2804; x_wconf 87' lang='grc' dir='ltr'>μαθὼν,</span> 
     </span>
    </p>
   </div>
   <div class='ocr_carea' id='block_1_26' title="bbox 224 2823 1816 2897">
    <p class='ocr_par' dir='ltr' id='par_1_26' title="bbox 224 2823 1816 2897">
     <span class='ocr_line' id='line_1_26' title="bbox 224 2823 1816 2897; baseline 0 -16"><span class='ocrx_word' id='word_1_217' title='bbox 224 2824 610 2897; x_wconf 82' lang='grc' dir='ltr'>συνεχώρησεν</span> <span class='ocrx_word' id='word_1_218' title='bbox 639 2826 733 2879; x_wconf 73' lang='grc' dir='ltr'><strong>ἐπὶ</strong></span> <span class='ocrx_word' id='word_1_219' title='bbox 759 2823 1056 2895; x_wconf 79' lang='grc' dir='ltr'>συνθήκαις</span> <span class='ocrx_word' id='word_1_220' title='bbox 1079 2823 1171 2877; x_wconf 77' lang='grc' dir='ltr'><strong>τοῦ</strong></span> <span class='ocrx_word' id='word_1_221' title='bbox 1202 2824 1564 2895; x_wconf 79' lang='grc' dir='ltr'>συμμαχῆσαι</span> <span class='ocrx_word' id='word_1_222' title='bbox 1593 2829 1707 2891; x_wconf 84' lang='grc' dir='ltr'>τοῖς</span> <span class='ocrx_word' id='word_1_223' title='bbox 1723 2826 1816 2881; x_wconf 81' lang='grc' dir='ltr'>ἀλ-</span> 
     </span>
    </p>
   </div>
   <div class='ocr_carea' id='block_1_27' title="bbox 222 2915 1810 2990">
    <p class='ocr_par' dir='ltr' id='par_1_27' title="bbox 222 2915 1810 2990">
     <span class='ocr_line' id='line_1_27' title="bbox 222 2915 1810 2990; baseline -0.001 -13"><span class='ocrx_word' id='word_1_224' title='bbox 222 2919 437 2983; x_wconf 76' lang='grc' dir='ltr'>ὶοις.⁶0</span> <span class='ocrx_word' id='word_1_225' title='bbox 467 2917 562 2972; x_wconf 67' lang='grc' dir='ltr'><strong>και)⁹</strong></span> <span class='ocrx_word' id='word_1_226' title='bbox 592 2916 886 2982; x_wconf 82' lang='grc' dir='ltr'>δείκνυσιν,</span> <span class='ocrx_word' id='word_1_227' title='bbox 904 2915 979 2980; x_wconf 87' lang='grc' dir='ltr'>ὡς</span> <span class='ocrx_word' id='word_1_228' title='bbox 1003 2915 1137 2986; x_wconf 72' lang='grc' dir='ltr'>πρὸς</span> <span class='ocrx_word' id='word_1_229' title='bbox 1160 2915 1223 2969; x_wconf 86' lang='grc' dir='ltr'>τὸ</span> <span class='ocrx_word' id='word_1_230' title='bbox 1253 2917 1529 2987; x_wconf 78' lang='grc' dir='ltr'>συμφέρον</span> <span class='ocrx_word' id='word_1_231' title='bbox 1553 2918 1810 2990; x_wconf 78' lang='grc' dir='ltr'><strong>ἠγνόησε.</strong></span> 
     </span>
    </p>
   </div>
   <div class='ocr_carea' id='block_1_28' title="bbox 1907 975 3498 1057">
    <p class='ocr_par' dir='ltr' id='par_1_28' title="bbox 1907 975 3498 1057">
     <span class='ocr_line' id='line_1_28' title="bbox 1907 975 3498 1057; baseline -0.013 -9"><span class='ocrx_word' id='word_1_232' title='bbox 1907 1007 2044 1049; x_wconf 92' lang='lat' dir='ltr'><strong>usus</strong></span> <span class='ocrx_word' id='word_1_233' title='bbox 2076 998 2256 1044; x_wconf 89' lang='lat' dir='ltr'><strong>autem</strong></span> <span class='ocrx_word' id='word_1_234' title='bbox 2309 984 2620 1057; x_wconf 89' lang='lat' dir='ltr'><strong>spiritualis</strong></span> <span class='ocrx_word' id='word_1_235' title='bbox 2670 992 2778 1047; x_wconf 88' lang='lat' dir='ltr'><strong>est,</strong></span> <span class='ocrx_word' id='word_1_236' title='bbox 2809 977 3270 1050; x_wconf 82' lang='lat' dir='ltr'><strong>quemadmodum</strong></span> <span class='ocrx_word' id='word_1_237' title='bbox 3321 975 3498 1031; x_wconf 86' lang='lat' dir='ltr'><strong>dono-</strong></span> 
     </span>
    </p>
   </div>
   <div class='ocr_carea' id='block_1_29' title="bbox 1907 1069 3496 1152">
    <p class='ocr_par' dir='ltr' id='par_1_29' title="bbox 1907 1069 3496 1152">
     <span class='ocr_line' id='line_1_29' title="bbox 1907 1069 3496 1152; baseline -0.012 -14"><span class='ocrx_word' id='word_1_238' title='bbox 1907 1097 2030 1138; x_wconf 86' lang='lat' dir='ltr'><strong>rum</strong></span> <span class='ocrx_word' id='word_1_239' title='bbox 2060 1095 2281 1152; x_wconf 91' lang='lat' dir='ltr'><strong>quoque</strong></span> <span class='ocrx_word' id='word_1_240' title='bbox 2310 1075 2541 1132; x_wconf 90' lang='lat' dir='ltr'><strong>materia</strong></span> <span class='ocrx_word' id='word_1_241' title='bbox 2567 1087 2735 1129; x_wconf 90' lang='lat' dir='ltr'><strong>aurea</strong></span> <span class='ocrx_word' id='word_1_242' title='bbox 2774 1080 2878 1137; x_wconf 91' lang='lat' dir='ltr'><strong>est,</strong></span> <span class='ocrx_word' id='word_1_243' title='bbox 2911 1069 3084 1140; x_wconf 86' lang='lat' dir='ltr'><strong>ﬁgura</strong></span> <span class='ocrx_word' id='word_1_244' title='bbox 3121 1077 3305 1123; x_wconf 90' lang='lat' dir='ltr'><strong>autem</strong></span> <span class='ocrx_word' id='word_1_245' title='bbox 3329 1083 3496 1138; x_wconf 88' lang='lat' dir='ltr'><strong>quam</strong></span> 
     </span>
    </p>
   </div>
   <div class='ocr_carea' id='block_1_30' title="bbox 1907 1159 3534 1244">
    <p class='ocr_par' dir='ltr' id='par_1_30' title="bbox 1907 1159 3534 1244">
     <span class='ocr_line' id='line_1_30' title="bbox 1907 1159 3534 1244; baseline -0.01 -14"><span class='ocrx_word' id='word_1_246' title='bbox 1907 1175 1980 1231; x_wconf 91' lang='lat' dir='ltr'><strong>ab</strong></span> <span class='ocrx_word' id='word_1_247' title='bbox 2023 1184 2142 1228; x_wconf 90' lang='lat' dir='ltr'><strong>arte</strong></span> <span class='ocrx_word' id='word_1_248' title='bbox 2186 1167 2481 1244; x_wconf 79' lang='lat' dir='ltr'><strong>acquisivit</strong></span> <span class='ocrx_word' id='word_1_249' title='bbox 2512 1181 2623 1222; x_wconf 92' lang='lat' dir='ltr'><strong>non</strong></span> <span class='ocrx_word' id='word_1_250' title='bbox 2660 1161 2964 1220; x_wconf 90' lang='lat' dir='ltr'><strong>materialis</strong></span> <span class='ocrx_word' id='word_1_251' title='bbox 2999 1172 3115 1228; x_wconf 91' lang='lat' dir='ltr'><strong>est,</strong></span> <span class='ocrx_word' id='word_1_252' title='bbox 3161 1159 3257 1219; x_wconf 88' lang='lat' dir='ltr'><strong>sed</strong></span> <span class='ocrx_word' id='word_1_253' title='bbox 3295 1160 3497 1216; x_wconf 84' lang='lat' dir='ltr'><strong>mentis</strong></span> <span class='ocrx_word' id='word_1_254' title='bbox 3528 1162 3534 1167; x_wconf 80' lang='grc'><strong>’</strong></span> 
     </span>
    </p>
   </div>
   <div class='ocr_carea' id='block_1_31' title="bbox 1910 1265 2149 1321">
    <p class='ocr_par' dir='ltr' id='par_1_31' title="bbox 1910 1265 2149 1321">
     <span class='ocr_line' id='line_1_31' title="bbox 1910 1265 2149 1321; baseline -0.008 0"><span class='ocrx_word' id='word_1_255' title='bbox 1910 1265 2149 1321; x_wconf 68' lang='lat' dir='ltr'><strong>(metus.</strong></span> 
     </span>
    </p>
   </div>
   <div class='ocr_carea' id='block_1_32' title="bbox 1983 1341 3494 1417">
    <p class='ocr_par' dir='ltr' id='par_1_32' title="bbox 1983 1341 3494 1417">
     <span class='ocr_line' id='line_1_32' title="bbox 1983 1341 3494 1417; baseline -0.011 -8"><span class='ocrx_word' id='word_1_256' title='bbox 1983 1354 2383 1412; x_wconf 80' lang='lat' dir='ltr'><strong>Describuntur</strong></span> <span class='ocrx_word' id='word_1_257' title='bbox 2418 1363 2549 1405; x_wconf 90' lang='lat' dir='ltr'><strong>vero</strong></span> <span class='ocrx_word' id='word_1_258' title='bbox 2577 1348 2719 1403; x_wconf 91' lang='lat' dir='ltr'><strong>dona</strong></span> <span class='ocrx_word' id='word_1_259' title='bbox 2749 1363 2765 1414; x_wconf 87' lang='lat'><strong>;</strong></span> <span class='ocrx_word' id='word_1_260' title='bbox 2805 1360 2903 1417; x_wconf 83' lang='lat' dir='ltr'><strong>per</strong></span> <span class='ocrx_word' id='word_1_261' title='bbox 2941 1356 3303 1416; x_wconf 89' lang='lat' dir='ltr'><strong>quascunque</strong></span> <span class='ocrx_word' id='word_1_262' title='bbox 3348 1341 3494 1396; x_wconf 89' lang='lat' dir='ltr'><strong>enim</strong></span> 
     </span>
    </p>
   </div>
   <div class='ocr_carea' id='block_1_33' title="bbox 1908 1432 3497 1509">
    <p class='ocr_par' dir='ltr' id='par_1_33' title="bbox 1908 1432 3497 1509">
     <span class='ocr_line' id='line_1_33' title="bbox 1908 1432 3497 1509; baseline -0.013 -5"><span class='ocrx_word' id='word_1_263' title='bbox 1908 1448 2142 1504; x_wconf 84' lang='lat' dir='ltr'><strong>virtutes</strong></span> <span class='ocrx_word' id='word_1_264' title='bbox 2175 1444 2413 1498; x_wconf 79' lang='lat' dir='ltr'><strong>ﬁ-uctum</strong></span> <span class='ocrx_word' id='word_1_265' title='bbox 2447 1440 2665 1496; x_wconf 82' lang='lat' dir='ltr'><strong>edimus</strong></span> <span class='ocrx_word' id='word_1_266' title='bbox 2685 1479 2700 1503; x_wconf 86' lang='lat'><strong>,</strong></span> <span class='ocrx_word' id='word_1_267' title='bbox 2731 1453 2827 1509; x_wconf 89' lang='lat' dir='ltr'><strong>per</strong></span> <span class='ocrx_word' id='word_1_268' title='bbox 2850 1435 3071 1493; x_wconf 86' lang='lat' dir='ltr'><strong>easdem</strong></span> <span class='ocrx_word' id='word_1_269' title='bbox 3099 1448 3322 1505; x_wconf 89' lang='lat' dir='ltr'><strong>quoque</strong></span> <span class='ocrx_word' id='word_1_270' title='bbox 3354 1432 3497 1487; x_wconf 89' lang='lat' dir='ltr'><strong>cele-</strong></span> 
     </span>
    </p>
   </div>
   <div class='ocr_carea' id='block_1_34' title="bbox 1907 1525 3500 1608">
    <p class='ocr_par' dir='ltr' id='par_1_34' title="bbox 1907 1525 3500 1608">
     <span class='ocr_line' id='line_1_34' title="bbox 1907 1525 3500 1608; baseline -0.011 -12"><span class='ocrx_word' id='word_1_271' title='bbox 1907 1541 2037 1596; x_wconf 90' lang='lat' dir='ltr'><strong>bres</strong></span> <span class='ocrx_word' id='word_1_272' title='bbox 2091 1535 2234 1608; x_wconf 91' lang='lat' dir='ltr'><strong>apud</strong></span> <span class='ocrx_word' id='word_1_273' title='bbox 2290 1535 2460 1590; x_wconf 92' lang='lat' dir='ltr'><strong>Deum</strong></span> <span class='ocrx_word' id='word_1_274' title='bbox 2521 1531 2706 1587; x_wconf 91' lang='lat' dir='ltr'><strong>ﬁmus.</strong></span> <span class='ocrx_word' id='word_1_275' title='bbox 2769 1527 2889 1583; x_wconf 89' lang='lat' dir='ltr'><strong>Non</strong></span> <span class='ocrx_word' id='word_1_276' title='bbox 2935 1528 3082 1583; x_wconf 82' lang='lat' dir='ltr'><strong>enim</strong></span> <span class='ocrx_word' id='word_1_277' title='bbox 3131 1527 3238 1581; x_wconf 90' lang='lat' dir='ltr'><strong>alia</strong></span> <span class='ocrx_word' id='word_1_278' title='bbox 3288 1525 3500 1579; x_wconf 85' lang='lat' dir='ltr'><strong>ratione</strong></span> 
     </span>
    </p>
   </div>
   <div class='ocr_carea' id='block_1_35' title="bbox 1909 1613 3503 1703">
    <p class='ocr_par' dir='ltr' id='par_1_35' title="bbox 1909 1613 3503 1703">
     <span class='ocr_line' id='line_1_35' title="bbox 1909 1613 3503 1703; baseline -0.013 -16"><span class='ocrx_word' id='word_1_279' title='bbox 1909 1647 2069 1703; x_wconf 89' lang='lat' dir='ltr'><strong>quam</strong></span> <span class='ocrx_word' id='word_1_280' title='bbox 2118 1628 2302 1683; x_wconf 81' lang='lat' dir='ltr'><strong>fructu</strong></span> <span class='ocrx_word' id='word_1_281' title='bbox 2343 1626 2399 1680; x_wconf 90' lang='lat' dir='ltr'><strong>in</strong></span> <span class='ocrx_word' id='word_1_282' title='bbox 2465 1622 2887 1680; x_wconf 72' lang='lat' dir='ltr'><strong>aestimationem</strong></span> <span class='ocrx_word' id='word_1_283' title='bbox 2934 1620 3120 1689; x_wconf 87' lang='lat' dir='ltr'><strong>planta</strong></span> <span class='ocrx_word' id='word_1_284' title='bbox 3151 1625 3327 1672; x_wconf 78' lang='lat' dir='ltr'><strong>venit.</strong></span> <span class='ocrx_word' id='word_1_285' title='bbox 3354 1613 3503 1669; x_wconf 88' lang='lat' dir='ltr'><strong>Talis</strong></span> 
     </span>
    </p>
   </div>
   <div class='ocr_carea' id='block_1_36' title="bbox 1909 1706 3502 1793">
    <p class='ocr_par' dir='ltr' id='par_1_36' title="bbox 1909 1706 3502 1793">
     <span class='ocr_line' id='line_1_36' title="bbox 1909 1706 3502 1793; baseline -0.011 -16"><span class='ocrx_word' id='word_1_286' title='bbox 1909 1722 2287 1793; x_wconf 87' lang='lat' dir='ltr'><strong>apostolorum</strong></span> <span class='ocrx_word' id='word_1_287' title='bbox 2339 1717 2442 1773; x_wconf 80' lang='lat' dir='ltr'><strong>fuit</strong></span> <span class='ocrx_word' id='word_1_288' title='bbox 2488 1714 2746 1779; x_wconf 78' lang='lat' dir='ltr'><strong>fructus,</strong></span> <span class='ocrx_word' id='word_1_289' title='bbox 2781 1708 3251 1783; x_wconf 81' lang='lat' dir='ltr'><strong>quemadmodum</strong></span> <span class='ocrx_word' id='word_1_290' title='bbox 3300 1706 3502 1760; x_wconf 63' lang='lat' dir='ltr'><strong>alicubi</strong></span> 
     </span>
    </p>
   </div>
   <div class='ocr_carea' id='block_1_37' title="bbox 1909 1794 3504 1885">
    <p class='ocr_par' dir='ltr' id='par_1_37' title="bbox 1909 1794 3504 1885">
     <span class='ocr_line' id='line_1_37' title="bbox 1909 1794 3504 1885; baseline -0.012 -16"><span class='ocrx_word' id='word_1_291' title='bbox 1909 1794 2205 1885; x_wconf 73' lang='lat' dir='ltr'><strong>Apostolus</strong></span> <span class='ocrx_word' id='word_1_292' title='bbox 2239 1807 2484 1881; x_wconf 76' lang='lat' dir='ltr'><strong>inquit“</strong></span> <span class='ocrx_word' id='word_1_293' title='bbox 2514 1823 2528 1860; x_wconf 89' lang='lat'><strong>:</strong></span> <span class='ocrx_word' id='word_1_294' title='bbox 2554 1803 2889 1876; x_wconf 89' lang='lat' dir='ltr'><strong>Utgentium</strong></span> <span class='ocrx_word' id='word_1_295' title='bbox 2941 1801 3147 1856; x_wconf 85' lang='lat' dir='ltr'><strong>oblatio</strong></span> <span class='ocrx_word' id='word_1_296' title='bbox 3196 1806 3423 1869; x_wconf 87' lang='lat' dir='ltr'><strong>accepta</strong></span> <span class='ocrx_word' id='word_1_297' title='bbox 3452 1809 3504 1851; x_wconf 86' lang='lat' dir='ltr'><strong>et</strong></span> 
     </span>
    </p>
   </div>
   <div class='ocr_carea' id='block_1_38' title="bbox 1910 1896 3011 1973">
    <p class='ocr_par' dir='ltr' id='par_1_38' title="bbox 1910 1896 3011 1973">
     <span class='ocr_line' id='line_1_38' title="bbox 1910 1896 3011 1973; baseline -0.013 -9"><span class='ocrx_word' id='word_1_298' title='bbox 1910 1906 2252 1964; x_wconf 75' lang='lat' dir='ltr'><strong>sanctiﬁcata</strong></span> <span class='ocrx_word' id='word_1_299' title='bbox 2287 1905 2343 1958; x_wconf 94' lang='lat' dir='ltr'><strong>iu</strong></span> <span class='ocrx_word' id='word_1_300' title='bbox 2375 1902 2586 1973; x_wconf 91' lang='lat' dir='ltr'><strong>Spiritu</strong></span> <span class='ocrx_word' id='word_1_301' title='bbox 2629 1907 2826 1956; x_wconf 86' lang='lat' dir='ltr'><strong>sancto</strong></span> <span class='ocrx_word' id='word_1_302' title='bbox 2853 1896 2970 1952; x_wconf 92' lang='lat' dir='ltr'><strong>ﬁat.</strong></span> <span class='ocrx_word' id='word_1_303' title='bbox 3006 1936 3011 1943; x_wconf 86' lang='lat'><strong>.</strong></span> 
     </span>
    </p>
   </div>
   <div class='ocr_carea' id='block_1_39' title="bbox 1986 1980 3500 2066">
    <p class='ocr_par' dir='ltr' id='par_1_39' title="bbox 1986 1980 3500 2066">
     <span class='ocr_line' id='line_1_39' title="bbox 1986 1980 3500 2066; baseline -0.013 -12"><span class='ocrx_word' id='word_1_304' title='bbox 1986 2000 2050 2054; x_wconf 81' lang='lat' dir='ltr'><strong>Et</strong></span> <span class='ocrx_word' id='word_1_305' title='bbox 2072 2013 2317 2066; x_wconf 81' lang='lat' dir='ltr'><strong>pecorum</strong></span> <span class='ocrx_word' id='word_1_306' title='bbox 2340 2010 2533 2066; x_wconf 82' lang='lat' dir='ltr'><strong>magna</strong></span> <span class='ocrx_word' id='word_1_307' title='bbox 2553 2001 2670 2048; x_wconf 85' lang='lat' dir='ltr'><strong>erat</strong></span> <span class='ocrx_word' id='word_1_308' title='bbox 2688 1990 2841 2060; x_wconf 85' lang='lat' dir='ltr'><strong>copia</strong></span> <span class='ocrx_word' id='word_1_309' title='bbox 2862 1987 2993 2059; x_wconf 83' lang='lat' dir='ltr'><strong>ﬁliis</strong></span> <span class='ocrx_word' id='word_1_310' title='bbox 3014 1985 3218 2040; x_wconf 84' lang='lat' dir='ltr'><strong>Ruben.</strong></span> <span class='ocrx_word' id='word_1_311' title='bbox 3263 1980 3500 2056; x_wconf 74' lang='lat' dir='ltr'><strong>[XXXIL</strong></span> 
     </span>
    </p>
   </div>
   <div class='ocr_carea' id='block_1_40' title="bbox 1911 2075 3507 2163">
    <p class='ocr_par' dir='ltr' id='par_1_40' title="bbox 1911 2075 3507 2163">
     <span class='ocr_line' id='line_1_40' title="bbox 1911 2075 3507 2163; baseline -0.014 -16"><span class='ocrx_word' id='word_1_312' title='bbox 1911 2090 1989 2163; x_wconf 80' lang='grc'><strong>1.]</strong></span> <span class='ocrx_word' id='word_1_313' title='bbox 2022 2092 2253 2146; x_wconf 85' lang='lat' dir='ltr'><strong>Causam</strong></span> <span class='ocrx_word' id='word_1_314' title='bbox 2291 2087 2363 2142; x_wconf 91' lang='lat' dir='ltr'><strong>ob</strong></span> <span class='ocrx_word' id='word_1_315' title='bbox 2402 2100 2566 2156; x_wconf 90' lang='lat' dir='ltr'><strong>quam</strong></span> <span class='ocrx_word' id='word_1_316' title='bbox 2602 2091 2807 2138; x_wconf 90' lang='lat' dir='ltr'><strong>terram</strong></span> <span class='ocrx_word' id='word_1_317' title='bbox 2839 2080 2922 2135; x_wconf 90' lang='lat' dir='ltr'><strong>cis</strong></span> <span class='ocrx_word' id='word_1_318' title='bbox 2947 2077 3247 2134; x_wconf 90' lang='lat' dir='ltr'><strong>Iordanem</strong></span> <span class='ocrx_word' id='word_1_319' title='bbox 3298 2075 3507 2144; x_wconf 80' lang='lat' dir='ltr'><strong>appeti—</strong></span> 
     </span>
    </p>
   </div>
   <div class='ocr_carea' id='block_1_41' title="bbox 1912 2167 3502 2250">
    <p class='ocr_par' dir='ltr' id='par_1_41' title="bbox 1912 2167 3502 2250">
     <span class='ocr_line' id='line_1_41' title="bbox 1912 2167 3502 2250; baseline -0.013 -11"><span class='ocrx_word' id='word_1_320' title='bbox 1912 2189 2129 2246; x_wconf 85' lang='lat' dir='ltr'><strong>verunt,</strong></span> <span class='ocrx_word' id='word_1_321' title='bbox 2166 2178 2418 2250; x_wconf 65' lang='lat' dir='ltr'><strong>praeﬁgit.</strong></span> <span class='ocrx_word' id='word_1_322' title='bbox 2452 2176 2607 2244; x_wconf 88' lang='lat' dir='ltr'><strong>Quod</strong></span> <span class='ocrx_word' id='word_1_323' title='bbox 2642 2173 2901 2230; x_wconf 86' lang='lat' dir='ltr'><strong>videlicet</strong></span> <span class='ocrx_word' id='word_1_324' title='bbox 2929 2186 3038 2226; x_wconf 92' lang='lat' dir='ltr'><strong>non</strong></span> <span class='ocrx_word' id='word_1_325' title='bbox 3067 2168 3418 2224; x_wconf 71' lang='lat' dir='ltr'><strong>induxissent</strong></span> <span class='ocrx_word' id='word_1_326' title='bbox 3448 2167 3502 2219; x_wconf 89' lang='lat' dir='ltr'><strong>in</strong></span> 
     </span>
    </p>
   </div>
   <div class='ocr_carea' id='block_1_42' title="bbox 1913 2259 3506 2340">
    <p class='ocr_par' dir='ltr' id='par_1_42' title="bbox 1913 2259 3506 2340">
     <span class='ocr_line' id='line_1_42' title="bbox 1913 2259 3506 2340; baseline -0.009 -12"><span class='ocrx_word' id='word_1_327' title='bbox 1913 2274 2160 2328; x_wconf 80' lang='lat' dir='ltr'><strong>animum</strong></span> <span class='ocrx_word' id='word_1_328' title='bbox 2203 2270 2445 2340; x_wconf 91' lang='lat' dir='ltr'><strong>reliquas</strong></span> <span class='ocrx_word' id='word_1_329' title='bbox 2491 2267 2674 2322; x_wconf 89' lang='lat' dir='ltr'><strong>tribus</strong></span> <span class='ocrx_word' id='word_1_330' title='bbox 2706 2264 2987 2322; x_wconf 84' lang='lat' dir='ltr'><strong>deserere.</strong></span> <span class='ocrx_word' id='word_1_331' title='bbox 3020 2263 3091 2317; x_wconf 87' lang='lat' dir='ltr'><strong>At</strong></span> <span class='ocrx_word' id='word_1_332' title='bbox 3134 2260 3314 2316; x_wconf 85' lang='lat' dir='ltr'><strong>Moses</strong></span> <span class='ocrx_word' id='word_1_333' title='bbox 3357 2259 3506 2328; x_wconf 85' lang='lat' dir='ltr'><strong>ipso-</strong></span> 
     </span>
    </p>
   </div>
   <div class='ocr_carea' id='block_1_43' title="bbox 1912 2349 3506 2428">
    <p class='ocr_par' dir='ltr' id='par_1_43' title="bbox 1912 2349 3506 2428">
     <span class='ocr_line' id='line_1_43' title="bbox 1912 2349 3506 2428; baseline -0.01 -7"><span class='ocrx_word' id='word_1_334' title='bbox 1912 2379 2034 2421; x_wconf 93' lang='lat' dir='ltr'><strong>rum</strong></span> <span class='ocrx_word' id='word_1_335' title='bbox 2055 2363 2353 2420; x_wconf 90' lang='lat' dir='ltr'><strong>consilium</strong></span> <span class='ocrx_word' id='word_1_336' title='bbox 2379 2358 2701 2414; x_wconf 88' lang='lat' dir='ltr'><strong>humanitus</strong></span> <span class='ocrx_word' id='word_1_337' title='bbox 2724 2355 3021 2428; x_wconf 80' lang='lat' dir='ltr'><strong>ignoravit,</strong></span> <span class='ocrx_word' id='word_1_338' title='bbox 3050 2354 3195 2410; x_wconf 85' lang='lat' dir='ltr'><strong>sicut</strong></span> <span class='ocrx_word' id='word_1_339' title='bbox 3222 2349 3506 2423; x_wconf 85' lang='lat' dir='ltr'><strong>prophetis</strong></span> 
     </span>
    </p>
   </div>
   <div class='ocr_carea' id='block_1_44' title="bbox 1915 2444 3505 2517">
    <p class='ocr_par' dir='ltr' id='par_1_44' title="bbox 1915 2444 3505 2517">
     <span class='ocr_line' id='line_1_44' title="bbox 1915 2444 3505 2517; baseline -0.01 -6"><span class='ocrx_word' id='word_1_340' title='bbox 1915 2472 2024 2512; x_wconf 90' lang='lat' dir='ltr'><strong>non</strong></span> <span class='ocrx_word' id='word_1_341' title='bbox 2054 2456 2241 2512; x_wconf 87' lang='lat' dir='ltr'><strong>omnia</strong></span> <span class='ocrx_word' id='word_1_342' title='bbox 2272 2454 2607 2517; x_wconf 86' lang='lat' dir='ltr'><strong>revelantur,</strong></span> <span class='ocrx_word' id='word_1_343' title='bbox 2646 2449 2749 2509; x_wconf 85' lang='lat' dir='ltr'><strong>sed</strong></span> <span class='ocrx_word' id='word_1_344' title='bbox 2771 2464 2883 2505; x_wconf 90' lang='lat' dir='ltr'><strong>non</strong></span> <span class='ocrx_word' id='word_1_345' title='bbox 2923 2449 3043 2505; x_wconf 91' lang='lat' dir='ltr'><strong>sine</strong></span> <span class='ocrx_word' id='word_1_346' title='bbox 3083 2447 3267 2517; x_wconf 88' lang='lat' dir='ltr'><strong>aliquo</strong></span> <span class='ocrx_word' id='word_1_347' title='bbox 3291 2444 3505 2499; x_wconf 77' lang='lat' dir='ltr'><strong>emolu—</strong></span> 
     </span>
    </p>
   </div>
   <div class='ocr_carea' id='block_1_45' title="bbox 1916 2537 3505 2622">
    <p class='ocr_par' dir='ltr' id='par_1_45' title="bbox 1916 2537 3505 2622">
     <span class='ocr_line' id='line_1_45' title="bbox 1916 2537 3505 2622; baseline -0.009 -17"><span class='ocrx_word' id='word_1_348' title='bbox 1916 2556 2106 2622; x_wconf 85' lang='lat' dir='ltr'><strong>mento</strong></span> <span class='ocrx_word' id='word_1_349' title='bbox 2155 2546 2458 2617; x_wconf 89' lang='lat' dir='ltr'><strong>aliquando</strong></span> <span class='ocrx_word' id='word_1_350' title='bbox 2505 2546 2780 2617; x_wconf 85' lang='lat' dir='ltr'><strong>ignorant.</strong></span> <span class='ocrx_word' id='word_1_351' title='bbox 2832 2540 3180 2612; x_wconf 89' lang='lat' dir='ltr'><strong>Quapropter</strong></span> <span class='ocrx_word' id='word_1_352' title='bbox 3228 2553 3327 2594; x_wconf 89' lang='lat' dir='ltr'><strong>eos</strong></span> <span class='ocrx_word' id='word_1_353' title='bbox 3365 2537 3505 2592; x_wconf 86' lang='lat' dir='ltr'><strong>satis</strong></span> 
     </span>
    </p>
   </div>
   <div class='ocr_carea' id='block_1_46' title="bbox 1918 2632 3503 2712">
    <p class='ocr_par' dir='ltr' id='par_1_46' title="bbox 1918 2632 3503 2712">
     <span class='ocr_line' id='line_1_46' title="bbox 1918 2632 3503 2712; baseline -0.009 -15"><span class='ocrx_word' id='word_1_354' title='bbox 1918 2642 2213 2712; x_wconf 85' lang='lat' dir='ltr'><strong>imperiose</strong></span> <span class='ocrx_word' id='word_1_355' title='bbox 2243 2639 2569 2711; x_wconf 86' lang='lat' dir='ltr'><strong>increpavit,</strong></span> <span class='ocrx_word' id='word_1_356' title='bbox 2598 2647 2653 2693; x_wconf 91' lang='lat' dir='ltr'><strong>et</strong></span> <span class='ocrx_word' id='word_1_357' title='bbox 2682 2651 2873 2692; x_wconf 92' lang='lat' dir='ltr'><strong>eorum</strong></span> <span class='ocrx_word' id='word_1_358' title='bbox 2901 2635 2997 2706; x_wconf 86' lang='lat' dir='ltr'><strong>qui</strong></span> <span class='ocrx_word' id='word_1_359' title='bbox 3031 2634 3183 2705; x_wconf 90' lang='lat' dir='ltr'><strong>prius</strong></span> <span class='ocrx_word' id='word_1_360' title='bbox 3211 2632 3265 2687; x_wconf 92' lang='lat' dir='ltr'><strong>in</strong></span> <span class='ocrx_word' id='word_1_361' title='bbox 3298 2638 3503 2686; x_wconf 90' lang='lat' dir='ltr'><strong>terram</strong></span> 
     </span>
    </p>
   </div>
   <div class='ocr_carea' id='block_1_47' title="bbox 1921 2721 3505 2805">
    <p class='ocr_par' dir='ltr' id='par_1_47' title="bbox 1921 2721 3505 2805">
     <span class='ocr_line' id='line_1_47' title="bbox 1921 2721 3505 2805; baseline -0.008 -18"><span class='ocrx_word' id='word_1_362' title='bbox 1921 2733 2311 2805; x_wconf 86' lang='lat' dir='ltr'><strong>promissionis</strong></span> <span class='ocrx_word' id='word_1_363' title='bbox 2348 2729 2562 2803; x_wconf 80' lang='lat' dir='ltr'><strong>ingredi</strong></span> <span class='ocrx_word' id='word_1_364' title='bbox 2603 2729 2955 2792; x_wconf 89' lang='lat' dir='ltr'><strong>recusabant,</strong></span> <span class='ocrx_word' id='word_1_365' title='bbox 2990 2723 3315 2780; x_wconf 87' lang='lat' dir='ltr'><strong>memoriam</strong></span> <span class='ocrx_word' id='word_1_366' title='bbox 3341 2721 3505 2777; x_wconf 83' lang='lat' dir='ltr'><strong>refri-</strong></span> 
     </span>
    </p>
   </div>
   <div class='ocr_carea' id='block_1_48' title="bbox 1920 2815 3507 2895">
    <p class='ocr_par' dir='ltr' id='par_1_48' title="bbox 1920 2815 3507 2895">
     <span class='ocr_line' id='line_1_48' title="bbox 1920 2815 3507 2895; baseline -0.009 -14"><span class='ocrx_word' id='word_1_367' title='bbox 1920 2825 2105 2895; x_wconf 85' lang='lat' dir='ltr'><strong>cavit,</strong></span> <span class='ocrx_word' id='word_1_368' title='bbox 2136 2834 2192 2880; x_wconf 88' lang='lat' dir='ltr'><strong>et</strong></span> <span class='ocrx_word' id='word_1_369' title='bbox 2231 2831 2434 2894; x_wconf 88' lang='lat' dir='ltr'><strong>quanta</strong></span> <span class='ocrx_word' id='word_1_370' title='bbox 2477 2821 2838 2894; x_wconf 87' lang='lat' dir='ltr'><strong>pertulerint,</strong></span> <span class='ocrx_word' id='word_1_371' title='bbox 2884 2818 3166 2872; x_wconf 88' lang='lat' dir='ltr'><strong>indicavit.</strong></span> <span class='ocrx_word' id='word_1_372' title='bbox 3194 2815 3335 2870; x_wconf 84' lang='lat' dir='ltr'><strong>Cum</strong></span> <span class='ocrx_word' id='word_1_373' title='bbox 3378 2829 3507 2867; x_wconf 83' lang='lat' dir='ltr'><strong>vero</strong></span> 
     </span>
    </p>
   </div>
   <div class='ocr_carea' id='block_1_49' title="bbox 1923 2908 3508 2988">
    <p class='ocr_par' dir='ltr' id='par_1_49' title="bbox 1923 2908 3508 2988">
     <span class='ocr_line' id='line_1_49' title="bbox 1923 2908 3508 2988; baseline -0.007 -16"><span class='ocrx_word' id='word_1_374' title='bbox 1923 2933 2037 2974; x_wconf 90' lang='lat' dir='ltr'><strong>rem</strong></span> <span class='ocrx_word' id='word_1_375' title='bbox 2080 2918 2322 2988; x_wconf 89' lang='lat' dir='ltr'><strong>penitius</strong></span> <span class='ocrx_word' id='word_1_376' title='bbox 2357 2915 2731 2986; x_wconf 80' lang='lat' dir='ltr'><strong>cognovisset,</strong></span> <span class='ocrx_word' id='word_1_377' title='bbox 2758 2912 2862 2967; x_wconf 88' lang='lat' dir='ltr'><strong>ﬁde</strong></span> <span class='ocrx_word' id='word_1_378' title='bbox 2889 2911 3177 2967; x_wconf 78' lang='lat' dir='ltr'><strong>societatis</strong></span> <span class='ocrx_word' id='word_1_379' title='bbox 3209 2909 3419 2964; x_wconf 72' lang='lat' dir='ltr'><strong>bellica:</strong></span> <span class='ocrx_word' id='word_1_380' title='bbox 3439 2908 3508 2961; x_wconf 91' lang='lat' dir='ltr'><strong>ab</strong></span> 
     </span>
    </p>
   </div>
   <div class='ocr_carea' id='block_1_50' title="bbox 1918 3003 3506 3081">
    <p class='ocr_par' dir='ltr' id='par_1_50' title="bbox 1918 3003 3506 3081">
     <span class='ocr_line' id='line_1_50' title="bbox 1918 3003 3506 3081; baseline -0.009 -14"><span class='ocrx_word' id='word_1_381' title='bbox 1918 3010 2055 3081; x_wconf 88' lang='lat' dir='ltr'><strong>ipsis</strong></span> <span class='ocrx_word' id='word_1_382' title='bbox 2087 3011 2383 3080; x_wconf 88' lang='lat' dir='ltr'><strong>postulata,</strong></span> <span class='ocrx_word' id='word_1_383' title='bbox 2412 3009 2555 3064; x_wconf 88' lang='lat' dir='ltr'><strong>votis</strong></span> <span class='ocrx_word' id='word_1_384' title='bbox 2586 3022 2778 3064; x_wconf 89' lang='lat' dir='ltr'><strong>eorum</strong></span> <span class='ocrx_word' id='word_1_385' title='bbox 2812 3005 3026 3061; x_wconf 91' lang='lat' dir='ltr'><strong>annuit.</strong></span> <span class='ocrx_word' id='word_1_386' title='bbox 3059 3003 3216 3071; x_wconf 82' lang='lat' dir='ltr'><strong>Quod</strong></span> <span class='ocrx_word' id='word_1_387' title='bbox 3249 3017 3383 3057; x_wconf 83' lang='lat' dir='ltr'><strong>sane</strong></span> <span class='ocrx_word' id='word_1_388' title='bbox 3404 3016 3506 3056; x_wconf 88' lang='lat' dir='ltr'><strong>ar-</strong></span> 
     </span>
    </p>
   </div>
   <div class='ocr_carea' id='block_1_51' title="bbox 1918 3101 3031 3175">
    <p class='ocr_par' dir='ltr' id='par_1_51' title="bbox 1918 3101 3031 3175">
     <span class='ocr_line' id='line_1_51' title="bbox 1918 3101 3031 3175; baseline -0.006 -18"><span class='ocrx_word' id='word_1_389' title='bbox 1918 3103 2038 3175; x_wconf 88' lang='lat' dir='ltr'><strong>guit</strong></span> <span class='ocrx_word' id='word_1_390' title='bbox 2075 3104 2255 3173; x_wconf 87' lang='lat' dir='ltr'><strong>ipsum</strong></span> <span class='ocrx_word' id='word_1_391' title='bbox 2288 3101 2357 3157; x_wconf 90' lang='lat' dir='ltr'><strong>ad</strong></span> <span class='ocrx_word' id='word_1_392' title='bbox 2396 3101 2695 3156; x_wconf 88' lang='lat' dir='ltr'><strong>utilitatem</strong></span> <span class='ocrx_word' id='word_1_393' title='bbox 2723 3101 3031 3171; x_wconf 77' lang='lat' dir='ltr'><strong>ignorasse.</strong></span> 
     </span>
    </p>
   </div>
   <div class='ocr_carea' id='block_1_52' title="bbox 299 3207 3506 3285">
    <p class='ocr_par' dir='ltr' id='par_1_52' title="bbox 299 3207 3506 3285">
     <span class='ocr_line' id='line_1_52' title="bbox 299 3207 3506 3285; baseline -0.003 -16"><span class='ocrx_word' id='word_1_394' title='bbox 299 3213 465 3285; x_wconf 80' lang='lat' dir='ltr'><strong>Atqui</strong></span> <span class='ocrx_word' id='word_1_395' title='bbox 498 3212 682 3270; x_wconf 89' lang='lat' dir='ltr'><strong>omnia</strong></span> <span class='ocrx_word' id='word_1_396' title='bbox 709 3211 776 3268; x_wconf 88' lang='lat' dir='ltr'><strong>ad</strong></span> <span class='ocrx_word' id='word_1_397' title='bbox 805 3210 976 3267; x_wconf 91' lang='lat' dir='ltr'><strong>Deum</strong></span> <span class='ocrx_word' id='word_1_398' title='bbox 1000 3209 1408 3273; x_wconf 90' lang='lat' dir='ltr'><strong>accommodat,</strong></span> <span class='ocrx_word' id='word_1_399' title='bbox 1437 3225 1502 3266; x_wconf 88' lang='lat' dir='ltr'><strong>ac</strong></span> <span class='ocrx_word' id='word_1_400' title='bbox 1530 3210 1895 3268; x_wconf 76' lang='lat' dir='ltr'><strong>deiectionem</strong></span> <span class='ocrx_word' id='word_1_401' title='bbox 1927 3224 2214 3284; x_wconf 91' lang='lat' dir='ltr'><strong>peccatum</strong></span> <span class='ocrx_word' id='word_1_402' title='bbox 2247 3222 2442 3269; x_wconf 88' lang='lat' dir='ltr'><strong>contra</strong></span> <span class='ocrx_word' id='word_1_403' title='bbox 2476 3213 2768 3269; x_wconf 89' lang='lat' dir='ltr'><strong>Dominum</strong></span> <span class='ocrx_word' id='word_1_404' title='bbox 2800 3219 2988 3275; x_wconf 90' lang='lat' dir='ltr'><strong>vocat,</strong></span> <span class='ocrx_word' id='word_1_405' title='bbox 3013 3220 3068 3265; x_wconf 87' lang='lat' dir='ltr'><strong>et</strong></span> <span class='ocrx_word' id='word_1_406' title='bbox 3098 3207 3506 3278; x_wconf 83' lang='lat' dir='ltr'><strong>possessionem</strong></span> 
     </span>
    </p>
   </div>
   <div class='ocr_carea' id='block_1_53' title="bbox 227 3291 3509 3375">
    <p class='ocr_par' dir='ltr' id='par_1_53' title="bbox 227 3291 3509 3375">
     <span class='ocr_line' id='line_1_53' title="bbox 227 3291 3509 3375; baseline -0.004 -14"><span class='ocrx_word' id='word_1_407' title='bbox 227 3303 368 3375; x_wconf 85' lang='lat' dir='ltr'><strong>ipsis</strong></span> <span class='ocrx_word' id='word_1_408' title='bbox 398 3301 721 3357; x_wconf 86' lang='lat' dir='ltr'><strong>tradendam</strong></span> <span class='ocrx_word' id='word_1_409' title='bbox 746 3291 984 3367; x_wconf 44' lang='lat' dir='ltr'><strong>{coram</strong></span> <span class='ocrx_word' id='word_1_410' title='bbox 1016 3298 1248 3354; x_wconf 90' lang='lat' dir='ltr'><strong>Domino</strong></span> <span class='ocrx_word' id='word_1_411' title='bbox 1284 3300 1546 3354; x_wconf 90' lang='lat' dir='ltr'><strong>traditum</strong></span> <span class='ocrx_word' id='word_1_412' title='bbox 1585 3301 1651 3355; x_wconf 91' lang='lat' dir='ltr'><strong>iri</strong></span> <span class='ocrx_word' id='word_1_413' title='bbox 1687 3302 1838 3356; x_wconf 83' lang='lat' dir='ltr'><strong>dicit.</strong></span> <span class='ocrx_word' id='word_1_414' title='bbox 1871 3302 2008 3357; x_wconf 87' lang='lat' dir='ltr'><strong>Cum</strong></span> <span class='ocrx_word' id='word_1_415' title='bbox 2045 3305 2191 3358; x_wconf 92' lang='lat' dir='ltr'><strong>enim</strong></span> <span class='ocrx_word' id='word_1_416' title='bbox 2224 3303 2448 3375; x_wconf 86' lang='lat' dir='ltr'><strong>pietatis</strong></span> <span class='ocrx_word' id='word_1_417' title='bbox 2483 3317 2547 3358; x_wconf 90' lang='lat' dir='ltr'><strong>ac</strong></span> <span class='ocrx_word' id='word_1_418' title='bbox 2582 3302 2868 3373; x_wconf 79' lang='lat' dir='ltr'><strong>religionis</strong></span> <span class='ocrx_word' id='word_1_419' title='bbox 2896 3301 2970 3355; x_wconf 92' lang='lat' dir='ltr'><strong>sit</strong></span> <span class='ocrx_word' id='word_1_420' title='bbox 3000 3300 3282 3368; x_wconf 80' lang='lat' dir='ltr'><strong>magister,</strong></span> <span class='ocrx_word' id='word_1_421' title='bbox 3316 3311 3509 3351; x_wconf 72' lang='lat' dir='ltr'><strong>omnes</strong></span> 
     </span>
    </p>
   </div>
   <div class='ocr_carea' id='block_1_54' title="bbox 224 3377 3507 3467">
    <p class='ocr_par' dir='ltr' id='par_1_54' title="bbox 224 3377 3507 3467">
     <span class='ocr_line' id='line_1_54' title="bbox 224 3377 3507 3467; baseline -0.003 -21"><span class='ocrx_word' id='word_1_422' title='bbox 224 3405 364 3446; x_wconf 85' lang='lat' dir='ltr'><strong>suas</strong></span> <span class='ocrx_word' id='word_1_423' title='bbox 417 3389 590 3444; x_wconf 89' lang='lat' dir='ltr'><strong>animi</strong></span> <span class='ocrx_word' id='word_1_424' title='bbox 626 3387 773 3444; x_wconf 88' lang='lat' dir='ltr'><strong>vires</strong></span> <span class='ocrx_word' id='word_1_425' title='bbox 822 3386 1027 3455; x_wconf 86' lang='lat' dir='ltr'><strong>ubique</strong></span> <span class='ocrx_word' id='word_1_426' title='bbox 1061 3385 1119 3441; x_wconf 91' lang='lat' dir='ltr'><strong>in</strong></span> <span class='ocrx_word' id='word_1_427' title='bbox 1158 3384 1327 3441; x_wconf 89' lang='lat' dir='ltr'><strong>Deum</strong></span> <span class='ocrx_word' id='word_1_428' title='bbox 1359 3387 1633 3452; x_wconf 87' lang='lat' dir='ltr'><strong>intendit,</strong></span> <span class='ocrx_word' id='word_1_429' title='bbox 1681 3395 1735 3443; x_wconf 91' lang='lat' dir='ltr'><strong>et</strong></span> <span class='ocrx_word' id='word_1_430' title='bbox 1782 3392 2043 3460; x_wconf 90' lang='lat' dir='ltr'><strong>p0pulum</strong></span> <span class='ocrx_word' id='word_1_431' title='bbox 2080 3389 2521 3467; x_wconf 27' lang='lat' dir='ltr'><strong>iu‘eoucordiam</strong></span> <span class='ocrx_word' id='word_1_432' title='bbox 2566 3377 3168 3461; x_wconf 37' lang='lat' dir='ltr'><strong>redigit.&#39;Quapropter</strong></span> <span class='ocrx_word' id='word_1_433' title='bbox 3215 3400 3337 3438; x_wconf 88' lang='lat' dir='ltr'><strong>cum</strong></span> <span class='ocrx_word' id='word_1_434' title='bbox 3392 3399 3507 3437; x_wconf 90' lang='lat' dir='ltr'><strong>rem</strong></span> 
     </span>
    </p>
   </div>
   <div class='ocr_carea' id='block_1_55' title="bbox 225 3469 3507 3550">
    <p class='ocr_par' dir='ltr' id='par_1_55' title="bbox 225 3469 3507 3550">
     <span class='ocr_line' id='line_1_55' title="bbox 225 3469 3507 3550; baseline -0.004 -15"><span class='ocrx_word' id='word_1_435' title='bbox 225 3493 403 3550; x_wconf 86' lang='lat' dir='ltr'><strong>suam</strong></span> <span class='ocrx_word' id='word_1_436' title='bbox 422 3485 728 3545; x_wconf 86' lang='lat' dir='ltr'><strong>promotam</strong></span> <span class='ocrx_word' id='word_1_437' title='bbox 755 3490 881 3532; x_wconf 85' lang='lat' dir='ltr'><strong>esse</strong></span> <span class='ocrx_word' id='word_1_438' title='bbox 915 3472 1200 3539; x_wconf 79' lang='lat' dir='ltr'><strong>viderent,</strong></span> <span class='ocrx_word' id='word_1_439' title='bbox 1232 3471 1506 3529; x_wconf 88' lang='lat' dir='ltr'><strong>instructa</strong></span> <span class='ocrx_word' id='word_1_440' title='bbox 1536 3475 1657 3530; x_wconf 89' lang='lat' dir='ltr'><strong>acie</strong></span> <span class='ocrx_word' id='word_1_441' title='bbox 1681 3474 1981 3533; x_wconf 90' lang='lat' dir='ltr'><strong>Iordanem</strong></span> <span class='ocrx_word' id='word_1_442' title='bbox 2011 3481 2445 3550; x_wconf 80' lang='lat' dir='ltr'><strong>pertransituros</strong></span> <span class='ocrx_word' id='word_1_443' title='bbox 2475 3492 2535 3533; x_wconf 90' lang='lat' dir='ltr'><strong>se</strong></span> <span class='ocrx_word' id='word_1_444' title='bbox 2564 3491 2688 3534; x_wconf 85' lang='lat' dir='ltr'><strong>esse</strong></span> <span class='ocrx_word' id='word_1_445' title='bbox 2718 3474 2994 3547; x_wconf 88' lang='lat' dir='ltr'><strong>recipiunt</strong></span> <span class='ocrx_word' id='word_1_446' title='bbox 3017 3512 3030 3536; x_wconf 90' lang='lat'><strong>,</strong></span> <span class='ocrx_word' id='word_1_447' title='bbox 3075 3486 3141 3526; x_wconf 90' lang='lat' dir='ltr'><strong>ac</strong></span> <span class='ocrx_word' id='word_1_448' title='bbox 3175 3471 3421 3527; x_wconf 90' lang='lat' dir='ltr'><strong>indicant</strong></span> <span class='ocrx_word' id='word_1_449' title='bbox 3451 3469 3507 3523; x_wconf 92' lang='lat' dir='ltr'><strong>in</strong></span> 
     </span>
    </p>
   </div>
   <div class='ocr_carea' id='block_1_56' title="bbox 224 3561 1849 3636">
    <p class='ocr_par' dir='ltr' id='par_1_56' title="bbox 224 3561 1849 3636">
     <span class='ocr_line' id='line_1_56' title="bbox 224 3561 1849 3636; baseline 0 -15"><span class='ocrx_word' id='word_1_450' title='bbox 224 3568 410 3622; x_wconf 88' lang='lat' dir='ltr'><strong>oculis</strong></span> <span class='ocrx_word' id='word_1_451' title='bbox 443 3565 658 3620; x_wconf 92' lang='lat' dir='ltr'><strong>Domini</strong></span> <span class='ocrx_word' id='word_1_452' title='bbox 696 3566 984 3636; x_wconf 89' lang='lat' dir='ltr'><strong>ipsiusque</strong></span> <span class='ocrx_word' id='word_1_453' title='bbox 1041 3561 1307 3632; x_wconf 89' lang='lat' dir='ltr'><strong>auspiciis</strong></span> <span class='ocrx_word' id='word_1_454' title='bbox 1343 3562 1444 3618; x_wconf 91' lang='lat' dir='ltr'><strong>hoc</strong></span> <span class='ocrx_word' id='word_1_455' title='bbox 1471 3564 1673 3619; x_wconf 85' lang='lat' dir='ltr'><strong>bellqu</strong></span> <span class='ocrx_word' id='word_1_456' title='bbox 1713 3563 1849 3622; x_wconf 83' lang='lat' dir='ltr'><strong>fore.</strong></span> 
     </span>
    </p>
   </div>
   <div class='ocr_carea' id='block_1_57' title="bbox 300 3664 1811 3749">
    <p class='ocr_par' dir='ltr' id='par_1_57' title="bbox 300 3674 1811 3749">
     <span class='ocr_line' id='line_1_57' title="bbox 300 3674 1811 3749; baseline 0.001 -18"><span class='ocrx_word' id='word_1_457' title='bbox 300 3678 394 3749; x_wconf 82' lang='grc' dir='ltr'>Τῷ</span> <span class='ocrx_word' id='word_1_458' title='bbox 426 3677 603 3747; x_wconf 79' lang='grc' dir='ltr'>Ἰησοῦ</span> <span class='ocrx_word' id='word_1_459' title='bbox 632 3678 726 3731; x_wconf 73' lang='grc' dir='ltr'>καὶ</span> <span class='ocrx_word' id='word_1_460' title='bbox 747 3676 825 3748; x_wconf 83' lang='grc' dir='ltr'><strong>τῷ</strong></span> <span class='ocrx_word' id='word_1_461' title='bbox 855 3678 1103 3749; x_wconf 80' lang='grc' dir='ltr'>ἀρχιερεῖ</span> <span class='ocrx_word' id='word_1_462' title='bbox 1131 3677 1259 3748; x_wconf 71' lang='grc' dir='ltr'>περὶ</span> <span class='ocrx_word' id='word_1_463' title='bbox 1288 3674 1467 3730; x_wconf 83' lang='grc' dir='ltr'>αὐτῶν</span> <span class='ocrx_word' id='word_1_464' title='bbox 1498 3677 1811 3743; x_wconf 68' lang='grc' dir='ltr'>ἐνετείλατο,</span> 
     </span>
    </p>
   </div>
   <div class='ocr_carea' id='block_1_58' title="bbox 1919 3664 3510 3749">
    <p class='ocr_par' dir='ltr' id='par_1_58' title="bbox 1996 3664 3510 3745">
     <span class='ocr_line' id='line_1_58' title="bbox 1996 3664 3510 3745; baseline -0.008 -15"><span class='ocrx_word' id='word_1_465' title='bbox 1996 3675 2263 3731; x_wconf 71' lang='lat' dir='ltr'><strong>Caeterum</strong></span> <span class='ocrx_word' id='word_1_466' title='bbox 2311 3674 2478 3732; x_wconf 87' lang='lat' dir='ltr'><strong>Iosue</strong></span> <span class='ocrx_word' id='word_1_467' title='bbox 2524 3681 2580 3729; x_wconf 90' lang='lat' dir='ltr'><strong>et</strong></span> <span class='ocrx_word' id='word_1_468' title='bbox 2627 3671 2868 3745; x_wconf 89' lang='lat' dir='ltr'><strong>pontiﬁci</strong></span> <span class='ocrx_word' id='word_1_469' title='bbox 2914 3669 2983 3725; x_wconf 89' lang='lat' dir='ltr'><strong>de</strong></span> <span class='ocrx_word' id='word_1_470' title='bbox 3028 3667 3162 3739; x_wconf 90' lang='lat' dir='ltr'><strong>ipsis</strong></span> <span class='ocrx_word' id='word_1_471' title='bbox 3205 3664 3510 3733; x_wconf 81' lang='lat' dir='ltr'><strong>mandavit,</strong></span> 
     </span>
    </p>
   </div>
   <div class='ocr_carea' id='block_1_59' title="bbox 220 3759 1811 3843">
    <p class='ocr_par' dir='ltr' id='par_1_59' title="bbox 220 3769 1811 3843">
     <span class='ocr_line' id='line_1_59' title="bbox 220 3769 1811 3843; baseline 0 -19"><span class='ocrx_word' id='word_1_472' title='bbox 220 3773 305 3835; x_wconf 79' lang='grc' dir='ltr'>ὡς</span> <span class='ocrx_word' id='word_1_473' title='bbox 329 3770 515 3842; x_wconf 84' lang='grc' dir='ltr'>ἄρχων</span> <span class='ocrx_word' id='word_1_474' title='bbox 542 3769 765 3839; x_wconf 83' lang='grc' dir='ltr'>ἀγαθὸς,</span> <span class='ocrx_word' id='word_1_475' title='bbox 800 3773 895 3824; x_wconf 78' lang='grc' dir='ltr'>καὶ</span> <span class='ocrx_word' id='word_1_476' title='bbox 922 3769 997 3842; x_wconf 79' lang='grc' dir='ltr'>μὴ</span> <span class='ocrx_word' id='word_1_477' title='bbox 1020 3769 1114 3824; x_wconf 82' lang='grc' dir='ltr'>τοῦ</span> <span class='ocrx_word' id='word_1_478' title='bbox 1148 3769 1340 3843; x_wconf 87' lang='grc' dir='ltr'>χρόνου</span> <span class='ocrx_word' id='word_1_479' title='bbox 1372 3770 1533 3843; x_wconf 79' lang='grc' dir='ltr'>μόνον</span> <span class='ocrx_word' id='word_1_480' title='bbox 1562 3770 1654 3825; x_wconf 79' lang='grc' dir='ltr'><strong>τοῦ</strong></span> <span class='ocrx_word' id='word_1_481' title='bbox 1685 3772 1811 3827; x_wconf 78' lang='grc' dir='ltr'>καθ⁴</span> 
     </span>
    </p>
   </div>
   <div class='ocr_carea' id='block_1_60' title="bbox 1919 3759 3508 3843">
    <p class='ocr_par' dir='ltr' id='par_1_60' title="bbox 1929 3759 3508 3839">
     <span class='ocr_line' id='line_1_60' title="bbox 1929 3759 3508 3839; baseline -0.006 -17"><span class='ocrx_word' id='word_1_482' title='bbox 1929 3769 2057 3822; x_wconf 89' lang='lat' dir='ltr'><strong>boni</strong></span> <span class='ocrx_word' id='word_1_483' title='bbox 2100 3768 2323 3825; x_wconf 82' lang='lat' dir='ltr'><strong>functus</strong></span> <span class='ocrx_word' id='word_1_484' title='bbox 2366 3767 2546 3825; x_wconf 81' lang='lat' dir='ltr'><strong>oilicio</strong></span> <span class='ocrx_word' id='word_1_485' title='bbox 2594 3767 2880 3839; x_wconf 87' lang='lat' dir='ltr'><strong>principis,</strong></span> <span class='ocrx_word' id='word_1_486' title='bbox 2919 3766 3012 3837; x_wconf 92' lang='lat' dir='ltr'><strong>qui</strong></span> <span class='ocrx_word' id='word_1_487' title='bbox 3055 3776 3165 3819; x_wconf 90' lang='lat' dir='ltr'><strong>non</strong></span> <span class='ocrx_word' id='word_1_488' title='bbox 3198 3768 3409 3814; x_wconf 88' lang='lat' dir='ltr'><strong>tantum</strong></span> <span class='ocrx_word' id='word_1_489' title='bbox 3440 3759 3508 3812; x_wconf 87' lang='lat' dir='ltr'><strong>ad</strong></span> 
     </span>
    </p>
   </div>
   <div class='ocr_carea' id='block_1_61' title="bbox 222 3856 1811 3934">
    <p class='ocr_par' dir='ltr' id='par_1_61' title="bbox 222 3860 1400 3934">
     <span class='ocr_line' id='line_1_61' title="bbox 222 3860 1400 3934; baseline -0.001 -16"><span class='ocrx_word' id='word_1_490' title='bbox 222 3864 426 3918; x_wconf 70' lang='grc' dir='ltr'>ἑαυτὸν</span> <span class='ocrx_word' id='word_1_491' title='bbox 458 3860 878 3934; x_wconf 82' lang='grc' dir='ltr'>προνοούμενος.</span> <span class='ocrx_word' id='word_1_492' title='bbox 1389 3925 1400 3934; x_wconf 88' lang='lat'><strong>_</strong></span> 
     </span>
    </p>
   </div>
   <div class='ocr_carea' id='block_1_62' title="bbox 1919 3856 3381 3934">
    <p class='ocr_par' dir='ltr' id='par_1_62' title="bbox 1928 3856 3381 3933">
     <span class='ocr_line' id='line_1_62' title="bbox 1928 3856 3381 3933; baseline -0.001 -15"><span class='ocrx_word' id='word_1_493' title='bbox 1928 3877 1989 3918; x_wconf 88' lang='lat' dir='ltr'><strong>se</strong></span> <span class='ocrx_word' id='word_1_494' title='bbox 2016 3870 2069 3917; x_wconf 93' lang='lat' dir='ltr'><strong>et</strong></span> <span class='ocrx_word' id='word_1_495' title='bbox 2097 3877 2194 3918; x_wconf 91' lang='lat' dir='ltr'><strong>sua</strong></span> <span class='ocrx_word' id='word_1_496' title='bbox 2220 3861 2438 3933; x_wconf 80' lang='lat' dir='ltr'><strong>negotia</strong></span> <span class='ocrx_word' id='word_1_497' title='bbox 2473 3869 2707 3933; x_wconf 88' lang='lat' dir='ltr'><strong>spectat.</strong></span> <span class='ocrx_word' id='word_1_498' title='bbox 3378 3856 3381 3859; x_wconf 77' lang='grc'><em>’</em></span> 
     </span>
    </p>
   </div>
   <div class='ocr_carea' id='block_1_63' title="bbox 303 3964 3510 4048">
    <p class='ocr_par' dir='ltr' id='par_1_63' title="bbox 303 3964 3510 4048">
     <span class='ocr_line' id='line_1_63' title="bbox 303 3964 3510 4048; baseline -0.002 -17"><span class='ocrx_word' id='word_1_499' title='bbox 303 3977 540 4045; x_wconf 83' lang='lat' dir='ltr'><strong>Quidam</strong></span> <span class='ocrx_word' id='word_1_500' title='bbox 570 3991 703 4033; x_wconf 89' lang='lat' dir='ltr'><strong>vero</strong></span> <span class='ocrx_word' id='word_1_501' title='bbox 728 3975 977 4040; x_wconf 89' lang='lat' dir='ltr'><strong>tradunt,</strong></span> <span class='ocrx_word' id='word_1_502' title='bbox 1018 3964 1167 4046; x_wconf 86' lang='lat' dir='ltr'><strong>quod</strong></span> <span class='ocrx_word' id='word_1_503' title='bbox 1192 3975 1262 4031; x_wconf 90' lang='lat' dir='ltr'><strong>ob</strong></span> <span class='ocrx_word' id='word_1_504' title='bbox 1295 3976 1605 4047; x_wconf 89' lang='lat' dir='ltr'><strong>portionem</strong></span> <span class='ocrx_word' id='word_1_505' title='bbox 1640 3985 1852 4047; x_wconf 88' lang='lat' dir='ltr'><strong>quanta</strong></span> <span class='ocrx_word' id='word_1_506' title='bbox 1880 3976 1992 4033; x_wconf 90' lang='lat' dir='ltr'><strong>illis</strong></span> <span class='ocrx_word' id='word_1_507' title='bbox 2022 3976 2229 4042; x_wconf 89' lang='lat' dir='ltr'><strong>cessit,</strong></span> <span class='ocrx_word' id='word_1_508' title='bbox 2269 3986 2764 4048; x_wconf 89' lang='lat' dir='ltr'><strong>quantumcunque</strong></span> <span class='ocrx_word' id='word_1_509' title='bbox 2794 3975 3017 4044; x_wconf 88' lang='lat' dir='ltr'><strong>pascuis</strong></span> <span class='ocrx_word' id='word_1_510' title='bbox 3052 3988 3335 4046; x_wconf 88' lang='lat' dir='ltr'><strong>pecorum,</strong></span> <span class='ocrx_word' id='word_1_511' title='bbox 3371 3989 3510 4028; x_wconf 80' lang='lat' dir='ltr'><strong>uxo-</strong></span> 
     </span>
    </p>
   </div>
   <div class='ocr_carea' id='block_1_64' title="bbox 225 4062 3510 4137">
    <p class='ocr_par' dir='ltr' id='par_1_64' title="bbox 225 4062 3510 4137">
     <span class='ocr_line' id='line_1_64' title="bbox 225 4062 3510 4137; baseline -0.001 -17"><span class='ocrx_word' id='word_1_512' title='bbox 225 4066 390 4121; x_wconf 87' lang='lat' dir='ltr'><strong>ribus</strong></span> <span class='ocrx_word' id='word_1_513' title='bbox 419 4065 548 4121; x_wconf 90' lang='lat' dir='ltr'><strong>item</strong></span> <span class='ocrx_word' id='word_1_514' title='bbox 580 4078 648 4137; x_wconf 80' lang='lat' dir='ltr'><strong>ac</strong></span> <span class='ocrx_word' id='word_1_515' title='bbox 674 4064 867 4124; x_wconf 90' lang='lat' dir='ltr'><strong>liberis</strong></span> <span class='ocrx_word' id='word_1_516' title='bbox 906 4064 1105 4120; x_wconf 89' lang='lat' dir='ltr'><strong>idonea</strong></span> <span class='ocrx_word' id='word_1_517' title='bbox 1127 4065 1248 4121; x_wconf 91' lang='lat' dir='ltr'><strong>visa</strong></span> <span class='ocrx_word' id='word_1_518' title='bbox 1277 4074 1448 4130; x_wconf 88' lang='lat' dir='ltr'><strong>esset,</strong></span> <span class='ocrx_word' id='word_1_519' title='bbox 1475 4062 1774 4121; x_wconf 87' lang='lat' dir='ltr'><strong>Iordanem</strong></span> <span class='ocrx_word' id='word_1_520' title='bbox 1809 4080 2158 4136; x_wconf 89' lang='lat' dir='ltr'><strong>nequaquam</strong></span> <span class='ocrx_word' id='word_1_521' title='bbox 2188 4065 2555 4135; x_wconf 76' lang='lat' dir='ltr'><strong>traiecissent,</strong></span> <span class='ocrx_word' id='word_1_522' title='bbox 2581 4079 2684 4121; x_wconf 89' lang='lat' dir='ltr'><strong>nec</strong></span> <span class='ocrx_word' id='word_1_523' title='bbox 2715 4072 2942 4121; x_wconf 88' lang='lat' dir='ltr'><strong>eatenus</strong></span> <span class='ocrx_word' id='word_1_524' title='bbox 2966 4064 3189 4134; x_wconf 83' lang='lat' dir='ltr'><strong>quidem</strong></span> <span class='ocrx_word' id='word_1_525' title='bbox 3221 4073 3278 4118; x_wconf 91' lang='lat' dir='ltr'><strong>ut</strong></span> <span class='ocrx_word' id='word_1_526' title='bbox 3304 4063 3510 4117; x_wconf 90' lang='lat' dir='ltr'><strong>bellum</strong></span> 
     </span>
    </p>
   </div>
   <div class='ocr_carea' id='block_1_65' title="bbox 228 4149 3507 4223">
    <p class='ocr_par' dir='ltr' id='par_1_65' title="bbox 228 4149 3507 4223">
     <span class='ocr_line' id='line_1_65' title="bbox 228 4149 3507 4223; baseline -0 -18"><span class='ocrx_word' id='word_1_527' title='bbox 228 4168 297 4205; x_wconf 76' lang='lat' dir='ltr'><strong>ar</strong></span> <span class='ocrx_word' id='word_1_528' title='bbox 334 4151 585 4223; x_wconf 87' lang='lat' dir='ltr'><strong>praelium</strong></span> <span class='ocrx_word' id='word_1_529' title='bbox 622 4150 952 4221; x_wconf 88' lang='lat' dir='ltr'><strong>conspicere</strong></span> <span class='ocrx_word' id='word_1_530' title='bbox 999 4152 1265 4220; x_wconf 80' lang='lat' dir='ltr'><strong>possent,</strong></span> <span class='ocrx_word' id='word_1_531' title='bbox 1298 4167 1423 4206; x_wconf 90' lang='lat' dir='ltr'><strong>cum</strong></span> <span class='ocrx_word' id='word_1_532' title='bbox 1458 4150 1570 4220; x_wconf 85' lang='lat' dir='ltr'><strong>jam</strong></span> <span class='ocrx_word' id='word_1_533' title='bbox 1605 4150 1661 4205; x_wconf 90' lang='lat' dir='ltr'><strong>in</strong></span> <span class='ocrx_word' id='word_1_534' title='bbox 1705 4152 1989 4208; x_wconf 90' lang='lat' dir='ltr'><strong>consortio</strong></span> <span class='ocrx_word' id='word_1_535' title='bbox 2016 4152 2205 4222; x_wconf 70' lang='lat' dir='ltr'><strong>gloriae</strong></span> <span class='ocrx_word' id='word_1_536' title='bbox 2242 4153 2477 4208; x_wconf 85' lang='lat' dir='ltr'><strong>aliorum</strong></span> <span class='ocrx_word' id='word_1_537' title='bbox 2513 4151 2792 4208; x_wconf 89' lang='lat' dir='ltr'><strong>steterint.</strong></span> <span class='ocrx_word' id='word_1_538' title='bbox 2829 4149 3031 4205; x_wconf 82' lang='lat' dir='ltr'><strong>Verum</strong></span> <span class='ocrx_word' id='word_1_539' title='bbox 3090 4150 3507 4206; x_wconf 82' lang='lat' dir='ltr'><strong>obsecundassc</strong></span> 
     </span>
    </p>
   </div>
   <div class='ocr_carea' id='block_1_66' title="bbox 229 4234 3510 4310">
    <p class='ocr_par' dir='ltr' id='par_1_66' title="bbox 229 4234 3510 4310">
     <span class='ocr_line' id='line_1_66' title="bbox 229 4234 3510 4310; baseline -0.001 -17"><span class='ocrx_word' id='word_1_540' title='bbox 229 4238 374 4294; x_wconf 75' lang='lat' dir='ltr'><strong>Mosi</strong></span> <span class='ocrx_word' id='word_1_541' title='bbox 409 4240 537 4309; x_wconf 89' lang='lat' dir='ltr'><strong>quia</strong></span> <span class='ocrx_word' id='word_1_542' title='bbox 572 4238 931 4294; x_wconf 89' lang='lat' dir='ltr'><strong>minitaretur</strong></span> <span class='ocrx_word' id='word_1_543' title='bbox 965 4239 1094 4295; x_wconf 89' lang='lat' dir='ltr'><strong>belli</strong></span> <span class='ocrx_word' id='word_1_544' title='bbox 1125 4239 1352 4309; x_wconf 90' lang='lat' dir='ltr'><strong>quidem</strong></span> <span class='ocrx_word' id='word_1_545' title='bbox 1381 4246 1667 4295; x_wconf 87' lang='lat' dir='ltr'><strong>consortes</strong></span> <span class='ocrx_word' id='word_1_546' title='bbox 1702 4237 1920 4294; x_wconf 83' lang='lat' dir='ltr'><strong>futuros</strong></span> <span class='ocrx_word' id='word_1_547' title='bbox 1944 4280 1960 4306; x_wconf 94' lang='lat'><strong>,</strong></span> <span class='ocrx_word' id='word_1_548' title='bbox 2007 4240 2161 4310; x_wconf 81' lang='lat' dir='ltr'><strong>atqui</strong></span> <span class='ocrx_word' id='word_1_549' title='bbox 2212 4249 2375 4295; x_wconf 69' lang='lat' dir='ltr'><strong>terra:</strong></span> <span class='ocrx_word' id='word_1_550' title='bbox 2418 4246 2627 4294; x_wconf 67' lang='lat' dir='ltr'><strong>sancta:</strong></span> <span class='ocrx_word' id='word_1_551' title='bbox 2655 4252 2767 4293; x_wconf 93' lang='lat' dir='ltr'><strong>non</strong></span> <span class='ocrx_word' id='word_1_552' title='bbox 2802 4237 3123 4308; x_wconf 86' lang='lat' dir='ltr'><strong>participes.</strong></span> <span class='ocrx_word' id='word_1_553' title='bbox 3162 4234 3259 4290; x_wconf 86' lang='lat' dir='ltr'><strong>His</strong></span> <span class='ocrx_word' id='word_1_554' title='bbox 3294 4236 3510 4293; x_wconf 87' lang='lat' dir='ltr'><strong>similes</strong></span> 
     </span>
    </p>
   </div>
   <div class='ocr_carea' id='block_1_67' title="bbox 231 4323 3516 4404">
    <p class='ocr_par' dir='ltr' id='par_1_67' title="bbox 231 4323 3516 4404">
     <span class='ocr_line' id='line_1_67' title="bbox 231 4323 3516 4404; baseline -0.002 -22"><span class='ocrx_word' id='word_1_555' title='bbox 231 4326 491 4384; x_wconf 87' lang='lat' dir='ltr'><strong>nonnulli</strong></span> <span class='ocrx_word' id='word_1_556' title='bbox 523 4335 653 4382; x_wconf 92' lang='lat' dir='ltr'><strong>sunt</strong></span> <span class='ocrx_word' id='word_1_557' title='bbox 680 4364 696 4391; x_wconf 90' lang='lat'><strong>,</strong></span> <span class='ocrx_word' id='word_1_558' title='bbox 729 4326 823 4397; x_wconf 90' lang='lat' dir='ltr'><strong>qui</strong></span> <span class='ocrx_word' id='word_1_559' title='bbox 855 4326 1005 4383; x_wconf 91' lang='lat' dir='ltr'><strong>curis</strong></span> <span class='ocrx_word' id='word_1_560' title='bbox 1034 4326 1204 4397; x_wconf 85' lang='lat' dir='ltr'><strong>hujus</strong></span> <span class='ocrx_word' id='word_1_561' title='bbox 1238 4327 1365 4382; x_wconf 70' lang='lat' dir='ltr'><strong>vitae</strong></span> <span class='ocrx_word' id='word_1_562' title='bbox 1395 4326 1568 4404; x_wconf 88' lang='lat' dir='ltr'><strong>victi,</strong></span> <span class='ocrx_word' id='word_1_563' title='bbox 1605 4327 1791 4383; x_wconf 90' lang='lat' dir='ltr'><strong>studio</strong></span> <span class='ocrx_word' id='word_1_564' title='bbox 1817 4341 1947 4398; x_wconf 89' lang='lat' dir='ltr'><strong>erga</strong></span> <span class='ocrx_word' id='word_1_565' title='bbox 1972 4325 2143 4382; x_wconf 88' lang='lat' dir='ltr'><strong>Deum</strong></span> <span class='ocrx_word' id='word_1_566' title='bbox 2168 4327 2568 4399; x_wconf 85' lang='lat' dir='ltr'><strong>elanguescunt</strong></span> <span class='ocrx_word' id='word_1_567' title='bbox 2594 4343 2609 4381; x_wconf 89' lang='lat'><strong>:</strong></span> <span class='ocrx_word' id='word_1_568' title='bbox 2649 4344 2669 4379; x_wconf 77' lang='grc' dir='ltr'><strong>ι</strong></span> <span class='ocrx_word' id='word_1_569' title='bbox 2698 4324 2854 4381; x_wconf 82' lang='lat' dir='ltr'><strong>Multi</strong></span> <span class='ocrx_word' id='word_1_570' title='bbox 2890 4324 3041 4381; x_wconf 92' lang='lat' dir='ltr'><strong>enim</strong></span> <span class='ocrx_word' id='word_1_571' title='bbox 3083 4323 3260 4379; x_wconf 89' lang='lat' dir='ltr'><strong>vocati</strong></span> <span class='ocrx_word' id='word_1_572' title='bbox 3287 4363 3304 4390; x_wconf 92' lang='lat'><strong>,</strong></span> <span class='ocrx_word' id='word_1_573' title='bbox 3355 4325 3516 4393; x_wconf 80' lang='lat' dir='ltr'><strong>pauci</strong></span> 
     </span>
    </p>
   </div>
   <div class='ocr_carea' id='block_1_68' title="bbox 227 4412 3515 4486">
    <p class='ocr_par' dir='ltr' id='par_1_68' title="bbox 227 4412 3515 4486">
     <span class='ocr_line' id='line_1_68' title="bbox 227 4412 3515 4486; baseline -0.001 -17"><span class='ocrx_word' id='word_1_574' title='bbox 227 4431 370 4471; x_wconf 86' lang='lat' dir='ltr'><strong>vero</strong></span> <span class='ocrx_word' id='word_1_575' title='bbox 400 4415 560 4471; x_wconf 88' lang='lat' dir='ltr'><strong>electi</strong></span> <span class='ocrx_word' id='word_1_576' title='bbox 579 4414 644 4471; x_wconf 70' lang='grc' dir='ltr'><strong>ιτ.</strong></span> <span class='ocrx_word' id='word_1_577' title='bbox 674 4433 693 4467; x_wconf 72' lang='grc' dir='ltr'><strong>ι</strong></span> <span class='ocrx_word' id='word_1_578' title='bbox 732 4412 846 4470; x_wconf 85' lang='lat' dir='ltr'><strong>Etsi</strong></span> <span class='ocrx_word' id='word_1_579' title='bbox 878 4414 1027 4471; x_wconf 89' lang='lat' dir='ltr'><strong>enim</strong></span> <span class='ocrx_word' id='word_1_580' title='bbox 1067 4414 1250 4470; x_wconf 88' lang='lat' dir='ltr'><strong>vocati</strong></span> <span class='ocrx_word' id='word_1_581' title='bbox 1285 4413 1354 4469; x_wconf 89' lang='lat' dir='ltr'><strong>ad</strong></span> <span class='ocrx_word' id='word_1_582' title='bbox 1386 4413 1546 4470; x_wconf 88' lang='lat' dir='ltr'><strong>ﬁdem</strong></span> <span class='ocrx_word' id='word_1_583' title='bbox 1615 4413 1821 4468; x_wconf 83' lang='lat' dir='ltr'><strong>fuerint</strong></span> <span class='ocrx_word' id='word_1_584' title='bbox 1844 4453 1859 4479; x_wconf 92' lang='lat'><strong>,</strong></span> <span class='ocrx_word' id='word_1_585' title='bbox 1902 4423 2125 4485; x_wconf 89' lang='lat' dir='ltr'><strong>propter</strong></span> <span class='ocrx_word' id='word_1_586' title='bbox 2155 4415 2467 4485; x_wconf 87' lang='lat' dir='ltr'><strong>voluptates</strong></span> <span class='ocrx_word' id='word_1_587' title='bbox 2497 4413 2554 4470; x_wconf 91' lang='lat' dir='ltr'><strong>in</strong></span> <span class='ocrx_word' id='word_1_588' title='bbox 2586 4414 2887 4486; x_wconf 90' lang='lat' dir='ltr'><strong>proborum</strong></span> <span class='ocrx_word' id='word_1_589' title='bbox 2929 4426 3164 4468; x_wconf 89' lang='lat' dir='ltr'><strong>numero</strong></span> <span class='ocrx_word' id='word_1_590' title='bbox 3193 4426 3515 4481; x_wconf 82' lang='lat' dir='ltr'><strong>permanere</strong></span> 
     </span>
    </p>
   </div>
   <div class='ocr_carea' id='block_1_69' title="bbox 229 4499 3514 4575">
    <p class='ocr_par' dir='ltr' id='par_1_69' title="bbox 229 4499 3514 4575">
     <span class='ocr_line' id='line_1_69' title="bbox 229 4499 3514 4575; baseline -0.001 -17"><span class='ocrx_word' id='word_1_591' title='bbox 229 4504 457 4558; x_wconf 88' lang='lat' dir='ltr'><strong>nolunt.</strong></span> <span class='ocrx_word' id='word_1_592' title='bbox 486 4503 565 4556; x_wconf 84' lang='lat' dir='ltr'><strong>Ac</strong></span> <span class='ocrx_word' id='word_1_593' title='bbox 594 4502 661 4557; x_wconf 90' lang='lat' dir='ltr'><strong>ad</strong></span> <span class='ocrx_word' id='word_1_594' title='bbox 693 4502 869 4572; x_wconf 89' lang='lat' dir='ltr'><strong>ipsam</strong></span> <span class='ocrx_word' id='word_1_595' title='bbox 904 4500 1129 4572; x_wconf 88' lang='lat' dir='ltr'><strong>quidem</strong></span> <span class='ocrx_word' id='word_1_596' title='bbox 1162 4502 1422 4573; x_wconf 85' lang='lat' dir='ltr'><strong>baptismi</strong></span> <span class='ocrx_word' id='word_1_597' title='bbox 1454 4500 1691 4573; x_wconf 89' lang='lat' dir='ltr'><strong>gratiam</strong></span> <span class='ocrx_word' id='word_1_598' title='bbox 1718 4500 1868 4558; x_wconf 90' lang='lat' dir='ltr'><strong>lento</strong></span> <span class='ocrx_word' id='word_1_599' title='bbox 1901 4518 2097 4573; x_wconf 88' lang='lat' dir='ltr'><strong>gressu</strong></span> <span class='ocrx_word' id='word_1_600' title='bbox 2130 4504 2427 4571; x_wconf 88' lang='lat' dir='ltr'><strong>accedunt,</strong></span> <span class='ocrx_word' id='word_1_601' title='bbox 2451 4512 2662 4575; x_wconf 84' lang='lat' dir='ltr'><strong>quanto</strong></span> <span class='ocrx_word' id='word_1_602' title='bbox 2690 4501 2924 4559; x_wconf 88' lang='lat' dir='ltr'><strong>lentiore</strong></span> <span class='ocrx_word' id='word_1_603' title='bbox 2957 4515 3090 4557; x_wconf 87' lang='lat' dir='ltr'><strong>vero</strong></span> <span class='ocrx_word' id='word_1_604' title='bbox 3133 4499 3202 4555; x_wconf 89' lang='lat' dir='ltr'><strong>ad</strong></span> <span class='ocrx_word' id='word_1_605' title='bbox 3250 4513 3514 4570; x_wconf 87' lang='lat' dir='ltr'><strong>persecu-</strong></span> 
     </span>
    </p>
   </div>
   <div class='ocr_carea' id='block_1_70' title="bbox 228 4587 3512 4665">
    <p class='ocr_par' dir='ltr' id='par_1_70' title="bbox 228 4587 3512 4665">
     <span class='ocr_line' id='line_1_70' title="bbox 228 4587 3512 4665; baseline -0.001 -21"><span class='ocrx_word' id='word_1_606' title='bbox 228 4595 483 4658; x_wconf 86' lang='lat' dir='ltr'><strong>tionem,</strong></span> <span class='ocrx_word' id='word_1_607' title='bbox 532 4590 579 4647; x_wconf 85' lang='lat' dir='ltr'><strong>si</strong></span> <span class='ocrx_word' id='word_1_608' title='bbox 626 4606 754 4647; x_wconf 92' lang='lat' dir='ltr'><strong>cum</strong></span> <span class='ocrx_word' id='word_1_609' title='bbox 791 4590 917 4646; x_wconf 90' lang='lat' dir='ltr'><strong>aliis</strong></span> <span class='ocrx_word' id='word_1_610' title='bbox 948 4591 1159 4647; x_wconf 89' lang='lat' dir='ltr'><strong>sanctis</strong></span> <span class='ocrx_word' id='word_1_611' title='bbox 1186 4605 1250 4647; x_wconf 87' lang='lat' dir='ltr'><strong>ea</strong></span> <span class='ocrx_word' id='word_1_612' title='bbox 1285 4588 1590 4662; x_wconf 87' lang='lat' dir='ltr'><strong>aliquando</strong></span> <span class='ocrx_word' id='word_1_613' title='bbox 1620 4588 1949 4660; x_wconf 79' lang='lat' dir='ltr'><strong>perferenda</strong></span> <span class='ocrx_word' id='word_1_614' title='bbox 1988 4590 2099 4647; x_wconf 83' lang='lat' dir='ltr'><strong>sit!</strong></span> <span class='ocrx_word' id='word_1_615' title='bbox 2133 4590 2292 4662; x_wconf 86' lang='lat' dir='ltr'><strong>Legis</strong></span> <span class='ocrx_word' id='word_1_616' title='bbox 2312 4607 2447 4649; x_wconf 88' lang='lat' dir='ltr'><strong>vero</strong></span> <span class='ocrx_word' id='word_1_617' title='bbox 2477 4592 2679 4648; x_wconf 69' lang='lat' dir='ltr'><strong>divina:</strong></span> <span class='ocrx_word' id='word_1_618' title='bbox 2706 4589 2976 4647; x_wconf 83' lang='lat' dir='ltr'><strong>conviciis</strong></span> <span class='ocrx_word' id='word_1_619' title='bbox 3019 4588 3214 4644; x_wconf 89' lang='lat' dir='ltr'><strong>saltem</strong></span> <span class='ocrx_word' id='word_1_620' title='bbox 3263 4587 3512 4665; x_wconf 57' lang='lat' dir='ltr'><strong>excitati,</strong></span> 
     </span>
    </p>
   </div>
   <div class='ocr_carea' id='block_1_71' title="bbox 226 4672 3509 4752">
    <p class='ocr_par' dir='ltr' id='par_1_71' title="bbox 226 4672 3509 4752">
     <span class='ocr_line' id='line_1_71' title="bbox 226 4672 3509 4752; baseline -0.003 -15"><span class='ocrx_word' id='word_1_621' title='bbox 226 4683 429 4752; x_wconf 89' lang='lat' dir='ltr'><strong>iraque</strong></span> <span class='ocrx_word' id='word_1_622' title='bbox 458 4679 643 4735; x_wconf 91' lang='lat' dir='ltr'><strong>divina</strong></span> <span class='ocrx_word' id='word_1_623' title='bbox 676 4679 977 4750; x_wconf 89' lang='lat' dir='ltr'><strong>aliquando</strong></span> <span class='ocrx_word' id='word_1_624' title='bbox 1005 4679 1284 4746; x_wconf 78' lang='lat' dir='ltr'><strong>exterriti,</strong></span> <span class='ocrx_word' id='word_1_625' title='bbox 1315 4679 1624 4735; x_wconf 88' lang='lat' dir='ltr'><strong>mediocres</strong></span> <span class='ocrx_word' id='word_1_626' title='bbox 1665 4691 1732 4733; x_wconf 88' lang='lat' dir='ltr'><strong>ac</strong></span> <span class='ocrx_word' id='word_1_627' title='bbox 1756 4677 1907 4734; x_wconf 88' lang='lat' dir='ltr'><strong>leves</strong></span> <span class='ocrx_word' id='word_1_628' title='bbox 1945 4679 2227 4750; x_wconf 82' lang='lat' dir='ltr'><strong>attingunt</strong></span> <span class='ocrx_word' id='word_1_629' title='bbox 2259 4680 2516 4749; x_wconf 67' lang='lat' dir='ltr'><strong>labores},</strong></span> <span class='ocrx_word' id='word_1_630' title='bbox 2549 4693 2673 4734; x_wconf 90' lang='lat' dir='ltr'><strong>cum</strong></span> <span class='ocrx_word' id='word_1_631' title='bbox 2705 4676 3028 4748; x_wconf 83' lang='lat' dir='ltr'><strong>proceribus</strong></span> <span class='ocrx_word' id='word_1_632' title='bbox 3062 4674 3205 4730; x_wconf 82' lang='lat' dir='ltr'><strong>forte</strong></span> <span class='ocrx_word' id='word_1_633' title='bbox 3231 4672 3509 4748; x_wconf 58' lang='lat' dir='ltr'><strong>jejunant,</strong></span> 
     </span>
    </p>
   </div>
   <div class='ocr_carea' id='block_1_72' title="bbox 225 4763 3563 4842">
    <p class='ocr_par' dir='ltr' id='par_1_72' title="bbox 225 4763 3563 4842">
     <span class='ocr_line' id='line_1_72' title="bbox 225 4763 3563 4842; baseline -0.003 -16"><span class='ocrx_word' id='word_1_634' title='bbox 225 4770 537 4842; x_wconf 87' lang='lat' dir='ltr'><strong>aliquando</strong></span> <span class='ocrx_word' id='word_1_635' title='bbox 575 4770 719 4826; x_wconf 92' lang='lat' dir='ltr'><strong>bello</strong></span> <span class='ocrx_word' id='word_1_636' title='bbox 754 4770 943 4840; x_wconf 89' lang='lat' dir='ltr'><strong>petitis</strong></span> <span class='ocrx_word' id='word_1_637' title='bbox 977 4768 1243 4826; x_wconf 87' lang='lat' dir='ltr'><strong>Ecelesiis</strong></span> <span class='ocrx_word' id='word_1_638' title='bbox 1275 4783 1372 4826; x_wconf 87' lang='lat' dir='ltr'><strong>eos</strong></span> <span class='ocrx_word' id='word_1_639' title='bbox 1401 4769 1756 4839; x_wconf 64' lang='lat' dir='ltr'><strong>aemulantur,</strong></span> <span class='ocrx_word' id='word_1_640' title='bbox 1786 4782 2067 4837; x_wconf 90' lang='lat' dir='ltr'><strong>nunquam</strong></span> <span class='ocrx_word' id='word_1_641' title='bbox 2098 4768 2277 4823; x_wconf 88' lang='lat' dir='ltr'><strong>adhuc</strong></span> <span class='ocrx_word' id='word_1_642' title='bbox 2307 4768 2560 4838; x_wconf 90' lang='lat' dir='ltr'><strong>persuasi</strong></span> <span class='ocrx_word' id='word_1_643' title='bbox 2604 4774 2665 4822; x_wconf 88' lang='lat' dir='ltr'><strong>ut</strong></span> <span class='ocrx_word' id='word_1_644' title='bbox 2710 4780 2800 4822; x_wconf 90' lang='lat' dir='ltr'><strong>res</strong></span> <span class='ocrx_word' id='word_1_645' title='bbox 2824 4763 3013 4820; x_wconf 87' lang='lat' dir='ltr'><strong>mundi</strong></span> <span class='ocrx_word' id='word_1_646' title='bbox 3047 4763 3215 4836; x_wconf 86' lang='lat' dir='ltr'><strong>hujus</strong></span> <span class='ocrx_word' id='word_1_647' title='bbox 3245 4771 3508 4821; x_wconf 73' lang='lat' dir='ltr'><strong>contcm-</strong></span> <span class='ocrx_word' id='word_1_648' title='bbox 3555 4828 3563 4835; x_wconf 90' lang='lat'><em>_</em></span> 
     </span>
    </p>
   </div>
   <div class='ocr_carea' id='block_1_73' title="bbox 229 4850 3511 4927">
    <p class='ocr_par' dir='ltr' id='par_1_73' title="bbox 229 4850 3511 4927">
     <span class='ocr_line' id='line_1_73' title="bbox 229 4850 3511 4927; baseline -0.003 -12"><span class='ocrx_word' id='word_1_649' title='bbox 229 4867 395 4924; x_wconf 88' lang='lat' dir='ltr'><strong>nant,</strong></span> <span class='ocrx_word' id='word_1_650' title='bbox 426 4858 526 4914; x_wconf 87' lang='lat' dir='ltr'><strong>sed</strong></span> <span class='ocrx_word' id='word_1_651' title='bbox 557 4857 794 4914; x_wconf 88' lang='lat' dir='ltr'><strong>subinde</strong></span> <span class='ocrx_word' id='word_1_652' title='bbox 821 4856 893 4913; x_wconf 90' lang='lat' dir='ltr'><strong>ad</strong></span> <span class='ocrx_word' id='word_1_653' title='bbox 925 4872 1057 4914; x_wconf 89' lang='lat' dir='ltr'><strong>suas</strong></span> <span class='ocrx_word' id='word_1_654' title='bbox 1089 4871 1227 4927; x_wconf 88' lang='lat' dir='ltr'><strong>opes</strong></span> <span class='ocrx_word' id='word_1_655' title='bbox 1250 4865 1626 4922; x_wconf 90' lang='lat' dir='ltr'><strong>revertuntur,</strong></span> <span class='ocrx_word' id='word_1_656' title='bbox 1663 4865 2025 4926; x_wconf 89' lang='lat' dir='ltr'><strong>terrenasque</strong></span> <span class='ocrx_word' id='word_1_657' title='bbox 2077 4855 2391 4926; x_wconf 90' lang='lat' dir='ltr'><strong>voluptates</strong></span> <span class='ocrx_word' id='word_1_658' title='bbox 2421 4862 2476 4911; x_wconf 89' lang='lat' dir='ltr'><strong>et</strong></span> <span class='ocrx_word' id='word_1_659' title='bbox 2501 4856 2717 4926; x_wconf 90' lang='lat' dir='ltr'><strong>lepores</strong></span> <span class='ocrx_word' id='word_1_660' title='bbox 2756 4852 3188 4921; x_wconf 84' lang='lat' dir='ltr'><strong>amplectuntur.</strong></span> <span class='ocrx_word' id='word_1_661' title='bbox 3221 4850 3405 4917; x_wconf 87' lang='lat' dir='ltr'><strong>Quare</strong></span> <span class='ocrx_word' id='word_1_662' title='bbox 3428 4851 3511 4906; x_wconf 88' lang='lat' dir='ltr'><strong>di-</strong></span> 
     </span>
    </p>
   </div>
   <div class='ocr_carea' id='block_1_74' title="bbox 235 4938 3509 5017">
    <p class='ocr_par' dir='ltr' id='par_1_74' title="bbox 235 4938 3509 5017">
     <span class='ocr_line' id='line_1_74' title="bbox 235 4938 3509 5017; baseline -0.004 -13"><span class='ocrx_word' id='word_1_663' title='bbox 235 4945 481 5017; x_wconf 88' lang='lat' dir='ltr'><strong>scipulis</strong></span> <span class='ocrx_word' id='word_1_664' title='bbox 515 4945 634 5003; x_wconf 83' lang='lat' dir='ltr'><strong>suis</strong></span> <span class='ocrx_word' id='word_1_665' title='bbox 667 4944 925 5001; x_wconf 87' lang='lat' dir='ltr'><strong>Christus</strong></span> <span class='ocrx_word' id='word_1_666' title='bbox 956 4944 1244 5016; x_wconf 68' lang='lat' dir='ltr'><strong>praecipit:</strong></span> <span class='ocrx_word' id='word_1_667' title='bbox 1283 4962 1302 4996; x_wconf 80' lang='grc' dir='ltr'><strong>ι</strong></span> <span class='ocrx_word' id='word_1_668' title='bbox 1332 4944 1615 4999; x_wconf 85' lang='lat' dir='ltr'><strong>Attendite</strong></span> <span class='ocrx_word' id='word_1_669' title='bbox 1635 4960 1705 4999; x_wconf 91' lang='lat' dir='ltr'><strong>ne</strong></span> <span class='ocrx_word' id='word_1_670' title='bbox 1735 4951 2035 4998; x_wconf 90' lang='lat' dir='ltr'><strong>onerentur</strong></span> <span class='ocrx_word' id='word_1_671' title='bbox 2062 4942 2232 4998; x_wconf 89' lang='lat' dir='ltr'><strong>corda</strong></span> <span class='ocrx_word' id='word_1_672' title='bbox 2266 4951 2447 4999; x_wconf 85' lang='lat' dir='ltr'><strong>vestra</strong></span> <span class='ocrx_word' id='word_1_673' title='bbox 2478 4943 2630 5003; x_wconf 88' lang='lat' dir='ltr'><strong>curis</strong></span> <span class='ocrx_word' id='word_1_674' title='bbox 2657 4951 2712 4998; x_wconf 93' lang='lat' dir='ltr'><strong>et</strong></span> <span class='ocrx_word' id='word_1_675' title='bbox 2738 4940 3038 5014; x_wconf 84' lang='lat' dir='ltr'><strong>angoribus</strong></span> <span class='ocrx_word' id='word_1_676' title='bbox 3066 4939 3231 5010; x_wconf 85' lang='lat' dir='ltr'><strong>hujus</strong></span> <span class='ocrx_word' id='word_1_677' title='bbox 3260 4940 3382 4993; x_wconf 85' lang='lat' dir='ltr'><strong>vitae</strong></span> <span class='ocrx_word' id='word_1_678' title='bbox 3402 4938 3462 4994; x_wconf 78' lang='lat'><strong>&quot;&#39;.</strong></span> <span class='ocrx_word' id='word_1_679' title='bbox 3491 4956 3509 4989; x_wconf 74' lang='grc' dir='ltr'><strong>ι</strong></span> 
     </span>
    </p>
   </div>
   <div class='ocr_carea' id='block_1_75' title="bbox 226 5025 3514 5103">
    <p class='ocr_par' dir='ltr' id='par_1_75' title="bbox 226 5025 3514 5103">
     <span class='ocr_line' id='line_1_75' title="bbox 226 5025 3514 5103; baseline -0.003 -15"><span class='ocrx_word' id='word_1_680' title='bbox 226 5034 311 5088; x_wconf 78' lang='lat' dir='ltr'><strong>Ac</strong></span> <span class='ocrx_word' id='word_1_681' title='bbox 350 5032 549 5087; x_wconf 88' lang='lat' dir='ltr'><strong>horum</strong></span> <span class='ocrx_word' id='word_1_682' title='bbox 575 5032 800 5102; x_wconf 89' lang='lat' dir='ltr'><strong>quidem</strong></span> <span class='ocrx_word' id='word_1_683' title='bbox 833 5039 1020 5103; x_wconf 86' lang='lat' dir='ltr'><strong>typum</strong></span> <span class='ocrx_word' id='word_1_684' title='bbox 1056 5030 1360 5101; x_wconf 63' lang='lat' dir='ltr'><strong>praeierunt</strong></span> <span class='ocrx_word' id='word_1_685' title='bbox 1385 5030 1580 5085; x_wconf 81' lang='lat' dir='ltr'><strong>Ruben</strong></span> <span class='ocrx_word' id='word_1_686' title='bbox 1605 5040 1661 5086; x_wconf 89' lang='lat' dir='ltr'><strong>et</strong></span> <span class='ocrx_word' id='word_1_687' title='bbox 1689 5029 1804 5086; x_wconf 89' lang='lat' dir='ltr'><strong>Gad</strong></span> <span class='ocrx_word' id='word_1_688' title='bbox 1832 5069 1848 5095; x_wconf 91' lang='lat'><strong>,</strong></span> <span class='ocrx_word' id='word_1_689' title='bbox 1881 5030 1973 5085; x_wconf 91' lang='lat' dir='ltr'><strong>ille</strong></span> <span class='ocrx_word' id='word_1_690' title='bbox 2002 5031 2222 5100; x_wconf 88' lang='lat' dir='ltr'><strong>quidem</strong></span> <span class='ocrx_word' id='word_1_691' title='bbox 2256 5031 2656 5103; x_wconf 83' lang='lat' dir='ltr'><strong>primogenitus</strong></span> <span class='ocrx_word' id='word_1_692' title='bbox 2683 5071 2699 5099; x_wconf 89' lang='lat'><strong>,</strong></span> <span class='ocrx_word' id='word_1_693' title='bbox 2750 5031 2840 5086; x_wconf 91' lang='lat' dir='ltr'><strong>hic</strong></span> <span class='ocrx_word' id='word_1_694' title='bbox 2884 5043 3016 5085; x_wconf 87' lang='lat' dir='ltr'><strong>vero</strong></span> <span class='ocrx_word' id='word_1_695' title='bbox 3047 5027 3263 5083; x_wconf 64' lang='lat' dir='ltr'><strong>ancillae</strong></span> <span class='ocrx_word' id='word_1_696' title='bbox 3298 5025 3514 5096; x_wconf 78' lang='lat' dir='ltr'><strong>Zelplne</strong></span> 
     </span>
    </p>
   </div>
   <div class='ocr_carea' id='block_1_76' title="bbox 230 5115 3512 5193">
    <p class='ocr_par' dir='ltr' id='par_1_76' title="bbox 230 5115 3512 5193">
     <span class='ocr_line' id='line_1_76' title="bbox 230 5115 3512 5193; baseline -0.002 -19"><span class='ocrx_word' id='word_1_697' title='bbox 230 5120 406 5175; x_wconf 89' lang='lat' dir='ltr'><strong>ﬁlius.</strong></span> <span class='ocrx_word' id='word_1_698' title='bbox 442 5118 537 5176; x_wconf 85' lang='lat' dir='ltr'><strong>Isti</strong></span> <span class='ocrx_word' id='word_1_699' title='bbox 562 5119 771 5175; x_wconf 88' lang='lat' dir='ltr'><strong>etenim</strong></span> <span class='ocrx_word' id='word_1_700' title='bbox 806 5119 1155 5191; x_wconf 87' lang='lat' dir='ltr'><strong>primogeniti</strong></span> <span class='ocrx_word' id='word_1_701' title='bbox 1199 5127 1331 5175; x_wconf 89' lang='lat' dir='ltr'><strong>sunt</strong></span> <span class='ocrx_word' id='word_1_702' title='bbox 1357 5133 1454 5189; x_wconf 90' lang='lat' dir='ltr'><strong>per</strong></span> <span class='ocrx_word' id='word_1_703' title='bbox 1485 5117 1684 5185; x_wconf 87' lang='lat' dir='ltr'><strong>ﬁdem;</strong></span> <span class='ocrx_word' id='word_1_704' title='bbox 1716 5117 1961 5177; x_wconf 86' lang='lat' dir='ltr'><strong>Ecclesia</strong></span> <span class='ocrx_word' id='word_1_705' title='bbox 1989 5122 2135 5175; x_wconf 89' lang='lat' dir='ltr'><strong>enim</strong></span> <span class='ocrx_word' id='word_1_706' title='bbox 2164 5129 2249 5177; x_wconf 90' lang='lat' dir='ltr'><strong>est</strong></span> <span class='ocrx_word' id='word_1_707' title='bbox 2281 5121 2785 5193; x_wconf 79' lang='lat' dir='ltr'><strong>primogenitorum</strong></span> <span class='ocrx_word' id='word_1_708' title='bbox 2814 5119 3219 5193; x_wconf 81' lang='lat' dir='ltr'><strong>descriptorum</strong></span> <span class='ocrx_word' id='word_1_709' title='bbox 3249 5118 3301 5170; x_wconf 89' lang='lat' dir='ltr'><strong>in</strong></span> <span class='ocrx_word' id='word_1_710' title='bbox 3333 5115 3512 5180; x_wconf 73' lang='lat' dir='ltr'><strong>cmlis,</strong></span> 
     </span>
    </p>
   </div>
   <div class='ocr_carea' id='block_1_77' title="bbox 229 5204 3513 5279">
    <p class='ocr_par' dir='ltr' id='par_1_77' title="bbox 229 5204 3513 5279">
     <span class='ocr_line' id='line_1_77' title="bbox 229 5204 3513 5279; baseline -0.002 -18"><span class='ocrx_word' id='word_1_711' title='bbox 229 5208 333 5279; x_wconf 86' lang='lat' dir='ltr'><strong>qui</strong></span> <span class='ocrx_word' id='word_1_712' title='bbox 361 5207 624 5269; x_wconf 80' lang='lat' dir='ltr'><strong>eximiam</strong></span> <span class='ocrx_word' id='word_1_713' title='bbox 655 5207 803 5278; x_wconf 88' lang='lat' dir='ltr'><strong>apud</strong></span> <span class='ocrx_word' id='word_1_714' title='bbox 831 5207 1004 5263; x_wconf 92' lang='lat' dir='ltr'><strong>Deum</strong></span> <span class='ocrx_word' id='word_1_715' title='bbox 1035 5215 1240 5263; x_wconf 87' lang='lat' dir='ltr'><strong>sortem</strong></span> <span class='ocrx_word' id='word_1_716' title='bbox 1277 5215 1407 5263; x_wconf 92' lang='lat' dir='ltr'><strong>sunt</strong></span> <span class='ocrx_word' id='word_1_717' title='bbox 1443 5206 1647 5273; x_wconf 84' lang='lat' dir='ltr'><strong>sortiti,</strong></span> <span class='ocrx_word' id='word_1_718' title='bbox 1700 5215 1972 5277; x_wconf 87' lang='lat' dir='ltr'><strong>quatenus</strong></span> <span class='ocrx_word' id='word_1_719' title='bbox 1999 5208 2256 5263; x_wconf 89' lang='lat' dir='ltr'><strong>videlicet</strong></span> <span class='ocrx_word' id='word_1_720' title='bbox 2288 5208 2355 5263; x_wconf 91' lang='lat' dir='ltr'><strong>ad</strong></span> <span class='ocrx_word' id='word_1_721' title='bbox 2385 5209 2619 5279; x_wconf 89' lang='lat' dir='ltr'><strong>gratiam</strong></span> <span class='ocrx_word' id='word_1_722' title='bbox 2651 5208 2867 5274; x_wconf 89' lang='lat' dir='ltr'><strong>attinet,</strong></span> <span class='ocrx_word' id='word_1_723' title='bbox 2901 5220 3011 5261; x_wconf 92' lang='lat' dir='ltr'><strong>non</strong></span> <span class='ocrx_word' id='word_1_724' title='bbox 3044 5212 3225 5259; x_wconf 88' lang='lat' dir='ltr'><strong>autem</strong></span> <span class='ocrx_word' id='word_1_725' title='bbox 3262 5211 3394 5258; x_wconf 92' lang='lat' dir='ltr'><strong>sunt</strong></span> <span class='ocrx_word' id='word_1_726' title='bbox 3430 5204 3513 5256; x_wconf 88' lang='lat' dir='ltr'><strong>in-</strong></span> 
     </span>
    </p>
   </div>
   <div class='ocr_carea' id='block_1_78' title="bbox 232 5286 3513 5367">
    <p class='ocr_par' dir='ltr' id='par_1_78' title="bbox 232 5286 3513 5367">
     <span class='ocr_line' id='line_1_78' title="bbox 232 5286 3513 5367; baseline -0.002 -18"><span class='ocrx_word' id='word_1_727' title='bbox 232 5295 399 5366; x_wconf 86' lang='lat' dir='ltr'><strong>genui</strong></span> <span class='ocrx_word' id='word_1_728' title='bbox 450 5310 515 5349; x_wconf 90' lang='lat' dir='ltr'><strong>ae</strong></span> <span class='ocrx_word' id='word_1_729' title='bbox 538 5295 812 5359; x_wconf 79' lang='lat' dir='ltr'><strong>libertatis</strong></span> <span class='ocrx_word' id='word_1_730' title='bbox 841 5303 1140 5360; x_wconf 89' lang='lat' dir='ltr'><strong>amatores,</strong></span> <span class='ocrx_word' id='word_1_731' title='bbox 1182 5309 1308 5349; x_wconf 91' lang='lat' dir='ltr'><strong>cum</strong></span> <span class='ocrx_word' id='word_1_732' title='bbox 1341 5286 1730 5351; x_wconf 79' lang='lat' dir='ltr'><strong>aﬁ&#39;ecti0ttibus</strong></span> <span class='ocrx_word' id='word_1_733' title='bbox 1768 5296 2125 5351; x_wconf 89' lang='lat' dir='ltr'><strong>aneillentur.</strong></span> <span class='ocrx_word' id='word_1_734' title='bbox 2155 5293 2255 5355; x_wconf 82' lang='lat' dir='ltr'><strong>llic</strong></span> <span class='ocrx_word' id='word_1_735' title='bbox 2289 5296 2494 5367; x_wconf 88' lang='lat' dir='ltr'><strong>aliquis</strong></span> <span class='ocrx_word' id='word_1_736' title='bbox 2529 5295 2771 5363; x_wconf 79' lang='lat' dir='ltr'><strong>obiicere</strong></span> <span class='ocrx_word' id='word_1_737' title='bbox 2801 5293 3012 5367; x_wconf 90' lang='lat' dir='ltr'><strong>possit,</strong></span> <span class='ocrx_word' id='word_1_738' title='bbox 3043 5291 3267 5347; x_wconf 87' lang='lat' dir='ltr'><strong>lsraelis</strong></span> <span class='ocrx_word' id='word_1_739' title='bbox 3296 5306 3513 5361; x_wconf 86' lang='lat' dir='ltr'><strong>quoque</strong></span> 
     </span>
    </p>
   </div>
   <div class='ocr_carea' id='block_1_79' title="bbox 232 5379 3513 5454">
    <p class='ocr_par' dir='ltr' id='par_1_79' title="bbox 232 5379 3513 5454">
     <span class='ocr_line' id='line_1_79' title="bbox 232 5379 3513 5454; baseline -0.002 -18"><span class='ocrx_word' id='word_1_740' title='bbox 232 5383 688 5454; x_wconf 87' lang='lat' dir='ltr'><strong>primogenitum,</strong></span> <span class='ocrx_word' id='word_1_741' title='bbox 718 5392 901 5453; x_wconf 86' lang='lat' dir='ltr'><strong>genus</strong></span> <span class='ocrx_word' id='word_1_742' title='bbox 922 5382 1239 5451; x_wconf 88' lang='lat' dir='ltr'><strong>peeuinum,</strong></span> <span class='ocrx_word' id='word_1_743' title='bbox 1271 5382 1432 5448; x_wconf 88' lang='lat' dir='ltr'><strong>rude,</strong></span> <span class='ocrx_word' id='word_1_744' title='bbox 1463 5396 1528 5436; x_wconf 89' lang='lat' dir='ltr'><strong>ac</strong></span> <span class='ocrx_word' id='word_1_745' title='bbox 1559 5381 1828 5437; x_wconf 78' lang='lat' dir='ltr'><strong>illiberale</strong></span> <span class='ocrx_word' id='word_1_746' title='bbox 1849 5382 2091 5439; x_wconf 88' lang='lat' dir='ltr'><strong>Iordane</strong></span> <span class='ocrx_word' id='word_1_747' title='bbox 2118 5381 2287 5440; x_wconf 73' lang='lat' dir='ltr'><strong>ﬂuvio</strong></span> <span class='ocrx_word' id='word_1_748' title='bbox 2316 5382 2501 5439; x_wconf 89' lang='lat' dir='ltr'><strong>dirimi</strong></span> <span class='ocrx_word' id='word_1_749' title='bbox 2535 5383 2798 5442; x_wconf 87' lang='lat' dir='ltr'><strong>maluisse</strong></span> <span class='ocrx_word' id='word_1_750' title='bbox 2815 5398 2877 5436; x_wconf 90' lang='lat' dir='ltr'><strong>ac</strong></span> <span class='ocrx_word' id='word_1_751' title='bbox 2912 5379 3176 5453; x_wconf 88' lang='lat' dir='ltr'><strong>separari,</strong></span> <span class='ocrx_word' id='word_1_752' title='bbox 3206 5393 3310 5434; x_wconf 87' lang='lat' dir='ltr'><strong>nec</strong></span> <span class='ocrx_word' id='word_1_753' title='bbox 3345 5381 3513 5450; x_wconf 84' lang='lat' dir='ltr'><strong>parti-</strong></span> 
     </span>
    </p>
   </div>
   <div class='ocr_carea' id='block_1_80' title="bbox 206 5466 3512 5541">
    <p class='ocr_par' dir='ltr' id='par_1_80' title="bbox 206 5466 3512 5541">
     <span class='ocr_line' id='line_1_80' title="bbox 206 5466 3512 5541; baseline -0.002 -16"><span class='ocrx_word' id='word_1_754' title='bbox 206 5470 426 5540; x_wconf 86' lang='lat' dir='ltr'><strong>-cipare</strong></span> <span class='ocrx_word' id='word_1_755' title='bbox 457 5468 691 5525; x_wconf 60' lang='lat' dir='ltr'><strong>terrain</strong></span> <span class='ocrx_word' id='word_1_756' title='bbox 722 5485 831 5541; x_wconf 91' lang='lat' dir='ltr'><strong>qua</strong></span> <span class='ocrx_word' id='word_1_757' title='bbox 854 5468 950 5525; x_wconf 88' lang='lat' dir='ltr'><strong>Dei</strong></span> <span class='ocrx_word' id='word_1_758' title='bbox 980 5477 1036 5524; x_wconf 89' lang='lat' dir='ltr'><strong>et</strong></span> <span class='ocrx_word' id='word_1_759' title='bbox 1063 5469 1208 5525; x_wconf 75' lang='lat' dir='ltr'><strong>aedes</strong></span> <span class='ocrx_word' id='word_1_760' title='bbox 1236 5476 1290 5524; x_wconf 92' lang='lat' dir='ltr'><strong>et</strong></span> <span class='ocrx_word' id='word_1_761' title='bbox 1315 5468 1497 5525; x_wconf 90' lang='lat' dir='ltr'><strong>cultus</strong></span> <span class='ocrx_word' id='word_1_762' title='bbox 1525 5467 1650 5535; x_wconf 81' lang='lat' dir='ltr'><strong>fuit,</strong></span> <span class='ocrx_word' id='word_1_763' title='bbox 1670 5470 1928 5540; x_wconf 89' lang='lat' dir='ltr'><strong>quamvis</strong></span> <span class='ocrx_word' id='word_1_764' title='bbox 1959 5469 2027 5523; x_wconf 91' lang='lat' dir='ltr'><strong>ad</strong></span> <span class='ocrx_word' id='word_1_765' title='bbox 2061 5485 2179 5526; x_wconf 90' lang='lat' dir='ltr'><strong>eam</strong></span> <span class='ocrx_word' id='word_1_766' title='bbox 2204 5478 2459 5526; x_wconf 89' lang='lat' dir='ltr'><strong>vocatutn</strong></span> <span class='ocrx_word' id='word_1_767' title='bbox 2488 5475 2656 5535; x_wconf 86' lang='lat' dir='ltr'><strong>esset,</strong></span> <span class='ocrx_word' id='word_1_768' title='bbox 2680 5468 2954 5539; x_wconf 87' lang='lat' dir='ltr'><strong>simulque</strong></span> <span class='ocrx_word' id='word_1_769' title='bbox 2976 5466 3271 5524; x_wconf 78' lang='lat' dir='ltr'><strong>deduxisse</strong></span> <span class='ocrx_word' id='word_1_770' title='bbox 3301 5480 3397 5521; x_wconf 89' lang='lat' dir='ltr'><strong>eos</strong></span> <span class='ocrx_word' id='word_1_771' title='bbox 3422 5467 3512 5533; x_wconf 88' lang='lat' dir='ltr'><strong>qui</strong></span> 
     </span>
    </p>
   </div>
   <div class='ocr_carea' id='block_1_81' title="bbox 233 5552 3514 5637">
    <p class='ocr_par' dir='ltr' id='par_1_81' title="bbox 233 5552 3514 5637">
     <span class='ocr_line' id='line_1_81' title="bbox 233 5552 3514 5637; baseline -0.002 -27"><span class='ocrx_word' id='word_1_772' title='bbox 233 5558 425 5613; x_wconf 88' lang='lat' dir='ltr'><strong>verbis</strong></span> <span class='ocrx_word' id='word_1_773' title='bbox 457 5558 595 5630; x_wconf 89' lang='lat' dir='ltr'><strong>legis</strong></span> <span class='ocrx_word' id='word_1_774' title='bbox 622 5559 1005 5637; x_wconf 85' lang='lat' dir='ltr'><strong>crediderunt.</strong></span> <span class='ocrx_word' id='word_1_775' title='bbox 1024 5555 1298 5613; x_wconf 70' lang='lat' dir='ltr'><strong>Caeterum</strong></span> <span class='ocrx_word' id='word_1_776' title='bbox 1328 5557 1724 5629; x_wconf 87' lang='lat' dir='ltr'><strong>procrastinati</strong></span> <span class='ocrx_word' id='word_1_777' title='bbox 1757 5564 1908 5623; x_wconf 91' lang='lat' dir='ltr'><strong>sunt,</strong></span> <span class='ocrx_word' id='word_1_778' title='bbox 1939 5557 2082 5613; x_wconf 88' lang='lat' dir='ltr'><strong>alius</strong></span> <span class='ocrx_word' id='word_1_779' title='bbox 2111 5557 2334 5627; x_wconf 89' lang='lat' dir='ltr'><strong>quidem</strong></span> <span class='ocrx_word' id='word_1_780' title='bbox 2367 5556 2603 5612; x_wconf 90' lang='lat' dir='ltr'><strong>dicendo</strong></span> <span class='ocrx_word' id='word_1_781' title='bbox 2639 5575 2652 5611; x_wconf 89' lang='lat'><strong>:</strong></span> <span class='ocrx_word' id='word_1_782' title='bbox 2693 5555 2874 5633; x_wconf 66' lang='grc'><strong>43],</strong></span> <span class='ocrx_word' id='word_1_783' title='bbox 2923 5572 2944 5607; x_wconf 75' lang='grc' dir='ltr'><strong>ι</strong></span> <span class='ocrx_word' id='word_1_784' title='bbox 2978 5558 3185 5626; x_wconf 83' lang='lat' dir='ltr'><strong>Agrum</strong></span> <span class='ocrx_word' id='word_1_785' title='bbox 3216 5554 3344 5618; x_wconf 90' lang='lat' dir='ltr'><strong>emi,</strong></span> <span class='ocrx_word' id='word_1_786' title='bbox 3375 5552 3514 5606; x_wconf 82' lang='lat' dir='ltr'><strong>alius</strong></span> 
     </span>
    </p>
   </div>
   <div class='ocr_carea' id='block_1_82' title="bbox 234 5636 3514 5715">
    <p class='ocr_par' dir='ltr' id='par_1_82' title="bbox 234 5636 3514 5715">
     <span class='ocr_line' id='line_1_82' title="bbox 234 5636 3514 5715; baseline -0.002 -16"><span class='ocrx_word' id='word_1_787' title='bbox 234 5643 662 5709; x_wconf 80' lang='lat' dir='ltr'><strong>vero,Uxorem</strong></span> <span class='ocrx_word' id='word_1_788' title='bbox 693 5636 909 5710; x_wconf 76' lang='lat' dir='ltr'><strong>duxi&quot;,</strong></span> <span class='ocrx_word' id='word_1_789' title='bbox 946 5662 965 5695; x_wconf 75' lang='grc' dir='ltr'><strong>ι</strong></span> <span class='ocrx_word' id='word_1_790' title='bbox 996 5650 1051 5699; x_wconf 89' lang='lat' dir='ltr'><strong>ct</strong></span> <span class='ocrx_word' id='word_1_791' title='bbox 1085 5660 1207 5715; x_wconf 74' lang='lat' dir='ltr'><strong>quae</strong></span> <span class='ocrx_word' id='word_1_792' title='bbox 1236 5644 1517 5715; x_wconf 87' lang='lat' dir='ltr'><strong>deinceps.</strong></span> <span class='ocrx_word' id='word_1_793' title='bbox 1559 5643 1831 5710; x_wconf 87' lang='lat' dir='ltr'><strong>Quocirca</strong></span> <span class='ocrx_word' id='word_1_794' title='bbox 1862 5660 1970 5700; x_wconf 90' lang='lat' dir='ltr'><strong>non</strong></span> <span class='ocrx_word' id='word_1_795' title='bbox 2007 5646 2308 5700; x_wconf 88' lang='lat' dir='ltr'><strong>deveniunt</strong></span> <span class='ocrx_word' id='word_1_796' title='bbox 2341 5645 2396 5699; x_wconf 92' lang='lat' dir='ltr'><strong>in</strong></span> <span class='ocrx_word' id='word_1_797' title='bbox 2430 5636 2737 5700; x_wconf 86' lang='lat' dir='ltr'><strong>amicitiam</strong></span> <span class='ocrx_word' id='word_1_798' title='bbox 2768 5643 2984 5699; x_wconf 87' lang='lat' dir='ltr'><strong>Domini</strong></span> <span class='ocrx_word' id='word_1_799' title='bbox 3016 5643 3284 5697; x_wconf 90' lang='lat' dir='ltr'><strong>dicentis:</strong></span> <span class='ocrx_word' id='word_1_800' title='bbox 3309 5640 3514 5696; x_wconf 85' lang='lat' dir='ltr'><strong>Servus</strong></span> 
     </span>
    </p>
   </div>
   <div class='ocr_carea' id='block_1_83' title="bbox 232 5729 3512 5804">
    <p class='ocr_par' dir='ltr' id='par_1_83' title="bbox 232 5729 3512 5804">
     <span class='ocr_line' id='line_1_83' title="bbox 232 5729 3512 5804; baseline -0.001 -16"><span class='ocrx_word' id='word_1_801' title='bbox 232 5746 350 5788; x_wconf 86' lang='lat' dir='ltr'><strong>non</strong></span> <span class='ocrx_word' id='word_1_802' title='bbox 387 5733 537 5787; x_wconf 87' lang='lat' dir='ltr'><strong>novit</strong></span> <span class='ocrx_word' id='word_1_803' title='bbox 564 5732 697 5804; x_wconf 91' lang='lat' dir='ltr'><strong>quid</strong></span> <span class='ocrx_word' id='word_1_804' title='bbox 740 5732 907 5788; x_wconf 82' lang='lat' dir='ltr'><strong>faciat</strong></span> <span class='ocrx_word' id='word_1_805' title='bbox 938 5732 1105 5788; x_wconf 88' lang='lat' dir='ltr'><strong>herus</strong></span> <span class='ocrx_word' id='word_1_806' title='bbox 1133 5732 1308 5802; x_wconf 89' lang='lat' dir='ltr'><strong>ipsius</strong></span> <span class='ocrx_word' id='word_1_807' title='bbox 1329 5771 1344 5798; x_wconf 89' lang='lat'><strong>,</strong></span> <span class='ocrx_word' id='word_1_808' title='bbox 1380 5747 1477 5789; x_wconf 86' lang='lat' dir='ltr'><strong>vos</strong></span> <span class='ocrx_word' id='word_1_809' title='bbox 1510 5741 1692 5787; x_wconf 89' lang='lat' dir='ltr'><strong>autem</strong></span> <span class='ocrx_word' id='word_1_810' title='bbox 1725 5733 1939 5788; x_wconf 88' lang='lat' dir='ltr'><strong>amicos</strong></span> <span class='ocrx_word' id='word_1_811' title='bbox 1973 5733 2202 5799; x_wconf 89' lang='lat' dir='ltr'><strong>vocavi;</strong></span> <span class='ocrx_word' id='word_1_812' title='bbox 2242 5732 2423 5786; x_wconf 80' lang='lat' dir='ltr'><strong>omnia</strong></span> <span class='ocrx_word' id='word_1_813' title='bbox 2453 5747 2574 5801; x_wconf 71' lang='lat' dir='ltr'><strong>quae</strong></span> <span class='ocrx_word' id='word_1_814' title='bbox 2600 5747 2628 5785; x_wconf 91' lang='lat' dir='ltr'><strong>a</strong></span> <span class='ocrx_word' id='word_1_815' title='bbox 2652 5731 2811 5786; x_wconf 83' lang='lat' dir='ltr'><strong>Patre</strong></span> <span class='ocrx_word' id='word_1_816' title='bbox 2841 5746 2963 5786; x_wconf 89' lang='lat' dir='ltr'><strong>meo</strong></span> <span class='ocrx_word' id='word_1_817' title='bbox 2995 5731 3181 5785; x_wconf 88' lang='lat' dir='ltr'><strong>audivi</strong></span> <span class='ocrx_word' id='word_1_818' title='bbox 3213 5730 3372 5786; x_wconf 83' lang='lat' dir='ltr'><strong>vobis</strong></span> <span class='ocrx_word' id='word_1_819' title='bbox 3409 5729 3512 5786; x_wconf 70' lang='lat' dir='ltr'><strong>feci</strong></span> 
     </span>
    </p>
   </div>
   <div class='ocr_carea' id='block_1_84' title="bbox 214 5828 3229 5939">
    <p class='ocr_par' dir='ltr' id='par_1_84' title="bbox 214 5828 3229 5939">
     <span class='ocr_line' id='line_1_84' title="bbox 214 5828 3229 5939; baseline -0.002 -14"><span class='ocrx_word' id='word_1_820' title='bbox 214 5884 215 5887; x_wconf 78' lang='lat'>‘</span> <span class='ocrx_word' id='word_1_821' title='bbox 314 5873 356 5906; x_wconf 81' lang='lat'>“</span> <span class='ocrx_word' id='word_1_822' title='bbox 396 5872 573 5927; x_wconf 81' lang='lat' dir='ltr'><strong>lCor.</strong></span> <span class='ocrx_word' id='word_1_823' title='bbox 606 5887 701 5937; x_wconf 84' lang='lat' dir='ltr'><strong>vn,</strong></span> <span class='ocrx_word' id='word_1_824' title='bbox 732 5872 822 5928; x_wconf 62' lang='lat'><strong>0.5.</strong></span> <span class='ocrx_word' id='word_1_825' title='bbox 906 5870 948 5903; x_wconf 73' lang='lat'>“</span> <span class='ocrx_word' id='word_1_826' title='bbox 990 5871 1147 5927; x_wconf 72' lang='lat' dir='ltr'><strong>ltum.</strong></span> <span class='ocrx_word' id='word_1_827' title='bbox 1184 5887 1274 5939; x_wconf 82' lang='lat' dir='ltr'><strong>xv,</strong></span> <span class='ocrx_word' id='word_1_828' title='bbox 1312 5870 1397 5927; x_wconf 79' lang='lat' dir='ltr'><strong>lii.</strong></span> <span class='ocrx_word' id='word_1_829' title='bbox 1478 5871 1906 5939; x_wconf 35' lang='lat' dir='ltr'><strong>&quot;Matthasm,</strong></span> <span class='ocrx_word' id='word_1_830' title='bbox 1942 5871 2028 5927; x_wconf 78' lang='grc' dir='ltr'><strong>Μ.</strong></span> <span class='ocrx_word' id='word_1_831' title='bbox 2109 5868 2150 5900; x_wconf 76' lang='grc'>¹⁸</span> <span class='ocrx_word' id='word_1_832' title='bbox 2177 5828 2309 5926; x_wconf 72' lang='lat' dir='ltr'><strong>Luc.</strong></span> <span class='ocrx_word' id='word_1_833' title='bbox 2346 5886 2454 5935; x_wconf 73' lang='lat' dir='ltr'><strong>ut,</strong></span> <span class='ocrx_word' id='word_1_834' title='bbox 2493 5871 2578 5925; x_wconf 75' lang='lat' dir='ltr'><strong>5i.</strong></span> <span class='ocrx_word' id='word_1_835' title='bbox 2660 5871 2701 5902; x_wconf 67' lang='grc'>¹⁹</span> <span class='ocrx_word' id='word_1_836' title='bbox 2741 5866 2875 5926; x_wconf 80' lang='lat' dir='ltr'><strong>Luc.</strong></span> <span class='ocrx_word' id='word_1_837' title='bbox 2902 5883 3009 5930; x_wconf 76' lang='lat' dir='ltr'><strong>xw,</strong></span> <span class='ocrx_word' id='word_1_838' title='bbox 3053 5866 3229 5921; x_wconf 71' lang='lat' dir='ltr'><strong>lii-20.</strong></span> 
     </span>
    </p>
   </div>
  </div>
