3956 6392
222 405 334 469 893
1146 409 1685 471 COMMENTARII
1722 408 1784 469 ID

1942 405 2561 470 BUTERONOMIUM.
3240 454 3241 457 η
3399 396 3504 458 89’t

224 515 441 583 puellas
482 514 602 575 illas
657 527 1113 591 quorumcunque
1168 524 1338 581 velint
1375 538 1577 579 uxores
1609 537 1761 588 esse;

1944 524 2111 577 mctio
2140 522 2288 577 enim
2327 521 2568 575 violenta
2593 560 2609 585 ,
2654 516 2723 571 ad
2748 514 3181 587 disjunctionem
3226 512 3330 565 iter
3366 526 3506 579 pta:-

222 601 342 657 bet.
385 603 602 661 Nubere
659 622 794 662 vero
850 610 1263 667 contribulibus
1301 612 1502 683 jubet,
1537 626 1607 665 ne
1650 611 1893 666 tribuum
1928 610 2021 663 fiat
2052 609 2333 676 confusio,
2365 607 2835 678 quemadmodum
2885 618 3052 671 supra
3108 600 3275 657 etiam
3323 598 3512 669 probl-

225 689 321 746 bet
386 694 624 764 gentiles
674 709 777 751 ceu
815 696 1071 754 ethnicus
1119 698 1353 767 ducere,
1417 699 1622 773 populo
1655 712 1724 754 ne
1772 711 1900 754 cum
1945 698 2132 766 impiis
2164 698 2663 755 commiscerentur
2690 692 3055 763 prospiciens.

3062 890 3197 916 -λ
3224 890 3505 897 -----

244 887 3175 931 W

1445 1059 2299 1154 COMMENTABII

1003 1283 1164 1414 IN
1260 1273 2653 1413 DEUTERONOMIUM
2675 1366 2709 1398 .

308 1614 446 1687 Ωιιιὲ
473 1636 499 1672 a
532 1618 681 1675 Mosc
705 1620 925 1690 quidem
984 1623 1042 1676 in
1102 1623 1207 1678 hoc
1259 1627 1516 1695 prmseuti
1545 1628 1686 1688 libro
1722 1638 2071 1701 repetuntur,
2111 1624 2557 1697 praecedentibus
2602 1613 3059 1674 enarrationibus
3116 1607 3520 1663 mandavimus.

236 1707 401 1773 Quod
435 1708 481 1763 si
509 1723 639 1763 vero
667 1709 874 1778 aliquid
910 1711 1245 1779 peculiarem
1299 1697 1817 1784 interpretationem
1850 1717 1991 1773 forte
2037 1716 2308 1785 requirat,
2341 1710 2568 1769 silentio
2598 1723 2627 1761 a
2676 1705 2837 1761 nobis
2877 1718 2986 1758 non
3048 1697 3520 1770 prtetermittetur.

236 1796 512 1850 Caeterum
552 1796 814 1864 quoniam
842 1811 872 1850 a
903 1798 1021 1868 lege
1062 1799 1152 1853 hic
1185 1799 1324 1854 liber
1351 1782 1552 1858 nomen
1579 1803 1765 1869 habet,
1802 1806 1935 1877 legis
1966 1782 2283 1876 prleﬁgendi
2312 1810 2442 1858 sunt
2479 1796 2729 1853 termini.
2792 1791 2889 1845 Est
2946 1791 3134 1856 itaque
3190 1787 3273 1839 lex
3342 1782 3526 1836 oratio

236 1898 369 1953 qua:
399 1882 527 1952 quid
556 1881 869 1937 faciendum
904 1885 997 1951 sit,
1034 1884 1309 1956 praecipit,
1345 1888 1475 1957 quid
1519 1905 1628 1944 non
1671 1891 1798 1947 facit

1960 1875 1984 1947 u
2034 1894 2106 1947 sit
2163 1898 2332 1945 vetat.
2392 1883 2644 1955 Exempli
2695 1884 2921 1954 gratia:
2972 1896 2989 1928 ι
3032 1875 3255 1928 Ilonora
3313 1876 3522 1939 patrem

238 1981 426 2026 tuum.
476 1970 681 2042 Diliges
716 1971 1099 2027 Dominum“.
1139 1993 1158 2028 ι
1196 1972 1327 2029 Item
1362 1994 1375 2028 ε
1428 1995 1445 2027 ι
1485 1975 1602 2033 Non
1628 1979 1870 2047 occides,
1927 1997 2036 2041 non
2086 1976 2453 2035 mmchaberis
2481 1976 2547 2028 ³⁸.
2589 1993 2609 2026 ι
2647 1970 2741 2026 Vel
2773 1970 2897 2024 sic:
2937 1964 3031 2019 Est
3083 1961 3261 2015 oratio
3296 1955 3521 2011 animali

244 2067 446 2113 natura
477 2060 702 2128 politico
772 2061 1094 2133 prmcipiens
1132 2063 1214 2116 vel
1253 2070 1468 2120 vetans.
1498 2063 1704 2121 Natura
1739 2044 1888 2122 enim
1917 2069 2175 2139 politicus
2202 2066 2385 2120 omnis
2416 2064 2584 2117 homo
2627 2067 2732 2120 est,
2770 2070 2897 2110 nam
2927 2054 3155 2107 insitum
3192 2054 3276 2101 est
3308 2044 3384 2097 illi
3424 2058 3527 2095 na—

242 2156 369 2202 tura
398 2148 609 2217 legibus
636 2147 951 2219 reipublica:
971 2148 1171 2205 divina:
1201 2166 1419 2220 parere,
1454 2152 1519 2208 de
1547 2168 1653 2223 qua
1679 2154 1886 2211 dictum
1911 2127 1997 2213 est
2027 2175 2039 2211 :
2068 2177 2085 2208 ι
2109 2154 2359 2209 Gloriosa
2386 2151 2453 2205 de
2478 2158 2531 2204 te
2560 2147 2705 2200 dicta
2740 2151 2890 2203 sunt,
2914 2139 3113 2192 civitas
3140 2134 3232 2187 Dei
3257 2131 3356 2184 ³⁵.»
3380 2127 3523 2195 Quin

249 2238 423 2291 etiam
452 2237 713 2304 politicus
755 2245 859 2300 cst,
888 2237 1035 2308 quod
1067 2216 1579 2296 cum'voluntatem'
1629 2258 1785 2298 suam

1962 2260 2035 2299 rae
2079 2237 2550 2310 attemperaverit,
2604 2231 2912 2288 studiosus.
2948 2238 3164 2280 necnon
3216 2227 3411 2290 potens
3450 2216 3521 2269 di-

222 2327 409 2381 cendi
464 2335 571 2381 est.
605 2323 807 2381 Verum
877 2334 1065 2381 nostra
1134 2329 1441 2396 respublica
1472 2329 1525 2383 in
1564 2333 1722 2385 cmlis
1781 2332 2017 2387 exsistit.
2060 2328 2158 2384 Vel
2227 2303 2349 2382 sic:
2387 2324 2497 2377 Lex
2545 2328 2632 2376 est
2683 2315 2927 2372 definitio
2994 2309 3199 2382 politici
3233 2307 3302 2360 de
3360 2303 3526 2358 rebus

247 2412 480 2482 agendis
537 2414 621 2467 vel
674 2412 1031 2479 omittendis;
1082 2392 1348 2483 politicus
1387 2418 1535 2470 enim
1600 2418 1809 2488 Iegislat

1967 2427 2021 2485 il,
2047 2415 2228 2487 qualis
2261 2413 2442 2468 Moses
2486 2410 2609 2468 fuit.
2658 2404 2790 2460 Item
2831 2408 3093 2458 Servatur
3134 2397 3273 2465 ipse,
3321 2392 3389 2447 de
3417 2404 3529 2460 quo

247 2501 459 2555 dictum
494 2510 579 2557 est
610 2518 624 2554 :
666 2522 682 2553 ι
716 2499 1043 2557 Judicentur
1076 2511 1268 2572 gentes
1299 2518 1487 2557 coram
1522 2513 1575 2561 te
1598 2480 1679 2560 ’τί
1706 2526 1726 2558 ι
1766 2506 1897 2562 Item
1925 2523 1980 2560 :c
2009 2480 2324 2563 Eonstitne,
2379 2491 2633 2557 Domine,
2658 2493 3027 2562 legislaturem
3056 2499 3223 2555 super
3249 2483 3400 2552 ipsus
3423 2480 3522 2529 ³⁸.»

246 2588 332 2653 Ad
362 2603 523 2659 quem
558 2588 723 2645 ﬁliam
753 2588 962 2645 diculm
984 2601 1073 2649 est
1114 2609 1128 2646 :
1166 2609 1185 2642 ε
1219 2589 1361 2662 Lege
1380 2601 1470 2644 tua
1490 2607 1576 2647 me
1615 2593 1813 2664 dirige,
1845 2593 2091 2659 Domine,
2123 2607 2218 2662 per
2240 2591 2382 2645 viam
2416 2598 2566 2641 tuam
2598 2584 2662 2635 ³⁸.
2696 2601 2715 2634 ι
2745 2579 2836 2634 Vel
2870 2578 2950 2632 sic
2977 2594 2989 2628 :
3015 2572 3112 2627 Est
3127 2571 3305 2626 oratio
3328 2566 3528 2636 praeci-

250 2677 411 2748 piens
443 2677 526 2732 vel
547 2686 737 2732 vetans
766 2678 832 2733 de
857 2679 1118 2737 omnibus
1150 2679 1272 2735 vitae
1299 2657 1632 2747 actionibus,
1653 2657 1792 2753 quae,
1814 2681 2053 2753 quando,
2073 2657 2419 2750 et—quoniodo
2442 2674 2582 2728 male
2615 2678 2671 2727 et
2714 2683 2840 2723 cum
2861 2665 3061 2719 damno
3083 2660 3235 2715 fiant.
3260 2657 3528 2711 Caeterum

251 2766 559 2821 delinitioni
590 2765 719 2823 huic
745 2780 1055 2837 congruunt
1082 2768 1329 2837 exempla
1353 2770 1473 2824 vit:e
1493 2743 1769 2839 justor-um
1802 2743 1910 2841 qua
1942 2786 2050 2827 non
2074 2743 2194 2825 sine
2212 2784 2314 2823 suo
2344 2762 2635 2820 commodo
2665 2755 2919 2815 delectati
2955 2762 3108 2814 sunt,
3139 2749 3356 2818 sibique
3392 2743 3530 2815 ipsis

252 2854 428 2923 legem
460 2854 886 2918 constituerunt,
912 2854 1374 2928 quemadmodum
1407 2857 1617 2911 clarum
1641 2868 1723 2913 est
1752 2836 1977 2913 esthoc:
2004 2877 2023 2909 ι
2053 2857 2224 2911 Dicite
2258 2854 2415 2920 mihi,
2454 2867 2551 2906 vos
2579 2849 2671 2921 qui
2698 2847 2872 2917 legem
2895 2838 3218 2911 agnoscitis,
3246 2836 3534 2905 legemque

256 2959 368 2997 non
402 2942 660 2998 auditis.»
684 2943 962 3025 Scriptura
990 2951 1074 2999 est
1099 2946 1244 3000 enim
1278 2943 1420 3015 quod
1444 2946 1720 3000 Abraham
1746 2947 1884 3002 duos
1904 2947 2090 3001 habuit
2113 2944 2274 3009 filios,
2299 2950 2354 2996 et
2379 2939 2612 3009 reliqua.
2631 2935 2857 3001 Insuper
2874 2932 3037 2985 etiam
3060 2928 3186 2982 vitae
3213 2923 3535 2987 delinquen-

256 3029 397 3085 tium
416 3031 719 3096 enarratio,
746 3016 898 3086 deeo
922 3031 1068 3102 quod
1091 3048 1216 3086 cum
1245 3006 1386 3088 male
1406 3034 1673 3103 egissent,
1709 3034 1852 3089 male
1878 3050 2098 3106 quoque
2128 3006 2274 3103 passi
2313 3037 2462 3086 sunt.
2494 3006 2687 3093 Qualis
2724 3018 2968 3092 Aﬁgyptii
3006 3017 3152 3071 illius
3179 3011 3271 3084 qui
3314 3006 3536 3064 Israeli-

258 3132 367 3178 tam
399 3120 536 3175 diris
569 3121 873 3177 devoturus
901 3099 1022 3176 erat
1056 3121 1204 3177 filius
1231 3099 1467 3177 exstitit:
1501 3122 1631 3177 Item
1667 3099 1986 3179 Israelitica:
2011 3099 2242 3175 -felll—III8
2275 3116 2421 3171 (ilius
2451 3115 2503 3168 in
2556 3110 2824 3167 Levitico.
2867 3105 3002 3176 Ejus
3026 3105 3154 3158 item
3191 3099 3285 3169 qui
3319 3104 3536 3151 scorta-

259 3214 466 3268 tionem
498 3221 826 3267 exercuerat
856 3226 981 3271 cum
1024 3211 1381 3268 Madianitica
1408 3212 1610 3268 femina
1641 3214 1696 3267 in
1732 3209 2071 3268 Numeris“.
2106 3208 2197 3262 Vel
2240 3207 2322 3262 sic
2352 3223 2367 3260 :
2401 3202 2494 3258 Est
2525 3214 2715 3256 norma
2758 3198 3034 3269 justorum
3078 3200 3133 3247 ct
3169 3190 3536 3258 injustorum.

259 3298 399 3355 Nam
444 3303 523 3354 uti
558 3300 651 3368 qui
689 3299 997 3355 secundum
1037 3314 1287 3353 normam
1320 3300 1809 3356 architectonicam
1854 3299 2150 3360 fabricant,
2208 3295 2403 3351 scitam
2440 3297 2777 3347 structuram
2832 3283 3097 3344 eﬂlciunt,
3134 3279 3213 3333 ita
3231 3276 3288 3330 hi
3319 3287 3542 3345 quoque

259 3389 357 3457 qui
384 3389 541 3458 juxta
571 3402 826 3449 normam
849 3387 1444 3457 justorum,juslitiam
1485 3385 1887 3443 exercent.Vel
1920 3388 2002 3443 sic
2039 3401 2054 3437 :
2088 3382 2344 3438 Mensura
2373 3379 2653 3449 justorum
2687 3384 2743 3429 et
2778 3372 3111 3442 injustormn
3140 3380 3251 3420 non
3289 3370 3399 3415 tam
3440 3361 3542 3414 IIO-

259 3478 476 3532 minum
505 3491 673 3547 quam
698 3490 880 3530 rerum
916 3493 929 3529 τ
967 3489 1046 3531 eae
1073 3476 1222 3530 enim
1263 3489 1294 3528 a
1326 3475 1443 3546 lege
1477 3476 1717 3531 deﬁnitae
1746 3475 1851 3532 sub
1875 3485 2192 3530 mensuram
2222 3468 2452 3525 cadunt.
2483 3465 2758 3521 Caeterum
2777 3462 2939 3530 juxta
2986 3458 3159 3527 legem
3190 3466 3255 3507 ea
3281 3461 3543 3505 mensura

260 3566 492 3623 obvenit
515 3565 772 3636 singulis,
812 3580 919 3635 qua
952 3565 1052 3635 ipsi
1091 3573 1223 3621 sunt
1254 3537 1453 3632 mensi,
1512 3565 1667 3635 justo
1721 3564 1942 3635 quidem
1997 3572 2297 3622 concussa,
2333 3563 2389 3612 et
2422 3553 2779 3615 exuberans;
2818 3546 3029 3616 injusto
3073 3556 3202 3597 veru
3244 3537 3542 3606 condigna,

260 3655 538 3726 siquidem
563 3654 828 3724 iniquitas
859 3654 981 3724 ejus
1014 3655 1070 3708 in
1100 3655 1363 3709 verticem
1390 3625 1567 3724 ipsius
1621 3625 1851 3709 recidet.
1914 3650 2013 3707 Vel
2052 3649 2136 3705 sic
2169 3667 2183 3701 :
2220 3644 2318 3700 Est
2351 3645 2533 3699 oratio
2558 3640 2767 3694 docens
2819 3630 3098 3705 quomodo
3142 3625 3543 3696 rempublicmu

266 3748 660 3805 administrare
690 3757 966 3817 oporteat,
1005 3761 1125 3815 qua:
1151 3745 1400 3801 definitio
1431 3748 1478 3802 ei
1533 3745 1847 3810 conveniet,
1906 3742 2002 3814 qui
2035 3753 2229 3797 oumes
2270 3750 2402 3792 suas
2434 3734 2685 3790 actiones
2725 3728 2792 3783 ad
2831 3722 3229 3795 rempublicam
3261 3716 3544 3772 ('tnlcstrtu

266 3838 463 3894 refert.
484 3834 585 3892 Vel
617 3835 699 3890 sic
727 3853 741 3890 :
769 3833 864 3889 Est
895 3835 1077 3889 oratio
1105 3841 1230 3905 quae
1259 3835 1313 3889 in
1346 3834 1671 3891 universum
1711 3840 1766 3889 et
1795 3802 2166 3888 communiter
2216 3823 2467 3897 praecipit
2491 3818 2621 3891 quid
2668 3813 2966 3887 agendum,
2999 3817 3056 3867 et
3080 3814 3227 3864 vetat
3263 3802 3409 3875 quod
3436 3816 3546 3856 non

266 3925 570 3998 agendum.
613 3923 706 3980 Vel
736 3925 817 3979 sic
855 3943 868 3979 :
899 3924 1002 3979 Est
1034 3891 1316 3979 decretum
1345 3925 1512 3995 regis,
1544 3939 1640 3979 rex
1674 3937 1806 3979 vero
1837 3922 2096 3978 Christus
2113 3891 2232 3982 sit;
2265 3913 2358 3981 qui
2387 3891 2512 3967 suis
2539 3906 2778 3965 decretis
2818 3899 3082 3959 mandata
3126 3895 3266 3966 legis
3294 3891 3552 3948 litterulis

210 4054 213 4057 -
269 4014 402 4072 fecit
434 4011 717 4070 irrita.VeI
739 4010 969 4069 sic:Est
990 4012 1170 4066 oratio
1192 3979 1565 4067 interdictoria
1597 4011 1840 4067 scientiae
1862 4008 2044 4078 regiae,
2071 3979 2234 4077 quam
2253 3979 2535 4063 Christus,
2564 3998 2682 4067 ipsa
2703 3992 2889 4048 Patris
2915 3985 3185 4060 sapientia
3208 3983 3280 4046 δι,
3297 3979 3555 4035 otnnibus

266 4104 366 4174 qui
396 4102 757 4172 hujusductu
788 4099 855 4155 ad
883 4115 1109 4169 regnum
1142 4098 1406 4155 caelorum
1433 4114 1530 4155 seu
1573 4097 1669 4153 Dei
1698 4065 2061 4161 contendunt,
2089 4065 2366 4163 impertit.
2412 4085 2513 4142 Vel
2556 4065 2639 4140 sic
2672 4099 2687 4135 :
2724 4080 2822 4135 Est
2852 4088 3163 4134 consensus
3192 4068 3437 4125 civitatis
3489 4065 3575 4129 de,

270 4192 442 4247 rebus
473 4189 743 4245 faciendis
766 4195 862 4242 aut
886 4202 996 4242 non
1024 4186 1316 4251 faciendis,
1336 4187 1409 4241 sit
1446 4200 1578 4242 vero
1601 4186 1798 4241 civitas
1824 4159 2105 4241 consonus
2131 4159 2395 4237 Ecclesiae
2430 4187 2606 4232 coetus
2631 4173 2699 4228 de
2726 4170 2894 4226 rebus
2927 4162 3198 4221 faciendis
3230 4167 3327 4214 aut
3348 4159 3557 4212 minus.

270 4280 373 4337 Vel
397 4279 475 4334 sic
500 4277 632 4333 :Est
662 4275 1048 4333 determinatio
1077 4289 1267 4330 eorum
1287 4289 1411 4344 quae
1436 4272 1518 4328 fas
1534 4285 1620 4330 est
1646 4271 1830 4330 facere
1854 4288 1984 4345 erga
2007 4271 2281 4333 homines,
2305 4280 2359 4325 et
2388 4262 2926 4328 Deum,divinasque
2942 4246 3202 4311 virtutes.
3233 4246 3561 4304 Exlendillll'

271 4376 456 4433 autem
488 4365 650 4438 535
686 4367 772 4419 lex
795 4380 965 4434 super
997 4343 1358 4435 magistratus
1391 4362 1832 4430 ecclesiasticos,
1871 4343 2195 4424 tribunalia,
2228 4361 2435 4416 bellum
2481 4362 2676 4415 contra
2732 4347 3020 4422 oppositas
3048 4343 3316 4405 actiones,
3364 4352 3559 4409 pacem

270 4463 548 4524 mutuam,
585 4467 720 4510 sana
767 4452 835 4508 de
869 4450 977 4508 Deo
1023 4450 1303 4522 dogmata,
1337 4452 1582 4522 nuptias,
1620 4450 1928 4507 liberorum
1961 4449 2317 4513 eductiones,
2353 4443 2812 4518 praeparationem
2848 4442 3115 4491 extremae
3150 4445 3180 4484 a
3210 4429 3324 4481 vita
3362 4426 3565 4496 migra-

270 4547 471 4613 tionis,
496 4543 734 4612 denique
758 4541 911 4613 justa
941 4539 1358 4599 defunctorum.
1400 4517 1460 4595 In
1511 4555 1851 4611 unoquoque
1883 4539 2033 4596 enim
2074 4539 2271 4592 horum
2302 4517 2385 4590 vel
2420 4530 2666 4602 legitime
2706 4528 2794 4581 vel
2837 4521 3127 4593 illegitime
3163 4517 3404 4586 quisque
3439 4526 3563 4565 ver-

270 4642 455 4692 satur.
495 4630 707 4697 Dicitur
733 4644 901 4701 porro
923 4628 1091 4682 etiam
1120 4626 1530 4683 Pentateuchus
1575 4602 1686 4694 les,
1715 4602 1876 4699 cujus
1907 4625 2159 4683 dellnitio
2209 4622 2337 4677 talis
2368 4627 2477 4676 est.
2526 4617 2621 4671 Est
2667 4609 3100 4669 commentarius
3138 4604 3208 4658 de
3258 4602 3431 4657 rebus
3475 4614 3565 4653 sa-

270 4723 390 4780 cris
447 4735 514 4776 ac
549 4718 762 4775 sanctis
814 4715 1094 4786 politicus.
1142 4714 1320 4781 Quam
1354 4716 1425 4771 ob
1455 4730 1682 4772 causam
1712 4690 1847 4773 vero
1898 4714 2370 4773 Deuteronomium
2409 4708 2717 4784 appelletur
2742 4743 2756 4768 ,
2792 4702 2911 4771 ipse
2953 4713 3056 4753 nos
3116 4692 3300 4753 Moses
3329 4690 3566 4747 edocuit

270 4826 406 4879 cum
450 4808 671 4879 inquit:
715 4824 735 4858 ι
772 4803 899 4873 Ilaec
953 4810 1087 4858 sunt
1142 4804 1311 4859 verba
1365 4801 1591 4866 foederis
1621 4819 1744 4874 quae
1774 4804 2044 4861 Dominus
2069 4802 2335 4876 praecepit
2366 4781 2504 4853 Μοέί
2556 4794 2851 4868 perhibere
2899 4787 3043 4879 filiis]
3076 4782 3246 4841 Israel
3289 4781 3347 4835 in
3412 4787 3565 4835 terra

268 4864 459 4963 bloab,
490 4864 693 4967 praeter
722 4864 1081 4948 illudftndus
1127 4890 1276 4960 quod
1308 4904 1434 4945 cum
1466 4864 1556 4949 eis
1586 4864 1795 4963 pepigit
1831 4893 1888 4948 in
1916 4864 2126 4952 Horeb.
2163 4909 2182 4946 ι
2254 4864 2269 4872 ’
2558 4864 2573 4868 ἡ
3027 4864 3043 4880 ’
3108 4924 3111 4931 .

360 4989 720 5046 ’ἱκανούσθω
747 4985 892 5054 ὑμῖν
930 4982 1234 5043 κατοικεῖν
1266 4983 1337 5036 ἐν
1380 4983 1460 5050 τῷ
1506 4958 1629 5052 ὅροι
1654 4958 1865 5051 codro).
1900 4993 1922 5049 Δ

2045 4984 2191 5041 Satis
2218 4983 2288 5037 sit
2318 4981 2462 5036 vobis
2497 4975 2746 5031 habitare
2770 4974 2822 5025 in
2856 4977 3035 5024 monte
3063 4968 3188 5021 isto.
3223 4961 3291 5035 [I,
3315 4959 3399 5033 6.]
3429 4958 3566 5013 Nusv

273 5081 535 5154 Οὐδαμοῦ
574 5080 902 5151 προείρηται
948 5076 1110 5131 τοῦτο
1163 5075 1380 5145 σαφῶς,
1430 5076 1481 5128 εἰ
1531 5077 1608 5146 μὴ
1639 5076 1782 5131 κατὰ
1811 5093 1835 5128 τ

2002 5093 2144 5148 [nam
2204 5075 2306 5131 hoc
2363 5070 2657 5127 manifeste
2709 5076 2793 5121 est
2833 5060 3179 5134 praedictum,
3240 5053 3350 5111 nisi
3407 5053 3564 5121 juxta

273 5146 689 5249 Σαμάρειτιδέὸν
737 5146 905 5242 μόνον
941 5169 1280 5241 ἀντίγραφον
1315 5168 1375 5222 ὲν
1429 5169 1545 5232 τοῖς
1591 5168 1835 5243 Ἀριθμοῖ

2011 5169 2258 5239 xemplar
2316 5163 2711 5220 Samariticum
2750 5166 2965 5211 tantum
3016 5152 3073 5206 itt
3123 5146 3402 5211 Numeris,
3447 5152 3569 5215 post

280 5237 426 5343 pera
450 5237 543 5322 ἒτὸν
569 5266 701 5338 περὶ
865 5237 978 5327 δύω
1005 5237 1328 5330 σαλίπίγγων
1362 5259 1524 5331 νόμον
1546 5277 1560 5290 ’
1595 5237 1732 5315 sese
1756 5237 1842 5313 Ϋτοί

2005 5264 2211 5321 luarum
2253 5259 2511 5315 tubarum
2541 5256 2718 5324 legem
2753 5266 2767 5303 :
2798 5256 3055 5304 caeterum
3094 5243 3148 5297 in
3187 5237 3438 5295 Judaicis
3470 5253 3567 5305 po-

291 5329 887 5427 ζῙουδοιϊκοῖς,’δυκέόιμει
911 5358 1137 5408 νοεῖται.
1179 5329 1271 5408 ’Ev
1290 5353 1367 5423 τῷ
1393 5329 1504 5425 γήὰρ
1530 5355 1708 5408 εἰπεῖν
1736 5354 1853 5424 μετέ

2006 5356 2149 5412 entia
2175 5350 2525 5422 intelligitur.
2560 5346 2675 5400 Hoc
2697 5344 2845 5398 enim
2869 5339 3015 5411 quod
3048 5335 3184 5390 dicit
3218 5340 3342 5402 post
3371 5329 3568 5384 tubas:

291 5453 382 5517 οάς
412 5451 746 5517 σάλπιγγας,
780 5423 808 5498 ι*
842 5446 952 5500 Καὶ
984 5444 1187 5516 ἐξῆραν
1215 5445 1266 5498 οἱ
1290 5446 1400 5499 υἱοὶ
1445 5423 1686 5518 Ἰσραὴλ,
1719 5464 1738 5504 ι
1774 5445 1853 5521 δη-

2047 5446 2114 5507 Ει
2141 5449 2432 5501 moverunt
2460 5440 2553 5501 filii
2580 5438 2751 5495 Israel
2784 5436 2867 5502 “;
2899 5454 2918 5488 ›
2956 5435 3284 5504 argumento
3318 5423 3569 5495 estquod

283 5548 367 5601 Λοῖ
388 5545 465 5609 ὡς
496 5542 591 5598 τοῦ
632 5541 771 5597 Θεοῦ
807 5540 1155 5602 κωλύσαντος
1202 5538 1298 5592 ἐπὶ
1340 5537 1502 5592 πλέον
1531 5537 1845 5611 ἐνδιατρίψει

1720 5537 1872 5611 PM“!
1983 5541 2126 5599 Deus
2157 5535 2508 5612 prohibuerit
2539 5531 2778 5602 longius
2808 5544 2877 5585 eo
2910 5526 3017 5582 loci
3055 5522 3282 5580 morari.

283 5637 363 5708 τῷ
404 5636 569 5706 τόπῳ.

361 5755 407 5787 ³⁵
442 5753 613 5809 Exod.
644 5767 733 5815 xx,
771 5752 870 5816 PZ;
902 5750 1056 5806 Deut.
1090 5766 1161 5815 vi,
1194 5749 1258 5817 5;
1292 5747 1484 5803 Matth.
1524 5765 1658 5813 χχιι,
1696 5750 1785 5805 ‘57.
1822 5749 1866 5780 ³⁵
1902 5747 2072 5803 Exod.
2107 5761 2195 5808 xx,
2232 5746 2320 5808 15,
2344 5743 2450 5810 Ii;
2490 5742 2647 5817 Deut.
2679 5756 2735 5802 v,
2770 5739 2858 5803 I7,
2897 5737 3007 5817 18A;
3042 5735 3315 5817 nunc},
3353 5734 3442 5802 2|,

289 5830 333 5871 ⁸⁸
378 5804 547 5882 IIS-avi.
572 5804 877 5889 lxxxvi—,3:
954 5804 1030 5856 Ῠ³⁷
1072 5804 1213 5877 PsaI.
1245 5804 1336 5886 'tx,
1362 5819 1451 5875 20.
1567 5820 1612 5852 ³⁸
1646 5804 1841 5875 ibiibi

288 5902 336 5945 θ’
368 5899 529 5955 Num.
562 5910 617 5961 Χ,
648 5894 737 5949 12.

2004 5819 2047 5849 ³⁹
2090 5804 2232 5871 Psal.
2266 5804 2317 5883 νς
2351 5804 2403 5871 υς
2440 5804 2447 5810 ’
2511 5813 2553 5843 ⁸ο
2579 5809 2742 5865 Num.
2792 5824 2919 5875 xxv,
2952 5808 3001 5863 6.
3125 5807 3163 5836 "
3201 5805 3370 5861 Itlor.
3405 5821 3441 5871 I,
3471 5804 3563 5860 Si.
