3956 6398
215 298 334 364 897
446 288 455 289 ί
1141 299 1550 361 COMMENTA
1563 299 1677 360 RIl
1716 298 1798 357 1N
1840 294 2547 358 DEUTERONOMIUM.
3418 290 3525 352 8’98

303 411 571 484 Προλέγει
597 411 662 464 rit
684 411 747 463 ἐκ
782 412 1150 482 παραϐάσεως
1178 414 1365 476 αὐτοῖς
1389 413 1625 480 ἐσόμενα
1650 411 1819 473 δεινὰ,
1856 448 1865 470 ι

2001 408 2258 462 ιἰ-ςιιιιίρῑι
2302 422 2432 460 vero
2495 407 2577 460 eis
2630 420 2881 475 qua-nam
2925 405 3067 457 mala
3102 418 3166 457 ex
3208 410 3524 471 transgres-

220 505 329 557 καὶ
358 504 433 566 ὡς
462 502 617 555 ἔσται
648 501 738 554 διὰ
782 503 1073 571 μετανοίας
1104 502 1369 572 σωθῆναι.
1413 504 1522 554 Καὶ
1569 502 1677 555 τῶν
1723 517 1782 569 πη

1961 503 2085 555 ioue
2112 501 2221 566 sint
2251 507 2561 560 eventura,
2613 508 2663 553 et
2700 496 2981 566 quomodo
3019 511 3111 563 per
3148 493 3522 563 pteniteutiam

226 598 405 665 μείων
441 595 877 664 ὑπομιμνήσκει,
931 597 1026 647 καὶ
1075 596 1177 663 τῆς
1234 596 1556 662 ἐπιφανείας
1616 595 1715 663 τῆς
1769 596 1788 645 ὲ

1963 594 2139 646 editus
2164 591 2229 643 ad
2265 591 2501 644 salutem
2537 592 2607 644 sit
2646 589 2890 653 futurus,
2929 586 3364 643 colntuouefat-it
3398 587 3525 639 item

226 689 384 743 Σινᾶ.
414 688 527 742 Καὶ
565 688 646 741 ὅτι
687 705 705 738 ι
745 686 985 740 Τοιαῦτα
1031 687 1133 740 οὑκ
1181 688 1405 755 ἐποίησε
1458 687 1619 741 παντὶ
1659 686 1779 739 ἑΟνε

1962 699 2024 737 os
2056 684 2364 751 signorum,
2396 681 2521 734 item
2549 680 2920 751 apparitionis
2940 694 3109 748 (piam
3136 678 3188 731 in
3218 676 3349 731 Sina
3377 677 3524 730 fecit.

227 780 425 834 καὶτὰ
447 781 695 851 κρίματα
728 779 894 833 αὐτοῦ
938 779 1041 834 οὐκ
1076 779 1348 852 ἐδήλωσεν
1387 782 1593 845 αὐτοῖς,
1634 799 1653 832 ι
1686 797 1789 834 κατ

1966 779 2180 844 lenique
2213 775 2359 844 quod
2394 774 2479 828 his
2510 784 2674 843 atque
2703 771 3017 836 huiusmodi
3062 786 3174 825 non
3210 783 3345 824 usus
3381 776 3528 823 esset

225 874 325 928 τὸν
348 871 538 927 Δαὸιδ.
1932 882 2059 921 cum
2102 869 2319 921 cunctis
2373 866 2650 934 gentibus.
2714 865 2983 932 Quodque
3009 863 3221 929 judicia
3262 875 3363 915 sua
3416 874 3526 915 non

1934 956 2294 1027 patefecisset
2321 958 2427 1024 eis,
2456 957 2612 1027 juxta
2644 957 2903 1008 Davidem
2945 957 3013 1009 ⁸⁵.

306 1067 436 1122 Non
467 1082 591 1123 cum
620 1068 866 1137 patribus
891 1070 1082 1125 vestris
1107 1071 1302 1141 pepigit
1327 1071 1500 1141 [trdus
1525 1072 1643 1136 hoc,
1674 1071 1766 1125 sed
1792 1073 2082 1139 vobiscum,
2135 1082 2244 1127 etc.
2304 1071 2409 1145 [3.]
2440 1072 2557 1126 Non
2597 1073 2742 1125 enim
2797 1085 2938 1139 Opus
2972 1068 3208 1122 habebat
3249 1065 3527 1122 Abraham

232 1157 562 1229 posterique
591 1158 771 1230 ipsius
804 1159 1015 1215 {aedere
1042 1159 1213 1215 Mosis
1244 1160 1558 1215 ministerio
1583 1160 1793 1215 exciso.
1828 1159 1964 1215 Nam
2010 1162 2161 1233 justo
2193 1161 2279 1215 lex
2317 1162 2499 1231 posita
2537 1175 2645 1213 non
2679 1168 2782 1214 est.

306 1274 426 1326 Οὐκ
450 1272 560 1344 ἄρα
592 1273 662 1329 τὰ
714 1277 773 1328 ὲν
816 1274 895 1347 τῷ
925 1275 1079 1348 νόμῳ
1104 1275 1387 1341 Maluerit»;
1419 1280 1469 1330 oi
1522 1277 1629 1349 πρὸ
1654 1277 1826 1331 Mosa

2010 1276 2120 1332 Nec
2160 1278 2355 1348 utique
2394 1279 2530 1348 justi
2565 1286 2831 1347 quotquot
2878 1285 3005 1329 ante
3047 1274 3253 1330 Moscm
3306 1273 3529 1328 fuerunt

230 1365 379 1430 σέως
409 1366 716 1436 ἐφύλαττον
741 1368 965 1424 δίκαιοι.

1934 1369 2108 1439 legem
2146 1368 2314 1424 Mosis
2344 1369 2737 1425 observarunt.

313 1498 446 1557 Haec
487 1512 666 1555 autem
698 1511 822 1558 sunt
843 1511 1133 1572 precepta,
1164 1504 1328 1567 ritus,
1347 1503 1559 1573 judicia
1589 1519 1708 1574 qua:
1733 1504 1987 1574 prmcepit
2038 1502 2298 1557 Dominus
2352 1502 2493 1557 Deus
2527 1514 2717 1567 uester,
2749 1513 2805 1555 nt
2831 1518 2920 1556 vos
2954 1501 3195 1555 docerem
3220 1510 3274 1552 ut
3308 1498 3530 1569 faciatis

228 1602 298 1639 ea
332 1587 386 1640 in
416 1596 563 1642 terra
595 1587 663 1645 ad
686 1604 847 1658 quam
879 1605 970 1643 vos
1017 1590 1284 1645 transitis.
1322 1588 1439 1660 [V1,
1471 1589 1550 1661 1.]
1590 1590 1699 1645 Lex
1730 1591 1877 1646 enim
1912 1591 1980 1647 ab
2036 1592 2105 1644 iis
2142 1591 2234 1662 qui
2282 1600 2439 1647 extra
2488 1599 2691 1647 terram
2760 1591 3032 1653 habitant,
3079 1588 3364 1645 observari
3416 1602 3528 1642 non

236 1683 481 1745 poterat,
515 1690 618 1730 nec
647 1676 841 1746 utique
866 1675 1130 1731 omnibus
1161 1676 1245 1730 lex
1278 1682 1486 1748 scripta
1522 1680 1865 1749 congruebat
1903 1680 2148 1751 populis.

308 1798 574 1868 Βοῦλεται
603 1811 802 1875 αὐτοὺς
830 1811 1065 1883 μλετᾷν
1092 1811 1182 1865 ἀεὶ
1227 1813 1319 1866 τὸν
1363 1812 1551 1883 νόμον,
1581 1812 1678 1866 καὶ
1702 1813 1831 1876 τοὺς
1863 1799 1870 1853 Ῐ

2003 1809 2065 1865 1η
2117 1810 2206 1867 his
2258 1826 2393 1867 vero
2428 1812 2701 1867 sententia
2759 1810 2882 1879 ejus
2915 1817 3024 1876 est,
3078 1818 3138 1864 ut
3171 1826 3395 1881 semper
3425 1811 3530 1881 legi

232 1905 297 1973 ιξ
331 1904 516 1960 αὐτῶν
544 1902 843 1957 διδάσκειν.
875 1902 1011 1972 Περὶ
1033 1900 1238 1965 παντὸς
1267 1901 1379 1972 γὰρ
1414 1901 1625 1955 δικαίου
1663 1902 1794 1971 φησὶ

1972 1904 2224 1969 tudeant,
2246 1919 2489 1973 suosque
2522 1904 2731 1958 liberos
2763 1903 3025 1958 doceant.
3057 1902 3132 1957 De
3164 1903 3363 1972 quovis
3386 1902 3531 1957 enim

231 2000 261 2051 ὸ
303 1996 491 2050 Δασίδο
526 2013 546 2047 ι
600 1995 660 2047 '0
688 1996 853 2064 νόμος
879 1992 975 2047 τοῦ
1022 1993 1157 2047 Θεοῦ
1207 1993 1374 2047 αὐτοῦ
1408 1994 1467 2048 ὲν
1508 1995 1708 2067 καρδία
1731 1995 1793 2047 αὐ

1969 2003 2088 2050 usto
2117 1994 2287 2049 David
2320 1995 2537 2065 inquit:
2589 2014 2607 2045 ι
2640 1994 2751 2049 Lex
2791 1992 2883 2049 Dei
2919 1995 3006 2050 sui
3044 1996 3099 2049 in
3122 1994 3289 2050 corde
3331 1995 3531 2064 ipsius.

232 2090 355 2157 τοῦ,
386 2093 485 2160 οὐχ
511 2086 1040 2157 ὁποσκελισϐἠσεται
1067 2087 1134 2140 τὰ
1166 2084 1481 2157 διαδήματα
1511 2085 1698 2141 αὑτοῦ.
1736 2104 1757 2138 ι

1969 2086 2058 2141 ion
2112 2075 2599 2143 labefactab'untur
2615 2096 2835 2157 gressus
2847 2084 3035 2153 ejus,“
3058 2102 3081 2137 ι
3102 2086 3355 2143 custodia
3385 2090 3531 2142 enim

1940 2180 2148 2245 cordis,
2181 2180 2316 2252 legis
2344 2181 2661 2236 observatio
2698 2187 2809 2239 est.

318 2288 426 2343 Vos
466 2291 604 2343 enim
626 2290 755 2343 estis
778 2288 1052 2357 perpauci.
1084 2286 1218 2359 [\'ll,
1253 2287 1333 2360 7.]
1354 2287 1511 2342 Haud
1541 2291 1721 2360 inepte
1750 2291 1817 2346 ad
1851 2293 1974 2351 illos
2004 2297 2098 2367 qui
2138 2307 2397 2370 expertes
2433 2297 2772 2354 litereditatis
2812 2304 2970 2352 erant
3000 2296 3207 2351 dictum
3237 2306 3321 2351 est
3360 2295 3531 2350 illud:

236 2377 543 2433 Pauciores
575 2379 792 2432 cunctis
824 2378 1042 2448 populis
1084 2378 1243 2443 estis,
1281 2387 1446 2447 atque
1498 2378 1636 2433 adeo
1682 2379 1942 2437 similiter
1999 2384 2129 2438 huic
2175 2402 2187 2437 :
2226 2403 2246 2437 ι
2289 2378 2458 2440 Pauci
2516 2386 2608 2455 qui
2665 2392 2965 2440 servantur
3000 2383 3070 2439 ⁸⁷.
3113 2400 3133 2433 ι
3182 2380 3312 2437 ltcm
3354 2382 3530 2436 huic:

242 2486 260 2518 ι
294 2467 631 2522 Contendite
655 2466 869 2537 ingredi
900 2482 996 2535 per
1030 2471 1242 2519 arctam
1278 2474 1495 2534 portam
1522 2464 1587 2518 ⁸⁸.
1632 2484 1651 2518 ι

314 2553 673 2608 Frumentum
703 2564 879 2618 tuum,
917 2553 1098 2607 vinum
1130 2562 1300 2616 tuum,
1332 2563 1381 2605 et
1410 2554 1586 2608 oleum
1614 2563 1785 2607 tuum.
1816 2554 1958 2629 [£25.]
1990 2557 2084 2614 Dei
2115 2560 2261 2614 enim
2297 2560 2559 2630 legitimis
2592 2560 2719 2615 filiis
2748 2567 2941 2615 sancte
2967 2574 3031 2615 ac
3066 2558 3306 2615 feliciter
3337 2559 3535 2613 cedent

238 2643 449 2698 Christi
479 2642 874 2715 mysteriorum
933 2640 1285 2711 participatio
1316 2648 1371 2695 ct
1407 2657 1530 2711 qua:
1560 2658 1657 2712 per
1695 2642 1962 2713 Spiritum
1998 2655 2252 2701 sanctum
2305 2647 2365 2702 fit
2406 2650 2615 2703 unctio.
2646 2649 2750 2716 Qui
2779 2651 2971 2718 utique
3001 2649 3071 2703 ab
3103 2647 3531 2720 a'gritudinibus

241 2739 444 2792 animae
468 2737 624 2791 liberi
656 2742 787 2791 sunt
816 2750 881 2789 ac
916 2735 1212 2789 immunes.
1244 2732 1468 2789 Necnon
1501 2748 1634 2789 vero
1681 2734 1863 2789 anima
1890 2733 1987 2788 Dei
2019 2735 2269 2791 studiosa
2296 2736 2384 2792 his
2417 2736 2759 2794 fertilissima
2782 2746 2887 2805 est,
2920 2753 3062 2807 quas
3093 2746 3275 2793 tamen
3308 2736 3530 2791 virtutis

240 2826 506 2897 operibus
541 2825 779 2896 repellit,
813 2832 982 2894 atque
1006 2824 1263 2879 discutit.

314 2913 586 2982 Quoniam
616 2929 745 2984 gens
785 2913 898 2968 hac
926 2928 1008 2967 me
1034 2911 1270 2981 amplior
1297 2919 1397 2965 est.
1448 2908 1589 2981 [ιη

324 3044 417 3099 Ἐν
444 3047 510 3118 τῇ
552 3044 748 3116 Ἐξόδῳ
785 3043 1229 3119 παραθαρῤύνων
1263 3045 1485 3112 αὐτοὺς,
1525 3045 1834 3110 δεδοικότας

2016 3044 2079 3099 In
2121 3043 2310 3101 Exodo
2346 3060 2472 3105 cum
2508 3046 2868 3104 confirmaret
2889 3062 2986 3103 eos
3015 3046 3221 3102 veritos
3251 3044 3539 3118 Egyptia-

244 3136 353 3192 τῶν
388 3137 704 3207 Αἰγυπτίων
731 3137 830 3210 τὴν
863 3137 1099 3208 δύναμιν
1121 3176 1138 3203 ,
1176 3136 1385 3207 ἔφασκε
1407 3154 1420 3167 ’
1457 3154 1476 3188 t
1509 3136 1715 3208 Κύριος
1742 3154 1806 3190 πο

1977 3151 2068 3189 um
2102 3138 2267 3207 vires,
2294 3136 2473 3206 inquit
2509 3154 2523 3190 :
2567 3156 2586 3189 ι
2618 3136 2885 3193 Dominus
2915 3137 3287 3208 propugnabit
3315 3153 3412 3207 pro
3438 3154 3538 3193 vo-

245 3229 478 3300 λεμήσει
533 3229 676 3299 ὑπὲρ
732 3230 908 3301 ὑμῶν,
956 3230 1052 3284 καὶ
1106 3230 1266 3299 ὑμεῖς
1309 3230 1623 3301 σιγήσεσοε.
1661 3248 1682 3281 ι
1725 3230 1807 3284 Ἐν

1969 3229 2054 3291 iis,
2094 3244 2304 3298 vosque
2356 3230 2657 3297 quiescetis
2695 3229 2761 3283 ‘9.
2811 3247 2830 3281 ι
2878 3229 2981 3285 llic
3022 3246 3152 3285 vero
3201 3232 3531 3285 memoriam

242 3296 424 3377 caueat
456 3308 521 3377 at
557 3296 664 3380 τῶν
703 3296 805 3395 ﬁda
867 3323 1101 3397 δυνάμει
1145 3296 1292 3377 ⁷Θεοῦ
1338 3296 1804 3393 καιτηγωνισμένω

1760 3339 1843 3376 Ιιιιν
1870 3296 1915 3355 c'
1948 3334 2139 3377 eorum
2166 3296 2259 3390 qui
2284 3296 2385 3375 Dei
2413 3323 2617 3381 virtute
2642 3322 2846 3378 devicti
2882 3330 3013 3378 sunt
3045 3322 3322 3379 refricuit.

243 3415 555 3487 ὑπέμνησε.

322 3551 533 3608 Cuncta
563 3550 825 3605 mandata
856 3550 985 3606 hwc.
1021 3547 1185 3622 ΠΜ,
1219 3549 1297 3621 1.]
1341 3548 1461 3603 Non
1512 3548 1672 3603 aliter
1722 3554 1923 3619 printer
1954 3545 2211 3615 pristina,
2243 3560 2305 3600 ea
2341 3547 2457 3616 ipsa
2507 3562 2638 3602 vero
2683 3549 2815 3603 hinc
2864 3547 3177 3603 claritatem
3231 3549 3539 3604 asciscant.

242 3643 523 3697 Caeterum
556 3638 931 3693 inﬁrmitatem
964 3653 1078 3709 pra)
1110 3652 1171 3693 se
1205 3636 1449 3692 ferentes
1475 3651 1505 3689 a
1554 3639 1721 3691 rebus
1754 3633 2055 3691 sensilibus
2091 3645 2154 3687 ac
2188 3634 2565 3702 temporaneis
2595 3644 2815 3691 avocat.

320 3727 392 3781 Et
429 3727 797 3781 recordaberis
831 3725 1068 3785 universi
1110 3726 1345 3794 itineris,
1402 3740 1495 3792 per
1549 3728 1691 3794 quod
1748 3720 1969 3776 deduxit
2008 3729 2055 3774 te
2113 3721 2373 3777 Dominus
2427 3723 2572 3778 Deus
2635 3734 2778 3779 tuast
2955 3723 3011 3778 Si
3051 3724 3175 3794 ejus
3210 3726 3538 3781 recordatus
3624 3756 3643 3773 ο

246 3816 449 3878 fueris,
478 3817 533 3869 in
555 3815 963 3869 tentationibus
993 3814 1227 3884 reliquis
1253 3829 1365 3875 non
1405 3811 1567 3868 facile
1596 3809 1911 3867 collaberis.
1966 3808 2183 3864 Etenim
2229 3810 2396 3865 David
2461 3828 2587 3867 cum
2616 3814 2830 3867 solidus
2873 3816 2926 3869 in
2955 3812 3068 3869 Deo
3099 3826 3269 3876 esset,
3303 3817 3484 3884 inquit
3522 3834 3536 3871 :

253 3924 272 3956 ι
310 3905 489 3959 Proba
523 3921 629 3966 tne,
664 3904 915 3965 Domine,
949 3913 1002 3958 et
1030 3919 1127 3957 cor
1157 3919 1339 3957 meum
1365 3902 1591 3972 explora
1619 3901 1686 3955 “.
1723 3919 1743 3951 ι
1779 3900 1910 3953 Item
1940 3914 1953 3951 :
2003 3916 2025 3951 ι
2057 3898 2307 3952 Probasti
2344 3915 2463 3965 nos,
2501 3909 2556 3959 et
2613 3903 2838 3958 tentasti
2883 3918 3001 3965 nos.
3065 3904 3537 3972 quemadmodum

247 4001 498 4049 tentatur
527 4001 815 4062 argentum
844 3990 911 4046 ⁵³.
952 4010 971 4042 ι
1001 3991 1083 4045 Ad
1118 3989 1380 4045 Davidem
1408 3990 1538 4044 item
1567 3987 1751 4058 inquit
1780 3985 1925 4041 Dens
1954 4005 1968 4040 :
2001 4006 2020 4038 ι
2062 3987 2141 4045 An
2184 3994 2348 4057 putas
2380 4002 2466 4044 me
2520 3990 2626 4044 alia
2677 3991 2891 4049 ratione
2923 4000 3104 4045 tecum
3134 3992 3337 4061 egisse,
3369 4007 3538 4061 quam

218 4092 312 4137 .ut
348 4096 645 4151 apparares
672 4079 903 4149 justus?
944 4098 963 4132 ι
992 4077 1154 4133 Tales
1186 4094 1281 4133 eos
1321 4092 1449 4133 esse
1471 4080 1671 4132 asserit
1703 4075 1964 4146 parabola
1998 4076 2093 4147 qui
2148 4091 2314 4143 super
2352 4086 2561 4146 petram
2598 4078 2795 4137 domos
2854 4088 3255 4134 exstruxerunt
3307 4082 3372 4135 θ’.
3434 4080 3538 4146 Qui

245 4172 473 4243 quidem
502 4185 597 4240 per
625 4170 806 4240 ignem
832 4177 886 4224 et
912 4183 1110 4239 aquam
1138 4168 1389 4232 eluetati,
1422 4167 1475 4221 in
1506 4166 1860 4237 refrigerium
1892 4165 2319 4227 contenderunt,
2356 4175 2410 4220 et
2458 4167 2745 4236 spirituale
2780 4182 2984 4227 manna
3018 4181 3408 4238 perceperunt.
3452 4171 3542 4224 ln-

250 4258 582 4315 :eliexerunt
613 4271 745 4312 vero
784 4272 895 4315 non
924 4257 1044 4312 solo
1074 4272 1211 4325 pane
1245 4255 1522 4309 hominem
1563 4253 1835 4317 victitare,
1888 4269 2079 4309 verum
2111 4268 2222 4309 uno
2258 4270 2481 4325 quoque
2511 4257 2683 4312 verbo
2705 4258 2853 4327 quod
2881 4273 2978 4326 per
3006 4272 3069 4312 os
3100 4256 3195 4311 Dei
3229 4259 3533 4331 egreditur.

248 4346 372 4403 lloc
402 4345 550 4402 enim
578 4346 655 4403 ibi
684 4344 905 4415 quidem
933 4344 1148 4399 dictum
1178 4352 1286 4408 est,
1322 4343 1550 4401 allatum
1577 4355 1708 4397 vero
1739 4355 1769 4394 a
1808 4340 2103 4394 Servatore
2134 4341 2186 4394 in
2226 4342 2535 4399 certamine
2590 4354 2783 4399 contra
2821 4344 3096 4399 diabolum
3123 4354 3209 4399 est
3237 4346 3301 4408 ⁸³,
3335 4345 3535 4401 Serva-

249 4450 398 4500 tore,
435 4435 685 4505 inquam,
723 4434 814 4503 qui
856 4442 910 4490 et
942 4441 1182 4489 veterem
1211 4444 1266 4487 et
1310 4446 1510 4486 novam
1540 4430 1710 4499 legem
1747 4430 1949 4484 sanxit.
1982 4429 2251 4486 Caeterum
2291 4442 2419 4491 ante
2442 4447 2645 4487 manna
2691 4432 3008 4488 fruitionem
3058 4433 3245 4504 priore
3271 4435 3535 4489 alimento

248 4534 541 4595 assumpto
573 4524 825 4579 atilictari
848 4539 914 4577 ac
949 4521 1254 4578 famescere
1277 4530 1516 4590 oportet.
1543 4519 1716 4574 Porro
1746 4518 1970 4572 verbum
2017 4535 2217 4574 manna
2271 4529 2411 4584 erat,
2444 4521 2573 4576 licet
2605 4522 2767 4593 panis
2809 4537 3032 4593 quoque
3060 4529 3230 4587 esset,
3267 4526 3536 4592 quemad-

247 4614 479 4670 modum
509 4612 689 4668 Moses
716 4613 882 4667 etiam
912 4611 1389 4681 interrogantibus
1421 4608 1721 4679 respomlet
1754 4624 1770 4661 :
1836 4625 1854 4660 ι
1898 4606 2004 4663 Iste
2037 4615 2120 4663 est
2170 4610 2329 4678 panis
2364 4624 2529 4680 quem
2592 4610 2862 4666 Dominus
2912 4610 3075 4667 nobis
3130 4612 3535 4666 comedendum

246 4703 514 4773 apposuit
545 4701 614 4754 ⁸⁵.
651 4719 669 4752 ι
707 4699 859 4755 Istud
887 4698 1051 4775 437
1075 4709 1159 4755 est
1190 4699 1421 4754 verbum
1456 4695 1603 4766 quod
1637 4697 1819 4751 sanxit
1857 4694 2147 4760 Dominus,
2186 4698 2334 4752 unde
2361 4712 2497 4752 sane
2534 4698 2714 4753 tennis
2754 4706 2809 4753 et
2841 4698 3001 4753 albus
3034 4699 3220 4754 dictus
3247 4709 3353 4754 est.
3382 4700 3539 4755 Exite

246 4792 403 4846 enim
425 4790 650 4845 verbum
682 4795 790 4852 est,
815 4797 868 4843 et
898 4790 1007 4842 tale
1037 4787 1187 4863 quod
1213 4787 1513 4855 pertransit
1544 4795 1775 4841 cunctos
1810 4785 2039 4854 spiritus
2109 4785 2498 4855 intelligentes,
2551 4786 2812 4854 mundos,
2870 4788 3252 4845 tenuissimas.
3302 4787 3537 4845 Necnon

248 4894 384 4933 vero
408 4878 525 4947 ipsa
560 4891 785 4947 quoque
818 4875 1086 4945 sapientia
1124 4874 1359 4948 spiritus
1392 4883 1477 4929 est
1500 4874 1836 4943 intelligens.
1875 4881 2127 4935 sanctus,
2159 4873 2456 4943 unigenus,
2498 4875 2974 4961 amplus,‘tenuis.

331 4992 464 5048 Erat
488 5009 652 5063 porro
675 4992 855 5047 simile
884 5008 1050 5062 grano
1084 4991 1375 5046 coriandri.
1415 4988 1578 5061 [\‘lll,
1613 4988 1693 5059 5.]
1726 4987 1981 5044 Tradunt
2032 4988 2317 5045 coriandri
2365 4999 2623 5044 naturam
2658 4991 2885 5060 penitus
2930 4991 3128 5046 semini
3179 4992 3537 5061 respondere,

249 5085 396 5139 adeo
428 5093 488 5139 ut
518 5083 565 5137 si
594 5081 919 5138 succidatur
943 5083 1108 5136 etiam
1142 5080 1424 5135 coriandri
1459 5095 1670 5141 semen,
1718 5080 1825 5133 vim
1858 5091 2017 5131 Suam
2050 5093 2160 5131 non
2194 5077 2439 5145 amittat,
2474 5087 2534 5134 ut
2575 5080 2813 5135 sementi
2847 5080 3107 5135 idoneum
3143 5081 3383 5150 amplius
3425 5096 3535 5135 non

248 5172 510 5230 exsistat.
546 5168 878 5239 Ilujusmodi
928 5171 1160 5223 verbum
1211 5174 1297 5221 est
1328 5165 1575 5231 omnino,
1626 5164 1790 5234 cujus
1839 5166 2023 5219 omnis
2055 5167 2326 5234 particula
2375 5167 2443 5221 ad
2476 5175 2640 5224 terrae
2691 5170 2901 5224 cultum
2937 5178 3131 5223 natura
3168 5179 3297 5239 apta
3334 5177 3443 5237 est,
3485 5172 3535 5229 si
3592 5208 3599 5215 .

251 5259 550 5315 mandetur
583 5258 892 5312 commodae
944 5268 998 5311 et
1030 5257 1187 5311 bona:
1222 5266 1405 5319 terrae,
1433 5255 1535 5308 hoc
1561 5261 1647 5308 est
1695 5254 1914 5307 animae.
1950 5251 2048 5308 Est
2101 5268 2269 5322 porro
2314 5254 2502 5327 album
2533 5256 2724 5310 etiam.
2755 5254 2963 5309 Lumen
3014 5256 3166 5310 euiur
3196 5256 3423 5313 verbum
3450 5267 3537 5314 est

254 5349 425 5418 idque
457 5345 832 5416 splendidum,
883 5361 947 5400 ac
986 5344 1221 5413 proinde
1263 5358 1485 5414 quoque
1523 5343 1707 5397 album
1741 5341 1921 5411 ipsmn
1949 5341 2279 5412 intelligenli
2311 5342 2380 5398 ab
2411 5358 2589 5414 eoque
2624 5343 2856 5397 nutrito.
2892 5343 2989 5398 Est
3019 5344 3146 5399 item
3181 5346 3298 5398 saxi
3330 5347 3536 5400 simile.“

254 5438 583 5490 tiontortum
624 5435 831 5487 etenim
865 5442 969 5496 est,
1000 5443 1055 5486 et
1082 5432 1400 5500 neutiquam
1430 5429 1745 5494 ﬂaccidum,
1780 5445 1958 5498 neque
2015 5427 2245 5495 ﬂuxum,
2278 5446 2467 5484 verum
2516 5446 2764 5486 saxeum.
2811 5432 3049 5487 leeste
3079 5434 3279 5503 quippe
3305 5435 3532 5489 verbum

254 5534 362 5589 est,
395 5535 461 5573 ac
491 5521 655 5575 nobis
689 5522 941 5577 cwlestia
975 5519 1267 5589 promittit.

1732 5619 1761 5637 φ

333 5704 376 5734 *⁵
406 5702 549 5755 Psal.
581 5715 784 5773 exuat,
911 5768 941 5773 _
987 5697 1034 5773 δέ
1068 5695 1216 5750 Psal.
1247 5693 1559 5773 saxulﬁj:
1600 5690 1691 5773 δῖ’..
1800 5689 1895 5773 ⁸⁷1

1967 5708 2177 5773 ..ι-δικιιίι
2332 5692 2385 5773 ξε
2418 5693 2618 5773 Matth.
2650 5712 2747 5773 vti,
2910 5700 3025 5773 J."
3067 5700 3241 5773 Exod.
3280 5714 3392 5766 xxv,
3441 5698 3526 5752 Η.

265 5773 310 5804 ⁸³
351 5772 498 5827 i'sal.
542 5788 669 5837 xxv,
702 5762 779 5823 ’ξ’-,⁷
837 5769 879 5799 ⁶¹
910 5768 1056 5824 Psal.
1089 5782 1215 5836 μιν,
1259 5768 1347 5820 10.
1424 5765 1467 5795 ⁸³
1503 5763 1699 5816 Matth.
1738 5778 1827 5828 vn,

1654 5766 1699 5815 tt.
1738 5778 1834 5828 vn,
1868 5762 1958 5828 ei,
2136 5763 2179 5795 ⁸³
2212 5764 2404 5820 Matth.
2445 5782 2518 5832 tv,
2550 5766 2603 5820 4.
2684 5765 2730 5797 ⁸⁸
2770 5762 2951 5823 Exod:
2986 5785 3097 5834 xvt,
3154 5771 3216 5825 t5
