3956 6410
526 285 628 349 899

589 394 707 451 Non
749 392 885 452 dixit
922 409 1050 455 vero
1098 419 1112 454 :

519 503 710 542 verum
747 491 865 545 sine
914 492 1074 545 etiam
1096 511 1119 556 ,-
1164 500 1424 563 tanquam
1486 499 1534 549 si
1587 496 1874 561 dixisset;
1905 498 2023 553 Non
2060 501 2113 555 iu

521 582 624 635 hoc.
650 597 762 650 quo
796 584 1001 652 putatis
1032 584 1171 649 solo,
1218 601 1403 641 verum
1453 588 1506 640 in
1581 589 1707 642 hoc.
1750 589 2101 646 Manifestum

516 680 603 725 est
641 682 821 726 autem
858 673 1006 743 quod
1033 688 1233 729 manna
1266 691 1334 731 ex
1369 692 1464 733 ore
1494 679 1858 746 proficiscens
1889 684 2113 737 verbum

516 773 657 818 erat.
689 762 824 819 Nam
852 781 1144 824 commune
1176 769 1383 839 aliquid
1414 770 1580 827 habet
1610 788 1834 840 manna,
1863 789 1990 844 'quo
2013 777 2114 829 do-

515 876 706 915 cemur
753 875 862 916 non
923 862 1042 918 solo
1103 867 1242 934 pane
1279 866 1555 921 hominem
1609 870 1812 935 vivere,
1859 885 1984 924 cum
2021 869 2114 926 Dei

520 953 713 1017 verbo,
737 969 848 1023 quo
886 955 1150 1011 vivimus.

600 1044 978 1100 Vestimentum
1007 1057 1157 1101 tuum
1190 1065 1350 1119 super
1395 1059 1442 1105 te
1470 1068 1574 1106 non
1600 1061 1679 1106 est
1709 1051 1984 1121 detritum,
2024 1072 2116 1111 nec

511 1139 663 1207 pedes
685 1140 762 1193 tui
782 1139 1171 1197 intumuerunt.
1193 1141 1360 1214 [νειμ
1377 1143 1456 1218 4.]
1483 1145 1772 1202 Prioribus
1798 1147 1902 1201 hoc
1926 1152 2150 1206 statim.

512 1232 823 1302 subjungit,
870 1249 940 1288 ne
969 1249 1197 1291 causam
1228 1252 1325 1291 seu
1359 1239 1738 1294 testimonium
1773 1240 1905 1295 hinc
1948 1241 2116 1294 habe-

513 1333 635 1378 rent
665 1325 868 1395 quibus
920 1325 975 1379 in
1012 1327 1315 1382 securitate
1363 1328 1561 1399 degere
1595 1330 1814 1384 animus
1863 1340 1964 1385 est.
1996 1328 2117 1397 Quo

514 1431 649 1473 sane
686 1415 947 1471 Servalor
987 1416 1045 1471 in
1093 1416 1408 1489 Evangeliis
1463 1434 1588 1474 cum
1651 1421 1784 1475 viris
1842 1421 2115 1489 supersti-

515 1508 657 1561 tiose
684 1508 851 1561 etiam
893 1507 1066 1578 legem
1111 1510 1575 1578 amplectentibus
1604 1526 1773 1582 agens
1815 1527 1954 1568 usus
2005 1519 2112 1567 est.

520 1618 538 1652 ι
571 1599 628 1654 Si
660 1601 807 1657 enim
839 1599 976 1655 Mosi
1001 1599 1409 1669 credidissetis,
1442 1602 1644 1671 inquit,
1681 1606 1875 1673 utique
1900 1611 1953 1656 et
1976 1604 2111 1658 mihi

1884 290 2243 359 PROCOPII
2283 296 2528 363 GAZdii

1166 398 1365 455 Verum
1414 403 1577 457 etiam
1614 405 1666 458 in
1717 408 1864 460 omni
1914 411 2099 473 verbo,

2284 417 2398 469 Οὐκ
2431 416 2554 471 εἷπε
2589 420 2666 484 δὲ,
2730 423 2889 476 Ἀλλά
2937 426 3030 478 καὶ
3085 426 3179 479 ἐπὶ
3229 433 3383 484 παντὶ
3415 437 3620 506 ῥήματι,
3651 446 3724 499 ἀλ)

3657 324 3741 396 900

2218 505 2348 558 ἄνευ
2382 506 2476 559 τοῦ
2502 547 2515 569 ,
2547 512 2647 583 θεαί
2674 526 2686 537 ·
2711 511 2785 575 ὡς
2822 511 3009 581 ἔλεγεν
3030 532 3042 544 ·
3072 515 3189 570 Οὐκ
3221 519 3310 572 ἐπὶ
3351 505 3496 593 τῷδε,
3519 521 3557 594 ᾧ
3601 532 3745 591 οεεσθε

2219 598 2388 668 μόνῳ,
2430 601 2547 653 ἀλλ’
2597 604 2689 655 ἐπὶ
2721 604 2877 676 τῷδε.
2916 608 3025 662 Καὶ
3069 609 3248 679 δῆλον,
3281 614 3360 667 ὅτι
3415 619 3473 669 τὸ
3521 622 3675 689 μάννα
3697 632 3746 684 rb

2218 692 2659 765 ἐκπορευόμενον
2712 698 2776 750 ὲκ
2806 697 2901 751 τοῦ
2961 701 3256 771 στόματος.
3287 706 3434 776 ῥῆμα
3461 707 3551 780 ἦν·
3585 718 3688 771 ὲπεί
3711 741 3752 777 τι

2216 787 2399 839 κοινὸν
2447 787 2564 859 ἔχει
2610 790 2673 843 τὸ
2717 791 2893 861 μάννα
2936 794 2993 860 ἐξ
3043 791 3104 851 οὗ
3153 798 3529 871 διδασκόμεθα,
3573 811 3659 865 οὐκ
3684 818 3751 869 ἐπ’

2216 876 2368 947 ἄρτῳ
2430 881 2580 950 μόνῳ
2626 880 2726 952 ζῇν
2773 883 2864 937 τὸν
2912 884 3222 957 ἄνθρωπον,
3266 891 3497 962 πρδςτδ
3530 898 3615 952 τοῦ
3643 904 3753 959 ελεοῦ

2218 968 2393 1039 ρἧα,
2426 971 2512 1039 ἐφ’
2539 964 2584 1039 ᾧ
2613 971 2820 1044 ζῶμεν.

2294 1061 2371 1115 Τὰ
2409 1062 2609 1132 Ιμάτιά
2639 1073 2757 1121 σου
2800 1070 2874 1122 οὐ
2924 1073 3362 1140 κατετρίόησαν
3388 1075 3503 1130 ἀπὸ
3538 1083 3674 1135 σοῦ·
3714 1089 3756 1140 ot

2217 1153 2402 1219 πόδες
2430 1171 2551 1210 σου
2586 1160 2699 1212 οὐκ
2720 1159 3137 1230 ἐτυλὼθησαν.
3183 1165 3363 1237 ’ἰκανὴ
3396 1173 3650 1241 μαρτυρία
3670 1180 3756 1238 τοῖς

2218 1243 2566 1316 βουλομένοις
2592 1247 2691 1320 ζῇν
2735 1251 3185 1323 ἀπερισπάστως.
3221 1249 3407 1331 τῌπερ
3437 1262 3464 1314 ὁ
3512 1263 3682 1337 Σωτὴρ
3712 1270 3755 1321 ὲν

2219 1334 2580 1428 βύαγγελίοις
2603 1340 2664 1393 οὐ
2697 1344 2967 1414 κέχρηται
2998 1347 3136 1418 πρὸς
3166 1348 3367 1420 ἄνδρας
3390 1351 3479 1405 τὸν
3499 1334 3756 1428 νόμον-με-

2215 1425 2485 1492 λετῶντας
2545 1430 2827 1503 διακενῆς.
2897 1435 3002 1490 «Εἰ
3061 1439 3170 1511 γὰρ
3232 1425 3580 1511 ἐπιστεύετε,
3630 1425 3755 1518 φησι,

2216 1516 2462 1581 Μωῠσεϊ,
2506 1519 2826 1576 ἐπιστεύετε
2875 1524 2942 1578 ἂν
2989 1528 3083 1582 καὶ
3128 1527 3270 1599 ιμοι.
3312 1545 3331 1583 ι
3380 1532 3538 1588 Ὅθεν
3578 1537 3634 1590 εκ
3671 1516 3759 1594 ea.

2217 1608 2353 1660 πᾶσι
2386 1609 2670 1681 προδήλων
2701 1615 2900 1679 αὐτοὺς
2930 1617 3212 1688 ἐκτρέπει,
3254 1620 3321 1674 τὰ
3345 1624 3559 1679 πετεινὰ
3584 1631 3664 1682 καὶ
3684 1632 3755 1685 τοῦ

513 1692 898 1747 credidissetis
921 1692 988 1747 ⁸⁸.
1022 1712 1042 1745 ι
1099 1691 1258 1748 Unde
1293 1695 1456 1750 rebus
1507 1695 1768 1751 omnibus
1802 1694 2108 1751 manifestis

2219 1700 2393 1772 ἀγροῦ
2424 1703 2493 1755 τὰ
2521 1704 2686 1776 κρίνα
2712 1709 2992 1779 προσθείς.
3024 1711 3140 1765 Οὐκ
3175 1714 3480 1786 ἐδεήθησαν
3513 1718 3565 1772 δὲ
3593 1722 3757 1796 ὑποδη-

513 1800 633 1851 eos,
660 1786 907 1840 volatilia
936 1787 1068 1841 caeli
1102 1786 1330 1857 liliaque
1366 1787 1486 1857 agri
1517 1789 1903 1858 proponendo,
1936 1805 1968 1845 a
2000 1790 2108 1846 sol-

2222 1793 2412 1863 μάτων
2434 1797 2486 1849 οἱ
2516 1798 2707 1865 πάλαι,
2747 1801 3020 1872 μηδεμιᾶς
3050 1803 3230 1878 λύμης
3257 1784 3323 1861 ὲκ
3476 1811 3587 1865 ὁδοῦ
3612 1784 3756 1884 προσ·-
3822 1872 3825 1875 ,

515 1875 801 1931 licitudine
826 1877 1190 1931 convertit“.
1240 1876 1361 1931 Non
1412 1890 1682 1950 eguerunt
1734 1888 1950 1937 veteres
1992 1883 2110 1937 cal-

512 1970 836 2033 ceamentis,
900 1984 968 2024 eo
1019 1970 1167 2040 quod
1228 1971 1393 2040 pedes
1446 1988 1637 2027 eorum
1691 1974 1843 2028 nulla
1892 1974 2112 2030 itineris

513 2061 816 2129 asperitate
847 2067 1237 2116 attererentur.
1275 2061 1421 2128 Quin
1454 2064 1624 2119 etiam
1668 2052 1981 2121 habuerunt
2015 2082 2110 2122 ve-

508 2150 770 2211 stimenta
814 2170 922 2210 non
959 2157 1172 2224 attrita,
1202 2158 1333 2213 item
1365 2174 1589 2227 manna,
1621 2173 1821 2231 aquam
1870 2163 2110 2231 denique

510 2251 719 2321 largam
751 2266 815 2305 ex
840 2261 1016 2320 petra,
1048 2250 1270 2306 abunde
1302 2251 1566 2306 universa
1609 2251 1677 2305 ad
1710 2252 1899 2308 vitam.
1935 2252 2109 2309 Cane-

511 2357 636 2395 rum
674 2340 949 2412 superﬂua
982 2355 1081 2396 sua
1124 2351 1179 2396 et
1229 2341 1469 2412 insipida
1506 2342 1982 2412 concupiscentia,
2017 2343 2106 2398 in-

509 2434 711 2485 teritus
747 2446 974 2485 usuram
1033 2431 1281 2501 sibiipsis
1322 2430 1599 2498 fecerunt,
1634 2432 2102 2500 quemadmodum

509 2540 613 2581 nos
648 2539 869 2595 quoque
899 2540 1024 2580 cum
1068 2525 1234 2580 rebus
1282 2524 1602 2580 carnalibus
1647 2524 1848 2582 addicti
1886 2541 2100 2582 sumus.

514 2636 534 2671 ι
560 2619 682 2673 Non
715 2618 861 2672 enim
912 2618 1167 2690 potestis,
1210 2617 1413 2687 inquit,
1464 2617 1680 2675 duobus
1709 2618 1951 2673 dominis
1979 2633 2101 2672 ser-

512 2726 627 2766 vire
650 2710 718 2765 ⁸⁷.
757 2729 775 2761 ι
808 2708 966 2776 Quod
1001 2710 1046 2765 si
1075 2720 1257 2765 autem
1293 2709 1359 2762 ad
1405 2709 1572 2764 breve
1606 2718 1825 2779 tempus
1853 2709 2106 2779 discipli—

2212 1888 2545 1960 τριϐομένης
2599 1892 2779 1945 αὐτῶν
2820 1896 2935 1957 τοῖς
2984 1896 3181 1950 ποσίν·
3220 1896 3368 1970 εἶχον
3400 1902 3456 1955 δὲ
3500 1904 3601 1957 καὶ
3630 1908 3754 1977 ἀτρι.

2214 1978 2330 2068 δεῖς
2361 1980 2618 2051 ἐσθῆτας,
2671 1984 2857 2039 καὶτὸ
2891 1988 3091 2057 μάννα,
3139 1991 3235 2045 καὶ
3276 1995 3377 2063 τῆς
3405 1995 3688 2068 άκροτόμου
3714 2000 3758 2053 τὸ
3822 2006 3825 2009 ’

2214 2067 2382 2140 ὕδωρ,
2430 2071 2610 2125 πάντα
2654 2075 2792 2147 πρὸς
2836 2076 2984 2148 ζωὴν
3029 2081 3306 2154 αὐτάρκη.
3345 2085 3575 2159 Περιττὴ
3612 2090 3757 2144 δὲκαὶ

2211 2161 2476 2233 ἀνόνητος
2504 2166 2775 2238 ἐπιθυμία
2812 2173 2906 2225 τὸν
2930 2172 3152 2242 ὄλεθρον
3189 2177 3377 2241 αὐτοῖς
3415 2181 3753 2252 προεξένησεν,

2209 2252 2285 2316 ὡς
2324 2255 2419 2307 καὶ
2441 2259 2577 2326 ἡμῖν
2605 2259 2674 2314 τὰ
2716 2265 2958 2334 σαρκικὰ
2990 2267 3371 2337 περιέπουσιν.
3412 2291 3431 2324 ι
3459 2274 3530 2327 Οὐ
3566 2274 3756 2330 δύνασθε

2206 2343 2527 2439 ¹Ξνὰρρφησὶ,
2564 2350 2687 2404 δυσὶ
2712 2354 2924 2425 κυρίοις
2954 2356 3253 2431 δουλεύειν.
3290 2382 3308 2414 ι
3357 2363 3419 2416 Εἰ
3446 2363 3502 2417 δὲ
3527 2367 3613 2419 καὶ
3650 2369 3756 2439 πρὸς

2207 2433 2383 2528 βραχὺ
2438 2439 2806 2507 παιδευτικῶς
2856 2445 2964 2500 τῶν
3010 2449 3341 2521 ἐπιτηδείων
3387 2433 3753 2528 ύστερηθῶμεν.

2203 2523 2363 2596 δῆλον
2391 2526 2467 2591 ὡς
2509 2528 2594 2582 ἵνα
2634 2533 3026 2605 περιεχώμεοα
3056 2539 3115 2591 ἐν
3158 2541 3336 2595 ἆπάσι
3364 2542 3459 2596 τοῦ
3492 2523 3637 2600 Θεοῦ.
3659 2523 3753 2600 ’Κό-

2209 2632 2303 2709 ρης
2347 2620 2457 2690 γὰρ
2493 2622 2678 2694 πατὴρ
2730 2624 2940 2697 ὕϐρεως
2963 2643 2977 2658 ·
3024 2628 3183 2699 ὕϐρις
3211 2633 3292 2701 δὲ,
3327 2635 3756 2709 ὑπερηφανίας-ἡ

2210 2707 2290 2771 δὲ,
2329 2716 2609 2777 πτώσεως.

509 2814 597 2855 nae
618 2814 785 2855 causa
815 2800 979 2855 rebus
1010 2799 1339 2856 necessariis
1371 2799 1620 2855 destituti
1686 2799 1977 2865 fuerimus,
2037 2806 2153 2852 tum
2194 2808 2420 2868 apparet
2472 2815 2812 2876 quantopere
2869 2814 3062 2866 oinnes
3126 2826 3216 2869 res
3285 2816 3502 2874 divinas
3558 2820 3755 2891 amplexi

510 2888 801 2948 fuerimus.
837 2890 1079 2948 Satietas
1103 2891 1250 2947 enim
1281 2898 1437 2962 pater
1470 2892 1821 2947 contumeliae
1849 2901 1954 2958 est,
1988 2891 2324 2946 contumelia
2371 2893 2546 2951 fastus
2589 2911 2652 2952 ae
2700 2901 2996 2969 superbiae,
3029 2920 3093 2961 ea
3153 2907 3398 2979 denique
3478 2888 3656 2982 lapsus
3708 2928 3757 2967 ac

509 2983 788 3037 interitus.

582 3075 715 3146 Ejus
760 3076 849 3146 qui
899 3083 947 3129 te
991 3072 1213 3130 deduxit
1260 3086 1355 3143 per
1401 3072 1671 3129 desertum
1722 3083 1932 3129 vastum
1981 3082 2031 3129 et
2081 3071 2408 3167 horrendum
2439 3070 2596 3129 illud.
2650 3074 2798 3149 [i5.j
2844 3076 2946 3135 Ubi
2983 3093 3217 3152 serpens
3268 3087 3529 3144 mordens
3559 3099 3607 3143 et
3634 3102 3754 3144 scor-

508 3167 660 3239 pius.

576 3257 1051 3328 Quemadmodum
1132 3258 1238 3330 ipsi
1282 3298 1299 3321 ,
1353 3266 1645 3329 postquam
1718 3262 2167 3327 permeassentc

504 3367 661 3408 mare
714 3348 1006 3416 Rubrum,
1060 3350 1115 3405 in
1175 3358 1288 3421 Quo
1350 3348 1648 3421 Apostolus
1686 3363 1782 3404 eos
1850 3347 2096 3418 baptiza-

506 3456 594 3502 tus
640 3458 764 3500 esse
801 3442 858 3497 in
903 3441 1108 3498 Mosem
1155 3442 1338 3513 inquit
1385 3442 1468 3509 “,
1496 3448 1861 3512 peragrarunt
1910 3439 2098 3495 deser-

504 3543 622 3591 tum
681 3534 1007 3589 horrificum
1071 3532 1165 3587 ubi
1227 3547 1461 3605 serpens
1518 3532 1776 3586 mordens
1829 3540 1885 3587 et
1938 3545 2093 3588 scor-

505 3630 651 3699 pius,
684 3627 779 3697 qui
804 3627 1036 3696 iiguram
1075 3623 1389 3696 spiritualis
1420 3622 1695 3693 serpentis
1740 3627 1900 3694 gerit,
1932 3638 2093 3692 quem

501 3720 669 3773 etiam
701 3716 1147 3772 conculcandum
1176 3714 1446 3771 Dominus
1479 3715 1643 3770 nobis
1683 3715 1938 3771 exhibuit
1968 3733 1981 3769 :
2019 3715 2093 3769 ita

500 3825 725 3881 quoque
775 3817 902 3880 post
935 3810 1207 3879 baptisma
1238 3823 1431 3864 verum
1490 3822 1591 3878 per
1637 3807 1971 3863 tentationes
2000 3809 2097 3861 de-

499 3904 787 3958 ducuntur
834 3902 889 3954 in
945 3901 1228 3956 desertum
1278 3897 1490 3965 ﬁdu’eles,
1546 3909 1666 3953 uta
1715 3898 1936 3954 diabolo
1975 3906 2095 3953 ten-

499 4002 691 4049 tentur
731 4009 747 4047 :
789 4006 1024 4063 quorum
1071 3991 1306 4062 figuram
1354 3990 1615 4046 Christus
1659 3990 1921 4055 sustinet,
1966 4005 2091 4045 cum
2136 4040 2139 4043 ι

499 4101 613 4157 quo
641 4085 708 4141 ad
741 4092 1077 4139 tentatorem
1121 4082 1318 4138 dicunt
1348 4101 1364 4138 ι
1405 4101 1424 4135 ι
1457 4081 1574 4139 Non
1612 4085 1665 4137 in
1695 4098 1837 4154 pane
1860 4082 1984 4139 solo
2012 4083 2091 4137 vi-

500 4179 716 4234 ctitabit
753 4176 921 4231 homo
947 4176 1014 4230 °’.
1066 4193 1086 4229 ι

571 4269 639 4325 In
677 4279 871 4324 terram
912 4270 1104 4324 bonam
1152 4275 1201 4322 et
1250 4267 1505 4337 amplam.
1536 4265 1644 4340 [7.]
1676 4265 1813 4324 Illud
1864 4266 2089 4338 quidem

501 4362 843 4417 fertilitatem
870 4361 1102 4426 indicat,
1138 4360 1243 4415 hoc
1272 4375 1403 4416 vero
1435 4358 1838 4430 longitudinem
1871 4367 1926 4415 et
1968 4358 2091 4413 lati-

2273 3254 2489 3326 ’ἀσπερ
2535 3247 2683 3309 οὗτοι
2723 3257 2861 3328 μετὰ
2886 3259 2947 3312 τὸ
2979 3259 3209 3317 διελθεῖν
3252 3265 3354 3335 τὴν
3391 3262 3643 3340 Ἐρυθρὰν
3674 3268 3747 3323 θά-

2204 3347 2434 3413 λασσαν,
2467 3349 2562 3401 καὶ
2590 3342 2624 3424 ᾖ
2657 3366 2826 3421 φησιν
2875 3352 2905 3404 ὁ
2947 3353 3295 3421 ’Δπόστολος,
3327 3361 3407 3423 είς
3428 3361 3518 3413 τὸν
3548 3362 3751 3430 Μωῦσῆν

2205 3438 2596 3510 βαπτισθῆναι,
2653 3440 2872 3512 διῆλθον
2921 3443 3021 3516 τὴν
3047 3445 3255 3516 ἔρημον
3296 3449 3397 3520 τὴν
3428 3450 3671 3522 φοδερὰν,
3703 3444 3748 3505 οὗ

2199 3530 2326 3600 ὄφις
2360 3530 2573 3586 δάκνων
2605 3534 2702 3587 καὶ
2729 3536 3015 3606 σκορπίος,
3054 3537 3229 3604 τύπος
3268 3541 3425 3607 ὄντες
3464 3544 3555 3598 τοῦ
3590 3543 3747 3616 νοητοῦ

2201 3624 2405 3692 ὄφεως,
2429 3624 2517 3693 ἐφ’
2542 3624 2601 3678 ὃν
2632 3626 2726 3680 καὶ
2756 3630 2949 3682 πατεῖν
2976 3631 3005 3682 ὁ
3029 3630 3235 3700 Κύριος
3259 3635 3418 3705 ἡμῶν
3454 3636 3744 3707 ἐδωρήσατο·

2199 3715 2344 3769 οὕτω
2375 3718 2467 3771 καὶ
2495 3717 2637 3786 μετὰ
2659 3719 2719 3770 τὸ
2743 3720 2999 3790 ἀληθινὸν
3030 3722 3322 3795 βάπτισμα
3345 3726 3434 3780 διὰ
3462 3727 3746 3799 πειρασμῶν

2199 3807 2490 3876 ἐξάγονται
2541 3810 2621 3871 εἰς
2662 3809 2763 3880 τὴν
2815 3809 3024 3882 ἔρημον
3068 3815 3119 3866 οἱ
3161 3817 3386 3878 πιστοὶ,
3429 3816 3747 3888 πειρασθῆναι

2200 3898 2308 3950 ὑπὸ
2336 3897 2431 3950 τοῦ
2472 3896 2745 3964 διαϐόλου,
2798 3894 2874 3956 ὧν
2913 3902 3086 3966 τύπος
3125 3906 3364 3976 Χριστός
3393 3924 3408 3940 ο
3451 3908 3567 3978 μεθ’
3602 3902 3655 3960 ού
3678 3906 3746 3958 λέ-

2198 4003 2356 4055 γουσι
2387 3987 2465 4057 τῷ
2496 3990 2813 4059 πειράζοντι
2836 4010 2851 4024 ·
2891 4010 2910 4046 t
2933 3993 3051 4048 οὐκ
3076 3996 3163 4049 ἐπ’
3191 3996 3348 4070 ἄρτῳ
3376 3999 3520 4070 μόνῳ
3557 3999 3745 4068 ζήσεται

2199 4078 2517 4150 ἄνθρωπος.
2556 4100 2573 4133 ι
3061 4125 3073 4136 .

2271 4256 2374 4321 Εἰς
2403 4254 2523 4325 γῆν
2552 4258 2790 4326 ἀγαθὴν
2833 4260 2930 4314 καὶ
2968 4262 3234 4332 πολλήν.
3268 4265 3343 4317 Τὸ
3379 4265 3498 4334 μὲν,
3545 4265 3601 4317 τὸ
3634 4261 3745 4330 γόνι-

2201 4364 2302 4418 μον
2336 4349 2523 4420 δηλοῖ·
2553 4352 2613 4404 τὸ
2639 4352 2718 4417 δὲ,
2750 4354 2928 4424 μῆκος
2972 4357 3066 4408 καὶ
3102 4357 3305 4422 πλάτος
3338 4359 3437 4428 τῆς
3467 4358 3659 4429 χώρας.
3689 4354 3746 4406 Οὐ

500 4453 744 4508 tudinem
781 4441 1046 4523 regionis.
1082 4450 1201 4506 Non
1239 4451 1384 4506 enim
1412 4448 1708 4521 Egyptus,
1741 4451 1787 4504 si
1817 4451 1863 4504 ei
1895 4450 2089 4504 confe-

2209 4442 2435 4514 τοσαύτη
2477 4443 2588 4516 γὰρ
2622 4447 2654 4515 ἡ
2704 4445 2983 4514 Αἴγυπτος
3037 4449 3292 4517 προςηη.
3326 4453 3439 4521 (87)
3472 4452 3625 4505 πάλιν
3653 4449 3744 4500 δια-

498 4554 675 4609 ratur,
712 4551 863 4597 tanta
906 4550 1012 4597 est.
1049 4542 1186 4595 Item
1234 4554 1432 4594 rursus
1487 4539 1857 4608 distinguens,
1911 4537 2087 4605 inquit

2209 4534 2454 4599 στέλλων,
2484 4538 2674 4606 φησὶν,
2706 4536 2851 4609 ὕδωρ
2901 4539 3049 4610 ἔχειν
3090 4541 3150 4605 ἐξ
3168 4543 3404 4613 οὐρανοῦ
3441 4544 3533 4598 καὶ
3566 4538 3743 4611 πηγῶν.

498 4652 697 4707 aquam
730 4635 950 4691 coalitus
994 4649 1063 4690 ac
1105 4646 1174 4689 ex
1227 4632 1477 4687 fontibus
1536 4629 1764 4694 habere,
1816 4630 1912 4683 illa
1944 4629 2089 4684 enim

2209 4624 2272 4679 Γὸ
2297 4627 2407 4697 γὰρ
2444 4629 2662 4698 ἐκείνης
2708 4631 3057 4685 ἐπείσακτον.
3088 4629 3225 4686 Εἶτα
3272 4635 3471 4689 πεδίων
3502 4631 3744 4705 μνησθεὶς.

500 4735 699 4797 prazter
756 4726 1055 4782 ascititiam
1112 4723 1316 4778 nullam
1365 4721 1549 4776 habet.
1614 4718 1820 4775 Deinde
1863 4734 1988 4773 cum
2031 4719 2089 4774 in

2209 4718 2387 4789 ἐπειδὴ
2446 4719 2606 4772 τοῦτο
2664 4722 2844 4775 κοινὸν
2893 4725 3030 4792 πρὸς
3074 4726 3179 4796 τὴν
3229 4726 3529 4796 Αἴγυπτον,
3573 4724 3628 4777 τὸ
3654 4721 3745 4773 τῶν

497 4833 820 4889 camporum
848 4818 1180 4874 mentionem
1227 4815 1538 4880 incidisset,
1585 4820 1751 4883 atque
1795 4813 1899 4868 hoc
1935 4827 2087 4867 com-

2209 4809 2384 4877 3péwr
2417 4813 2750 4884 προσέθηκε.
2806 4815 2978 4868 Πάλιν
3023 4815 3197 4870 εἰπὼν
3238 4818 3418 4883 κοινὰ,
3450 4817 3646 4887 πυροὺς
3674 4808 3746 4864 καὶ

499 4924 663 4965 mune
712 4923 839 4964 cum
891 4907 1132 4979 Aigypto
1182 4906 1368 4970 habet,
1422 4904 1487 4958 de
1531 4901 1799 4956 montibus
1852 4902 2080 4956 addidit.

2209 4903 2410 4973 ιριθὰς,
2457 4907 2584 4969 τοὺς
2637 4905 2939 4972 ίδιάζοντας
2990 4909 3244 4980 ἐπιφέρει
3287 4910 3565 4980 καρποὺς,
3605 4900 3746 4966 δεῖξαι

497 4999 669 5056 Porro
709 5008 1001 5072 postquam
1042 4999 1112 5054 de
1143 4997 1488 5070 vulgaribus,
1520 5003 1652 5064 puta
1695 4992 1765 5047 de
1811 4992 1998 5048 tritico
2029 5002 2085 5046 et

2209 4993 2542 5065 Ξουλόμενος,
2581 4997 2653 5051 τὰ
2708 4999 2809 5069 μὲν
2857 5001 3077 5073 ἐκείνης
3125 5005 3278 5073 παρὰ
3304 5002 3498 5073 ταύτῃ,
3534 4995 3638 5053 ἀλλ’
3665 4992 3746 5046 οὐκ

498 5091 705 5147 hordeo
736 5090 992 5154 dixisset,
1021 5090 1210 5145 statim
1259 5092 1325 5141 de
1361 5082 1737 5155 peculiaribus
1770 5082 1892 5151 ejus
1922 5091 2084 5139 terra:

2209 5086 2487 5141 ὶνάπαλιν.
2561 5090 2745 5163 Ὀλίγη
2807 5091 2867 5144 δὲ
2921 5094 3022 5164 τῆς
3081 5095 3365 5162 Αἰγύπτου
3430 5092 3525 5146 καὶ
3583 5084 3742 5142 ἐλαίαν

494 5181 748 5254 frugibus
784 5182 970 5237 infert.
1019 5181 1140 5248 Quo
1180 5179 1406 5251 quidem
1454 5177 1703 5231 indicare
1752 5176 1887 5243 vult,
1940 5177 2087 5247 quod

2209 5177 2319 5248 ἣτις
2395 5180 2521 5234 οὐδὲ
2581 5183 2718 5253 πρὸς
2777 5184 2957 5239 ἔλαιον
3032 5186 3376 5258 ἐπιτήδειος,
3439 5183 3534 5238 καὶ
3593 5182 3745 5248 ἄμπε-

496 5271 585 5325 illa
636 5287 763 5326 eum
818 5273 921 5328 hac
965 5273 1038 5330 sit
1086 5268 1448 5331 conferenda,
1494 5266 1592 5323 sed
1638 5282 1747 5321 non
1798 5282 1829 5322 e
1871 5276 2087 5323 contra.
2196 5271 2307 5336 λος.

494 5364 638 5431 Quin
677 5365 845 5419 etiam
900 5367 1006 5422 olei
1054 5365 1215 5435 inops
1261 5359 1533 5432 Egyptus
1567 5368 1675 5426 cst,
1733 5369 1924 5431 utpote
1968 5375 2090 5431 quae
2129 5362 2195 5417 ad
2247 5367 2353 5422 olei
2429 5378 2683 5423 naturam
2772 5371 3002 5427 minime
3050 5372 3120 5428 sit
3176 5369 3601 5432 accommodata,
3640 5361 3740 5415 item

500 5460 726 5513 vitium.

570 5552 614 5583 ⁶⁸
641 5549 803 5604 Joan.
837 5567 888 5615 v,
924 5552 1016 5606 46.
1094 5553 1139 5585 ⁸³
1170 5550 1363 5606 Matth.
1392 5567 1468 5617 vr,
1495 5550 1590 5615 26,
1622 5550 1715 5605 28.
1792 5549 1838 5583 ⁸⁷
1877 5549 2012 5605 ibid.
2060 5550 2108 5603 ΞΑ

2230 5551 2276 5583 ⁸⁸
2310 5552 2327 5607 1
2357 5551 2488 5609 Cor.
2526 5568 2581 5620 Χ,
2613 5554 2669 5609 2.
2750 5552 2793 5589 ⁸³
2819 5554 3018 5611 Matth.
3050 5568 3124 5624 Iv,
3160 5553 3216 5609 4.
3258 5603 3270 5615 .

568 5733 684 5806 (87)
720 5734 824 5790 Ἵδο
860 5737 995 5808 ’πρὸς
1031 5737 1227 5809 αὑτήν.
2014 5665 2253 5725 δθΤΑἰ
