3956 6394
251 278 356 343 901
1155 282 1694 343 COMMENTARII
1720 280 1801 341 IN
1840 275 2540 341 DEUTERONOMIUM.
3421 266 3526 332 909.

324 389 448 445 lam
481 402 612 443 vero
655 395 711 441 ut
762 402 1033 457 necopus
1063 388 1363 444 lateritium
1393 391 1670 451 omittam.
1696 388 2022 459 nonmagni
2054 402 2121 442 eo
2158 386 2378 440 labores
2408 384 2503 438 tibi
2532 381 2787 438 sumendi
2813 388 2999 445 erunt,
3034 395 3157 434 cum
3193 382 3362 434 duros
3389 380 3531 451 lapi—
3562 444 3569 451 _

252 476 356 532 des
385 484 440 531 et
467 474 719 529 aediliciis
750 484 910 544 aptos
944 475 1169 530 habeas.

331 588 527 659 Ἔχει,
587 587 758 657 φησὶ,
809 586 905 642 καὶ
956 588 1198 659 μέταλλα
1247 590 1469 660 χαλκοῦ.
1515 590 1693 646 Πάλαι
1740 590 1849 660 γὰρ

2024 585 2201 641 Habet
2236 586 2390 652 item,
2426 585 2624 656 inquit,
2665 584 2793 639 teris
2842 583 3084 647 metalla,
3135 581 3382 650 quinimo
3423 579 3531 633 du-

253 677 403 735 εἷπε.
433 678 597 750 Δηλοῖ
621 680 678 733 δὲ
722 683 756 752 ἠ
809 680 975 751 μέχρι
1006 681 1102 735 καὶ
1150 681 1246 734 νῦν
1276 684 1334 736 ἐν
1372 682 1705 755 Παλαιστίνῃ
1733 684 1843 737 τῶν

1990 694 2077 731 um
2114 678 2324 731 habuit.
2359 679 2697 747 Argumento
2724 690 2853 731 vero
2875 684 2982 739 est,
3008 690 3129 744 quae
3159 674 3339 726 adhuc
3366 671 3532 726 etiam

252 771 542 841 χαλκικῶν
582 771 800 825 Ἰούόων
824 772 1047 826 ἀτέλεια
1070 787 1085 803 ·
1118 772 1237 826 ἐστι
1262 774 1319 826 δὲ
1343 775 1546 845 μέτρον
1573 775 1679 846 γῆς
1712 777 1843 838 ἴσως

1991 786 2004 822 ι
2039 768 2328 822 Palaestina
2351 768 2477 822 teris
2508 765 2780 821 Juborum
2829 765 3048 821 duravit
3076 762 3244 835 438
3269 761 3526 816 immuni-

253 866 371 930 τοῖς
394 864 564 918 πάλαι
594 862 991 934 μεταλλευταῇς
1023 863 1455 937 χορηγούμενον.

1988 875 2060 915 is.
2095 860 2193 914 Est
2227 874 2355 913 vero
2387 866 2547 913 terrae
2576 873 2838 913 mensura
2868 858 3115 928 antiquis
3151 858 3383 913 fortasse
3406 855 3534 911 aeris

1949 951 2358 1005 scrutatorihus
2388 951 2755 1020 suppeditata.

333 1074 414 1127 Ac
453 1070 509 1125 in
542 1084 762 1126 summa
791 1083 924 1124 vero
949 1067 1210 1124 omnibus
1245 1067 1411 1122 bonis
1437 1065 1748 1120 aﬂluituros
1771 1076 1918 1125 esse,
1956 1072 2122 1134 atque
2154 1064 2475 1134 largitorem
2504 1077 2700 1127 eorum
2734 1060 3072 1117 laudandum
3107 1061 3533 1117 celebrandum-

258 1175 374 1230 que
418 1172 564 1214 esse.
615 1157 864 1223 Quorum
904 1142 1129 1226 quidem
1198 1156 1322 1210 loco
1370 1168 1599 1224 regnum
1649 1150 1918 1206 caelorum
1963 1157 2280 1219 terramque
2339 1159 2754 1206 mansuetorum
2817 1148 3075 1204 Christus
3114 1148 3278 1202 nobis
3318 1147 3533 1213 tribuit,

258 1247 426 1318 cujus
456 1255 676 1300 torrens
727 1245 846 1314 ipse
887 1259 1111 1314 quoque
1149 1243 1409 1298 Christus
1442 1251 1547 1296 est.
1594 1259 1611 1292 ι
1637 1237 1907 1292 Torrente
1960 1237 2107 1291 enim
2166 1238 2494 1292 deliciarum
2550 1247 2768 1291 tuarum
2804 1236 3020 1305 potabis
3060 1252 3157 1291 eos
3183 1236 3251 1290 ⁷ο.
3286 1254 3305 1287 ι
3354 1235 3484 1289 Item
3519 1253 3532 1290 :
3610 1296 3615 1301 ,

266 1357 287 1389 ι
311 1336 586 1391 Fluminis
614 1335 757 1389 alvei
787 1333 1073 1389 civitatem
1101 1331 1196 1388 Dei
1240 1331 1558 1387 exhilarant
1583 1330 1653 1383 ⁷⁸.
1693 1346 1713 1379 ι
1750 1325 1856 1392 Qui
1887 1324 2054 1379 etiam
2103 1326 2227 1380 vitae
2256 1324 2463 1380 fontem
2503 1340 2561 1380 se
2592 1338 2716 1380 esse
2744 1323 2900 1387 dicit,
2933 1331 2990 1378 et
3029 1323 3181 1378 addit
3213 1338 3228 1377 :
3267 1341 3287 1375 ι
3322 1320 3379 1377 Si
3407 1322 3536 1392 quis

261 1426 410 1491 sitit,
439 1424 624 1479 veniat
672 1432 726 1477 et
757 1420 932 1488 bibat,
961 1436 1030 1477 ex
1073 1428 1270 1476 ventre
1319 1420 1464 1474 enim
1508 1416 1751 1472 bibentis
1801 1411 2027 1467 ﬂumina
2067 1413 2209 1468 viva:
2259 1426 2419 1483 aqua:
2468 1411 2717 1468 salientis
2752 1410 2807 1466 in
2853 1410 3024 1465 vitam
3057 1418 3318 1464 aeternam
3349 1424 3537 1464 erum-

260 1522 404 1585 pent
430 1513 501 1567 τ’.
529 1530 549 1564 ι
581 1510 1005 1580 Cognoscentur
1032 1521 1198 1579 porro
1237 1512 1404 1562 etiam
1427 1503 1643 1560 Domini
1671 1499 1907 1572 judicia,
1953 1511 2107 1556 vasta
2139 1516 2260 1571 qua:
2301 1501 2535 1572 abyssus
2570 1507 2720 1559 sunt,
2776 1506 2830 1553 et
2881 1496 3154 1568 profunda
3193 1497 3536 1563 divitiarum,

263 1584 559 1675 Sapientiae
595 1611 652 1659 et
698 1600 1037 1672 cognitionis
1078 1598 1281 1653 divinae
1336 1611 1509 1660 vena;
1551 1595 1790 1665 abyssus
1836 1590 1982 1646 enim
2016 1589 2221 1644 vallum
2259 1588 2436 1657 ipsius
2467 1587 2536 1640 ⁷³.
2591 1584 2865 1641 Caeterum
2903 1599 3060 1654 aquae
3101 1600 3202 1654 per
3229 1585 3538 1654 explicatos

261 1672 556 1750 hominum
618 1690 1026 1746 submissorum
1078 1685 1461 1753 fertiliumque
1505 1696 1734 1751 campos
1800 1685 2114 1747 erumpunt,
2176 1690 2393 1730 necnon
2442 1687 2542 1746 per
2590 1680 2810 1728 montes
2886 1672 3228 1728 sublimitate
3291 1672 3539 1727 caelestis

266 1779 677 1852 speculationis
705 1779 982 1834 sublatos.
1014 1775 1131 1830 lllic
1163 1784 1250 1830 est
1281 1774 1615 1828 frumentum
1648 1768 1796 1839 quod
1828 1780 1925 1821 cor
1952 1763 2195 1818 hominis
2224 1763 2537 1817 continuat.
2569 1760 2701 1815 ltem
2765 1758 3034 1814 hordeum
3075 1758 3222 1830 quod
3263 1758 3540 1815 inferioris

266 1847 444 1924 sortis
476 1866 750 1929 homines,
793 1879 898 1920 nec
930 1879 1041 1919 non
1070 1863 1277 1918 multos
1299 1862 1499 1917 nutrit.
1534 1858 1670 1913 illud
1706 1856 1852 1911 enim
1883 1853 2129 1924 quinque
2161 1851 2331 1906 millia
2364 1851 2418 1904 in
2466 1848 2781 1920 Evangelio,
2821 1848 2927 1903 hoc
2969 1863 3098 1902 vero
3137 1855 3344 1915 septem
3372 1847 3542 1901 millia

266 1955 571 2011 exsatiavit
605 1954 670 2009 τὲ.
710 1952 830 2007 lllic
872 1966 1000 2008 vera
1034 1952 1162 2007 vitis
1192 1958 1297 2018 est,
1321 1950 1396 2005 de
1432 1962 1542 2019 qua
1581 1945 1844 2000 Servator
1892 1941 2072 2009 inquit
2104 1956 2116 1995 :
2165 1959 2183 1992 ‹
2218 1941 2330 2008 Ego
2358 1938 2488 1993 vitis
2521 1952 2667 2001 sum,
2704 1952 2802 1992 vos
2846 1935 3102 2007 palmites
3129 1936 3198 1988 ⁷⁸.
3238 1953 3258 1986 ι
3304 1933 3421 1989 lllic
3456 1943 3543 1991 est

267 2046 457 2101 oleum
496 2052 817 2098 sanctorum
852 2040 1206 2112 impinguans
1232 2039 1435 2106 capita.
1474 2036 1546 2090 Ita
1586 2048 1807 2104 quoque
1839 2029 2043 2084 fluenta
2083 2035 2215 2085 sunt
2244 2027 2590 2083 dulcedinem
2643 2026 2787 2080 intra
2828 2040 2889 2081 se
2939 2023 3194 2090 ferentia,
3225 2023 3544 2094 politiazque

272 2133 636 2189 acerbitatem
673 2130 986 2184 forinsecus
1016 2111 1499 2183 circumlabentia.
1534 2123 1655 2179 illic
1707 2122 1864 2185 ficus,
1895 2133 2016 2190 qua:
2060 2129 2255 2187 magna
2285 2114 2538 2169 ubertate
2565 2113 2796 2182 spiritus
2825 2112 3155 2168 suavitatem
3207 2111 3401 2182 gignit,
3433 2125 3542 2167 non

272 2237 342 2275 ea
372 2219 590 2290 quidem
633 2233 755 2289 quae
786 2218 1137 2273 sterilitatem
1176 2225 1420 2287 propter,
1452 2228 1515 2268 ac
1547 2210 1803 2266 foliorum
1836 2208 2055 2261 inanem
2083 2211 2337 2258 ornatum
2388 2201 2626 2256 exaruit.
2665 2201 2780 2255 Illic
2834 2200 2939 2255 mel
2990 2208 3077 2256 est
3107 2218 3120 2254 :
3147 2198 3385 2255 dulcedo
3421 2197 3545 2253 fau-

273 2285 427 2364 cium
461 2285 776 2361 Servatoris
815 2304 1148 2370 desiderata,
1177 2285 1346 2373 quam
1376 2302 1519 2356 labia
1552 2310 1774 2369 quoque
1806 2293 2036 2364 Sponsae
2064 2292 2117 2345 in
2148 2289 2380 2346 Cantico
2413 2288 2726 2344 stillabunt.
2769 2307 2787 2339 ι
2811 2285 3015 2341 Favum
3055 2287 3200 2342 enim
3233 2286 3542 2351 stillabunt,

277 2395 489 2465 inquit,
531 2395 677 2449 labia
715 2404 831 2459 tua,
867 2407 1075 2464 sponsa
1105 2392 1173 2448 ⁷⁸.
1223 2410 1242 2442 ι
1284 2392 1397 2445 Illic
1431 2388 1644 2458 lapides
1692 2383 1881 2448 ferrei,
1912 2379 2092 2435 sancti
2145 2392 2310 2445 super
2343 2386 2486 2430 terra
2539 2376 2788 2439 volutati,
2835 2373 3302 2445 quemadmodum
3334 2374 3544 2429 dictum

274 2458 385 2550 est,
417 2458 479 2538 tt
505 2484 569 2539 ad
595 2458 936 2539 tentationes
970 2484 1197 2538 infracti
1225 2484 1293 2537 ⁷⁷.
1324 2479 1434 2536 Nec
1460 2479 1609 2535 enim
1640 2481 1811 2531 aestus
1851 2484 1952 2525 nec
2004 2472 2284 2520 torrentes
2318 2463 2497 2531 rapidi
2544 2476 2640 2516 eos
2678 2462 3133 2530 absumpserunt.
3178 2458 3308 2515 Item
3360 2461 3490 2514 alibi
3527 2477 3542 2514 :

284 2595 303 2626 ι
337 2547 398 2628 In
433 2585 634 2628 terram
668 2581 918 2628 sanctam
951 2572 1090 2641 lapis
1121 2585 1229 2625 non
1270 2569 1625 2640 importatur,
1649 2562 1864 2632 lapides
1897 2556 2042 2612 enim
2082 2553 2205 2620 ejus
2258 2550 2421 2641 ferrei
2450 2557 2581 2605 sunt
2605 2549 2671 2603 ⁷⁸.
2707 2568 2728 2601 ι
2762 2549 2903 2615 Quin
2945 2559 2999 2604 et
3028 2551 3149 2618 ipse
3177 2547 3323 2604 Deus
3349 2547 3545 2604 Hiero-

279 2661 511 2732 solyma:
537 2660 851 2721 denuntiat,
887 2635 1305 2729 pro'lapidibus
1338 2635 1630 2710 allaturatn
1680 2654 1804 2704 esse
1838 2640 2138 2699 ferrum".
2185 2637 2342 2704 Quod
2407 2637 2460 2691 in
2509 2651 2707 2690 manus
2767 2636 3015 2692 hostium
3065 2635 3286 2691 Israelis
3323 2650 3432 2690 non
3477 2636 3550 2690 sit

280 2724 633 2810 tradendum,
675 2745 770 2801 sed
804 2724 1010 2817 populo
1044 2724 1139 2816 qui
1174 2743 1344 2810 Deum
1369 2739 1653 2810 cognitum
1699 2735 1901 2788 haheat
1939 2727 2205 2800 :quando
2232 2725 2488 2817 videlicet
2508 2739 2643 2817 cum
2678 2724 2895 2817 gladios
2938 2724 2995 2777 in
3021 2739 3274 2778 vomeres
3310 2732 3552 2779 contun-

280 2835 497 2892 dendos
535 2849 661 2890 esse
684 2810 844 2898 dicit,
875 2810 931 2888 et
959 2810 1182 2887 lanceas
1212 2833 1268 2885 in
1303 2829 1476 2883 falces
1511 2826 1596 2892 3°;
1627 2834 1742 2878 tum
1785 2837 1817 2876 e
1864 2827 2060 2873 contra
2092 2829 2345 2869 vomeres
2374 2812 2428 2865 in
2470 2810 2706 2881 gladios,
2740 2821 2793 2865 et
2830 2810 3004 2866 falces
3033 2811 3088 2864 in
3123 2810 3332 2865 hastas.
3376 2810 3552 2865 Ambo

281 2924 431 2979 enim
461 2936 558 2992 per
584 2897 886 2992 prophetas
915 2935 1019 2975 suo
1049 2929 1295 2990 tempore
1339 2914 1606 2972 lsraelitis
1635 2918 1766 2966 sunt
1812 2907 2082 2976 injuncta.
2116 2902 2238 2955 lllic
2268 2900 2486 2953 metalla
2519 2898 2647 2953 aeris
2673 2914 2740 2953 ex
2775 2912 2887 2969 quo
2921 2906 3256 2953 armaturam
3288 2897 3555 2969 spiritua-

284 3013 417 3075 lem,
442 2987 638 3062 contra
672 2987 819 3062 vires
848 3008 1106 3062 inimicas
1135 2987 1423 3068 certaturi,
1452 3003 1857 3056 instruxerunt.
1893 2991 2095 3045 Horum
2125 2992 2372 3043 omnium
2412 3001 2542 3041 vero
2582 2994 2750 3055 caput
2789 3001 2884 3040 seu
2930 2999 3146 3040 summa
3192 2987 3415 3055 proprie
3446 2993 3553 3052 est,

285 3109 347 3155 ut
400 3073 569 3155 Deum
604 3097 829 3152 laudent
870 3105 1036 3167 atque
1090 3094 1394 3152 celebrent.
1440 3091 1711 3146 Caeterum
1757 3092 1814 3137 ut
1868 3081 2126 3151 pietatem
2177 3076 2290 3131 illis
2340 3075 2688 3130 commendet
2736 3073 3147 3141 liberationem,
3177 3089 3243 3129 ex
3292 3075 3558 3130 servitute

287 3186 619 3259 Egyptiaca
654 3185 709 3238 in
742 3162 1066 3239 memoriam
1102 3181 1349 3237 adducit.
1395 3179 1527 3234 Item
1552 3174 1800 3231 omnium
1852 3184 2047 3259 reruni
2084 3164 2532 3259 necessariarum
2582 3163 3085 3259 suppeditationem
3120 3177 3288 3232 quam
3352 3164 3406 3216 in
3462 3162 3559 3217 de-

182 3328 185 3333 ,
286 3250 548 3332 serto-eis
578 3271 735 3338 fecit,
766 3279 826 3326 ut
854 3286 949 3327 eos
976 3269 1043 3325 ad
1078 3268 1486 3326 confessionem
1516 3262 1680 3316 talem
1715 3258 1901 3327 adigat
1930 3272 1945 3309 :
1982 3274 2000 3306 ι
2032 3252 2123 3307 Dei
2150 3251 2330 3306 nostri
2358 3266 2461 3320 ope
2499 3266 2564 3305 ex
2614 3252 2782 3306 rebus
2816 3250 3051 3305 infirmis
3089 3253 3234 3305 vires
3268 3264 3558 3321 compara-

286 3365 495 3418 bimus.
523 3359 613 3426 Et,
649 3337 769 3430 ipse
795 3359 986 3415 hostes
1047 3365 1269 3413 nostros
1318 3360 1540 3409 atteret.
1571 3369 1590 3402 ι
1639 3348 1773 3403 Item
1806 3363 1819 3399 :
1853 3362 1871 3395 ι
1898 3340 2014 3396 Non
2062 3346 2256 3395 nostra
2299 3339 2506 3430 virtute
2557 3347 2719 3392 terra:
2770 3347 2976 3393 sortem
2999 3337 3180 3408 adepti
3213 3354 3428 3403 sumus,
3460 3338 3557 3394 sed

287 3450 525 3506 brachio
558 3422 689 3515 tuo;
712 3455 766 3502 et
794 3447 916 3501 luce
944 3445 1134 3500 vultus
1168 3442 1271 3498 tui.
1313 3461 1331 3494 ι
1383 3439 1478 3494 Sin
1514 3451 1644 3492 vero
1676 3434 1763 3488 his
1794 3429 2054 3486 omnibus
2084 3424 2350 3481 oblivioni
2385 3422 2608 3480 traditis
2639 3424 2707 3479 ad
2740 3424 3012 3479 idolorum
3047 3426 3258 3479 cultum
3306 3426 3555 3479 conversi

287 3538 533 3602 fueritis,
563 3512 772 3607 inquit,
800 3533 1048 3589 obtestor
1080 3531 1317 3586 virtutes
1350 3527 1604 3582 caelestes
1654 3526 2087 3607 terrestresque,
2121 3514 2232 3607 imo
2264 3514 2383 3582 ipsa
2412 3528 2631 3607 quoque
2660 3512 2953 3607 elementa,
2982 3528 3104 3607 quae
3135 3528 3242 3567 una
3270 3513 3554 3568 vobiscum

286 3598 593 3696 Egyptum
641 3598 1001 3693 reliquosque
1052 3619 1246 3674 hostes
1305 3619 1728 3684 expugnarunt,
1778 3619 1900 3675 quae
1949 3602 2079 3654 item
2134 3598 2404 3695 bonorum
2457 3598 2707 3695 omnium
2753 3598 2971 3696 capiam
3005 3598 3162 3696 vobis
3211 3599 3281 3653 ab
3310 3600 3558 3654 omnium

286 3685 507 3781 Opifice
546 3685 831 3764 elIundere
854 3685 1012 3779 ju-ssa
1048 3711 1178 3760 sunt
1206 3743 1223 3771 ,
1274 3701 1423 3773 quod
1470 3696 1710 3770 perditio
1738 3706 1836 3748 vos
1890 3693 2218 3781 correptura
2426 3685 2725 3781 omniaque
2782 3699 2905 3752 quae
2951 3685 3154 3781 incolis
3203 3693 3364 3741 terrae
3408 3687 3561 3741 intu-

288 3772 462 3864 ιὶξιῙε,
494 3813 589 3853 vos
621 3772 1194 3868 quoque‘perpessuri
1233 3772 1383 3847 sitis.
1415 3787 1572 3855 Quod
1605 3798 1737 3842 sane
1768 3779 2139 3834 Romanorum
2168 3772 2461 3828 obsidione
2493 3782 2637 3827 terra
2667 3773 2781 3827 illis
2808 3773 2881 3828 ob
2910 3772 3250 3844 impietatem
3281 3774 3559 3846 adempta,

291 3888 501 3942 factum
541 3894 647 3942 est.

369 3999 452 4053 Οὐ
486 3996 596 4067 γὰρ
637 3995 735 4050 διὰ
766 3993 883 4064 τὴν
922 3991 1319 4059 δικαιοσύνην
1367 4005 1505 4044 σου.
1533 3981 1849 4040 Χαυνοῢσθα

2053 3969 2177 4026 Non
2198 3971 2336 4025 enim
2351 3958 2578 4039 propter
2601 3969 2873 4040 justitiam
2905 3979 3072 4023 tuam.
3093 3968 3225 4041 ,[ΙΧ,
3255 3969 3563 4044 4.]Gloria-

287 4092 384 4147 διὰ
414 4062 623 4144 τοῦτῷν
647 4062 987 4159 ἀποτρέπει·
1015 4083 1111 4138 καὶ
1141 4083 1412 4137 δείκνυσιν
1446 4078 1613 4133 ἐκϐὰν
1646 4076 1705 4129 τὸ
1737 4091 1846 4145 προ

1988 4062 2187 4117 tionem
2229 4063 2425 4117 horum
2460 4064 2742 4129 amolitur,
2792 4078 2857 4116 ac
2906 4064 3152 4118 ostendit
3200 4066 3451 4121 evenisse
3507 4066 3561 4120 itl

290 4184 590 4255 ειρημένον
651 4152 808 4251 ’πρὸς⁷
852 4177 1126 4250 Ἀϐραάμ.
1191 4172 1714 4242 Ἀναπεπλήρωνται
1769 4168 1849 4237 γὰἐ

1988 4154 2123 4225 quod
2191 4154 2507 4208 Abrahamo
2577 4162 2706 4209 ante
2778 4156 3107 4225 praedixerat
3149 4152 3221 4210 δ’,
3282 4157 3564 4228 Completa

288 4245 483 4332 λαιτιδν
538 4275 646 4328 τῶν
687 4245 1030 4344 ’Ᾰμοῤῥαίιυν
1067 4245 1147 4324 -αἱ
1194 4266 1484 4338 ἁμαρτίαι.
1544 4264 1664 4316 Ὅτι
1713 4261 1770 4315 δὲ
1815 4277 1845 4313 ο

1988 4248 2126 4302 enim
2189 4246 2451 4316 deinceps
2512 4245 2737 4302 fuerunt
2797 4255 3029 4319 peccata
3091 4250 3562 4307 Amorrha-orum.

289 4371 386 4427 διὰ
442 4369 540 4440 τὴν
587 4365 938 4435 δικαιοσύνην
990 4360 1158 4418 αὐτοῦ
1203 4363 1411 4426 ταῦτα,
1471 4359 1849 4428 ἀναμιμνήσκε

1988 4338 2136 4405 Quod
2170 4354 2301 4393 vero
2355 4346 2581 4410 propter
2623 4338 2900 4410 justitiam
2937 4356 3093 4395 suam
3144 4343 3258 4396 haec
3292 4342 3403 4398 illis
3454 4359 3564 4399 non

292 4430 522 4516 πάντων
561 4451 638 4513 ὧν
687 4430 1097 4529 ἡμαρτήκασιν,
1147 4452 1242 4524 ἀφ’
1290 4444 1352 4506 οὗ
1401 4449 1623 4521 ἐξῆλθον
1668 4448 1726 4514 ἐξ
1779 4448 1845 4500 Αἰ

1988 4430 2348 4495 obvenerint,
2401 4430 2648 4484 omnium
2697 4441 3047 4500 peccatorum
3099 4448 3221 4501 qua:
3261 4435 3445 4488 statim
3496 4438 3565 4489 ah

292 4550 626 4624 713mm,“:
669 4520 819 4602 κᾷτά
856 4520 1030 4610 ταξιν,
1075 4520 1290 4607 auro;
1336 4543 1393 4597 ὲν
1434 4520 1717 4610 κεφαλαίῳ
1743 4538 1849 4608 πρὸ

1988 4536 2210 4593 egressu
2253 4537 2320 4576 ex
2361 4520 2599 4593 IEgypto
2646 4524 3063 4588 commiserunt,
3112 4524 3560 4591 commonefacit,

291 4613 359 4695 σεδ
403 4613 707 4712 ,χρή-σιμον,
756 4634 1115 4709 χειραγωγῶν
1162 4633 1364 4695 αὐτοὺς
1420 4631 1556 4701 πρὸς
1599 4627 1849 4682 εὐσέϐεια

1988 4628 2097 4669 non
2145 4613 2368 4685 quidem
2404 4615 2561 4685 juxta
2615 4615 2839 4681 seriem,
2895 4615 2991 4670 sed
3038 4616 3093 4669 in
3131 4631 3347 4671 summa
3380 4619 3539 4687 quasi

293 4706 550 4797 ἁπειίαές
585 4706 680 4786 ita!
714 4706 934 4800 ἀναθνῶν
969 4726 1350 4797 ὑποσχέσεσιν.

1988 4706 2258 4762 Caeterum
2320 4706 2443 4762 istis
2498 4721 2787 4777 poenarum
2819 4707 3375 4777 comminationibus,
3427 4725 3564 4779 pne-

1988 4800 2347 4869 miorumque
2375 4799 2873 4871 pollicitationibus
2921 4816 3085 4855 manu
3114 4804 3272 4873 quasi
3311 4803 3379 4858 ad
3411 4802 3563 4858 utili-

1988 4893 2120 4948 tatis
2160 4892 2284 4959 iter,
2320 4893 2579 4963 pietatem
2620 4893 2881 4950 videlicet
2913 4894 3153 4950 deducit.

372 5021 441 5076 Et
476 5037 636 5085 nunc,
674 5018 869 5084 Israel,
897 5018 1025 5088 quid
1052 5016 1181 5085 petit
1210 5013 1471 5067 Dominus
1503 5009 1609 5065 nisi
1637 5018 1694 5063 ut
1727 5008 1916 5062 timeas
1946 5002 2237 5061 Dominum
2270 5006 2437 5063 Deum
2476 5009 2671 5066 tuum?
2699 5008 2791 5082 [Χ.
2830 5008 2946 5082 13.]
2980 5008 3095 5066 Hoc
3123 5018 3206 5066 est
3235 5011 3379 5081 quod
3396 5007 3564 5066 Joan-

294 5126 397 5166 nes
429 5109 565 5165 dicit
591 5126 605 5164 :
649 5106 957 5175 «Praecepta
982 5104 1161 5175 ipsius
1181 5117 1294 5157 non
1320 5109 1451 5158 sunt
1478 5098 1668 5170 gravia
1693 5096 1798 5151 ⁸⁸.»
1836 5097 1968 5152 Item
1998 5096 2252 5154 Christus
2283 5098 2351 5154 ad
2376 5099 2632 5155 eumdem
2665 5098 2887 5155 modum
2913 5116 2927 5153 :
2949 5096 3177 5170 «Jugum
3207 5100 3352 5154 enim
3387 5116 3565 5154 meum

297 5197 506 5251 bonum
536 5202 642 5261 est,
692 5205 746 5248 et
778 5206 921 5247 onus
960 5206 1143 5246 meum
1182 5189 1301 5245 leve
1324 5187 1391 5241 ⁸³.
1439 5205 1457 5238 ι

367 5290 561 5383 Σιωπᾷ
607 5306 701 5361 νῦν
750 5306 850 5377 τὴν
887 5303 1152 5376 αἰσθητὴν
1191 5301 1518 5372 περιτομὴν,
1564 5300 1688 5352 ἐπεὶ
1720 5299 1849 5371 (Itde

2063 5298 2332 5355 Caeterum
2388 5299 2613 5355 silentio
2665 5299 2929 5356 sensilem
2972 5299 3456 5356 circumcisionem
3512 5304 3568 5359 in

297 5401 486 5455 συστοι
510 5396 652 5471 ἦσαν
675 5417 689 5430 ·
728 5397 936 5469 Ἰησοῦς
980 5396 1090 5469 γὰρ
1122 5396 1320 5457 αὐτοὺς
1350 5394 1409 5447 ὲν
1448 5392 1750 5460 Γαλγάλοις
1778 5409 1845 5444 πε

1988 5390 2278 5461 praesentia
2313 5391 2575 5461 praeterit,
2600 5406 2725 5446 cum
2768 5401 2947 5447 tamen
2980 5392 3305 5463 praeputium
3341 5395 3571 5455 ferrent.

371 5582 418 5615 ὀ
451 5579 598 5635 Psal.
629 5594 792 5640 xxxv,
824 5578 878 5632 9.
956 5576 999 5607 “
1029 5574 1174 5631 Psal.
1205 5590 1331 5638 ην,
1358 5571 1411 5628 5.
1486 5572 1533 5602 ”
1567 5568 1727 5625 Joan.
1758 5584 1856 5633 vti,
1888 5570 1979 5636 '57,
2012 5570 2101 5625 38.
2177 5568 2223 5601 ’⁸
2243 5566 2394 5623 J0me
2433 5578 2494 5631 l'l,
2535 5568 2589 5625 6.
2685 5567 2735 5640 τὲ
2792 5566 2989 5625 Matth.
3049 5586 3157 5635 xw,
3194 5571 3256 5625 2|
3286 5588 3299 5637 ;
3342 5588 3427 5635 xv,
3475 5573 3563 5628 55.

294 5652 340 5682 ⁷⁵
369 5650 529 5705 Joan.
557 5666 641 5715 xv,
674 5649 727 5702 5.
781 5639 784 5640 ν
828 5649 875 5678 ⁷⁸
914 5645 1072 5702 Cant.
1109 5661 1185 5708 tv,
1225 5646 1309 5715 fl.
1362 5641 1667 5715 u""_Za_ch.
1694 5641 1849 5715 ‘lx.__1‘

2011 5641 2058 5673 ⁷⁸
2090 5641 2246 5696 Deut.
2298 5655 2416 5704 νιιι,
2451 5641 2504 5694 9.
2622 5640 2668 5675 "
2702 5639 2806 5696 lsa.
2838 5640 3049 5707 1.x,l7.
3148 5641 3195 5675 ⁸ο
3245 5642 3351 5697 lsa.
3404 5644 3564 5705 in}.

295 5722 340 5753 "
370 5720 509 5777 Gen.
543 5709 638 5785 xv,
663 5717 748 5772 16.
824 5718 871 5750 ⁸³
897 5715 916 5771 l
948 5716 1108 5772 Joan.
1135 5730 1188 5781 γ,
1226 5713 1278 5769 5.
1357 5712 1403 5746 ⁸³
1430 5711 1622 5766 Matth.
1651 5727 1729 5777 ιι,
1760 5709 1849 5765 '50.
