3956 6410
492 397 597 460 ῃιη
1807 392 2160 453 PROCOPII
2194 392 2439 454 GAZASI
3639 400 3730 462 908

480 522 700 565 moram
750 507 944 566 mdium
991 505 1312 562 sublimium
1363 505 1510 561 idola
1565 507 1986 572 convulserunt,
2022 524 2042 562 ι]

2162 567 2165 574 _
2192 528 2299 563 νων
2322 510 2425 563 κάτ
2446 530 2474 563 υ
2492 509 2597 562 τῶν
2625 505 2882 575 εἰδώλων,
2901 509 2950 562 οἱ
2985 509 3321 580 Σαμαρεῖται
3341 513 3724 585 προσεύχονται,

494 602 550 655 in
580 613 819 656 caverna
877 597 1121 669 quadam
1174 597 1386 653 montis
1418 596 1661 651 Garisim
1699 595 1980 668 (quemadr

2189 602 2293 683 κᾶν
2329 603 2637 674 ἠγνοήκασι
2670 601 2848 657 τοῦτο.
2885 600 3176 655 Ἀδύνατον
3202 602 3311 672 γὰρ
3343 601 3625 672 ψεύσασθαι
3650 609 3730 679 τήν

418 688 437 747 ἶ
486 693 622 748 dum
675 690 903 746 traditio
961 689 1151 759 habet)
1207 688 1648 746 absconderuut.
1700 689 1839 744 Cum
1898 690 1972 744 ita

2189 695 2413 767 Γραφήν
2467 694 2755 765 λέγουσαν,
2793 713 2812 745 ι
2841 694 3107 765 Ἔμειναν
3153 694 3431 758 ποιοῦντες
3464 696 3551 750 τὸν
3592 702 3731 768 νόμον

484 787 682 842 subtus
703 784 851 840 idola
877 785 1124 853 jaceant,
1196 784 1454 854 quamvis
1490 783 1545 838 id
1580 782 1983 855 ignoraverint,
2019 799 2046 838 e

2186 787 2283 841 τοῦ
2341 787 2503 854 Θεοῦ,
2556 788 2652 842 καὶ
2713 786 3158 858 προσκυνοῦντες
3189 785 3258 839 τὰ
3288 786 3465 840 αὐτῶν
3488 789 3681 844 εἴδωλα.
3714 812 3729 843 ι

483 878 741 935 conversi
792 877 1050 932 adorant.
1086 873 1208 930 Non
1238 876 1384 931 enim
1427 874 1715 946 Scriptura
1743 882 1929 948 potest
1977 875 2045 930 fal

2199 880 2327 934 Ἐπὶ
2357 880 2415 934 δὲ
2441 879 2536 934 τοῦ
2584 880 2767 951 ὅρους,
2822 880 2962 949 ὅπερ
3012 878 3273 949 ἐνόμισαν
3328 877 3593 951 Γαριζεὶν,
3629 884 3735 938 ναὸν

483 971 622 1037 lere,
646 984 770 1042 qua:
809 970 990 1041 inquit
1019 987 1036 1025 :
1071 988 1089 1021 ι
1110 968 1555 1025 Permanserunt
1584 967 1860 1025 facientes
1906 969 2045 1041 leget

2187 971 2704 1035 κατασκευάσαντες
2727 968 2984 1042 ηὔχοντοε
3020 971 3205 1024 καίτοι
3228 973 3276 1024 εἰ
3295 965 3364 1041 ἦν
3388 970 3629 1042 Γαριζεὶν
3659 976 3737 1029 καὶ

486 1065 605 1133 Dei,
639 1074 696 1122 et
729 1064 1038 1120 adorantes
1062 1063 1313 1134 ipsorum
1360 1063 1508 1118 idola
1525 1064 1595 1119 ".
1620 1082 1640 1117 ι
1693 1063 1965 1119 Caeterum
1992 1081 2048 1121 su

2186 1063 2396 1118 Γαιὸἐιλ
2416 1064 2520 1135 ὅρη
2548 1063 2618 1118 τὰ
2664 1062 3057 1135 παρακείμενα
3103 1063 3403 1128 Νεαπόλει,
3457 1064 3594 1136 ἅπερ
3623 1069 3737 1122 εἰσὶν

478 1175 584 1230 per
620 1167 807 1213 monte
834 1158 944 1213 isto
982 1171 1149 1229 quem
1171 1155 1419 1211 Garizim
1455 1157 1751 1229 putabant,
1787 1172 1914 1214 cum
1944 1164 2040 1213 teu'

2189 1153 2528 1226 ὑψηλότατα,
2577 1154 2694 1218 πῶς
2728 1153 2796 1208 ἂν
2824 1148 3128 1224 κάτωθενῆ
3164 1153 3266 1225 τῆς
3312 1154 3557 1224 εὐλογίας
3590 1158 3620 1228 ἦ
3657 1159 3738 1227 τῆς

483 1252 633 1316 plum
683 1250 1097 1306 cxstruxissent
1127 1288 1144 1315 ,
1198 1248 1404 1305 ibidem
1455 1260 1581 1304 vota
1624 1264 1724 1305 sua
1777 1249 2045 1306 facieban‘

2187 1248 2435 1319 κατάρας
2496 1249 2733 1320 ἤκουον,
2783 1248 3057 1320 ἑκατέρας
3106 1249 3218 1303 ἄνω
3283 1246 3605 1319 λεγομένης.
3662 1253 3738 1305 καὶ

484 1344 647 1416 Atqui
680 1357 810 1398 vero
835 1343 881 1399 si
915 1341 1157 1397 Garizim
1187 1351 1243 1397 et
1270 1341 1455 1398 Gtebal
1487 1350 1704 1397 montes
1725 1340 1819 1413 qui
1844 1349 1975 1397 sunt
2004 1344 2046 1396 a1

2188 1341 2443 1396 πλείστου
2493 1342 2590 1396 τοῦ
2640 1341 2832 1411 ὕψους,
2864 1340 2940 1406 ὡς
2970 1341 3067 1395 νῦν
3119 1343 3336 1413 ὁρᾶται,
3373 1344 3733 1413 τυγχάνοντοςς

484 1435 711 1499 tissimi,
760 1432 989 1504 Neapoli
1013 1431 1656 1503 adjacebant,quomodo
1676 1431 1792 1487 fleri
1821 1432 2045 1503 potest‘u

2187 1432 2283 1496 Είς
2302 1433 2409 1503 γὰρ
2437 1433 2499 1486 τὺ
2530 1433 2660 1503 παρ’
2686 1434 2866 1487 αὐτῶν
2887 1433 3185 1505 λεγόμενον
3217 1432 3491 1501 Γαριζεὶν,
3515 1434 3561 1489 α’
3589 1436 3674 1489 καὶ
3690 1435 3730 1506 φ’

483 1529 700 1584 inferne
711 1526 1030 1585 benedictio
1051 1541 1147 1582 seu
1169 1525 1486 1580 maledictio
1509 1540 1755 1597 superne
1771 1524 1826 1579 in
1854 1533 2045 1595 utraqu

2189 1523 2266 1589 ὥς
2299 1542 2462 1594 φασι,
2514 1525 2775 1596 βαθμῖσιν
2824 1527 3169 1597 ἀνέρχονται.
3209 1527 3364 1597 Ἔχει
3386 1524 3444 1581 δὲ
3463 1527 3553 1582 καὶ
3578 1531 3607 1595 ἠ
3633 1530 3739 1583 ἀκο-

480 1619 777 1685 immensa,
808 1625 865 1671 ιιι
885 1617 1191 1673 etiamnum
1238 1613 1426 1671 videre
1459 1625 1566 1681 est,
1599 1614 1896 1671 altitudine
1939 1615 2042 1670 edil

2188 1615 2376 1670 λουοία
2424 1617 2523 1687 τῆς
2584 1616 2773 1687 βίϐλου
2822 1617 2918 1671 τοῦ
2966 1618 3166 1690 Ἰησοῦ,
3199 1619 3275 1683 ὡς
3328 1620 3470 1674 κατὰ
3503 1621 3737 1691 ἀνατολὴν

478 1711 875 1769 exaudiretur?
901 1723 1030 1765 eum
1051 1706 1306 1763 videlicet
1325 1707 1381 1762 in
1396 1717 1639 1765 montem
1668 1707 1763 1779 qui
1791 1707 1934 1779 apud
1963 1707 2040 1762 ιιι(

2201 1707 2461 1779 Ἱεριχοῦς
2488 1710 2556 1763 τὰ
2580 1710 2692 1764 δύω
2720 1710 3066 1781 καθέστηκεν
3109 1711 3237 1783 ὅρη,
3289 1710 3431 1765 ἔνθα
3462 1712 3554 1765 καὶ
3601 1716 3737 1780 τόποι,

476 1803 733 1860 θαι-ἰείηι
776 1801 1088 1873 appellatur
1125 1808 1516 1857 sescentorum
1564 1799 1808 1854 millium
1830 1807 1885 1854 et
1914 1798 2034 1854 unit

2188 1804 2257 1855 τὰ
2286 1801 2548 1870 Γάλγαλα
2598 1801 2711 1856 δύω
2756 1802 3011 1873 σημείοις
3071 1804 3356 1873 ἀπέχοντα
3396 1803 3496 1873 τῆς
3540 1805 3738 1869 πόλεως.

483 1894 756 1967 graduum
784 1858 1172 1951 sit-ascensus.
1220 1890 1397 1948 liabet
1424 1890 1655 1964 insuper
1691 1892 1860 1947 etiam
1906 1893 2045 1949 serie

2202 1893 2269 1948 Ἦ
2292 1894 2351 1949 δὲ
2382 1858 2590 1967 έίκιμα
2635 1897 2734 1966 τῆς
2771 1858 3037 1968 Ἱεριχές
3066 1858 3390 1969 βορεῖοτέρα
3424 1858 3493 1950 τὲ
3517 1899 3602 1952 δαὶ

484 1988 612 2045 libri
643 1987 814 2044 Josue
835 1986 983 2059 quod
1039 1985 1149 2042 duo
1179 1983 1273 2041 isti
1338 1992 1560 2042 montes
1592 1985 1664 2041 ab
1686 1987 1901 2041 oriente
1942 1983 2046 2041 Jeri

1783 1993 1901 2041 ante
1942 1983 2085 2041 Jeri-
2190 1986 2412 2058 κωτέρα
2438 1986 2689 2059 σημείοις
2724 1990 2897 2059 αὐτῆς
2931 1988 3216 2060 ἀπέχουσα
3244 1986 3345 2059 νβ’.

482 2082 710 2137 cltuntis
749 2081 838 2136 siti
868 2078 1095 2146 fuerint,
1135 2079 1234 2136 ubi
1259 2078 1422 2136 locus
1453 2093 1679 2151 quoque
1701 2077 1954 2148 Galgala,
1990 2079 2083 2150 qui
2124 2079 2195 2136 ab
2218 2081 2352 2137 urbe
2374 2081 2442 2137 ad
2466 2083 2776 2138 secundum
2820 2082 3057 2153 lapidem
3103 2082 3294 2139 distat.
3358 2079 3587 2138 Sicbima
3636 2099 3739 2136 vero

470 2172 553 2229 ad
588 2174 1023 2245 septentrionem
1083 2180 1138 2229 ct
1195 2186 1458 2229 occasum
1537 2170 1887 2229 Jericltuntis
1957 2172 2132 2244 vergit
2169 2174 2368 2247 magis,
2411 2189 2479 2231 ac
2520 2176 2588 2229 ad
2623 2177 2911 2248 quinquag
2948 2177 3151 2232 simum
3185 2176 3493 2232 secundum
3531 2176 3736 2247 lapidem

481 2270 555 2324 ab
584 2282 648 2322 ea
678 2267 868 2323 distat.

557 2379 660 2438 Sed
716 2395 838 2435 eum
892 2378 1069 2433 locum
1101 2392 1255 2446 quem
1279 2374 1493 2448 elegerit
1524 2374 1784 2431 Dominus
1820 2374 1961 2433 Deus
2012 2384 2205 2433 vester.
2260 2372 2407 2449 IX",
2462 2372 2543 2448 5.]
2603 2372 2726 2441 Quo
2777 2375 2901 2430 loco
2955 2375 3224 2444 deinceps
3270 2376 3546 2446 adempto,
3608 2380 3739 2437 simul

471 2483 705 2541 quoque
749 2470 818 2522 ab
871 2466 1156 2523 oblatione
1224 2466 1582 2521 victimarum
1661 2480 1806 2536 quas
1875 2466 1949 2523 ab
2006 2466 2170 2523 initio
2219 2472 2581 2520 concesserat
2642 2473 2868 2535 propter
2930 2464 3399 2520 consuetudinem
3449 2479 3566 2535 quae
3607 2468 3731 2534 apud

483 2557 776 2631 Algyptios
820 2556 1149 2619 inoleverat,
1206 2568 1488 2625 quamque
1537 2554 1809 2625 praecipiti
1867 2555 2176 2611 mutatione
2211 2555 2436 2611 abolere
2466 2570 2579 2611 non
2632 2563 2915 2626 poterant,
2952 2565 3250 2612 cessarunt
3278 2554 3596 2627 aliquando.
3624 2556 3737 2611 Cun

472 2647 721 2702 mnsitio
746 2644 896 2701 enim
929 2654 984 2700 et
1009 2643 1160 2699 bona
1191 2644 1376 2708 venia,
1410 2656 1522 2697 non
1551 2642 1828 2698 violentia
1857 2645 2101 2699 salutem
2132 2643 2375 2701 confert.

555 2763 896 2831 Quaecunque
931 2775 1023 2815 vos
1071 2759 1156 2813 hic
1225 2758 1437 2829 facietis
1492 2758 1670 2815 hodie.
1731 2756 1840 2832 [8.]
1895 2757 2078 2814 Etiam

2261 2764 2345 2818 Οὐ
2365 2760 2654 2831 ποιήσετε
2672 2761 2868 2816 πάντα
2901 2759 2939 2816 d
2972 2758 3143 2830 ὑμεῖς
3178 2758 3409 2814 ποιεῖτε
3448 2752 3580 2814 ὧδε.
3645 2760 3737 2813 Καὶ

479 2856 663 2913 adhuc
687 2853 988 2922 superstite
1020 2852 1215 2920 utique
1244 2849 1396 2906 Mose
1423 2852 1764 2921 transgressi
1829 2859 1985 2917 sunt,
2025 2867 2041 2908 ε

2186 2852 2389 2919 ζῶντος
2422 2854 2531 2926 ἄρα
2564 2853 2847 2917 Μωῦσὲως
2905 2852 3261 2924 παρέϐαινον,
3335 2852 3430 2908 καὶ
3466 2852 3607 2923 ὅμως
3641 2868 3742 2904 συν-

482 2962 664 3004 tamen
684 2945 905 3002 veniam
935 2951 1068 3000 sunt
1092 2933 1376 2999 consecuti
1407 2985 1422 3009 ,
1461 2961 1481 2996 ι
1532 2943 1777 3000 Necdum
1808 2944 1957 3000 enim
1984 2960 2044 3001 ve

2185 2945 2568 3016 εγινώσκοντο.
2620 2966 2638 2998 t
2660 2946 2734 3000 Οὐ
2770 2947 2880 3018 γὰρ
2939 2945 3138 3016 ἦκατε,
3173 2946 3374 3014 φησὶν,
3419 2944 3526 3008 ἓως
3553 2941 3638 2997 τοῦ
3661 2942 3739 2997 νῦν

476 3041 668 3106 tristis,
730 3037 935 3109 inquit,
963 3036 1020 3091 in
1058 3037 1371 3105 requiem.»
1406 3035 1567 3094 Unde
1640 3037 1746 3093 sub
1801 3038 2038 3109 praeputi

2185 3040 2267 3103 εἰς
2314 3038 2415 3110 τὴν
2465 3038 2832 3093 κατάπαυσιν.
2874 3056 2892 3090 ι
2965 3036 3131 3091 Ὅθεν
3187 3038 3284 3090 ἐπ’
3339 3037 3617 3109 ἀκριϐείας
3661 3037 3741 3090 οὒκ

485 3151 594 3190 non
616 3130 955 3188 recusabant
984 3130 1271 3186 custodire
1307 3130 1506 3201 legem,
1542 3145 1729 3200 neque
1760 3130 1971 3202 ubique
2003 3130 2047 3185 vi

2186 3129 2496 3201 ἀπῃτοῦπο
2534 3129 2830 3200 φυλάττειν
2868 3129 2961 3182 τὸν
3017 3127 3205 3200 νόμον,
3244 3128 3374 3182 οὐδὲ
3399 3127 3580 3191 θυσίας
3605 3141 3742 3197 προσ-

484 3228 685 3282 ctimas
704 3223 905 3278 offerre
928 3222 1141 3278 licitum
1165 3231 1305 3278 erat.
1326 3219 1447 3277 Jam
1474 3236 1629 3289 vero,
1648 3222 1809 3293 juxta
1835 3221 2046 3295 proplte

2188 3222 2379 3294 φέρειν
2433 3221 2582 3291 ἐξῆν.
2636 3220 2751 3276 Νῦν
2797 3221 2877 3283 δὲ,
2931 3220 3078 3275 κατὰ
3134 3220 3228 3273 τὸν
3278 3220 3582 3291 προφήτην,
3620 3237 3637 3269 t
3672 3218 3739 3270 Ἐν

471 3325 597 3370 tam
633 3353 648 3379 ,
690 3332 706 3363 ι
730 3309 926 3367 Ubivis
946 3313 1200 3366 locorum
1228 3312 1520 3367 incensum
1553 3311 1811 3368 adoletur
1860 3315 2033 3367 nomit

2188 3315 2353 3368 παντὶ
2379 3312 2530 3383 τόπῳ
2551 3312 2809 3383 θυμίαμα
2829 3311 3211 3385 προσφέρεται
3229 3310 3315 3382 τῷ
3338 3311 3560 3381 ὀνόματι
3582 3308 3736 3373 αὐτοῦ,

481 3407 626 3469 eius,
659 3416 711 3460 et
731 3403 960 3460 victima
986 3418 1123 3474 pura
1155 3402 1390 3458 oﬂertur
1412 3403 1484 3461 ’⁸.
1511 3421 1531 3457 ι

1246 3412 1390 3458 :rtur
1412 3403 1484 3461 ’⁸.
1511 3421 1531 3457 ι
2188 3406 2284 3461 καὶ
2313 3404 2476 3460 θυσία
2505 3404 2750 3476 καθαρά.
2790 3424 2808 3457 t

565 3497 942 3555 Verumtamen
987 3497 1043 3550 in
1078 3498 1226 3551 omni
1253 3497 1423 3551 animi
1458 3497 1539 3551 tui
1569 3494 1838 3551 desiderio
1873 3499 2127 3557 macta-1

2268 3498 2421 3552 Ἀλλ’
2453 3497 2525 3551 ἐν
2569 3496 2741 3566 πάσῃ
2787 3496 3071 3566 ἐπιθυμίᾳ
3101 3495 3317 3567 ψυχῆς
3373 3514 3490 3552 σου
3544 3497 3735 3558 θύσεις,

484 3591 566 3648 bis
594 3599 646 3648 et
666 3590 906 3646 romedea
943 3604 1134 3643 carnes
1171 3604 1512 3660 quascunque
1532 3586 1686 3661 115.]
1736 3586 1965 3642 Clarum
1996 3601 2046 3642 et

2190 3589 2290 3646 καί
2318 3589 2482 3662 εραγῇ
2505 3591 2672 3660 κρέα,
2703 3591 2802 3644 ὅσα
2833 3589 3081 3661 δηλονότι
3110 3590 3187 3662 μή
3213 3593 3356 3645 εἰσιν
3388 3590 3737 3662 ἀφορίσματα,

476 3680 631 3752 quod
658 3696 768 3736 non
790 3687 922 3736 sunt
943 3678 1332 3735 distinctiones
1362 3694 1459 3734 seu
1477 3677 1756 3735 sacrificia
1787 3678 1933 3749 apud
1979 3676 2038 3732 Dt

2188 3685 2223 3756 ἦ
2255 3684 2605 3755 θυσιάσματα
2639 3683 2832 3756 Κυρίῳ
2856 3683 2934 3757 τῷ
2959 3683 3103 3757 Θεῷ.
3123 3683 3212 3749 Ὦς
3242 3684 3536 3757 ἐπιθυμεῖς
3564 3682 3636 3747 δὲ,
3660 3695 3741 3750 φη·

484 3774 697 3828 tninum
758 3772 963 3827 Deum.
1009 3769 1158 3837 Quin
1192 3785 1294 3841 pro
1340 3768 1540 3839 Iubito,
1566 3771 1764 3842 inquit,
1796 3780 2046 3842 coquest

1288 3793 1294 3819 μ
1340 3768 1540 3839 Iubito,
1566 3771 1764 3842 inquit,
1796 3783 2004 3842 coques
2027 3777 2085 3825 et
2191 3777 2300 3843 σὶν,
2319 3776 2547 3851 ἐφήσεις
2564 3777 2656 3831 καὶ
2677 3777 2850 3849 φαγῇ.

478 3865 767 3922 comedas.

558 3973 879 4031 [inmundus
908 3975 965 4029 in
997 3983 1068 4040 te,
1092 3983 1141 4029 et
1170 3974 1400 4029 mundus
1423 3973 1627 4043 pariter
1649 3971 2074 4033 comedenttam
2102 3986 2353 4041 capream
2385 3985 2549 4042 quam
2603 3985 2835 4024 cervum.
2879 3968 3244 4026 Sanctificata
3304 3970 3480 4036 enim,
3513 3979 3570 4024 ttt
3599 3980 3737 4036 snpe-

484 4064 605 4119 rius
655 4063 860 4133 inquit,
930 4061 1172 4117 mundus
1198 4062 1379 4116 solum
1432 4062 1711 4118 comedet.
1743 4060 2071 4132 Atquidam
2114 4074 2372 4130 capream
2422 4066 2478 4113 et
2508 4073 2736 4114 cervum
2804 4059 3038 4129 reliquis
3093 4059 3432 4115 animalibus
3490 4057 3738 4112 mundiora

484 4166 613 4208 esse
668 4151 1088 4207 existimarunt.
1140 4147 1343 4205 Verum
1409 4151 1758 4206 contrarium
1812 4149 2015 4204 innuit.
2070 4148 2145 4203 Ea
2172 4150 2320 4204 enim
2352 4148 2601 4219 quivitte
2646 4146 2960 4204 mundioris
3002 4157 3162 4204 erant
3198 4163 3318 4219 non
3385 4147 3733 4205 comedebant.

479 4240 633 4308 Quid
658 4240 826 4312 igitur
871 4238 1061 4295 dicere
1091 4238 1369 4294 intendit?
1401 4236 1540 4294 Illud
1580 4237 1861 4306 videlicet,
1926 4236 2075 4307 quod
2111 4237 2165 4291 bi
2205 4239 2298 4306 qui
2351 4250 2454 4292 ove
2504 4243 2601 4291 aut
2651 4237 2789 4292 bove
2817 4245 2914 4292 aut
2939 4237 3128 4307 aliquo
3181 4236 3308 4304 ejus
3374 4236 3592 4308 generis
3615 4231 3735 4286 vesci

483 4327 768 4391 volebant,
792 4327 850 4383 id
883 4326 1065 4397 ipsum
1098 4341 1211 4397 quo
1252 4327 1709 4382 sanctilicaretur
1736 4325 1803 4380 ad
1842 4327 2018 4381 altare
2050 4324 2404 4392 deferebant,
2439 4334 2611 4395 atque
2656 4325 2734 4379 ita
2762 4324 2989 4380 tandem
3046 4325 3442 4380 vescebantur.
3501 4325 3736 4379 Caeterum

486 4430 748 4488 capream
773 4416 861 4471 vel
884 4429 1119 4470 cervum
1176 4430 1277 4471 nec
1323 4422 1571 4469 mactare
1629 4427 1733 4470 nec
1786 4411 1990 4468 oiierre
2010 4413 2220 4468 licitum
2250 4421 2405 4482 erat;
2440 4412 2752 4469 offerebant
2797 4414 2946 4468 enim
2981 4413 3117 4467 nulli
3155 4413 3265 4469 nisi
3296 4414 3393 4484 qui
3421 4413 3477 4468 in
3518 4412 3642 4466 urbe
3664 4405 3737 4460 ubi

484 4504 752 4577 templum
784 4519 850 4559 ac
881 4504 1050 4559 etiam
1075 4518 1227 4572 arca,
1266 4515 1449 4559 erant.
1476 4501 1652 4559 Porro
1682 4517 1853 4573 super
1876 4516 2078 4573 caprea
2107 4509 2203 4555 aut
2232 4517 2398 4557 cervo
2434 4501 2768 4573 simpliciter
2791 4501 3137 4557 sanctificari
3163 4509 3379 4557 tantum
3413 4499 3738 4558 interdictum

486 4605 629 4659 erat,
677 4601 888 4664 quanto
911 4593 1087 4664 magis
1120 4592 1460 4649 sacriﬁcare.
1496 4591 1855 4662 Quaecunque
1888 4591 2063 4663 igitur
2084 4631 2099 4657 ,
2133 4590 2335 4661 inquit,
2370 4599 2525 4646 extra
2557 4589 2981 4645 tabernaculum
3015 4602 3115 4645 aut
3177 4592 3448 4663 templum
3497 4582 3739 4644 immolari

418 4734 427 4745 ,
488 4682 853 4755 contingeret,
881 4682 1080 4738 edendi
1112 4683 1337 4754 quidem
1381 4681 1625 4737 libertati
1656 4680 1909 4750 subjecta
1943 4694 2091 4746 esse,
2120 4680 2260 4735 nihil
2294 4680 2597 4750 quidquam
2634 4687 2820 4733 tamen
2851 4679 2957 4735 etsi
2989 4679 3131 4735 forte
3160 4681 3518 4741 sacerdotum
3543 4675 3737 4733 fuerint,

486 4773 561 4828 ab
589 4769 892 4827 immundis
917 4770 1166 4827 diﬂerre.
1203 4770 1284 4826 Ac
1311 4785 1377 4825 ea
1399 4769 1626 4840 quidem
1660 4768 1867 4840 ubique
1902 4767 2150 4823 locorum
2184 4767 2350 4823 edere
2381 4765 2465 4823 fas
2499 4773 2641 4821 erat.
2673 4762 2852 4821 Sacra
2884 4781 3020 4822 vero
3052 4768 3109 4821 in
3139 4766 3261 4824 loco
3288 4766 3450 4841 441
3508 4767 3741 4823 duntaxat

485 4875 521 4916 a
553 4858 666 4916 Deo
697 4858 940 4915 detrecto.
2274 4897 2279 4901 .

558 4951 700 5009 Illud
755 4965 887 5007 vero
934 4945 1170 5005 subinde
1215 4944 1520 5016 ingeminat
1568 4961 1584 4998 :
1639 4963 1659 4996 ‹
1687 4944 1925 4999 Attende
1976 4942 2120 5001 tibi]

2258 4942 2533 5013 Ἐπιλέγει
2576 4946 2818 5018 συνεχῶς
2841 4945 2924 5010 τὸ,
2962 4965 2981 4999 t
3012 4948 3255 5020 Πρόσεχε
3283 4947 3517 5019 σεαυτῷ.
3544 4965 3563 4999 ι
3594 4945 3740 5011 Ὅπερ

487 5043 616 5116 ipsi.
644 5062 663 5096 ι
704 5040 863 5108 Quod
922 5040 1146 5110 quidem
1198 5039 1373 5093 exteri
1431 5037 1785 5104 traductum,
1822 5037 1877 5092 in
1913 5056 1932 5090 ι
1970 5035 2049 5091 Co

2186 5033 2236 5086 οἶ
2260 5036 2361 5105 τῆς
2386 5035 2493 5103 ἔξω
2527 5037 2849 5108 φιλοσοφίας
2890 5040 3292 5110 μεταϐαλόντες
3330 5043 3413 5105 εἰς
3444 5041 3523 5107 τὸ,
3554 5057 3571 5088 ι
3595 5032 3739 5090 Γνῶθι

487 5146 694 5202 gnosce
725 5131 968 5199 teipsum
1000 5146 1019 5179 ι
1057 5127 1247 5182 tritum
1289 5141 1356 5182 ac
1400 5141 1502 5182 ceu
1542 5126 1821 5197 peculiare
1848 5140 2049 5200 prover

2186 5128 2438 5194 σεαυτὸν,
2471 5148 2491 5182 ι
2536 5129 2999 5204 πολυθρύλλητον,
3029 5131 3104 5195 ὡς
3145 5132 3276 5186 ἴδιον
3316 5131 3635 5200 ἀπόφθεγμα
3664 5141 3741 5177 πε-

488 5225 643 5281 bium
669 5229 976 5278 verterunt.
1014 5221 1095 5275 Ad
1128 5219 1383 5275 eumdem
1421 5217 1643 5275 modum
1678 5220 1811 5276 illud
1858 5235 2046 5292 quoqu

2188 5222 2473 5292 ποιήκασι.
2505 5223 2618 5277 Καὶ
2645 5223 2735 5277 ἐπ’
2765 5224 2937 5295 αὐτῆς
2967 5224 3024 5277 δέ
3061 5241 3228 5295 φησιν
3267 5223 3400 5278 αὐτὸ
3439 5223 3536 5292 τῆς
3573 5218 3739 5282 λέξεως

488 5317 546 5379 in
574 5315 866 5387 Scriptura
907 5313 1155 5371 dicitur:
1188 5331 1211 5366 ι
1248 5310 1542 5382 Sapientes
1581 5321 1711 5367 sunt
1738 5313 1832 5383 qui
1866 5312 2050 5383 seipse

2187 5314 2222 5385 ἡ
2254 5314 2468 5388 Γραφή·
2522 5335 2541 5369 t
2568 5317 2634 5370 Οἱ
2663 5316 2719 5370 δὲ
2751 5317 2964 5372 ἑαυτῶν
2999 5315 3376 5388 ἐπιγνώμονες
3407 5313 3574 5384 σοφοί.
3603 5330 3620 5364 t
3653 5306 3742 5362 Καὶ

492 5416 700 5461 norunt
717 5405 786 5458 ⁸³.
819 5422 840 5459 ι
872 5403 939 5459 Ει
958 5404 1161 5460 iterum
1181 5419 1197 5459 :
1220 5421 1239 5455 ι
1268 5402 1441 5458 Sinon
1467 5404 1802 5473 cognoveris
1825 5402 2054 5474 teipsatn

2192 5403 2410 5471 πάλιν,ι
2433 5404 2560 5460 Ἐὰν
2586 5407 2662 5480 μὴ
2683 5409 2921 5480 ἐπιγνῷς
2944 5410 3251 5481 σεαυτὴν,ἡ
3280 5407 3415 5479 καλὴ
3434 5409 3488 5459 ὲν
3503 5400 3735 5475 γυναιξί-³

491 5495 724 5569 pulchra
754 5496 1109 5553 tnulierum‘.
1144 5515 1163 5549 ι
1199 5497 1383 5568 Atque
1432 5498 1539 5553 hoc
1581 5511 1718 5552 sane
1763 5495 1958 5552 sedulo
1999 5495 2053 5550 in

2194 5496 2365 5551 Τοῦτο
2413 5497 2471 5554 δὲ
2520 5499 2655 5565 Θεὸς
2702 5500 3143 5572 παρακελεύεται
3201 5499 3465 5570 συνεχῶς,
3491 5494 3633 5565 eiad);
3659 5490 3740 5559 τῆς

493 5589 679 5644 culcat
708 5587 855 5645 Deus
880 5630 897 5657 ,
933 5598 990 5644 ut
1022 5588 1116 5661 qui
1150 5603 1261 5644 non
1292 5589 1510 5644 nesciat
1557 5589 1768 5658 peccati
1802 5587 2048 5642 cumultn

2197 5589 2474 5662 ἁμαρτίας
2502 5591 2562 5647 τὸ
2587 5590 2788 5662 πλῆθος
2822 5595 2880 5647 ὲν
2905 5596 2969 5665 τῇ
2998 5595 3144 5665 ὁρμῇ
3176 5590 3516 5665 πληροῦσθαι
3541 5590 3600 5658 τῇ
3623 5580 3738 5638 κατά

495 5677 555 5735 in
589 5680 710 5751 ipso
743 5680 1013 5751 propositi
1046 5688 1218 5749 .motu
1270 5680 1483 5751 augeri.
1524 5679 1759 5735 Sensata
1805 5680 1953 5736 enim
2001 5694 2057 5734 es

2194 5681 2474 5753 πρόθεσιν.
2494 5683 2619 5738 Ἐπὶ
2651 5683 2742 5739 νοῦ
2774 5685 2883 5757 γὰρ
2908 5687 2937 5739 ὁ
2960 5685 3116 5756 λόγος
3149 5686 3285 5758 πρὸς
3306 5682 3494 5739 ἐαυτδν
3518 5672 3736 5746 ἐπιστρέ-

567 5858 699 5914 "IV
726 5857 862 5928 Reg.
888 5873 1022 5923 xvu,
1050 5856 1243 5919 52,55.
1324 5826 1371 5891 ’3
1409 5858 1644 5913 Ildlacb.
1705 5875 1745 5920 ι,
1783 5859 1870 5913 il.
1974 5860 2019 5891 ὐ
2058 5858 2219 5915 Prov.
2257 5858 2498 5927 ωηεν-υ.
2583 5862 2599 5894 ¹
2643 5862 2805 5918 (iant.
2840 5877 2878 5926 ι,
2914 5863 2964 5918 7.
