  <div class='ocr_page' id='page_1' title='image "/cluster/home/n/w/nwhite01/storage/ocr_20150623/87:pt.1/coo.31924054869882/465.png"; bbox 0 0 3956 6394; ppageno 0'>
   <div class='ocr_carea' id='block_1_1' title="bbox 219 355 1833 425">
    <p class='ocr_par' dir='ltr' id='par_1_1' title="bbox 219 360 1833 425">
     <span class='ocr_line' id='line_1_1' title="bbox 219 360 1833 425; baseline -0.004 0"><span class='ocrx_word' id='word_1_1' title='bbox 219 360 331 425; x_wconf 78' lang='grc'><strong>909</strong></span> <span class='ocrx_word' id='word_1_2' title='bbox 1103 362 1645 425; x_wconf 72' lang='lat' dir='ltr'><strong>COMMENTARII</strong></span> <span class='ocrx_word' id='word_1_3' title='bbox 1681 360 1763 421; x_wconf 79' lang='grc' dir='ltr'><strong>ΙΝ</strong></span> <span class='ocrx_word' id='word_1_4' title='bbox 1819 360 1833 418; x_wconf 89' lang='grc'><strong>1</strong></span> 
     </span>
    </p>
   </div>
   <div class='ocr_carea' id='block_1_2' title="bbox 1941 355 3525 425">
    <p class='ocr_par' dir='ltr' id='par_1_2' title="bbox 1941 355 3525 424">
     <span class='ocr_line' id='line_1_2' title="bbox 1941 355 3525 424; baseline 0.003 -5"><span class='ocrx_word' id='word_1_5' title='bbox 1941 360 2501 424; x_wconf 73' lang='lat' dir='ltr'><strong>J&#39;l‘ERONOMlUM</strong></span> <span class='ocrx_word' id='word_1_6' title='bbox 2513 410 2526 420; x_wconf 89' lang='lat'><strong>.</strong></span> <span class='ocrx_word' id='word_1_7' title='bbox 3416 355 3525 423; x_wconf 81' lang='lat'><strong>910</strong></span> 
     </span>
    </p>
   </div>
   <div class='ocr_carea' id='block_1_3' title="bbox 220 476 1833 551">
    <p class='ocr_par' dir='ltr' id='par_1_3' title="bbox 220 476 1821 551">
     <span class='ocr_line' id='line_1_3' title="bbox 220 476 1821 551; baseline 0.002 -23"><span class='ocrx_word' id='word_1_8' title='bbox 220 492 446 544; x_wconf 85' lang='grc' dir='ltr'>φοντος,</span> <span class='ocrx_word' id='word_1_9' title='bbox 492 477 627 548; x_wconf 75' lang='grc' dir='ltr'>ὅπερ</span> <span class='ocrx_word' id='word_1_10' title='bbox 680 476 964 547; x_wconf 77' lang='grc' dir='ltr'>ὀφθαλμοῦ</span> <span class='ocrx_word' id='word_1_11' title='bbox 999 477 1094 530; x_wconf 75' lang='grc' dir='ltr'>τοῦ</span> <span class='ocrx_word' id='word_1_12' title='bbox 1130 476 1334 543; x_wconf 77' lang='grc' dir='ltr'>ἔξωθεν</span> <span class='ocrx_word' id='word_1_13' title='bbox 1377 479 1612 551; x_wconf 78' lang='grc' dir='ltr'><strong>ὁρῶντος</strong></span> <span class='ocrx_word' id='word_1_14' title='bbox 1663 478 1821 532; x_wconf 85' lang='grc' dir='ltr'>ἀλλό-</span> 
     </span>
    </p>
   </div>
   <div class='ocr_carea' id='block_1_4' title="bbox 1941 476 3523 551">
    <p class='ocr_par' dir='ltr' id='par_1_4' title="bbox 1941 476 3523 549">
     <span class='ocr_line' id='line_1_4' title="bbox 1941 476 3523 549; baseline 0.002 -20"><span class='ocrx_word' id='word_1_15' title='bbox 1941 479 2112 531; x_wconf 80' lang='lat' dir='ltr'><strong>oratio</strong></span> <span class='ocrx_word' id='word_1_16' title='bbox 2140 478 2260 547; x_wconf 84' lang='lat' dir='ltr'><strong>ejus</strong></span> <span class='ocrx_word' id='word_1_17' title='bbox 2297 480 2388 549; x_wconf 89' lang='lat' dir='ltr'><strong>qui</strong></span> <span class='ocrx_word' id='word_1_18' title='bbox 2428 479 2623 533; x_wconf 88' lang='lat' dir='ltr'><strong>oculos</strong></span> <span class='ocrx_word' id='word_1_19' title='bbox 2672 479 2723 531; x_wconf 88' lang='lat' dir='ltr'><strong>itt</strong></span> <span class='ocrx_word' id='word_1_20' title='bbox 2761 493 2820 533; x_wconf 90' lang='lat' dir='ltr'><strong>sc</strong></span> <span class='ocrx_word' id='word_1_21' title='bbox 2846 476 3115 532; x_wconf 80' lang='lat' dir='ltr'><strong>convertit</strong></span> <span class='ocrx_word' id='word_1_22' title='bbox 3140 515 3155 542; x_wconf 86' lang='lat'><strong>,</strong></span> <span class='ocrx_word' id='word_1_23' title='bbox 3184 492 3212 531; x_wconf 87' lang='lat' dir='ltr'><strong>a</strong></span> <span class='ocrx_word' id='word_1_24' title='bbox 3245 491 3356 547; x_wconf 85' lang='lat' dir='ltr'><strong>quo</strong></span> <span class='ocrx_word' id='word_1_25' title='bbox 3385 476 3523 532; x_wconf 79' lang='lat' dir='ltr'><strong>alic-</strong></span> 
     </span>
    </p>
   </div>
   <div class='ocr_carea' id='block_1_5' title="bbox 218 570 3319 642">
    <p class='ocr_par' dir='ltr' id='par_1_5' title="bbox 218 570 3319 642">
     <span class='ocr_line' id='line_1_5' title="bbox 218 570 3319 642; baseline 0.002 -22"><span class='ocrx_word' id='word_1_26' title='bbox 218 583 397 639; x_wconf 80' lang='grc' dir='ltr'>τριον.</span> <span class='ocrx_word' id='word_1_27' title='bbox 1928 586 2034 625; x_wconf 89' lang='lat' dir='ltr'><strong>nus</strong></span> <span class='ocrx_word' id='word_1_28' title='bbox 2061 580 2148 626; x_wconf 90' lang='lat' dir='ltr'><strong>est</strong></span> <span class='ocrx_word' id='word_1_29' title='bbox 2177 572 2375 627; x_wconf 82' lang='lat' dir='ltr'><strong>oculus</strong></span> <span class='ocrx_word' id='word_1_30' title='bbox 2406 572 2529 641; x_wconf 84' lang='lat' dir='ltr'><strong>ejus</strong></span> <span class='ocrx_word' id='word_1_31' title='bbox 2558 571 2654 642; x_wconf 87' lang='lat' dir='ltr'><strong>qui</strong></span> <span class='ocrx_word' id='word_1_32' title='bbox 2685 570 2838 627; x_wconf 86' lang='lat' dir='ltr'><strong>foras</strong></span> <span class='ocrx_word' id='word_1_33' title='bbox 2871 570 3164 641; x_wconf 68' lang='lat' dir='ltr'><strong>prustticil.</strong></span> <span class='ocrx_word' id='word_1_34' title='bbox 3312 572 3319 577; x_wconf 87' lang='grc'><strong>’</strong></span> 
     </span>
    </p>
   </div>
   <div class='ocr_carea' id='block_1_6' title="bbox 298 682 3522 756">
    <p class='ocr_par' dir='ltr' id='par_1_6' title="bbox 298 682 3522 756">
     <span class='ocr_line' id='line_1_6' title="bbox 298 682 3522 756; baseline 0.001 -19"><span class='ocrx_word' id='word_1_35' title='bbox 298 682 512 737; x_wconf 84' lang='lat' dir='ltr'><strong>Etenim</strong></span> <span class='ocrx_word' id='word_1_36' title='bbox 544 684 688 753; x_wconf 79' lang='lat' dir='ltr'><strong>ﬁlios</strong></span> <span class='ocrx_word' id='word_1_37' title='bbox 718 700 844 739; x_wconf 77' lang='lat' dir='ltr'><strong>suos</strong></span> <span class='ocrx_word' id='word_1_38' title='bbox 877 695 923 737; x_wconf 78' lang='lat' dir='ltr'><strong>et</strong></span> <span class='ocrx_word' id='word_1_39' title='bbox 955 685 1102 755; x_wconf 79' lang='lat' dir='ltr'><strong>ﬁlias</strong></span> <span class='ocrx_word' id='word_1_40' title='bbox 1133 701 1260 739; x_wconf 83' lang='lat' dir='ltr'><strong>suas</strong></span> <span class='ocrx_word' id='word_1_41' title='bbox 1292 687 1409 756; x_wconf 82' lang='lat' dir='ltr'><strong>igne</strong></span> <span class='ocrx_word' id='word_1_42' title='bbox 1438 685 1860 739; x_wconf 76' lang='lat' dir='ltr'><strong>combusserunt.</strong></span> <span class='ocrx_word' id='word_1_43' title='bbox 1897 682 2050 756; x_wconf 57' lang='grc' dir='ltr'><strong>[δη</strong></span> <span class='ocrx_word' id='word_1_44' title='bbox 2095 683 2499 740; x_wconf 68' lang='lat' dir='ltr'><strong>Dmmoniacum</strong></span> <span class='ocrx_word' id='word_1_45' title='bbox 2533 686 2681 741; x_wconf 91' lang='lat' dir='ltr'><strong>enim</strong></span> <span class='ocrx_word' id='word_1_46' title='bbox 2718 695 2806 742; x_wconf 88' lang='lat' dir='ltr'><strong>est</strong></span> <span class='ocrx_word' id='word_1_47' title='bbox 2833 688 3139 742; x_wconf 95' lang='lat' dir='ltr'><strong>naturalem</strong></span> <span class='ocrx_word' id='word_1_48' title='bbox 3177 686 3522 743; x_wconf 82' lang='lat' dir='ltr'><strong>aﬂ‘eclionem</strong></span> 
     </span>
    </p>
   </div>
   <div class='ocr_carea' id='block_1_7' title="bbox 217 771 3526 846">
    <p class='ocr_par' dir='ltr' id='par_1_7' title="bbox 217 771 3526 846">
     <span class='ocr_line' id='line_1_7' title="bbox 217 771 3526 846; baseline 0.001 -19"><span class='ocrx_word' id='word_1_49' title='bbox 217 788 355 843; x_wconf 85' lang='lat' dir='ltr'><strong>erga</strong></span> <span class='ocrx_word' id='word_1_50' title='bbox 405 783 689 842; x_wconf 86' lang='lat' dir='ltr'><strong>acceptant</strong></span> <span class='ocrx_word' id='word_1_51' title='bbox 727 773 974 826; x_wconf 86' lang='lat' dir='ltr'><strong>sobolem</strong></span> <span class='ocrx_word' id='word_1_52' title='bbox 1023 774 1376 827; x_wconf 88' lang='lat' dir='ltr'><strong>conculcarc.</strong></span> <span class='ocrx_word' id='word_1_53' title='bbox 1415 792 1433 825; x_wconf 83' lang='lat' dir='ltr'><strong>t</strong></span> <span class='ocrx_word' id='word_1_54' title='bbox 1468 773 1601 827; x_wconf 83' lang='lat' dir='ltr'><strong>Nam</strong></span> <span class='ocrx_word' id='word_1_55' title='bbox 1635 773 1820 825; x_wconf 83' lang='lat' dir='ltr'><strong>omnia</strong></span> <span class='ocrx_word' id='word_1_56' title='bbox 1849 774 2061 828; x_wconf 88' lang='lat' dir='ltr'><strong>creavit</strong></span> <span class='ocrx_word' id='word_1_57' title='bbox 2091 771 2235 828; x_wconf 87' lang='lat' dir='ltr'><strong>Deus</strong></span> <span class='ocrx_word' id='word_1_58' title='bbox 2272 781 2331 827; x_wconf 88' lang='lat' dir='ltr'><strong>ut</strong></span> <span class='ocrx_word' id='word_1_59' title='bbox 2369 782 2556 829; x_wconf 81' lang='lat' dir='ltr'><strong>essent</strong></span> <span class='ocrx_word' id='word_1_60' title='bbox 2579 813 2596 838; x_wconf 93' lang='lat'><strong>,</strong></span> <span class='ocrx_word' id='word_1_61' title='bbox 2648 776 2724 830; x_wconf 90' lang='lat' dir='ltr'><strong>ita</strong></span> <span class='ocrx_word' id='word_1_62' title='bbox 2774 790 2994 846; x_wconf 87' lang='lat' dir='ltr'><strong>quoque</strong></span> <span class='ocrx_word' id='word_1_63' title='bbox 3042 775 3433 846; x_wconf 89' lang='lat' dir='ltr'><strong>generationes</strong></span> <span class='ocrx_word' id='word_1_64' title='bbox 3470 787 3526 829; x_wconf 80' lang='grc' dir='ltr'><strong>ιιι</strong></span> 
     </span>
    </p>
   </div>
   <div class='ocr_carea' id='block_1_8' title="bbox 219 859 3527 932">
    <p class='ocr_par' dir='ltr' id='par_1_8' title="bbox 219 859 3527 932">
     <span class='ocr_line' id='line_1_8' title="bbox 219 859 3527 932; baseline 0 -17"><span class='ocrx_word' id='word_1_65' title='bbox 219 861 495 915; x_wconf 88' lang='lat' dir='ltr'><strong>nmndum</strong></span> <span class='ocrx_word' id='word_1_66' title='bbox 526 868 966 928; x_wconf 87' lang='lat' dir='ltr'><strong>conservarent;</strong></span> <span class='ocrx_word' id='word_1_67' title='bbox 1019 878 1123 918; x_wconf 91' lang='lat' dir='ltr'><strong>nec</strong></span> <span class='ocrx_word' id='word_1_68' title='bbox 1164 871 1248 918; x_wconf 78' lang='lat' dir='ltr'><strong>est</strong></span> <span class='ocrx_word' id='word_1_69' title='bbox 1278 863 1529 917; x_wconf 82' lang='lat' dir='ltr'><strong>Plutonis</strong></span> <span class='ocrx_word' id='word_1_70' title='bbox 1559 863 1709 932; x_wconf 81' lang='lat' dir='ltr'><strong>regia</strong></span> <span class='ocrx_word' id='word_1_71' title='bbox 1744 875 1911 931; x_wconf 88' lang='lat' dir='ltr'><strong>super</strong></span> <span class='ocrx_word' id='word_1_72' title='bbox 1938 869 2107 915; x_wconf 87' lang='lat' dir='ltr'><strong>terra.</strong></span> <span class='ocrx_word' id='word_1_73' title='bbox 2145 859 2348 916; x_wconf 82' lang='lat' dir='ltr'><strong>Verum</strong></span> <span class='ocrx_word' id='word_1_74' title='bbox 2379 860 2585 919; x_wconf 88' lang='lat' dir='ltr'><strong>diaboli</strong></span> <span class='ocrx_word' id='word_1_75' title='bbox 2620 862 2829 917; x_wconf 83' lang='lat' dir='ltr'><strong>invidia</strong></span> <span class='ocrx_word' id='word_1_76' title='bbox 2867 862 2925 918; x_wconf 90' lang='lat' dir='ltr'><strong>in</strong></span> <span class='ocrx_word' id='word_1_77' title='bbox 2956 863 3225 918; x_wconf 86' lang='lat' dir='ltr'><strong>mundum</strong></span> <span class='ocrx_word' id='word_1_78' title='bbox 3256 876 3410 917; x_wconf 89' lang='lat' dir='ltr'><strong>mors</strong></span> <span class='ocrx_word' id='word_1_79' title='bbox 3441 863 3527 917; x_wconf 85' lang='lat' dir='ltr'><strong>in-</strong></span> 
     </span>
    </p>
   </div>
   <div class='ocr_carea' id='block_1_9' title="bbox 218 950 491 1004">
    <p class='ocr_par' dir='ltr' id='par_1_9' title="bbox 218 950 491 1004">
     <span class='ocr_line' id='line_1_9' title="bbox 218 950 491 1004; baseline -0.004 -2"><span class='ocrx_word' id='word_1_80' title='bbox 218 950 426 1004; x_wconf 77' lang='lat' dir='ltr'><strong>vasit&#39;.</strong></span> <span class='ocrx_word' id='word_1_81' title='bbox 471 968 491 1001; x_wconf 74' lang='grc' dir='ltr'><strong>ι</strong></span> 
     </span>
    </p>
   </div>
   <div class='ocr_carea' id='block_1_10' title="bbox 300 1063 1833 1139">
    <p class='ocr_par' dir='ltr' id='par_1_10' title="bbox 300 1068 1824 1139">
     <span class='ocr_line' id='line_1_10' title="bbox 300 1068 1824 1139; baseline -0.003 -15"><span class='ocrx_word' id='word_1_82' title='bbox 300 1071 388 1124; x_wconf 83' lang='grc' dir='ltr'><strong>Οὐ</strong></span> <span class='ocrx_word' id='word_1_83' title='bbox 440 1069 816 1138; x_wconf 81' lang='grc' dir='ltr'><strong>προσθήσεις</strong></span> <span class='ocrx_word' id='word_1_84' title='bbox 861 1069 956 1123; x_wconf 78' lang='grc' dir='ltr'><strong>ἐπ’</strong></span> <span class='ocrx_word' id='word_1_85' title='bbox 990 1069 1204 1138; x_wconf 82' lang='grc' dir='ltr'>αὐτοῦ,</span> <span class='ocrx_word' id='word_1_86' title='bbox 1244 1069 1390 1124; x_wconf 78' lang='grc' dir='ltr'>οὐδὲ</span> <span class='ocrx_word' id='word_1_87' title='bbox 1414 1068 1665 1139; x_wconf 63' lang='grc' dir='ltr'>ἀφελεῖς</span> <span class='ocrx_word' id='word_1_88' title='bbox 1708 1068 1824 1122; x_wconf 77' lang='grc' dir='ltr'><strong>ἀπ’</strong></span> 
     </span>
    </p>
   </div>
   <div class='ocr_carea' id='block_1_11' title="bbox 1941 1063 3525 1139">
    <p class='ocr_par' dir='ltr' id='par_1_11' title="bbox 2001 1063 3525 1139">
     <span class='ocr_line' id='line_1_11' title="bbox 2001 1063 3525 1139; baseline 0.002 -22"><span class='ocrx_word' id='word_1_89' title='bbox 2001 1063 2125 1118; x_wconf 85' lang='lat' dir='ltr'><strong>Non</strong></span> <span class='ocrx_word' id='word_1_90' title='bbox 2157 1063 2322 1119; x_wconf 83' lang='lat' dir='ltr'><strong>addes</strong></span> <span class='ocrx_word' id='word_1_91' title='bbox 2356 1067 2427 1120; x_wconf 83' lang='lat' dir='ltr'><strong>ad</strong></span> <span class='ocrx_word' id='word_1_92' title='bbox 2466 1068 2679 1136; x_wconf 82' lang='lat' dir='ltr'><strong>ipsum,</strong></span> <span class='ocrx_word' id='word_1_93' title='bbox 2716 1084 2881 1139; x_wconf 84' lang='lat' dir='ltr'><strong>neque</strong></span> <span class='ocrx_word' id='word_1_94' title='bbox 2906 1074 3117 1139; x_wconf 77' lang='lat' dir='ltr'><strong>auferes</strong></span> <span class='ocrx_word' id='word_1_95' title='bbox 3146 1066 3212 1122; x_wconf 85' lang='lat' dir='ltr'><strong>ab</strong></span> <span class='ocrx_word' id='word_1_96' title='bbox 3248 1083 3331 1122; x_wconf 83' lang='lat' dir='ltr'><strong>eo.</strong></span> <span class='ocrx_word' id='word_1_97' title='bbox 3367 1064 3525 1139; x_wconf 73' lang='lat'><strong>[32.]</strong></span> 
     </span>
    </p>
   </div>
   <div class='ocr_carea' id='block_1_12' title="bbox 146 1152 1833 1233">
    <p class='ocr_par' dir='ltr' id='par_1_12' title="bbox 146 1158 1822 1233">
     <span class='ocr_line' id='line_1_12' title="bbox 146 1158 1822 1233; baseline -0.002 -16"><span class='ocrx_word' id='word_1_98' title='bbox 146 1230 149 1233; x_wconf 95' lang='lat'><em>_</em></span> <span class='ocrx_word' id='word_1_99' title='bbox 217 1161 436 1217; x_wconf 79' lang='grc' dir='ltr'>αὑτοῦ.</span> <span class='ocrx_word' id='word_1_100' title='bbox 478 1161 665 1216; x_wconf 76' lang='grc' dir='ltr'>Διττδν</span> <span class='ocrx_word' id='word_1_101' title='bbox 701 1161 765 1214; x_wconf 78' lang='grc' dir='ltr'>τὸ</span> <span class='ocrx_word' id='word_1_102' title='bbox 799 1163 1168 1233; x_wconf 76' lang='grc' dir='ltr'>ἁμαρτάνεινο</span> <span class='ocrx_word' id='word_1_103' title='bbox 1222 1162 1255 1233; x_wconf 86' lang='grc' dir='ltr'>ἦ</span> <span class='ocrx_word' id='word_1_104' title='bbox 1288 1163 1352 1215; x_wconf 86' lang='grc' dir='ltr'>τὸ</span> <span class='ocrx_word' id='word_1_105' title='bbox 1390 1162 1743 1223; x_wconf 77' lang='grc' dir='ltr'>ὑποϐαίνειν,</span> <span class='ocrx_word' id='word_1_106' title='bbox 1787 1158 1822 1230; x_wconf 86' lang='grc' dir='ltr'>ἦ</span> 
     </span>
    </p>
   </div>
   <div class='ocr_carea' id='block_1_13' title="bbox 1941 1152 3543 1233">
    <p class='ocr_par' dir='ltr' id='par_1_13' title="bbox 1941 1152 3543 1228">
     <span class='ocr_line' id='line_1_13' title="bbox 1941 1152 3543 1228; baseline 0.002 -21"><span class='ocrx_word' id='word_1_107' title='bbox 1941 1152 2140 1226; x_wconf 79' lang='lat' dir='ltr'><strong>Duplex</strong></span> <span class='ocrx_word' id='word_1_108' title='bbox 2189 1156 2336 1210; x_wconf 91' lang='lat' dir='ltr'><strong>enim</strong></span> <span class='ocrx_word' id='word_1_109' title='bbox 2400 1157 2454 1210; x_wconf 90' lang='lat' dir='ltr'><strong>itt</strong></span> <span class='ocrx_word' id='word_1_110' title='bbox 2496 1164 2782 1227; x_wconf 89' lang='lat' dir='ltr'><strong>peccatum</strong></span> <span class='ocrx_word' id='word_1_111' title='bbox 2825 1158 3015 1227; x_wconf 88' lang='lat' dir='ltr'><strong>lapsus</strong></span> <span class='ocrx_word' id='word_1_112' title='bbox 3060 1166 3146 1214; x_wconf 88' lang='lat' dir='ltr'><strong>est</strong></span> <span class='ocrx_word' id='word_1_113' title='bbox 3173 1200 3188 1223; x_wconf 90' lang='lat'><strong>,</strong></span> <span class='ocrx_word' id='word_1_114' title='bbox 3229 1159 3317 1213; x_wconf 88' lang='lat' dir='ltr'><strong>vel</strong></span> <span class='ocrx_word' id='word_1_115' title='bbox 3357 1172 3543 1228; x_wconf 71' lang='lat' dir='ltr'><strong>supra&#39;</strong></span> 
     </span>
    </p>
   </div>
   <div class='ocr_carea' id='block_1_14' title="bbox 216 1247 1833 1325">
    <p class='ocr_par' dir='ltr' id='par_1_14' title="bbox 216 1252 1823 1325">
     <span class='ocr_line' id='line_1_14' title="bbox 216 1252 1823 1325; baseline -0.001 -19"><span class='ocrx_word' id='word_1_116' title='bbox 216 1255 283 1306; x_wconf 77' lang='grc' dir='ltr'>τὸ</span> <span class='ocrx_word' id='word_1_117' title='bbox 330 1252 686 1324; x_wconf 73' lang='grc' dir='ltr'>ὑπερϐαίνειν</span> <span class='ocrx_word' id='word_1_118' title='bbox 726 1255 827 1319; x_wconf 80' lang='grc' dir='ltr'>τὰς</span> <span class='ocrx_word' id='word_1_119' title='bbox 858 1254 1102 1319; x_wconf 79' lang='grc' dir='ltr'>ἐντολάς.</span> <span class='ocrx_word' id='word_1_120' title='bbox 1134 1255 1198 1309; x_wconf 89' lang='grc' dir='ltr'>Οί</span> <span class='ocrx_word' id='word_1_121' title='bbox 1237 1254 1336 1324; x_wconf 82' lang='grc' dir='ltr'>μὲν</span> <span class='ocrx_word' id='word_1_122' title='bbox 1373 1254 1483 1325; x_wconf 77' lang='grc' dir='ltr'><strong>γὰρ</strong></span> <span class='ocrx_word' id='word_1_123' title='bbox 1513 1255 1823 1325; x_wconf 75' lang='grc' dir='ltr'><strong>ἐγκρατεῖς,</strong></span> 
     </span>
    </p>
   </div>
   <div class='ocr_carea' id='block_1_15' title="bbox 1941 1247 3525 1325">
    <p class='ocr_par' dir='ltr' id='par_1_15' title="bbox 1941 1247 3525 1323">
     <span class='ocr_line' id='line_1_15' title="bbox 1941 1247 3525 1323; baseline 0.003 -21"><span class='ocrx_word' id='word_1_124' title='bbox 1941 1249 2010 1303; x_wconf 77' lang='lat' dir='ltr'><strong>rel</strong></span> <span class='ocrx_word' id='word_1_125' title='bbox 2042 1247 2184 1302; x_wconf 88' lang='lat' dir='ltr'><strong>ittfra</strong></span> <span class='ocrx_word' id='word_1_126' title='bbox 2224 1248 2321 1305; x_wconf 89' lang='lat' dir='ltr'><strong>Dei</strong></span> <span class='ocrx_word' id='word_1_127' title='bbox 2365 1252 2620 1306; x_wconf 86' lang='lat' dir='ltr'><strong>mandata</strong></span> <span class='ocrx_word' id='word_1_128' title='bbox 2670 1251 3064 1323; x_wconf 88' lang='lat' dir='ltr'><strong>delinquendo.</strong></span> <span class='ocrx_word' id='word_1_129' title='bbox 3105 1251 3336 1319; x_wconf 87' lang='lat' dir='ltr'><strong>Quidam</strong></span> <span class='ocrx_word' id='word_1_130' title='bbox 3377 1254 3525 1308; x_wconf 90' lang='lat' dir='ltr'><strong>enim</strong></span> 
     </span>
    </p>
   </div>
   <div class='ocr_carea' id='block_1_16' title="bbox 215 1342 1833 1417">
    <p class='ocr_par' dir='ltr' id='par_1_16' title="bbox 215 1344 1825 1417">
     <span class='ocr_line' id='line_1_16' title="bbox 215 1344 1825 1417; baseline -0.002 -16"><span class='ocrx_word' id='word_1_131' title='bbox 215 1346 302 1417; x_wconf 79' lang='grc' dir='ltr'>τῷ</span> <span class='ocrx_word' id='word_1_132' title='bbox 337 1346 561 1416; x_wconf 76' lang='grc' dir='ltr'>ποιῆσαι</span> <span class='ocrx_word' id='word_1_133' title='bbox 592 1344 858 1415; x_wconf 83' lang='grc' dir='ltr'>στάθμιον</span> <span class='ocrx_word' id='word_1_134' title='bbox 894 1347 1059 1417; x_wconf 78' lang='grc' dir='ltr'>μέγα,</span> <span class='ocrx_word' id='word_1_135' title='bbox 1087 1346 1433 1417; x_wconf 71' lang='grc' dir='ltr'>ἀφωρίκασιν</span> <span class='ocrx_word' id='word_1_136' title='bbox 1466 1345 1695 1408; x_wconf 80' lang='grc' dir='ltr'>ἑαυτοὺς</span> <span class='ocrx_word' id='word_1_137' title='bbox 1724 1345 1825 1414; x_wconf 76' lang='grc' dir='ltr'>τῆς</span> 
     </span>
    </p>
   </div>
   <div class='ocr_carea' id='block_1_17' title="bbox 1941 1342 3525 1417">
    <p class='ocr_par' dir='ltr' id='par_1_17' title="bbox 1941 1342 3525 1416">
     <span class='ocr_line' id='line_1_17' title="bbox 1941 1342 3525 1416; baseline 0.003 -22"><span class='ocrx_word' id='word_1_138' title='bbox 1941 1346 2298 1411; x_wconf 64' lang='lat' dir='ltr'><strong>praepotentes</strong></span> <span class='ocrx_word' id='word_1_139' title='bbox 2334 1342 2442 1396; x_wconf 87' lang='lat' dir='ltr'><strong>sibi</strong></span> <span class='ocrx_word' id='word_1_140' title='bbox 2478 1342 2584 1397; x_wconf 89' lang='lat' dir='ltr'><strong>nisi</strong></span> <span class='ocrx_word' id='word_1_141' title='bbox 2619 1342 2723 1400; x_wconf 80' lang='lat' dir='ltr'><strong>hoc</strong></span> <span class='ocrx_word' id='word_1_142' title='bbox 2757 1346 2903 1415; x_wconf 91' lang='lat' dir='ltr'><strong>quod</strong></span> <span class='ocrx_word' id='word_1_143' title='bbox 2947 1354 3211 1399; x_wconf 77' lang='lat' dir='ltr'><strong>stateram</strong></span> <span class='ocrx_word' id='word_1_144' title='bbox 3247 1346 3525 1416; x_wconf 76' lang='lat' dir='ltr'><strong>ingentem</strong></span> 
     </span>
    </p>
   </div>
   <div class='ocr_carea' id='block_1_18' title="bbox 232 1433 1833 1508">
    <p class='ocr_par' dir='ltr' id='par_1_18' title="bbox 232 1434 1824 1507">
     <span class='ocr_line' id='line_1_18' title="bbox 232 1434 1824 1507; baseline -0.003 -16"><span class='ocrx_word' id='word_1_145' title='bbox 232 1436 601 1507; x_wconf 81' lang='grc' dir='ltr'>Ἐκκλησίας·</span> <span class='ocrx_word' id='word_1_146' title='bbox 629 1437 680 1489; x_wconf 89' lang='grc' dir='ltr'><strong>οί</strong></span> <span class='ocrx_word' id='word_1_147' title='bbox 712 1434 770 1490; x_wconf 84' lang='grc' dir='ltr'>δὲ</span> <span class='ocrx_word' id='word_1_148' title='bbox 798 1435 1159 1507; x_wconf 75' lang='grc' dir='ltr'>ὑδαρέστερον</span> <span class='ocrx_word' id='word_1_149' title='bbox 1192 1436 1263 1490; x_wconf 76' lang='grc' dir='ltr'>τὰ</span> <span class='ocrx_word' id='word_1_150' title='bbox 1294 1437 1425 1506; x_wconf 67' lang='grc' dir='ltr'>περὶ</span> <span class='ocrx_word' id='word_1_151' title='bbox 1451 1435 1578 1500; x_wconf 83' lang='grc' dir='ltr'>τοὺς</span> <span class='ocrx_word' id='word_1_152' title='bbox 1607 1434 1824 1505; x_wconf 78' lang='grc' dir='ltr'>γάμους</span> 
     </span>
    </p>
   </div>
   <div class='ocr_carea' id='block_1_19' title="bbox 1941 1433 3530 1508">
    <p class='ocr_par' dir='ltr' id='par_1_19' title="bbox 1941 1433 3530 1508">
     <span class='ocr_line' id='line_1_19' title="bbox 1941 1433 3530 1508; baseline 0.001 -19"><span class='ocrx_word' id='word_1_153' title='bbox 1941 1448 2050 1489; x_wconf 68' lang='lat' dir='ltr'><strong>suae</strong></span> <span class='ocrx_word' id='word_1_154' title='bbox 2088 1434 2216 1488; x_wconf 67' lang='lat' dir='ltr'><strong>vita:</strong></span> <span class='ocrx_word' id='word_1_155' title='bbox 2253 1433 2647 1503; x_wconf 87' lang='lat' dir='ltr'><strong>fabricasscnt,</strong></span> <span class='ocrx_word' id='word_1_156' title='bbox 2682 1437 2900 1508; x_wconf 87' lang='lat' dir='ltr'><strong>seipsos</strong></span> <span class='ocrx_word' id='word_1_157' title='bbox 2924 1438 2993 1492; x_wconf 89' lang='lat' dir='ltr'><strong>ah</strong></span> <span class='ocrx_word' id='word_1_158' title='bbox 3027 1437 3275 1493; x_wconf 81' lang='lat' dir='ltr'><strong>Ecclesia</strong></span> <span class='ocrx_word' id='word_1_159' title='bbox 3312 1440 3530 1493; x_wconf 88' lang='lat' dir='ltr'><strong>abstra-</strong></span> 
     </span>
    </p>
   </div>
   <div class='ocr_carea' id='block_1_20' title="bbox 219 1524 1833 1601">
    <p class='ocr_par' dir='ltr' id='par_1_20' title="bbox 219 1528 1826 1601">
     <span class='ocr_line' id='line_1_20' title="bbox 219 1528 1826 1601; baseline -0.002 -17"><span class='ocrx_word' id='word_1_160' title='bbox 219 1530 328 1584; x_wconf 74' lang='grc' dir='ltr'>καὶ</span> <span class='ocrx_word' id='word_1_161' title='bbox 348 1530 447 1595; x_wconf 78' lang='grc' dir='ltr'>τὰς</span> <span class='ocrx_word' id='word_1_162' title='bbox 466 1529 675 1601; x_wconf 77' lang='grc' dir='ltr'>τροφὰς</span> <span class='ocrx_word' id='word_1_163' title='bbox 700 1529 1184 1599; x_wconf 84' lang='grc' dir='ltr'>οίκονομήσαντες,</span> <span class='ocrx_word' id='word_1_164' title='bbox 1212 1529 1292 1601; x_wconf 83' lang='grc' dir='ltr'>τῷ</span> <span class='ocrx_word' id='word_1_165' title='bbox 1317 1528 1581 1599; x_wconf 82' lang='grc' dir='ltr'>στάθμιον</span> <span class='ocrx_word' id='word_1_166' title='bbox 1609 1530 1826 1592; x_wconf 78' lang='grc' dir='ltr'><strong>ἑαυτοῖς</strong></span> 
     </span>
    </p>
   </div>
   <div class='ocr_carea' id='block_1_21' title="bbox 1941 1524 3530 1601">
    <p class='ocr_par' dir='ltr' id='par_1_21' title="bbox 1941 1524 3530 1599">
     <span class='ocr_line' id='line_1_21' title="bbox 1941 1524 3530 1599; baseline 0.003 -23"><span class='ocrx_word' id='word_1_167' title='bbox 1941 1531 2154 1581; x_wconf 75' lang='lat' dir='ltr'><strong>xerunt.</strong></span> <span class='ocrx_word' id='word_1_168' title='bbox 2179 1524 2414 1591; x_wconf 88' lang='lat' dir='ltr'><strong>Quidam</strong></span> <span class='ocrx_word' id='word_1_169' title='bbox 2444 1542 2577 1581; x_wconf 88' lang='lat' dir='ltr'><strong>vero</strong></span> <span class='ocrx_word' id='word_1_170' title='bbox 2609 1526 2836 1584; x_wconf 81' lang='lat' dir='ltr'><strong>ﬂuiditts</strong></span> <span class='ocrx_word' id='word_1_171' title='bbox 2870 1543 2937 1583; x_wconf 90' lang='lat' dir='ltr'><strong>ac</strong></span> <span class='ocrx_word' id='word_1_172' title='bbox 2966 1528 3283 1599; x_wconf 81' lang='lat' dir='ltr'><strong>languidius</strong></span> <span class='ocrx_word' id='word_1_173' title='bbox 3319 1528 3387 1583; x_wconf 87' lang='lat' dir='ltr'><strong>de</strong></span> <span class='ocrx_word' id='word_1_174' title='bbox 3412 1544 3530 1581; x_wconf 89' lang='lat' dir='ltr'><strong>tua-</strong></span> 
     </span>
    </p>
   </div>
   <div class='ocr_carea' id='block_1_22' title="bbox 221 1615 1833 1694">
    <p class='ocr_par' dir='ltr' id='par_1_22' title="bbox 221 1619 1825 1692">
     <span class='ocr_line' id='line_1_22' title="bbox 221 1619 1825 1692; baseline -0.002 -15"><span class='ocrx_word' id='word_1_175' title='bbox 221 1622 598 1691; x_wconf 80' lang='grc' dir='ltr'>ττεποιηκέναι</span> <span class='ocrx_word' id='word_1_176' title='bbox 634 1620 855 1692; x_wconf 76' lang='grc' dir='ltr'>μικρὸν,</span> <span class='ocrx_word' id='word_1_177' title='bbox 888 1620 950 1673; x_wconf 86' lang='grc' dir='ltr'><strong>οὐ</strong></span> <span class='ocrx_word' id='word_1_178' title='bbox 981 1621 1265 1688; x_wconf 76' lang='grc' dir='ltr'>τεύξονται</span> <span class='ocrx_word' id='word_1_179' title='bbox 1288 1620 1388 1692; x_wconf 84' lang='grc' dir='ltr'>τῆς</span> <span class='ocrx_word' id='word_1_180' title='bbox 1422 1620 1703 1691; x_wconf 82' lang='grc' dir='ltr'>βασιλείας</span> <span class='ocrx_word' id='word_1_181' title='bbox 1729 1619 1825 1673; x_wconf 83' lang='grc' dir='ltr'>τοῦ</span> 
     </span>
    </p>
   </div>
   <div class='ocr_carea' id='block_1_23' title="bbox 1941 1615 3527 1694">
    <p class='ocr_par' dir='ltr' id='par_1_23' title="bbox 1941 1615 3527 1694">
     <span class='ocr_line' id='line_1_23' title="bbox 1941 1615 3527 1694; baseline 0.006 -25"><span class='ocrx_word' id='word_1_182' title='bbox 1941 1615 2200 1671; x_wconf 87' lang='lat' dir='ltr'><strong>trimonio</strong></span> <span class='ocrx_word' id='word_1_183' title='bbox 2235 1617 2477 1688; x_wconf 88' lang='lat' dir='ltr'><strong>itentqne</strong></span> <span class='ocrx_word' id='word_1_184' title='bbox 2507 1618 2649 1675; x_wconf 88' lang='lat' dir='ltr'><strong>cibis</strong></span> <span class='ocrx_word' id='word_1_185' title='bbox 2681 1628 3027 1687; x_wconf 82' lang='lat' dir='ltr'><strong>statuentes,</strong></span> <span class='ocrx_word' id='word_1_186' title='bbox 3062 1623 3168 1678; x_wconf 90' lang='lat' dir='ltr'><strong>hoc</strong></span> <span class='ocrx_word' id='word_1_187' title='bbox 3214 1624 3335 1694; x_wconf 87' lang='lat' dir='ltr'><strong>ipso</strong></span> <span class='ocrx_word' id='word_1_188' title='bbox 3381 1625 3527 1693; x_wconf 82' lang='lat' dir='ltr'><strong>quod</strong></span> 
     </span>
    </p>
   </div>
   <div class='ocr_carea' id='block_1_24' title="bbox 220 1712 1833 1788">
    <p class='ocr_par' dir='ltr' id='par_1_24' title="bbox 220 1712 1828 1785">
     <span class='ocr_line' id='line_1_24' title="bbox 220 1712 1828 1785; baseline -0.002 -16"><span class='ocrx_word' id='word_1_189' title='bbox 220 1715 387 1772; x_wconf 73' lang='grc' dir='ltr'>Θεοῦ.</span> <span class='ocrx_word' id='word_1_190' title='bbox 412 1716 633 1769; x_wconf 84' lang='grc' dir='ltr'>Δέδεσαι</span> <span class='ocrx_word' id='word_1_191' title='bbox 658 1714 799 1785; x_wconf 70' lang='grc' dir='ltr'>μετὰ</span> <span class='ocrx_word' id='word_1_192' title='bbox 822 1715 1119 1782; x_wconf 73' lang='grc' dir='ltr'>γυναικόςς</span> <span class='ocrx_word' id='word_1_193' title='bbox 1164 1714 1291 1768; x_wconf 75' lang='grc' dir='ltr'><strong>Ἐὰν</strong></span> <span class='ocrx_word' id='word_1_194' title='bbox 1320 1714 1583 1785; x_wconf 65' lang='grc' dir='ltr'>στάθμιοψ</span> <span class='ocrx_word' id='word_1_195' title='bbox 1613 1712 1828 1784; x_wconf 82' lang='grc' dir='ltr'>σεαυτῷ</span> 
     </span>
    </p>
   </div>
   <div class='ocr_carea' id='block_1_25' title="bbox 1941 1712 3527 1788">
    <p class='ocr_par' dir='ltr' id='par_1_25' title="bbox 1941 1715 3527 1788">
     <span class='ocr_line' id='line_1_25' title="bbox 1941 1715 3527 1788; baseline 0.004 -23"><span class='ocrx_word' id='word_1_196' title='bbox 1941 1718 2198 1766; x_wconf 86' lang='lat' dir='ltr'><strong>stateram</strong></span> <span class='ocrx_word' id='word_1_197' title='bbox 2253 1727 2478 1782; x_wconf 87' lang='lat' dir='ltr'><strong>parvam</strong></span> <span class='ocrx_word' id='word_1_198' title='bbox 2531 1725 2854 1780; x_wconf 75' lang='lat' dir='ltr'><strong>erexerunt,</strong></span> <span class='ocrx_word' id='word_1_199' title='bbox 2889 1715 2983 1771; x_wconf 85' lang='lat' dir='ltr'><strong>Dei</strong></span> <span class='ocrx_word' id='word_1_200' title='bbox 3033 1731 3260 1786; x_wconf 77' lang='lat' dir='ltr'><strong>regnum</strong></span> <span class='ocrx_word' id='word_1_201' title='bbox 3294 1717 3527 1788; x_wconf 86' lang='lat' dir='ltr'><strong>adipisci</strong></span> 
     </span>
    </p>
   </div>
   <div class='ocr_carea' id='block_1_26' title="bbox 226 1784 1833 1880">
    <p class='ocr_par' dir='ltr' id='par_1_26' title="bbox 226 1784 1829 1880">
     <span class='ocr_line' id='line_1_26' title="bbox 226 1784 1829 1880; baseline -0.002 -18"><span class='ocrx_word' id='word_1_202' title='bbox 226 1809 377 1880; x_wconf 75' lang='grc' dir='ltr'>μέγα</span> <span class='ocrx_word' id='word_1_203' title='bbox 424 1806 685 1877; x_wconf 84' lang='grc' dir='ltr'><strong>ποιήσῃς,</strong></span> <span class='ocrx_word' id='word_1_204' title='bbox 726 1804 788 1857; x_wconf 80' lang='grc' dir='ltr'><strong>οὐ</strong></span> <span class='ocrx_word' id='word_1_205' title='bbox 838 1804 1151 1875; x_wconf 81' lang='grc' dir='ltr'>φροντίζεις</span> <span class='ocrx_word' id='word_1_206' title='bbox 1206 1805 1307 1874; x_wconf 82' lang='grc' dir='ltr'>τῆς</span> <span class='ocrx_word' id='word_1_207' title='bbox 1355 1784 1651 1874; x_wconf 79' lang='grc' dir='ltr'>γυναικός·</span> <span class='ocrx_word' id='word_1_208' title='bbox 1698 1803 1829 1858; x_wconf 81' lang='grc' dir='ltr'>ἀλλ’</span> 
     </span>
    </p>
   </div>
   <div class='ocr_carea' id='block_1_27' title="bbox 1941 1784 3532 1880">
    <p class='ocr_par' dir='ltr' id='par_1_27' title="bbox 1941 1784 3532 1877">
     <span class='ocr_line' id='line_1_27' title="bbox 1941 1784 3532 1877; baseline 0.004 -19"><span class='ocrx_word' id='word_1_209' title='bbox 1941 1817 2045 1858; x_wconf 91' lang='lat' dir='ltr'><strong>non</strong></span> <span class='ocrx_word' id='word_1_210' title='bbox 2102 1812 2386 1874; x_wconf 88' lang='lat' dir='ltr'><strong>poterunt.</strong></span> <span class='ocrx_word' id='word_1_211' title='bbox 2432 1805 2838 1877; x_wconf 82' lang='lat' dir='ltr'><strong>Couglutinare</strong></span> <span class='ocrx_word' id='word_1_212' title='bbox 2886 1821 3013 1863; x_wconf 89' lang='lat' dir='ltr'><strong>cum</strong></span> <span class='ocrx_word' id='word_1_213' title='bbox 3060 1784 3266 1865; x_wconf 59' lang='lat' dir='ltr'><strong>uxore?</strong></span> <span class='ocrx_word' id='word_1_214' title='bbox 3307 1810 3364 1865; x_wconf 89' lang='lat' dir='ltr'><strong>Si</strong></span> <span class='ocrx_word' id='word_1_215' title='bbox 3392 1784 3532 1865; x_wconf 26' lang='lat' dir='ltr'><strong>isla-</strong></span> 
     </span>
    </p>
   </div>
   <div class='ocr_carea' id='block_1_28' title="bbox 222 1894 1833 1971">
    <p class='ocr_par' dir='ltr' id='par_1_28' title="bbox 222 1894 1827 1971">
     <span class='ocr_line' id='line_1_28' title="bbox 222 1894 1827 1971; baseline -0.004 -17"><span class='ocrx_word' id='word_1_216' title='bbox 222 1902 333 1971; x_wconf 80' lang='grc' dir='ltr'>ὅρα</span> <span class='ocrx_word' id='word_1_217' title='bbox 366 1897 442 1970; x_wconf 76' lang='grc' dir='ltr'>μὴ</span> <span class='ocrx_word' id='word_1_218' title='bbox 475 1901 542 1970; x_wconf 80' lang='grc' dir='ltr'>τῇ</span> <span class='ocrx_word' id='word_1_219' title='bbox 584 1900 650 1969; x_wconf 73' lang='grc' dir='ltr'>σῇ</span> <span class='ocrx_word' id='word_1_220' title='bbox 684 1894 958 1967; x_wconf 83' lang='grc' dir='ltr'>ἀπόληται</span> <span class='ocrx_word' id='word_1_221' title='bbox 987 1896 1339 1970; x_wconf 79' lang='grc' dir='ltr'>σωφροσύνῃ,</span> <span class='ocrx_word' id='word_1_222' title='bbox 1384 1895 1452 1949; x_wconf 79' lang='grc' dir='ltr'>δι’</span> <span class='ocrx_word' id='word_1_223' title='bbox 1476 1897 1544 1966; x_wconf 76' lang='grc' dir='ltr'>ἢν</span> <span class='ocrx_word' id='word_1_224' title='bbox 1590 1894 1827 1966; x_wconf 71' lang='grc' dir='ltr'>Χριστὸς</span> 
     </span>
    </p>
   </div>
   <div class='ocr_carea' id='block_1_29' title="bbox 1941 1894 3531 1971">
    <p class='ocr_par' dir='ltr' id='par_1_29' title="bbox 1941 1894 3531 1968">
     <span class='ocr_line' id='line_1_29' title="bbox 1941 1894 3531 1968; baseline 0.005 -22"><span class='ocrx_word' id='word_1_225' title='bbox 1941 1902 2109 1949; x_wconf 83' lang='lat' dir='ltr'><strong>teram</strong></span> <span class='ocrx_word' id='word_1_226' title='bbox 2164 1894 2261 1949; x_wconf 88' lang='lat' dir='ltr'><strong>tibi</strong></span> <span class='ocrx_word' id='word_1_227' title='bbox 2314 1895 2423 1966; x_wconf 87' lang='lat' dir='ltr'><strong>ipsi</strong></span> <span class='ocrx_word' id='word_1_228' title='bbox 2477 1912 2738 1968; x_wconf 89' lang='lat' dir='ltr'><strong>magnam</strong></span> <span class='ocrx_word' id='word_1_229' title='bbox 2792 1897 3011 1964; x_wconf 78' lang='lat' dir='ltr'><strong>feceris,</strong></span> <span class='ocrx_word' id='word_1_230' title='bbox 3044 1901 3193 1954; x_wconf 91' lang='lat' dir='ltr'><strong>nulla</strong></span> <span class='ocrx_word' id='word_1_231' title='bbox 3240 1910 3293 1955; x_wconf 93' lang='lat' dir='ltr'><strong>te</strong></span> <span class='ocrx_word' id='word_1_232' title='bbox 3340 1902 3531 1956; x_wconf 76' lang='lat' dir='ltr'><strong>uxoris</strong></span> 
     </span>
    </p>
   </div>
   <div class='ocr_carea' id='block_1_30' title="bbox 221 1986 1833 2064">
    <p class='ocr_par' dir='ltr' id='par_1_30' title="bbox 221 1987 1827 2060">
     <span class='ocr_line' id='line_1_30' title="bbox 221 1987 1827 2060; baseline -0.002 -13"><span class='ocrx_word' id='word_1_233' title='bbox 221 1992 493 2047; x_wconf 79' lang='grc' dir='ltr'>ἀπέθανε.</span> <span class='ocrx_word' id='word_1_234' title='bbox 536 1989 658 2043; x_wconf 84' lang='grc' dir='ltr'>Τῶν</span> <span class='ocrx_word' id='word_1_235' title='bbox 695 1988 754 2042; x_wconf 84' lang='grc' dir='ltr'>δὲ</span> <span class='ocrx_word' id='word_1_236' title='bbox 791 1991 894 2058; x_wconf 78' lang='grc' dir='ltr'>τῆς</span> <span class='ocrx_word' id='word_1_237' title='bbox 918 1988 1269 2060; x_wconf 79' lang='grc' dir='ltr'>δικαιοσύνης</span> <span class='ocrx_word' id='word_1_238' title='bbox 1305 1988 1521 2060; x_wconf 80' lang='grc' dir='ltr'>μέτρων</span> <span class='ocrx_word' id='word_1_239' title='bbox 1549 1987 1827 2053; x_wconf 73' lang='grc' dir='ltr'>ἔκπτωσις</span> 
     </span>
    </p>
   </div>
   <div class='ocr_carea' id='block_1_31' title="bbox 1941 1986 3533 2064">
    <p class='ocr_par' dir='ltr' id='par_1_31' title="bbox 1941 1986 3533 2064">
     <span class='ocr_line' id='line_1_31' title="bbox 1941 1986 3533 2064; baseline 0.006 -25"><span class='ocrx_word' id='word_1_240' title='bbox 1941 2000 2068 2041; x_wconf 84' lang='lat' dir='ltr'><strong>cura</strong></span> <span class='ocrx_word' id='word_1_241' title='bbox 2098 1986 2305 2057; x_wconf 79' lang='lat' dir='ltr'><strong>tangit;</strong></span> <span class='ocrx_word' id='word_1_242' title='bbox 2328 1997 2383 2042; x_wconf 89' lang='lat' dir='ltr'><strong>at</strong></span> <span class='ocrx_word' id='word_1_243' title='bbox 2405 2002 2541 2044; x_wconf 84' lang='lat' dir='ltr'><strong>cave</strong></span> <span class='ocrx_word' id='word_1_244' title='bbox 2570 2004 2640 2044; x_wconf 89' lang='lat' dir='ltr'><strong>ne</strong></span> <span class='ocrx_word' id='word_1_245' title='bbox 2667 1989 2946 2060; x_wconf 70' lang='lat' dir='ltr'><strong>pudicitia:</strong></span> <span class='ocrx_word' id='word_1_246' title='bbox 2963 2007 3025 2046; x_wconf 92' lang='lat' dir='ltr'><strong>ac</strong></span> <span class='ocrx_word' id='word_1_247' title='bbox 3047 1992 3533 2064; x_wconf 73' lang='lat' dir='ltr'><strong>modestiatjactu-</strong></span> 
     </span>
    </p>
   </div>
   <div class='ocr_carea' id='block_1_32' title="bbox 220 2065 1833 2155">
    <p class='ocr_par' dir='ltr' id='par_1_32' title="bbox 220 2065 1067 2155">
     <span class='ocr_line' id='line_1_32' title="bbox 220 2065 1067 2155; baseline -0.008 -17"><span class='ocrx_word' id='word_1_248' title='bbox 220 2082 437 2138; x_wconf 84' lang='grc' dir='ltr'>τούτων</span> <span class='ocrx_word' id='word_1_249' title='bbox 469 2082 753 2155; x_wconf 80' lang='grc' dir='ltr'>ἑκάτερον,</span> <span class='ocrx_word' id='word_1_250' title='bbox 1048 2065 1067 2079; x_wconf 50' lang='grc'><em>“</em></span> 
     </span>
    </p>
   </div>
   <div class='ocr_carea' id='block_1_33' title="bbox 1941 2065 3529 2155">
    <p class='ocr_par' dir='ltr' id='par_1_33' title="bbox 1941 2072 3529 2155">
     <span class='ocr_line' id='line_1_33' title="bbox 1941 2072 3529 2155; baseline 0.006 -24"><span class='ocrx_word' id='word_1_251' title='bbox 1941 2093 2051 2131; x_wconf 90' lang='lat' dir='ltr'><strong>ram</strong></span> <span class='ocrx_word' id='word_1_252' title='bbox 2104 2077 2314 2141; x_wconf 88' lang='lat' dir='ltr'><strong>faciat,</strong></span> <span class='ocrx_word' id='word_1_253' title='bbox 2361 2079 2433 2133; x_wconf 91' lang='lat' dir='ltr'><strong>ob</strong></span> <span class='ocrx_word' id='word_1_254' title='bbox 2482 2096 2651 2150; x_wconf 89' lang='lat' dir='ltr'><strong>quam</strong></span> <span class='ocrx_word' id='word_1_255' title='bbox 2678 2072 2949 2138; x_wconf 54' lang='lat' dir='ltr'><strong>&#39;Christus</strong></span> <span class='ocrx_word' id='word_1_256' title='bbox 3000 2095 3232 2139; x_wconf 88' lang='lat' dir='ltr'><strong>mortem</strong></span> <span class='ocrx_word' id='word_1_257' title='bbox 3282 2087 3529 2155; x_wconf 83' lang='lat' dir='ltr'><strong>pertulit.</strong></span> 
     </span>
    </p>
   </div>
   <div class='ocr_carea' id='block_1_34' title="bbox 1932 2168 3531 2242">
    <p class='ocr_par' dir='ltr' id='par_1_34' title="bbox 1932 2168 3531 2242">
     <span class='ocr_line' id='line_1_34' title="bbox 1932 2168 3531 2242; baseline 0.004 -20"><span class='ocrx_word' id='word_1_258' title='bbox 1932 2168 2204 2223; x_wconf 85' lang='lat' dir='ltr'><strong>Caeterum</strong></span> <span class='ocrx_word' id='word_1_259' title='bbox 2241 2177 2424 2225; x_wconf 92' lang='lat' dir='ltr'><strong>utrum</strong></span> <span class='ocrx_word' id='word_1_260' title='bbox 2453 2171 2710 2242; x_wconf 82' lang='lat' dir='ltr'><strong>elegeris,</strong></span> <span class='ocrx_word' id='word_1_261' title='bbox 2745 2185 2776 2224; x_wconf 90' lang='lat' dir='ltr'><strong>a</strong></span> <span class='ocrx_word' id='word_1_262' title='bbox 2800 2170 3033 2242; x_wconf 70' lang='lat' dir='ltr'><strong>justitia:</strong></span> <span class='ocrx_word' id='word_1_263' title='bbox 3068 2188 3331 2228; x_wconf 81' lang='lat' dir='ltr'><strong>mensura</strong></span> <span class='ocrx_word' id='word_1_264' title='bbox 3377 2174 3531 2228; x_wconf 62' lang='lat' dir='ltr'><strong>caci-</strong></span> 
     </span>
    </p>
   </div>
   <div class='ocr_carea' id='block_1_35' title="bbox 1933 2260 2107 2316">
    <p class='ocr_par' dir='ltr' id='par_1_35' title="bbox 1933 2260 2107 2316">
     <span class='ocr_line' id='line_1_35' title="bbox 1933 2260 2107 2316; baseline 0 -1"><span class='ocrx_word' id='word_1_265' title='bbox 1933 2260 2107 2316; x_wconf 86' lang='lat' dir='ltr'><strong>deris.</strong></span> 
     </span>
    </p>
   </div>
   <div class='ocr_carea' id='block_1_36' title="bbox 302 2379 3529 2464">
    <p class='ocr_par' dir='ltr' id='par_1_36' title="bbox 302 2379 3529 2464">
     <span class='ocr_line' id='line_1_36' title="bbox 302 2379 3529 2464; baseline 0.003 -24"><span class='ocrx_word' id='word_1_266' title='bbox 302 2384 383 2440; x_wconf 85' lang='lat' dir='ltr'><strong>Eo</strong></span> <span class='ocrx_word' id='word_1_267' title='bbox 412 2382 551 2456; x_wconf 76' lang='lat' dir='ltr'><strong>quod</strong></span> <span class='ocrx_word' id='word_1_268' title='bbox 577 2382 924 2454; x_wconf 75' lang='lat' dir='ltr'><strong>defectionem</strong></span> <span class='ocrx_word' id='word_1_269' title='bbox 956 2397 988 2436; x_wconf 88' lang='lat' dir='ltr'><strong>a</strong></span> <span class='ocrx_word' id='word_1_270' title='bbox 1029 2380 1254 2436; x_wconf 85' lang='lat' dir='ltr'><strong>Domino</strong></span> <span class='ocrx_word' id='word_1_271' title='bbox 1291 2379 1400 2436; x_wconf 87' lang='lat' dir='ltr'><strong>Deo</strong></span> <span class='ocrx_word' id='word_1_272' title='bbox 1432 2389 1604 2437; x_wconf 73' lang='lat' dir='ltr'><strong>vestro</strong></span> <span class='ocrx_word' id='word_1_273' title='bbox 1635 2383 1706 2436; x_wconf 79' lang='lat' dir='ltr'><strong>sit</strong></span> <span class='ocrx_word' id='word_1_274' title='bbox 1740 2382 1971 2441; x_wconf 80' lang='lat' dir='ltr'><strong>locutus.</strong></span> <span class='ocrx_word' id='word_1_275' title='bbox 2002 2386 2188 2460; x_wconf 82' lang='lat' dir='ltr'><strong>[Xll|,</strong></span> <span class='ocrx_word' id='word_1_276' title='bbox 2223 2389 2304 2464; x_wconf 83' lang='lat'><strong>5.]</strong></span> <span class='ocrx_word' id='word_1_277' title='bbox 2352 2391 2410 2446; x_wconf 88' lang='lat' dir='ltr'><strong>Si</strong></span> <span class='ocrx_word' id='word_1_278' title='bbox 2445 2392 2592 2448; x_wconf 90' lang='lat' dir='ltr'><strong>enim</strong></span> <span class='ocrx_word' id='word_1_279' title='bbox 2626 2395 2880 2463; x_wconf 88' lang='lat' dir='ltr'><strong>corporis</strong></span> <span class='ocrx_word' id='word_1_280' title='bbox 2910 2394 3090 2450; x_wconf 65' lang='lat' dir='ltr'><strong>caedes</strong></span> <span class='ocrx_word' id='word_1_281' title='bbox 3136 2395 3292 2452; x_wconf 65' lang='lat' dir='ltr'><strong>etede</strong></span> <span class='ocrx_word' id='word_1_282' title='bbox 3339 2406 3529 2451; x_wconf 90' lang='lat' dir='ltr'><strong>mutua</strong></span> 
     </span>
    </p>
   </div>
   <div class='ocr_carea' id='block_1_37' title="bbox 221 2471 3529 2555">
    <p class='ocr_par' dir='ltr' id='par_1_37' title="bbox 221 2471 3529 2555">
     <span class='ocr_line' id='line_1_37' title="bbox 221 2471 3529 2555; baseline 0.003 -24"><span class='ocrx_word' id='word_1_283' title='bbox 221 2474 541 2532; x_wconf 85' lang='lat' dir='ltr'><strong>restituitur</strong></span> <span class='ocrx_word' id='word_1_284' title='bbox 576 2491 591 2529; x_wconf 93' lang='lat'><strong>:</strong></span> <span class='ocrx_word' id='word_1_285' title='bbox 622 2484 829 2541; x_wconf 84' lang='lat' dir='ltr'><strong>quanto</strong></span> <span class='ocrx_word' id='word_1_286' title='bbox 858 2472 1032 2540; x_wconf 79' lang='lat' dir='ltr'><strong>magis</strong></span> <span class='ocrx_word' id='word_1_287' title='bbox 1081 2471 1134 2525; x_wconf 88' lang='lat' dir='ltr'><strong>id</strong></span> <span class='ocrx_word' id='word_1_288' title='bbox 1174 2471 1489 2527; x_wconf 88' lang='lat' dir='ltr'><strong>faciendum</strong></span> <span class='ocrx_word' id='word_1_289' title='bbox 1522 2480 1609 2527; x_wconf 88' lang='lat' dir='ltr'><strong>est</strong></span> <span class='ocrx_word' id='word_1_290' title='bbox 1634 2511 1649 2535; x_wconf 90' lang='lat'><strong>,</strong></span> <span class='ocrx_word' id='word_1_291' title='bbox 1690 2473 1738 2528; x_wconf 88' lang='lat' dir='ltr'><strong>si</strong></span> <span class='ocrx_word' id='word_1_292' title='bbox 1771 2475 1896 2544; x_wconf 89' lang='lat' dir='ltr'><strong>quis</strong></span> <span class='ocrx_word' id='word_1_293' title='bbox 1926 2479 2173 2532; x_wconf 92' lang='lat' dir='ltr'><strong>animum</strong></span> <span class='ocrx_word' id='word_1_294' title='bbox 2207 2495 2442 2552; x_wconf 87' lang='lat' dir='ltr'><strong>corpore</strong></span> <span class='ocrx_word' id='word_1_295' title='bbox 2468 2522 2483 2548; x_wconf 93' lang='lat'><strong>,</strong></span> <span class='ocrx_word' id='word_1_296' title='bbox 2533 2481 2847 2541; x_wconf 84' lang='lat' dir='ltr'><strong>Servatoris</strong></span> <span class='ocrx_word' id='word_1_297' title='bbox 2881 2499 3106 2555; x_wconf 81' lang='lat' dir='ltr'><strong>quoque</strong></span> <span class='ocrx_word' id='word_1_298' title='bbox 3141 2487 3464 2541; x_wconf 88' lang='lat' dir='ltr'><strong>testimonio</strong></span> <span class='ocrx_word' id='word_1_299' title='bbox 3484 2492 3529 2553; x_wconf 80' lang='grc'>³,</span> 
     </span>
    </p>
   </div>
   <div class='ocr_carea' id='block_1_38' title="bbox 220 2557 3530 2643">
    <p class='ocr_par' dir='ltr' id='par_1_38' title="bbox 220 2557 3530 2643">
     <span class='ocr_line' id='line_1_38' title="bbox 220 2557 3530 2643; baseline 0.004 -26"><span class='ocrx_word' id='word_1_300' title='bbox 220 2562 675 2636; x_wconf 69' lang='lat' dir='ltr'><strong>praestantiorem</strong></span> <span class='ocrx_word' id='word_1_301' title='bbox 713 2560 1032 2615; x_wconf 90' lang='lat' dir='ltr'><strong>iuterticiat.</strong></span> <span class='ocrx_word' id='word_1_302' title='bbox 1066 2557 1241 2614; x_wconf 86' lang='lat' dir='ltr'><strong>Porro</strong></span> <span class='ocrx_word' id='word_1_303' title='bbox 1277 2560 1622 2615; x_wconf 64' lang='lat' dir='ltr'><strong>datntonibtts</strong></span> <span class='ocrx_word' id='word_1_304' title='bbox 1652 2562 1803 2615; x_wconf 88' lang='lat' dir='ltr'><strong>nulla</strong></span> <span class='ocrx_word' id='word_1_305' title='bbox 1840 2563 1976 2621; x_wconf 87' lang='lat' dir='ltr'><strong>ﬁdes</strong></span> <span class='ocrx_word' id='word_1_306' title='bbox 2005 2566 2299 2622; x_wconf 88' lang='lat' dir='ltr'><strong>tribuenda</strong></span> <span class='ocrx_word' id='word_1_307' title='bbox 2354 2579 2479 2635; x_wconf 89' lang='lat' dir='ltr'><strong>est,</strong></span> <span class='ocrx_word' id='word_1_308' title='bbox 2519 2572 2624 2627; x_wconf 88' lang='lat' dir='ltr'><strong>etsi</strong></span> <span class='ocrx_word' id='word_1_309' title='bbox 2660 2588 2789 2627; x_wconf 86' lang='lat' dir='ltr'><strong>vera</strong></span> <span class='ocrx_word' id='word_1_310' title='bbox 2822 2573 3121 2643; x_wconf 86' lang='lat' dir='ltr'><strong>aliquando</strong></span> <span class='ocrx_word' id='word_1_311' title='bbox 3154 2573 3417 2629; x_wconf 80' lang='lat' dir='ltr'><strong>dixerint.</strong></span> <span class='ocrx_word' id='word_1_312' title='bbox 3453 2574 3530 2630; x_wconf 84' lang='lat' dir='ltr'><strong>Ea</strong></span> 
     </span>
    </p>
   </div>
   <div class='ocr_carea' id='block_1_39' title="bbox 221 2648 3532 2728">
    <p class='ocr_par' dir='ltr' id='par_1_39' title="bbox 221 2648 3532 2728">
     <span class='ocr_line' id='line_1_39' title="bbox 221 2648 3532 2728; baseline 0.004 -21"><span class='ocrx_word' id='word_1_313' title='bbox 221 2652 376 2709; x_wconf 87' lang='lat' dir='ltr'><strong>ettitu</strong></span> <span class='ocrx_word' id='word_1_314' title='bbox 407 2666 517 2704; x_wconf 90' lang='lat' dir='ltr'><strong>non</strong></span> <span class='ocrx_word' id='word_1_315' title='bbox 546 2650 617 2703; x_wconf 88' lang='lat' dir='ltr'><strong>ob</strong></span> <span class='ocrx_word' id='word_1_316' title='bbox 645 2648 932 2702; x_wconf 83' lang='lat' dir='ltr'><strong>veritatem</strong></span> <span class='ocrx_word' id='word_1_317' title='bbox 960 2648 1157 2702; x_wconf 90' lang='lat' dir='ltr'><strong>dicunt</strong></span> <span class='ocrx_word' id='word_1_318' title='bbox 1192 2648 1488 2718; x_wconf 69' lang='lat' dir='ltr'><strong>pratciptte,</strong></span> <span class='ocrx_word' id='word_1_319' title='bbox 1521 2663 1713 2702; x_wconf 80' lang='lat' dir='ltr'><strong>verum</strong></span> <span class='ocrx_word' id='word_1_320' title='bbox 1745 2657 1807 2703; x_wconf 91' lang='lat' dir='ltr'><strong>ut</strong></span> <span class='ocrx_word' id='word_1_321' title='bbox 1838 2650 1923 2705; x_wconf 89' lang='lat' dir='ltr'><strong>his</strong></span> <span class='ocrx_word' id='word_1_322' title='bbox 1953 2653 2241 2708; x_wconf 85' lang='lat' dir='ltr'><strong>mendacia</strong></span> <span class='ocrx_word' id='word_1_323' title='bbox 2269 2657 2636 2713; x_wconf 85' lang='lat' dir='ltr'><strong>commiscere</strong></span> <span class='ocrx_word' id='word_1_324' title='bbox 2664 2666 2890 2728; x_wconf 88' lang='lat' dir='ltr'><strong>queant.</strong></span> <span class='ocrx_word' id='word_1_325' title='bbox 2922 2658 3058 2713; x_wconf 81' lang='lat' dir='ltr'><strong>Nam</strong></span> <span class='ocrx_word' id='word_1_326' title='bbox 3083 2657 3311 2716; x_wconf 88' lang='lat' dir='ltr'><strong>decreta</strong></span> <span class='ocrx_word' id='word_1_327' title='bbox 3344 2663 3532 2719; x_wconf 85' lang='lat' dir='ltr'><strong>divina</strong></span> 
     </span>
    </p>
   </div>
   <div class='ocr_carea' id='block_1_40' title="bbox 225 2737 3531 2821">
    <p class='ocr_par' dir='ltr' id='par_1_40' title="bbox 225 2737 3531 2821">
     <span class='ocr_line' id='line_1_40' title="bbox 225 2737 3531 2821; baseline 0.003 -24"><span class='ocrx_word' id='word_1_328' title='bbox 225 2757 297 2798; x_wconf 77' lang='lat' dir='ltr'><strong>ex</strong></span> <span class='ocrx_word' id='word_1_329' title='bbox 323 2741 444 2810; x_wconf 86' lang='lat' dir='ltr'><strong>ipsa</strong></span> <span class='ocrx_word' id='word_1_330' title='bbox 478 2737 768 2807; x_wconf 80' lang='lat' dir='ltr'><strong>Scriptura</strong></span> <span class='ocrx_word' id='word_1_331' title='bbox 800 2751 962 2792; x_wconf 87' lang='lat' dir='ltr'><strong>sacra</strong></span> <span class='ocrx_word' id='word_1_332' title='bbox 997 2738 1422 2792; x_wconf 87' lang='lat' dir='ltr'><strong>accuratissime</strong></span> <span class='ocrx_word' id='word_1_333' title='bbox 1458 2737 1587 2790; x_wconf 90' lang='lat' dir='ltr'><strong>licet</strong></span> <span class='ocrx_word' id='word_1_334' title='bbox 1622 2751 1980 2809; x_wconf 80' lang='lat' dir='ltr'><strong>cognoscere.</strong></span> <span class='ocrx_word' id='word_1_335' title='bbox 2011 2740 2284 2808; x_wconf 78' lang='lat' dir='ltr'><strong>Quocirca</strong></span> <span class='ocrx_word' id='word_1_336' title='bbox 2313 2746 2571 2802; x_wconf 86' lang='lat' dir='ltr'><strong>Christus</strong></span> <span class='ocrx_word' id='word_1_337' title='bbox 2604 2749 2770 2803; x_wconf 88' lang='lat' dir='ltr'><strong>etiam</strong></span> <span class='ocrx_word' id='word_1_338' title='bbox 2807 2763 2903 2805; x_wconf 87' lang='lat' dir='ltr'><strong>eos</strong></span> <span class='ocrx_word' id='word_1_339' title='bbox 2944 2749 3290 2820; x_wconf 85' lang='lat' dir='ltr'><strong>increpavit.</strong></span> <span class='ocrx_word' id='word_1_340' title='bbox 3320 2753 3414 2821; x_wconf 87' lang='lat' dir='ltr'><strong>qui</strong></span> <span class='ocrx_word' id='word_1_341' title='bbox 3447 2753 3531 2807; x_wconf 81' lang='lat' dir='ltr'><strong>di-</strong></span> 
     </span>
    </p>
   </div>
   <div class='ocr_carea' id='block_1_41' title="bbox 223 2822 3531 2901">
    <p class='ocr_par' dir='ltr' id='par_1_41' title="bbox 223 2822 3531 2901">
     <span class='ocr_line' id='line_1_41' title="bbox 223 2822 3531 2901; baseline 0.004 -16"><span class='ocrx_word' id='word_1_342' title='bbox 223 2830 429 2885; x_wconf 90' lang='lat' dir='ltr'><strong>cebant</strong></span> <span class='ocrx_word' id='word_1_343' title='bbox 463 2845 477 2879; x_wconf 89' lang='lat'><strong>:</strong></span> <span class='ocrx_word' id='word_1_344' title='bbox 519 2843 539 2876; x_wconf 77' lang='lat' dir='ltr'><strong>t</strong></span> <span class='ocrx_word' id='word_1_345' title='bbox 570 2824 839 2879; x_wconf 78' lang='lat' dir='ltr'><strong>Novimus</strong></span> <span class='ocrx_word' id='word_1_346' title='bbox 878 2833 931 2880; x_wconf 89' lang='lat' dir='ltr'><strong>te</strong></span> <span class='ocrx_word' id='word_1_347' title='bbox 960 2824 1088 2895; x_wconf 92' lang='lat' dir='ltr'><strong>quis</strong></span> <span class='ocrx_word' id='word_1_348' title='bbox 1116 2825 1262 2880; x_wconf 65' lang='lat' dir='ltr'><strong>sis‘.</strong></span> <span class='ocrx_word' id='word_1_349' title='bbox 1297 2843 1316 2875; x_wconf 72' lang='grc' dir='ltr'><strong>ι</strong></span> <span class='ocrx_word' id='word_1_350' title='bbox 1348 2825 1424 2877; x_wconf 92' lang='lat' dir='ltr'><strong>Ita</strong></span> <span class='ocrx_word' id='word_1_351' title='bbox 1461 2822 1664 2879; x_wconf 81' lang='lat' dir='ltr'><strong>Paulus</strong></span> <span class='ocrx_word' id='word_1_352' title='bbox 1698 2827 1864 2881; x_wconf 90' lang='lat' dir='ltr'><strong>etiam</strong></span> <span class='ocrx_word' id='word_1_353' title='bbox 1902 2843 2000 2885; x_wconf 85' lang='lat' dir='ltr'><strong>eos</strong></span> <span class='ocrx_word' id='word_1_354' title='bbox 2029 2831 2124 2901; x_wconf 86' lang='lat' dir='ltr'><strong>qui</strong></span> <span class='ocrx_word' id='word_1_355' title='bbox 2151 2832 2414 2888; x_wconf 88' lang='lat' dir='ltr'><strong>dicebant</strong></span> <span class='ocrx_word' id='word_1_356' title='bbox 2449 2853 2463 2889; x_wconf 92' lang='lat'><strong>:</strong></span> <span class='ocrx_word' id='word_1_357' title='bbox 2502 2854 2521 2886; x_wconf 83' lang='lat' dir='ltr'><strong>t</strong></span> <span class='ocrx_word' id='word_1_358' title='bbox 2555 2834 2818 2893; x_wconf 89' lang='lat' dir='ltr'><strong>llomiucs</strong></span> <span class='ocrx_word' id='word_1_359' title='bbox 2854 2838 2939 2893; x_wconf 81' lang='lat' dir='ltr'><strong>isti</strong></span> <span class='ocrx_word' id='word_1_360' title='bbox 2966 2837 3060 2893; x_wconf 80' lang='lat' dir='ltr'><strong>Dei</strong></span> <span class='ocrx_word' id='word_1_361' title='bbox 3096 2840 3352 2895; x_wconf 88' lang='lat' dir='ltr'><strong>altissimi</strong></span> <span class='ocrx_word' id='word_1_362' title='bbox 3385 2845 3531 2898; x_wconf 87' lang='lat' dir='ltr'><strong>servi</strong></span> 
     </span>
    </p>
   </div>
   <div class='ocr_carea' id='block_1_42' title="bbox 226 2912 3530 2997">
    <p class='ocr_par' dir='ltr' id='par_1_42' title="bbox 226 2912 3530 2997">
     <span class='ocr_line' id='line_1_42' title="bbox 226 2912 3530 2997; baseline 0.003 -22"><span class='ocrx_word' id='word_1_363' title='bbox 226 2925 398 2975; x_wconf 86' lang='lat' dir='ltr'><strong>sunt.</strong></span> <span class='ocrx_word' id='word_1_364' title='bbox 431 2923 488 2971; x_wconf 84' lang='lat' dir='ltr'><strong>et</strong></span> <span class='ocrx_word' id='word_1_365' title='bbox 518 2914 853 2969; x_wconf 81' lang='lat' dir='ltr'><strong>denuntiant</strong></span> <span class='ocrx_word' id='word_1_366' title='bbox 886 2915 1051 2971; x_wconf 78' lang='lat' dir='ltr'><strong>vobis</strong></span> <span class='ocrx_word' id='word_1_367' title='bbox 1080 2915 1223 2969; x_wconf 89' lang='lat' dir='ltr'><strong>viam</strong></span> <span class='ocrx_word' id='word_1_368' title='bbox 1271 2913 1473 2969; x_wconf 88' lang='lat' dir='ltr'><strong>salutis</strong></span> <span class='ocrx_word' id='word_1_369' title='bbox 1495 2914 1540 2968; x_wconf 86' lang='grc'><strong>⁸.</strong></span> <span class='ocrx_word' id='word_1_370' title='bbox 1575 2932 1595 2965; x_wconf 77' lang='grc' dir='ltr'><strong>ι</strong></span> <span class='ocrx_word' id='word_1_371' title='bbox 1644 2912 1915 2980; x_wconf 88' lang='lat' dir='ltr'><strong>Quamvis</strong></span> <span class='ocrx_word' id='word_1_372' title='bbox 1938 2920 2166 2988; x_wconf 87' lang='lat' dir='ltr'><strong>gravius</strong></span> <span class='ocrx_word' id='word_1_373' title='bbox 2210 2921 2345 2975; x_wconf 82' lang='lat' dir='ltr'><strong>nihil</strong></span> <span class='ocrx_word' id='word_1_374' title='bbox 2389 2921 2662 2991; x_wconf 78' lang='lat' dir='ltr'><strong>dixerint;</strong></span> <span class='ocrx_word' id='word_1_375' title='bbox 2697 2941 2885 2980; x_wconf 83' lang='lat' dir='ltr'><strong>verum</strong></span> <span class='ocrx_word' id='word_1_376' title='bbox 2915 2927 3179 2997; x_wconf 87' lang='lat' dir='ltr'><strong>quoniam</strong></span> <span class='ocrx_word' id='word_1_377' title='bbox 3215 2928 3530 2985; x_wconf 71' lang='lat' dir='ltr'><strong>dzcutunum</strong></span> 
     </span>
    </p>
   </div>
   <div class='ocr_carea' id='block_1_43' title="bbox 227 3002 3532 3080">
    <p class='ocr_par' dir='ltr' id='par_1_43' title="bbox 227 3002 3532 3080">
     <span class='ocr_line' id='line_1_43' title="bbox 227 3002 3532 3080; baseline 0.004 -18"><span class='ocrx_word' id='word_1_378' title='bbox 227 3006 409 3079; x_wconf 79' lang='lat' dir='ltr'><strong>elogia</strong></span> <span class='ocrx_word' id='word_1_379' title='bbox 437 3020 468 3058; x_wconf 89' lang='lat' dir='ltr'><strong>a</strong></span> <span class='ocrx_word' id='word_1_380' title='bbox 498 3003 730 3058; x_wconf 88' lang='lat' dir='ltr'><strong>rudibus</strong></span> <span class='ocrx_word' id='word_1_381' title='bbox 759 3003 1004 3058; x_wconf 84' lang='lat' dir='ltr'><strong>discerni</strong></span> <span class='ocrx_word' id='word_1_382' title='bbox 1034 3018 1143 3058; x_wconf 91' lang='lat' dir='ltr'><strong>non</strong></span> <span class='ocrx_word' id='word_1_383' title='bbox 1173 3010 1431 3074; x_wconf 86' lang='lat' dir='ltr'><strong>possunt,</strong></span> <span class='ocrx_word' id='word_1_384' title='bbox 1471 3002 1642 3059; x_wconf 88' lang='lat' dir='ltr'><strong>semel</strong></span> <span class='ocrx_word' id='word_1_385' title='bbox 1680 3004 1763 3058; x_wconf 88' lang='lat' dir='ltr'><strong>eis</strong></span> <span class='ocrx_word' id='word_1_386' title='bbox 1790 3019 2009 3060; x_wconf 89' lang='lat' dir='ltr'><strong>omnem</strong></span> <span class='ocrx_word' id='word_1_387' title='bbox 2036 3006 2197 3063; x_wconf 81' lang='lat' dir='ltr'><strong>fidem</strong></span> <span class='ocrx_word' id='word_1_388' title='bbox 2231 3025 2398 3080; x_wconf 90' lang='lat' dir='ltr'><strong>quam</strong></span> <span class='ocrx_word' id='word_1_389' title='bbox 2434 3010 2738 3068; x_wconf 77' lang='lat' dir='ltr'><strong>infamibus</strong></span> <span class='ocrx_word' id='word_1_390' title='bbox 2774 3014 3086 3069; x_wconf 86' lang='lat' dir='ltr'><strong>tribuerent</strong></span> <span class='ocrx_word' id='word_1_391' title='bbox 3118 3019 3382 3079; x_wconf 79' lang='lat' dir='ltr'><strong>exclusit.</strong></span> <span class='ocrx_word' id='word_1_392' title='bbox 3405 3036 3532 3075; x_wconf 83' lang='lat' dir='ltr'><strong>c.:ttl</strong></span> 
     </span>
    </p>
   </div>
   <div class='ocr_carea' id='block_1_44' title="bbox 231 3089 3535 3175">
    <p class='ocr_par' dir='ltr' id='par_1_44' title="bbox 231 3089 3535 3175">
     <span class='ocr_line' id='line_1_44' title="bbox 231 3089 3535 3175; baseline -0.003 -27"><span class='ocrx_word' id='word_1_393' title='bbox 231 3095 417 3165; x_wconf 78' lang='lat' dir='ltr'><strong>inquit</strong></span> <span class='ocrx_word' id='word_1_394' title='bbox 450 3115 464 3150; x_wconf 88' lang='lat'><strong>:</strong></span> <span class='ocrx_word' id='word_1_395' title='bbox 497 3112 518 3146; x_wconf 70' lang='grc' dir='ltr'><strong>ι</strong></span> <span class='ocrx_word' id='word_1_396' title='bbox 551 3092 722 3160; x_wconf 84' lang='lat' dir='ltr'><strong>Tace,</strong></span> <span class='ocrx_word' id='word_1_397' title='bbox 748 3091 1131 3147; x_wconf 67' lang='lat' dir='ltr'><strong>obmutesce“.</strong></span> <span class='ocrx_word' id='word_1_398' title='bbox 1165 3111 1185 3144; x_wconf 75' lang='grc' dir='ltr'><strong>ι</strong></span> <span class='ocrx_word' id='word_1_399' title='bbox 1228 3089 1374 3158; x_wconf 85' lang='lat' dir='ltr'><strong>Quid</strong></span> <span class='ocrx_word' id='word_1_400' title='bbox 1413 3090 1862 3163; x_wconf 73' lang='lat' dir='ltr'><strong>pratdicationem</strong></span> <span class='ocrx_word' id='word_1_401' title='bbox 1891 3098 2251 3167; x_wconf 86' lang='lat' dir='ltr'><strong>apostolicam</strong></span> <span class='ocrx_word' id='word_1_402' title='bbox 2275 3139 2292 3167; x_wconf 93' lang='lat'><strong>,</strong></span> <span class='ocrx_word' id='word_1_403' title='bbox 2324 3099 2648 3171; x_wconf 86' lang='lat' dir='ltr'><strong>dignitatem</strong></span> <span class='ocrx_word' id='word_1_404' title='bbox 2679 3117 2709 3157; x_wconf 92' lang='lat' dir='ltr'><strong>a</strong></span> <span class='ocrx_word' id='word_1_405' title='bbox 2746 3112 2798 3157; x_wconf 89' lang='lat' dir='ltr'><strong>te</strong></span> <span class='ocrx_word' id='word_1_406' title='bbox 2830 3120 3064 3175; x_wconf 89' lang='lat' dir='ltr'><strong>prorsus</strong></span> <span class='ocrx_word' id='word_1_407' title='bbox 3094 3105 3329 3162; x_wconf 88' lang='lat' dir='ltr'><strong>alienam</strong></span> <span class='ocrx_word' id='word_1_408' title='bbox 3361 3113 3535 3166; x_wconf 57' lang='grc' dir='ltr'><strong>θυννί,</strong></span> 
     </span>
    </p>
   </div>
   <div class='ocr_carea' id='block_1_45' title="bbox 233 3186 360 3256">
    <p class='ocr_par' dir='ltr' id='par_1_45' title="bbox 233 3186 360 3256">
     <span class='ocr_line' id='line_1_45' title="bbox 233 3186 360 3256; baseline 0.016 -18"><span class='ocrx_word' id='word_1_409' title='bbox 233 3186 360 3256; x_wconf 66' lang='lat' dir='ltr'><strong>piS?</strong></span> 
     </span>
    </p>
   </div>
   <div class='ocr_carea' id='block_1_46' title="bbox 299 3281 1833 3385">
    <p class='ocr_par' dir='ltr' id='par_1_46' title="bbox 299 3295 1827 3367">
     <span class='ocr_line' id='line_1_46' title="bbox 299 3295 1827 3367; baseline -0.005 -11"><span class='ocrx_word' id='word_1_410' title='bbox 299 3301 448 3357; x_wconf 78' lang='grc' dir='ltr'><strong>Ἐὰν</strong></span> <span class='ocrx_word' id='word_1_411' title='bbox 471 3300 541 3354; x_wconf 83' lang='grc' dir='ltr'>δὲ</span> <span class='ocrx_word' id='word_1_412' title='bbox 580 3296 978 3367; x_wconf 72' lang='grc' dir='ltr'>παρακαλέσῃ</span> <span class='ocrx_word' id='word_1_413' title='bbox 1010 3312 1084 3351; x_wconf 84' lang='grc' dir='ltr'><strong>σε</strong></span> <span class='ocrx_word' id='word_1_414' title='bbox 1113 3299 1145 3351; x_wconf 86' lang='grc' dir='ltr'><strong>ό</strong></span> <span class='ocrx_word' id='word_1_415' title='bbox 1177 3295 1443 3366; x_wconf 71' lang='grc' dir='ltr'>ἀδελφός</span> <span class='ocrx_word' id='word_1_416' title='bbox 1469 3312 1586 3351; x_wconf 90' lang='grc' dir='ltr'><strong>σου</strong></span> <span class='ocrx_word' id='word_1_417' title='bbox 1615 3295 1685 3349; x_wconf 82' lang='grc' dir='ltr'>ἐκ</span> <span class='ocrx_word' id='word_1_418' title='bbox 1713 3311 1827 3350; x_wconf 77' lang='grc' dir='ltr'>πα·-</span> 
     </span>
    </p>
   </div>
   <div class='ocr_carea' id='block_1_47' title="bbox 1941 3281 3538 3385">
    <p class='ocr_par' dir='ltr' id='par_1_47' title="bbox 2008 3297 3538 3385">
     <span class='ocr_line' id='line_1_47' title="bbox 2008 3297 3538 3385; baseline 0.01 -32"><span class='ocrx_word' id='word_1_419' title='bbox 2008 3297 2068 3354; x_wconf 87' lang='lat' dir='ltr'><strong>Si</strong></span> <span class='ocrx_word' id='word_1_420' title='bbox 2101 3313 2152 3356; x_wconf 82' lang='lat' dir='ltr'><strong>te</strong></span> <span class='ocrx_word' id='word_1_421' title='bbox 2180 3302 2551 3358; x_wconf 82' lang='lat' dir='ltr'><strong>sollicitavert&#39;t</strong></span> <span class='ocrx_word' id='word_1_422' title='bbox 2580 3304 2751 3373; x_wconf 82' lang='lat' dir='ltr'><strong>frater</strong></span> <span class='ocrx_word' id='word_1_423' title='bbox 2782 3316 2998 3370; x_wconf 67' lang='lat' dir='ltr'><strong>tumea:</strong></span> <span class='ocrx_word' id='word_1_424' title='bbox 3032 3320 3202 3378; x_wconf 85' lang='lat' dir='ltr'><strong>patre.</strong></span> <span class='ocrx_word' id='word_1_425' title='bbox 3241 3310 3361 3385; x_wconf 84' lang='lat'><strong>[6.]</strong></span> <span class='ocrx_word' id='word_1_426' title='bbox 3404 3311 3538 3368; x_wconf 80' lang='lat' dir='ltr'><strong>Fide</strong></span> 
     </span>
    </p>
   </div>
   <div class='ocr_carea' id='block_1_48' title="bbox 227 3386 1833 3474">
    <p class='ocr_par' dir='ltr' id='par_1_48' title="bbox 227 3386 1833 3465">
     <span class='ocr_line' id='line_1_48' title="bbox 227 3386 1833 3465; baseline -0.004 -16"><span class='ocrx_word' id='word_1_427' title='bbox 227 3395 372 3465; x_wconf 80' lang='grc' dir='ltr'>τρός</span> <span class='ocrx_word' id='word_1_428' title='bbox 399 3410 540 3451; x_wconf 86' lang='grc' dir='ltr'>σου.</span> <span class='ocrx_word' id='word_1_429' title='bbox 582 3392 829 3454; x_wconf 81' lang='grc' dir='ltr'>Πίστεως</span> <span class='ocrx_word' id='word_1_430' title='bbox 859 3390 1261 3459; x_wconf 77' lang='grc' dir='ltr'><strong>ἀδικουμένης,</strong></span> <span class='ocrx_word' id='word_1_431' title='bbox 1294 3389 1509 3460; x_wconf 65' lang='grc' dir='ltr'>ἐρρέτω</span> <span class='ocrx_word' id='word_1_432' title='bbox 1532 3386 1695 3457; x_wconf 85' lang='grc' dir='ltr'>φύσις</span> <span class='ocrx_word' id='word_1_433' title='bbox 1739 3388 1833 3442; x_wconf 77' lang='grc' dir='ltr'>καὶ</span> 
     </span>
    </p>
   </div>
   <div class='ocr_carea' id='block_1_49' title="bbox 1941 3386 3537 3474">
    <p class='ocr_par' dir='ltr' id='par_1_49' title="bbox 1941 3395 3537 3474">
     <span class='ocr_line' id='line_1_49' title="bbox 1941 3395 3537 3474; baseline 0.008 -26"><span class='ocrx_word' id='word_1_434' title='bbox 1941 3395 2086 3448; x_wconf 88' lang='lat' dir='ltr'><strong>enim</strong></span> <span class='ocrx_word' id='word_1_435' title='bbox 2122 3395 2345 3461; x_wconf 82' lang='lat' dir='ltr'><strong>violata,</strong></span> <span class='ocrx_word' id='word_1_436' title='bbox 2377 3398 2560 3453; x_wconf 87' lang='lat' dir='ltr'><strong>valeat</strong></span> <span class='ocrx_word' id='word_1_437' title='bbox 2593 3408 2814 3465; x_wconf 91' lang='lat' dir='ltr'><strong>natura,</strong></span> <span class='ocrx_word' id='word_1_438' title='bbox 2846 3402 3025 3457; x_wconf 87' lang='lat' dir='ltr'><strong>valeat</strong></span> <span class='ocrx_word' id='word_1_439' title='bbox 3049 3406 3325 3474; x_wconf 81' lang='lat' dir='ltr'><strong>eugttatio.</strong></span> <span class='ocrx_word' id='word_1_440' title='bbox 3364 3406 3537 3472; x_wconf 86' lang='lat' dir='ltr'><strong>Quale</strong></span> 
     </span>
    </p>
   </div>
   <div class='ocr_carea' id='block_1_50' title="bbox 225 3479 1832 3556">
    <p class='ocr_par' dir='ltr' id='par_1_50' title="bbox 225 3479 1832 3556">
     <span class='ocr_line' id='line_1_50' title="bbox 225 3479 1832 3556; baseline -0.004 -15"><span class='ocrx_word' id='word_1_441' title='bbox 225 3490 413 3556; x_wconf 80' lang='grc' dir='ltr'>γένος.</span> <span class='ocrx_word' id='word_1_442' title='bbox 445 3480 574 3539; x_wconf 79' lang='grc' dir='ltr'>Οἷον</span> <span class='ocrx_word' id='word_1_443' title='bbox 619 3484 682 3538; x_wconf 81' lang='grc' dir='ltr'><strong>τὸ</strong></span> <span class='ocrx_word' id='word_1_444' title='bbox 728 3483 825 3538; x_wconf 86' lang='grc' dir='ltr'>τοῦ</span> <span class='ocrx_word' id='word_1_445' title='bbox 873 3481 1127 3553; x_wconf 83' lang='grc' dir='ltr'>Σωτῆρος</span> <span class='ocrx_word' id='word_1_446' title='bbox 1149 3521 1162 3545; x_wconf 94' lang='grc'><strong>,</strong></span> <span class='ocrx_word' id='word_1_447' title='bbox 1202 3499 1221 3532; x_wconf 76' lang='grc' dir='ltr'><strong>ι</strong></span> <span class='ocrx_word' id='word_1_448' title='bbox 1245 3482 1302 3534; x_wconf 82' lang='lat'><strong>&#39;0</strong></span> <span class='ocrx_word' id='word_1_449' title='bbox 1332 3479 1504 3549; x_wconf 84' lang='grc' dir='ltr'>φιλῶν</span> <span class='ocrx_word' id='word_1_450' title='bbox 1548 3480 1765 3551; x_wconf 82' lang='grc' dir='ltr'>πατέρα</span> <span class='ocrx_word' id='word_1_451' title='bbox 1798 3480 1832 3551; x_wconf 82' lang='grc' dir='ltr'><strong>ἢ</strong></span> 
     </span>
    </p>
   </div>
   <div class='ocr_carea' id='block_1_51' title="bbox 232 3573 1835 3652">
    <p class='ocr_par' dir='ltr' id='par_1_51' title="bbox 232 3573 1835 3652">
     <span class='ocr_line' id='line_1_51' title="bbox 232 3573 1835 3652; baseline -0.004 -20"><span class='ocrx_word' id='word_1_452' title='bbox 232 3578 454 3652; x_wconf 81' lang='grc' dir='ltr'>μητέρα</span> <span class='ocrx_word' id='word_1_453' title='bbox 479 3578 623 3649; x_wconf 76' lang='grc' dir='ltr'>ὑπὲρ</span> <span class='ocrx_word' id='word_1_454' title='bbox 667 3576 769 3648; x_wconf 77' lang='grc' dir='ltr'>ἐμὲ</span> <span class='ocrx_word' id='word_1_455' title='bbox 814 3577 916 3630; x_wconf 86' lang='grc' dir='ltr'><strong>ούκ</strong></span> <span class='ocrx_word' id='word_1_456' title='bbox 964 3574 1080 3628; x_wconf 75' lang='grc' dir='ltr'>ἐστι</span> <span class='ocrx_word' id='word_1_457' title='bbox 1132 3592 1236 3646; x_wconf 88' lang='grc' dir='ltr'><strong>μου</strong></span> <span class='ocrx_word' id='word_1_458' title='bbox 1272 3573 1445 3638; x_wconf 79' lang='grc' dir='ltr'>ἄξιος.</span> <span class='ocrx_word' id='word_1_459' title='bbox 1480 3592 1499 3626; x_wconf 76' lang='lat' dir='ltr'><strong>t</strong></span> <span class='ocrx_word' id='word_1_460' title='bbox 1550 3573 1733 3627; x_wconf 74' lang='grc' dir='ltr'>Καλὸν</span> <span class='ocrx_word' id='word_1_461' title='bbox 1777 3573 1835 3627; x_wconf 79' lang='grc' dir='ltr'>δὲ</span> 
     </span>
    </p>
   </div>
   <div class='ocr_carea' id='block_1_52' title="bbox 226 3667 1835 3741">
    <p class='ocr_par' dir='ltr' id='par_1_52' title="bbox 226 3667 1835 3741">
     <span class='ocr_line' id='line_1_52' title="bbox 226 3667 1835 3741; baseline -0.004 -16"><span class='ocrx_word' id='word_1_462' title='bbox 226 3671 475 3741; x_wconf 75' lang='grc' dir='ltr'>ἁρμόσαι</span> <span class='ocrx_word' id='word_1_463' title='bbox 509 3669 724 3733; x_wconf 76' lang='grc' dir='ltr'>τούτοις</span> <span class='ocrx_word' id='word_1_464' title='bbox 767 3668 858 3723; x_wconf 84' lang='grc' dir='ltr'>διὰ</span> <span class='ocrx_word' id='word_1_465' title='bbox 887 3668 999 3739; x_wconf 80' lang='grc'><strong>(95)</strong></span> <span class='ocrx_word' id='word_1_466' title='bbox 1048 3667 1120 3721; x_wconf 76' lang='grc' dir='ltr'>τὰ</span> <span class='ocrx_word' id='word_1_467' title='bbox 1162 3667 1435 3739; x_wconf 79' lang='grc' dir='ltr'>εἰρημένα</span> <span class='ocrx_word' id='word_1_468' title='bbox 1470 3667 1549 3738; x_wconf 81' lang='grc' dir='ltr'>τῷ</span> <span class='ocrx_word' id='word_1_469' title='bbox 1581 3670 1835 3738; x_wconf 79' lang='grc' dir='ltr'>μακαρίῳ</span> 
     </span>
    </p>
   </div>
   <div class='ocr_carea' id='block_1_53' title="bbox 239 3756 1832 3836">
    <p class='ocr_par' dir='ltr' id='par_1_53' title="bbox 239 3756 1832 3836">
     <span class='ocr_line' id='line_1_53' title="bbox 239 3756 1832 3836; baseline -0.005 -19"><span class='ocrx_word' id='word_1_470' title='bbox 239 3762 489 3836; x_wconf 72' lang='grc' dir='ltr'>Ἱερεμίᾳ</span> <span class='ocrx_word' id='word_1_471' title='bbox 515 3803 530 3830; x_wconf 93' lang='grc'><strong>,</strong></span> <span class='ocrx_word' id='word_1_472' title='bbox 577 3761 771 3833; x_wconf 77' lang='grc' dir='ltr'>ἔχοντα</span> <span class='ocrx_word' id='word_1_473' title='bbox 821 3759 1029 3823; x_wconf 74' lang='grc' dir='ltr'>οὕτως’</span> <span class='ocrx_word' id='word_1_474' title='bbox 1071 3760 1376 3822; x_wconf 78' lang='grc' dir='ltr'>«Ἕκαστος</span> <span class='ocrx_word' id='word_1_475' title='bbox 1408 3758 1519 3812; x_wconf 83' lang='grc' dir='ltr'>ἀπὸ</span> <span class='ocrx_word' id='word_1_476' title='bbox 1551 3756 1646 3810; x_wconf 78' lang='grc' dir='ltr'><strong>τοῦ</strong></span> <span class='ocrx_word' id='word_1_477' title='bbox 1686 3757 1832 3826; x_wconf 80' lang='grc' dir='ltr'>πλη-</span> 
     </span>
    </p>
   </div>
   <div class='ocr_carea' id='block_1_54' title="bbox 229 3848 1834 3924">
    <p class='ocr_par' dir='ltr' id='par_1_54' title="bbox 229 3848 1834 3924">
     <span class='ocr_line' id='line_1_54' title="bbox 229 3848 1834 3924; baseline -0.005 -15"><span class='ocrx_word' id='word_1_478' title='bbox 229 3855 354 3910; x_wconf 86' lang='grc' dir='ltr'>σίον</span> <span class='ocrx_word' id='word_1_479' title='bbox 404 3853 573 3908; x_wconf 84' lang='grc' dir='ltr'>αὐτοῦ</span> <span class='ocrx_word' id='word_1_480' title='bbox 611 3852 949 3924; x_wconf 73' lang='grc' dir='ltr'>φυλάξασθε,</span> <span class='ocrx_word' id='word_1_481' title='bbox 980 3852 1077 3906; x_wconf 80' lang='grc' dir='ltr'><strong>καὶ</strong></span> <span class='ocrx_word' id='word_1_482' title='bbox 1116 3853 1202 3905; x_wconf 80' lang='grc' dir='ltr'>ἐπ’</span> <span class='ocrx_word' id='word_1_483' title='bbox 1226 3850 1479 3919; x_wconf 75' lang='grc' dir='ltr'>ἀδελφοῖς</span> <span class='ocrx_word' id='word_1_484' title='bbox 1525 3848 1707 3903; x_wconf 81' lang='grc' dir='ltr'>αὐτῶν</span> <span class='ocrx_word' id='word_1_485' title='bbox 1757 3848 1834 3920; x_wconf 84' lang='grc' dir='ltr'><strong>μὴ</strong></span> 
     </span>
    </p>
   </div>
   <div class='ocr_carea' id='block_1_55' title="bbox 229 3941 1835 4017">
    <p class='ocr_par' dir='ltr' id='par_1_55' title="bbox 229 3941 1835 4017">
     <span class='ocr_line' id='line_1_55' title="bbox 229 3941 1835 4017; baseline -0.006 -14"><span class='ocrx_word' id='word_1_486' title='bbox 229 3947 563 4010; x_wconf 83' lang='grc' dir='ltr'>πεποίθατε,</span> <span class='ocrx_word' id='word_1_487' title='bbox 597 3947 681 4000; x_wconf 76' lang='grc' dir='ltr'>ὅτι</span> <span class='ocrx_word' id='word_1_488' title='bbox 726 3948 835 4010; x_wconf 83' lang='grc' dir='ltr'><strong>πᾶς</strong></span> <span class='ocrx_word' id='word_1_489' title='bbox 877 3944 1110 4014; x_wconf 74' lang='grc' dir='ltr'>ἀδελφὸς</span> <span class='ocrx_word' id='word_1_490' title='bbox 1159 3944 1370 4017; x_wconf 76' lang='grc' dir='ltr'>πτέρνῃ</span> <span class='ocrx_word' id='word_1_491' title='bbox 1415 3944 1662 4013; x_wconf 80' lang='grc' dir='ltr'>πτερνιεῖ</span> <span class='ocrx_word' id='word_1_492' title='bbox 1687 3982 1701 4003; x_wconf 85' lang='grc'><strong>,</strong></span> <span class='ocrx_word' id='word_1_493' title='bbox 1740 3941 1835 3994; x_wconf 71' lang='grc' dir='ltr'><strong>καὶ</strong></span> 
     </span>
    </p>
   </div>
   <div class='ocr_carea' id='block_1_56' title="bbox 226 4033 1833 4109">
    <p class='ocr_par' dir='ltr' id='par_1_56' title="bbox 226 4033 1833 4109">
     <span class='ocr_line' id='line_1_56' title="bbox 226 4033 1833 4109; baseline -0.006 -14"><span class='ocrx_word' id='word_1_494' title='bbox 226 4040 345 4102; x_wconf 78' lang='grc' dir='ltr'>πᾶς</span> <span class='ocrx_word' id='word_1_495' title='bbox 375 4039 529 4108; x_wconf 84' lang='grc' dir='ltr'>φίλος</span> <span class='ocrx_word' id='word_1_496' title='bbox 557 4038 749 4102; x_wconf 82' lang='grc' dir='ltr'>δολίως</span> <span class='ocrx_word' id='word_1_497' title='bbox 772 4038 1091 4109; x_wconf 83' lang='grc' dir='ltr'>πορεύεται,</span> <span class='ocrx_word' id='word_1_498' title='bbox 1121 4035 1355 4099; x_wconf 75' lang='grc' dir='ltr'>ἕκαστος</span> <span class='ocrx_word' id='word_1_499' title='bbox 1380 4034 1524 4089; x_wconf 77' lang='grc' dir='ltr'>κατὰ</span> <span class='ocrx_word' id='word_1_500' title='bbox 1551 4033 1648 4087; x_wconf 84' lang='grc' dir='ltr'><strong>τοῦ</strong></span> <span class='ocrx_word' id='word_1_501' title='bbox 1676 4033 1833 4103; x_wconf 85' lang='grc' dir='ltr'>φίλου</span> 
     </span>
    </p>
   </div>
   <div class='ocr_carea' id='block_1_57' title="bbox 226 4126 1835 4204">
    <p class='ocr_par' dir='ltr' id='par_1_57' title="bbox 226 4126 1835 4204">
     <span class='ocr_line' id='line_1_57' title="bbox 226 4126 1835 4204; baseline -0.004 -17"><span class='ocrx_word' id='word_1_502' title='bbox 226 4132 405 4187; x_wconf 79' lang='grc' dir='ltr'>αὑτοῦ</span> <span class='ocrx_word' id='word_1_503' title='bbox 456 4131 755 4204; x_wconf 86' lang='grc' dir='ltr'>πορεύεται</span> <span class='ocrx_word' id='word_1_504' title='bbox 806 4128 1302 4201; x_wconf 84' lang='grc' dir='ltr'>κατεπαιρόμενος,</span> <span class='ocrx_word' id='word_1_505' title='bbox 1329 4127 1592 4199; x_wconf 81' lang='grc' dir='ltr'>ἀλήθειαν</span> <span class='ocrx_word' id='word_1_506' title='bbox 1637 4127 1699 4181; x_wconf 85' lang='grc' dir='ltr'><strong>οὐ</strong></span> <span class='ocrx_word' id='word_1_507' title='bbox 1758 4126 1835 4199; x_wconf 80' lang='grc' dir='ltr'><strong>μὴ</strong></span> 
     </span>
    </p>
   </div>
   <div class='ocr_carea' id='block_1_58' title="bbox 224 4223 576 4298">
    <p class='ocr_par' dir='ltr' id='par_1_58' title="bbox 224 4223 576 4298">
     <span class='ocr_line' id='line_1_58' title="bbox 224 4223 576 4298; baseline -0.006 -18"><span class='ocrx_word' id='word_1_508' title='bbox 224 4223 527 4298; x_wconf 77' lang='grc' dir='ltr'>Λαλήσωσι.</span> <span class='ocrx_word' id='word_1_509' title='bbox 556 4246 576 4278; x_wconf 75' lang='grc' dir='ltr'><strong>ο</strong></span> 
     </span>
    </p>
   </div>
   <div class='ocr_carea' id='block_1_59' title="bbox 308 4313 1836 4388">
    <p class='ocr_par' dir='ltr' id='par_1_59' title="bbox 308 4313 1836 4388">
     <span class='ocr_line' id='line_1_59' title="bbox 308 4313 1836 4388; baseline -0.003 -15"><span class='ocrx_word' id='word_1_510' title='bbox 308 4320 396 4373; x_wconf 81' lang='grc' dir='ltr'><strong>Οὐ</strong></span> <span class='ocrx_word' id='word_1_511' title='bbox 427 4317 771 4387; x_wconf 61' lang='grc' dir='ltr'>φοιϐήσετε.</span> <span class='ocrx_word' id='word_1_512' title='bbox 810 4316 902 4382; x_wconf 75' lang='grc' dir='ltr'>Ἐξ</span> <span class='ocrx_word' id='word_1_513' title='bbox 948 4314 1273 4388; x_wconf 81' lang='grc' dir='ltr'>Ἑλληνικῆς</span> <span class='ocrx_word' id='word_1_514' title='bbox 1308 4313 1601 4385; x_wconf 76' lang='grc' dir='ltr'>συνηθείας</span> <span class='ocrx_word' id='word_1_515' title='bbox 1631 4316 1665 4386; x_wconf 75' lang='grc' dir='ltr'>ἡ</span> <span class='ocrx_word' id='word_1_516' title='bbox 1692 4315 1836 4382; x_wconf 81' lang='grc' dir='ltr'>λέξις</span> 
     </span>
    </p>
   </div>
   <div class='ocr_carea' id='block_1_60' title="bbox 229 4406 1834 4481">
    <p class='ocr_par' dir='ltr' id='par_1_60' title="bbox 229 4406 1834 4481">
     <span class='ocr_line' id='line_1_60' title="bbox 229 4406 1834 4481; baseline -0.004 -15"><span class='ocrx_word' id='word_1_517' title='bbox 229 4413 651 4476; x_wconf 79' lang='grc' dir='ltr'>παρέσπασται.</span> <span class='ocrx_word' id='word_1_518' title='bbox 671 4409 991 4463; x_wconf 77' lang='grc' dir='ltr'>Ἀπόλλωνα</span> <span class='ocrx_word' id='word_1_519' title='bbox 1010 4409 1119 4481; x_wconf 76' lang='grc' dir='ltr'>γάρ</span> <span class='ocrx_word' id='word_1_520' title='bbox 1139 4426 1266 4463; x_wconf 87' lang='grc' dir='ltr'>τινα</span> <span class='ocrx_word' id='word_1_521' title='bbox 1308 4406 1666 4480; x_wconf 83' lang='grc' dir='ltr'>μυθολογοῦσι</span> <span class='ocrx_word' id='word_1_522' title='bbox 1688 4407 1834 4473; x_wconf 76' lang='grc' dir='ltr'>θεὸν,</span> 
     </span>
    </p>
   </div>
   <div class='ocr_carea' id='block_1_61' title="bbox 227 4498 1834 4572">
    <p class='ocr_par' dir='ltr' id='par_1_61' title="bbox 227 4498 1834 4572">
     <span class='ocr_line' id='line_1_61' title="bbox 227 4498 1834 4572; baseline -0.004 -14"><span class='ocrx_word' id='word_1_523' title='bbox 227 4504 328 4558; x_wconf 79' lang='grc' dir='ltr'><strong>τὸν</strong></span> <span class='ocrx_word' id='word_1_524' title='bbox 359 4503 523 4558; x_wconf 73' lang='grc' dir='ltr'>αὑτὸν</span> <span class='ocrx_word' id='word_1_525' title='bbox 551 4498 692 4556; x_wconf 76' lang='grc' dir='ltr'>εἶναι</span> <span class='ocrx_word' id='word_1_526' title='bbox 713 4501 968 4570; x_wconf 83' lang='grc' dir='ltr'>λέγοντες</span> <span class='ocrx_word' id='word_1_527' title='bbox 992 4500 1071 4571; x_wconf 77' lang='grc' dir='ltr'>τῷ</span> <span class='ocrx_word' id='word_1_528' title='bbox 1100 4500 1256 4572; x_wconf 73' lang='grc' dir='ltr'>ἡλίῳ,</span> <span class='ocrx_word' id='word_1_529' title='bbox 1279 4500 1339 4553; x_wconf 81' lang='grc' dir='ltr'>ὃν</span> <span class='ocrx_word' id='word_1_530' title='bbox 1369 4516 1478 4571; x_wconf 83' lang='grc' dir='ltr'><strong>περ</strong></span> <span class='ocrx_word' id='word_1_531' title='bbox 1502 4499 1834 4569; x_wconf 78' lang='grc' dir='ltr'>ὀνομάζουσι</span> 
     </span>
    </p>
   </div>
   <div class='ocr_carea' id='block_1_62' title="bbox 226 4585 1828 4664">
    <p class='ocr_par' dir='ltr' id='par_1_62' title="bbox 226 4585 1828 4664">
     <span class='ocr_line' id='line_1_62' title="bbox 226 4585 1828 4664; baseline -0.004 -15"><span class='ocrx_word' id='word_1_532' title='bbox 226 4592 449 4658; x_wconf 72' lang='grc' dir='ltr'>Φοῖσον,</span> <span class='ocrx_word' id='word_1_533' title='bbox 484 4593 576 4647; x_wconf 70' lang='grc' dir='ltr'>τὸν</span> <span class='ocrx_word' id='word_1_534' title='bbox 606 4592 850 4664; x_wconf 81' lang='grc' dir='ltr'>καθαρὸν</span> <span class='ocrx_word' id='word_1_535' title='bbox 872 4590 1038 4663; x_wconf 85' lang='grc' dir='ltr'>δῆθεν</span> <span class='ocrx_word' id='word_1_536' title='bbox 1066 4592 1448 4662; x_wconf 84' lang='grc' dir='ltr'>σημαίνοντες.</span> <span class='ocrx_word' id='word_1_537' title='bbox 1486 4591 1651 4660; x_wconf 86' lang='grc' dir='ltr'><strong>Δηλοῖ</strong></span> <span class='ocrx_word' id='word_1_538' title='bbox 1679 4585 1828 4662; x_wconf 76' lang='grc' dir='ltr'>οὖνὴ</span> 
     </span>
    </p>
   </div>
   <div class='ocr_carea' id='block_1_63' title="bbox 224 4679 1832 4758">
    <p class='ocr_par' dir='ltr' id='par_1_63' title="bbox 224 4679 1832 4758">
     <span class='ocr_line' id='line_1_63' title="bbox 224 4679 1832 4758; baseline -0.003 -17"><span class='ocrx_word' id='word_1_539' title='bbox 224 4685 384 4754; x_wconf 77' lang='grc' dir='ltr'>λέξις</span> <span class='ocrx_word' id='word_1_540' title='bbox 417 4687 480 4740; x_wconf 86' lang='grc' dir='ltr'>τὺ</span> <span class='ocrx_word' id='word_1_541' title='bbox 514 4683 592 4757; x_wconf 79' lang='grc' dir='ltr'>μὴ</span> <span class='ocrx_word' id='word_1_542' title='bbox 623 4682 1139 4758; x_wconf 81' lang='grc' dir='ltr'>περικαθαίρεσθαι.</span> <span class='ocrx_word' id='word_1_543' title='bbox 1170 4683 1247 4737; x_wconf 84' lang='grc' dir='ltr'>Ού</span> <span class='ocrx_word' id='word_1_544' title='bbox 1278 4683 1385 4756; x_wconf 79' lang='grc' dir='ltr'>γὰρ</span> <span class='ocrx_word' id='word_1_545' title='bbox 1431 4679 1542 4737; x_wconf 78' lang='grc' dir='ltr'>οἶδε</span> <span class='ocrx_word' id='word_1_546' title='bbox 1577 4681 1832 4752; x_wconf 78' lang='grc' dir='ltr'>σώματος</span> 
     </span>
    </p>
   </div>
   <div class='ocr_carea' id='block_1_64' title="bbox 225 4775 1835 4849">
    <p class='ocr_par' dir='ltr' id='par_1_64' title="bbox 225 4775 1835 4849">
     <span class='ocr_line' id='line_1_64' title="bbox 225 4775 1835 4849; baseline -0.004 -14"><span class='ocrx_word' id='word_1_547' title='bbox 225 4778 522 4849; x_wconf 82' lang='grc' dir='ltr'>καθαρμὸς</span> <span class='ocrx_word' id='word_1_548' title='bbox 558 4777 872 4849; x_wconf 79' lang='grc' dir='ltr'>μολυσμοὺς</span> <span class='ocrx_word' id='word_1_549' title='bbox 897 4775 1160 4847; x_wconf 78' lang='grc' dir='ltr'>ἀπονίψαι</span> <span class='ocrx_word' id='word_1_550' title='bbox 1185 4775 1385 4848; x_wconf 68' lang='grc' dir='ltr'>ψυχῆς.</span> <span class='ocrx_word' id='word_1_551' title='bbox 1419 4776 1533 4848; x_wconf 85' lang='grc' dir='ltr'><strong>Τὴν</strong></span> <span class='ocrx_word' id='word_1_552' title='bbox 1570 4775 1747 4848; x_wconf 81' lang='grc' dir='ltr'>ἀρχὴν</span> <span class='ocrx_word' id='word_1_553' title='bbox 1775 4776 1835 4830; x_wconf 81' lang='grc' dir='ltr'>δὲ</span> 
     </span>
    </p>
   </div>
   <div class='ocr_carea' id='block_1_65' title="bbox 230 4863 1831 4943">
    <p class='ocr_par' dir='ltr' id='par_1_65' title="bbox 230 4863 1831 4943">
     <span class='ocr_line' id='line_1_65' title="bbox 230 4863 1831 4943; baseline -0.001 -20"><span class='ocrx_word' id='word_1_554' title='bbox 230 4870 494 4943; x_wconf 84' lang='grc' dir='ltr'>μολύνειν</span> <span class='ocrx_word' id='word_1_555' title='bbox 523 4870 627 4923; x_wconf 82' lang='grc' dir='ltr'><strong>οὐκ</strong></span> <span class='ocrx_word' id='word_1_556' title='bbox 672 4863 782 4922; x_wconf 81' lang='grc' dir='ltr'>οἶδε</span> <span class='ocrx_word' id='word_1_557' title='bbox 828 4868 1045 4941; x_wconf 82' lang='grc' dir='ltr'>νεκρὸς,</span> <span class='ocrx_word' id='word_1_558' title='bbox 1081 4867 1115 4940; x_wconf 78' lang='grc' dir='ltr'>ἢ</span> <span class='ocrx_word' id='word_1_559' title='bbox 1145 4866 1312 4939; x_wconf 85' lang='grc' dir='ltr'>λεχὼ,</span> <span class='ocrx_word' id='word_1_560' title='bbox 1343 4868 1441 4922; x_wconf 79' lang='grc' dir='ltr'>καὶ</span> <span class='ocrx_word' id='word_1_561' title='bbox 1471 4869 1543 4923; x_wconf 83' lang='grc' dir='ltr'>τὰ</span> <span class='ocrx_word' id='word_1_562' title='bbox 1580 4865 1831 4922; x_wconf 80' lang='grc' dir='ltr'>τοιαῦτα.</span> 
     </span>
    </p>
   </div>
   <div class='ocr_carea' id='block_1_66' title="bbox 222 4957 1834 5034">
    <p class='ocr_par' dir='ltr' id='par_1_66' title="bbox 222 4957 1834 5034">
     <span class='ocr_line' id='line_1_66' title="bbox 222 4957 1834 5034; baseline -0.003 -17"><span class='ocrx_word' id='word_1_563' title='bbox 222 4961 372 5017; x_wconf 76' lang='grc' dir='ltr'>Θεοῦ</span> <span class='ocrx_word' id='word_1_564' title='bbox 402 4962 459 5016; x_wconf 80' lang='grc' dir='ltr'>δὲ</span> <span class='ocrx_word' id='word_1_565' title='bbox 488 4962 653 5034; x_wconf 85' lang='grc' dir='ltr'>μόνου</span> <span class='ocrx_word' id='word_1_566' title='bbox 684 4962 1059 5033; x_wconf 81' lang='grc' dir='ltr'>περικαθᾶραι</span> <span class='ocrx_word' id='word_1_567' title='bbox 1088 4959 1269 5032; x_wconf 75' lang='grc' dir='ltr'>ψυχὴν</span> <span class='ocrx_word' id='word_1_568' title='bbox 1288 5002 1304 5026; x_wconf 95' lang='grc'><strong>,</strong></span> <span class='ocrx_word' id='word_1_569' title='bbox 1333 4957 1531 5030; x_wconf 82' lang='grc' dir='ltr'>ἄφεσίν</span> <span class='ocrx_word' id='word_1_570' title='bbox 1563 4975 1624 5012; x_wconf 88' lang='grc' dir='ltr'><strong>τε</strong></span> <span class='ocrx_word' id='word_1_571' title='bbox 1648 4958 1834 5012; x_wconf 83' lang='grc' dir='ltr'>δοῦναι</span> 
     </span>
    </p>
   </div>
   <div class='ocr_carea' id='block_1_67' title="bbox 229 5050 1835 5126">
    <p class='ocr_par' dir='ltr' id='par_1_67' title="bbox 229 5050 1835 5126">
     <span class='ocr_line' id='line_1_67' title="bbox 229 5050 1835 5126; baseline -0.001 -18"><span class='ocrx_word' id='word_1_572' title='bbox 229 5054 838 5126; x_wconf 68' lang='grc' dir='ltr'><strong>⁸τ’τλημμελημιίτων.Ὃ</strong></span> <span class='ocrx_word' id='word_1_573' title='bbox 889 5052 1194 5124; x_wconf 82' lang='grc' dir='ltr'>πεποίηκεν</span> <span class='ocrx_word' id='word_1_574' title='bbox 1224 5054 1253 5106; x_wconf 84' lang='grc' dir='ltr'>ὁ</span> <span class='ocrx_word' id='word_1_575' title='bbox 1285 5052 1545 5124; x_wconf 82' lang='grc' dir='ltr'>Χριστὸς,</span> <span class='ocrx_word' id='word_1_576' title='bbox 1578 5051 1641 5105; x_wconf 82' lang='grc' dir='ltr'><strong>τὸ</strong></span> <span class='ocrx_word' id='word_1_577' title='bbox 1690 5050 1835 5107; x_wconf 83' lang='grc' dir='ltr'>θετον</span> 
     </span>
    </p>
   </div>
   <div class='ocr_carea' id='block_1_68' title="bbox 224 5142 1834 5218">
    <p class='ocr_par' dir='ltr' id='par_1_68' title="bbox 224 5142 1834 5218">
     <span class='ocr_line' id='line_1_68' title="bbox 224 5142 1834 5218; baseline -0.006 -15"><span class='ocrx_word' id='word_1_578' title='bbox 224 5149 369 5218; x_wconf 76' lang='grc' dir='ltr'>ἡμῖν</span> <span class='ocrx_word' id='word_1_579' title='bbox 397 5146 790 5218; x_wconf 71' lang='grc' dir='ltr'>δωρησάμενος</span> <span class='ocrx_word' id='word_1_580' title='bbox 826 5144 1356 5216; x_wconf 79' lang='grc' dir='ltr'>βάπτισμα.⁹Ωσπερ</span> <span class='ocrx_word' id='word_1_581' title='bbox 1389 5142 1500 5214; x_wconf 76' lang='grc' dir='ltr'><strong>γὰρ</strong></span> <span class='ocrx_word' id='word_1_582' title='bbox 1552 5143 1716 5215; x_wconf 86' lang='grc' dir='ltr'>νόμον</span> <span class='ocrx_word' id='word_1_583' title='bbox 1748 5158 1834 5207; x_wconf 88' lang='grc' dir='ltr'><strong>τις</strong></span> 
     </span>
    </p>
   </div>
   <div class='ocr_carea' id='block_1_69' title="bbox 224 5233 1833 5313">
    <p class='ocr_par' dir='ltr' id='par_1_69' title="bbox 224 5233 1833 5313">
     <span class='ocr_line' id='line_1_69' title="bbox 224 5233 1833 5313; baseline -0.004 -19"><span class='ocrx_word' id='word_1_584' title='bbox 224 5240 493 5313; x_wconf 73' lang='grc' dir='ltr'>παραϐὰς</span> <span class='ocrx_word' id='word_1_585' title='bbox 519 5239 810 5311; x_wconf 81' lang='grc' dir='ltr'>κοσμικὸν,</span> <span class='ocrx_word' id='word_1_586' title='bbox 842 5239 943 5293; x_wconf 72' lang='grc' dir='ltr'><strong>οὐκ</strong></span> <span class='ocrx_word' id='word_1_587' title='bbox 987 5239 1055 5293; x_wconf 86' lang='grc' dir='ltr'><strong>ἂν</strong></span> <span class='ocrx_word' id='word_1_588' title='bbox 1082 5236 1246 5309; x_wconf 83' lang='grc' dir='ltr'>φύγοι</span> <span class='ocrx_word' id='word_1_589' title='bbox 1275 5237 1373 5309; x_wconf 74' lang='grc' dir='ltr'>τὴν</span> <span class='ocrx_word' id='word_1_590' title='bbox 1407 5236 1587 5308; x_wconf 88' lang='grc' dir='ltr'>δίκην,</span> <span class='ocrx_word' id='word_1_591' title='bbox 1627 5233 1703 5307; x_wconf 83' lang='grc' dir='ltr'>μὴ</span> <span class='ocrx_word' id='word_1_592' title='bbox 1734 5234 1833 5306; x_wconf 86' lang='grc' dir='ltr'><strong>βα-</strong></span> 
     </span>
    </p>
   </div>
   <div class='ocr_carea' id='block_1_70' title="bbox 228 5327 1833 5405">
    <p class='ocr_par' dir='ltr' id='par_1_70' title="bbox 228 5327 1833 5405">
     <span class='ocr_line' id='line_1_70' title="bbox 228 5327 1833 5405; baseline -0.006 -16"><span class='ocrx_word' id='word_1_593' title='bbox 228 5334 434 5399; x_wconf 83' lang='grc' dir='ltr'>σ·.λέως</span> <span class='ocrx_word' id='word_1_594' title='bbox 488 5333 704 5405; x_wconf 78' lang='grc' dir='ltr'>ἡμέρου</span> <span class='ocrx_word' id='word_1_595' title='bbox 750 5330 1126 5403; x_wconf 78' lang='grc' dir='ltr'>χαρισαμένου</span> <span class='ocrx_word' id='word_1_596' title='bbox 1175 5330 1275 5402; x_wconf 81' lang='grc' dir='ltr'><strong>τὴν</strong></span> <span class='ocrx_word' id='word_1_597' title='bbox 1315 5332 1546 5400; x_wconf 55' lang='grc' dir='ltr'>ἄφεσιν</span> <span class='ocrx_word' id='word_1_598' title='bbox 1573 5327 1717 5382; x_wconf 78' lang='grc' dir='ltr'>οὓτω</span> <span class='ocrx_word' id='word_1_599' title='bbox 1748 5344 1833 5391; x_wconf 87' lang='grc' dir='ltr'><strong>τις</strong></span> 
     </span>
    </p>
   </div>
   <div class='ocr_carea' id='block_1_71' title="bbox 1935 3485 3534 3563">
    <p class='ocr_par' dir='ltr' id='par_1_71' title="bbox 1935 3485 3534 3563">
     <span class='ocr_line' id='line_1_71' title="bbox 1935 3485 3534 3563; baseline 0.009 -24"><span class='ocrx_word' id='word_1_600' title='bbox 1935 3495 1991 3540; x_wconf 89' lang='lat' dir='ltr'><strong>et</strong></span> <span class='ocrx_word' id='word_1_601' title='bbox 2022 3485 2336 3544; x_wconf 88' lang='lat' dir='ltr'><strong>Servatoris</strong></span> <span class='ocrx_word' id='word_1_602' title='bbox 2389 3489 2526 3544; x_wconf 88' lang='lat' dir='ltr'><strong>illttd</strong></span> <span class='ocrx_word' id='word_1_603' title='bbox 2562 3500 2694 3546; x_wconf 85' lang='lat' dir='ltr'><strong>est:</strong></span> <span class='ocrx_word' id='word_1_604' title='bbox 2738 3510 2757 3543; x_wconf 72' lang='grc' dir='ltr'><strong>ε</strong></span> <span class='ocrx_word' id='word_1_605' title='bbox 2787 3492 2890 3559; x_wconf 88' lang='lat' dir='ltr'><strong>Qui</strong></span> <span class='ocrx_word' id='word_1_606' title='bbox 2942 3505 3152 3563; x_wconf 86' lang='lat' dir='ltr'><strong>patrem</strong></span> <span class='ocrx_word' id='word_1_607' title='bbox 3199 3513 3265 3553; x_wconf 92' lang='lat' dir='ltr'><strong>ac</strong></span> <span class='ocrx_word' id='word_1_608' title='bbox 3304 3508 3534 3553; x_wconf 82' lang='lat' dir='ltr'><strong>matrem</strong></span> 
     </span>
    </p>
   </div>
   <div class='ocr_carea' id='block_1_72' title="bbox 1937 3581 3603 3659">
    <p class='ocr_par' dir='ltr' id='par_1_72' title="bbox 1937 3581 3603 3659">
     <span class='ocr_line' id='line_1_72' title="bbox 1937 3581 3603 3659; baseline 0.01 -29"><span class='ocrx_word' id='word_1_609' title='bbox 1937 3581 2177 3649; x_wconf 87' lang='lat' dir='ltr'><strong>amplius</strong></span> <span class='ocrx_word' id='word_1_610' title='bbox 2232 3597 2318 3637; x_wconf 86' lang='lat' dir='ltr'><strong>me</strong></span> <span class='ocrx_word' id='word_1_611' title='bbox 2370 3582 2572 3654; x_wconf 83' lang='lat' dir='ltr'><strong>diligit,</strong></span> <span class='ocrx_word' id='word_1_612' title='bbox 2612 3599 2723 3638; x_wconf 92' lang='lat' dir='ltr'><strong>non</strong></span> <span class='ocrx_word' id='word_1_613' title='bbox 2775 3601 2861 3640; x_wconf 89' lang='lat' dir='ltr'><strong>tne</strong></span> <span class='ocrx_word' id='word_1_614' title='bbox 2902 3586 3104 3659; x_wconf 85' lang='lat' dir='ltr'><strong>dignus</strong></span> <span class='ocrx_word' id='word_1_615' title='bbox 3155 3591 3300 3644; x_wconf 64' lang='grc' dir='ltr'>αι’.</span> <span class='ocrx_word' id='word_1_616' title='bbox 3334 3609 3352 3641; x_wconf 81' lang='grc' dir='ltr'><strong>ι</strong></span> <span class='ocrx_word' id='word_1_617' title='bbox 3404 3589 3538 3645; x_wconf 84' lang='lat' dir='ltr'><strong>Tale</strong></span> <span class='ocrx_word' id='word_1_618' title='bbox 3594 3585 3603 3594; x_wconf 76' lang='grc'><em>’</em></span> 
     </span>
    </p>
   </div>
   <div class='ocr_carea' id='block_1_73' title="bbox 1936 3671 3537 3755">
    <p class='ocr_par' dir='ltr' id='par_1_73' title="bbox 1936 3671 3537 3755">
     <span class='ocr_line' id='line_1_73' title="bbox 1936 3671 3537 3755; baseline 0.01 -32"><span class='ocrx_word' id='word_1_619' title='bbox 1936 3671 2101 3725; x_wconf 87' lang='lat' dir='ltr'><strong>etiam</strong></span> <span class='ocrx_word' id='word_1_620' title='bbox 2134 3672 2238 3727; x_wconf 91' lang='lat' dir='ltr'><strong>hoc</strong></span> <span class='ocrx_word' id='word_1_621' title='bbox 2266 3672 2519 3729; x_wconf 81' lang='lat' dir='ltr'><strong>Jcreutiae</strong></span> <span class='ocrx_word' id='word_1_622' title='bbox 2548 3685 2630 3731; x_wconf 86' lang='lat' dir='ltr'><strong>est</strong></span> <span class='ocrx_word' id='word_1_623' title='bbox 2662 3694 2675 3730; x_wconf 87' lang='lat'><strong>:</strong></span> <span class='ocrx_word' id='word_1_624' title='bbox 2704 3695 2723 3728; x_wconf 71' lang='grc' dir='ltr'><strong>ι</strong></span> <span class='ocrx_word' id='word_1_625' title='bbox 2755 3678 2798 3731; x_wconf 81' lang='grc' dir='ltr'>Α</span> <span class='ocrx_word' id='word_1_626' title='bbox 2825 3681 3078 3748; x_wconf 79' lang='lat' dir='ltr'><strong>proximo</strong></span> <span class='ocrx_word' id='word_1_627' title='bbox 3112 3696 3214 3735; x_wconf 91' lang='lat' dir='ltr'><strong>suo</strong></span> <span class='ocrx_word' id='word_1_628' title='bbox 3246 3682 3351 3737; x_wconf 84' lang='lat' dir='ltr'><strong>sibi</strong></span> <span class='ocrx_word' id='word_1_629' title='bbox 3379 3686 3537 3755; x_wconf 87' lang='lat' dir='ltr'><strong>quis-</strong></span> 
     </span>
    </p>
   </div>
   <div class='ocr_carea' id='block_1_74' title="bbox 1937 3766 3537 3831">
    <p class='ocr_par' dir='ltr' id='par_1_74' title="bbox 1937 3766 3537 3831">
     <span class='ocr_line' id='line_1_74' title="bbox 1937 3766 3537 3831; baseline 0.012 -19"><span class='ocrx_word' id='word_1_630' title='bbox 1937 3777 2045 3831; x_wconf 88' lang='lat' dir='ltr'><strong>que</strong></span> <span class='ocrx_word' id='word_1_631' title='bbox 2075 3772 2267 3817; x_wconf 86' lang='lat' dir='ltr'><strong>caveat</strong></span> <span class='ocrx_word' id='word_1_632' title='bbox 2294 3805 2308 3827; x_wconf 89' lang='lat'><strong>,</strong></span> <span class='ocrx_word' id='word_1_633' title='bbox 2341 3777 2398 3820; x_wconf 89' lang='lat' dir='ltr'><strong>et</strong></span> <span class='ocrx_word' id='word_1_634' title='bbox 2428 3766 2482 3819; x_wconf 93' lang='lat' dir='ltr'><strong>itt</strong></span> <span class='ocrx_word' id='word_1_635' title='bbox 2518 3766 2788 3825; x_wconf 87' lang='lat' dir='ltr'><strong>fratrilms</strong></span> <span class='ocrx_word' id='word_1_636' title='bbox 2820 3772 2937 3826; x_wconf 88' lang='lat' dir='ltr'><strong>suis</strong></span> <span class='ocrx_word' id='word_1_637' title='bbox 2973 3788 3082 3827; x_wconf 90' lang='lat' dir='ltr'><strong>non</strong></span> <span class='ocrx_word' id='word_1_638' title='bbox 3127 3773 3386 3829; x_wconf 83' lang='lat' dir='ltr'><strong>fiduciam</strong></span> <span class='ocrx_word' id='word_1_639' title='bbox 3418 3781 3537 3831; x_wconf 85' lang='lat' dir='ltr'><strong>col-</strong></span> 
     </span>
    </p>
   </div>
   <div class='ocr_carea' id='block_1_75' title="bbox 1939 3850 3539 3935">
    <p class='ocr_par' dir='ltr' id='par_1_75' title="bbox 1939 3850 3539 3935">
     <span class='ocr_line' id='line_1_75' title="bbox 1939 3850 3539 3935; baseline 0.007 -30"><span class='ocrx_word' id='word_1_640' title='bbox 1939 3850 2102 3906; x_wconf 85' lang='lat' dir='ltr'><strong>lucet.</strong></span> <span class='ocrx_word' id='word_1_641' title='bbox 2144 3854 2417 3918; x_wconf 85' lang='lat' dir='ltr'><strong>Quoniam</strong></span> <span class='ocrx_word' id='word_1_642' title='bbox 2455 3856 2637 3912; x_wconf 91' lang='lat' dir='ltr'><strong>omnis</strong></span> <span class='ocrx_word' id='word_1_643' title='bbox 2674 3857 2845 3914; x_wconf 83' lang='lat' dir='ltr'><strong>frater</strong></span> <span class='ocrx_word' id='word_1_644' title='bbox 2898 3863 3353 3932; x_wconf 84' lang='lat' dir='ltr'><strong>supplantatione</strong></span> <span class='ocrx_word' id='word_1_645' title='bbox 3402 3883 3539 3935; x_wconf 79' lang='lat' dir='ltr'><strong>sup-</strong></span> 
     </span>
    </p>
   </div>
   <div class='ocr_carea' id='block_1_76' title="bbox 1936 3944 3533 4013">
    <p class='ocr_par' dir='ltr' id='par_1_76' title="bbox 1936 3944 3533 4013">
     <span class='ocr_line' id='line_1_76' title="bbox 1936 3944 3533 4013; baseline 0.011 -19"><span class='ocrx_word' id='word_1_646' title='bbox 1936 3944 2247 4013; x_wconf 84' lang='lat' dir='ltr'><strong>plantabit,</strong></span> <span class='ocrx_word' id='word_1_647' title='bbox 2280 3954 2335 4001; x_wconf 91' lang='lat' dir='ltr'><strong>ct</strong></span> <span class='ocrx_word' id='word_1_648' title='bbox 2382 3948 2566 4003; x_wconf 78' lang='lat' dir='ltr'><strong>omnis</strong></span> <span class='ocrx_word' id='word_1_649' title='bbox 2613 3950 2826 4006; x_wconf 89' lang='lat' dir='ltr'><strong>amicus</strong></span> <span class='ocrx_word' id='word_1_650' title='bbox 2875 3950 3259 4010; x_wconf 87' lang='lat' dir='ltr'><strong>fraudulenter</strong></span> <span class='ocrx_word' id='word_1_651' title='bbox 3307 3957 3533 4012; x_wconf 78' lang='lat' dir='ltr'><strong>incedit.</strong></span> 
     </span>
    </p>
   </div>
   <div class='ocr_carea' id='block_1_77' title="bbox 1938 4036 3538 4109">
    <p class='ocr_par' dir='ltr' id='par_1_77' title="bbox 1938 4036 3538 4109">
     <span class='ocr_line' id='line_1_77' title="bbox 1938 4036 3538 4109; baseline 0.012 -23"><span class='ocrx_word' id='word_1_652' title='bbox 1938 4036 2187 4107; x_wconf 83' lang='lat' dir='ltr'><strong>Quisque</strong></span> <span class='ocrx_word' id='word_1_653' title='bbox 2241 4039 2493 4108; x_wconf 71' lang='lat' dir='ltr'><strong>proximo</strong></span> <span class='ocrx_word' id='word_1_654' title='bbox 2540 4057 2643 4096; x_wconf 86' lang='lat' dir='ltr'><strong>suo</strong></span> <span class='ocrx_word' id='word_1_655' title='bbox 2695 4042 3241 4109; x_wconf 80' lang='lat' dir='ltr'><strong>illudet,veritatcm</strong></span> <span class='ocrx_word' id='word_1_656' title='bbox 3295 4064 3406 4104; x_wconf 91' lang='lat' dir='ltr'><strong>non</strong></span> <span class='ocrx_word' id='word_1_657' title='bbox 3458 4051 3538 4105; x_wconf 83' lang='lat' dir='ltr'><strong>lo-</strong></span> 
     </span>
    </p>
   </div>
   <div class='ocr_carea' id='block_1_78' title="bbox 1936 4130 3319 4203">
    <p class='ocr_par' dir='ltr' id='par_1_78' title="bbox 1936 4130 3319 4203">
     <span class='ocr_line' id='line_1_78' title="bbox 1936 4130 3319 4203; baseline 0.012 -24"><span class='ocrx_word' id='word_1_658' title='bbox 1936 4130 2238 4198; x_wconf 64' lang='lat' dir='ltr'><strong>quenlttr‘.</strong></span> <span class='ocrx_word' id='word_1_659' title='bbox 2271 4150 2290 4183; x_wconf 72' lang='grc' dir='ltr'><strong>ι</strong></span> <span class='ocrx_word' id='word_1_660' title='bbox 2320 4132 2386 4187; x_wconf 71' lang='lat' dir='ltr'><strong>Et</strong></span> <span class='ocrx_word' id='word_1_661' title='bbox 2417 4141 2542 4203; x_wconf 89' lang='lat' dir='ltr'><strong>post</strong></span> <span class='ocrx_word' id='word_1_662' title='bbox 2575 4134 2684 4189; x_wconf 87' lang='lat' dir='ltr'><strong>alia</strong></span> <span class='ocrx_word' id='word_1_663' title='bbox 2710 4137 2896 4193; x_wconf 90' lang='lat' dir='ltr'><strong>denuo</strong></span> <span class='ocrx_word' id='word_1_664' title='bbox 2930 4139 3125 4194; x_wconf 89' lang='lat' dir='ltr'><strong>eadem</strong></span> <span class='ocrx_word' id='word_1_665' title='bbox 3162 4139 3319 4196; x_wconf 91' lang='lat' dir='ltr'><strong>dicit.</strong></span> 
     </span>
    </p>
   </div>
   <div class='ocr_carea' id='block_1_79' title="bbox 2012 4306 3539 4387">
    <p class='ocr_par' dir='ltr' id='par_1_79' title="bbox 2012 4306 3539 4387">
     <span class='ocr_line' id='line_1_79' title="bbox 2012 4306 3539 4387; baseline 0.011 -27"><span class='ocrx_word' id='word_1_666' title='bbox 2012 4306 2096 4362; x_wconf 76' lang='lat' dir='ltr'><strong>Ne</strong></span> <span class='ocrx_word' id='word_1_667' title='bbox 2120 4309 2357 4380; x_wconf 68' lang='lat' dir='ltr'><strong>purgatis</strong></span> <span class='ocrx_word' id='word_1_668' title='bbox 2388 4326 2501 4367; x_wconf 70' lang='lat' dir='ltr'><strong>vos.</strong></span> <span class='ocrx_word' id='word_1_669' title='bbox 2540 4309 2705 4385; x_wconf 76' lang='lat' dir='ltr'><strong>[X|V,</strong></span> <span class='ocrx_word' id='word_1_670' title='bbox 2737 4313 2811 4387; x_wconf 76' lang='grc'><strong>1.]</strong></span> <span class='ocrx_word' id='word_1_671' title='bbox 2854 4314 2927 4369; x_wconf 75' lang='lat' dir='ltr'><strong>Ex</strong></span> <span class='ocrx_word' id='word_1_672' title='bbox 2952 4314 3272 4373; x_wconf 74' lang='lat' dir='ltr'><strong>Graecorum</strong></span> <span class='ocrx_word' id='word_1_673' title='bbox 3299 4334 3539 4377; x_wconf 88' lang='lat' dir='ltr'><strong>consue-</strong></span> 
     </span>
    </p>
   </div>
   <div class='ocr_carea' id='block_1_80' title="bbox 1940 4402 3536 4479">
    <p class='ocr_par' dir='ltr' id='par_1_80' title="bbox 1940 4402 3536 4479">
     <span class='ocr_line' id='line_1_80' title="bbox 1940 4402 3536 4479; baseline 0.006 -23"><span class='ocrx_word' id='word_1_674' title='bbox 1940 4402 2135 4458; x_wconf 91' lang='lat' dir='ltr'><strong>tudine</strong></span> <span class='ocrx_word' id='word_1_675' title='bbox 2162 4419 2264 4459; x_wconf 72' lang='grc' dir='ltr'>νοις</span> <span class='ocrx_word' id='word_1_676' title='bbox 2300 4404 2416 4460; x_wconf 74' lang='lat' dir='ltr'><strong>haec</strong></span> <span class='ocrx_word' id='word_1_677' title='bbox 2451 4406 2708 4463; x_wconf 83' lang='lat' dir='ltr'><strong>traducta</strong></span> <span class='ocrx_word' id='word_1_678' title='bbox 2727 4417 2833 4464; x_wconf 88' lang='lat' dir='ltr'><strong>est.</strong></span> <span class='ocrx_word' id='word_1_679' title='bbox 2854 4408 3169 4479; x_wconf 80' lang='lat' dir='ltr'><strong>Apollinem</strong></span> <span class='ocrx_word' id='word_1_680' title='bbox 3195 4411 3344 4466; x_wconf 84' lang='lat' dir='ltr'><strong>enim</strong></span> <span class='ocrx_word' id='word_1_681' title='bbox 3369 4412 3536 4468; x_wconf 89' lang='lat' dir='ltr'><strong>deum</strong></span> 
     </span>
    </p>
   </div>
   <div class='ocr_carea' id='block_1_81' title="bbox 1936 4492 3539 4569">
    <p class='ocr_par' dir='ltr' id='par_1_81' title="bbox 1936 4492 3539 4569">
     <span class='ocr_line' id='line_1_81' title="bbox 1936 4492 3539 4569; baseline 0.009 -24"><span class='ocrx_word' id='word_1_682' title='bbox 1936 4492 2230 4562; x_wconf 89' lang='lat' dir='ltr'><strong>quemdam</strong></span> <span class='ocrx_word' id='word_1_683' title='bbox 2252 4509 2376 4549; x_wconf 84' lang='lat' dir='ltr'><strong>esse</strong></span> <span class='ocrx_word' id='word_1_684' title='bbox 2399 4495 2744 4560; x_wconf 83' lang='lat' dir='ltr'><strong>fabulantur,</strong></span> <span class='ocrx_word' id='word_1_685' title='bbox 2762 4515 2927 4569; x_wconf 84' lang='lat' dir='ltr'><strong>quem</strong></span> <span class='ocrx_word' id='word_1_686' title='bbox 2949 4500 3201 4555; x_wconf 86' lang='lat' dir='ltr'><strong>eumdem</strong></span> <span class='ocrx_word' id='word_1_687' title='bbox 3225 4502 3397 4557; x_wconf 89' lang='lat' dir='ltr'><strong>solent</strong></span> <span class='ocrx_word' id='word_1_688' title='bbox 3413 4518 3539 4559; x_wconf 81' lang='lat' dir='ltr'><strong>esse</strong></span> 
     </span>
    </p>
   </div>
   <div class='ocr_carea' id='block_1_82' title="bbox 1936 4583 3537 4662">
    <p class='ocr_par' dir='ltr' id='par_1_82' title="bbox 1936 4583 3537 4662">
     <span class='ocr_line' id='line_1_82' title="bbox 1936 4583 3537 4662; baseline 0.006 -24"><span class='ocrx_word' id='word_1_689' title='bbox 1936 4583 2149 4640; x_wconf 88' lang='lat' dir='ltr'><strong>dicunt.</strong></span> <span class='ocrx_word' id='word_1_690' title='bbox 2179 4584 2353 4652; x_wconf 87' lang='lat' dir='ltr'><strong>Quem</strong></span> <span class='ocrx_word' id='word_1_691' title='bbox 2402 4587 2627 4655; x_wconf 83' lang='lat' dir='ltr'><strong>quidem</strong></span> <span class='ocrx_word' id='word_1_692' title='bbox 2673 4588 2945 4646; x_wconf 72' lang='lat' dir='ltr'><strong>thbttm</strong></span> <span class='ocrx_word' id='word_1_693' title='bbox 2985 4592 3297 4657; x_wconf 87' lang='lat' dir='ltr'><strong>nominant,</strong></span> <span class='ocrx_word' id='word_1_694' title='bbox 3333 4608 3537 4662; x_wconf 91' lang='lat' dir='ltr'><strong>purum</strong></span> 
     </span>
    </p>
   </div>
   <div class='ocr_carea' id='block_1_83' title="bbox 1939 4678 3535 4753">
    <p class='ocr_par' dir='ltr' id='par_1_83' title="bbox 1939 4678 3535 4753">
     <span class='ocr_line' id='line_1_83' title="bbox 1939 4678 3535 4753; baseline 0.006 -21"><span class='ocrx_word' id='word_1_695' title='bbox 1939 4678 2198 4733; x_wconf 88' lang='lat' dir='ltr'><strong>videlicet</strong></span> <span class='ocrx_word' id='word_1_696' title='bbox 2221 4694 2345 4734; x_wconf 84' lang='lat' dir='ltr'><strong>esse</strong></span> <span class='ocrx_word' id='word_1_697' title='bbox 2377 4679 2712 4737; x_wconf 89' lang='lat' dir='ltr'><strong>indicantes.</strong></span> <span class='ocrx_word' id='word_1_698' title='bbox 2746 4679 3026 4737; x_wconf 89' lang='lat' dir='ltr'><strong>Iudicatur</strong></span> <span class='ocrx_word' id='word_1_699' title='bbox 3057 4682 3227 4753; x_wconf 88' lang='lat' dir='ltr'><strong>igitur</strong></span> <span class='ocrx_word' id='word_1_700' title='bbox 3254 4684 3356 4739; x_wconf 86' lang='lat' dir='ltr'><strong>hac</strong></span> <span class='ocrx_word' id='word_1_701' title='bbox 3378 4699 3535 4752; x_wconf 86' lang='lat' dir='ltr'><strong>voce,</strong></span> 
     </span>
    </p>
   </div>
   <div class='ocr_carea' id='block_1_84' title="bbox 1938 4772 3537 4845">
    <p class='ocr_par' dir='ltr' id='par_1_84' title="bbox 1938 4772 3537 4845">
     <span class='ocr_line' id='line_1_84' title="bbox 1938 4772 3537 4845; baseline 0.004 -20"><span class='ocrx_word' id='word_1_702' title='bbox 1938 4786 2008 4826; x_wconf 89' lang='lat' dir='ltr'><strong>ne</strong></span> <span class='ocrx_word' id='word_1_703' title='bbox 2043 4786 2168 4827; x_wconf 87' lang='lat' dir='ltr'><strong>sese</strong></span> <span class='ocrx_word' id='word_1_704' title='bbox 2218 4772 2486 4829; x_wconf 69' lang='lat' dir='ltr'><strong>defaecent</strong></span> <span class='ocrx_word' id='word_1_705' title='bbox 2535 4788 2601 4829; x_wconf 88' lang='lat' dir='ltr'><strong>ac</strong></span> <span class='ocrx_word' id='word_1_706' title='bbox 2649 4772 3335 4845; x_wconf 80' lang='lat' dir='ltr'><strong>depurgent.Puriilcatio</strong></span> <span class='ocrx_word' id='word_1_707' title='bbox 3387 4778 3537 4832; x_wconf 86' lang='lat' dir='ltr'><strong>enim</strong></span> 
     </span>
    </p>
   </div>
   <div class='ocr_carea' id='block_1_85' title="bbox 1937 4863 3537 4940">
    <p class='ocr_par' dir='ltr' id='par_1_85' title="bbox 1937 4863 3537 4940">
     <span class='ocr_line' id='line_1_85' title="bbox 1937 4863 3537 4940; baseline 0.004 -23"><span class='ocrx_word' id='word_1_708' title='bbox 1937 4863 2191 4933; x_wconf 87' lang='lat' dir='ltr'><strong>corporis</strong></span> <span class='ocrx_word' id='word_1_709' title='bbox 2246 4864 2399 4920; x_wconf 86' lang='lat' dir='ltr'><strong>labes</strong></span> <span class='ocrx_word' id='word_1_710' title='bbox 2451 4863 2623 4919; x_wconf 87' lang='lat' dir='ltr'><strong>animi</strong></span> <span class='ocrx_word' id='word_1_711' title='bbox 2677 4868 2858 4921; x_wconf 80' lang='lat' dir='ltr'><strong>nescit</strong></span> <span class='ocrx_word' id='word_1_712' title='bbox 2918 4868 3166 4924; x_wconf 89' lang='lat' dir='ltr'><strong>abluere.</strong></span> <span class='ocrx_word' id='word_1_713' title='bbox 3219 4867 3537 4940; x_wconf 87' lang='lat' dir='ltr'><strong>Principem</strong></span> 
     </span>
    </p>
   </div>
   <div class='ocr_carea' id='block_1_86' title="bbox 1935 4956 3539 5030">
    <p class='ocr_par' dir='ltr' id='par_1_86' title="bbox 1935 4956 3539 5030">
     <span class='ocr_line' id='line_1_86' title="bbox 1935 4956 3539 5030; baseline 0.001 -19"><span class='ocrx_word' id='word_1_714' title='bbox 1935 4970 2070 5011; x_wconf 79' lang='lat' dir='ltr'><strong>vero</strong></span> <span class='ocrx_word' id='word_1_715' title='bbox 2103 4956 2345 5011; x_wconf 86' lang='lat' dir='ltr'><strong>hominis</strong></span> <span class='ocrx_word' id='word_1_716' title='bbox 2376 4966 2589 5028; x_wconf 88' lang='lat' dir='ltr'><strong>partem</strong></span> <span class='ocrx_word' id='word_1_717' title='bbox 2615 4997 2631 5023; x_wconf 93' lang='lat'><strong>,</strong></span> <span class='ocrx_word' id='word_1_718' title='bbox 2665 4958 2930 5027; x_wconf 85' lang='lat' dir='ltr'><strong>cadaver,</strong></span> <span class='ocrx_word' id='word_1_719' title='bbox 2967 4971 3063 5014; x_wconf 89' lang='lat' dir='ltr'><strong>aut</strong></span> <span class='ocrx_word' id='word_1_720' title='bbox 3091 4974 3367 5030; x_wconf 86' lang='lat' dir='ltr'><strong>puerpera</strong></span> <span class='ocrx_word' id='word_1_721' title='bbox 3393 4996 3415 5023; x_wconf 83' lang='lat'><strong>,</strong></span> <span class='ocrx_word' id='word_1_722' title='bbox 3441 4971 3539 5013; x_wconf 90' lang='lat' dir='ltr'><strong>aut</strong></span> 
     </span>
    </p>
   </div>
   <div class='ocr_carea' id='block_1_87' title="bbox 1939 5045 3536 5121">
    <p class='ocr_par' dir='ltr' id='par_1_87' title="bbox 1939 5045 3536 5121">
     <span class='ocr_line' id='line_1_87' title="bbox 1939 5045 3536 5121; baseline 0.001 -19"><span class='ocrx_word' id='word_1_723' title='bbox 1939 5048 2044 5102; x_wconf 88' lang='lat' dir='ltr'><strong>alia</strong></span> <span class='ocrx_word' id='word_1_724' title='bbox 2077 5047 2396 5118; x_wconf 74' lang='lat' dir='ltr'><strong>huiusmodi</strong></span> <span class='ocrx_word' id='word_1_725' title='bbox 2419 5064 2530 5105; x_wconf 89' lang='lat' dir='ltr'><strong>non</strong></span> <span class='ocrx_word' id='word_1_726' title='bbox 2556 5058 2793 5121; x_wconf 86' lang='lat' dir='ltr'><strong>possunt</strong></span> <span class='ocrx_word' id='word_1_727' title='bbox 2830 5050 3232 5107; x_wconf 88' lang='lat' dir='ltr'><strong>contaminare.</strong></span> <span class='ocrx_word' id='word_1_728' title='bbox 3265 5045 3536 5106; x_wconf 65' lang='lat' dir='ltr'><strong>caeterum</strong></span> 
     </span>
    </p>
   </div>
   <div class='ocr_carea' id='block_1_88' title="bbox 1941 5138 3540 5212">
    <p class='ocr_par' dir='ltr' id='par_1_88' title="bbox 1941 5138 3540 5212">
     <span class='ocr_line' id='line_1_88' title="bbox 1941 5138 3540 5212; baseline -0.004 -16"><span class='ocrx_word' id='word_1_729' title='bbox 1941 5139 2116 5196; x_wconf 74' lang='lat' dir='ltr'><strong>Solius</strong></span> <span class='ocrx_word' id='word_1_730' title='bbox 2145 5138 2243 5195; x_wconf 90' lang='lat' dir='ltr'><strong>Dei</strong></span> <span class='ocrx_word' id='word_1_731' title='bbox 2269 5148 2359 5195; x_wconf 89' lang='lat' dir='ltr'><strong>est</strong></span> <span class='ocrx_word' id='word_1_732' title='bbox 2397 5155 2634 5212; x_wconf 86' lang='lat' dir='ltr'><strong>purgare</strong></span> <span class='ocrx_word' id='word_1_733' title='bbox 2662 5139 2907 5195; x_wconf 90' lang='lat' dir='ltr'><strong>animum</strong></span> <span class='ocrx_word' id='word_1_734' title='bbox 2938 5154 3002 5194; x_wconf 88' lang='lat' dir='ltr'><strong>ac</strong></span> <span class='ocrx_word' id='word_1_735' title='bbox 3032 5138 3249 5195; x_wconf 83' lang='lat' dir='ltr'><strong>veniam</strong></span> <span class='ocrx_word' id='word_1_736' title='bbox 3281 5138 3413 5193; x_wconf 86' lang='lat' dir='ltr'><strong>dare</strong></span> <span class='ocrx_word' id='word_1_737' title='bbox 3440 5138 3540 5191; x_wconf 83' lang='lat' dir='ltr'><strong>tle-</strong></span> 
     </span>
    </p>
   </div>
   <div class='ocr_carea' id='block_1_89' title="bbox 1941 5229 3540 5297">
    <p class='ocr_par' dir='ltr' id='par_1_89' title="bbox 1941 5229 3540 5297">
     <span class='ocr_line' id='line_1_89' title="bbox 1941 5229 3540 5297; baseline -0.001 -11"><span class='ocrx_word' id='word_1_738' title='bbox 1941 5232 2218 5286; x_wconf 89' lang='lat' dir='ltr'><strong>lictoruut.</strong></span> <span class='ocrx_word' id='word_1_739' title='bbox 2252 5230 2410 5297; x_wconf 86' lang='lat' dir='ltr'><strong>Quod</strong></span> <span class='ocrx_word' id='word_1_740' title='bbox 2446 5230 2709 5287; x_wconf 84' lang='lat' dir='ltr'><strong>Christus</strong></span> <span class='ocrx_word' id='word_1_741' title='bbox 2756 5230 2891 5285; x_wconf 83' lang='lat' dir='ltr'><strong>fecit</strong></span> <span class='ocrx_word' id='word_1_742' title='bbox 2935 5229 3176 5285; x_wconf 84' lang='lat' dir='ltr'><strong>divinam</strong></span> <span class='ocrx_word' id='word_1_743' title='bbox 3218 5244 3343 5285; x_wconf 92' lang='lat' dir='ltr'><strong>cum</strong></span> <span class='ocrx_word' id='word_1_744' title='bbox 3376 5229 3540 5285; x_wconf 87' lang='lat' dir='ltr'><strong>nobis</strong></span> 
     </span>
    </p>
   </div>
   <div class='ocr_carea' id='block_1_90' title="bbox 1946 5322 3539 5395">
    <p class='ocr_par' dir='ltr' id='par_1_90' title="bbox 1946 5322 3539 5395">
     <span class='ocr_line' id='line_1_90' title="bbox 1946 5322 3539 5395; baseline 0.001 -16"><span class='ocrx_word' id='word_1_745' title='bbox 1946 5324 2273 5381; x_wconf 86' lang='lat' dir='ltr'><strong>tinctionetn</strong></span> <span class='ocrx_word' id='word_1_746' title='bbox 2335 5324 2583 5379; x_wconf 82' lang='lat' dir='ltr'><strong>donavit.</strong></span> <span class='ocrx_word' id='word_1_747' title='bbox 2617 5323 3097 5393; x_wconf 86' lang='lat' dir='ltr'><strong>Quemadmodum</strong></span> <span class='ocrx_word' id='word_1_748' title='bbox 3130 5324 3279 5380; x_wconf 87' lang='lat' dir='ltr'><strong>enim</strong></span> <span class='ocrx_word' id='word_1_749' title='bbox 3330 5322 3378 5380; x_wconf 89' lang='lat' dir='ltr'><strong>si</strong></span> <span class='ocrx_word' id='word_1_750' title='bbox 3408 5324 3539 5395; x_wconf 78' lang='lat' dir='ltr'><strong>quis</strong></span> 
     </span>
    </p>
   </div>
   <div class='ocr_carea' id='block_1_91' title="bbox 304 5499 1833 5594">
    <p class='ocr_par' dir='ltr' id='par_1_91' title="bbox 304 5502 1833 5594">
     <span class='ocr_line' id='line_1_91' title="bbox 304 5502 1833 5594; baseline -0.008 -25"><span class='ocrx_word' id='word_1_751' title='bbox 304 5514 327 5594; x_wconf 65' lang='grc' dir='ltr'><em>ξ</em></span> <span class='ocrx_word' id='word_1_752' title='bbox 368 5511 498 5583; x_wconf 76' lang='lat' dir='ltr'><strong>Sap.</strong></span> <span class='ocrx_word' id='word_1_753' title='bbox 530 5527 569 5576; x_wconf 88' lang='grc' dir='ltr'><strong>ι,</strong></span> <span class='ocrx_word' id='word_1_754' title='bbox 602 5510 782 5594; x_wconf 49' lang='lat' dir='ltr'><strong>iiut,</strong></span> <span class='ocrx_word' id='word_1_755' title='bbox 812 5509 903 5564; x_wconf 70' lang='grc' dir='ltr'>ει.</span> <span class='ocrx_word' id='word_1_756' title='bbox 984 5510 1005 5541; x_wconf 85' lang='grc'>³</span> <span class='ocrx_word' id='word_1_757' title='bbox 1044 5507 1275 5594; x_wconf 68' lang='grc' dir='ltr'><strong>Μςιιιιι.⁸</strong></span> <span class='ocrx_word' id='word_1_758' title='bbox 1307 5523 1367 5575; x_wconf 74' lang='lat' dir='ltr'><strong>x,</strong></span> <span class='ocrx_word' id='word_1_759' title='bbox 1398 5506 1484 5563; x_wconf 81' lang='lat' dir='ltr'><strong>l8.</strong></span> <span class='ocrx_word' id='word_1_760' title='bbox 1564 5507 1584 5537; x_wconf 71' lang='lat'><strong>&quot;</strong></span> <span class='ocrx_word' id='word_1_761' title='bbox 1622 5502 1833 5560; x_wconf 79' lang='lat' dir='ltr'><strong>Joau.\&#39;</strong></span> 
     </span>
    </p>
   </div>
   <div class='ocr_carea' id='block_1_92' title="bbox 1941 5499 3537 5594">
    <p class='ocr_par' dir='ltr' id='par_1_92' title="bbox 1944 5499 3537 5579">
     <span class='ocr_line' id='line_1_92' title="bbox 1944 5499 3537 5579; baseline -0.003 -20"><span class='ocrx_word' id='word_1_762' title='bbox 1944 5503 1997 5560; x_wconf 89' lang='lat'><strong>0.</strong></span> <span class='ocrx_word' id='word_1_763' title='bbox 2077 5501 2238 5558; x_wconf 76' lang='lat' dir='ltr'><strong>‘Act.</strong></span> <span class='ocrx_word' id='word_1_764' title='bbox 2272 5518 2384 5567; x_wconf 82' lang='lat' dir='ltr'><strong>xvt,</strong></span> <span class='ocrx_word' id='word_1_765' title='bbox 2423 5500 2511 5558; x_wconf 88' lang='lat' dir='ltr'><strong>l7.</strong></span> <span class='ocrx_word' id='word_1_766' title='bbox 2587 5501 2608 5534; x_wconf 86' lang='grc'>⁶</span> <span class='ocrx_word' id='word_1_767' title='bbox 2648 5499 2897 5571; x_wconf 69' lang='grc' dir='ltr'>Ματων,</span> <span class='ocrx_word' id='word_1_768' title='bbox 2932 5501 3022 5560; x_wconf 77' lang='lat'><strong>59.</strong></span> <span class='ocrx_word' id='word_1_769' title='bbox 3065 5502 3124 5579; x_wconf 57' lang='grc' dir='ltr'>,ξ</span> <span class='ocrx_word' id='word_1_770' title='bbox 3146 5500 3418 5572; x_wconf 53' lang='grc' dir='ltr'>ΜοιιΙιΑ,</span> <span class='ocrx_word' id='word_1_771' title='bbox 3444 5500 3537 5559; x_wconf 78' lang='lat'><strong>31.</strong></span> 
     </span>
    </p>
   </div>
   <div class='ocr_carea' id='block_1_93' title="bbox 230 5580 781 5650">
    <p class='ocr_par' dir='ltr' id='par_1_93' title="bbox 230 5580 781 5650">
     <span class='ocr_line' id='line_1_93' title="bbox 230 5580 781 5650; baseline -0.009 -9"><span class='ocrx_word' id='word_1_772' title='bbox 230 5584 257 5616; x_wconf 84' lang='grc'><strong><em>⁸</em></strong></span> <span class='ocrx_word' id='word_1_773' title='bbox 292 5580 500 5641; x_wconf 81' lang='lat' dir='ltr'><strong>Jerctit.</strong></span> <span class='ocrx_word' id='word_1_774' title='bbox 530 5597 609 5650; x_wconf 77' lang='lat' dir='ltr'><strong>ix,</strong></span> <span class='ocrx_word' id='word_1_775' title='bbox 636 5582 691 5643; x_wconf 74' lang='grc'><strong>4.</strong></span> <span class='ocrx_word' id='word_1_776' title='bbox 727 5582 781 5636; x_wconf 84' lang='grc'><strong>5.</strong></span> 
     </span>
    </p>
   </div>
   <div class='ocr_carea' id='block_1_94' title="bbox 1768 5690 2003 5749">
    <p class='ocr_par' dir='ltr' id='par_1_94' title="bbox 1768 5690 2003 5749">
     <span class='ocr_line' id='line_1_94' title="bbox 1768 5690 2003 5749; baseline -0.013 -3"><span class='ocrx_word' id='word_1_777' title='bbox 1768 5690 2003 5749; x_wconf 67' lang='lat' dir='ltr'><strong>NOTAE.</strong></span> 
     </span>
    </p>
   </div>
   <div class='ocr_carea' id='block_1_95' title="bbox 310 5781 3041 5867">
    <p class='ocr_par' dir='ltr' id='par_1_95' title="bbox 310 5781 3041 5867">
     <span class='ocr_line' id='line_1_95' title="bbox 310 5781 3041 5867; baseline -0.007 -15"><span class='ocrx_word' id='word_1_778' title='bbox 310 5793 546 5867; x_wconf 65' lang='grc' dir='ltr'>ιθδγισ.</span> <span class='ocrx_word' id='word_1_779' title='bbox 579 5792 697 5847; x_wconf 84' lang='grc' dir='ltr'>καί.</span> <span class='ocrx_word' id='word_1_780' title='bbox 732 5791 792 5846; x_wconf 86' lang='grc' dir='ltr'>Ὀ</span> <span class='ocrx_word' id='word_1_781' title='bbox 809 5790 865 5844; x_wconf 77' lang='grc' dir='ltr'>δὲ</span> <span class='ocrx_word' id='word_1_782' title='bbox 890 5790 989 5862; x_wconf 82' lang='grc' dir='ltr'><strong>τῆς</strong></span> <span class='ocrx_word' id='word_1_783' title='bbox 1024 5790 1162 5859; x_wconf 83' lang='grc' dir='ltr'>Δύγ.</span> <span class='ocrx_word' id='word_1_784' title='bbox 1202 5787 1335 5847; x_wconf 77' lang='grc' dir='ltr'><strong>κώδ.</strong></span> <span class='ocrx_word' id='word_1_785' title='bbox 1370 5786 1627 5841; x_wconf 72' lang='grc' dir='ltr'>Τοιοῦτον</span> <span class='ocrx_word' id='word_1_786' title='bbox 1677 5785 1773 5840; x_wconf 69' lang='grc' dir='ltr'><strong>καὶ</strong></span> <span class='ocrx_word' id='word_1_787' title='bbox 1808 5785 1866 5840; x_wconf 71' lang='grc' dir='ltr'>τὸ</span> <span class='ocrx_word' id='word_1_788' title='bbox 1920 5782 2212 5857; x_wconf 78' lang='grc' dir='ltr'>Ἱερεμίου,</span> <span class='ocrx_word' id='word_1_789' title='bbox 2236 5781 2533 5852; x_wconf 84' lang='grc' dir='ltr'>Ἕκαστος,</span> <span class='ocrx_word' id='word_1_790' title='bbox 2557 5796 2647 5835; x_wconf 82' lang='grc' dir='ltr'>κτ.</span> <span class='ocrx_word' id='word_1_791' title='bbox 2951 5834 3041 5867; x_wconf 43' lang='grc' dir='ltr'><strong>..ψ</strong></span> 
     </span>
    </p>
   </div>
   <div class='ocr_carea' id='block_1_96' title="bbox 2877 5873 2967 5924">
    <p class='ocr_par' dir='ltr' id='par_1_96' title="bbox 2877 5873 2967 5924">
     <span class='ocr_line' id='line_1_96' title="bbox 2877 5873 2967 5924; baseline 0.011 -1"><span class='ocrx_word' id='word_1_792' title='bbox 2877 5873 2967 5924; x_wconf 63' lang='lat' dir='ltr'><strong>-a&#39;-</strong></span> 
     </span>
    </p>
   </div>
  </div>
