3956 6402
513 364 617 431 921
1864 366 2223 427 PROCOPII
2264 367 2508 429 GAZEI
3649 382 3735 450 mg

515 490 902 549 transgressus
952 476 1120 545 legem
1173 474 1467 528 humanam
1510 473 1727 542 fuisset,
1754 488 1975 545 pta-nam
2006 490 2075 527 no

2178 512 2187 540 ι
2220 478 2462 546 προσιὼν
2494 478 2571 549 τῷ
2601 480 2764 549 φύσει
2792 481 2913 553 Θεῷ
2932 523 2950 551 ,
2993 483 3283 538 ἀκούσεται
3313 484 3563 554 λέγοντος,
3592 510 3607 541 ι
3627 491 3740 559 Ἐῖιι

507 564 785 642 effugerit,
816 570 870 623 ui
921 585 1014 621 rex
1048 577 1373 621 tnnnsuetus
1407 566 1786 621 remissionem
1823 567 2067 622 contults

2206 570 2322 637 εἰμι
2347 571 2375 622 ὁ
2408 570 2709 640 ὲξαλείφων
2753 574 2869 639 τὰς,
2898 576 3130 646 ἀνομίας
3161 593 3275 640 σου,
3303 577 3393 629 καὶ
3432 578 3488 629 ού
3532 580 3600 651 μὴ
3633 600 3739 655 μνη.

442 652 457 703 τ
512 673 620 728 set,
648 663 723 716 ita
759 662 803 716 si
853 662 977 731 quis
1015 658 1312 713 accesserit
1362 656 1428 710 ad
1462 665 1658 712 natura
1686 656 1882 725 Deum,
1916 674 2004 713 aut

2210 660 2506 731 σθήσομαι.
2543 683 2561 715 ι
2598 663 2663 717 Τί
2696 660 2790 719 οὖν
2834 668 3071 740 ἐροῦμεν
3119 668 3248 739 περὶ
3292 669 3396 721 τῶν
3438 673 3569 726 κατὰ
3610 652 3739 745 νόμον

510 772 636 811 eum
690 753 929 809 dicere:
970 772 987 802 ι
1025 751 1137 821 Ego
1190 766 1310 805 sum
1372 751 1468 820 qui
1526 752 1728 807 induco
1785 751 2072 822 iniquitate

2212 750 2569 822 καθάρσεωνς
2620 756 2848 827 Πρῶτον
2897 758 3021 829 μὲν,
3069 758 3239 813 τύπον
3292 756 3427 815 εἶναι
3469 762 3739 834 καθάρσεως

450 904 453 907 γ
511 854 756 909 vestras,
792 859 894 900 nec
951 859 1191 912 unquam
1250 842 1645 898 recordabor’.
1680 862 1699 896 ι
1737 841 1880 908 Quid
1934 844 2005 915 igi

2214 844 2555 915 κρείττονος·
2590 848 2673 903 ἔτι
2703 850 2760 905 δὲ
2785 850 3069 924 διαφέρειν
3110 853 3221 907 τῶν
3253 854 3564 923 Ἑλληνικῶν
3585 896 3598 920 ,
3629 860 3740 913 αἴτι-

511 937 580 993 de
626 936 1102 1009 puriﬁcationibus
1156 936 1210 989 in
1259 935 1377 1006 lege
1427 936 1748 991 constitutis
1804 935 2053 991 dicemus

2203 953 2292 998 νες
2322 934 2447 1006 μετ*
2467 942 2692 1008 ἐπῳδῶν
2714 944 2960 1010 ἐγίνοντο
2986 944 3134 997 ἁλῶν
3165 962 3248 1011 τε,
3285 947 3377 999 καὶ
3410 947 3620 1019 δάφνης,
3646 968 3738 1019 κρι-

510 1029 758 1085 Primum
791 1028 1013 1101 quidem
1050 1043 1161 1100 prae
1194 1044 1255 1084 se
1288 1028 1520 1100 ﬁguram
1555 1029 1958 1098 puriﬁcationis
1986 1044 2072 1085 me

2203 1028 2303 1100 θῆς
2347 1047 2407 1084 τε
2453 1036 2547 1086 καί
2577 1034 2861 1105 θαλάσσης
2880 1075 2896 1101 ,
2927 1037 3026 1091 καὶ
3068 1037 3305 1106 παρόδου
3335 1037 3421 1091 διὰ
3450 1040 3742 1111 πυρός.Ἕνρ“

512 1124 665 1179 lioris
713 1123 879 1179 ferre.
927 1122 1157 1193 Insuper
1206 1137 1337 1176 vero
1387 1138 1418 1178 a
1467 1121 1806 1178 Graecanieis
1857 1120 2074 1177 diﬁ'erre

2205 1115 2280 1175 ὧν
2330 1126 2536 1195 κυρίως
2587 1128 2669 1194 τὸ,
2699 1127 3048 1198 gemellas“.
3082 1129 3196 1198 Τῆς
3218 1130 3324 1201 γὰρ
3356 1129 3746 1205 εἰδωλολατρείας

510 1218 656 1288 quod
694 1232 773 1273 ea:
805 1231 934 1271 cum
971 1214 1472 1278 incantationibus,
1501 1214 1741 1278 salibus,
1776 1215 1951 1280 lauro,
1978 1215 2106 1268 hor-
2201 1213 2263 1267 τὸ
2293 1214 2519 1285 χρῆμα.

510 1309 637 1375 deo,
669 1308 809 1366 mari
841 1315 896 1363 et
924 1306 1250 1363 transitione
1290 1305 1473 1379 442
1514 1320 1610 1377 per
1643 1305 1824 1375 ignem
1859 1305 1980 1361 ﬁeri
2038 1303 2309 1361 solebant.
2381 1306 2457 1364 De
2527 1310 2731 1379 quibus
2782 1326 3004 1384 proprie
3083 1310 3371 1385 φοιϐήσετε
3417 1313 3620 1370 dicitur.
3670 1320 3748 1373 lea

509 1402 659 1458 enim
696 1401 1026 1457 idololatriae
1055 1399 1216 1470 plena
1244 1409 1349 1456 est.

582 1581 851 1649 Quoniam
880 1597 983 1636 non
1014 1589 1093 1636 est
1125 1579 1179 1634 in
1209 1587 1257 1633 te
1290 1594 1514 1649 pauper.
1552 1576 1693 1651 lxv,
1717 1577 1798 1648 4.]
1841 1578 1955 1634 lloc
1987 1583 2151 1635 etiam
2185 1579 2362 1637 Lucas
2394 1580 2448 1635 in
2480 1580 2634 1636 Actis
2660 1580 2865 1635 habet:
2899 1598 2921 1632 σ
2952 1579 3015 1634 Et
3047 1578 3224 1650 gratia
3262 1586 3381 1632 erat
3409 1592 3564 1647 super
3591 1592 3747 1634 omnes

509 1687 646 1738 eos;
686 1686 863 1740 neque
895 1669 1042 1725 enim
1080 1684 1287 1740 pauper
1318 1668 1620 1738 quisquam
1653 1678 1775 1724 crat
1810 1669 1954 1723 inter
1982 1669 2158 1735 eos",
2191 1688 2211 1719 ι
2251 1669 2319 1723 de
2344 1669 2429 1725 his
2458 1668 2552 1740 qui
2583 1669 2934 1723 crediderant
2975 1667 3227 1736 loquens.
3261 1664 3510 1733 Praecipit
3541 1680 3655 1718 vero
3685 1671 3747 1719 tu

511 1775 542 1813 a
574 1758 861 1830 peregrino
897 1756 1118 1829 exigere
1148 1771 1244 1810 seu
1274 1756 1550 1825 appellare
1584 1754 1800 1822 debita,
1835 1764 1891 1809 at
1939 1755 2157 1812 civibus
2189 1757 2423 1826 benigne
2457 1756 2843 1813 remissionem
2877 1755 3065 1826 largiri
3098 1769 3243 1808 anno
3275 1753 3504 1823 septimo
3526 1796 3539 1818 ,
3566 1755 3645 1822 qui
3681 1771 3747 1807 re-

508 1848 800 1902 volutione
850 1861 948 1901 sua
998 1843 1263 1900 instantis
1314 1843 1501 1899 saeculi
1555 1844 2090 1898 consummationem
2120 1845 2416 1915 significat.
2448 1844 2549 1900 Cui
2587 1847 2764 1901 vicina
2801 1846 2979 1899 octavi
3013 1844 3122 1898 diei
3151 1841 3487 1898 resurrectio
3511 1852 3586 1895 est
3613 1883 3625 1902 .
3667 1858 3748 1911 qua

511 1936 769 1990 Christus
824 1935 1149 1989 incarnatus
1200 1931 1527 1987 domesticis
1578 1931 1800 2000 quidem
1854 1931 1971 1986 suis
2010 1930 2129 1985 ﬁdei
2162 1931 2345 1986 debita
2394 1934 2608 1989 remisit
2644 1951 2658 1988 :
2692 1933 2944 1989 inﬁdeles
2976 1947 3107 1987 vero
3143 1945 3267 1986 reos
3296 1932 3595 1985 constituit.
3628 1928 3751 1983 Unde

512 2039 649 2080 sane
684 2023 976 2092 discipulis
1003 2021 1123 2077 suis
1151 2020 1289 2075 dixit
1316 2037 1332 2075 :
1372 2037 1391 2071 t
1422 2017 1493 2073 Ut
1525 2019 1571 2073 si
1603 2019 1956 2090 perstiteritis
1989 2018 2043 2072 in
2077 2018 2244 2073 verbo
2276 2033 2433 2085 meo,
2468 2020 2762 2075 veritatem
2798 2019 3150 2091 cognoscatis
3173 2056 3189 2081 ,
3222 2025 3276 2073 et
3305 2017 3503 2071 veritas
3531 2031 3619 2070 vos
3644 2015 3748 2069 Iibe-

509 2110 679 2167 ret".
712 2128 733 2162 ι
786 2110 995 2165 Alienis
1048 2123 1179 2163 vero
1230 2106 1418 2161 dixit:
1458 2124 1477 2157 ι
1512 2106 1568 2159 Si
1629 2121 1737 2160 non
1783 2105 2129 2161 credideritis
2172 2108 2320 2177 quod
2375 2123 2476 2177 ego
2516 2124 2662 2174 sum,
2699 2109 2753 2163 in
2807 2110 3049 2179 peccatis
3075 2105 3278 2161 vestris
3312 2104 3745 2159 occumbetis“.i

509 2199 787 2265 Quocirca
818 2196 1183 2268 pecuniarum
1213 2192 1561 2250 debitoribus
1593 2208 1695 2248 nos
1726 2204 2032 2264 comparat,
2057 2204 2113 2248 et
2136 2194 2190 2249 in
2220 2197 2539 2265 precatione
2568 2210 2669 2251 sua
2693 2196 3004 2252 debitorum
3037 2194 3425 2249 remissionem
3460 2199 3629 2260 petere
3652 2190 3749 2244 hor.

511 2296 680 2342 tatur.

584 2372 766 2445 Neque
795 2372 1143 2427 contristetur
1170 2385 1264 2423 cor
1289 2378 1442 2423 tuum
1470 2369 1517 2424 si
1549 2369 1597 2423 ei
1627 2366 1858 2422 dederis.
1899 2368 2019 2442 [7.]
2062 2369 2156 2427 Sic
2195 2386 2417 2441 quoque
2444 2371 2500 2427 in
2535 2371 2778 2428 secunda
2808 2372 2876 2428 ad
2911 2369 3236 2427 Corinthios
3262 2368 3586 2439 Apostolus:
3615 2387 3632 2420 ι
3657 2365 3747 2421 Non

509 2478 636 2517 cum
669 2460 957 2526 mtestitia,
985 2468 1080 2513 aut
1109 2464 1322 2520 coacto,
1353 2457 1583 2510 hilarem
1617 2456 1763 2511 enim
1794 2456 2040 2512 datorem
2074 2470 2223 2514 amat
2252 2460 2394 2517 Deus
2418 2461 2484 2515 ".
2517 2480 2537 2515 ι

583 2548 787 2603 Serviat
819 2546 917 2600 tibi
941 2560 1036 2601 sea:
1065 2545 1246 2598 annis.
1280 2541 1421 2616 [12.]
1460 2544 1601 2597 Ante
1626 2544 1936 2599 Servatoris
1963 2546 2257 2603 adventum
2287 2550 2392 2620 legi
2421 2550 2710 2606 servitutis
2754 2548 2925 2606 Israel
2958 2551 3232 2607 astrictus
3256 2593 3271 2611 .
3299 2560 3464 2623 atque
3494 2551 3592 2604 stib
3616 2546 3751 2601 disci-

511 2638 661 2708 plina
692 2643 832 2693 erat.
861 2633 1167 2691 Postremis
1198 2648 1330 2688 vero
1376 2632 1723 2701 temporibus
1748 2673 1762 2697 ,
1811 2647 1938 2687 cum
1982 2627 2382 2692 humanitatem
2421 2639 2753 2703 ascivisset,
2796 2639 3082 2694 servitutis
3114 2640 3351 2709 spiritus
3397 2649 3480 2695 est
3517 2639 3747 2697 sublatus.

510 2736 823 2797 sponteque
854 2734 912 2781 et
941 2724 1117 2796 gratis
1148 2724 1203 2777 in
1234 2722 1377 2778 ﬁlios
1409 2728 1541 2777 sunt
1585 2720 1852 2789 adoptati.
1893 2721 2013 2777 Non
2061 2724 2207 2778 enim
2250 2725 2384 2794 legis
2425 2742 2683 2797 operum,
2709 2727 2805 2783 sed
2844 2727 2971 2782 ﬁdei
3005 2727 3213 2782 viatico
3262 2735 3486 2798 accepto
3518 2726 3749 2780 victimam

511 2814 926 2869 immaculatam
978 2813 1047 2868 ab
1099 2810 1301 2866 ovibus
1353 2818 1698 2874 extractam,
1726 2822 1884 2863 orem
1908 2848 1923 2872 ,
1957 2810 2182 2879 inquam
2203 2851 2218 2877 ,
2252 2813 2320 2868 ad
2352 2814 2626 2870 lanienam
2663 2815 2838 2872 neatri
2870 2815 3048 2885 gratia
3097 2814 3415 2870 adductain.
3445 2813 3749 2868 Frumentum

513 2908 666 2969 item,
705 2918 771 2959 ac
800 2906 991 2959 vinum
1012 2941 1029 2967 ,
1066 2908 1316 2956 sanctam
1346 2900 1520 2970 ipsius
1555 2913 1780 2954 carnem
1813 2908 1868 2954 et
1903 2899 2225 2971 sanguinem
2249 2942 2262 2967 ,
2295 2902 2544 2972 adeoque
2579 2917 2678 2973 per
2711 2903 2829 2973 ipsa
2861 2903 3170 2958 libertatem
3206 2903 3447 2958 assecuti
3477 2915 3668 2956 sumus.

581 3012 739 3080 Quod
771 3012 819 3069 si
848 3026 982 3067 vero
1014 3011 1130 3082 lege
1159 3010 1434 3066 carnalem
1465 3008 1690 3064 fratrem
1719 3009 1961 3067 libertati
1992 3009 2096 3065 do-
2130 3020 2143 3074 ι

2271 3015 2333 3067 Εἰ
2367 3013 2426 3068 δὲ
2471 3014 2617 3069 κατὰ
2650 3014 2817 3085 νόμον
2859 3014 2952 3068 τὸν
3017 3014 3339 3084 σωματικὸν
3378 3013 3596 3083 ἀδελφὸν
3619 3029 3749 3083 aper

513 3119 650 3158 nare
678 3102 1045 3158 conveniebat
1066 3141 1080 3166 ,
1114 3109 1324 3171 quanto
1355 3098 1529 3170 magis
1564 3099 1912 3170 spiritualem
1945 3102 2072 3157 nobi

2211 3105 2350 3176 ἧκεν
2376 3103 2718 3176 ἐλευθεροῦν,
2755 3104 2905 3176 πόσῳ
2940 3122 3003 3175 γε
3035 3105 3129 3159 τὸν
3172 3106 3322 3161 κατὰ
3353 3104 3564 3175 πνεῦμα
3592 3103 3748 3175 patio:

510 3195 810 3250 convenit?
840 3194 919 3249 Ac
950 3208 1076 3248 cum
1119 3191 1435 3262 hujusmoili
1470 3198 1730 3260 tanquam
1761 3204 1886 3244 cum
1920 3190 2072 3246 liberi

2211 3200 2382 3270 ήμῖνς
2416 3198 2524 3251 Καὶ
2569 3198 2652 3252 δεῖ
2694 3200 2810 3262 τοῖς
2853 3198 3119 3262 τοιούτοις
3150 3198 3230 3263 ὡς
3262 3198 3568 3268 ἐλευθέροις
3612 3197 3748 3250 συνεῖ-

509 3287 833 3344 conversari
859 3293 1109 3363 oportet,
1150 3300 1217 3339 ae
1252 3283 1375 3338 illos
1408 3282 1656 3338 Dominis
1686 3282 1805 3338 suis
1841 3293 2071 3354 tanquar

2211 3307 2320 3355 ναι,
2348 3289 2637 3354 κάκείνους
2661 3289 2737 3355 ὡς
2764 3291 3075 3361 ἀγαπητοῖς
3111 3291 3325 3344 εὐνοεῖν
3349 3292 3460 3353 τοῖς
3489 3289 3745 3347 δεσπόταις.

500 3374 915 3434 amantissimis
946 3377 1151 3441 favere,
1189 3375 1343 3431 nullo
1378 3374 1665 3430 servitutis
1697 3373 1909 3445 pudore
1950 3380 2056 3430 duc

2215 3380 2290 3453 μὴ
2317 3381 2380 3434 τὸ
2407 3380 2594 3435 δοῦλον
2623 3382 3078 3453 αἰσχυνομένους,
3109 3381 3319 3453 ἀρετὴν
3343 3381 3398 3435 δὲ
3430 3380 3692 3442 διώκοντας
3708 3379 3749 3430 ἐν

513 3471 881 3538 virtutemque
927 3467 984 3522 in
1036 3466 1234 3538 primis
1260 3464 1608 3529 consectari,
1636 3464 2075 3534 quemadmodun

2207 3466 2361 3543 ᾧπερ
2384 3472 2575 3544 ἔτυχον
2607 3474 2874 3544 σχήματι.
2905 3473 3012 3537 Οὓς
3031 3475 3082 3528 οἱ
3106 3474 3339 3538 τελείως
3367 3472 3745 3543 ἐλευθεροῦνῑες,

512 3561 763 3616 fecerunt
791 3559 849 3626 .ii
888 3573 1029 3629 quos
1077 3557 1345 3614 absolutae
1391 3556 1631 3613 libertati
1663 3558 1913 3613 melioris
1957 3566 2074 3621 nota

2208 3564 2497 3635 ἀμεινους,
2528 3564 2669 3620 κατὰ
2702 3566 2763 3620 τὸ
2782 3604 2798 3628 ,
2836 3585 2856 3618 ι
2882 3566 3303 3632 Ἐξαποστελείς
3331 3568 3489 3620 αὐτὸν
3514 3564 3747 3633 ἐλεύθεροι

513 3649 764 3705 homines
794 3648 1178 3705 reddiderunt.
1216 3645 1383 3703 Juxta
1422 3645 1559 3702 illud
1587 3664 1601 3701 :
1628 3663 1648 3698 ι
1682 3645 1942 3703 Liberum
1971 3664 2075 3704 eun

2208 3656 2320 3710 ἀπὸ
2353 3657 2471 3724 σοῦ,
2507 3675 2527 3710 ι
2563 3658 2666 3712 οὐκ
2692 3658 2749 3712 ὲν
2774 3658 3069 3729 ὡρισμένῳ
3093 3660 3201 3712 τινὶ
3228 3660 3430 3730 χρόνῳ.
3458 3659 3649 3729 Χρόνου
3669 3656 3749 3722 γὰρ

510 3757 542 3797 a
578 3754 629 3797 te
652 3741 918 3807 dimittes,
949 3758 968 3793 ι
998 3755 1110 3795 non
1140 3738 1210 3797 ad
1242 3747 1458 3809 tempus
1482 3736 1812 3809 praeﬁnitum
1857 3740 2072 3811 aliquod

2209 3753 2457 3820 κρεῖττον
2476 3750 2539 3804 τὸ
2560 3751 2953 3820 πνευματικὸν.
2970 3753 3068 3806 καὶ
3083 3753 3170 3806 ἀεὶ
3191 3752 3408 3817 τούτοις
3430 3751 3622 3822 ἑῦδόμη
3644 3748 3749 3814 πάρ·

512 3833 743 3900 spiritus
772 3831 921 3887 enim
952 3829 1102 3884 omni
1135 3836 1381 3900 tempore
1428 3837 1515 3885 est
1566 3830 1842 3900 superior.
1875 3833 1954 3885 Ac
1986 3832 2070 3901 spi

1566 3830 1842 3900 superior.
1875 3833 1954 3885 Ac
1986 3832 2103 3901 spi-
2211 3856 2362 3894 εστιν
2390 3843 2425 3912 ἡ
2454 3841 2549 3896 τοῦ
2578 3842 2785 3914 κόσμου
2815 3844 3120 3899 συντέλεια.

513 3926 808 3980 ritualibus
833 3921 1053 3994 quidem
1087 3937 1265 3977 annus
1295 3923 1581 3992 septimus,
1617 3921 1806 3980 nmndi
1840 3937 2105 3978 consum-

511 4018 682 4071 matio
710 4029 927 4084 semper
956 4020 1158 4084 prmsto
1184 4018 1290 4069 est.

588 4133 657 4189 Et
687 4133 1200 4204 perforabiaattrem
1222 4130 1338 4201 ejus
1361 4132 1430 4186 ad
1453 4133 1649 4187 ostium
1674 4132 1730 4186 in
1761 4132 1975 4197 limine,
1997 4144 2045 4188 et
2072 4138 2174 4190 erit
2201 4137 2439 4207 famulus
2472 4150 2594 4195 tuas
2625 4143 2681 4195 in
2711 4144 3117 4211 sempiternum,
3147 4152 3256 4198 etc.
3293 4141 3431 4216 [ιη
3471 4140 3747 4207 Quicunque

517 4233 644 4294 post
677 4228 1033 4292 peccatorum
1067 4220 1452 4276 remissionem
1480 4220 1547 4276 ad
1579 4220 1854 4275 libertatis
1888 4222 2211 4291 dignitatem
2246 4230 2532 4296 pervenire
2573 4245 2679 4285 non
2703 4240 3003 4301 potuerunt
3023 4271 3038 4295 ,
3077 4245 3254 4300 neque
3280 4232 3500 4285 sincero
3527 4241 3640 4295 erga
3666 4221 3746 4274 Do-

516 4313 724 4366 niinmn
753 4309 953 4365 allecto
991 4321 1184 4363 aurem
1208 4308 1701 4373 circumciderunt,
1732 4308 2093 4364 nihilominus
2124 4324 2251 4367 vero
2287 4315 2341 4368 iu
2375 4315 2621 4373 inferiori
2649 4318 2968 4374 conditione
3006 4317 3112 4374 sub
3147 4319 3271 4387 ipso
3303 4319 3371 4372 ad
3406 4316 3598 4372 ostium
3623 4316 3670 4365 in
3699 4309 3747 4361 Ii-

516 4400 668 4455 mine
696 4413 822 4455 esse
849 4398 1045 4454 volunt
1070 4435 1085 4461 ,
1119 4411 1400 4467 nunquam
1429 4395 1577 4451 enim
1612 4411 1680 4452 ex
1713 4397 1972 4466 praesenti
2005 4398 2271 4455 servitute
2293 4404 2476 4471 egredi
2507 4413 2974 4475 praesumpserunt
2996 4445 3011 4469 ,
3046 4419 3238 4458 aurem
3272 4407 3469 4459 subula
3499 4400 3742 4471 perforan-

513 4498 629 4544 tur.
669 4488 792 4556 Quo
822 4488 1096 4543 foramine
1123 4486 1308 4541 edocti
1338 4485 1478 4541 bene
1507 4485 1720 4540 servire
1751 4492 2048 4554 poterunt,
2093 4487 2269 4543 donec
2311 4491 2596 4547 servitutis
2625 4496 2808 4561 spatio
2838 4501 3037 4547 exacto
3056 4532 3073 4558 ς
3106 4492 3249 4546 inter
3295 4489 3648 4546 mercenaries
3669 4484 3743 4537 de-

516 4576 710 4648 scripti
735 4617 752 4642 ,
782 4577 851 4633 ad
883 4576 1122 4632 ﬁliorum
1153 4573 1480 4647 dignitatem
1508 4572 1723 4643 seipsos
1755 4573 2064 4629 intrudant.
2102 4577 2358 4635 Christus
2391 4581 2534 4636 enim
2581 4584 2755 4652 prima
2790 4582 2964 4651 ﬁgura
3000 4581 3202 4636 liberos
3240 4579 3405 4635 efﬁcit
3427 4621 3442 4644 ,
3495 4579 3671 4631 fratres
3703 4576 3745 4624 et

516 4668 725 4722 amicos
755 4665 1052 4721 vocitando
1087 4683 1100 4720 :
1137 4683 1156 4717 ι
1192 4664 1400 4720 Servus
1429 4661 1576 4719 enim
1613 4662 1812 4726 nescit,
1848 4663 2064 4732 inquit,
2102 4663 2437 4721 voluntatem
2473 4665 2687 4722 Domini
2721 4667 2884 4722 sui".
2921 4686 2940 4719 ι
2976 4666 3081 4733 Qui
3126 4681 3255 4720 vero
3285 4666 3494 4720 servire
3523 4661 3660 4730 cupit
3684 4657 3745 4710 in-

516 4755 765 4813 stituitur
796 4761 858 4808 ut
887 4753 1074 4808 dicere
1100 4752 1312 4824 possit:
1346 4770 1365 4803 ι
1398 4749 1700 4821 Disciplina
1730 4750 1948 4805 Domini
1981 4765 2147 4813 aures
2177 4767 2329 4808 meas
2352 4754 2606 4823 aperit".
2643 4772 2661 4805 ι
2699 4752 2957 4810 Fortasse
2989 4770 3116 4809 vero
3141 4754 3308 4809 etiam
3342 4753 3491 4809 velut
3518 4750 3603 4820 qui
3631 4758 3743 4816 pra:-

515 4849 701 4898 sentes
729 4855 820 4894 res
853 4839 980 4894 boni
1012 4838 1358 4893 consuluerit
1383 4877 1400 4905 ,
1447 4839 1595 4893 auris
1622 4835 1941 4909 perforatur
1966 4879 1982 4904 ,
2031 4854 2100 4901 ne
2132 4839 2179 4893 si
2219 4841 2458 4895 naturali
2490 4847 2705 4895 tantum
2747 4840 3020 4896 foramine
3046 4856 3236 4896 vocem
3273 4841 3426 4895 audit
3452 4879 3467 4903 ,
3517 4830 3744 4891 libertatis

514 4931 826 4986 orationem
854 4927 1101 4998 excipiat
1129 4925 1450 4995 aliquando,
1482 4940 1608 4982 cum
1639 4927 1840 4997 dignus
1873 4941 1979 4982 non
2009 4928 2080 4983 sit
2104 4925 2406 4997 perfectam
2437 4928 2796 4997 auditionem,
2830 4944 2937 4998 qua
2976 4944 3267 4985 sermones
3299 4941 3530 4983 arcanos
3558 4920 3743 4977 haurire

521 5019 729 5091 possit,
758 5015 1073 5088 acquirere.
1110 5013 1325 5068 [ndicat
1356 5012 1504 5068 enim
1536 5012 1853 5082 bujusmodi
1890 5015 2173 5070 hominum
2202 5016 2430 5073 auribus
2469 5032 2756 5073 sermones
2788 5017 3141 5072 sublimiores
3174 5016 3455 5086 impertire
3483 5027 3584 5067 non
3610 5018 3742 5077 opor-

520 5122 653 5163 tere.
683 5106 852 5161 Lacte
884 5103 1028 5161 enim
1052 5116 1149 5158 eos
1177 5109 1390 5172 potare,
1416 5115 1524 5155 non
1551 5101 1777 5167 eduliis,
1802 5111 2047 5173 oportet,
2078 5104 2237 5172 juxta
2264 5103 2435 5158 illud:
2464 5122 2481 5155 ι
2505 5101 2583 5157 Ne
2612 5103 2922 5174 projieiatis
2950 5105 3280 5173 margaritas
3311 5110 3438 5156 ante
3464 5092 3736 5171 porcos‘U

516 5196 690 5247 νυνι-ο
721 5193 1119 5264 sempiternum
1157 5188 1431 5259 cujusque
1462 5187 1705 5245 hominis
1735 5190 1898 5243 vitam
1929 5207 2061 5244 nunt
2082 5201 2233 5259 upat.
2265 5189 2437 5257 Quale
2468 5190 2597 5247 illud
2627 5190 2769 5262 apud
2804 5190 3033 5245 Paulum
3066 5199 3185 5256 est,
3227 5211 3246 5244 ι
3282 5189 3398 5244 Non
3440 5184 3739 5244 comedere!“

518 5299 713 5336 carnes
744 5283 802 5336 in
832 5289 1121 5336 aeternum.
1151 5295 1170 5329 ι
1211 5274 1374 5331 Forte
1407 5289 1538 5331 vero
1570 5287 1786 5347 tempus
1816 5277 1947 5331 illud
1982 5278 2161 5332 innuit
2190 5295 2298 5350 quo
2320 5280 2387 5335 de
2418 5281 2684 5336 servitute
2717 5282 3076 5345 conveniunt,
3098 5294 3223 5334 cum
3257 5279 3399 5332 alius
3430 5284 3670 5331 :eternum
3697 5271 3738 5319 ει

519 5372 684 5422 vitam
713 5373 968 5439 supputet
999 5377 1215 5435 tempus
1249 5365 1381 5419 illud
1414 5378 1524 5434 quo
1549 5378 1580 5418 e
1612 5366 1879 5419 servitute
1911 5365 1978 5418 ad
2009 5380 2232 5436 Operam
2269 5362 2945 5432 mercenariam‘transiit,
2975 5375 3028 5422 et
3060 5366 3186 5428 inde
3217 5363 3285 5420 ad
3317 5364 3514 5418 ﬁliatus
3536 5356 3734 5429 dignita-

514 5462 647 5513 lem.

590 5545 713 5602 Aen
762 5547 949 5613 poterit
1000 5547 1277 5602 immolare
1321 5545 1521 5614 pascha
1575 5546 1631 5600 in
1681 5545 1794 5599 ulla
1824 5546 2152 5617 civitatum(

2172 5598 2174 5617 ι
2278 5550 2360 5602 Οὐ
2387 5546 2627 5618 δυνήσῃ
2677 5547 2861 5603 θῦσαι
2894 5549 2961 5603 τὸ
3005 5548 3217 5619 πάσχα
3258 5549 3328 5602 ἐν
3371 5535 3603 5612 οὐδεμιᾷ
3644 5528 3734 5587 τῶν

588 5724 627 5797 ξ
652 5722 756 5777 lsa.
789 5720 1069 5797 πίλῳ-25.
1122 5723 1350 5797 ⁸Ψλὶοι.
1392 5736 1464 5781 tv,
1497 5721 1587 5797 54.
1675 5723 1713 5753 “
1757 5720 1919 5778 Joan.
1946 5739 2064 5788 rm,
2100 5724 2150 5778 σε

2163 5728 2188 5776 ε.
2268 5726 2309 5757 ιε
2350 5726 2608 5781 imitat.
2683 5726 2724 5758 η
2764 5726 2805 5780 ιι
2844 5728 2971 5785 Cor.
3021 5749 3096 5797 ix,
3149 5731 3199 5785 7.
3281 5708 3725 5788 ⁸⁸1οδη.“ν¹⁵’

518 5791 563 5826 ³³
598 5795 743 5851 l‘sal.
786 5809 918 5852 xui,
949 5793 1037 5847 '56.
1121 5793 1162 5823 "
1202 5793 1393 5845 Matth.
1428 5809 1523 5855 γη,
1561 5796 1594 5847 b
