3956 6394
225 455 339 519 913

1153 464 1695 528 COMMENTARII
1729 465 1811 526 IN
1856 465 2553 527 DEUTERONOMIUM.

3396 456 3507 523 εδει

223 566 466 621 πόλεών
497 583 633 624 σου.
677 564 771 634 Εἷς
797 571 905 642 γὰρ
937 572 1122 636 τόπος,
1157 575 1252 626 καὶ
1289 573 1388 644 μία
1417 575 1594 639 πόλις,
1637 578 1670 646 ἡ
1720 594 1823 629 κα-

1930 585 2165 638 tuarum,
2189 582 2295 630 etc.
2322 572 2490 647 (XVI,
2508 572 2592 645 5.]
2620 569 2829 628 Unicus
2854 568 2999 625 enim
3018 567 3175 623 locus
3195 576 3279 622 est
3304 572 3357 620 et
3378 569 3509 620 urbs

229 663 425 733 θολικὴ
467 664 785 735 Ἐκκλησία,
820 669 852 736 ἡ
887 668 983 721 καὶ
1012 669 1277 738 νομίμους
1308 671 1508 741 ἔχουσα
1540 674 1672 734 τοὺς
1717 674 1827 743 ἱερ-

220 756 490 823 ουργοὺς,
526 757 641 810 ἀλλ’
689 758 784 825 οὐχ
854 761 1067 823 ἑαυτοῖς
1111 762 1466 831 ἁρπάζοντας
1513 764 1611 833 τὴν
1657 765 1826 833 τιμὴν

223 849 373 900 κατὰ
411 850 536 912 τοὺς
567 851 1012 915 ἀποπατοῦντας
1043 854 1142 922 τῆς
1174 854 1522 926 Ἐκκλησίαᾳ
1549 856 1723 928 Οἵπερ
1749 856 1824 921 ὡς

219 939 424 1008 ταῦροί
458 958 599 1003 τινες
630 941 886 1012 ὑϐρισταὶ
928 945 1064 1013 πρὸς
1100 946 1160 997 τὸ
1192 947 1348 1015 σφίσι
1377 946 1572 1000 δοκοῦν
1614 948 1811 1002 ἵενται.

219 1029 382 1100 Αὕτη
413 1032 591 1084 τοίνυν
625 1035 658 1103 ἡ
692 1034 849 1097 πόλις
887 1036 1170 1105 ἐπιτηδεία
1216 1038 1351 1108 μόνη
1394 1039 1532 1110 πρὸς
1584 1039 1687 1109 τὴν
1723 1038 1820 1093 τοῦ

219 1123 417 1192 πάσχα
452 1123 661 1177 θυσίαν.
697 1126 762 1178 Αἱ
793 1126 900 1197 γὰρ
946 1127 1054 1179 τῶν
1085 1129 1352 1199 αἱρέσεων
1397 1131 1632 1203 μάνδραι
1675 1136 1818 1189 κατὰ

218 1214 391 1283 νόμον
421 1214 741 1286 ἀπόϐλητοι.

312 1394 404 1447 Ἐν
444 1408 545 1464 μεν
571 1392 665 1450 οὖν
702 1398 966 1469 Αἰγύπτῳ
1011 1399 1163 1454 Θὺειν
1210 1403 1397 1466 αὐτοῖς
1446 1403 1607 1472 μόνον
1639 1421 1815 1475 προσ-

221 1487 489 1540 τέτακται
544 1487 636 1541 τὸν
666 1490 840 1559 ἀμνόν
866 1506 879 1519 ·
918 1494 975 1545 ὲν
1031 1492 1312 1564 Ἀριθμοίς
1347 1495 1403 1548 δὲ.
1452 1497 1548 1549 καὶ
1580 1496 1816 1551 ἐνταῦθα

220 1578 540 1647 προσέθηκε
578 1578 710 1648 βόας
740 1582 838 1635 καὶ
868 1583 1141 1653 πρόϐατα.

297 1667 395 1731 Τὸ,
437 1688 456 1718 ι
487 1669 745 1740 Ἐψήσεις
773 1674 867 1725 καὶ
893 1674 1178 1742 ὀπτήσεις,
1207 1693 1226 1726 ι
1265 1677 1327 1729 οὐ
1359 1678 1497 1748 πρὸς
1522 1678 1612 1730 τὸν
1644 1678 1818 1749 ἀμνὸν

1926 668 2110 731 unica,
2136 666 2487 729 universalis,
2517 666 2761 734 inquam,
2791 662 3057 726 Ecclesia,
3081 675 3203 731 qua:
3237 659 3509 729 legitimos

1923 774 2145 828 quoque
2174 759 2457 814 sacriﬁcos
2490 756 2650 830 M3
2694 756 2877 811 habet.
2914 753 3019 820 Qui
3061 767 3200 808 sane
3247 752 3510 806 honorem

1924 865 2035 904 non
2053 850 2157 905 sibi
2182 864 2238 903 ra
2248 847 2796 919 piunt,quemadmod
2808 861 2894 900 um
2921 846 3185 901 Ecclesia:
3197 843 3511 898 desertores

1925 936 2106 993 facere
2149 939 2350 1002 solent,
2382 939 2478 1008 qui
2512 947 2791 991 taurorum
2828 934 3192 1006 quorumdam
3221 940 3509 987 contmna-

1900 1034 2072 1088 .cinm
2106 1034 2283 1087 instar
2315 1032 2433 1087 suis
2463 1032 2716 1087 feruntur
2742 1031 2978 1098 placitis.
3017 1028 3143 1083 Haec
3169 1029 3338 1098 igitur
3368 1024 3510 1080 civi-

1927 1131 2012 1177 tas
2060 1124 2178 1178 sola
2228 1124 2294 1178 ad
2348 1124 2627 1193 pasehatis
2672 1122 3102 1177 immolationem
3150 1128 3234 1177 est
3287 1120 3505 1174 idonea.

1927 1214 2327 1270 [hereticorum
2359 1215 2504 1269 enim
2536 1213 2813 1285 spelunca:
2834 1214 2991 1283 juxta
3016 1214 3188 1284 legem
3222 1210 3510 1283 repudiau-

1926 1314 2038 1361 tur.

1996 1396 2051 1451 In
2089 1397 2330 1469 Egypto
2358 1400 2541 1468 itaque
2571 1397 2747 1453 solum
2790 1412 2989 1467 agnum
3037 1404 3280 1451 mactare
3316 1397 3396 1452 eis
3422 1401 3509 1451 est

1924 1500 2283 1561 praeceptmn.
2319 1491 2373 1545 In
2421 1492 2675 1548 Numeris
2709 1507 2841 1548 vero
2876 1499 3041 1562 atque
3094 1491 3185 1545 hic
3230 1489 3395 1544 boves
3453 1494 3510 1543 et

1923 1599 2057 1638 oves
2088 1585 2361 1654 apposuit.

1992 1676 2263 1730 Caeterum
2334 1675 2525 1747 illud;
2560 1675 2776 1746 Coques
2826 1685 2881 1730 et
2932 1674 3217 1740 assabis,»
3277 1691 3385 1732 non
3440 1680 3509 1735 ad

216 1760 549 1815 ἀποδέδοται
571 1779 586 1794 ·
624 1764 766 1817 όπτά
800 1767 911 1836 γὰρ
954 1767 1116 1836 μόνον
1150 1768 1252 1839 ἔφη
1292 1770 1401 1822 δεῖν
1434 1771 1636 1823 ἐσθίειν
1671 1773 1817 1825 ἐκεί·
1849 1834 1851 1839 φ

1929 1783 2121 1836 agnum
2169 1775 2253 1822 est
2306 1767 2561 1832 relatmn,
2610 1782 2768 1824 assas
2827 1767 2973 1820 etiim
3008 1776 3219 1821 tantum
3271 1768 3339 1822 ab
3399 1770 3511 1825 illis

219 1864 351 1914 νους
374 1852 442 1905 τὰ
473 1854 608 1922 κρέα
628 1871 640 1882 ’
670 1855 805 1926 πρὸς
833 1857 890 1910 δὲ
926 1858 995 1911 τὰ
1026 1858 1191 1912 λοιπά
1225 1859 1293 1912 τὰ
1327 1860 1464 1930 μετά
1499 1863 1590 1914 τὸν
1622 1862 1814 1932 ἀμνὸν,

216 1946 321 1997 καὶ
362 1947 461 2009 τὰς
498 1948 832 2012 ὑπολοὶπους
886 1951 1083 2015 θυσίας
1120 1953 1219 2016 τὰς
1274 1954 1579 2023 τηνικαῦτα
1646 1972 1812 2026 προσι

215 2038 523 2107 αγομένας,
542 2042 624 2104 εἰς
654 2040 827 2112 ἰδικὴν
855 2040 1062 2112 βρῶσιν
1097 2043 1354 2113 θυόμενα.

297 2213 454 2267 Οὐδὲ
479 2214 923 2284 ἐπιγνώσονται
954 2219 1304 2284 πρόσωπον.
1341 2220 1446 2273 Τὸν
1481 2222 1588 2291 γὰρ
1618 2223 1819 2295 κριτὴν

216 2306 497 2377 προσήκει
520 2307 691 2360 τύπον
717 2308 913 2372 σώζειν
937 2310 1198 2381 Χριστοῦ.

291 2394 402 2448 Καὶ
462 2396 988 2464 λιθοϐολήσουσιν
1047 2403 1291 2469 αὐτούς.
1352 2403 1633 2468 Ἀσεόείας
1699 2404 1808 2479 γὰρ

216 2487 621 2557 προκειμένης,
678 2491 773 2544 καὶ
810 2490 878 2543 δι’
920 2492 1180 2558 εὐσεϐοῦς
1224 2493 1594 2567 σκληρότητος
1644 2496 1809 2568 θερα-

215 2579 480 2635 πευέσθω
504 2582 659 2646 Θεὸς.
1150 2600 1153 2601 ⁷

1925 1873 2123 1912 carnes
2157 1857 2524 1912 comedendas
2554 1873 2677 1913 esse
2724 1857 2927 1925 inquit,
2961 1874 3153 1912 verum
3209 1860 3274 1912 ad
3310 1870 3507 1915 caitera

1923 1963 2047 2017 quae
2093 1964 2216 2001 eum
2256 1962 2396 2016 agno
2443 1954 2498 2001 et
2535 1948 2764 2018 reliquis
2803 1948 3046 2003 victimis
3087 1957 3202 2002 tum
3247 1951 3512 2019 temporis

1926 2041 2106 2093 oblata
2172 2038 2623 2104 immolabantur,
2668 2039 2938 2107 epuloque
2987 2038 3204 2108 privato
3259 2039 3507 2094 destina-

1925 2133 2143 2187 bantur.

1995 2220 2179 2292 Neque
2219 2229 2504 2291 agnoscent
2553 2219 2766 2293 faciem.
2800 2219 3048 2275 Iudicem
3098 2219 3245 2275 enim
3300 2219 3505 2276 Christi

1920 2316 2234 2385 exemplum
2265 2315 2563 2368 observare
2598 2314 2879 2367 convenit.

1990 2405 2060 2460 Et
2115 2405 2384 2476 lapidibus
2418 2405 2643 2459 obruent
2686 2420 2796 2459 eos.
2847 2402 3059 2475 [XVI],
3090 2402 3183 2477 5.]
3231 2405 3502 2475 Impietati

1918 2502 2065 2556 enim
2112 2499 2418 2562 destinatae,
2450 2513 2514 2552 ac
2560 2512 2685 2569 quae
2736 2512 2835 2568 per
2879 2513 2997 2554 eam
3052 2496 3134 2562 ﬁt,
3187 2498 3506 2566 pertinacia:

1922 2594 2067 2649 Deus
2095 2592 2399 2648 medeatur.

291 2693 452 2759 Quod
482 2697 655 2761 enim,
687 2698 886 2767 inquit,
919 2710 1105 2769 patres
1134 2702 1302 2757 vestri
1333 2701 1525 2758 vitium
1553 2704 1609 2757 in
1634 2720 1723 2761 me
1750 2705 2260 2776 deprehenderunt,
2297 2712 2356 2759 ut
2390 2712 2503 2759 tam
2534 2705 2696 2775 longe
2729 2720 2760 2759 a
2794 2719 2881 2760 me
2901 2705 3254 2781 recederent,
3287 2714 3342 2760 et
3371 2705 3504 2762 deos

221 2798 401 2847 vanos
433 2792 783 2840 sectarentur
806 2787 889 2841 ﬂ?
912 2785 979 2840 Et
1014 2788 1212 2842 iterum
1239 2808 1253 2846 :
1280 2807 1303 2845 ι
1336 2788 1873 2861 Caelum-propterea
1892 2796 2205 2866 obstupuit,
2238 2804 2293 2850 et
2323 2809 2489 2864 supra
2531 2794 2756 2848 modum
2785 2794 2945 2850 valde
2978 2795 3292 2859 exhorruit,
3325 2796 3505 2863 inquit

226 2873 516 2928 Dominus.
550 2873 823 2941 Quoniam
856 2876 969 2932 duo
1008 2878 1221 2933 scelera
1254 2881 1494 2949 patravit
1532 2896 1691 2936 meus
1732 2883 2006 2952 populus;
2047 2883 2414 2939 deseruerunt
2450 2897 2536 2937 me
2577 2882 2781 2937 fontem
2817 2898 2974 2953 aqua:
3021 2885 3179 2949 vivae,
3214 2892 3265 2940 et
3298 2885 3506 2940 eﬂ‘ode-

220 2971 350 3013 runt
393 2960 494 3015 sibi
524 2962 658 3030 ipsis
686 2963 913 3021 lacunas
946 2965 1241 3034 contritas,
1269 2982 1392 3036 quae
1415 2982 1616 3036 aquam
1643 2970 1931 3025 continere
1970 2985 2079 3024 non
2114 2979 2377 3040 poterunt
2406 2970 2468 3025 ι’.
2501 2988 2520 3023 ι
2562 2969 2830 3041 Equidem
2867 2986 3004 3028 vero
3035 2973 3128 3041 qui
3159 2974 3335 3029 solem
3365 2974 3505 3028 ado-

222 3057 370 3111 rant,
429 3050 572 3104 hane
627 3061 939 3119 praatexunt
984 3068 1233 3120 causam,
1272 3054 1419 3125 quod
1470 3055 1698 3110 sensilia
1733 3058 1920 3112 omnia
1967 3066 2213 3128 superet,
2251 3067 2310 3113 ut
2343 3059 2438 3129 qui
2478 3059 2725 3114 omnium
2777 3060 2990 3128 primus
3029 3069 3222 3116 auctor
3247 3062 3501 3117 exsistat.

217 3130 474 3189 Nec-non
510 3138 656 3206 quod
693 3139 773 3191 sol
809 3149 1011 3195 cuncta
1057 3141 1340 3209 inspiciat,
1375 3152 1690 3213 cunctaque
1723 3145 2003 3201 exaudiat.
2045 3145 2198 3212 Quos
2230 3145 2473 3202 clamore
2504 3160 2604 3201 suo
2644 3144 2894 3200 adoritur
2927 3149 3068 3202 Deus
3098 3157 3153 3202 et
3195 3149 3447 3218 coarguit
3484 3168 3501 3204 τ

224 3239 244 3273 ι
277 3221 387 3293 Ego
416 3226 561 3278 enim
592 3242 736 3289 sum,
763 3229 964 3298 inquit,
1002 3230 1289 3297 Dominus,
1333 3247 1435 3286 nec
1463 3240 1550 3287 est
1581 3228 1722 3288 Deus
1782 3235 1927 3288 ultra
1966 3250 2073 3299 me,
2105 3235 2357 3305 nunquid
2397 3251 2483 3290 me
2557 3234 2840 3290 celabitur
2871 3233 2957 3287 '9?
2999 3255 3015 3288 ι
3053 3235 3196 3303 Quin
3237 3244 3294 3292 et
3333 3234 3504 3293 David

216 3309 421 3365 alicubi
455 3312 625 3367 dicit:
653 3312 783 3381 «Qui
827 3333 1015 3372 aurem
1050 3318 1331 3384 produxit,
1359 3334 1465 3374 non
1498 3321 1716 3376 audiret
1755 3321 1906 3390 ipse?
1935 3331 1988 3377 et
2020 3322 2113 3392 qui
2158 3321 2415 3376 formavit
2440 3322 2654 3387 oculos,
2676 3337 2782 3377 non
2814 3324 2993 3378 cernit
3021 3338 3119 3379 eos
3148 3323 3242 3392 qui
3274 3324 3502 3379 dicunt:

222 3405 342 3462 Non
380 3407 589 3464 videbit
626 3408 925 3476 Dominus,
965 3408 1417 3482 neque'advcrtet
1451 3411 1595 3466 Deus
1631 3404 1803 3467 Jacob
1828 3412 1920 3466 ὀἳ
1953 3431 1971 3464 ›
2011 3410 2219 3465 Contra
2256 3425 2389 3465 vero
2419 3410 2505 3465 his
2533 3398 2903 3479 louge'magis
2948 3409 3095 3464 bruti
3135 3418 3265 3465 sunt
3308 3426 3504 3468 omnes

214 3504 491 3566 quotquot
520 3512 689 3566 Opera
721 3514 982 3552 manuum
1010 3514 1237 3553 suarum
1272 3499 1528 3554 adorant.
1558 3497 1633 3553 De
1662 3500 1751 3554 his
1784 3514 1917 3554 sane
1948 3497 2331 3566 pronuntiavit
2396 3494 2541 3551 Deus
2577 3513 2591 3550 :
2638 3512 2656 3545 ι
2700 3494 3174 3560 Quemadmodum
3212 3494 3305 3553 fur
3328 3498 3372 3553 si
3402 3497 3501 3554 de-

214 3585 533 3655 prehensus
569 3587 758 3649 fuerit,
812 3585 1039 3656 pud’eﬁt.
1088 3587 1164 3641 ita
1217 3592 1426 3657 pudore
1475 3588 1865 3642 sulfundcntnr
1906 3585 2001 3639 lilii
2046 3584 2238 3640 Israel.
2285 3582 2460 3654 Ligno
2495 3583 2776 3646 dixerunt,
2825 3581 2986 3638 Pater
3035 3599 3193 3641 meus
3236 3601 3298 3640 es
3333 3593 3412 3651 tu,
3448 3595 3503 3643 et

217 3672 413 3742 lapidi,
448 3673 529 3727 Tu
562 3690 647 3729 me
679 3677 949 3745 genitisti,
976 3687 1030 3729 et
1060 3676 1423 3731 obvenerunt
1450 3675 1583 3729 mihi
1619 3684 1769 3746 terga
1790 3717 1807 3741 ,
1858 3688 1958 3728 nec
1991 3673 2188 3726 faciem
2223 3687 2403 3728 suam.
2447 3671 2504 3723 In
2540 3679 2785 3739 tempore
2814 3680 2997 3724 autem
3036 3686 3263 3725 suarum
3296 3689 3504 3727 terum-

216 3773 419 3813 natum
454 3759 638 3815 dicent
671 3780 682 3815 :
706 3763 880 3829 Surge
904 3772 955 3817 et
984 3777 1141 3816 serva
1171 3779 1273 3819 nos
1294 3764 1337 3795 "
1359 3783 1406 3826 ,ι
1434 3770 1541 3817 etc.
1574 3760 1739 3819 Tales
1768 3762 1935 3833 igitur
1965 3760 2241 3831 lapidibus
2265 3761 2501 3815 obruere
2525 3759 2606 3814 lex
2635 3759 2823 3828 jussit.
2845 3759 2956 3815 Nos
2990 3775 3119 3816 vero
3143 3761 3504 3819 solidioribus

218 3856 428 3902 nostra:
452 3848 575 3902 fidei
611 3851 967 3904 sermonibus
997 3867 1092 3905 eos
1126 3851 1505 3907 deﬂectemus.

308 3962 451 4017 Ἐὰν
485 3963 554 4018 δὲ
587 3965 946 4034 ἀδυνατήσῃ
984 3967 1104 4021 ἀπὸ
1146 3968 1263 4021 σοῦ
1294 3967 1459 4037 ῥῆμα
1489 3967 1559 4021 ἐν
1595 3968 1809 4036 κρίσει.
1842 3956 1851 3999 ⁴

1991 3963 2049 4016 δί
2078 3976 2244 4015 causa
2267 3958 2447 4028 aliqua
2476 3957 2705 4028 diﬁicilis
2736 3959 2788 4013 in
2808 3959 3019 4030 judicio
3044 3960 3230 4030 fuerit.
3250 3960 3355 4036 [8.]
3382 3962 3506 4018 [Luc

220 4053 412 4108 Ταῦτα
462 4058 574 4121 τοῖς
629 4057 769 4110 κατὰ
798 4059 953 4111 πόλιν
986 4061 1226 4127 κριταῖς.
1280 4059 1354 4113 Τὺ
1409 4059 1487 4122 δὲ,
1536 4061 1811 4131 ἀναμέσων

218 4148 460 4218 αἵματος
505 4143 670 4219 αἷμα,
707 4153 837 4220 περὶ
875 4152 1057 4222 μάχης
1097 4153 1394 4207 ἀκουστέον
1434 4152 1811 4226 προελθούσης

218 4243 304 4305 εἰς
365 4236 527 4310 αἷμα,
569 4243 601 4313 ἢ
637 4244 952 4313 τραύματος
991 4244 1085 4296 καὶ
1119 4244 1307 4311 φόνου,
1346 4246 1495 4314 παρὰ
1541 4247 1656 4308 τοῖς
1686 4261 1812 4317 κριο

216 4336 347 4394 ταῖς
366 4334 640 4403 διαφόρως
670 4336 1019 4406 κρινομένου.
1046 4335 1227 4405 Ὅπερ
1259 4336 1545 4406 σαφηνίζει
1573 4337 1656 4403 τὸ,
1683 4338 1814 4390 ἀνα-

220 4425 396 4497 μέσον
425 4427 658 4497 κρίσεως
704 4429 925 4497 κρίσις·
960 4429 1127 4496 ἤγουν
1177 4428 1342 4481 ἰδικόν
1386 4445 1440 4481 τι
1483 4427 1663 4494 λέξας,
1692 4424 1811 4481 εἶτα

213 4519 364 4588 ῒρδς
401 4520 462 4572 τὸ
498 4519 655 4589 γένος
702 4522 1068 4591 ἀναδραμὼν,
1120 4516 1278 4585 αὖθις
1326 4521 1640 4592 ἰδικώτερον
1693 4521 1811 4575 δια-

215 4610 500 4675 τάττεται,
535 4610 729 4671 εξπὼν,
783 4612 1057 4681 ἀναμέσον
1093 4613 1237 4681 ἁφῆς
1285 4613 1434 4685 ἁφή⁸
1475 4608 1588 4666 οἶόν
1634 4629 1719 4676 τις
1752 4615 1812 4666 ὲν

220 4701 376 4773 μάχῃ
411 4702 625 4772 πληγὴν
655 4703 871 4774 πρῶτος
922 4704 1220 4774 ἐπήνεγκε,
1250 4701 1346 4756 τοῦ
1396 4703 1627 4774 πλησίον
1663 4704 1808 4774 eod-

218 4810 412 4862 μενος.
442 4794 555 4847 Καὶ
588 4794 862 4864 ἀναμέσον
901 4795 1214 4861 ἀντιλογίας
1253 4794 1554 4863 ἀντιλογία.
1586 4791 1734 4859 Οἷον,
1759 4798 1809 4849 εἰ

211 4886 376 4957 μάχη
404 4885 616 4952 γένοιτο
660 4885 857 4957 λογικὴ
917 4887 996 4949 εἷς
1030 4886 1260 4957 ζήτησιν
1306 4886 1464 4956 τυχὸν
1512 4887 1808 4959 νομικὴνῆ

221 4976 325 5029 καὶ
357 4972 517 5045 ὖὸριν
548 4975 821 5030 τείνουσα.

309 5159 585 5227 Ἐλεὺσῃ,
616 5160 751 5229 φησὶ
774 5200 789 5224 ,
814 5161 965 5227 πρὸς
992 5160 1136 5226 τοὺς
1161 5161 1337 5228 ἱερεῖς
1364 5161 1504 5228 τοὺς
1534 5163 1807 5228 Λευΐτας,

216 5252 323 5306 καὶ
373 5251 483 5304 τὸν
536 5252 768 5319 κριτήν.
828 5251 1012 5306 Τόπον
1043 5254 1153 5323 γὰρ
1208 5249 1375 5323 εἶχεν,
1410 5255 1439 5308 ὁ
1485 5255 1584 5324 μὲν
1614 5255 1809 5327 κριτὴς

215 5340 593 5404 Μωῦσέως,οἱ
615 5340 671 5394 δὲ
699 5342 870 5421 ἱερεῖς
890 5345 938 5395 oi
962 5341 1185 5397 Λευῖται
1212 5345 1320 5399 τῶν
1337 5361 1364 5396 ο
1394 5344 1803 5418 πρεσϐυτέρων,

216 5434 306 5500 ἐφ’
338 5430 435 5493 οὓς
469 5433 538 5486 τά
570 5432 851 5503 βαρύτερα
882 5432 989 5487 τῶν
1020 5434 1307 5504 κριμάτων
1331 5435 1617 5502 ἀνέφερον.
1657 5437 1805 5506 Σύμ-

215 5539 403 5583 φωνον
425 5523 482 5573 δὲ
516 5522 595 5592 τῷ
620 5522 847 5593 παρόντι
872 5524 955 5586 τὸ,
994 5541 1015 5574 ι
1059 5523 1444 5596 Ἐπερώτησον
1472 5528 1562 5579 τὸν
1588 5528 1807 5598 πατέρα

219 5630 343 5675 σου,
380 5613 473 5663 καὶ
498 5612 795 5680 ἀναγγελεί
837 5630 939 5678 σοι,
975 5615 1102 5676 τοὺς
1126 5614 1537 5685 πρεσϐυτέρους
1566 5633 1683 5686 σου,
1713 5620 1809 5671 καὶ

215 5703 413 5773 ἐροῦσί
439 5720 540 5759 σοι.
572 5723 590 5755 ι

848 5832 890 5861 ’⁸
929 5832 1060 5885 Ibid.
1097 5830 1160 5885 1⁵3
1220 5833 1300 5887 13.

507 5900 553 5933 ³³
586 5900 742 5958 Deut.
795 5918 961 5965 xuii,
987 5902 1040 5956 7.

293 5831 333 5860 ’⁷
366 5828 567 5887 ιιιτρηι.
618 5846 678 5893 u,
711 5831 764 5885 5.

214 5904 311 5958 25.
335 5899 427 5953 i7.

1382 5833 1425 5864 ¹⁹
1463 5832 1563 5886 lsa.
1602 5848 1721 5895 λιν,
1763 5832 1865 5895 “2!;
1908 5831 2019 5887 der.
2062 5848 2228 5887 xxxii.
2258 5829 2351 5885 ‘27.
2422 5831 2465 5861 '°
2492 5827 2628 5885 Psal.
2682 5842 2829 5891 xcitt,
2866 5824 2919 5893 9,
2964 5826 3015 5882 7.

1914 4055 1980 4108 ad
2007 4053 2224 4124 judices
2267 4053 2318 4105 in
2362 4051 2498 4106 urbe
2531 4055 2826 4120 pertinent.
2868 4053 3138 4107 Caeterum
3179 4051 3335 4115 illud,
3363 4054 3504 4107 inter

1915 4148 2227 4217 sanguinem
2255 4154 2305 4200 et
2345 4145 2682 4215 sanguinem,
2707 4145 2775 4199 de
2810 4160 2989 4214 pugna
3019 4152 3101 4199 est
3120 4144 3500 4216 accipiendum

1914 4257 2020 4308 qua
2044 4247 2266 4294 ventmn
2285 4239 2460 4295 estad
2483 4239 2832 4308 sanguinem,
2853 4253 2949 4293 seu
2969 4239 3220 4303 vulnera,
3242 4255 3337 4294 seu
3355 4239 3504 4295 caede

1915 4350 1944 4386 a
1987 4330 2273 4402 judicibus
2310 4330 2499 4385 relicta
2536 4330 2590 4383 in
2623 4330 3026 4393 controversia,
3056 4330 3200 4399 quod
3232 4332 3504 4401 signiﬁcat

1916 4426 2059 4481 inter
2078 4423 2347 4493 judicium
2372 4431 2429 4478 et
2451 4422 2744 4492 judicium.
2773 4422 2952 4491 Atque
2981 4423 3033 4477 id
3060 4438 3183 4478 cum
3210 4405 3307 4493 per
3330 4432 3506 4492 genus

1915 4518 2149 4573 inferius
2182 4516 2545 4581 enuntiasset,
2571 4525 2627 4569 et
2660 4515 2725 4568 ad
2757 4529 3074 4582 supremum
3102 4528 3276 4584 genus
3310 4530 3502 4570 recur-

1915 4611 2101 4672 risset,
2123 4624 2221 4679 per
2250 4623 2423 4680 genus
2442 4606 2622 4661 adhuc
2648 4604 2881 4660 interius
2913 4604 2968 4659 id
2998 4604 3189 4669 edicit,
3213 4623 3276 4660 ac
3302 4606 3502 4675 inquit,

1913 4702 2051 4755 inter
2081 4700 2298 4769 plagam
2339 4709 2386 4751 et
2411 4697 2671 4767 plagam;
2703 4695 2851 4750 velut
2885 4694 2932 4750 si
2966 4695 3089 4765 quis
3121 4695 3176 4749 in
3211 4711 3390 4767 pugna
3421 4696 3504 4750 l’a-

1911 4793 2181 4847 iniliarem
2208 4804 2369 4846 suum
2405 4790 2779 4843 attrectaverit
2799 4829 2814 4851 ,
2852 4789 3143 4858 primoque
3173 4791 3384 4859 plagam
3413 4791 3497 4844 iu-

1912 4888 2174 4943 cusserit.
2216 4886 2347 4940 Item
2402 4885 2545 4939 inter
2587 4884 2740 4940 litem
2782 4891 2833 4937 et
2869 4885 3039 4948 litem,
3071 4885 3234 4939 veluti
3277 4885 3323 4939 si
3371 4886 3500 4941 rixa:

1915 4981 2046 5034 ﬁant
2081 4997 2203 5050 qua:
2253 4978 2305 5033 iu
2339 4978 2702 5049 qumslionem
2740 4976 2981 5049 aliquam
3026 4976 3165 5032 forte
3211 4977 3364 5048 legis,
3403 4990 3497 5033 aut

1913 5073 1981 5129 ad
2016 5071 2404 5127 contumeliam
2431 5069 2678 5123 tendant.

2000 5163 2206 5229 Veniat,
2243 5161 2447 5231 inquit,
2481 5160 2551 5215 ad
2574 5163 2876 5215 sacerdotes
2901 5158 3137 5223 Levilas,
3165 5171 3214 5212 et
3235 5159 3497 5230 judican.

1915 5253 2176 5308 Summus
2214 5252 2359 5308 enim
2385 5251 2552 5321 judex
2589 5250 2758 5307 Musis
2792 5251 3020 5319 ﬁgurant
3055 5253 3270 5319 gessit,
3314 5268 3500 5307 sacer-

1913 5348 2073 5403 dotes
2105 5362 2236 5401 vero
2285 5344 2488 5400 Levita:
2523 5344 2871 5415 septuaginta
2911 5344 3216 5411 seniorum,
3258 5346 3324 5400 ad
3359 5363 3499 5417 quos

1913 5455 2110 5493 causas
2136 5438 2471 5492 dilliciliores
2500 5436 2832 5491 referebant.
2860 5437 3177 5492 Consonuut
3206 5454 3336 5492 vero
3360 5454 3500 5510 prec.

1913 5533 2059 5587 senti
2110 5531 2233 5586 loco
2286 5529 2421 5584 illud
2475 5544 2695 5599 quoque
2730 5538 2854 5582 est:
2901 5529 3233 5599 «Interroga
3288 5540 3495 5599 patrem

1913 5632 2106 5687 tuum,
2177 5628 2230 5675 et
2297 5618 2648 5674 denuntiahit
2698 5619 2832 5686 tibi,
2897 5622 3149 5676 seniores
3222 5626 3388 5682 tuos.
3444 5632 3498 5675 et

1912 5716 2098 5769 dicent
2127 5712 2223 5767 tibi
2246 5712 2310 5765 ".
2349 5730 2368 5763 ι

3094 5827 3138 5857 ’⁸
3187 5822 3392 5879 Jcrem.
3437 5839 3497 5893 tt,
