  <div class='ocr_page' id='page_1' title='image "/cluster/home/n/w/nwhite01/storage/ocr_20150623/87:pt.1/coo.31924054869882/468.png"; bbox 0 0 3956 6400; ppageno 0'>
   <div class='ocr_carea' id='block_1_1' title="bbox 531 412 3749 503">
    <p class='ocr_par' dir='ltr' id='par_1_1' title="bbox 531 412 3749 503">
     <span class='ocr_line' id='line_1_1' title="bbox 531 412 3749 503; baseline 0.006 -22"><span class='ocrx_word' id='word_1_1' title='bbox 531 412 637 481; x_wconf 74' lang='grc'><strong>915</strong></span> <span class='ocrx_word' id='word_1_2' title='bbox 1876 433 2231 496; x_wconf 82' lang='lat' dir='ltr'><strong>PROCOPII</strong></span> <span class='ocrx_word' id='word_1_3' title='bbox 2269 434 2515 495; x_wconf 65' lang='lat' dir='ltr'><strong>GALEI</strong></span> <span class='ocrx_word' id='word_1_4' title='bbox 3668 437 3749 503; x_wconf 77' lang='lat'><strong>916</strong></span> 
     </span>
    </p>
   </div>
   <div class='ocr_carea' id='block_1_2' title="bbox 604 527 2166 621">
    <p class='ocr_par' dir='ltr' id='par_1_2' title="bbox 604 527 2166 621">
     <span class='ocr_line' id='line_1_2' title="bbox 604 527 2166 621; baseline 0.013 -33"><span class='ocrx_word' id='word_1_5' title='bbox 604 533 673 589; x_wconf 75' lang='lat' dir='ltr'><strong>Et</strong></span> <span class='ocrx_word' id='word_1_6' title='bbox 711 539 874 607; x_wconf 73' lang='lat' dir='ltr'><strong>juxta</strong></span> <span class='ocrx_word' id='word_1_7' title='bbox 918 544 1237 598; x_wconf 78' lang='lat' dir='ltr'><strong>sententiam</strong></span> <span class='ocrx_word' id='word_1_8' title='bbox 1277 527 1441 617; x_wconf 71' lang='lat' dir='ltr'><strong>quam</strong></span> <span class='ocrx_word' id='word_1_9' title='bbox 1485 547 1720 604; x_wconf 73' lang='lat' dir='ltr'><strong>dixerint</strong></span> <span class='ocrx_word' id='word_1_10' title='bbox 1768 551 1885 615; x_wconf 84' lang='lat' dir='ltr'><strong>tibi,</strong></span> <span class='ocrx_word' id='word_1_11' title='bbox 1931 552 2121 621; x_wconf 79' lang='lat' dir='ltr'><strong>facies.</strong></span> <span class='ocrx_word' id='word_1_12' title='bbox 2158 589 2166 615; x_wconf 62' lang='grc' dir='ltr'>ι</span> 
     </span>
    </p>
   </div>
   <div class='ocr_carea' id='block_1_3' title="bbox 2186 527 3748 621">
    <p class='ocr_par' dir='ltr' id='par_1_3' title="bbox 2186 546 3748 621">
     <span class='ocr_line' id='line_1_3' title="bbox 2186 546 3748 621; baseline 0 -16"><span class='ocrx_word' id='word_1_13' title='bbox 2186 572 2200 615; x_wconf 65' lang='grc' dir='ltr'>ι</span> <span class='ocrx_word' id='word_1_14' title='bbox 2305 551 2466 606; x_wconf 77' lang='grc' dir='ltr'><em>Κατὰ</em></span> <span class='ocrx_word' id='word_1_15' title='bbox 2498 549 2606 604; x_wconf 81' lang='grc' dir='ltr'><strong>τὸν</strong></span> <span class='ocrx_word' id='word_1_16' title='bbox 2633 549 2823 618; x_wconf 79' lang='grc' dir='ltr'>νόμον</span> <span class='ocrx_word' id='word_1_17' title='bbox 2858 548 2956 602; x_wconf 79' lang='grc' dir='ltr'><strong>καὶ</strong></span> <span class='ocrx_word' id='word_1_18' title='bbox 3006 548 3159 602; x_wconf 80' lang='grc' dir='ltr'><em>κατὰ</em></span> <span class='ocrx_word' id='word_1_19' title='bbox 3193 546 3305 617; x_wconf 82' lang='grc' dir='ltr'>τὴν</span> <span class='ocrx_word' id='word_1_20' title='bbox 3343 547 3533 617; x_wconf 75' lang='grc' dir='ltr'><strong>κρίσιν</strong></span> <span class='ocrx_word' id='word_1_21' title='bbox 3566 548 3635 621; x_wconf 75' lang='grc' dir='ltr'>ἦν</span> <span class='ocrx_word' id='word_1_22' title='bbox 3666 555 3748 610; x_wconf 72' lang='grc' dir='ltr'><strong>ἐὰν</strong></span> 
     </span>
    </p>
   </div>
   <div class='ocr_carea' id='block_1_4' title="bbox 530 625 2092 713">
    <p class='ocr_par' dir='ltr' id='par_1_4' title="bbox 530 625 2092 713">
     <span class='ocr_line' id='line_1_4' title="bbox 530 625 2092 713; baseline 0.01 -32"><span class='ocrx_word' id='word_1_23' title='bbox 530 625 672 701; x_wconf 75' lang='lat' dir='ltr'><strong>[IL]</strong></span> <span class='ocrx_word' id='word_1_24' title='bbox 736 629 931 685; x_wconf 84' lang='lat' dir='ltr'><strong>Omnis</strong></span> <span class='ocrx_word' id='word_1_25' title='bbox 978 634 1125 689; x_wconf 89' lang='lat' dir='ltr'><strong>enim</strong></span> <span class='ocrx_word' id='word_1_26' title='bbox 1164 636 1260 707; x_wconf 86' lang='lat' dir='ltr'><strong>qui</strong></span> <span class='ocrx_word' id='word_1_27' title='bbox 1316 636 1384 692; x_wconf 89' lang='lat' dir='ltr'><strong>ad</strong></span> <span class='ocrx_word' id='word_1_28' title='bbox 1439 638 1806 709; x_wconf 72' lang='lat' dir='ltr'><strong>iudicandum</strong></span> <span class='ocrx_word' id='word_1_29' title='bbox 1855 645 2092 713; x_wconf 88' lang='lat' dir='ltr'><strong>popttluu</strong></span> 
     </span>
    </p>
   </div>
   <div class='ocr_carea' id='block_1_5' title="bbox 2186 625 3748 713">
    <p class='ocr_par' dir='ltr' id='par_1_5' title="bbox 2228 638 3748 711">
     <span class='ocr_line' id='line_1_5' title="bbox 2228 638 3748 711; baseline 0.003 -15"><span class='ocrx_word' id='word_1_30' title='bbox 2228 642 2449 696; x_wconf 74' lang='grc' dir='ltr'><strong>εἴπωσι</strong></span> <span class='ocrx_word' id='word_1_31' title='bbox 2483 656 2585 695; x_wconf 84' lang='grc' dir='ltr'><strong>σοι</strong></span> <span class='ocrx_word' id='word_1_32' title='bbox 2639 639 2944 705; x_wconf 80' lang='grc' dir='ltr'><strong>ποιήσεις.</strong></span> <span class='ocrx_word' id='word_1_33' title='bbox 2984 640 3101 703; x_wconf 71' lang='grc' dir='ltr'><strong>Πᾶς</strong></span> <span class='ocrx_word' id='word_1_34' title='bbox 3146 638 3255 711; x_wconf 78' lang='grc' dir='ltr'><strong>γὰρ</strong></span> <span class='ocrx_word' id='word_1_35' title='bbox 3303 640 3501 711; x_wconf 74' lang='grc' dir='ltr'>κρίνειν</span> <span class='ocrx_word' id='word_1_36' title='bbox 3531 641 3611 694; x_wconf 74' lang='grc' dir='ltr'>τὸν</span> <span class='ocrx_word' id='word_1_37' title='bbox 3652 644 3748 699; x_wconf 75' lang='grc' dir='ltr'>λαὸν</span> 
     </span>
    </p>
   </div>
   <div class='ocr_carea' id='block_1_6' title="bbox 529 727 2091 806">
    <p class='ocr_par' dir='ltr' id='par_1_6' title="bbox 529 727 2086 805">
     <span class='ocr_line' id='line_1_6' title="bbox 529 727 2086 805; baseline 0.012 -32"><span class='ocrx_word' id='word_1_38' title='bbox 529 738 833 793; x_wconf 80' lang='lat' dir='ltr'><strong>aggressus</strong></span> <span class='ocrx_word' id='word_1_39' title='bbox 861 733 967 791; x_wconf 90' lang='lat' dir='ltr'><strong>est,</strong></span> <span class='ocrx_word' id='word_1_40' title='bbox 1002 727 1183 784; x_wconf 88' lang='lat' dir='ltr'><strong>locum</strong></span> <span class='ocrx_word' id='word_1_41' title='bbox 1231 734 1477 803; x_wconf 83' lang='lat' dir='ltr'><strong>supremi</strong></span> <span class='ocrx_word' id='word_1_42' title='bbox 1509 734 1842 804; x_wconf 89' lang='lat' dir='ltr'><strong>legislatoris</strong></span> <span class='ocrx_word' id='word_1_43' title='bbox 1875 751 1941 792; x_wconf 89' lang='lat' dir='ltr'><strong>ac</strong></span> <span class='ocrx_word' id='word_1_44' title='bbox 1968 736 2086 805; x_wconf 82' lang='lat' dir='ltr'><strong>judi</strong></span> 
     </span>
    </p>
   </div>
   <div class='ocr_carea' id='block_1_7' title="bbox 2187 727 3749 806">
    <p class='ocr_par' dir='ltr' id='par_1_7' title="bbox 2229 731 3749 806">
     <span class='ocr_line' id='line_1_7' title="bbox 2229 731 3749 806; baseline -0.003 -18"><span class='ocrx_word' id='word_1_45' title='bbox 2229 732 2737 806; x_wconf 72' lang='grc' dir='ltr'><strong>ἐγκεχειρισμένος,</strong></span> <span class='ocrx_word' id='word_1_46' title='bbox 2775 732 2932 797; x_wconf 80' lang='grc' dir='ltr'><strong>τάξιν</strong></span> <span class='ocrx_word' id='word_1_47' title='bbox 2971 732 3086 803; x_wconf 81' lang='grc' dir='ltr'>ἔχει</span> <span class='ocrx_word' id='word_1_48' title='bbox 3137 731 3232 785; x_wconf 82' lang='grc' dir='ltr'><strong>τοῦ</strong></span> <span class='ocrx_word' id='word_1_49' title='bbox 3267 732 3477 786; x_wconf 79' lang='grc' dir='ltr'>πάντων</span> <span class='ocrx_word' id='word_1_50' title='bbox 3509 735 3749 803; x_wconf 70' lang='grc' dir='ltr'><strong>νομοθέτου</strong></span> 
     </span>
    </p>
   </div>
   <div class='ocr_carea' id='block_1_8' title="bbox 530 815 2092 899">
    <p class='ocr_par' dir='ltr' id='par_1_8' title="bbox 530 815 2092 895">
     <span class='ocr_line' id='line_1_8' title="bbox 530 815 2092 895; baseline 0.008 -28"><span class='ocrx_word' id='word_1_51' title='bbox 530 815 614 869; x_wconf 81' lang='lat' dir='ltr'><strong>ris</strong></span> <span class='ocrx_word' id='word_1_52' title='bbox 675 817 909 882; x_wconf 85' lang='lat' dir='ltr'><strong>obtinet.</strong></span> <span class='ocrx_word' id='word_1_53' title='bbox 945 832 1287 895; x_wconf 76' lang='lat' dir='ltr'><strong>quapropter</strong></span> <span class='ocrx_word' id='word_1_54' title='bbox 1348 824 1741 884; x_wconf 80' lang='lat' dir='ltr'><strong>inobedicntite</strong></span> <span class='ocrx_word' id='word_1_55' title='bbox 1783 830 2092 885; x_wconf 86' lang='lat' dir='ltr'><strong>contumeli</strong></span> 
     </span>
    </p>
   </div>
   <div class='ocr_carea' id='block_1_9' title="bbox 2188 815 3750 899">
    <p class='ocr_par' dir='ltr' id='par_1_9' title="bbox 2229 823 3750 899">
     <span class='ocr_line' id='line_1_9' title="bbox 2229 823 3750 899; baseline 0 -18"><span class='ocrx_word' id='word_1_56' title='bbox 2229 845 2289 882; x_wconf 86' lang='grc' dir='ltr'>τε</span> <span class='ocrx_word' id='word_1_57' title='bbox 2320 830 2415 882; x_wconf 74' lang='grc' dir='ltr'><strong>καὶ</strong></span> <span class='ocrx_word' id='word_1_58' title='bbox 2442 827 2655 899; x_wconf 77' lang='grc' dir='ltr'><strong>κριτοῦ.</strong></span> <span class='ocrx_word' id='word_1_59' title='bbox 2674 828 2877 899; x_wconf 82' lang='grc' dir='ltr'><strong>Διόπερ</strong></span> <span class='ocrx_word' id='word_1_60' title='bbox 2900 828 2934 897; x_wconf 83' lang='grc' dir='ltr'>ἡ</span> <span class='ocrx_word' id='word_1_61' title='bbox 2958 826 3055 898; x_wconf 83' lang='grc' dir='ltr'><strong>τῆς</strong></span> <span class='ocrx_word' id='word_1_62' title='bbox 3077 823 3363 888; x_wconf 79' lang='grc' dir='ltr'><strong>ἀπειθείας</strong></span> <span class='ocrx_word' id='word_1_63' title='bbox 3392 824 3541 895; x_wconf 78' lang='grc' dir='ltr'>ὕϐρις</span> <span class='ocrx_word' id='word_1_64' title='bbox 3561 827 3629 891; x_wconf 80' lang='grc' dir='ltr'><strong>εἰς</strong></span> <span class='ocrx_word' id='word_1_65' title='bbox 3650 828 3750 883; x_wconf 73' lang='grc' dir='ltr'>Θεὸν</span> 
     </span>
    </p>
   </div>
   <div class='ocr_carea' id='block_1_10' title="bbox 532 907 2094 991">
    <p class='ocr_par' dir='ltr' id='par_1_10' title="bbox 532 907 1119 970">
     <span class='ocr_line' id='line_1_10' title="bbox 532 907 1119 970; baseline 0.014 -8"><span class='ocrx_word' id='word_1_66' title='bbox 532 908 588 963; x_wconf 89' lang='lat' dir='ltr'><strong>in</strong></span> <span class='ocrx_word' id='word_1_67' title='bbox 622 907 794 964; x_wconf 84' lang='lat' dir='ltr'><strong>Deum</strong></span> <span class='ocrx_word' id='word_1_68' title='bbox 823 912 1119 970; x_wconf 79' lang='lat' dir='ltr'><strong>redundat.</strong></span> 
     </span>
    </p>
   </div>
   <div class='ocr_carea' id='block_1_11' title="bbox 1032 907 2594 991">
    <p class='ocr_par' dir='ltr' id='par_1_11' title="bbox 1032 915 2594 991">
     <span class='ocr_line' id='line_1_11' title="bbox 1032 915 2594 991; baseline 0.004 -23"><span class='ocrx_word' id='word_1_69' title='bbox 1032 915 1119 970; x_wconf 81' lang='lat' dir='ltr'><strong>lat.</strong></span> <span class='ocrx_word' id='word_1_70' title='bbox 2231 920 2409 991; x_wconf 81' lang='grc' dir='ltr'>ἁναφέ</span> <span class='ocrx_word' id='word_1_71' title='bbox 2418 937 2594 991; x_wconf 83' lang='grc' dir='ltr'>ρεται.</span> 
     </span>
    </p>
   </div>
   <div class='ocr_carea' id='block_1_12' title="bbox 605 1000 3753 1083">
    <p class='ocr_par' dir='ltr' id='par_1_12' title="bbox 605 1000 3753 1083">
     <span class='ocr_line' id='line_1_12' title="bbox 605 1000 3753 1083; baseline 0.004 -28"><span class='ocrx_word' id='word_1_72' title='bbox 605 1000 873 1058; x_wconf 78' lang='lat' dir='ltr'><strong>Morietur</strong></span> <span class='ocrx_word' id='word_1_73' title='bbox 899 1020 1053 1071; x_wconf 83' lang='lat' dir='ltr'><strong>vero,</strong></span> <span class='ocrx_word' id='word_1_74' title='bbox 1084 1009 1284 1080; x_wconf 87' lang='lat' dir='ltr'><strong>inquit,</strong></span> <span class='ocrx_word' id='word_1_75' title='bbox 1311 1012 1567 1083; x_wconf 84' lang='lat' dir='ltr'><strong>quisquis</strong></span> <span class='ocrx_word' id='word_1_76' title='bbox 1595 1013 1811 1070; x_wconf 86' lang='lat' dir='ltr'><strong>Domini</strong></span> <span class='ocrx_word' id='word_1_77' title='bbox 1837 1015 2097 1071; x_wconf 90' lang='lat' dir='ltr'><strong>ministro</strong></span> <span class='ocrx_word' id='word_1_78' title='bbox 2128 1013 2501 1071; x_wconf 88' lang='lat' dir='ltr'><strong>rebellaverit.</strong></span> <span class='ocrx_word' id='word_1_79' title='bbox 2528 1013 2623 1071; x_wconf 88' lang='lat' dir='ltr'><strong>Dei</strong></span> <span class='ocrx_word' id='word_1_80' title='bbox 2645 1014 2792 1069; x_wconf 90' lang='lat' dir='ltr'><strong>enim</strong></span> <span class='ocrx_word' id='word_1_81' title='bbox 2822 1010 3142 1068; x_wconf 85' lang='lat' dir='ltr'><strong>assistentia</strong></span> <span class='ocrx_word' id='word_1_82' title='bbox 3174 1027 3271 1068; x_wconf 88' lang='lat' dir='ltr'><strong>seu</strong></span> <span class='ocrx_word' id='word_1_83' title='bbox 3299 1011 3606 1082; x_wconf 87' lang='lat' dir='ltr'><strong>approbatio</strong></span> <span class='ocrx_word' id='word_1_84' title='bbox 3628 1016 3753 1073; x_wconf 78' lang='lat' dir='ltr'><strong>valde</strong></span> 
     </span>
    </p>
   </div>
   <div class='ocr_carea' id='block_1_13' title="bbox 436 1089 3755 1173">
    <p class='ocr_par' dir='ltr' id='par_1_13' title="bbox 436 1089 3755 1173">
     <span class='ocr_line' id='line_1_13' title="bbox 436 1089 3755 1173; baseline 0.005 -31"><span class='ocrx_word' id='word_1_85' title='bbox 436 1151 441 1156; x_wconf 91' lang='lat'><strong>_</strong></span> <span class='ocrx_word' id='word_1_86' title='bbox 534 1089 838 1147; x_wconf 84' lang='lat' dir='ltr'><strong>honoriﬁca</strong></span> <span class='ocrx_word' id='word_1_87' title='bbox 883 1104 994 1149; x_wconf 83' lang='lat' dir='ltr'><strong>est.</strong></span> <span class='ocrx_word' id='word_1_88' title='bbox 1035 1095 1151 1153; x_wconf 87' lang='lat' dir='ltr'><strong>Etsi</strong></span> <span class='ocrx_word' id='word_1_89' title='bbox 1185 1100 1352 1154; x_wconf 87' lang='lat' dir='ltr'><strong>vitam</strong></span> <span class='ocrx_word' id='word_1_90' title='bbox 1383 1110 1511 1172; x_wconf 85' lang='lat' dir='ltr'><strong>agat</strong></span> <span class='ocrx_word' id='word_1_91' title='bbox 1557 1119 1617 1159; x_wconf 90' lang='lat' dir='ltr'><strong>se</strong></span> <span class='ocrx_word' id='word_1_92' title='bbox 1668 1103 1974 1172; x_wconf 77' lang='lat' dir='ltr'><strong>indignam.</strong></span> <span class='ocrx_word' id='word_1_93' title='bbox 2018 1118 2164 1173; x_wconf 68' lang='lat' dir='ltr'><strong>saepe</strong></span> <span class='ocrx_word' id='word_1_94' title='bbox 2209 1105 2357 1157; x_wconf 90' lang='lat' dir='ltr'><strong>enim</strong></span> <span class='ocrx_word' id='word_1_95' title='bbox 2408 1102 2576 1157; x_wconf 91' lang='lat' dir='ltr'><strong>homo</strong></span> <span class='ocrx_word' id='word_1_96' title='bbox 2610 1111 2793 1158; x_wconf 86' lang='lat' dir='ltr'><strong>mente</strong></span> <span class='ocrx_word' id='word_1_97' title='bbox 2844 1115 2948 1156; x_wconf 83' lang='lat' dir='ltr'><strong>sua</strong></span> <span class='ocrx_word' id='word_1_98' title='bbox 2979 1098 3208 1162; x_wconf 86' lang='lat' dir='ltr'><strong>excidit,</strong></span> <span class='ocrx_word' id='word_1_99' title='bbox 3249 1114 3339 1154; x_wconf 90' lang='lat' dir='ltr'><strong>res</strong></span> <span class='ocrx_word' id='word_1_100' title='bbox 3372 1108 3545 1155; x_wconf 88' lang='lat' dir='ltr'><strong>tamen</strong></span> <span class='ocrx_word' id='word_1_101' title='bbox 3584 1100 3755 1160; x_wconf 73' lang='lat' dir='ltr'><strong>divinas</strong></span> 
     </span>
    </p>
   </div>
   <div class='ocr_carea' id='block_1_14' title="bbox 534 1180 3756 1261">
    <p class='ocr_par' dir='ltr' id='par_1_14' title="bbox 534 1180 3756 1261">
     <span class='ocr_line' id='line_1_14' title="bbox 534 1180 3756 1261; baseline 0.004 -30"><span class='ocrx_word' id='word_1_102' title='bbox 534 1181 879 1249; x_wconf 76' lang='lat' dir='ltr'><strong>exsequitur.</strong></span> <span class='ocrx_word' id='word_1_103' title='bbox 922 1180 1033 1238; x_wconf 84' lang='lat' dir='ltr'><strong>Nec</strong></span> <span class='ocrx_word' id='word_1_104' title='bbox 1060 1201 1191 1240; x_wconf 91' lang='lat' dir='ltr'><strong>vero</strong></span> <span class='ocrx_word' id='word_1_105' title='bbox 1214 1187 1403 1242; x_wconf 90' lang='lat' dir='ltr'><strong>divina</strong></span> <span class='ocrx_word' id='word_1_106' title='bbox 1438 1190 1783 1259; x_wconf 88' lang='lat' dir='ltr'><strong>aspernanda</strong></span> <span class='ocrx_word' id='word_1_107' title='bbox 1812 1200 2034 1261; x_wconf 89' lang='lat' dir='ltr'><strong>propter</strong></span> <span class='ocrx_word' id='word_1_108' title='bbox 2067 1192 2307 1245; x_wconf 88' lang='lat' dir='ltr'><strong>humana</strong></span> <span class='ocrx_word' id='word_1_109' title='bbox 2350 1200 2500 1255; x_wconf 84' lang='lat' dir='ltr'><strong>sunt,</strong></span> <span class='ocrx_word' id='word_1_110' title='bbox 2534 1190 2809 1260; x_wconf 77' lang='lat' dir='ltr'><strong>siquidem</strong></span> <span class='ocrx_word' id='word_1_111' title='bbox 2846 1186 3110 1243; x_wconf 83' lang='lat' dir='ltr'><strong>Servator</strong></span> <span class='ocrx_word' id='word_1_112' title='bbox 3151 1188 3314 1242; x_wconf 88' lang='lat' dir='ltr'><strong>nobis</strong></span> <span class='ocrx_word' id='word_1_113' title='bbox 3351 1186 3484 1242; x_wconf 87' lang='lat' dir='ltr'><strong>dicit</strong></span> <span class='ocrx_word' id='word_1_114' title='bbox 3513 1204 3526 1242; x_wconf 89' lang='lat'><strong>:</strong></span> <span class='ocrx_word' id='word_1_115' title='bbox 3567 1206 3584 1238; x_wconf 73' lang='grc' dir='ltr'>ι</span> <span class='ocrx_word' id='word_1_116' title='bbox 3616 1187 3756 1259; x_wconf 83' lang='lat' dir='ltr'><strong>Super</strong></span> 
     </span>
    </p>
   </div>
   <div class='ocr_carea' id='block_1_15' title="bbox 536 1266 3756 1350">
    <p class='ocr_par' dir='ltr' id='par_1_15' title="bbox 536 1266 3756 1350">
     <span class='ocr_line' id='line_1_15' title="bbox 536 1266 3756 1350; baseline 0.003 -31"><span class='ocrx_word' id='word_1_117' title='bbox 536 1266 801 1321; x_wconf 85' lang='lat' dir='ltr'><strong>cathedra</strong></span> <span class='ocrx_word' id='word_1_118' title='bbox 860 1268 1031 1327; x_wconf 75' lang='lat' dir='ltr'><strong>Mosis</strong></span> <span class='ocrx_word' id='word_1_119' title='bbox 1083 1273 1347 1329; x_wconf 83' lang='lat' dir='ltr'><strong>sederunt</strong></span> <span class='ocrx_word' id='word_1_120' title='bbox 1376 1274 1586 1333; x_wconf 54' lang='lat' dir='ltr'><strong>Scriba:</strong></span> <span class='ocrx_word' id='word_1_121' title='bbox 1618 1286 1673 1333; x_wconf 89' lang='lat' dir='ltr'><strong>et</strong></span> <span class='ocrx_word' id='word_1_122' title='bbox 1722 1277 2025 1350; x_wconf 72' lang='lat' dir='ltr'><strong>Pharisaei;</strong></span> <span class='ocrx_word' id='word_1_123' title='bbox 2058 1288 2259 1335; x_wconf 84' lang='lat' dir='ltr'><strong>cuncta</strong></span> <span class='ocrx_word' id='word_1_124' title='bbox 2306 1278 2474 1348; x_wconf 85' lang='lat' dir='ltr'><strong>igitur</strong></span> <span class='ocrx_word' id='word_1_125' title='bbox 2521 1292 2871 1349; x_wconf 62' lang='lat' dir='ltr'><strong>quascunque</strong></span> <span class='ocrx_word' id='word_1_126' title='bbox 2904 1274 3063 1329; x_wconf 85' lang='lat' dir='ltr'><strong>vobis</strong></span> <span class='ocrx_word' id='word_1_127' title='bbox 3095 1274 3362 1338; x_wconf 80' lang='lat' dir='ltr'><strong>dixerint,</strong></span> <span class='ocrx_word' id='word_1_128' title='bbox 3414 1272 3589 1341; x_wconf 86' lang='lat' dir='ltr'><strong>facite,</strong></span> <span class='ocrx_word' id='word_1_129' title='bbox 3626 1291 3756 1347; x_wconf 77' lang='lat' dir='ltr'><strong>opera</strong></span> 
     </span>
    </p>
   </div>
   <div class='ocr_carea' id='block_1_16' title="bbox 540 1361 1587 1419">
    <p class='ocr_par' dir='ltr' id='par_1_16' title="bbox 540 1361 1587 1419">
     <span class='ocr_line' id='line_1_16' title="bbox 540 1361 1587 1419; baseline 0.011 -13"><span class='ocrx_word' id='word_1_130' title='bbox 540 1362 724 1408; x_wconf 81' lang='lat' dir='ltr'><strong>autem</strong></span> <span class='ocrx_word' id='word_1_131' title='bbox 758 1371 950 1410; x_wconf 87' lang='lat' dir='ltr'><strong>eorum</strong></span> <span class='ocrx_word' id='word_1_132' title='bbox 983 1361 1234 1416; x_wconf 70' lang='lat' dir='ltr'><strong>aemulari</strong></span> <span class='ocrx_word' id='word_1_133' title='bbox 1269 1363 1440 1418; x_wconf 82' lang='lat' dir='ltr'><strong>nolite</strong></span> <span class='ocrx_word' id='word_1_134' title='bbox 1464 1364 1530 1419; x_wconf 76' lang='lat'><strong>”.</strong></span> <span class='ocrx_word' id='word_1_135' title='bbox 1567 1384 1587 1417; x_wconf 75' lang='grc' dir='ltr'>ι</span> 
     </span>
    </p>
   </div>
   <div class='ocr_carea' id='block_1_17' title="bbox 607 1432 3756 1526">
    <p class='ocr_par' dir='ltr' id='par_1_17' title="bbox 607 1432 3756 1526">
     <span class='ocr_line' id='line_1_17' title="bbox 607 1432 3756 1526; baseline 0.004 -34"><span class='ocrx_word' id='word_1_136' title='bbox 607 1439 676 1494; x_wconf 85' lang='lat' dir='ltr'><strong>Et</strong></span> <span class='ocrx_word' id='word_1_137' title='bbox 698 1441 869 1507; x_wconf 85' lang='lat' dir='ltr'><strong>dicas,</strong></span> <span class='ocrx_word' id='word_1_138' title='bbox 885 1444 1225 1502; x_wconf 84' lang='lat' dir='ltr'><strong>Canstituam</strong></span> <span class='ocrx_word' id='word_1_139' title='bbox 1247 1466 1405 1519; x_wconf 80' lang='lat' dir='ltr'><strong>super</strong></span> <span class='ocrx_word' id='word_1_140' title='bbox 1423 1468 1502 1506; x_wconf 88' lang='lat' dir='ltr'><strong>me</strong></span> <span class='ocrx_word' id='word_1_141' title='bbox 1520 1454 1830 1522; x_wconf 74' lang='lat' dir='ltr'><strong>principem.</strong></span> <span class='ocrx_word' id='word_1_142' title='bbox 1852 1452 2044 1526; x_wconf 72' lang='lat' dir='ltr'><strong>[XVI],</strong></span> <span class='ocrx_word' id='word_1_143' title='bbox 2064 1451 2176 1524; x_wconf 61' lang='lat' dir='ltr'><strong>IL]</strong></span> <span class='ocrx_word' id='word_1_144' title='bbox 2191 1451 2299 1508; x_wconf 85' lang='lat' dir='ltr'><strong>Nos</strong></span> <span class='ocrx_word' id='word_1_145' title='bbox 2316 1454 2459 1508; x_wconf 85' lang='lat' dir='ltr'><strong>enim</strong></span> <span class='ocrx_word' id='word_1_146' title='bbox 2479 1448 2628 1508; x_wconf 88' lang='lat' dir='ltr'><strong>omni</strong></span> <span class='ocrx_word' id='word_1_147' title='bbox 2650 1452 2957 1509; x_wconf 77' lang='lat' dir='ltr'><strong>idololatria</strong></span> <span class='ocrx_word' id='word_1_148' title='bbox 2982 1432 3199 1522; x_wconf 79' lang='lat' dir='ltr'><strong>repulsa</strong></span> <span class='ocrx_word' id='word_1_149' title='bbox 3245 1451 3548 1520; x_wconf 85' lang='lat' dir='ltr'><strong>impetuque</strong></span> <span class='ocrx_word' id='word_1_150' title='bbox 3559 1450 3619 1504; x_wconf 84' lang='lat' dir='ltr'><strong>ad</strong></span> <span class='ocrx_word' id='word_1_151' title='bbox 3636 1448 3756 1506; x_wconf 81' lang='lat' dir='ltr'><strong>ﬁdem</strong></span> 
     </span>
    </p>
   </div>
   <div class='ocr_carea' id='block_1_18' title="bbox 537 1533 3753 1616">
    <p class='ocr_par' dir='ltr' id='par_1_18' title="bbox 537 1533 3753 1616">
     <span class='ocr_line' id='line_1_18' title="bbox 537 1533 3753 1616; baseline 0.004 -37"><span class='ocrx_word' id='word_1_152' title='bbox 537 1539 800 1598; x_wconf 86' lang='lat' dir='ltr'><strong>tanquam</strong></span> <span class='ocrx_word' id='word_1_153' title='bbox 844 1533 911 1587; x_wconf 88' lang='lat' dir='ltr'><strong>ad</strong></span> <span class='ocrx_word' id='word_1_154' title='bbox 946 1535 1335 1604; x_wconf 89' lang='lat' dir='ltr'><strong>promissionis</strong></span> <span class='ocrx_word' id='word_1_155' title='bbox 1363 1540 1659 1609; x_wconf 84' lang='lat' dir='ltr'><strong>quamdam</strong></span> <span class='ocrx_word' id='word_1_156' title='bbox 1684 1549 1886 1596; x_wconf 89' lang='lat' dir='ltr'><strong>terram</strong></span> <span class='ocrx_word' id='word_1_157' title='bbox 1914 1540 2083 1603; x_wconf 82' lang='lat' dir='ltr'><strong>facto.</strong></span> <span class='ocrx_word' id='word_1_158' title='bbox 2118 1544 2341 1598; x_wconf 87' lang='lat' dir='ltr'><strong>uuicmn</strong></span> <span class='ocrx_word' id='word_1_159' title='bbox 2372 1541 2541 1616; x_wconf 89' lang='grc'><strong>444</strong></span> <span class='ocrx_word' id='word_1_160' title='bbox 2567 1544 2764 1598; x_wconf 91' lang='lat' dir='ltr'><strong>ducem</strong></span> <span class='ocrx_word' id='word_1_161' title='bbox 2793 1544 3000 1615; x_wconf 80' lang='lat' dir='ltr'><strong>eligere</strong></span> <span class='ocrx_word' id='word_1_162' title='bbox 3050 1548 3296 1613; x_wconf 83' lang='lat' dir='ltr'><strong>oportet,</strong></span> <span class='ocrx_word' id='word_1_163' title='bbox 3320 1539 3609 1601; x_wconf 80' lang='lat' dir='ltr'><strong>Clit-istum,</strong></span> <span class='ocrx_word' id='word_1_164' title='bbox 3632 1538 3753 1608; x_wconf 75' lang='lat' dir='ltr'><strong>juxta</strong></span> 
     </span>
    </p>
   </div>
   <div class='ocr_carea' id='block_1_19' title="bbox 540 1619 3759 1703">
    <p class='ocr_par' dir='ltr' id='par_1_19' title="bbox 540 1619 3759 1703">
     <span class='ocr_line' id='line_1_19' title="bbox 540 1619 3759 1703; baseline 0.003 -32"><span class='ocrx_word' id='word_1_165' title='bbox 540 1619 674 1674; x_wconf 89' lang='lat' dir='ltr'><strong>illud</strong></span> <span class='ocrx_word' id='word_1_166' title='bbox 694 1621 842 1691; x_wconf 93' lang='lat' dir='ltr'><strong>quod</strong></span> <span class='ocrx_word' id='word_1_167' title='bbox 872 1624 942 1677; x_wconf 90' lang='lat' dir='ltr'><strong>ab</strong></span> <span class='ocrx_word' id='word_1_168' title='bbox 974 1640 1041 1681; x_wconf 91' lang='lat' dir='ltr'><strong>eo</strong></span> <span class='ocrx_word' id='word_1_169' title='bbox 1072 1626 1281 1682; x_wconf 92' lang='lat' dir='ltr'><strong>dictum</strong></span> <span class='ocrx_word' id='word_1_170' title='bbox 1319 1637 1437 1694; x_wconf 83' lang='lat' dir='ltr'><strong>est;</strong></span> <span class='ocrx_word' id='word_1_171' title='bbox 1480 1629 1649 1685; x_wconf 83' lang='lat' dir='ltr'><strong>David</strong></span> <span class='ocrx_word' id='word_1_172' title='bbox 1674 1631 1880 1686; x_wconf 90' lang='lat' dir='ltr'><strong>etenim</strong></span> <span class='ocrx_word' id='word_1_173' title='bbox 1922 1632 2105 1703; x_wconf 88' lang='lat' dir='ltr'><strong>inquit</strong></span> <span class='ocrx_word' id='word_1_174' title='bbox 2135 1649 2149 1686; x_wconf 88' lang='lat'><strong>:</strong></span> <span class='ocrx_word' id='word_1_175' title='bbox 2186 1651 2204 1685; x_wconf 80' lang='grc' dir='ltr'><em>ι</em></span> <span class='ocrx_word' id='word_1_176' title='bbox 2238 1630 2354 1701; x_wconf 85' lang='lat' dir='ltr'><strong>Ego</strong></span> <span class='ocrx_word' id='word_1_177' title='bbox 2389 1647 2517 1686; x_wconf 78' lang='lat' dir='ltr'><strong>vero</strong></span> <span class='ocrx_word' id='word_1_178' title='bbox 2553 1631 2895 1686; x_wconf 83' lang='lat' dir='ltr'><strong>constitutus</strong></span> <span class='ocrx_word' id='word_1_179' title='bbox 2931 1645 3051 1685; x_wconf 90' lang='lat' dir='ltr'><strong>sum</strong></span> <span class='ocrx_word' id='word_1_180' title='bbox 3085 1644 3178 1683; x_wconf 77' lang='lat' dir='ltr'><strong>res</strong></span> <span class='ocrx_word' id='word_1_181' title='bbox 3216 1627 3286 1682; x_wconf 87' lang='lat' dir='ltr'><strong>ab</strong></span> <span class='ocrx_word' id='word_1_182' title='bbox 3314 1626 3453 1697; x_wconf 91' lang='lat' dir='ltr'><strong>ipso,</strong></span> <span class='ocrx_word' id='word_1_183' title='bbox 3468 1640 3623 1695; x_wconf 89' lang='lat' dir='ltr'><strong>supra</strong></span> <span class='ocrx_word' id='word_1_184' title='bbox 3654 1625 3759 1681; x_wconf 82' lang='lat' dir='ltr'><strong>Sion</strong></span> 
     </span>
    </p>
   </div>
   <div class='ocr_carea' id='block_1_20' title="bbox 540 1713 3757 1790">
    <p class='ocr_par' dir='ltr' id='par_1_20' title="bbox 540 1713 3757 1790">
     <span class='ocr_line' id='line_1_20' title="bbox 540 1713 3757 1790; baseline 0.001 -29"><span class='ocrx_word' id='word_1_185' title='bbox 540 1718 782 1764; x_wconf 90' lang='lat' dir='ltr'><strong>montem</strong></span> <span class='ocrx_word' id='word_1_186' title='bbox 841 1718 1095 1767; x_wconf 90' lang='lat' dir='ltr'><strong>sanctum</strong></span> <span class='ocrx_word' id='word_1_187' title='bbox 1139 1713 1284 1784; x_wconf 82' lang='lat' dir='ltr'><strong>ejus,</strong></span> <span class='ocrx_word' id='word_1_188' title='bbox 1336 1716 1628 1790; x_wconf 87' lang='lat' dir='ltr'><strong>divulgans</strong></span> <span class='ocrx_word' id='word_1_189' title='bbox 1674 1720 1996 1773; x_wconf 88' lang='lat' dir='ltr'><strong>mandatmn</strong></span> <span class='ocrx_word' id='word_1_190' title='bbox 2050 1719 2260 1774; x_wconf 89' lang='lat' dir='ltr'><strong>Domini</strong></span> <span class='ocrx_word' id='word_1_191' title='bbox 2286 1719 2349 1772; x_wconf 73' lang='lat'><strong>“.</strong></span> <span class='ocrx_word' id='word_1_192' title='bbox 2387 1737 2405 1771; x_wconf 84' lang='grc'><strong>›</strong></span> <span class='ocrx_word' id='word_1_193' title='bbox 2443 1718 2613 1785; x_wconf 88' lang='lat' dir='ltr'><strong>Quem</strong></span> <span class='ocrx_word' id='word_1_194' title='bbox 2657 1734 2785 1773; x_wconf 87' lang='lat' dir='ltr'><strong>cum</strong></span> <span class='ocrx_word' id='word_1_195' title='bbox 2831 1715 3006 1772; x_wconf 62' lang='lat' dir='ltr'><strong>Judaei</strong></span> <span class='ocrx_word' id='word_1_196' title='bbox 3063 1716 3442 1776; x_wconf 85' lang='lat' dir='ltr'><strong>abdicassent,</strong></span> <span class='ocrx_word' id='word_1_197' title='bbox 3481 1713 3757 1784; x_wconf 83' lang='lat' dir='ltr'><strong>perditionis</strong></span> 
     </span>
    </p>
   </div>
   <div class='ocr_carea' id='block_1_21' title="bbox 536 1794 3755 1879">
    <p class='ocr_par' dir='ltr' id='par_1_21' title="bbox 536 1794 3755 1879">
     <span class='ocr_line' id='line_1_21' title="bbox 536 1794 3755 1879; baseline 0.003 -30"><span class='ocrx_word' id='word_1_198' title='bbox 536 1794 713 1851; x_wconf 83' lang='lat' dir='ltr'><strong>illium</strong></span> <span class='ocrx_word' id='word_1_199' title='bbox 761 1797 1066 1869; x_wconf 85' lang='lat' dir='ltr'><strong>principem</strong></span> <span class='ocrx_word' id='word_1_200' title='bbox 1121 1818 1281 1856; x_wconf 83' lang='lat' dir='ltr'><strong>stium</strong></span> <span class='ocrx_word' id='word_1_201' title='bbox 1326 1815 1692 1869; x_wconf 86' lang='lat' dir='ltr'><strong>creaverunt,</strong></span> <span class='ocrx_word' id='word_1_202' title='bbox 1736 1807 2169 1872; x_wconf 85' lang='lat' dir='ltr'><strong>Antichristum,</strong></span> <span class='ocrx_word' id='word_1_203' title='bbox 2221 1808 2625 1879; x_wconf 81' lang='lat' dir='ltr'><strong>alienigenam,</strong></span> <span class='ocrx_word' id='word_1_204' title='bbox 2668 1807 3024 1877; x_wconf 87' lang='lat' dir='ltr'><strong>alienumque</strong></span> <span class='ocrx_word' id='word_1_205' title='bbox 3069 1822 3099 1860; x_wconf 86' lang='lat' dir='ltr'><strong>a</strong></span> <span class='ocrx_word' id='word_1_206' title='bbox 3131 1804 3406 1876; x_wconf 77' lang='lat' dir='ltr'><strong>sanguine</strong></span> <span class='ocrx_word' id='word_1_207' title='bbox 3437 1802 3660 1858; x_wconf 85' lang='lat' dir='ltr'><strong>Israelis.</strong></span> <span class='ocrx_word' id='word_1_208' title='bbox 3698 1805 3755 1859; x_wconf 81' lang='lat' dir='ltr'><strong>Att</strong></span> 
     </span>
    </p>
   </div>
   <div class='ocr_carea' id='block_1_22' title="bbox 538 1886 3752 1966">
    <p class='ocr_par' dir='ltr' id='par_1_22' title="bbox 538 1886 3752 1966">
     <span class='ocr_line' id='line_1_22' title="bbox 538 1886 3752 1966; baseline 0.002 -27"><span class='ocrx_word' id='word_1_209' title='bbox 538 1900 682 1954; x_wconf 89' lang='lat' dir='ltr'><strong>quos</strong></span> <span class='ocrx_word' id='word_1_210' title='bbox 712 1886 891 1957; x_wconf 84' lang='lat' dir='ltr'><strong>inquit</strong></span> <span class='ocrx_word' id='word_1_211' title='bbox 926 1887 1233 1959; x_wconf 86' lang='lat' dir='ltr'><strong>Christus:</strong></span> <span class='ocrx_word' id='word_1_212' title='bbox 1291 1909 1310 1943; x_wconf 79' lang='grc' dir='ltr'><em>ι</em></span> <span class='ocrx_word' id='word_1_213' title='bbox 1344 1894 1456 1963; x_wconf 82' lang='lat' dir='ltr'><strong>Ego</strong></span> <span class='ocrx_word' id='word_1_214' title='bbox 1498 1894 1553 1948; x_wconf 92' lang='lat' dir='ltr'><strong>in</strong></span> <span class='ocrx_word' id='word_1_215' title='bbox 1609 1895 1836 1951; x_wconf 87' lang='lat' dir='ltr'><strong>nomine</strong></span> <span class='ocrx_word' id='word_1_216' title='bbox 1867 1895 2047 1951; x_wconf 88' lang='lat' dir='ltr'><strong>Patris</strong></span> <span class='ocrx_word' id='word_1_217' title='bbox 2076 1894 2221 1959; x_wconf 82' lang='lat' dir='ltr'><strong>veni,</strong></span> <span class='ocrx_word' id='word_1_218' title='bbox 2261 1912 2359 1950; x_wconf 90' lang='lat' dir='ltr'><strong>nec</strong></span> <span class='ocrx_word' id='word_1_219' title='bbox 2413 1911 2500 1951; x_wconf 83' lang='lat' dir='ltr'><strong>me</strong></span> <span class='ocrx_word' id='word_1_220' title='bbox 2536 1895 2804 1966; x_wconf 84' lang='lat' dir='ltr'><strong>recipitis,</strong></span> <span class='ocrx_word' id='word_1_221' title='bbox 2842 1896 2888 1950; x_wconf 89' lang='lat' dir='ltr'><strong>si</strong></span> <span class='ocrx_word' id='word_1_222' title='bbox 2919 1894 3064 1950; x_wconf 89' lang='lat' dir='ltr'><strong>alius</strong></span> <span class='ocrx_word' id='word_1_223' title='bbox 3119 1894 3174 1948; x_wconf 90' lang='lat' dir='ltr'><strong>in</strong></span> <span class='ocrx_word' id='word_1_224' title='bbox 3229 1892 3453 1948; x_wconf 89' lang='lat' dir='ltr'><strong>nomine</strong></span> <span class='ocrx_word' id='word_1_225' title='bbox 3505 1906 3599 1946; x_wconf 88' lang='lat' dir='ltr'><strong>suo</strong></span> <span class='ocrx_word' id='word_1_226' title='bbox 3626 1894 3752 1947; x_wconf 81' lang='lat' dir='ltr'><strong>venit.</strong></span> 
     </span>
    </p>
   </div>
   <div class='ocr_carea' id='block_1_23' title="bbox 538 1974 3749 2054">
    <p class='ocr_par' dir='ltr' id='par_1_23' title="bbox 538 1974 3749 2054">
     <span class='ocr_line' id='line_1_23' title="bbox 538 1974 3749 2054; baseline 0.002 -27"><span class='ocrx_word' id='word_1_227' title='bbox 538 1974 694 2029; x_wconf 90' lang='lat' dir='ltr'><strong>illum</strong></span> <span class='ocrx_word' id='word_1_228' title='bbox 726 1976 1011 2045; x_wconf 84' lang='lat' dir='ltr'><strong>recipietis</strong></span> <span class='ocrx_word' id='word_1_229' title='bbox 1038 1978 1104 2032; x_wconf 85' lang='lat'><strong>&quot;.</strong></span> <span class='ocrx_word' id='word_1_230' title='bbox 1140 1998 1158 2029; x_wconf 78' lang='grc' dir='ltr'>ι</span> <span class='ocrx_word' id='word_1_231' title='bbox 1205 1979 1500 2037; x_wconf 82' lang='lat' dir='ltr'><strong>Profectus</strong></span> <span class='ocrx_word' id='word_1_232' title='bbox 1531 1982 1681 2036; x_wconf 90' lang='lat' dir='ltr'><strong>enim</strong></span> <span class='ocrx_word' id='word_1_233' title='bbox 1716 1992 1800 2038; x_wconf 89' lang='lat' dir='ltr'><strong>est</strong></span> <span class='ocrx_word' id='word_1_234' title='bbox 1829 1983 1882 2037; x_wconf 92' lang='lat' dir='ltr'><strong>in</strong></span> <span class='ocrx_word' id='word_1_235' title='bbox 1914 1984 2148 2054; x_wconf 89' lang='lat' dir='ltr'><strong>gloriam</strong></span> <span class='ocrx_word' id='word_1_236' title='bbox 2183 1984 2276 2040; x_wconf 85' lang='lat' dir='ltr'><strong>Dei</strong></span> <span class='ocrx_word' id='word_1_237' title='bbox 2303 1983 2507 2049; x_wconf 87' lang='lat' dir='ltr'><strong>Patris,</strong></span> <span class='ocrx_word' id='word_1_238' title='bbox 2536 1999 2728 2039; x_wconf 83' lang='lat' dir='ltr'><strong>verum</strong></span> <span class='ocrx_word' id='word_1_239' title='bbox 2757 1999 2871 2038; x_wconf 88' lang='lat' dir='ltr'><strong>non</strong></span> <span class='ocrx_word' id='word_1_240' title='bbox 2903 1983 3017 2050; x_wconf 91' lang='lat' dir='ltr'><strong>ille,</strong></span> <span class='ocrx_word' id='word_1_241' title='bbox 3047 1983 3359 2038; x_wconf 82' lang='lat' dir='ltr'><strong>collocatur</strong></span> <span class='ocrx_word' id='word_1_242' title='bbox 3382 1980 3523 2036; x_wconf 91' lang='lat' dir='ltr'><strong>enim</strong></span> <span class='ocrx_word' id='word_1_243' title='bbox 3552 1980 3602 2034; x_wconf 92' lang='lat' dir='ltr'><strong>in</strong></span> <span class='ocrx_word' id='word_1_244' title='bbox 3628 1978 3749 2034; x_wconf 67' lang='lat' dir='ltr'><strong>domi</strong></span> 
     </span>
    </p>
   </div>
   <div class='ocr_carea' id='block_1_24' title="bbox 534 2060 1877 2137">
    <p class='ocr_par' dir='ltr' id='par_1_24' title="bbox 534 2060 1877 2137">
     <span class='ocr_line' id='line_1_24' title="bbox 534 2060 1877 2137; baseline 0.007 -21"><span class='ocrx_word' id='word_1_245' title='bbox 534 2060 656 2125; x_wconf 89' lang='lat' dir='ltr'><strong>Dei,</strong></span> <span class='ocrx_word' id='word_1_246' title='bbox 696 2079 821 2119; x_wconf 90' lang='lat' dir='ltr'><strong>cum</strong></span> <span class='ocrx_word' id='word_1_247' title='bbox 860 2067 1105 2137; x_wconf 85' lang='lat' dir='ltr'><strong>seipsum</strong></span> <span class='ocrx_word' id='word_1_248' title='bbox 1141 2067 1487 2125; x_wconf 87' lang='lat' dir='ltr'><strong>declarasset</strong></span> <span class='ocrx_word' id='word_1_249' title='bbox 1531 2071 1699 2125; x_wconf 88' lang='lat' dir='ltr'><strong>Demu</strong></span> <span class='ocrx_word' id='word_1_250' title='bbox 1732 2087 1877 2127; x_wconf 83' lang='lat' dir='ltr'><strong>esse.</strong></span> 
     </span>
    </p>
   </div>
   <div class='ocr_carea' id='block_1_25' title="bbox 609 2150 3752 2232">
    <p class='ocr_par' dir='ltr' id='par_1_25' title="bbox 609 2150 3752 2232">
     <span class='ocr_line' id='line_1_25' title="bbox 609 2150 3752 2232; baseline 0.002 -27"><span class='ocrx_word' id='word_1_251' title='bbox 609 2150 792 2217; x_wconf 77' lang='lat' dir='ltr'><strong>Quare</strong></span> <span class='ocrx_word' id='word_1_252' title='bbox 824 2153 928 2208; x_wconf 84' lang='lat' dir='ltr'><strong>sibi</strong></span> <span class='ocrx_word' id='word_1_253' title='bbox 955 2171 1061 2210; x_wconf 85' lang='lat' dir='ltr'><strong>non</strong></span> <span class='ocrx_word' id='word_1_254' title='bbox 1087 2165 1239 2225; x_wconf 79' lang='lat' dir='ltr'><strong>paret</strong></span> <span class='ocrx_word' id='word_1_255' title='bbox 1283 2174 1469 2228; x_wconf 86' lang='lat' dir='ltr'><strong>equos.</strong></span> <span class='ocrx_word' id='word_1_256' title='bbox 1502 2158 1642 2231; x_wconf 64' lang='grc' dir='ltr'><strong>με]</strong></span> <span class='ocrx_word' id='word_1_257' title='bbox 1687 2160 1790 2215; x_wconf 85' lang='lat' dir='ltr'><strong>Alii</strong></span> <span class='ocrx_word' id='word_1_258' title='bbox 1826 2167 2206 2232; x_wconf 81' lang='lat' dir='ltr'><strong>exposuerunt</strong></span> <span class='ocrx_word' id='word_1_259' title='bbox 2248 2181 2262 2217; x_wconf 90' lang='lat'><strong>:</strong></span> <span class='ocrx_word' id='word_1_260' title='bbox 2309 2161 2670 2217; x_wconf 81' lang='lat' dir='ltr'><strong>Vernntmneu</strong></span> <span class='ocrx_word' id='word_1_261' title='bbox 2705 2178 2813 2216; x_wconf 87' lang='lat' dir='ltr'><strong>non</strong></span> <span class='ocrx_word' id='word_1_262' title='bbox 2842 2158 3255 2230; x_wconf 83' lang='lat' dir='ltr'><strong>multiplicabit.</strong></span> <span class='ocrx_word' id='word_1_263' title='bbox 3288 2156 3542 2212; x_wconf 87' lang='lat' dir='ltr'><strong>Fortasse</strong></span> <span class='ocrx_word' id='word_1_264' title='bbox 3570 2171 3628 2209; x_wconf 90' lang='lat' dir='ltr'><strong>eo</strong></span> <span class='ocrx_word' id='word_1_265' title='bbox 3656 2155 3752 2209; x_wconf 87' lang='lat' dir='ltr'><strong>moti</strong></span> 
     </span>
    </p>
   </div>
   <div class='ocr_carea' id='block_1_26' title="bbox 533 2232 3753 2322">
    <p class='ocr_par' dir='ltr' id='par_1_26' title="bbox 533 2232 3753 2322">
     <span class='ocr_line' id='line_1_26' title="bbox 533 2232 3753 2322; baseline 0.002 -30"><span class='ocrx_word' id='word_1_266' title='bbox 533 2232 685 2294; x_wconf 88' lang='lat' dir='ltr'><strong>dicto</strong></span> <span class='ocrx_word' id='word_1_267' title='bbox 717 2255 732 2293; x_wconf 91' lang='lat'><strong>:</strong></span> <span class='ocrx_word' id='word_1_268' title='bbox 768 2259 788 2292; x_wconf 80' lang='grc' dir='ltr'>ι</span> <span class='ocrx_word' id='word_1_269' title='bbox 816 2239 1033 2311; x_wconf 89' lang='lat' dir='ltr'><strong>Equum</strong></span> <span class='ocrx_word' id='word_1_270' title='bbox 1068 2251 1124 2298; x_wconf 90' lang='lat' dir='ltr'><strong>et</strong></span> <span class='ocrx_word' id='word_1_271' title='bbox 1157 2252 1432 2301; x_wconf 88' lang='lat' dir='ltr'><strong>vectorem</strong></span> <span class='ocrx_word' id='word_1_272' title='bbox 1470 2248 1525 2300; x_wconf 90' lang='lat' dir='ltr'><strong>in</strong></span> <span class='ocrx_word' id='word_1_273' title='bbox 1563 2263 1712 2303; x_wconf 90' lang='lat' dir='ltr'><strong>mare</strong></span> <span class='ocrx_word' id='word_1_274' title='bbox 1743 2248 1974 2318; x_wconf 72' lang='lat' dir='ltr'><strong>proiecit</strong></span> <span class='ocrx_word' id='word_1_275' title='bbox 1997 2249 2068 2312; x_wconf 78' lang='lat'><strong>&quot;,</strong></span> <span class='ocrx_word' id='word_1_276' title='bbox 2104 2269 2125 2302; x_wconf 82' lang='grc'><strong>›</strong></span> <span class='ocrx_word' id='word_1_277' title='bbox 2160 2250 2252 2321; x_wconf 89' lang='lat' dir='ltr'><strong>qui</strong></span> <span class='ocrx_word' id='word_1_278' title='bbox 2293 2266 2459 2305; x_wconf 81' lang='lat' dir='ltr'><strong>casus</strong></span> <span class='ocrx_word' id='word_1_279' title='bbox 2488 2259 2793 2305; x_wconf 76' lang='lat' dir='ltr'><strong>extremam</strong></span> <span class='ocrx_word' id='word_1_280' title='bbox 2840 2250 3199 2322; x_wconf 86' lang='lat' dir='ltr'><strong>ignominiam</strong></span> <span class='ocrx_word' id='word_1_281' title='bbox 3248 2247 3505 2302; x_wconf 76' lang='lat' dir='ltr'><strong>aﬂ&#39;erunt.</strong></span> <span class='ocrx_word' id='word_1_282' title='bbox 3535 2244 3753 2313; x_wconf 76' lang='lat' dir='ltr'><strong>Quocirca</strong></span> 
     </span>
    </p>
   </div>
   <div class='ocr_carea' id='block_1_27' title="bbox 536 2327 3754 2410">
    <p class='ocr_par' dir='ltr' id='par_1_27' title="bbox 536 2327 3754 2410">
     <span class='ocr_line' id='line_1_27' title="bbox 536 2327 3754 2410; baseline 0.001 -29"><span class='ocrx_word' id='word_1_283' title='bbox 536 2327 765 2397; x_wconf 85' lang='lat' dir='ltr'><strong>inquit:</strong></span> <span class='ocrx_word' id='word_1_284' title='bbox 810 2330 968 2386; x_wconf 86' lang='lat' dir='ltr'><strong>Evita</strong></span> <span class='ocrx_word' id='word_1_285' title='bbox 1009 2334 1316 2405; x_wconf 83' lang='lat' dir='ltr'><strong>principem</strong></span> <span class='ocrx_word' id='word_1_286' title='bbox 1355 2336 1750 2407; x_wconf 80' lang='lat' dir='ltr'><strong>alienigenam,</strong></span> <span class='ocrx_word' id='word_1_287' title='bbox 1783 2338 1877 2407; x_wconf 90' lang='lat' dir='ltr'><strong>qui</strong></span> <span class='ocrx_word' id='word_1_288' title='bbox 1918 2354 2019 2394; x_wconf 89' lang='lat' dir='ltr'><strong>vos</strong></span> <span class='ocrx_word' id='word_1_289' title='bbox 2056 2339 2123 2394; x_wconf 89' lang='lat' dir='ltr'><strong>ad</strong></span> <span class='ocrx_word' id='word_1_290' title='bbox 2166 2340 2508 2409; x_wconf 85' lang='lat' dir='ltr'><strong>spiritualem</strong></span> <span class='ocrx_word' id='word_1_291' title='bbox 2539 2339 2863 2410; x_wconf 64' lang='lat' dir='ltr'><strong>Egyptum,</strong></span> <span class='ocrx_word' id='word_1_292' title='bbox 2911 2349 2965 2394; x_wconf 89' lang='lat' dir='ltr'><strong>et</strong></span> <span class='ocrx_word' id='word_1_293' title='bbox 3007 2338 3315 2408; x_wconf 88' lang='lat' dir='ltr'><strong>principem</strong></span> <span class='ocrx_word' id='word_1_294' title='bbox 3350 2335 3473 2406; x_wconf 87' lang='lat' dir='ltr'><strong>ejus</strong></span> <span class='ocrx_word' id='word_1_295' title='bbox 3524 2333 3754 2392; x_wconf 80' lang='lat' dir='ltr'><strong>Satanam,</strong></span> 
     </span>
    </p>
   </div>
   <div class='ocr_carea' id='block_1_28' title="bbox 533 2414 3755 2498">
    <p class='ocr_par' dir='ltr' id='par_1_28' title="bbox 533 2414 3755 2498">
     <span class='ocr_line' id='line_1_28' title="bbox 533 2414 3755 2498; baseline 0 -26"><span class='ocrx_word' id='word_1_296' title='bbox 533 2414 884 2475; x_wconf 86' lang='lat' dir='ltr'><strong>Pharaonem</strong></span> <span class='ocrx_word' id='word_1_297' title='bbox 919 2429 1255 2492; x_wconf 86' lang='lat' dir='ltr'><strong>repetentem</strong></span> <span class='ocrx_word' id='word_1_298' title='bbox 1285 2438 1382 2479; x_wconf 88' lang='lat' dir='ltr'><strong>vos</strong></span> <span class='ocrx_word' id='word_1_299' title='bbox 1412 2425 1662 2480; x_wconf 86' lang='lat' dir='ltr'><strong>reducat.</strong></span> <span class='ocrx_word' id='word_1_300' title='bbox 1697 2443 1717 2477; x_wconf 72' lang='grc' dir='ltr'><em>ι</em></span> <span class='ocrx_word' id='word_1_301' title='bbox 1752 2425 1930 2492; x_wconf 88' lang='lat' dir='ltr'><strong>Quod,</strong></span> <span class='ocrx_word' id='word_1_302' title='bbox 1961 2427 2163 2498; x_wconf 90' lang='lat' dir='ltr'><strong>inquit,</strong></span> <span class='ocrx_word' id='word_1_303' title='bbox 2196 2427 2463 2482; x_wconf 87' lang='lat' dir='ltr'><strong>Dominus</strong></span> <span class='ocrx_word' id='word_1_304' title='bbox 2493 2428 2795 2496; x_wconf 86' lang='lat' dir='ltr'><strong>prohibuit.</strong></span> <span class='ocrx_word' id='word_1_305' title='bbox 2825 2446 2843 2480; x_wconf 72' lang='grc' dir='ltr'>ι</span> <span class='ocrx_word' id='word_1_306' title='bbox 2871 2425 3038 2482; x_wconf 82' lang='lat' dir='ltr'><strong>Juxta</strong></span> <span class='ocrx_word' id='word_1_307' title='bbox 3069 2425 3394 2496; x_wconf 83' lang='lat' dir='ltr'><strong>Apostolum</strong></span> <span class='ocrx_word' id='word_1_308' title='bbox 3433 2422 3593 2482; x_wconf 81' lang='lat' dir='ltr'><strong>enim.</strong></span> <span class='ocrx_word' id='word_1_309' title='bbox 3614 2418 3755 2475; x_wconf 70' lang='lat' dir='ltr'><strong>«Fieri</strong></span> 
     </span>
    </p>
   </div>
   <div class='ocr_carea' id='block_1_29' title="bbox 534 2510 3755 2586">
    <p class='ocr_par' dir='ltr' id='par_1_29' title="bbox 534 2510 3755 2586">
     <span class='ocr_line' id='line_1_29' title="bbox 534 2510 3755 2586; baseline -0 -26"><span class='ocrx_word' id='word_1_310' title='bbox 534 2520 648 2561; x_wconf 88' lang='lat' dir='ltr'><strong>non</strong></span> <span class='ocrx_word' id='word_1_311' title='bbox 690 2518 899 2579; x_wconf 81' lang='lat' dir='ltr'><strong>potest,</strong></span> <span class='ocrx_word' id='word_1_312' title='bbox 947 2519 1009 2564; x_wconf 89' lang='lat' dir='ltr'><strong>ut</strong></span> <span class='ocrx_word' id='word_1_313' title='bbox 1060 2513 1151 2582; x_wconf 87' lang='lat' dir='ltr'><strong>qui</strong></span> <span class='ocrx_word' id='word_1_314' title='bbox 1191 2513 1362 2568; x_wconf 91' lang='lat' dir='ltr'><strong>semel</strong></span> <span class='ocrx_word' id='word_1_315' title='bbox 1411 2514 1732 2581; x_wconf 89' lang='lat' dir='ltr'><strong>illuminati,</strong></span> <span class='ocrx_word' id='word_1_316' title='bbox 1774 2515 1981 2571; x_wconf 89' lang='lat' dir='ltr'><strong>lumine</strong></span> <span class='ocrx_word' id='word_1_317' title='bbox 2018 2515 2371 2580; x_wconf 79' lang='lat' dir='ltr'><strong>exciderunt,</strong></span> <span class='ocrx_word' id='word_1_318' title='bbox 2425 2515 2495 2569; x_wconf 88' lang='lat' dir='ltr'><strong>ad</strong></span> <span class='ocrx_word' id='word_1_319' title='bbox 2552 2515 2934 2586; x_wconf 66' lang='lat' dir='ltr'><strong>paenitentiam</strong></span> <span class='ocrx_word' id='word_1_320' title='bbox 2991 2514 3177 2570; x_wconf 91' lang='lat' dir='ltr'><strong>denuo</strong></span> <span class='ocrx_word' id='word_1_321' title='bbox 3219 2511 3559 2567; x_wconf 90' lang='lat' dir='ltr'><strong>adducantur</strong></span> <span class='ocrx_word' id='word_1_322' title='bbox 3583 2510 3643 2562; x_wconf 81' lang='lat'><strong>”.</strong></span> <span class='ocrx_word' id='word_1_323' title='bbox 3672 2527 3755 2559; x_wconf 74' lang='lat' dir='ltr'><strong>i—</strong></span> 
     </span>
    </p>
   </div>
   <div class='ocr_carea' id='block_1_30' title="bbox 538 2593 2100 2679">
    <p class='ocr_par' dir='ltr' id='par_1_30' title="bbox 538 2593 2077 2679">
     <span class='ocr_line' id='line_1_30' title="bbox 538 2593 2077 2679; baseline 0.008 -31"><span class='ocrx_word' id='word_1_324' title='bbox 538 2613 560 2648; x_wconf 77' lang='grc' dir='ltr'><em>ι</em></span> <span class='ocrx_word' id='word_1_325' title='bbox 594 2593 785 2666; x_wconf 83' lang='lat' dir='ltr'><strong>Neque</strong></span> <span class='ocrx_word' id='word_1_326' title='bbox 817 2597 1229 2673; x_wconf 81' lang='lat' dir='ltr'><strong>multiplicabit,</strong></span> <span class='ocrx_word' id='word_1_327' title='bbox 1266 2600 1466 2679; x_wconf 81' lang='lat' dir='ltr'><strong>inquit,</strong></span> <span class='ocrx_word' id='word_1_328' title='bbox 1495 2602 1602 2656; x_wconf 87' lang='lat' dir='ltr'><strong>sibi</strong></span> <span class='ocrx_word' id='word_1_329' title='bbox 1651 2604 1937 2661; x_wconf 88' lang='lat' dir='ltr'><strong>mulieres.</strong></span> <span class='ocrx_word' id='word_1_330' title='bbox 1967 2624 1986 2657; x_wconf 74' lang='grc' dir='ltr'>ι</span> <span class='ocrx_word' id='word_1_331' title='bbox 2022 2606 2077 2660; x_wconf 90' lang='lat' dir='ltr'><strong>Id</strong></span> 
     </span>
    </p>
   </div>
   <div class='ocr_carea' id='block_1_31' title="bbox 2190 2593 3752 2679">
    <p class='ocr_par' dir='ltr' id='par_1_31' title="bbox 2190 2597 3752 2675">
     <span class='ocr_line' id='line_1_31' title="bbox 2190 2597 3752 2675; baseline -0.005 -18"><span class='ocrx_word' id='word_1_332' title='bbox 2190 2605 2255 2658; x_wconf 87' lang='lat' dir='ltr'><strong>im</strong></span> <span class='ocrx_word' id='word_1_333' title='bbox 2305 2604 2538 2675; x_wconf 81' lang='lat' dir='ltr'><strong>pollutio</strong></span> <span class='ocrx_word' id='word_1_334' title='bbox 2579 2612 2687 2665; x_wconf 87' lang='lat' dir='ltr'><strong>est,</strong></span> <span class='ocrx_word' id='word_1_335' title='bbox 2728 2620 2850 2672; x_wconf 69' lang='lat' dir='ltr'><strong>quae</strong></span> <span class='ocrx_word' id='word_1_336' title='bbox 2884 2602 2953 2659; x_wconf 89' lang='lat' dir='ltr'><strong>ab</strong></span> <span class='ocrx_word' id='word_1_337' title='bbox 2988 2600 3413 2668; x_wconf 83' lang='lat' dir='ltr'><strong>intemperantia</strong></span> <span class='ocrx_word' id='word_1_338' title='bbox 3451 2605 3506 2655; x_wconf 88' lang='lat' dir='ltr'><strong>et</strong></span> <span class='ocrx_word' id='word_1_339' title='bbox 3536 2597 3752 2667; x_wconf 67' lang='lat' dir='ltr'><strong>deprava-</strong></span> 
     </span>
    </p>
   </div>
   <div class='ocr_carea' id='block_1_32' title="bbox 533 2682 3753 2764">
    <p class='ocr_par' dir='ltr' id='par_1_32' title="bbox 533 2682 3753 2764">
     <span class='ocr_line' id='line_1_32' title="bbox 533 2682 3753 2764; baseline 0.001 -30"><span class='ocrx_word' id='word_1_340' title='bbox 533 2682 689 2737; x_wconf 85' lang='lat' dir='ltr'><strong>tione</strong></span> <span class='ocrx_word' id='word_1_341' title='bbox 721 2685 908 2741; x_wconf 84' lang='lat' dir='ltr'><strong>omnis</strong></span> <span class='ocrx_word' id='word_1_342' title='bbox 964 2686 1266 2757; x_wconf 83' lang='lat' dir='ltr'><strong>impietatis</strong></span> <span class='ocrx_word' id='word_1_343' title='bbox 1314 2698 1545 2746; x_wconf 88' lang='lat' dir='ltr'><strong>auctore</strong></span> <span class='ocrx_word' id='word_1_344' title='bbox 1593 2690 1985 2761; x_wconf 73' lang='lat' dir='ltr'><strong>proficiscitur.</strong></span> <span class='ocrx_word' id='word_1_345' title='bbox 2023 2691 2308 2764; x_wconf 88' lang='lat' dir='ltr'><strong>Siquidem</strong></span> <span class='ocrx_word' id='word_1_346' title='bbox 2351 2692 2614 2748; x_wconf 86' lang='lat' dir='ltr'><strong>mulieres</strong></span> <span class='ocrx_word' id='word_1_347' title='bbox 2654 2691 2861 2747; x_wconf 81' lang='lat' dir='ltr'><strong>fuerint</strong></span> <span class='ocrx_word' id='word_1_348' title='bbox 2905 2690 3256 2762; x_wconf 84' lang='lat' dir='ltr'><strong>alienigenae,</strong></span> <span class='ocrx_word' id='word_1_349' title='bbox 3292 2686 3439 2758; x_wconf 91' lang='lat' dir='ltr'><strong>quod</strong></span> <span class='ocrx_word' id='word_1_350' title='bbox 3470 2694 3609 2742; x_wconf 89' lang='lat' dir='ltr'><strong>certe</strong></span> <span class='ocrx_word' id='word_1_351' title='bbox 3633 2682 3753 2738; x_wconf 86' lang='lat' dir='ltr'><strong>Solo-</strong></span> 
     </span>
    </p>
   </div>
   <div class='ocr_carea' id='block_1_33' title="bbox 534 2771 978 2844">
    <p class='ocr_par' dir='ltr' id='par_1_33' title="bbox 534 2771 978 2844">
     <span class='ocr_line' id='line_1_33' title="bbox 534 2771 978 2844; baseline 0.009 -20"><span class='ocrx_word' id='word_1_352' title='bbox 534 2771 690 2826; x_wconf 87' lang='lat' dir='ltr'><strong>moni</strong></span> <span class='ocrx_word' id='word_1_353' title='bbox 723 2774 978 2844; x_wconf 85' lang='lat' dir='ltr'><strong>contigit.</strong></span> 
     </span>
    </p>
   </div>
   <div class='ocr_carea' id='block_1_34' title="bbox 607 2878 2169 2961">
    <p class='ocr_par' dir='ltr' id='par_1_34' title="bbox 607 2878 2169 2960">
     <span class='ocr_line' id='line_1_34' title="bbox 607 2878 2169 2960; baseline 0.006 -24"><span class='ocrx_word' id='word_1_354' title='bbox 607 2879 754 2950; x_wconf 81' lang='lat' dir='ltr'><strong>Quin</strong></span> <span class='ocrx_word' id='word_1_355' title='bbox 785 2901 907 2940; x_wconf 71' lang='lat' dir='ltr'><strong>vero</strong></span> <span class='ocrx_word' id='word_1_356' title='bbox 939 2901 1034 2941; x_wconf 85' lang='lat' dir='ltr'><strong>nec</strong></span> <span class='ocrx_word' id='word_1_357' title='bbox 1067 2896 1351 2959; x_wconf 74' lang='lat' dir='ltr'><strong>argentum</strong></span> <span class='ocrx_word' id='word_1_358' title='bbox 1381 2889 1461 2944; x_wconf 80' lang='lat' dir='ltr'><strong>vel</strong></span> <span class='ocrx_word' id='word_1_359' title='bbox 1490 2906 1686 2944; x_wconf 88' lang='lat' dir='ltr'><strong>aurum</strong></span> <span class='ocrx_word' id='word_1_360' title='bbox 1710 2891 1813 2946; x_wconf 89' lang='lat' dir='ltr'><strong>sibi</strong></span> <span class='ocrx_word' id='word_1_361' title='bbox 1846 2891 1949 2960; x_wconf 79' lang='lat' dir='ltr'><strong>ipsi</strong></span> <span class='ocrx_word' id='word_1_362' title='bbox 1982 2891 2126 2945; x_wconf 82' lang='lat' dir='ltr'><strong>mul-</strong></span> <span class='ocrx_word' id='word_1_363' title='bbox 2158 2878 2169 2933; x_wconf 81' lang='grc'><strong>1</strong></span> 
     </span>
    </p>
   </div>
   <div class='ocr_carea' id='block_1_35' title="bbox 2194 2878 3756 2961">
    <p class='ocr_par' dir='ltr' id='par_1_35' title="bbox 2194 2880 3756 2961">
     <span class='ocr_line' id='line_1_35' title="bbox 2194 2880 3756 2961; baseline -0.012 -11"><span class='ocrx_word' id='word_1_364' title='bbox 2194 2883 2206 2928; x_wconf 54' lang='lat'><strong><em>&quot;</em></strong></span> <span class='ocrx_word' id='word_1_365' title='bbox 2314 2894 2468 2950; x_wconf 68' lang='grc' dir='ltr'><strong>Ἀλλ’</strong></span> <span class='ocrx_word' id='word_1_366' title='bbox 2525 2891 2673 2949; x_wconf 79' lang='grc' dir='ltr'><strong>οὐδὲ</strong></span> <span class='ocrx_word' id='word_1_367' title='bbox 2720 2891 3049 2961; x_wconf 76' lang='grc' dir='ltr'><strong>ἀργύριον,</strong></span> <span class='ocrx_word' id='word_1_368' title='bbox 3113 2886 3153 2957; x_wconf 80' lang='grc' dir='ltr'><strong>ἢ</strong></span> <span class='ocrx_word' id='word_1_369' title='bbox 3212 2886 3474 2958; x_wconf 75' lang='grc' dir='ltr'><strong>χρυσίον</strong></span> <span class='ocrx_word' id='word_1_370' title='bbox 3517 2880 3756 2949; x_wconf 75' lang='grc' dir='ltr'><strong>πληθύνει</strong></span> 
     </span>
    </p>
   </div>
   <div class='ocr_carea' id='block_1_36' title="bbox 534 2974 2096 3057">
    <p class='ocr_par' dir='ltr' id='par_1_36' title="bbox 534 2976 2093 3050">
     <span class='ocr_line' id='line_1_36' title="bbox 534 2976 2093 3050; baseline 0.006 -19"><span class='ocrx_word' id='word_1_371' title='bbox 534 2976 742 3047; x_wconf 76' lang='lat' dir='ltr'><strong>tipticet</strong></span> <span class='ocrx_word' id='word_1_372' title='bbox 775 2978 960 3045; x_wconf 72' lang='lat' dir='ltr'><strong>valde,</strong></span> <span class='ocrx_word' id='word_1_373' title='bbox 1009 2997 1201 3037; x_wconf 84' lang='lat' dir='ltr'><strong>verum</strong></span> <span class='ocrx_word' id='word_1_374' title='bbox 1246 2984 1563 3050; x_wconf 87' lang='lat' dir='ltr'><strong>moderate;</strong></span> <span class='ocrx_word' id='word_1_375' title='bbox 1596 2985 1859 3040; x_wconf 88' lang='lat' dir='ltr'><strong>nimirum</strong></span> <span class='ocrx_word' id='word_1_376' title='bbox 1896 2983 1965 3040; x_wconf 89' lang='lat' dir='ltr'><strong>ad</strong></span> <span class='ocrx_word' id='word_1_377' title='bbox 2007 2985 2093 3040; x_wconf 80' lang='lat' dir='ltr'><strong>evi</strong></span> 
     </span>
    </p>
   </div>
   <div class='ocr_carea' id='block_1_37' title="bbox 2193 2974 3755 3057">
    <p class='ocr_par' dir='ltr' id='par_1_37' title="bbox 2229 2974 3755 3057">
     <span class='ocr_line' id='line_1_37' title="bbox 2229 2974 3755 3057; baseline -0.012 -15"><span class='ocrx_word' id='word_1_378' title='bbox 2229 2986 2425 3054; x_wconf 78' lang='grc' dir='ltr'><strong>ἑαυτῷ</strong></span> <span class='ocrx_word' id='word_1_379' title='bbox 2444 2985 2704 3057; x_wconf 70' lang='grc' dir='ltr'><strong>σφόδρα,</strong></span> <span class='ocrx_word' id='word_1_380' title='bbox 2732 2983 2972 3057; x_wconf 84' lang='grc' dir='ltr'><strong>μετρίως</strong></span> <span class='ocrx_word' id='word_1_381' title='bbox 3000 2980 3081 3049; x_wconf 80' lang='grc' dir='ltr'><strong>δὲ,</strong></span> <span class='ocrx_word' id='word_1_382' title='bbox 3103 2979 3352 3053; x_wconf 76' lang='grc' dir='ltr'><strong>δηλονότι</strong></span> <span class='ocrx_word' id='word_1_383' title='bbox 3383 2977 3470 3032; x_wconf 80' lang='grc' dir='ltr'><strong>διὰ</strong></span> <span class='ocrx_word' id='word_1_384' title='bbox 3501 2974 3591 3038; x_wconf 77' lang='grc' dir='ltr'><strong>τὰς</strong></span> <span class='ocrx_word' id='word_1_385' title='bbox 3621 2974 3755 3040; x_wconf 79' lang='grc' dir='ltr'>ἀπαρ-</span> 
     </span>
    </p>
   </div>
   <div class='ocr_carea' id='block_1_38' title="bbox 533 3061 2095 3151">
    <p class='ocr_par' dir='ltr' id='par_1_38' title="bbox 533 3071 2095 3144">
     <span class='ocr_line' id='line_1_38' title="bbox 533 3071 2095 3144; baseline 0.006 -21"><span class='ocrx_word' id='word_1_386' title='bbox 533 3071 766 3127; x_wconf 83' lang='lat' dir='ltr'><strong>tandum</strong></span> <span class='ocrx_word' id='word_1_387' title='bbox 801 3082 1058 3144; x_wconf 89' lang='lat' dir='ltr'><strong>smnptus</strong></span> <span class='ocrx_word' id='word_1_388' title='bbox 1091 3075 1439 3132; x_wconf 90' lang='lat' dir='ltr'><strong>immodicos.</strong></span> <span class='ocrx_word' id='word_1_389' title='bbox 1476 3076 1682 3133; x_wconf 89' lang='lat' dir='ltr'><strong>Deinde</strong></span> <span class='ocrx_word' id='word_1_390' title='bbox 1704 3092 1836 3133; x_wconf 90' lang='lat' dir='ltr'><strong>vero</strong></span> <span class='ocrx_word' id='word_1_391' title='bbox 1861 3094 1929 3134; x_wconf 81' lang='lat' dir='ltr'><strong>ex</strong></span> <span class='ocrx_word' id='word_1_392' title='bbox 1956 3079 2095 3134; x_wconf 86' lang='lat' dir='ltr'><strong>alter</strong></span> 
     </span>
    </p>
   </div>
   <div class='ocr_carea' id='block_1_39' title="bbox 2192 3061 3754 3151">
    <p class='ocr_par' dir='ltr' id='par_1_39' title="bbox 2229 3061 3754 3151">
     <span class='ocr_line' id='line_1_39' title="bbox 2229 3061 3754 3151; baseline -0.01 -16"><span class='ocrx_word' id='word_1_393' title='bbox 2229 3080 2484 3151; x_wconf 63' lang='lat' dir='ltr'><strong>atrﬁrou;</strong></span> <span class='ocrx_word' id='word_1_394' title='bbox 2521 3077 2793 3141; x_wconf 79' lang='grc' dir='ltr'><strong>δαπάνας.</strong></span> <span class='ocrx_word' id='word_1_395' title='bbox 2849 3076 2925 3129; x_wconf 80' lang='grc' dir='ltr'><strong>Τὸ</strong></span> <span class='ocrx_word' id='word_1_396' title='bbox 2969 3074 3028 3131; x_wconf 80' lang='grc' dir='ltr'><strong>δὲ</strong></span> <span class='ocrx_word' id='word_1_397' title='bbox 3081 3071 3238 3144; x_wconf 78' lang='grc' dir='ltr'>παρὰ</span> <span class='ocrx_word' id='word_1_398' title='bbox 3284 3069 3465 3135; x_wconf 73' lang='grc' dir='ltr'><strong>τοῦτο,</strong></span> <span class='ocrx_word' id='word_1_399' title='bbox 3509 3061 3754 3127; x_wconf 76' lang='grc' dir='ltr'>πλεονεξία.</span> 
     </span>
    </p>
   </div>
   <div class='ocr_carea' id='block_1_40' title="bbox 534 3154 2096 3241">
    <p class='ocr_par' dir='ltr' id='par_1_40' title="bbox 534 3166 2096 3239">
     <span class='ocr_line' id='line_1_40' title="bbox 534 3166 2096 3239; baseline 0.003 -19"><span class='ocrx_word' id='word_1_400' title='bbox 534 3174 717 3236; x_wconf 88' lang='lat' dir='ltr'><strong>parte,</strong></span> <span class='ocrx_word' id='word_1_401' title='bbox 742 3166 1029 3222; x_wconf 86' lang='lat' dir='ltr'><strong>avaritiam</strong></span> <span class='ocrx_word' id='word_1_402' title='bbox 1060 3184 1125 3223; x_wconf 83' lang='lat' dir='ltr'><strong>ex</strong></span> <span class='ocrx_word' id='word_1_403' title='bbox 1164 3168 1371 3239; x_wconf 88' lang='lat' dir='ltr'><strong>iniquis</strong></span> <span class='ocrx_word' id='word_1_404' title='bbox 1402 3170 1787 3239; x_wconf 80' lang='lat' dir='ltr'><strong>vectigalibus,</strong></span> <span class='ocrx_word' id='word_1_405' title='bbox 1818 3179 1914 3225; x_wconf 89' lang='lat' dir='ltr'><strong>aut</strong></span> <span class='ocrx_word' id='word_1_406' title='bbox 1943 3171 2096 3225; x_wconf 25' lang='lat' dir='ltr'><strong>animi</strong></span> 
     </span>
    </p>
   </div>
   <div class='ocr_carea' id='block_1_41' title="bbox 2195 3154 3757 3241">
    <p class='ocr_par' dir='ltr' id='par_1_41' title="bbox 2231 3154 3757 3241">
     <span class='ocr_line' id='line_1_41' title="bbox 2231 3154 3757 3241; baseline -0.008 -15"><span class='ocrx_word' id='word_1_407' title='bbox 2231 3171 2294 3238; x_wconf 74' lang='grc' dir='ltr'>ἐξ</span> <span class='ocrx_word' id='word_1_408' title='bbox 2318 3171 2522 3227; x_wconf 82' lang='grc' dir='ltr'>ἀδίκων</span> <span class='ocrx_word' id='word_1_409' title='bbox 2546 3169 2755 3241; x_wconf 80' lang='grc' dir='ltr'>πόρων,</span> <span class='ocrx_word' id='word_1_410' title='bbox 2784 3168 2818 3239; x_wconf 84' lang='grc' dir='ltr'>ἢ</span> <span class='ocrx_word' id='word_1_411' title='bbox 2865 3164 3241 3238; x_wconf 78' lang='grc' dir='ltr'><strong>ἀπανθρώπου</strong></span> <span class='ocrx_word' id='word_1_412' title='bbox 3279 3162 3524 3233; x_wconf 82' lang='grc' dir='ltr'><strong>γνώμης,</strong></span> <span class='ocrx_word' id='word_1_413' title='bbox 3565 3156 3631 3229; x_wconf 79' lang='grc' dir='ltr'><strong>μὴ</strong></span> <span class='ocrx_word' id='word_1_414' title='bbox 3654 3154 3757 3222; x_wconf 78' lang='grc' dir='ltr'><strong>διορ-</strong></span> 
     </span>
    </p>
   </div>
   <div class='ocr_carea' id='block_1_42' title="bbox 534 3244 2096 3334">
    <p class='ocr_par' dir='ltr' id='par_1_42' title="bbox 534 3244 2093 3334">
     <span class='ocr_line' id='line_1_42' title="bbox 534 3244 2093 3334; baseline 0.004 -22"><span class='ocrx_word' id='word_1_415' title='bbox 534 3259 867 3324; x_wconf 88' lang='lat' dir='ltr'><strong>inhumano,</strong></span> <span class='ocrx_word' id='word_1_416' title='bbox 906 3276 1013 3317; x_wconf 90' lang='lat' dir='ltr'><strong>non</strong></span> <span class='ocrx_word' id='word_1_417' title='bbox 1057 3262 1370 3334; x_wconf 85' lang='lat' dir='ltr'><strong>corrigente</strong></span> <span class='ocrx_word' id='word_1_418' title='bbox 1410 3244 1580 3320; x_wconf 86' lang='lat' dir='ltr'><strong>rebus</strong></span> <span class='ocrx_word' id='word_1_419' title='bbox 1612 3264 1947 3322; x_wconf 87' lang='lat' dir='ltr'><strong>necessariis</strong></span> <span class='ocrx_word' id='word_1_420' title='bbox 1980 3265 2093 3321; x_wconf 92' lang='lat' dir='ltr'><strong>indi</strong></span> 
     </span>
    </p>
   </div>
   <div class='ocr_carea' id='block_1_43' title="bbox 2193 3244 3755 3334">
    <p class='ocr_par' dir='ltr' id='par_1_43' title="bbox 2230 3246 3755 3334">
     <span class='ocr_line' id='line_1_43' title="bbox 2230 3246 3755 3334; baseline -0.01 -15"><span class='ocrx_word' id='word_1_421' title='bbox 2230 3262 2501 3334; x_wconf 79' lang='grc' dir='ltr'><strong>οουιιένης</strong></span> <span class='ocrx_word' id='word_1_422' title='bbox 2528 3264 2642 3326; x_wconf 79' lang='grc' dir='ltr'><strong>τοῖς</strong></span> <span class='ocrx_word' id='word_1_423' title='bbox 2676 3263 2734 3314; x_wconf 82' lang='grc' dir='ltr'>ὲν</span> <span class='ocrx_word' id='word_1_424' title='bbox 2758 3260 2921 3331; x_wconf 77' lang='grc' dir='ltr'>χρείᾳ</span> <span class='ocrx_word' id='word_1_425' title='bbox 2948 3258 3049 3329; x_wconf 84' lang='grc' dir='ltr'><strong>τὴν</strong></span> <span class='ocrx_word' id='word_1_426' title='bbox 3088 3256 3321 3319; x_wconf 75' lang='grc' dir='ltr'>ἔνδειαν,</span> <span class='ocrx_word' id='word_1_427' title='bbox 3360 3253 3493 3324; x_wconf 77' lang='grc' dir='ltr'><strong>μηδὲ</strong></span> <span class='ocrx_word' id='word_1_428' title='bbox 3523 3246 3755 3317; x_wconf 80' lang='grc' dir='ltr'><strong>τιθεμένης</strong></span> 
     </span>
    </p>
   </div>
   <div class='ocr_carea' id='block_1_44' title="bbox 534 3335 2096 3427">
    <p class='ocr_par' dir='ltr' id='par_1_44' title="bbox 534 3351 2093 3426">
     <span class='ocr_line' id='line_1_44' title="bbox 534 3351 2093 3426; baseline 0.002 -21"><span class='ocrx_word' id='word_1_429' title='bbox 534 3351 805 3421; x_wconf 77' lang='lat' dir='ltr'><strong>gentiam,</strong></span> <span class='ocrx_word' id='word_1_430' title='bbox 842 3367 945 3407; x_wconf 89' lang='lat' dir='ltr'><strong>nec</strong></span> <span class='ocrx_word' id='word_1_431' title='bbox 976 3367 1130 3423; x_wconf 87' lang='lat' dir='ltr'><strong>spem</strong></span> <span class='ocrx_word' id='word_1_432' title='bbox 1165 3368 1320 3408; x_wconf 89' lang='lat' dir='ltr'><strong>suam</strong></span> <span class='ocrx_word' id='word_1_433' title='bbox 1370 3353 1423 3407; x_wconf 91' lang='lat' dir='ltr'><strong>in</strong></span> <span class='ocrx_word' id='word_1_434' title='bbox 1463 3353 1574 3409; x_wconf 88' lang='lat' dir='ltr'><strong>Deo</strong></span> <span class='ocrx_word' id='word_1_435' title='bbox 1612 3354 1948 3421; x_wconf 83' lang='lat' dir='ltr'><strong>colloeante;</strong></span> <span class='ocrx_word' id='word_1_436' title='bbox 1971 3356 2093 3426; x_wconf 87' lang='lat' dir='ltr'><strong>jnxt</strong></span> 
     </span>
    </p>
   </div>
   <div class='ocr_carea' id='block_1_45' title="bbox 2193 3335 3755 3427">
    <p class='ocr_par' dir='ltr' id='par_1_45' title="bbox 2229 3335 3755 3427">
     <span class='ocr_line' id='line_1_45' title="bbox 2229 3335 3755 3427; baseline -0.008 -16"><span class='ocrx_word' id='word_1_437' title='bbox 2229 3356 2325 3411; x_wconf 70' lang='grc' dir='ltr'><strong>ἐπὶ</strong></span> <span class='ocrx_word' id='word_1_438' title='bbox 2353 3356 2488 3411; x_wconf 77' lang='grc' dir='ltr'>θεὸν</span> <span class='ocrx_word' id='word_1_439' title='bbox 2520 3354 2620 3427; x_wconf 81' lang='grc' dir='ltr'><strong>τὴν</strong></span> <span class='ocrx_word' id='word_1_440' title='bbox 2654 3352 2866 3419; x_wconf 77' lang='grc' dir='ltr'><strong>ἐλπίδα,</strong></span> <span class='ocrx_word' id='word_1_441' title='bbox 2900 3351 3046 3408; x_wconf 83' lang='grc' dir='ltr'>κατὰ</span> <span class='ocrx_word' id='word_1_442' title='bbox 3087 3350 3169 3415; x_wconf 82' lang='grc' dir='ltr'><strong>τὸ,</strong></span> <span class='ocrx_word' id='word_1_443' title='bbox 3199 3369 3218 3400; x_wconf 77' lang='grc' dir='ltr'><em>ι</em></span> <span class='ocrx_word' id='word_1_444' title='bbox 3251 3349 3387 3404; x_wconf 80' lang='grc' dir='ltr'><strong>Ἰδοὺ</strong></span> <span class='ocrx_word' id='word_1_445' title='bbox 3419 3345 3689 3417; x_wconf 71' lang='grc' dir='ltr'><strong>ἄνθρωπος.</strong></span> <span class='ocrx_word' id='word_1_446' title='bbox 3716 3335 3755 3399; x_wconf 72' lang='grc' dir='ltr'><strong>ὃς</strong></span> 
     </span>
    </p>
   </div>
   <div class='ocr_carea' id='block_1_46' title="bbox 538 3434 2100 3519">
    <p class='ocr_par' dir='ltr' id='par_1_46' title="bbox 538 3444 2100 3519">
     <span class='ocr_line' id='line_1_46' title="bbox 538 3444 2100 3519; baseline 0.004 -23"><span class='ocrx_word' id='word_1_447' title='bbox 538 3444 719 3498; x_wconf 90' lang='lat' dir='ltr'><strong>illud:</strong></span> <span class='ocrx_word' id='word_1_448' title='bbox 776 3463 796 3497; x_wconf 85' lang='grc' dir='ltr'><em>ι</em></span> <span class='ocrx_word' id='word_1_449' title='bbox 837 3444 978 3501; x_wconf 82' lang='lat' dir='ltr'><strong>Ecce</strong></span> <span class='ocrx_word' id='word_1_450' title='bbox 1016 3444 1186 3501; x_wconf 88' lang='lat' dir='ltr'><strong>homo</strong></span> <span class='ocrx_word' id='word_1_451' title='bbox 1245 3461 1355 3501; x_wconf 91' lang='lat' dir='ltr'><strong>non</strong></span> <span class='ocrx_word' id='word_1_452' title='bbox 1412 3447 1601 3517; x_wconf 88' lang='lat' dir='ltr'><strong>posuit</strong></span> <span class='ocrx_word' id='word_1_453' title='bbox 1652 3448 1822 3504; x_wconf 87' lang='lat' dir='ltr'><strong>Deum</strong></span> <span class='ocrx_word' id='word_1_454' title='bbox 1870 3449 2100 3519; x_wconf 47' lang='lat' dir='ltr'><strong>prtesidil</strong></span> 
     </span>
    </p>
   </div>
   <div class='ocr_carea' id='block_1_47' title="bbox 2194 3434 3756 3519">
    <p class='ocr_par' dir='ltr' id='par_1_47' title="bbox 2229 3434 3756 3517">
     <span class='ocr_line' id='line_1_47' title="bbox 2229 3434 3756 3517; baseline -0.017 -11"><span class='ocrx_word' id='word_1_455' title='bbox 2229 3452 2333 3506; x_wconf 82' lang='grc' dir='ltr'>οὐκ</span> <span class='ocrx_word' id='word_1_456' title='bbox 2363 3450 2520 3504; x_wconf 76' lang='grc' dir='ltr'>ἔθετο</span> <span class='ocrx_word' id='word_1_457' title='bbox 2564 3449 2657 3503; x_wconf 81' lang='grc' dir='ltr'>τὸν</span> <span class='ocrx_word' id='word_1_458' title='bbox 2710 3445 2843 3501; x_wconf 84' lang='grc' dir='ltr'>Θεὸν</span> <span class='ocrx_word' id='word_1_459' title='bbox 2887 3443 3084 3517; x_wconf 59' lang='grc' dir='ltr'><strong>βοηθὸν</strong></span> <span class='ocrx_word' id='word_1_460' title='bbox 3123 3440 3319 3508; x_wconf 78' lang='grc' dir='ltr'><strong>αὐτοῦ,</strong></span> <span class='ocrx_word' id='word_1_461' title='bbox 3367 3438 3481 3493; x_wconf 74' lang='grc' dir='ltr'><strong>ἀλλ’</strong></span> <span class='ocrx_word' id='word_1_462' title='bbox 3512 3434 3756 3506; x_wconf 75' lang='grc' dir='ltr'><strong>ὲπήλπισεν</strong></span> 
     </span>
    </p>
   </div>
   <div class='ocr_carea' id='block_1_48' title="bbox 534 3534 2096 3616">
    <p class='ocr_par' dir='ltr' id='par_1_48' title="bbox 534 3540 2096 3612">
     <span class='ocr_line' id='line_1_48' title="bbox 534 3540 2096 3612; baseline 0.004 -20"><span class='ocrx_word' id='word_1_463' title='bbox 534 3553 677 3606; x_wconf 86' lang='lat' dir='ltr'><strong>suo,</strong></span> <span class='ocrx_word' id='word_1_464' title='bbox 733 3555 924 3593; x_wconf 78' lang='lat' dir='ltr'><strong>verum</strong></span> <span class='ocrx_word' id='word_1_465' title='bbox 983 3540 1227 3610; x_wconf 84' lang='lat' dir='ltr'><strong>speravit</strong></span> <span class='ocrx_word' id='word_1_466' title='bbox 1278 3541 1335 3596; x_wconf 92' lang='lat' dir='ltr'><strong>in</strong></span> <span class='ocrx_word' id='word_1_467' title='bbox 1388 3542 1547 3612; x_wconf 90' lang='lat' dir='ltr'><strong>copia</strong></span> <span class='ocrx_word' id='word_1_468' title='bbox 1605 3541 1923 3599; x_wconf 87' lang='lat' dir='ltr'><strong>divitiarum</strong></span> <span class='ocrx_word' id='word_1_469' title='bbox 1996 3559 2096 3601; x_wconf 89' lang='lat' dir='ltr'><strong>sua</strong></span> 
     </span>
    </p>
   </div>
   <div class='ocr_carea' id='block_1_49' title="bbox 1661 3534 3223 3616">
    <p class='ocr_par' dir='ltr' id='par_1_49' title="bbox 1668 3534 3223 3616">
     <span class='ocr_line' id='line_1_49' title="bbox 1668 3534 3223 3616; baseline -0.005 -20"><span class='ocrx_word' id='word_1_470' title='bbox 1668 3543 1923 3599; x_wconf 87' lang='lat' dir='ltr'><strong>vitiarum</strong></span> <span class='ocrx_word' id='word_1_471' title='bbox 1996 3559 2128 3601; x_wconf 88' lang='lat' dir='ltr'><strong>sua-</strong></span> <span class='ocrx_word' id='word_1_472' title='bbox 2229 3545 2324 3599; x_wconf 74' lang='grc' dir='ltr'><strong>ἐπὶ</strong></span> <span class='ocrx_word' id='word_1_473' title='bbox 2347 3542 2547 3616; x_wconf 81' lang='grc' dir='ltr'>πλήθει</span> <span class='ocrx_word' id='word_1_474' title='bbox 2576 3540 2671 3596; x_wconf 81' lang='grc' dir='ltr'><strong>τοῦ</strong></span> <span class='ocrx_word' id='word_1_475' title='bbox 2707 3537 2941 3595; x_wconf 76' lang='grc' dir='ltr'><strong>πλούτου</strong></span> <span class='ocrx_word' id='word_1_476' title='bbox 2974 3534 3166 3593; x_wconf 75' lang='grc' dir='ltr'><strong>αὐτοῦ.</strong></span> <span class='ocrx_word' id='word_1_477' title='bbox 3204 3555 3223 3588; x_wconf 76' lang='grc' dir='ltr'>ι</span> 
     </span>
    </p>
   </div>
   <div class='ocr_carea' id='block_1_50' title="bbox 538 3631 812 3685">
    <p class='ocr_par' dir='ltr' id='par_1_50' title="bbox 538 3631 812 3685">
     <span class='ocr_line' id='line_1_50' title="bbox 538 3631 812 3685; baseline 0 -2"><span class='ocrx_word' id='word_1_478' title='bbox 538 3646 660 3685; x_wconf 89' lang='lat' dir='ltr'><strong>rum</strong></span> <span class='ocrx_word' id='word_1_479' title='bbox 693 3631 760 3683; x_wconf 76' lang='grc'><strong>’⁸.</strong></span> <span class='ocrx_word' id='word_1_480' title='bbox 793 3649 812 3683; x_wconf 71' lang='grc' dir='ltr'>ι</span> 
     </span>
    </p>
   </div>
   <div class='ocr_carea' id='block_1_51' title="bbox 609 3693 2171 3799">
    <p class='ocr_par' dir='ltr' id='par_1_51' title="bbox 609 3720 2129 3799">
     <span class='ocr_line' id='line_1_51' title="bbox 609 3720 2129 3799; baseline 0.006 -24"><span class='ocrx_word' id='word_1_481' title='bbox 609 3720 969 3777; x_wconf 83' lang='lat' dir='ltr'><strong>Meditabitur</strong></span> <span class='ocrx_word' id='word_1_482' title='bbox 998 3740 1117 3779; x_wconf 78' lang='lat' dir='ltr'><strong>vero</strong></span> <span class='ocrx_word' id='word_1_483' title='bbox 1167 3723 1644 3782; x_wconf 81' lang='lat' dir='ltr'><strong>Deuteronamium</strong></span> <span class='ocrx_word' id='word_1_484' title='bbox 1688 3728 1800 3782; x_wconf 86' lang='lat' dir='ltr'><strong>dies</strong></span> <span class='ocrx_word' id='word_1_485' title='bbox 1830 3737 2129 3799; x_wconf 78' lang='lat' dir='ltr'><strong>noctesque.</strong></span> 
     </span>
    </p>
   </div>
   <div class='ocr_carea' id='block_1_52' title="bbox 2195 3693 3757 3799">
    <p class='ocr_par' dir='ltr' id='par_1_52' title="bbox 2303 3693 3757 3799">
     <span class='ocr_line' id='line_1_52' title="bbox 2303 3693 3757 3799; baseline -0.009 -22"><span class='ocrx_word' id='word_1_486' title='bbox 2303 3719 2536 3791; x_wconf 71' lang='grc' dir='ltr'><em>Γρὰψει</em></span> <span class='ocrx_word' id='word_1_487' title='bbox 2554 3716 2666 3791; x_wconf 75' lang='grc'><strong>(94)</strong></span> <span class='ocrx_word' id='word_1_488' title='bbox 2692 3713 2886 3781; x_wconf 82' lang='grc' dir='ltr'><strong>ἐαυτῷ</strong></span> <span class='ocrx_word' id='word_1_489' title='bbox 2913 3712 2980 3767; x_wconf 82' lang='grc' dir='ltr'><strong>τὸ</strong></span> <span class='ocrx_word' id='word_1_490' title='bbox 3009 3700 3661 3799; x_wconf 14' lang='grc' dir='ltr'><strong>Δευτερονόμιον.ᾼ’1ξοῦῖξ</strong></span> <span class='ocrx_word' id='word_1_491' title='bbox 3678 3693 3757 3799; x_wconf 57' lang='grc' dir='ltr'><strong>(θξ)</strong></span> 
     </span>
    </p>
   </div>
   <div class='ocr_carea' id='block_1_53' title="bbox 539 3792 2101 3895">
    <p class='ocr_par' dir='ltr' id='par_1_53' title="bbox 539 3792 2101 3888">
     <span class='ocr_line' id='line_1_53' title="bbox 539 3792 2101 3888; baseline 0.003 -22"><span class='ocrx_word' id='word_1_492' title='bbox 539 3808 681 3885; x_wconf 76' lang='lat' dir='ltr'><strong>[l8.]</strong></span> <span class='ocrx_word' id='word_1_493' title='bbox 701 3813 860 3879; x_wconf 82' lang='lat' dir='ltr'><strong>Quod</strong></span> <span class='ocrx_word' id='word_1_494' title='bbox 875 3829 1010 3869; x_wconf 88' lang='lat' dir='ltr'><strong>sane</strong></span> <span class='ocrx_word' id='word_1_495' title='bbox 1023 3814 1091 3870; x_wconf 86' lang='lat' dir='ltr'><strong>de</strong></span> <span class='ocrx_word' id='word_1_496' title='bbox 1110 3815 1262 3869; x_wconf 89' lang='lat' dir='ltr'><strong>nullo</strong></span> <span class='ocrx_word' id='word_1_497' title='bbox 1279 3816 1392 3871; x_wconf 92' lang='lat' dir='ltr'><strong>alio</strong></span> <span class='ocrx_word' id='word_1_498' title='bbox 1407 3817 1696 3887; x_wconf 82' lang='lat' dir='ltr'><strong>Scriptura</strong></span> <span class='ocrx_word' id='word_1_499' title='bbox 1716 3792 2101 3888; x_wconf 81' lang='lat' dir='ltr'><strong>testaturquan</strong></span> 
     </span>
    </p>
   </div>
   <div class='ocr_carea' id='block_1_54' title="bbox 2196 3792 3758 3895">
    <p class='ocr_par' dir='ltr' id='par_1_54' title="bbox 2233 3792 3758 3895">
     <span class='ocr_line' id='line_1_54' title="bbox 2233 3792 3758 3895; baseline -0.018 -24"><span class='ocrx_word' id='word_1_500' title='bbox 2233 3816 2413 3872; x_wconf 69' lang='grc' dir='ltr'>οὐδενὶ</span> <span class='ocrx_word' id='word_1_501' title='bbox 2446 3813 2593 3882; x_wconf 81' lang='grc' dir='ltr'><strong>ἄλλῳ</strong></span> <span class='ocrx_word' id='word_1_502' title='bbox 2642 3808 3076 3882; x_wconf 82' lang='grc' dir='ltr'><strong>μεμαρτύρηκεν</strong></span> <span class='ocrx_word' id='word_1_503' title='bbox 3134 3808 3169 3876; x_wconf 78' lang='grc' dir='ltr'>ἡ</span> <span class='ocrx_word' id='word_1_504' title='bbox 3202 3801 3419 3874; x_wconf 78' lang='grc' dir='ltr'><strong>Γραφὴ,</strong></span> <span class='ocrx_word' id='word_1_505' title='bbox 3458 3797 3594 3895; x_wconf 44' lang='lat' dir='ltr'><strong>siqu</strong></span> <span class='ocrx_word' id='word_1_506' title='bbox 3622 3792 3758 3895; x_wconf 51' lang='grc' dir='ltr'><strong>Ἰιυιῖῐᾳ</strong></span> 
     </span>
    </p>
   </div>
   <div class='ocr_carea' id='block_1_55' title="bbox 538 3882 2100 3984">
    <p class='ocr_par' dir='ltr' id='par_1_55' title="bbox 538 3907 2096 3983">
     <span class='ocr_line' id='line_1_55' title="bbox 538 3907 2096 3983; baseline 0.005 -25"><span class='ocrx_word' id='word_1_507' title='bbox 538 3910 607 3963; x_wconf 86' lang='lat' dir='ltr'><strong>de</strong></span> <span class='ocrx_word' id='word_1_508' title='bbox 631 3907 785 3964; x_wconf 83' lang='lat' dir='ltr'><strong>Josia</strong></span> <span class='ocrx_word' id='word_1_509' title='bbox 819 3925 943 3979; x_wconf 82' lang='lat' dir='ltr'><strong>rege</strong></span> <span class='ocrx_word' id='word_1_510' title='bbox 975 3909 1096 3981; x_wconf 88' lang='lat' dir='ltr'><strong>qui,</strong></span> <span class='ocrx_word' id='word_1_511' title='bbox 1128 3929 1148 3961; x_wconf 77' lang='grc' dir='ltr'>ι</span> <span class='ocrx_word' id='word_1_512' title='bbox 1172 3911 1315 3965; x_wconf 92' lang='lat' dir='ltr'><strong>libro</strong></span> <span class='ocrx_word' id='word_1_513' title='bbox 1344 3911 1400 3965; x_wconf 91' lang='lat' dir='ltr'><strong>in</strong></span> <span class='ocrx_word' id='word_1_514' title='bbox 1425 3914 1591 3966; x_wconf 91' lang='lat' dir='ltr'><strong>domo</strong></span> <span class='ocrx_word' id='word_1_515' title='bbox 1615 3910 1707 3966; x_wconf 87' lang='lat' dir='ltr'><strong>Dei</strong></span> <span class='ocrx_word' id='word_1_516' title='bbox 1730 3927 1874 3983; x_wconf 61' lang='lat' dir='ltr'><strong>aegre</strong></span> <span class='ocrx_word' id='word_1_517' title='bbox 1908 3912 2096 3967; x_wconf 85' lang='lat' dir='ltr'><strong>iuvent</strong></span> 
     </span>
    </p>
   </div>
   <div class='ocr_carea' id='block_1_56' title="bbox 2197 3882 3759 3984">
    <p class='ocr_par' dir='ltr' id='par_1_56' title="bbox 2232 3882 3759 3984">
     <span class='ocr_line' id='line_1_56' title="bbox 2232 3882 3759 3984; baseline -0.018 -19"><span class='ocrx_word' id='word_1_518' title='bbox 2232 3912 2312 3984; x_wconf 82' lang='grc' dir='ltr'><strong>τῷ</strong></span> <span class='ocrx_word' id='word_1_519' title='bbox 2345 3907 2577 3981; x_wconf 72' lang='grc' dir='ltr'><strong>βασιλεῖ,</strong></span> <span class='ocrx_word' id='word_1_520' title='bbox 2612 3904 2798 3977; x_wconf 79' lang='grc' dir='ltr'><strong>[μόλις</strong></span> <span class='ocrx_word' id='word_1_521' title='bbox 2826 3900 3145 3972; x_wconf 77' lang='grc' dir='ltr'>εὑρεθέντος</span> <span class='ocrx_word' id='word_1_522' title='bbox 3181 3898 3242 3950; x_wconf 79' lang='grc' dir='ltr'>ὲν</span> <span class='ocrx_word' id='word_1_523' title='bbox 3279 3897 3412 3966; x_wconf 80' lang='grc' dir='ltr'><strong>οἴκῳ</strong></span> <span class='ocrx_word' id='word_1_524' title='bbox 3444 3890 3571 3947; x_wconf 80' lang='grc' dir='ltr'>Θεοῦ</span> <span class='ocrx_word' id='word_1_525' title='bbox 3596 3885 3674 3984; x_wconf 48' lang='grc' dir='ltr'><strong>τοῦ</strong></span> <span class='ocrx_word' id='word_1_526' title='bbox 3699 3882 3759 3952; x_wconf 79' lang='grc' dir='ltr'><strong>βι·</strong></span> 
     </span>
    </p>
   </div>
   <div class='ocr_carea' id='block_1_57' title="bbox 538 3979 2100 4080">
    <p class='ocr_par' dir='ltr' id='par_1_57' title="bbox 538 4000 2095 4073">
     <span class='ocr_line' id='line_1_57' title="bbox 538 4000 2095 4073; baseline 0.003 -20"><span class='ocrx_word' id='word_1_527' title='bbox 538 4000 817 4071; x_wconf 84' lang='lat' dir='ltr'><strong>lectoque,</strong></span> <span class='ocrx_word' id='word_1_528' title='bbox 848 4009 1090 4068; x_wconf 79' lang='lat' dir='ltr'><strong>vestem,</strong></span> <span class='ocrx_word' id='word_1_529' title='bbox 1140 4018 1208 4058; x_wconf 90' lang='lat' dir='ltr'><strong>eo</strong></span> <span class='ocrx_word' id='word_1_530' title='bbox 1264 4004 1415 4073; x_wconf 91' lang='lat' dir='ltr'><strong>quod</strong></span> <span class='ocrx_word' id='word_1_531' title='bbox 1470 4005 1775 4058; x_wconf 86' lang='lat' dir='ltr'><strong>cnormiter</strong></span> <span class='ocrx_word' id='word_1_532' title='bbox 1826 4003 2095 4059; x_wconf 80' lang='lat' dir='ltr'><strong>vixissent</strong></span> 
     </span>
    </p>
   </div>
   <div class='ocr_carea' id='block_1_58' title="bbox 2196 3979 3758 4080">
    <p class='ocr_par' dir='ltr' id='par_1_58' title="bbox 2234 3979 3758 4080">
     <span class='ocr_line' id='line_1_58' title="bbox 2234 3979 3758 4080; baseline -0.017 -22"><span class='ocrx_word' id='word_1_533' title='bbox 2234 3979 2387 4058; x_wconf 51' lang='grc' dir='ltr'><strong>ὁλίόυ</strong></span> <span class='ocrx_word' id='word_1_534' title='bbox 2409 4018 2425 4035; x_wconf 79' lang='grc' dir='ltr'><strong><em>ο</em></strong></span> <span class='ocrx_word' id='word_1_535' title='bbox 2454 4000 2551 4055; x_wconf 74' lang='grc' dir='ltr'><strong>καὶ</strong></span> <span class='ocrx_word' id='word_1_536' title='bbox 2583 3997 2852 4066; x_wconf 75' lang='grc' dir='ltr'><strong>ἀναγνοὺς</strong></span> <span class='ocrx_word' id='word_1_537' title='bbox 2880 3992 3135 4066; x_wconf 78' lang='grc' dir='ltr'>διέρῤηξε</span> <span class='ocrx_word' id='word_1_538' title='bbox 3157 3990 3259 4061; x_wconf 80' lang='grc' dir='ltr'><strong>τὴν</strong></span> <span class='ocrx_word' id='word_1_539' title='bbox 3281 3990 3481 4058; x_wconf 78' lang='grc' dir='ltr'><strong>ἐσθῆτα</strong></span> <span class='ocrx_word' id='word_1_540' title='bbox 3507 3984 3571 4080; x_wconf 45' lang='grc' dir='ltr'><strong>διῖ</strong></span> <span class='ocrx_word' id='word_1_541' title='bbox 3597 3979 3629 4035; x_wconf 79' lang='grc' dir='ltr'><strong>ἃ</strong></span> <span class='ocrx_word' id='word_1_542' title='bbox 3654 3989 3758 4080; x_wconf 57' lang='grc' dir='ltr'><strong>πᾶξ-</strong></span> 
     </span>
    </p>
   </div>
   <div class='ocr_carea' id='block_1_59' title="bbox 538 4076 2100 4170">
    <p class='ocr_par' dir='ltr' id='par_1_59' title="bbox 538 4092 2100 4170">
     <span class='ocr_line' id='line_1_59' title="bbox 538 4092 2100 4170; baseline 0.006 -29"><span class='ocrx_word' id='word_1_543' title='bbox 538 4092 817 4163; x_wconf 84' lang='lat' dir='ltr'><strong>disrupit.</strong></span> <span class='ocrx_word' id='word_1_544' title='bbox 854 4108 920 4148; x_wconf 91' lang='lat' dir='ltr'><strong>ac</strong></span> <span class='ocrx_word' id='word_1_545' title='bbox 955 4092 1155 4149; x_wconf 90' lang='lat' dir='ltr'><strong>librum</strong></span> <span class='ocrx_word' id='word_1_546' title='bbox 1192 4095 1341 4150; x_wconf 89' lang='lat' dir='ltr'><strong>omni</strong></span> <span class='ocrx_word' id='word_1_547' title='bbox 1369 4096 1577 4170; x_wconf 89' lang='lat' dir='ltr'><strong>popqu</strong></span> <span class='ocrx_word' id='word_1_548' title='bbox 1608 4094 1942 4151; x_wconf 80' lang='lat' dir='ltr'><strong>exaudiente</strong></span> <span class='ocrx_word' id='word_1_549' title='bbox 1975 4096 2100 4151; x_wconf 90' lang='lat' dir='ltr'><strong>lecti</strong></span> 
     </span>
    </p>
   </div>
   <div class='ocr_carea' id='block_1_60' title="bbox 2196 4076 3758 4170">
    <p class='ocr_par' dir='ltr' id='par_1_60' title="bbox 2233 4076 3758 4166">
     <span class='ocr_line' id='line_1_60' title="bbox 2233 4076 3758 4166; baseline -0.012 -20"><span class='ocrx_word' id='word_1_550' title='bbox 2233 4094 2540 4166; x_wconf 78' lang='grc' dir='ltr'><strong>ηνόμησαν,</strong></span> <span class='ocrx_word' id='word_1_551' title='bbox 2564 4090 2662 4144; x_wconf 71' lang='grc' dir='ltr'><strong>καὶ</strong></span> <span class='ocrx_word' id='word_1_552' title='bbox 2690 4088 2903 4159; x_wconf 81' lang='grc' dir='ltr'>ἀνέγνω</span> <span class='ocrx_word' id='word_1_553' title='bbox 2923 4086 2985 4140; x_wconf 83' lang='grc' dir='ltr'><strong>τὸ</strong></span> <span class='ocrx_word' id='word_1_554' title='bbox 3028 4083 3238 4157; x_wconf 76' lang='grc' dir='ltr'>βιϐλίον</span> <span class='ocrx_word' id='word_1_555' title='bbox 3267 4085 3328 4136; x_wconf 83' lang='grc' dir='ltr'><strong>ὲν</strong></span> <span class='ocrx_word' id='word_1_556' title='bbox 3355 4082 3465 4144; x_wconf 81' lang='grc' dir='ltr'><strong>τοῖς</strong></span> <span class='ocrx_word' id='word_1_557' title='bbox 3486 4076 3583 4131; x_wconf 68' lang='grc' dir='ltr'><strong>ὠσὶ</strong></span> <span class='ocrx_word' id='word_1_558' title='bbox 3605 4076 3758 4127; x_wconf 67' lang='grc' dir='ltr'><strong>παντὸς</strong></span> 
     </span>
    </p>
   </div>
   <div class='ocr_carea' id='block_1_61' title="bbox 541 4182 2103 4256">
    <p class='ocr_par' dir='ltr' id='par_1_61' title="bbox 541 4184 824 4239">
     <span class='ocr_line' id='line_1_61' title="bbox 541 4184 824 4239; baseline -0.004 -2"><span class='ocrx_word' id='word_1_559' title='bbox 541 4184 680 4239; x_wconf 85' lang='lat' dir='ltr'><strong>tavit</strong></span> <span class='ocrx_word' id='word_1_560' title='bbox 700 4184 768 4238; x_wconf 76' lang='grc'><strong>³³.</strong></span> <span class='ocrx_word' id='word_1_561' title='bbox 805 4203 824 4236; x_wconf 73' lang='grc' dir='ltr'>ι</span> 
     </span>
    </p>
   </div>
   <div class='ocr_carea' id='block_1_62' title="bbox 983 4182 2545 4256">
    <p class='ocr_par' dir='ltr' id='par_1_62' title="bbox 2178 4182 2545 4256">
     <span class='ocr_line' id='line_1_62' title="bbox 2178 4182 2545 4256; baseline -0.014 -15"><span class='ocrx_word' id='word_1_562' title='bbox 2178 4252 2183 4255; x_wconf 91' lang='lat'>_</span> <span class='ocrx_word' id='word_1_563' title='bbox 2238 4186 2333 4241; x_wconf 73' lang='grc' dir='ltr'><strong>τοῦ</strong></span> <span class='ocrx_word' id='word_1_564' title='bbox 2367 4182 2545 4256; x_wconf 82' lang='grc' dir='ltr'><strong>λαοῦ.]</strong></span> 
     </span>
    </p>
   </div>
   <div class='ocr_carea' id='block_1_63' title="bbox 617 4279 3755 4376">
    <p class='ocr_par' dir='ltr' id='par_1_63' title="bbox 617 4279 3755 4376">
     <span class='ocr_line' id='line_1_63' title="bbox 617 4279 3755 4376; baseline -0.005 -24"><span class='ocrx_word' id='word_1_565' title='bbox 617 4298 876 4356; x_wconf 80' lang='lat' dir='ltr'><strong>Dieinans</strong></span> <span class='ocrx_word' id='word_1_566' title='bbox 944 4300 1349 4357; x_wconf 73' lang='lat' dir='ltr'><strong>divinationem.</strong></span> <span class='ocrx_word' id='word_1_567' title='bbox 1402 4301 1633 4374; x_wconf 69' lang='lat' dir='ltr'><strong>[XVIIL</strong></span> <span class='ocrx_word' id='word_1_568' title='bbox 1701 4301 1833 4376; x_wconf 75' lang='lat' dir='ltr'><strong>IL]</strong></span> <span class='ocrx_word' id='word_1_569' title='bbox 1896 4301 2073 4359; x_wconf 88' lang='lat' dir='ltr'><strong>Omne</strong></span> <span class='ocrx_word' id='word_1_570' title='bbox 2100 4316 2276 4372; x_wconf 88' lang='lat' dir='ltr'><strong>genus</strong></span> <span class='ocrx_word' id='word_1_571' title='bbox 2325 4298 2687 4355; x_wconf 90' lang='lat' dir='ltr'><strong>divinationis</strong></span> <span class='ocrx_word' id='word_1_572' title='bbox 2745 4294 3102 4351; x_wconf 72' lang='lat' dir='ltr'><strong>dmmoniaca:</strong></span> <span class='ocrx_word' id='word_1_573' title='bbox 3164 4286 3469 4345; x_wconf 84' lang='lat' dir='ltr'><strong>interdicit.</strong></span> <span class='ocrx_word' id='word_1_574' title='bbox 3532 4279 3615 4337; x_wconf 86' lang='lat' dir='ltr'><strong>Dei</strong></span> <span class='ocrx_word' id='word_1_575' title='bbox 3648 4279 3755 4376; x_wconf 53' lang='lat' dir='ltr'><strong>cui!“</strong></span> 
     </span>
    </p>
   </div>
   <div class='ocr_carea' id='block_1_64' title="bbox 541 4374 2103 4463">
    <p class='ocr_par' dir='ltr' id='par_1_64' title="bbox 541 4374 2103 4462">
     <span class='ocr_line' id='line_1_64' title="bbox 541 4374 2103 4462; baseline 0.003 -19"><span class='ocrx_word' id='word_1_576' title='bbox 541 4390 763 4452; x_wconf 85' lang='lat' dir='ltr'><strong>solius,</strong></span> <span class='ocrx_word' id='word_1_577' title='bbox 823 4390 1294 4460; x_wconf 86' lang='lat' dir='ltr'><strong>quemadmodum</strong></span> <span class='ocrx_word' id='word_1_578' title='bbox 1353 4392 1545 4446; x_wconf 90' lang='lat' dir='ltr'><strong>mundi</strong></span> <span class='ocrx_word' id='word_1_579' title='bbox 1610 4374 1933 4459; x_wconf 81' lang='lat' dir='ltr'><strong>opiﬁcium,</strong></span> <span class='ocrx_word' id='word_1_580' title='bbox 1983 4407 2103 4462; x_wconf 80' lang='lat' dir='ltr'><strong>qnel</strong></span> 
     </span>
    </p>
   </div>
   <div class='ocr_carea' id='block_1_65' title="bbox 2192 4374 3754 4463">
    <p class='ocr_par' dir='ltr' id='par_1_65' title="bbox 2192 4374 3754 4463">
     <span class='ocr_line' id='line_1_65' title="bbox 2192 4374 3754 4463; baseline -0.01 -19"><span class='ocrx_word' id='word_1_581' title='bbox 2192 4390 2449 4444; x_wconf 85' lang='lat' dir='ltr'><strong>dmodum</strong></span> <span class='ocrx_word' id='word_1_582' title='bbox 2517 4386 2817 4441; x_wconf 84' lang='lat' dir='ltr'><strong>viviﬁcatio</strong></span> <span class='ocrx_word' id='word_1_583' title='bbox 2874 4383 3239 4449; x_wconf 87' lang='lat' dir='ltr'><strong>omniumque</strong></span> <span class='ocrx_word' id='word_1_584' title='bbox 3304 4389 3484 4432; x_wconf 87' lang='lat' dir='ltr'><strong>rerum</strong></span> <span class='ocrx_word' id='word_1_585' title='bbox 3533 4374 3754 4463; x_wconf 48' lang='grc' dir='ltr'><strong>ρρξοῐξιξθξ</strong></span> 
     </span>
    </p>
   </div>
   <div class='ocr_carea' id='block_1_66' title="bbox 540 4455 3756 4553">
    <p class='ocr_par' dir='ltr' id='par_1_66' title="bbox 540 4455 3756 4553">
     <span class='ocr_line' id='line_1_66' title="bbox 540 4455 3756 4553; baseline 0.001 -21"><span class='ocrx_word' id='word_1_586' title='bbox 540 4494 728 4535; x_wconf 86' lang='lat' dir='ltr'><strong>rerum</strong></span> <span class='ocrx_word' id='word_1_587' title='bbox 761 4455 1075 4544; x_wconf 65' lang='lat' dir='ltr'><strong>futiiratzum</strong></span> <span class='ocrx_word' id='word_1_588' title='bbox 1108 4482 1353 4551; x_wconf 84' lang='lat' dir='ltr'><strong>cognitio</strong></span> <span class='ocrx_word' id='word_1_589' title='bbox 1379 4481 1604 4553; x_wconf 91' lang='lat' dir='ltr'><strong>propria</strong></span> <span class='ocrx_word' id='word_1_590' title='bbox 1631 4455 1738 4538; x_wconf 84' lang='lat' dir='ltr'><strong>est.</strong></span> <span class='ocrx_word' id='word_1_591' title='bbox 1772 4484 1851 4536; x_wconf 86' lang='lat' dir='ltr'><strong>Ae</strong></span> <span class='ocrx_word' id='word_1_592' title='bbox 1882 4455 2016 4538; x_wconf 76' lang='lat' dir='ltr'><strong>sane</strong></span> <span class='ocrx_word' id='word_1_593' title='bbox 2045 4480 2250 4550; x_wconf 89' lang='lat' dir='ltr'><strong>impius</strong></span> <span class='ocrx_word' id='word_1_594' title='bbox 2302 4486 2389 4534; x_wconf 90' lang='lat' dir='ltr'><strong>est</strong></span> <span class='ocrx_word' id='word_1_595' title='bbox 2430 4476 2522 4548; x_wconf 89' lang='lat' dir='ltr'><strong>qui</strong></span> <span class='ocrx_word' id='word_1_596' title='bbox 2554 4475 2777 4530; x_wconf 65' lang='lat' dir='ltr'><strong>Satanae</strong></span> <span class='ocrx_word' id='word_1_597' title='bbox 2822 4486 2945 4527; x_wconf 89' lang='lat' dir='ltr'><strong>eam</strong></span> <span class='ocrx_word' id='word_1_598' title='bbox 2998 4467 3271 4523; x_wconf 83' lang='lat' dir='ltr'><strong>attribuit.</strong></span> <span class='ocrx_word' id='word_1_599' title='bbox 3298 4466 3376 4520; x_wconf 91' lang='lat' dir='ltr'><strong>De</strong></span> <span class='ocrx_word' id='word_1_600' title='bbox 3408 4476 3513 4532; x_wconf 84' lang='lat' dir='ltr'><strong>d“°</strong></span> <span class='ocrx_word' id='word_1_601' title='bbox 3557 4455 3756 4512; x_wconf 65' lang='grc' dir='ltr'><strong>θ¹¹τ¹⁵¹¹¹⁵</strong></span> 
     </span>
    </p>
   </div>
   <div class='ocr_carea' id='block_1_67' title="bbox 542 4552 3756 4641">
    <p class='ocr_par' dir='ltr' id='par_1_67' title="bbox 542 4552 3756 4641">
     <span class='ocr_line' id='line_1_67' title="bbox 542 4552 3756 4641; baseline -0.006 -20"><span class='ocrx_word' id='word_1_602' title='bbox 542 4568 767 4639; x_wconf 73' lang='lat' dir='ltr'><strong>inquit:</strong></span> <span class='ocrx_word' id='word_1_603' title='bbox 821 4587 841 4621; x_wconf 75' lang='grc' dir='ltr'>ι</span> <span class='ocrx_word' id='word_1_604' title='bbox 888 4568 1124 4635; x_wconf 82' lang='lat' dir='ltr'><strong>Quando</strong></span> <span class='ocrx_word' id='word_1_605' title='bbox 1180 4570 1530 4626; x_wconf 86' lang='lat' dir='ltr'><strong>mendacium</strong></span> <span class='ocrx_word' id='word_1_606' title='bbox 1587 4570 1871 4641; x_wconf 85' lang='lat' dir='ltr'><strong>loquitur,</strong></span> <span class='ocrx_word' id='word_1_607' title='bbox 1946 4586 2011 4626; x_wconf 73' lang='lat' dir='ltr'><strong>ex</strong></span> <span class='ocrx_word' id='word_1_608' title='bbox 2092 4584 2198 4624; x_wconf 87' lang='lat' dir='ltr'><strong>suo</strong></span> <span class='ocrx_word' id='word_1_609' title='bbox 2241 4568 2458 4639; x_wconf 86' lang='lat' dir='ltr'><strong>peculio</strong></span> <span class='ocrx_word' id='word_1_610' title='bbox 2512 4564 2803 4631; x_wconf 83' lang='lat' dir='ltr'><strong>loquitur,</strong></span> <span class='ocrx_word' id='word_1_611' title='bbox 2866 4558 3130 4631; x_wconf 89' lang='lat' dir='ltr'><strong>quoniam</strong></span> <span class='ocrx_word' id='word_1_612' title='bbox 3185 4554 3446 4641; x_wconf 47' lang='lat' dir='ltr'><strong>mendae</strong></span> <span class='ocrx_word' id='word_1_613' title='bbox 3482 4554 3560 4605; x_wconf 86' lang='lat' dir='ltr'><strong>est</strong></span> <span class='ocrx_word' id='word_1_614' title='bbox 3614 4552 3756 4641; x_wconf 52' lang='lat' dir='ltr'><strong>illiciti:</strong></span> 
     </span>
    </p>
   </div>
   <div class='ocr_carea' id='block_1_68' title="bbox 541 4636 2103 4731">
    <p class='ocr_par' dir='ltr' id='par_1_68' title="bbox 541 4636 2103 4731">
     <span class='ocr_line' id='line_1_68' title="bbox 541 4636 2103 4731; baseline 0.002 -20"><span class='ocrx_word' id='word_1_615' title='bbox 541 4636 837 4714; x_wconf 79' lang='lat' dir='ltr'><strong>admodum</strong></span> <span class='ocrx_word' id='word_1_616' title='bbox 873 4668 1031 4730; x_wconf 77' lang='lat' dir='ltr'><strong>pater</strong></span> <span class='ocrx_word' id='word_1_617' title='bbox 1096 4660 1274 4730; x_wconf 92' lang='lat' dir='ltr'><strong>ipsius</strong></span> <span class='ocrx_word' id='word_1_618' title='bbox 1299 4659 1366 4715; x_wconf 84' lang='grc'><strong>³⁸.</strong></span> <span class='ocrx_word' id='word_1_619' title='bbox 1406 4678 1426 4712; x_wconf 69' lang='grc' dir='ltr'>ι</span> <span class='ocrx_word' id='word_1_620' title='bbox 1462 4657 1811 4731; x_wconf 88' lang='lat' dir='ltr'><strong>Quapropter</strong></span> <span class='ocrx_word' id='word_1_621' title='bbox 1863 4674 1988 4714; x_wconf 91' lang='lat' dir='ltr'><strong>cum</strong></span> <span class='ocrx_word' id='word_1_622' title='bbox 2032 4675 2103 4714; x_wconf 84' lang='lat' dir='ltr'><strong>ve</strong></span> 
     </span>
    </p>
   </div>
   <div class='ocr_carea' id='block_1_69' title="bbox 2195 4636 3757 4731">
    <p class='ocr_par' dir='ltr' id='par_1_69' title="bbox 2195 4636 3757 4731">
     <span class='ocr_line' id='line_1_69' title="bbox 2195 4636 3757 4731; baseline -0.021 -21"><span class='ocrx_word' id='word_1_623' title='bbox 2195 4636 2321 4711; x_wconf 82' lang='lat' dir='ltr'><strong>item</strong></span> <span class='ocrx_word' id='word_1_624' title='bbox 2368 4652 2695 4709; x_wconf 87' lang='lat' dir='ltr'><strong>divinationi</strong></span> <span class='ocrx_word' id='word_1_625' title='bbox 2750 4663 2847 4720; x_wconf 88' lang='lat' dir='ltr'><strong>per</strong></span> <span class='ocrx_word' id='word_1_626' title='bbox 2895 4646 3182 4700; x_wconf 81' lang='lat' dir='ltr'><strong>Christum</strong></span> <span class='ocrx_word' id='word_1_627' title='bbox 3219 4642 3384 4698; x_wconf 72' lang='lat' dir='ltr'><strong>edita:</strong></span> <span class='ocrx_word' id='word_1_628' title='bbox 3436 4636 3757 4731; x_wconf 47' lang='lat' dir='ltr'><strong>lex-astruere</strong></span> 
     </span>
    </p>
   </div>
   <div class='ocr_carea' id='block_1_70' title="bbox 541 4722 3758 4816">
    <p class='ocr_par' dir='ltr' id='par_1_70' title="bbox 541 4722 3758 4816">
     <span class='ocr_line' id='line_1_70' title="bbox 541 4722 3758 4816; baseline -0.005 -21"><span class='ocrx_word' id='word_1_629' title='bbox 541 4745 731 4810; x_wconf 79' lang='lat' dir='ltr'><strong>vellet,</strong></span> <span class='ocrx_word' id='word_1_630' title='bbox 765 4722 900 4799; x_wconf 80' lang='lat' dir='ltr'><strong>illud</strong></span> <span class='ocrx_word' id='word_1_631' title='bbox 927 4722 1140 4800; x_wconf 61' lang='lat' dir='ltr'><strong>intulit:</strong></span> <span class='ocrx_word' id='word_1_632' title='bbox 1177 4765 1197 4798; x_wconf 73' lang='grc' dir='ltr'><em>ι</em></span> <span class='ocrx_word' id='word_1_633' title='bbox 1230 4722 1664 4816; x_wconf 46' lang='grc' dir='ltr'><strong>Ρτοριιειεηίοκ</strong></span> <span class='ocrx_word' id='word_1_634' title='bbox 1692 4722 1970 4801; x_wconf 63' lang='grc' dir='ltr'>Τιέιῑνὶιιιιε</span> <span class='ocrx_word' id='word_1_635' title='bbox 1991 4747 2104 4801; x_wconf 90' lang='lat' dir='ltr'><strong>tuis</strong></span> <span class='ocrx_word' id='word_1_636' title='bbox 2142 4744 2246 4801; x_wconf 91' lang='lat' dir='ltr'><strong>mei</strong></span> <span class='ocrx_word' id='word_1_637' title='bbox 2279 4743 2516 4797; x_wconf 86' lang='lat' dir='ltr'><strong>similem</strong></span> <span class='ocrx_word' id='word_1_638' title='bbox 2547 4738 2814 4795; x_wconf 77' lang='lat' dir='ltr'><strong>excitabit</strong></span> <span class='ocrx_word' id='word_1_639' title='bbox 2848 4736 2946 4789; x_wconf 90' lang='lat' dir='ltr'><strong>tibi</strong></span> <span class='ocrx_word' id='word_1_640' title='bbox 2994 4732 3257 4788; x_wconf 87' lang='lat' dir='ltr'><strong>Dominus</strong></span> <span class='ocrx_word' id='word_1_641' title='bbox 3298 4728 3495 4816; x_wconf 72' lang='lat' dir='ltr'><strong>Deus.t</strong></span> <span class='ocrx_word' id='word_1_642' title='bbox 3525 4722 3758 4816; x_wconf 81' lang='lat' dir='ltr'><strong>Ipse</strong></span> 
     </span>
    </p>
   </div>
   <div class='ocr_carea' id='block_1_71' title="bbox 540 4814 3756 4912">
    <p class='ocr_par' dir='ltr' id='par_1_71' title="bbox 540 4814 3756 4912">
     <span class='ocr_line' id='line_1_71' title="bbox 540 4814 3756 4912; baseline -0.004 -29"><span class='ocrx_word' id='word_1_643' title='bbox 540 4848 652 4901; x_wconf 86' lang='lat' dir='ltr'><strong>qne</strong></span> <span class='ocrx_word' id='word_1_644' title='bbox 678 4829 849 4887; x_wconf 87' lang='lat' dir='ltr'><strong>Isaias</strong></span> <span class='ocrx_word' id='word_1_645' title='bbox 868 4832 970 4887; x_wconf 85' lang='lat' dir='ltr'><strong>soli</strong></span> <span class='ocrx_word' id='word_1_646' title='bbox 1004 4832 1115 4888; x_wconf 90' lang='lat' dir='ltr'><strong>Deo</strong></span> <span class='ocrx_word' id='word_1_647' title='bbox 1137 4814 1537 4889; x_wconf 81' lang='lat' dir='ltr'><strong>divinationem</strong></span> <span class='ocrx_word' id='word_1_648' title='bbox 1573 4832 1801 4900; x_wconf 89' lang='lat' dir='ltr'><strong>addicit,</strong></span> <span class='ocrx_word' id='word_1_649' title='bbox 1844 4834 2145 4904; x_wconf 88' lang='lat' dir='ltr'><strong>inquiens:</strong></span> <span class='ocrx_word' id='word_1_650' title='bbox 2183 4853 2201 4885; x_wconf 77' lang='grc' dir='ltr'><em>ι</em></span> <span class='ocrx_word' id='word_1_651' title='bbox 2224 4830 2610 4889; x_wconf 82' lang='lat' dir='ltr'><strong>Recordamini</strong></span> <span class='ocrx_word' id='word_1_652' title='bbox 2649 4828 2836 4899; x_wconf 84' lang='lat' dir='ltr'><strong>priora</strong></span> <span class='ocrx_word' id='word_1_653' title='bbox 2886 4824 2959 4880; x_wconf 87' lang='lat' dir='ltr'><strong>ab</strong></span> <span class='ocrx_word' id='word_1_654' title='bbox 2989 4821 3249 4912; x_wconf 75' lang='lat' dir='ltr'><strong>omnibus</strong></span> <span class='ocrx_word' id='word_1_655' title='bbox 3277 4815 3527 4912; x_wconf 58' lang='lat' dir='ltr'><strong>saeculis,</strong></span> 
     </span>
    </p>
   </div>
   <div class='ocr_carea' id='block_1_72' title="bbox 540 4892 3755 4994">
    <p class='ocr_par' dir='ltr' id='par_1_72' title="bbox 540 4892 3755 4994">
     <span class='ocr_line' id='line_1_72' title="bbox 540 4892 3755 4994; baseline -0.002 -19"><span class='ocrx_word' id='word_1_656' title='bbox 540 4892 647 4992; x_wconf 73' lang='lat' dir='ltr'><strong>ego</strong></span> <span class='ocrx_word' id='word_1_657' title='bbox 687 4936 812 4978; x_wconf 91' lang='lat' dir='ltr'><strong>sum</strong></span> <span class='ocrx_word' id='word_1_658' title='bbox 863 4917 1029 4981; x_wconf 85' lang='lat' dir='ltr'><strong>Deus.</strong></span> <span class='ocrx_word' id='word_1_659' title='bbox 1056 4937 1161 4977; x_wconf 88' lang='lat' dir='ltr'><strong>nec</strong></span> <span class='ocrx_word' id='word_1_660' title='bbox 1199 4930 1287 4978; x_wconf 88' lang='lat' dir='ltr'><strong>est</strong></span> <span class='ocrx_word' id='word_1_661' title='bbox 1316 4931 1517 4992; x_wconf 65' lang='lat' dir='ltr'><strong>prarter</strong></span> <span class='ocrx_word' id='word_1_662' title='bbox 1546 4939 1655 4989; x_wconf 90' lang='lat' dir='ltr'><strong>me,</strong></span> <span class='ocrx_word' id='word_1_663' title='bbox 1686 4892 2051 4994; x_wconf 42' lang='lat' dir='ltr'><strong>qui&#39;extr&#39;ema</strong></span> <span class='ocrx_word' id='word_1_664' title='bbox 2084 4930 2247 4976; x_wconf 87' lang='lat' dir='ltr'><strong>antea</strong></span> <span class='ocrx_word' id='word_1_665' title='bbox 2291 4920 2584 4977; x_wconf 85' lang='lat' dir='ltr'><strong>denuntiet</strong></span> <span class='ocrx_word' id='word_1_666' title='bbox 2616 4932 2783 4988; x_wconf 90' lang='lat' dir='ltr'><strong>quam</strong></span> <span class='ocrx_word' id='word_1_667' title='bbox 2844 4911 3067 4969; x_wconf 77' lang='lat' dir='ltr'><strong>ﬁant“.</strong></span> <span class='ocrx_word' id='word_1_668' title='bbox 3109 4929 3127 4959; x_wconf 74' lang='grc' dir='ltr'>ι</span> <span class='ocrx_word' id='word_1_669' title='bbox 3163 4907 3461 4964; x_wconf 79' lang='lat' dir='ltr'><strong>Veritatem</strong></span> <span class='ocrx_word' id='word_1_670' title='bbox 3511 4899 3659 4994; x_wconf 58' lang='grc' dir='ltr'><strong>ἰείίξξτ</strong></span> 
     </span>
    </p>
   </div>
   <div class='ocr_carea' id='block_1_73' title="bbox 543 4974 3755 5081">
    <p class='ocr_par' dir='ltr' id='par_1_73' title="bbox 543 4974 3755 5081">
     <span class='ocr_line' id='line_1_73' title="bbox 543 4974 3755 5081; baseline -0.007 -15"><span class='ocrx_word' id='word_1_671' title='bbox 543 4974 689 5079; x_wconf 47' lang='lat' dir='ltr'><strong>sicne</strong></span> <span class='ocrx_word' id='word_1_672' title='bbox 725 5011 985 5081; x_wconf 87' lang='lat' dir='ltr'><strong>loquatur</strong></span> <span class='ocrx_word' id='word_1_673' title='bbox 1016 5008 1207 5075; x_wconf 88' lang='lat' dir='ltr'><strong>Satan,</strong></span> <span class='ocrx_word' id='word_1_674' title='bbox 1237 5026 1304 5066; x_wconf 87' lang='lat' dir='ltr'><strong>ex</strong></span> <span class='ocrx_word' id='word_1_675' title='bbox 1319 4974 1559 5080; x_wconf 88' lang='lat' dir='ltr'><strong>rpeculio</strong></span> <span class='ocrx_word' id='word_1_676' title='bbox 1591 4974 1773 5067; x_wconf 67' lang='lat' dir='ltr'><strong>tamen</strong></span> <span class='ocrx_word' id='word_1_677' title='bbox 1815 5027 1919 5067; x_wconf 88' lang='lat' dir='ltr'><strong>suo</strong></span> <span class='ocrx_word' id='word_1_678' title='bbox 1962 5028 2067 5067; x_wconf 84' lang='lat' dir='ltr'><strong>non</strong></span> <span class='ocrx_word' id='word_1_679' title='bbox 2127 5011 2389 5081; x_wconf 79' lang='lat' dir='ltr'><strong>loquitur.</strong></span> <span class='ocrx_word' id='word_1_680' title='bbox 2440 5007 2790 5077; x_wconf 85' lang='lat' dir='ltr'><strong>Quapropter</strong></span> <span class='ocrx_word' id='word_1_681' title='bbox 2827 5002 3106 5056; x_wconf 60' lang='lat' dir='ltr'><strong>daemones</strong></span> <span class='ocrx_word' id='word_1_682' title='bbox 3151 5004 3209 5052; x_wconf 91' lang='lat' dir='ltr'><strong>et</strong></span> <span class='ocrx_word' id='word_1_683' title='bbox 3244 4994 3571 5081; x_wconf 41' lang='lat' dir='ltr'><strong>Christus‘el</strong></span> <span class='ocrx_word' id='word_1_684' title='bbox 3604 4974 3755 5081; x_wconf 38' lang='grc' dir='ltr'><strong>ιξίιυξξξξ</strong></span> 
     </span>
    </p>
   </div>
   <div class='ocr_carea' id='block_1_74' title="bbox 543 5067 3757 5169">
    <p class='ocr_par' dir='ltr' id='par_1_74' title="bbox 543 5067 3757 5169">
     <span class='ocr_line' id='line_1_74' title="bbox 543 5067 3757 5169; baseline -0.004 -17"><span class='ocrx_word' id='word_1_685' title='bbox 543 5067 858 5168; x_wconf 69' lang='lat' dir='ltr'><strong>increpant,</strong></span> <span class='ocrx_word' id='word_1_686' title='bbox 893 5099 939 5155; x_wconf 90' lang='lat' dir='ltr'><strong>si</strong></span> <span class='ocrx_word' id='word_1_687' title='bbox 970 5112 1161 5154; x_wconf 80' lang='lat' dir='ltr'><strong>rerum</strong></span> <span class='ocrx_word' id='word_1_688' title='bbox 1187 5067 1402 5153; x_wconf 71' lang='lat' dir='ltr'><strong>dixisse</strong></span> <span class='ocrx_word' id='word_1_689' title='bbox 1425 5098 1742 5161; x_wconf 82' lang='lat' dir='ltr'><strong>videantur,</strong></span> <span class='ocrx_word' id='word_1_690' title='bbox 1762 5107 2023 5169; x_wconf 88' lang='lat' dir='ltr'><strong>tanquam</strong></span> <span class='ocrx_word' id='word_1_691' title='bbox 2057 5099 2239 5154; x_wconf 88' lang='lat' dir='ltr'><strong>mellis</strong></span> <span class='ocrx_word' id='word_1_692' title='bbox 2265 5096 2530 5153; x_wconf 91' lang='lat' dir='ltr'><strong>mistione</strong></span> <span class='ocrx_word' id='word_1_693' title='bbox 2554 5091 2879 5149; x_wconf 83' lang='lat' dir='ltr'><strong>acerbitatis</strong></span> <span class='ocrx_word' id='word_1_694' title='bbox 2902 5102 3129 5145; x_wconf 87' lang='lat' dir='ltr'><strong>sensum</strong></span> <span class='ocrx_word' id='word_1_695' title='bbox 3158 5084 3479 5169; x_wconf 76' lang='lat' dir='ltr'><strong>adimenteS-</strong></span> <span class='ocrx_word' id='word_1_696' title='bbox 3498 5067 3757 5169; x_wconf 48' lang='grc' dir='ltr'><strong>Οιιοάξθξῗ</strong></span> 
     </span>
    </p>
   </div>
   <div class='ocr_carea' id='block_1_75' title="bbox 543 5158 3752 5284">
    <p class='ocr_par' dir='ltr' id='par_1_75' title="bbox 543 5158 3752 5284">
     <span class='ocr_line' id='line_1_75' title="bbox 543 5158 3752 5284; baseline -0.005 -45"><span class='ocrx_word' id='word_1_697' title='bbox 543 5158 804 5242; x_wconf 74' lang='lat' dir='ltr'><strong>Christus</strong></span> <span class='ocrx_word' id='word_1_698' title='bbox 823 5188 1092 5257; x_wconf 87' lang='lat' dir='ltr'><strong>propheta</strong></span> <span class='ocrx_word' id='word_1_699' title='bbox 1115 5186 1209 5241; x_wconf 89' lang='lat' dir='ltr'><strong>ille</strong></span> <span class='ocrx_word' id='word_1_700' title='bbox 1246 5185 1315 5242; x_wconf 90' lang='lat' dir='ltr'><strong>de</strong></span> <span class='ocrx_word' id='word_1_701' title='bbox 1346 5201 1459 5257; x_wconf 91' lang='lat' dir='ltr'><strong>quo</strong></span> <span class='ocrx_word' id='word_1_702' title='bbox 1495 5186 1549 5240; x_wconf 90' lang='lat' dir='ltr'><strong>in</strong></span> <span class='ocrx_word' id='word_1_703' title='bbox 1585 5188 2001 5255; x_wconf 69' lang='lat' dir='ltr'><strong>praesentiarum</strong></span> <span class='ocrx_word' id='word_1_704' title='bbox 2042 5187 2270 5251; x_wconf 86' lang='lat' dir='ltr'><strong>dicitur,</strong></span> <span class='ocrx_word' id='word_1_705' title='bbox 2315 5183 2502 5246; x_wconf 82' lang='lat' dir='ltr'><strong>fuerit,</strong></span> <span class='ocrx_word' id='word_1_706' title='bbox 2547 5194 2646 5235; x_wconf 87' lang='lat' dir='ltr'><strong>nec</strong></span> <span class='ocrx_word' id='word_1_707' title='bbox 2666 5177 2839 5233; x_wconf 80' lang='lat' dir='ltr'><strong>Josua</strong></span> <span class='ocrx_word' id='word_1_708' title='bbox 2862 5171 3226 5284; x_wconf 39' lang='lat' dir='ltr'><strong>~ililiusi‘ia&#39;ve,</strong></span> <span class='ocrx_word' id='word_1_709' title='bbox 3252 5166 3593 5284; x_wconf 52' lang='lat' dir='ltr'><strong>mquiles&#39;tm:</strong></span> 
     </span>
    </p>
   </div>
   <div class='ocr_carea' id='block_1_76' title="bbox 542 5246 3753 5350">
    <p class='ocr_par' dir='ltr' id='par_1_76' title="bbox 542 5246 3753 5350">
     <span class='ocr_line' id='line_1_76' title="bbox 542 5246 3753 5350; baseline -0.008 -23"><span class='ocrx_word' id='word_1_710' title='bbox 542 5289 614 5329; x_wconf 83' lang='lat' dir='ltr'><strong>eo</strong></span> <span class='ocrx_word' id='word_1_711' title='bbox 635 5274 778 5345; x_wconf 85' lang='lat' dir='ltr'><strong>quod</strong></span> <span class='ocrx_word' id='word_1_712' title='bbox 812 5246 961 5329; x_wconf 74' lang='lat' dir='ltr'><strong>circa</strong></span> <span class='ocrx_word' id='word_1_713' title='bbox 1001 5274 1165 5329; x_wconf 80' lang='lat' dir='ltr'><strong>ﬁnem</strong></span> <span class='ocrx_word' id='word_1_714' title='bbox 1209 5246 1623 5329; x_wconf 47' lang='lat' dir='ltr'><strong>Deuteionondi</strong></span> <span class='ocrx_word' id='word_1_715' title='bbox 1655 5275 1895 5330; x_wconf 83' lang='lat' dir='ltr'><strong>dicitur:</strong></span> <span class='ocrx_word' id='word_1_716' title='bbox 1946 5293 1966 5327; x_wconf 77' lang='grc' dir='ltr'>ι</span> <span class='ocrx_word' id='word_1_717' title='bbox 2000 5273 2121 5328; x_wconf 86' lang='lat' dir='ltr'><strong>Non</strong></span> <span class='ocrx_word' id='word_1_718' title='bbox 2160 5246 2403 5331; x_wconf 79' lang='lat' dir='ltr'><strong>surrexit</strong></span> <span class='ocrx_word' id='word_1_719' title='bbox 2448 5270 2687 5341; x_wconf 86' lang='lat' dir='ltr'><strong>amplius</strong></span> <span class='ocrx_word' id='word_1_720' title='bbox 2722 5265 2989 5338; x_wconf 88' lang='lat' dir='ltr'><strong>propheta</strong></span> <span class='ocrx_word' id='word_1_721' title='bbox 3024 5263 3080 5316; x_wconf 88' lang='lat' dir='ltr'><strong>in</strong></span> <span class='ocrx_word' id='word_1_722' title='bbox 3124 5258 3429 5350; x_wconf 71' lang='lat' dir='ltr'><strong>Jerusalem</strong></span> <span class='ocrx_word' id='word_1_723' title='bbox 3481 5246 3753 5350; x_wconf 40' lang='lat' dir='ltr'><strong>talis‘t’t-Uﬂ&#39;:</strong></span> 
     </span>
    </p>
   </div>
   <div class='ocr_carea' id='block_1_77' title="bbox 547 5328 3750 5435">
    <p class='ocr_par' dir='ltr' id='par_1_77' title="bbox 547 5328 3750 5435">
     <span class='ocr_line' id='line_1_77' title="bbox 547 5328 3750 5435; baseline -0.002 -18"><span class='ocrx_word' id='word_1_724' title='bbox 547 5328 727 5421; x_wconf 69' lang='lat' dir='ltr'><strong>Moses</strong></span> <span class='ocrx_word' id='word_1_725' title='bbox 752 5365 965 5420; x_wconf 84' lang='lat' dir='ltr'><strong>exstitit</strong></span> <span class='ocrx_word' id='word_1_726' title='bbox 991 5365 1091 5419; x_wconf 71' lang='grc' dir='ltr'><strong>υ.»</strong></span> <span class='ocrx_word' id='word_1_727' title='bbox 1123 5363 1186 5418; x_wconf 87' lang='grc' dir='ltr'><strong>Ει</strong></span> <span class='ocrx_word' id='word_1_728' title='bbox 1206 5365 1336 5421; x_wconf 87' lang='lat' dir='ltr'><strong>alibi</strong></span> <span class='ocrx_word' id='word_1_729' title='bbox 1365 5382 1422 5420; x_wconf 73' lang='grc' dir='ltr'><strong>τι</strong></span> <span class='ocrx_word' id='word_1_730' title='bbox 1448 5363 1641 5435; x_wconf 83' lang='lat' dir='ltr'><strong>Etjam</strong></span> <span class='ocrx_word' id='word_1_731' title='bbox 1670 5364 1961 5421; x_wconf 85' lang='lat' dir='ltr'><strong>suscitavit</strong></span> <span class='ocrx_word' id='word_1_732' title='bbox 1981 5381 2128 5427; x_wconf 83' lang='lat' dir='ltr'><strong>eum,</strong></span> <span class='ocrx_word' id='word_1_733' title='bbox 2155 5372 2209 5418; x_wconf 80' lang='lat' dir='ltr'><strong>et</strong></span> <span class='ocrx_word' id='word_1_734' title='bbox 2225 5361 2514 5418; x_wconf 86' lang='lat' dir='ltr'><strong>constituit</strong></span> <span class='ocrx_word' id='word_1_735' title='bbox 2536 5371 2722 5412; x_wconf 86' lang='lat' dir='ltr'><strong>coram</strong></span> <span class='ocrx_word' id='word_1_736' title='bbox 2735 5364 2851 5409; x_wconf 91' lang='lat' dir='ltr'><strong>toto</strong></span> <span class='ocrx_word' id='word_1_737' title='bbox 2870 5351 3129 5416; x_wconf 66' lang='lat' dir='ltr'><strong>coetu&quot;,i</strong></span> <span class='ocrx_word' id='word_1_738' title='bbox 3157 5356 3216 5403; x_wconf 82' lang='lat' dir='ltr'><strong>ut</strong></span> <span class='ocrx_word' id='word_1_739' title='bbox 3246 5348 3298 5402; x_wconf 89' lang='lat' dir='ltr'><strong>in</strong></span> <span class='ocrx_word' id='word_1_740' title='bbox 3322 5328 3750 5435; x_wconf 40' lang='grc' dir='ltr'><strong>Νυιηθτίεογξτωη</strong></span> 
     </span>
    </p>
   </div>
   <div class='ocr_carea' id='block_1_78' title="bbox 549 5424 3673 5523">
    <p class='ocr_par' dir='ltr' id='par_1_78' title="bbox 549 5424 3673 5523">
     <span class='ocr_line' id='line_1_78' title="bbox 549 5424 3673 5523; baseline -0.007 -20"><span class='ocrx_word' id='word_1_741' title='bbox 549 5467 658 5505; x_wconf 87' lang='lat' dir='ltr'><strong>non</strong></span> <span class='ocrx_word' id='word_1_742' title='bbox 693 5450 797 5506; x_wconf 78' lang='lat' dir='ltr'><strong>fuit</strong></span> <span class='ocrx_word' id='word_1_743' title='bbox 836 5451 1116 5520; x_wconf 82' lang='lat' dir='ltr'><strong>legislator</strong></span> <span class='ocrx_word' id='word_1_744' title='bbox 1157 5451 1296 5509; x_wconf 82' lang='lat' dir='ltr'><strong>Mosi</strong></span> <span class='ocrx_word' id='word_1_745' title='bbox 1327 5424 1551 5518; x_wconf 63' lang='lat' dir='ltr'><strong>similis,</strong></span> <span class='ocrx_word' id='word_1_746' title='bbox 1586 5468 1767 5523; x_wconf 89' lang='lat' dir='ltr'><strong>neque</strong></span> <span class='ocrx_word' id='word_1_747' title='bbox 1799 5466 1987 5522; x_wconf 87' lang='lat' dir='ltr'><strong>parem</strong></span> <span class='ocrx_word' id='word_1_748' title='bbox 2032 5424 2266 5522; x_wconf 71' lang='lat' dir='ltr'><strong>adeptus</strong></span> <span class='ocrx_word' id='word_1_749' title='bbox 2301 5459 2388 5505; x_wconf 88' lang='lat' dir='ltr'><strong>est</strong></span> <span class='ocrx_word' id='word_1_750' title='bbox 2424 5446 2679 5520; x_wconf 88' lang='lat' dir='ltr'><strong>gratiam,</strong></span> <span class='ocrx_word' id='word_1_751' title='bbox 2714 5451 2925 5515; x_wconf 90' lang='lat' dir='ltr'><strong>partem</strong></span> <span class='ocrx_word' id='word_1_752' title='bbox 2966 5440 3238 5494; x_wconf 79' lang='lat' dir='ltr'><strong>duntaxat</strong></span> <span class='ocrx_word' id='word_1_753' title='bbox 3271 5435 3443 5505; x_wconf 86' lang='lat' dir='ltr'><strong>ipsius</strong></span> <span class='ocrx_word' id='word_1_754' title='bbox 3475 5424 3673 5491; x_wconf 68' lang='lat' dir='ltr'><strong>accep&quot;-</strong></span> 
     </span>
    </p>
   </div>
   <div class='ocr_carea' id='block_1_79' title="bbox 619 5540 2181 5663">
    <p class='ocr_par' dir='ltr' id='par_1_79' title="bbox 619 5577 2181 5663">
     <span class='ocr_line' id='line_1_79' title="bbox 619 5577 2181 5663; baseline 0.003 -33"><span class='ocrx_word' id='word_1_755' title='bbox 619 5580 694 5663; x_wconf 38' lang='grc' dir='ltr'><strong>ξ’..</strong></span> <span class='ocrx_word' id='word_1_756' title='bbox 732 5577 924 5663; x_wconf 51' lang='grc' dir='ltr'><strong>ῃπιιΙι.</strong></span> <span class='ocrx_word' id='word_1_757' title='bbox 969 5579 1205 5663; x_wconf 56' lang='grc' dir='ltr'><strong>χχιι-μὶ.</strong></span> <span class='ocrx_word' id='word_1_758' title='bbox 1285 5583 1331 5614; x_wconf 63' lang='grc'>³⁸</span> <span class='ocrx_word' id='word_1_759' title='bbox 1358 5583 1507 5663; x_wconf 54' lang='lat'><strong>1:53}.</strong></span> <span class='ocrx_word' id='word_1_760' title='bbox 1543 5598 1604 5648; x_wconf 89' lang='lat' dir='ltr'><strong>Il,</strong></span> <span class='ocrx_word' id='word_1_761' title='bbox 1632 5581 1688 5636; x_wconf 84' lang='lat'><strong>6.</strong></span> <span class='ocrx_word' id='word_1_762' title='bbox 1766 5579 2181 5663; x_wconf 30' lang='lat' dir='ltr'><strong>&quot;damnarat:</strong></span> 
     </span>
    </p>
   </div>
   <div class='ocr_carea' id='block_1_80' title="bbox 2183 5540 3745 5663">
    <p class='ocr_par' dir='ltr' id='par_1_80' title="bbox 2183 5540 3745 5663">
     <span class='ocr_line' id='line_1_80' title="bbox 2183 5540 3745 5663; baseline -0.007 9"><span class='ocrx_word' id='word_1_763' title='bbox 2183 5581 2218 5635; x_wconf 74' lang='grc' dir='ltr'><strong>⁵ο</strong></span> <span class='ocrx_word' id='word_1_764' title='bbox 2295 5579 2344 5612; x_wconf 84' lang='grc'><strong>’⁸</strong></span> <span class='ocrx_word' id='word_1_765' title='bbox 2383 5576 2554 5663; x_wconf 58' lang='lat' dir='ltr'><strong>Eiet:</strong></span> <span class='ocrx_word' id='word_1_766' title='bbox 2590 5569 3125 5663; x_wconf 41' lang='lat'><strong>“9.?‘.-._-1&quot;_‘91’.&quot;.:</strong></span> <span class='ocrx_word' id='word_1_767' title='bbox 3161 5585 3244 5663; x_wconf 57' lang='lat'><strong>‘2&#39;;</strong></span> <span class='ocrx_word' id='word_1_768' title='bbox 3271 5567 3325 5624; x_wconf 75' lang='lat'><strong>‘-</strong></span> <span class='ocrx_word' id='word_1_769' title='bbox 3374 5540 3745 5663; x_wconf 64' lang='lat' dir='ltr'><strong>.1&#39;..&quot;.f1&quot;1&quot;.&#39;.?.2</strong></span> 
     </span>
    </p>
   </div>
   <div class='ocr_carea' id='block_1_81' title="bbox 548 5627 2110 5778">
    <p class='ocr_par' dir='ltr' id='par_1_81' title="bbox 548 5627 2105 5778">
     <span class='ocr_line' id='line_1_81' title="bbox 548 5627 2105 5778; baseline -0.042 -73"><span class='ocrx_word' id='word_1_770' title='bbox 548 5649 694 5778; x_wconf 41' lang='grc' dir='ltr'>ἓν</span> <span class='ocrx_word' id='word_1_771' title='bbox 732 5627 1299 5724; x_wconf 51' lang='lat' dir='ltr'><strong>Itilg.}xo:&quot;1&#39;seqq.</strong></span> <span class='ocrx_word' id='word_1_772' title='bbox 1359 5627 1604 5707; x_wconf 46' lang='grc' dir='ltr'><strong>ἰἔῇδηὶίς</strong></span> <span class='ocrx_word' id='word_1_773' title='bbox 1636 5627 1769 5711; x_wconf 47' lang='lat' dir='ltr'><strong>&quot;gn&quot;</strong></span> <span class='ocrx_word' id='word_1_774' title='bbox 1801 5627 2060 5707; x_wconf 40' lang='grc' dir='ltr'><strong>ἅλω-ηυ-</strong></span> <span class='ocrx_word' id='word_1_775' title='bbox 2079 5627 2105 5707; x_wconf 60' lang='grc'><strong>,1</strong></span> 
     </span>
    </p>
   </div>
   <div class='ocr_carea' id='block_1_82' title="bbox 2139 5627 3701 5778">
    <p class='ocr_par' dir='ltr' id='par_1_82' title="bbox 2139 5627 3701 5708">
     <span class='ocr_line' id='line_1_82' title="bbox 2139 5627 3701 5708; baseline -0.018 -2"><span class='ocrx_word' id='word_1_776' title='bbox 2139 5627 2734 5708; x_wconf 23' lang='lat' dir='ltr'><strong>at&#39;xu&#39;tiildiifﬁ“</strong></span> <span class='ocrx_word' id='word_1_777' title='bbox 2760 5627 2924 5699; x_wconf 85' lang='lat' dir='ltr'><strong>Deut.</strong></span> <span class='ocrx_word' id='word_1_778' title='bbox 2959 5655 3147 5704; x_wconf 70' lang='lat' dir='ltr'><strong>xx&#39;uv,</strong></span> <span class='ocrx_word' id='word_1_779' title='bbox 3177 5627 3264 5694; x_wconf 77' lang='lat' dir='ltr'><strong>I0.</strong></span> <span class='ocrx_word' id='word_1_780' title='bbox 3374 5634 3419 5668; x_wconf 86' lang='grc'><strong>³³</strong></span> <span class='ocrx_word' id='word_1_781' title='bbox 3446 5630 3592 5686; x_wconf 78' lang='lat' dir='ltr'><strong>Num.</strong></span> <span class='ocrx_word' id='word_1_782' title='bbox 3622 5627 3701 5673; x_wconf 72' lang='grc' dir='ltr'><strong>Π*</strong></span> 
     </span>
    </p>
   </div>
   <div class='ocr_carea' id='block_1_83' title="bbox 2070 5810 2308 5867">
    <p class='ocr_par' dir='ltr' id='par_1_83' title="bbox 2070 5810 2308 5867">
     <span class='ocr_line' id='line_1_83' title="bbox 2070 5810 2308 5867; baseline -0.017 0"><span class='ocrx_word' id='word_1_783' title='bbox 2070 5810 2308 5867; x_wconf 67' lang='grc' dir='ltr'><strong>ΝΟΤίΕ.</strong></span> 
     </span>
    </p>
   </div>
   <div class='ocr_carea' id='block_1_84' title="bbox 621 5899 2902 5982">
    <p class='ocr_par' dir='ltr' id='par_1_84' title="bbox 621 5899 2902 5982">
     <span class='ocr_line' id='line_1_84' title="bbox 621 5899 2902 5982; baseline -0.006 -17"><span class='ocrx_word' id='word_1_784' title='bbox 621 5910 735 5979; x_wconf 70' lang='grc' dir='ltr'><strong>ιθι)</strong></span> <span class='ocrx_word' id='word_1_785' title='bbox 766 5908 1088 5982; x_wconf 52' lang='lat' dir='ltr'><strong>Massa-ﬁssa.</strong></span> <span class='ocrx_word' id='word_1_786' title='bbox 1138 5910 1195 5963; x_wconf 86' lang='grc' dir='ltr'>Ὀ</span> <span class='ocrx_word' id='word_1_787' title='bbox 1231 5911 1326 5980; x_wconf 75' lang='grc' dir='ltr'><strong>τῆς</strong></span> <span class='ocrx_word' id='word_1_788' title='bbox 1361 5907 1496 5977; x_wconf 78' lang='grc' dir='ltr'><strong>Λύγ.</strong></span> <span class='ocrx_word' id='word_1_789' title='bbox 1535 5907 1665 5962; x_wconf 81' lang='grc' dir='ltr'><strong>κώδ.</strong></span> <span class='ocrx_word' id='word_1_790' title='bbox 2318 5903 2431 5973; x_wconf 66' lang='lat'><strong>{93)</strong></span> <span class='ocrx_word' id='word_1_791' title='bbox 2464 5902 2660 5975; x_wconf 82' lang='grc' dir='ltr'>Ὅπερ.</span> <span class='ocrx_word' id='word_1_792' title='bbox 2696 5900 2754 5954; x_wconf 86' lang='lat' dir='ltr'><strong>&#39;U</strong></span> <span class='ocrx_word' id='word_1_793' title='bbox 2780 5899 2902 5954; x_wconf 79' lang='grc' dir='ltr'><strong>αὐτ.</strong></span> 
     </span>
    </p>
   </div>
  </div>
