3956 6398
262 372 371 441 917

1199 377 1739 439 COMMENTARII
1778 376 1859 437 IN
1894 374 2593 439 DEUTERONOMIUM.

3441 376 3546 441 918

339 494 467 547 Ὀτι
519 492 578 547 δὲ
624 492 747 547 οὐδὲ
796 491 956 546 ἄλλον
1006 492 1130 547 τινὰ
1171 492 1326 562 δηλοῖ
1375 493 1485 547 τῶν
1534 494 1852 565 προφητῶν,

2032 491 2187 558 Quod
2220 509 2348 548 vcro
2381 493 2594 548 nullum
2653 490 3044 562 prophetarum
3103 491 3271 546 alium
3327 492 3547 556 innuat,

260 584 427 656 δῆλον
457 586 522 639 ἐκ
560 584 652 638 τοῦ
688 584 917 671 πολλοὺς
941 584 1228 654 γεγονέναι
1270 586 1582 657 προφήτας,
1613 586 1691 649 ὡς
1727 586 1858 656 περὶ

262 678 386 742 ἐνὸς
420 677 475 731 δὲ
507 678 628 731 κατ’
655 677 933 748 ἐξαίρετον
952 677 1238 746 λέγεσθαι.
1275 678 1373 730 Ὃν
1400 676 1464 748 δὴ
1491 679 1586 731 καὶ
1610 677 1729 731 κατ’
1755 677 1857 730 αύ-

261 771 362 822 τὸν
390 770 723 842 γενήσεσθαί
765 786 899 840 φησι
943 770 1207 840 Μωῦσῆς.
1258 770 1358 823 Ὃν
1392 786 1500 841 περ
1551 770 1647 823 καὶ
1685 786 1858 839 προσ-

262 860 539 925 δοκῶντες
580 862 829 915 Ἰουδαῖοι
868 861 1008 933 μετὰ
1040 861 1335 925 τοσούτους
1380 862 1679 929 γεγονότας
1721 879 1858 933 προ·-

264 953 449 1020 φήτας
475 953 705 1024 ἠρώτων
739 951 829 1006 τὸν
862 952 1142 1022 Ἰωάννην,
1171 972 1189 1003 ι
1217 954 1286 1006 Συ
1317 949 1369 1005 εἷ
1409 954 1438 1005 6
1469 954 1799 1024 προφήτης;
1836 971 1854 1003 ι

268 1046 345 1099 Ὀ
370 1045 423 1098 δέ
455 1063 645 1116 φησιν,
676 1047 790 1099 Οὐκ
809 1044 949 1117 εἰμὶ,
981 1045 1160 1098 καίτοι
1180 1047 1467 1117 προφήτης
1496 1044 1591 1099 ὥν.
1615 1046 1741 1111 Ιιῶς
1769 1042 1861 1100 οὖν

263 1139 420 1191 κατὰ
452 1139 546 1192 τὸν
582 1138 826 1193 Μωΰσέα
854 1137 1109 1210 Χριστὸς,
1151 1138 1245 1192 καὶ
1290 1139 1493 1207 μείζων
1522 1141 1767 1206 ὲκείνου;
1803 1141 1862 1195 '0

265 1230 376 1300 μὲν
408 1232 516 1302 γὰρ
539 1231 919 1305 ἠλευθέρωσεν
949 1234 1010 1301 ἐξ
1047 1236 1364 1305 Αἰγυπτίων
1401 1236 1531 1289 λαὸν
1565 1236 1661 1289 ἕνα
1683 1252 1697 1268 ·
1726 1237 1864 1307 Χρι-

265 1324 403 1385 στος
423 1322 478 1376 δὲ
510 1321 609 1391 τῆς
640 1324 733 1377 τοῦ
755 1325 1004 1380 διαϐόλου
1045 1326 1370 1391 δυναστείας
1400 1329 1582 1381 πᾶσαν
1606 1327 1707 1398 τὴν
1732 1328 1859 1397 γῆν.

268 1419 377 1480 ’U;
408 1419 759 1491 ὑποχειρίους
793 1422 1006 1487 πάντας
1044 1422 1187 1493 ἔχων
1216 1421 1562 1491 ἀνθρώπους,
1588 1420 1863 1475 νεανιευό-

268 1527 443 1580 μενος
466 1509 641 1579 ἔλεγε⁰
677 1529 697 1562 ι
724 1513 836 1582 Τὴν
866 1513 1198 1586 οἰκουμένην
1227 1514 1355 1584 ὃλην
1382 1513 1770 1585 καταλήψομαι
1796 1514 1861 1584 τῇ

263 1603 422 1673 χειρί
450 1620 551 1674 μου
582 1602 659 1668 ὼς
698 1605 943 1669 νοσσιὰν,
984 1607 1080 1660 καὶ
1132 1607 1210 1671 ώς
1262 1605 1734 1678 καταλελειμμένα
1780 1605 1865 1660 ὼὰ

265 1696 429 1767 ὁρῶο
468 1695 564 1749 καὶ
598 1696 701 1749 οὐκ
730 1696 879 1750 ἔστιν
921 1697 979 1762 ὃς
1021 1698 1375 1767 διαφεύξεταί
1420 1715 1509 1770 με,
1536 1699 1570 1769 ἢ
1619 1698 1864 1752 ἀντείπει

270 1805 390 1858 μει.
420 1809 438 1839 ›

346 1964 506 2034 Αὖθις
525 1970 552 2022 6
571 1968 672 2039 μὲν
697 1969 788 2022 τὸν
807 1970 937 2023 λαὸν
961 1969 1047 2023 διὰ
1083 1971 1364 2042 θαλάσσης
1390 1971 1691 2027 διεϐίϐασεε.
1709 1972 1869 2044 Ἔρυ-

265 2058 412 2128 Opi;
437 2061 848 2124 καταποντίσας
887 2062 1018 2126 τοὺς
1069 2064 1411 2130 Αἰγυπτίους
1436 2081 1450 2093 ·
1476 2067 1506 2119 6
1548 2066 1605 2120 δὲ
1634 2067 1703 2119 τὰ
1737 2066 1865 2138 ἔθνη

266 2150 454 2203 πάντα
478 2151 568 2205 διὰ
603 2152 1007 2224 βαπτίσματος,
1040 2157 1453 2220 καταποντίσας
1477 2157 1618 2228 μετὰ
1641 2158 1736 2212 τοῦ
1752 2159 1866 2213 δια-

263 2239 433 2293 ϐόλου
455 2242 584 2305 τοὺς
616 2243 885 2314 δαίμονας
906 2262 918 2274 ·
965 2248 1105 2317 ὅπερ
1148 2246 1228 2300 ἔτι
1267 2247 1421 2317 δηλοῖ
1456 2249 1549 2302 καὶ
1590 2252 1621 2320 ἡ
1655 2250 1744 2305 διὰ
1770 2252 1865 2305 τοῦ

281 2332 552 2403 Ἰορδάνου
583 2334 853 2400 διάϐασις.
887 2339 1111 2392 σώσασα
1142 2339 1245 2410 μὲν
1271 2338 1539 2404 εὐσεϐεῖς,
1569 2341 1787 2405 ἀσεϐεῖς
1808 2343 1866 2396 δὲ

264 2427 569 2493 διώκοντας
598 2431 893 2502 φθείρασα.
940 2433 999 2485 Ὀ
1046 2432 1145 2502 μὲν
1184 2431 1363 2501 μάννα
1402 2431 1635 2485 δέδωκεν
1666 2432 1864 2504 αἰσθη-

266 2522 398 2574 τόνο
433 2525 461 2576 6
494 2524 551 2578 δὲ
581 2524 816 2595 Χριστὸς
852 2525 1068 2588 ἑαυτὸν,
1105 2526 1270 2597 ἄρτον
1310 2524 1370 2590 ἐξ
1408 2526 1641 2597 ούρανοῦ
1689 2545 1863 2582 κατα-

265 2616 468 2669 ϐάντα.
502 2617 747 2685 Μεσίτης
794 2613 864 2688 ἦν
904 2620 934 2672 6
980 2619 1223 2688 Μωῦσῆς
1285 2619 1505 2689 Ἰσραὴλ
1553 2620 1649 2672 καὶ
1683 2619 1822 2675 Θεοῦ
1849 2638 1863 2654 ·

267 2708 448 2760 ἐθνῶν
475 2708 532 2761 δὲ
563 2710 783 2763 πάντων
813 2710 910 2765 καὶ
940 2708 1035 2764 τοῦ
1067 2712 1282 2783 Πατρὸς
1318 2712 1347 2765 6
1387 2713 1644 2783 Χριστός.
1681 2714 1864 2785 Νομο-

268 2799 437 2869 θέτης
462 2801 669 2863 ἐκεῖνος
705 2800 1154 2872 ὑπηρετούμενος
1179 2800 1259 2872 τῷ
1287 2800 1440 2875 Θεῴη·
1474 2803 1504 2855 6
1527 2801 1585 2855 δὲ
1609 2803 1729 2857 κατ’
1765 2806 1866 2858 αύ-

268 2891 494 2944 θεντίαν
523 2892 599 2956 ὡς
632 2895 766 2956 Θεὶς
790 2893 1019 2958 εἰκότως
1043 2893 1349 2966 νομοθετεῖ,
1376 2894 1552 2962 λέγων
1572 2912 1586 2926 ·
1617 2915 1635 2947 ι
1671 2896 1870 2951 Ἠκού-

272 3000 406 3038 σατε
430 2985 512 3038 ὅτι
547 2985 748 3056 ἐρῤέθη
778 2988 889 3047 τοῖς
921 2987 1190 3057 ἀρχαίοις,
1223 2988 1295 3040 Οὐ
1331 2988 1617 3058 φονεύσεις
1638 3006 1653 3019 ·
1678 2991 1790 3059 ἐγὼ
1812 2991 1873 3046 δὲ

272 3073 422 3143 λέγω
455 3077 605 3146 ὑμῖν,
652 3077 786 3148 μηδὲ
829 3078 1151 3150 ὀργίζεσθαι
1211 3080 1355 3150 εἰκῆ,
1415 3100 1434 3134 ι
1466 3082 1668 3137 καὶτὰ
1717 3084 1867 3154 ἑξῆς.

286 3165 409 3267 ἶΕ-φο
440 3160 520 3230 οἷς
546 3167 883 3267 ὲπιλέγεται,
916 3169 999 3267 ὅτι
1032 3167 1424 3267 έξεπὶήττοντο
1454 3171 1655 3236 πάντες
1683 3174 1776 3231 ἐπὶ
1803 3177 1867 3246 τῇ
1896 3209 1940 3267 c

272 3257 468 3331 διδαχῇ
496 3260 684 3314 αὑτοῦ.
704 3256 813 3314 Ἦν
839 3262 948 3330 γὰρ
975 3261 1244 3316 διδάσκων
1263 3264 1484 3330 αὐτοὺς,
1514 3265 1593 3328 ώς
1619 3265 1868 3330 ἐξουσίαν

270 3351 419 3420 ἔχων
439 3364 454 3378 ³
493 3346 554 3406 οὗ
586 3353 686 3423 τὴν
705 3354 1029 3424 νομοθεσίαν
1052 3355 1103 3408 οί
1130 3355 1338 3409 ἐθνικοὶ
1363 3358 1753 3427 παρεδέξαντο.
1779 3359 1870 3412 Διὸ

272 3443 533 3513 προλέγει
557 3444 745 3512 Δαϐιδ,
776 3464 794 3497 ι
824 3447 1210 3518 Κατὰστησον,
1238 3448 1756 3521 Κύριε,νομοθέτην
1784 3452 1870 3506 ἐπ’

269 3534 494 3598 αὐτούς.
532 3534 836 3592 Γνώτωσαν
868 3537 996 3609 ἔθνη
1027 3539 1112 3593 ὃτι
1139 3538 1421 3611 ἄνθρωποί
1451 3542 1610 3596 εἰσιν.
1639 3560 1659 3593 ι
1694 3543 1870 3616 Ὅπερ

268 3629 301 3681 6
352 3628 593 3696 Μωῦσῆς
650 3630 752 3683 ούκ
806 3631 1102 3703 ἠγνόηκεν,
1155 3633 1231 3697 ώς
1261 3633 1397 3698 Θεὸς
1444 3635 1540 3689 καὶ
1572 3635 1873 3707 νομοθέτης

267 3719 428 3774 ἐστὶν
460 3720 489 3773 6
515 3722 770 3793 Χριστός.
805 3724 1002 3778 Καίτοι
1047 3724 1157 3797 γὰρ
1203 3729 1335 3798 περὶ
1365 3727 1473 3782 τῶν
1504 3727 1651 3782 ἰδίων
1690 3730 1872 3799 νόμων

267 3811 472 3880 εἰπὼν,
495 3818 595 3868 οὐκ
628 3814 746 3869 ἔστι
781 3816 1123 3887 προσθεῖναι,
1146 3819 1243 3873 καὶ
1265 3821 1360 3875 ἀπ’
1390 3820 1573 3875 αὐτῶν
1599 3822 1700 3875 οὐκ
1726 3823 1875 3876 ἔστιν

266 3902 521 3970 ἀφελεῖν,
554 3907 815 3978 ἐννοήσας
856 3908 957 3980 τὴν
1004 3910 1115 3964 τῶν
1158 3913 1508 3966 Δεσποτικῶν
1544 3913 1875 3985 ἀξιωμάτων

272 3996 556 4068 ὑπεροχὴν
587 4003 902 4072 παρεγγυᾷ,
930 4001 1127 4071 λέγων,
1166 4022 1186 4057 ι
1211 4005 1391 4059 Αὑτοῦ
1409 4006 1710 4061 ἀκούσεσθε
1732 4009 1876 4063 κατὰ

268 4090 458 4143 πάντα
490 4091 592 4145 ὅσα
624 4093 721 4148 ἐὰν
758 4093 972 4166 λαλήσῃ
1024 4096 1162 4166 πρὸς
1212 4084 1382 4168 ὑμᾶς,
1417 4117 1438 4151 ι
1469 4100 1718 4155 τουτέστι
1769 4102 1875 4156 κᾶν

265 4181 370 4235 τὸν
400 4182 469 4237 δι’
499 4183 635 4254 ἐμοῦ
665 4184 832 4255 νόμον
859 4186 1020 4260 ἐθέλῃ
1050 4193 1388 4259 μεταποιεῖν.
1417 4189 1534 4245 ’Ἰνα
1572 4192 1630 4246 δὲ
1663 4192 1739 4264 μὴ
1776 4194 1874 4263 μό-

266 4291 369 4329 νον
393 4276 675 4341 Μωῦσὲως
705 4279 735 4332 6
763 4277 923 4347 λόγος
950 4280 1196 4353 ὑπάρχῃ,
1240 4281 1455 4351 βεϐαιοῖ
1483 4281 1675 4338 τοῦτον
1702 4286 1731 4338 ὀ
1766 4286 1877 4339 Πα-

267 4370 407 4441 τὴρ,
439 4370 638 4439 λέγων,
678 4390 698 4423 σ
749 4373 956 4443 Ὀρθῶς
977 4375 1159 4429 πάντα
1192 4376 1293 4429 ὅσα
1319 4375 1615 4448 ὲλάλησας,
1658 4380 1876 4450 προφή-

265 4480 377 4535 την
402 4465 694 4538 ἀναστήσω
723 4467 909 4529 αὐτοίς
956 4467 1148 4539 ὥσπερ
1190 4470 1272 4534 σὲ,
1299 4471 1394 4523 καὶ
1443 4470 1601 4526 δώσω
1629 4471 1690 4524 τὸ
1724 4472 1877 4543 ῥῆμά

1959 600 2026 640 ex
2054 600 2120 640 eo
2147 586 2295 655 quod
2344 586 2499 639 ntulti
2533 587 2815 657 propheta:
2853 584 3075 640 fuerunt
3102 585 3313 641 clarum
3353 594 3459 649 est,
3489 597 3547 642 ut

1960 678 2029 734 de
2061 694 2172 733 uno
2221 680 2460 747 quodam
2510 696 2605 750 per
2643 679 3028 734 excellentiam
3086 679 3322 733 dicatur.
3378 678 3549 745 Quem

1961 784 2097 826 sane
2120 772 2225 827 sibi
2250 788 2473 843 quoque.
2506 772 2741 827 similem
2770 772 2885 827 fore
2916 771 3094 827 Moses
3122 773 3345 828 indicat.
3376 771 3549 839 Quem

1961 863 2185 933 quidem
2220 862 2393 918 Judu-i
2432 879 2652 933 quoque
2696 872 3107 934 exspectantes,
3145 873 3267 932 post
3303 873 3382 918 tot
3427 882 3554 935 prn-

1962 955 2251 1026 pbetarum
2286 957 2452 1011 vitam
2482 955 2748 1011 Joannem
2783 958 3228 1027 interrogaruut:
3266 975 3285 1009 ι
3320 955 3460 1012 Num
3496 967 3552 1010 tu

1962 1048 2236 1118 propheta
2259 1048 2350 1103 ille
2379 1064 2440 1105 es
2467 1048 2512 1081 ³³
2532 1049 2555 1103 ?
2579 1068 2598 1101 ι
2623 1048 2692 1104 At
2712 1049 2801 1104 ille
2835 1064 2896 1105 se
2924 1064 3046 1105 esse
3081 1058 3265 1119 negat,
3299 1051 3554 1121 quamvis

1964 1142 2105 1196 alias
2156 1142 2425 1213 propheta
2500 1150 2673 1197 essrt.
2730 1141 2849 1208 Qua
2920 1142 3088 1210 igitur
3148 1142 3364 1198 ratione
3417 1141 3552 1195 Mosi

1965 1234 2221 1291 Christus
2272 1235 2490 1301 similis,
2540 1234 2649 1288 imo
2681 1234 2858 1303 major
2895 1234 2989 1287 illo
3029 1233 3150 1289 est?
3205 1233 3299 1289 llle
3331 1234 3552 1304 quidem

1966 1340 2033 1381 ex
2092 1325 2334 1398 {Egypto
2389 1327 2626 1382 asseruit
2666 1327 2926 1396 pOpulmn
2980 1328 3207 1381 unicmn
3247 1346 3260 1382 :
3298 1327 3555 1382 Christus

1964 1434 2099 1475 vero
2124 1434 2190 1473 ex
2217 1419 2425 1474 diaboli
2455 1418 2687 1488 imperio
2710 1426 2914 1473 terram
2940 1420 3275 1474 universam.
3297 1418 3399 1485 Qui
3429 1434 3554 1473 cum

1967 1520 2197 1567 cunctos
2223 1506 2480 1567 homines
2508 1504 2735 1565 haberet
2771 1511 3049 1576 subditos,
3072 1510 3299 1579 juvenili
3332 1518 3557 1581 sumpto

1966 1606 2173 1670 animo,
2214 1605 2396 1659 dixit:
2432 1623 2450 1655 ι
2477 1604 2700 1658 Terram
2738 1613 2908 1659 totam
2953 1603 3202 1669 subigam
3239 1620 3404 1658 mam:
3436 1618 3555 1658 mea

1969 1701 2230 1761 tanquam
2266 1691 2385 1745 avis
2430 1692 2661 1760 pullum,
2696 1690 2864 1764 445
2912 1702 2966 1747 et
3007 1692 3260 1765 colligam
3294 1702 3554 1764 tanquam

1968 1799 2071 1837 ora
2098 1784 2310 1838 relicta.
2355 1780 2468 1838 Nec
2494 1783 2588 1854 qui
2636 1799 2720 1839 me
2752 1783 2999 1852 eﬂugiet,
3030 1790 3127 1838 aut
3160 1784 3290 1840 mihi
3330 1786 3560 1840 rcbellet

1897 1858 1941 1915 Β
1970 1884 2053 1932 est
2082 1875 2149 1927 ⁸⁵.
2184 1893 2202 1927 ι

1960 1986 1963 1989 ι
2042 1963 2217 2021 Porro
2253 1965 2345 2019 ille
2383 1964 2603 2035 quidem
2657 1966 2920 2037 populum
2979 1982 3075 2037 per
3116 1983 3270 2024 mare
3312 1968 3560 2024 Rubrum

1970 2056 2239 2124 traduxit,
2267 2056 2669 2128 Aigyptiosque
2696 2058 2866 2113 maris
2896 2056 3156 2114 ﬂuetibus
3182 2059 3439 2116 involvit.
3462 2058 3562 2116 llic

1970 2166 2101 2206 vero
2119 2166 2313 2206 omnes
2340 2159 2531 2220 gentes
2556 2151 2832 2221 baptismo
2863 2152 3106 2222 tinge-ns,
3133 2151 3412 2209 d;emones
3433 2170 3559 2210 cum

1970 2243 2188 2298 diabolo
2217 2243 2535 2307 submersit,
2587 2242 2732 2314 quod
2776 2244 2940 2298 etiam
2992 2243 3260 2298 transitus
3301 2260 3395 2314 per
3432 2242 3562 2299 Jor-

1970 2336 2166 2390 danem
2199 2335 2462 2399 illustrat,
2490 2351 2601 2406 quo
2631 2335 2705 2405 pii
2730 2336 2953 2405 quidem
2984 2345 3115 2391 sunt
3144 2339 3374 2399 servati.
3407 2338 3560 2412 impii

1969 2441 2103 2482 vero
2142 2434 2528 2496 persecutores
2563 2428 2927 2497 pessumdati.
2963 2428 3060 2483 Ille
3106 2428 3330 2499 quidem
3361 2445 3562 2484 manna

1970 2520 2175 2577 sensile
2205 2520 2377 2575 dedit.
2409 2518 2670 2577 Christus
2710 2536 2841 2576 vero
2884 2522 3131 2592 seipsqu
3167 2538 3362 2593 panem
3397 2522 3492 2593 qui
3532 2540 3564 2575 σε

1969 2614 2112 2670 coelo
2151 2612 2464 2669 descendit.
2500 2612 2891 2669 Internuntius
2921 2621 3043 2668 erat
3075 2612 3254 2670 Moses
3290 2614 3566 2669 Israelita-

1969 2722 2092 2761 rum
2125 2714 2290 2773 atque
2331 2703 2449 2760 Dei.
2498 2702 2833 2774 Populorum
2875 2720 3010 2760 vero
3056 2707 3303 2761 omnium
3346 2716 3402 2761 et
3468 2707 3562 2763 Dei

1971 2798 2153 2854 Patris
2181 2798 2442 2854 Christus
2467 2806 2573 2854 est.
2607 2796 2922 2869 Legislator
2951 2807 3070 2854 erat
3102 2800 3215 2868 ille,
3240 2815 3305 2855 ac
3338 2799 3428 2856 Dei
3459 2803 3565 2854 mi-

1974 2894 2168 2948 nister.
2211 2892 2310 2946 llic
2340 2906 2470 2948 vero
2507 2892 2649 2947 Dens
2680 2908 2806 2947 cum
2844 2892 2937 2959 sit,
2975 2893 3202 2964 propria
3228 2895 3565 2949 auctoritate

1973 2986 2175 3039 merito
2206 2984 2355 3055 leges
2390 2984 2552 3040 nobis
2589 2982 2718 3047 fert,
2743 2999 2810 3041 ac
2840 2984 3020 3054 inquit
3053 3003 3067 3038 :
3099 3003 3117 3037 ι
3152 2986 3399 3042 Audistis
3418 2989 3566 3058 quod

1974 3076 2181 3131 dictum
2218 3086 2305 3132 est
2340 3076 2609 3147 antiquis,
2645 3074 2766 3131 Non
2792 3076 3056 3145 occides;
3086 3087 3140 3131 at
3173 3094 3274 3149 ego
3306 3079 3431 3136 dico
3467 3096 3564 3135 vo-

1977 3168 2085 3234 bis,
2113 3167 2193 3223 Ne
2228 3169 2493 3224 irascaris
2527 3169 2626 3224 abs
2651 3184 2710 3224 re
2741 3168 2842 3235 ⁸⁸,ι
2880 3178 2929 3224 et
2957 3185 3081 3239 quae
3114 3170 3398 3242 deinceps.
3429 3170 3567 3228 Pro-

1976 3270 2159 3330 pterea
2215 3261 2439 3324 dicitur,
2494 3260 2642 3331 quod
2690 3276 2884 3316 omnes
2930 3276 3098 3331 super
3146 3261 3399 3318 doctrina
3440 3264 3568 3333 ejus

1972 3352 2367 3423 obstupuerint
2403 3353 2471 3405 ³⁷.
2514 3351 2759 3408 Docebat
2801 3353 2950 3408 enim
3003 3369 3100 3409 eos
3135 3361 3399 3425 tanquam
3438 3356 3568 3426 quis

1974 3446 2309 3501 auctoritate
2335 3443 2624 3515 pmditns.
2656 3444 2829 3514 Cujus
2851 3460 2987 3500 sane
3018 3445 3170 3516 leges
3198 3446 3405 3501 ethnici
3426 3463 3573 3517 quo-

1974 3552 2083 3606 que
2105 3547 2459 3607 acceperunt.
2484 3535 2761 3603 Quocirca
2792 3536 3128 3592 vaticinatur
3160 3536 3330 3592 David
3351 3556 3394 3592 τι
3416 3538 3567 3594 Corr-

1975 3632 2144 3686 stitue
2194 3629 2589 3699 legislaturem,
2626 3627 2891 3694 Domine,
2935 3644 3103 3698 super
3145 3629 3318 3700 ipsos.
3347 3630 3570 3701 Cogno-

1975 3729 2134 3779 scant
2181 3731 2375 3793 gentes
2426 3721 2572 3792 quod
2622 3722 2884 3776 homines
2921 3728 3052 3777 sunt
3095 3721 3165 3775 ³⁸.
3208 3741 3226 3773 ι
3258 3722 3416 3787 Quod
3453 3738 3568 3777 non

1978 3815 2255 3886 ignoravit
2287 3812 2490 3877 Moses,
2519 3814 2665 3883 quod
2699 3812 2843 3868 Deus
2873 3823 2930 3868 et
2952 3813 3130 3883 legum
3151 3813 3291 3868 lator
3312 3812 3572 3869 Christus

1977 3916 2085 3961 est.
2122 3906 2237 3961 Etsi
2265 3906 2413 3960 enim
2441 3906 2510 3961 de
2539 3908 2656 3960 suis
2698 3907 2914 3976 legibus
2945 3906 3109 3969 dixit,
3152 3905 3273 3961 Non
3312 3906 3437 3961 licet
3470 3909 3572 3961 ad-

1977 4001 2130 4063 dere,
2161 4016 2260 4054 nec
2293 3999 2362 4053 ab
2378 3999 2460 4053 eis
2476 3999 2701 4054 demere
2729 3999 2854 4054 licet
2885 4000 2949 4065 ³³,
2983 4008 3167 4055 tamen
3190 4015 3314 4055 cum
3351 3998 3571 4055 Domini

1979 4095 2065 4149 sui
2098 4094 2413 4163 dogmatum
2447 4092 2833 4147 excellentiam
2885 4092 3210 4163 cogitasset,
3270 4091 3339 4147 de
3372 4092 3569 4147 iisdem

1980 4187 2034 4241 in
2067 4187 2181 4240 haac
2209 4186 2372 4240 verba
2418 4184 2667 4254 przecipit
2702 4199 2716 4235 :
2767 4201 2784 4234 ι
2822 4182 3002 4253 Ipsum
3040 4185 3278 4240 audietis
3311 4185 3365 4239 in
3392 4186 3575 4241 omni-

1980 4280 2085 4334 bus
2116 4293 2467 4349 quamunque
2489 4276 2990 4342 vobisdixerit‘°,i
3021 4277 3125 4333 hoc
3148 4280 3365 4342 est,etsi
3395 4280 3573 4344 legem

1979 4388 2078 4440 per
2104 4388 2189 4425 me
2214 4371 2379 4425 latam
2425 4369 2558 4424 velit
2608 4369 2925 4424 immutare.
2967 4368 3045 4424 Ne
3078 4386 3209 4426 vero
3259 4388 3443 4426 sermo
3478 4372 3574 4427 ilia

1980 4464 2152 4518 Musis
2182 4472 2392 4517 tantum
2423 4476 2548 4517 esse
2576 4460 2850 4524 videatur,
2895 4460 3186 4516 conﬁrmat
3220 4478 3343 4516 eum
3385 4462 3568 4525 Pater.

275 4573 385 4610 μου
423 4561 482 4610 ἐν
510 4556 589 4629 τῷ
612 4560 843 4631 στόματι
863 4560 1053 4614 αὑτοῦ.
1090 4579 1109 4613 ι
1153 4562 1297 4617 Ἀλλ’
1336 4564 1455 4635 ἐρεῖ
1495 4580 1615 4629 τις,
1652 4564 1729 4627 ὡς
1775 4567 1867 4619 καὶ

1977 4557 2200 4609 dicens:
2236 4572 2254 4604 ι
2296 4552 2466 4607 Recte
2500 4566 2581 4616 se,
2617 4566 2962 4620 qmeeunque
2995 4550 3209 4603 locutus
3237 4568 3318 4610 es.
3343 4550 3569 4615 habent,

268 4652 393 4713 τοῖς
414 4649 597 4715 ἄλλοις
648 4654 963 4724 προφήταις
994 4657 1148 4726 ῥῆμα
1193 4654 1680 4727 παρέσχεηΐαὺτός.
1726 4657 1869 4711 Ἀλλ’

269 4742 480 4793 ἐκεῖνοι
517 4742 617 4812 μὲν
662 4743 1012 4815 δουλοπρεπῆ
1052 4745 1152 4817 τὴν
1194 4746 1477 4801 διακονίαν
1528 4749 1869 4819 ποιούμενοι,

271 4832 417 4885 Τάδε
452 4832 600 4902 λέγει
634 4833 859 4907 Κύριος,
890 4836 1100 4905 ἔλεγονο
1132 4838 1161 4891 6
1189 4838 1269 4903 δὲ,
1299 4839 1376 4902 ώς
1410 4838 1489 4893 ὢν
1523 4840 1689 4911 φύσει
1711 4841 1868 4909 Θεὸς,

269 4924 356 4995 τῷ
387 4924 489 4995 μὲν
511 4925 698 4999 λεπρῷ
745 4945 902 4999 φησι,
941 4947 960 4980 ι
983 4930 1155 4995 Θέλω,
1205 4929 1600 5001 καθαρίσθητν
1646 4951 1666 4984 ι
1700 4933 1780 5004 τῷ
1810 4933 1869 4986 δὲ

270 5016 547 5088 νεανίσκῳ
575 5019 779 5089 νεκρῷ,
810 5038 829 5072 ι
868 5019 962 5073 Σοὶ
990 5021 1155 5089 λέγω,
1171 5022 1428 5094 ἐγέρθητι
1448 5039 1463 5056 ⁸
1500 5042 1519 5076 ι
1555 5025 1650 5079 καὶ
1682 5026 1869 5090 Λαζά-

277 5125 378 5179 pq),
411 5126 430 5160 ι
463 5108 639 5179 Δεῦρο
674 5107 801 5176 ἔξω.
847 5129 865 5163 ι
911 5113 999 5175 ⁸ος
1028 5113 1085 5166 δὲ
1116 5113 1454 5184 δημιουργὸς
1496 5116 1741 5188 ἐπετίμα
1772 5115 1873 5169 θα-

272 5201 454 5275 λάσσῃ
493 5202 591 5255 καὶ
619 5202 963 5273 πνεύμασι,‹
1000 5205 1211 5271 Σιώπα,
1240 5205 1438 5274 λέγων,
1475 5208 1788 5278 πεφίμωσο.
1848 5228 1867 5261 ι

281 5293 454 5364 Ὁρᾷς
483 5296 559 5365 πῆ
598 5294 697 5365 μὲν
718 5294 979 5359 οὐσιῶδες
1024 5297 1195 5367 ῥῆμα,
1237 5300 1313 5368 πῆ
1356 5298 1416 5351 δὲ
1457 5300 1872 5370 κατ’ἑλλαμψιν

274 5386 537 5458 μερικὴν.
561 5385 654 5439 Διό
676 5402 841 5457 φησιν
867 5389 895 5440 6
919 5386 1152 5454 Παῦλος,
1196 5408 1215 5440 ι
1251 5389 1438 5460 Φέρων
1475 5406 1535 5443 τε
1581 5392 1650 5445 τὰ
1693 5391 1873 5445 πάντα

270 5478 356 5547 τῷ
384 5478 593 5550 ῥήματι
621 5478 723 5549 τῆς
758 5479 1045 5551 δυνάμεως
1079 5480 1173 5534 τοῦ
1209 5482 1445 5553 Πατρός.
1496 5504 1515 5535 ι
1564 5485 1871 5555 Ἐπήνεγκε

269 5570 333 5626 δὲ
379 5571 476 5624 καὶ
505 5570 608 5641 τῆς
646 5571 916 5643 ὲνσάρκου
955 5574 1266 5646 παρουσίας
1305 5575 1406 5646 τὴν
1438 5575 1617 5629 αἰτίαν
1645 5577 1675 5629 6
1698 5578 1865 5631 Μωῦ-

352 5779 397 5811 ³⁸
426 5776 586 5833 Joan.
614 5795 656 5843 ι,
690 5777 781 5831 9.1.

270 5848 329 5881 δν
350 5850 508 5904 haut.
539 5864 691 5921 xviii,
716 5849 800 5904 15.

862 5778 905 5811 ³⁸
941 5776 1044 5835 lsa.
1079 5796 1131 5843 κ,
1171 5781 1255 5835 Η.

920 5851 959 5881 ’⁶¹
994 5850 1182 5904 Matth.
1230 5867 1343 5917 λιιι,
1384 5852 1417 5906 3

1982 4648 2307 4718 prophetam
2333 4627 2587 4700 est-ilabo
2614 4647 2691 4698 tui
2727 4645 2995 4707 similem,
3022 4652 3076 4697 et
3106 4660 3303 4714 ponam
3342 4646 3569 4700 verbum

1978 4754 2160 4792 meum
2204 4739 2257 4791 in
2305 4751 2402 4792 ore
2445 4736 2587 4805 ejus.
2628 4754 2646 4787 ι
2700 4735 2903 4790 Verum
2934 4736 3060 4805 quis
3104 4737 3254 4791 dicat
3290 4755 3303 4791 :
3340 4736 3409 4791 At
3443 4739 3570 4793 aliis

1978 4846 2201 4902 quoque
2232 4829 2516 4900 prophetis
2547 4829 2775 4883 verbum
2823 4829 3077 4899 praebuit.
3130 4830 3199 4882 At
3235 4830 3312 4884 iIli
3344 4830 3570 4899 quidem

1980 4924 2351 4979 ministerium
2372 4921 2575 4978 servile
2607 4922 2864 4987 obibant,
2885 4937 2971 4987 ac,
2995 4940 3014 4973 ι
3053 4921 3181 4978 Haec
3222 4923 3358 4977 dicit
3390 4923 3572 4975 Domi—

1980 5031 2141 5081 nus,»
2174 5015 2396 5070 aiebant
2432 5029 2446 5066 :
2477 5015 2569 5068 ille
2591 5029 2722 5068 vero
2764 5029 2861 5082 pro
2894 5021 3090 5067 natura
3125 5029 3224 5067 sua
3267 5014 3571 5075 diriuaJeo

1973 5123 2141 5179 proso
2170 5107 2389 5178 quidem
2426 5107 2564 5162 dicit
2594 5124 2610 5161 :
2646 5126 2666 5160 ι
2705 5104 2863 5167 Volo,
2898 5106 3135 5161 mutulos
3163 5116 3286 5161 esto
3322 5106 3400 5174 υς
3430 5126 3449 5159 ι
3475 5106 3571 5177 ju-

1977 5201 2101 5257 veni
2140 5202 2266 5256 item
2306 5212 2569 5255 ntortuo:
2621 5220 2639 5251 ι
2681 5198 2748 5252 At
2789 5200 2887 5253 tibi
2926 5201 3072 5263 dico,
3102 5215 3268 5272 surge
3294 5199 3371 5266 “;
3412 5220 3431 5253 ι
3464 5199 3568 5254 La-

1977 5308 2109 5348 zaro
2140 5294 2295 5355 item,
2333 5310 2355 5344 ι
2389 5290 2522 5346 Veni
2560 5292 2709 5347 foras
2746 5290 2813 5345 ⁸³.
2863 5310 2881 5343 ι
2920 5290 3168 5360 Denique
3204 5294 3350 5349 velut
3384 5294 3571 5365 opifex

1978 5386 2302 5456 increpabat
2322 5399 2496 5448 mare,
2529 5385 2658 5438 item
2695 5384 2927 5453 spiritus
2966 5404 2979 5440 :
3024 5405 3043 5439 ι
3076 5385 3245 5451 Tace,
3286 5389 3570 5459 inquiens,

1981 5482 2305 5534 obmutesce
2334 5476 2407 5532 “.
2451 5493 2471 5527 ν
2508 5473 2675 5531 Vides
2733 5477 2916 5547 itaque
2960 5479 3158 5549 partim
3196 5478 3436 5536 Verbum
3468 5495 3571 5537 sua

1976 5571 2245 5634 essentia,
2302 5568 2503 5640 partim
2564 5584 2695 5625 vero
2738 5570 2996 5628 doctrina
3053 5573 3240 5629 diuina
3289 5591 3353 5628 ex
3392 5584 3570 5645 parte.

1371 5782 1414 5812 ³⁸⁵
1451 5779 1640 5835 Matth.
1678 5800 1730 5845 ν,
1752 5784 1842 5847 21,

2044 5783 2083 5811 ³⁷
2119 5779 2287 5832 Mare.
2322 5794 2358 5837 ι,
2396 5777 2485 5831 22.
2564 5778 2607 5810 ³⁸³
2639 5775 2781 5833 l’sal.
2818 5779 2991 5842 mil.
3067 5785 3108 5815 ³³
3146 5785 3298 5838 lii-ut.
3345 5799 3441 5847 xu,
3467 5784 3556 5838 Si.

1552 5853 1596 5883 ’δ’
1636 5852 1764 5908 Luc.
1802 5871 1898 5923 νη,
1951 5854 2030 5906 Ii.
2105 5853 2147 5882 ”
2178 5852 2336 5906 .loau.
2376 5866 2447 5910 ιι,
2482 5849 2568 5904 45.

2654 5850 2696 5879 ⁵⁸
2731 5849 2902 5907 Mare.
2942 5869 3015 5921 tv,
3042 5854 3132 5909 δυ.
