3956 6462
443 364 550 427 923
1787 365 2005 429 PROCf

2131 370 2141 429 l
2171 365 2419 430 GAZIEI
3605 359 3693 423 99.".

440 477 636 531 Justus
668 477 814 530 enim
845 476 1143 531 miseratur
1178 475 1394 531 animas
1417 477 1802 546 jumentorum
1844 494 2098 541 suorum,
2149 494 2271 550 quas
2305 478 2373 532 ad
2407 477 2575 530 Deum
2613 473 2807 528 dicunt
2837 489 2850 526 :
2896 468 3178 526 Pccninns
3213 484 3241 523 a
3294 477 3347 523 tc
3381 483 3499 524 sum
3526 474 3696 527 condi-

445 576 556 632 tus,
589 574 644 619 et
673 565 792 634 ipse
827 581 1044 634 semper
1069 580 1283 618 mecum
1320 573 1428 620 est.
1465 565 1540 620 De
1563 567 1768 636 quibus
1800 566 1979 635 inquit
2011 581 2068 618 ει
2107 565 2372 620 Homines
2405 565 2726 633 etjumenta
2765 559 3038 620 servabis,
3083 556 3319 612 Domine
3337 558 3404 620 '°,
3427 577 3444 608 ι
3479 558 3702 617 homines

447 655 522 707 ita
571 668 778 708 vocans
815 655 1090 707 nnliorcs.
1125 652 1443 707 Iumentum
1507 655 1671 724 igitur
1692 654 1986 708 Cornelius
2035 655 2202 708 etiam
2252 654 2413 723 juxta
2461 651 2733 706 visionem
2799 663 2921 717 quae
2970 645 3130 701 Petro
3183 647 3250 700 de
3282 645 3701 714 quadrupedibus

449 743 707 813 apparuit
741 741 807 793 ~“.
840 741 912 794 De
946 740 1262 809 hujusmodi
1290 740 1554 808 jumculis
1581 739 1764 795 Lucas
1800 742 1855 794 in
1892 741 2044 796 Actis
2077 741 2294 804 inquit:
2337 760 2354 792 ι
2393 741 2696 794 Audientes
2726 751 2858 792 vero
2897 745 3087 806 gentes
3115 733 3452 804 gaudebant,
3479 743 3528 788 et
3552 736 3701 791 bona-

447 845 563 885 rem
618 827 945 884 deferebant
1001 829 1171 884 verbo
1234 828 1352 891 Dei,
1408 839 1462 883 et
1489 830 1866 894 crediderunt,
1914 837 2190 899 quotquot
2223 828 2293 883 ad
2321 830 2490 881 vitam
2525 827 2748 881 fuerunt
2786 824 3050 878 destinati
3084 833 3347 876 mternam
3379 821 3443 874 θ’.
3480 839 3498 871 ι
3538 821 3701 888 Porro,

455 936 472 968 ι
506 915 702 972 Omnia
738 933 860 987 quae
891 917 944 970 in
990 918 1126 970 urbe
1150 927 1282 972 sunt
1308 917 1556 986 diripics,
1597 938 1615 969 ι
1655 919 1856 987 inquit.
1893 917 2058 972 Juxta
2088 918 2224 972 illttd
2258 935 2271 971 :
2307 937 2325 969 ι
2362 918 2655 986 Captivum
2713 915 2984 968 ducentes
3032 926 3253 967 onmem
3299 910 3615 966 intellectum
3647 915 3702 968 ad

447 1003 1038 1060 obcdientiamChristi
1069 1003 1138 1056 ⁸³.
1176 1022 1194 1055 ι
1229 1033 1301 1043 ——
1323 1022 1341 1054 ι
1374 1004 1465 1057 Sic
1504 1003 1694 1067 facies,
1731 1005 1932 1075 inquit,
1965 1007 2226 1061 omnibus
2260 1005 2581 1060 civitatibus
2611 1019 2734 1072 quae
2777 1003 2968 1072 procul
2996 1016 3024 1053 a
3068 1009 3119 1055 te
3147 999 3376 1059 absunt,
3414 1017 3432 1049 ι
3463 1015 3578 1067 quae
3601 1005 3708 1072 qui-

450 1093 572 1147 dem
609 1103 733 1146 sunt
760 1092 1145 1145 haereticorum
1180 1092 1634 1146 constitutiones.
1665 1093 1741 1146 Ex
1776 1093 1982 1162 quibus
2021 1093 2155 1148 nihil
2184 1095 2369 1147 vivum
2402 1093 2732 1163 capiendum
2767 1098 2872 1145 est.
2907 1087 3050 1155 Quid
3113 1085 3265 1141 enim
3323 1100 3391 1140 ex
3453 1085 3536 1142 his
3581 1091 3709 1144 utili-

449 1182 579 1236 tatis
607 1181 630 1234 ?
662 1181 803 1246 Quin
835 1194 937 1234 nec
959 1178 1328 1233 anathematis
1357 1195 1458 1235 usu
1490 1180 1739 1250 dignum.
1764 1181 1922 1246 Quod
1961 1182 2108 1237 enim
2138 1181 2452 1237 communis
2490 1196 2687 1237 sensus
2745 1192 2965 1248 expers,
3011 1176 3238 1230 noxium
3269 1181 3376 1228 est.
3409 1192 3427 1226 ι
3469 1176 3707 1231 Corrum-

450 1269 747 1338 pnutenim
803 1267 981 1322 bonos
1013 1281 1196 1321 mores
1229 1266 1504 1331 colloquia
1531 1283 1697 1337 prava
1737 1267 1806 1321 “.
1849 1287 1868 1320 ιι
2996 1321 3013 1338 _

524 1357 646 1412 Non
664 1359 962 1412 eradicabis
985 1358 1199 1412 arbores
1219 1359 1354 1428 ejus.
1377 1358 1520 1430 txx.
1544 1358 1656 1431 19.]
1677 1359 1753 1415 Ne
1772 1361 2043 1418 hosticum
2074 1369 2086 1400 λ

2227 1361 2373 1432 Οὑχὲ
2423 1360 2884 1430 ἐξολοθρεύσεις
2935 1359 3008 1414 τὰ
3060 1358 3287 1426 δένδρα
3328 1357 3537 1424 αὐτῆς,
3564 1359 3630 1420 ὡς
3658 1359 3708 1411 ἂν

460 1452 770 1507 victoribus
817 1451 908 1506 fiat
960 1452 1174 1506 inutile.
1205 1451 1390 1522 Neque
1440 1467 1570 1507 vero
1617 1452 1784 1508 arbor
1827 1453 2013 1511 hostili

2157 1452 2233 1524 μὴ
2263 1453 2540 1523 ἄχρηστος
2563 1451 2796 1520 γένηται
2832 1451 3238 1520 κεκρατηκόσιν
3269 1450 3303 1520 ἡ
3348 1449 3443 1518 γῆ.
3477 1449 3601 1502 Οὐδὲ
3620 1451 3708 1517 γὰρ

452 1555 561 1609 est,
598 1545 800 1616 inquit,
841 1553 902 1598 ut
944 1545 1135 1600 urbem
1167 1545 1614 1616 cxpugnantibus
1658 1545 1900 1602 resistat.

2151 1543 2213 1596 τὸ
2241 1543 2462 1614 δένδρον
2489 1543 2749 1614 πολέμιόν
2787 1559 2974 1613 φησιν,
3006 1542 3082 1606 ὡς
3147 1541 3475 1611 ἀντιστῆναι
3526 1540 3710 1610 πολιορ-

2149 1634 2306 1689 κοῦσι
2339 1635 2438 1707 τὴν
2461 1636 2635 1690 πόλιν.
2675 1707 2677 1709 ι

529 1767 811 1836 Quotquot
835 1781 965 1821 vero
996 1767 1258 1822 arborum
1296 1766 1516 1822 steriles
1535 1775 1689 1831 sunt,
1724 1767 2121 1826 exscindenda:
2151 1771 2251 1827 tibi
2284 1781 2433 1838 sunt,
2471 1771 2672 1843 inquit,
2706 1786 2817 1842 quo
2866 1772 2925 1826 in
2955 1772 3083 1826 valli
3125 1786 3292 1826 usum
3321 1771 3539 1826 cedant.
3573 1769 3708 1825 Intel-

459 1855 597 1926 ligcs
657 1871 788 1910 vero
837 1856 1065 1911 arbores
1099 1854 1415 1910 fructiferas
1447 1855 1570 1911 illas
1600 1857 1666 1910 de
1692 1858 1896 1926 quibus
1931 1857 2102 1914 Isaias
2123 1860 2191 1915 ad
2237 1859 2600 1932 Babylonium
2653 1859 2832 1930 inquit
2868 1877 2882 1912 :
2923 1878 2943 1914 ι
2979 1858 3178 1915 Omnis
3217 1870 3366 1915 terra
3391 1860 3583 1928 jubilat
3610 1861 3707 1914 laeta

455 1960 615 2009 voce,
652 1953 702 1999 et
737 1945 886 2012 ligna
920 1944 1114 1999 Libani
1150 1945 1330 1999 laetata
1366 1951 1498 1999 sunt
1526 1944 1596 2000 de
1627 1953 1700 2008 tc,
1733 1955 1787 2001 et
1821 1947 1973 2002 cedri
2017 1945 2211 2002 Libani
2239 1947 2452 2006 dicent:
2500 1938 2735 2004 Abhinc
2781 1963 2893 2018 quo
2923 1958 2982 2002 tn
3010 1948 3242 2016 jacuisti
3303 1962 3465 2002 nemo
3519 1956 3596 2002 est
3636 1950 3708 2017 qui

458 2031 774 2086 ascenderit
807 2047 974 2102 super
1010 2048 1110 2088 nos
1140 2033 1206 2085 ⁸⁸.
1243 2052 1261 2084 ι
1311 2033 1643 2104 Hujusmodi
1679 2049 1903 2106 quoque
1940 2034 2074 2090 illud
2109 2035 2318 2107 lignum
2348 2036 2415 2091 de
2449 2051 2560 2106 quo
2591 2035 2735 2107 apud
2763 2035 3094 2106 Prophetam
3132 2036 3189 2089 in
3224 2035 3490 2105 psalmis:
3525 2054 3542 2086 ι
3581 2036 3707 2100 Quod

456 2119 718 2174 videlicet
743 2121 905 2190 juxta
947 2121 1097 2191 ripas
1125 2136 1398 2191 aquarum
1428 2132 1536 2184 est,
1580 2123 1727 2192 quod
1762 2123 2002 2178 fructum
2062 2138 2222 2178 suum
2258 2140 2362 2180 suo
2401 2123 2556 2179 dabit
2610 2133 2863 2194 tempore
2893 2124 2964 2178 ⁸⁸.
3005 2142 3024 2175 ι
3067 2123 3253 2177 Arbor
3293 2121 3576 2176 fructifera
3602 2122 3711 2176 Cor-

457 2210 641 2264 nelius
672 2208 796 2272 fttit,
831 2209 1110 2278 decerpsit
1141 2210 1288 2266 enim
1321 2209 1522 2264 Petrus
1552 2227 1617 2265 ex
1653 2209 1930 2266 fructibus
1978 2213 2124 2281 ejus.
2157 2214 2435 2268 Alimonia
2489 2215 2637 2268 enim
2698 2214 2982 2283 justorum
3025 2213 3379 2268 credentium
3433 2213 3579 2268 salus
3627 2223 3710 2279 est,

456 2299 602 2350 sicut
639 2307 694 2351 et
725 2297 903 2368 ipsius
941 2297 1279 2363 Servatoris,
1318 2299 1412 2367 qui
1476 2298 1657 2367 inquit
1689 2315 1704 2352 :
1744 2315 1764 2348 ι
1800 2298 1915 2368 Ego
1949 2299 2135 2354 cibum
2192 2303 2368 2358 habeo
2423 2302 2824 2357 comedendum
2863 2317 3024 2370 quem
3077 2317 3178 2356 vos
3222 2301 3494 2370 ignoratis
3515 2301 3578 2364 ³⁷,
3616 2320 3631 2350 I
3663 2304 3713 2355 de

459 2384 712 2439 fidelibus
746 2385 800 2439 in
841 2385 1092 2440 Samaria
1127 2385 1380 2456 loquens.
1421 2385 1494 2440 De
1518 2383 1760 2439 fructum
1803 2379 1934 2440 vero
1965 2401 2075 2440 non
2128 2386 2419 2442 edentibus
2451 2385 2750 2441 Zacharias
2790 2386 2962 2440 dicit:
2997 2405 3014 2437 ‹
3053 2386 3247 2454 Aperi,
3292 2385 3521 2449 Libane,
3557 2391 3713 2453 portas

458 2483 584 2528 tuas
611 2481 669 2527 ut
694 2474 837 2544 ignis
864 2473 1063 2530 cedros
1093 2484 1219 2530 tuos
1245 2473 1506 2544 devoret;
1547 2475 1718 2541 ulula,
1748 2476 1930 2538 abies,
1959 2476 2223 2546 quoniam
2250 2475 2453 2530 cecidit
2479 2474 2703 2541 cedrus,
2723 2475 2986 2545 quoniam
3028 2475 3314 2542 magnifici
3357 2474 3509 2527 valde
3545 2474 3711 2527 vastati

466 2570 599 2616 sunt
627 2579 640 2615 :
669 2563 900 2628 ululale,
935 2578 1172 2632 quercus
1227 2563 1281 2617 in
1315 2562 1652 2628 Basauitide,
1689 2564 1951 2634 quoniam
1990 2565 2128 2621 silva
2152 2563 2339 2619 caedua
2373 2570 2654 2632 prostrata
2678 2572 2762 2626 est
2793 2563 2861 2616 ⁸⁸.
2905 2581 2923 2613 ›
2957 2559 3288 2616 Couducere
3325 2577 3456 2616 vero
3486 2561 3547 2614 ad
3578 2576 3712 2630 expu-

461 2651 751 2721 gnatiOnes
783 2651 1004 2705 urbium
1039 2651 1258 2708 steriles
1290 2651 1521 2706 arbores
1564 2655 1786 2722 inquit;
1818 2671 1883 2709 ac
1915 2652 2231 2723 hujusmodi
2271 2667 2406 2708 sane
2439 2651 2804 2708 Athenienses
2843 2649 3092 2705 fuerunt.
3136 2651 3283 2706 Nulli
3312 2651 3456 2706 enim
3480 2650 3552 2705 rei
3579 2663 3709 2703 vaca-

465 2747 621 2805 runt,
651 2752 1018 2811 praaterqnam
1079 2741 1343 2796 inanibus
1395 2744 1690 2798 verborum
1728 2743 2132 2814 jactationibus
2186 2741 2700 2811 atnlitionibnsque.
2739 2737 3016 2804 Quocirca
3054 2739 3264 2795 Paulus
3302 2740 3542 2794 Athenas
3566 2751 3708 2806 expu-

459 2843 638 2898 gnans
668 2839 722 2882 et
755 2840 1012 2884 evertens
1038 2829 1286 2898 ipsorum
1311 2830 1654 2901 impietatem
1694 2850 1707 2886 :
1757 2851 1778 2884 ι
1818 2832 1935 2887 Viri
1983 2832 2376 2892 Athenienses,
2409 2829 2612 2898 inquit,
2649 2843 2746 2898 per
2793 2827 2981 2883 omnia
3019 2827 3180 2897 quasi
3238 2825 3709 2896 superstitiosiores

461 2931 564 2970 vos
588 2916 767 2982 video,
802 2917 986 2972 inveni
1015 2919 1142 2972 item
1175 2933 1327 2973 aram
1360 2933 1482 2989 qua:
1512 2919 1700 2989 ignoto
1734 2920 1844 2990 Deo
1870 2919 2138 2990 inscripta
2191 2927 2298 2973 est.
2329 2917 2466 2971 Eum
2501 2917 2671 2987 igitur
2705 2915 2875 2971 Deum
2909 2931 3073 2985 quem
3107 2931 3206 2970 vos
3246 2931 3344 2986 per
3383 2913 3707 2985 ignorantiam

463 3004 672 3066 colitis,
701 3020 802 3075 ego
833 3006 994 3062 vobis
1033 3005 1298 3061 denuntio
1322 3006 1389 3060 3°.
1429 3026 1450 3060 ι
1488 3005 1656 3061 Vides
1691 3007 1861 3077 igitur
1889 3017 2160 3078 quantum
2197 3006 2334 3076 ipsis
2359 3019 2426 3059 ac
2461 3021 2558 3074 per
2591 3003 2746 3074 ipsos
2767 3003 2969 3056 vallum
3010 3003 3083 3058 sit
3111 3002 3434 3057 demolitus.
3472 2999 3569 3054 Per
3591 2997 3708 3066 quod

472 3092 666 3144 urbem
700 3108 892 3146 eorum
919 3094 1172 3162 quamvis
1206 3109 1314 3149 non
1347 3101 1519 3148 totam
1566 3094 1728 3150 simul
1759 3096 1946 3165 cepit:
1990 3113 2008 3145 ι
2032 3093 2270 3160 Quidam
2324 3093 2471 3148 enim
2525 3091 2905 3157 crediderunt,
2965 3107 3204 3162 quorum
3235 3106 3266 3145 e
3297 3105 3523 3144 numero
3545 3087 3712 3156 Diony-

473 3179 592 3231 sius
618 3195 838 3249 quoque
877 3181 1208 3252 AreOpagita
1249 3191 1369 3236 erat
1398 3183 1467 3234 °°.
1500 3200 1518 3233 ι
1550 3179 1822 3236 Jeremias
1844 3182 2086 3250 denique
2116 3182 2284 3236 etiam
2318 3181 2670 3238 eradicandis
2706 3182 2924 3251 populis
2961 3181 3303 3236 consututus
3355 3175 3518 3250 448
3542 3185 3633 3238 est,
3661 3189 3711 3228 ac

473 3275 586 3319 tam
622 3269 911 3322 sterilibus
935 3285 1100 3338 quam
1140 3269 1427 3340 frugiferis
1460 3270 1777 3333 arboribus,
1804 3269 1872 3344 de
1900 3270 2103 3340 quibus
2125 3269 2290 3324 etiam
2317 3269 2451 3333 edit,
2487 3269 2869 3325 conserendis.
2915 3268 3056 3335 Quis
3089 3269 3244 3323 enim
3273 3268 3489 3321 vineam
3519 3266 3709 3334 plantat,

468 3364 524 3409 et
558 3354 625 3410 tle
651 3357 923 3412 fructibus
953 3357 1076 3426 ejus
1105 3373 1213 3412 non
1246 3359 1493 3413 vescitur
1519 3357 1542 3411 ?
1569 3356 1727 3424 juxta
1761 3356 1948 3412 divum
1982 3359 2332 3426 Apostolum.

544 3471 607 3526 Si
627 3471 865 3527 inventus
896 3475 1056 3544 fuerit
1081 3474 1300 3528 saucius
1336 3475 1391 3528 in
1415 3482 1579 3528 terra.
1614 3471 1782 3545 [ΧΧΙ.
1819 3471 1897 3545 1.]
1931 3472 2268 3530 Vulneratus
2296 3475 2520 3546 quidem
2555 3483 2782 3546 propter
2808 3484 3037 3546 peccata
3068 3483 3267 3529 nostra
3296 3472 3545 3529 Christus
3568 3466 3709 3524 est".

472 3560 516 3612 Δ
544 3559 704 3615 Patre
729 3563 950 3631 quidem
985 3563 1246 3627 traditus,
1280 3578 1307 3616 a
1341 3561 1547 3617 Judaais
1577 3577 1709 3617 vero
1761 3561 2022 3626 afﬂictus,
2056 3564 2148 3634 qui
2188 3579 2314 3616 cum
2368 3564 2560 3634 utique
2593 3563 3008 3617 interemissent
3046 3577 3365 3631 nunquam,
3394 3559 3498 3614 nisi
3531 3557 3626 3611 Deo
3655 3554 3710 3606 ila

474 3648 676 3705 fuisset
705 3665 909 3706 VIStlm.
945 3652 1102 3717 Quod
1134 3666 1268 3706 sane
1302 3649 1479 3705 Pilato
1506 3650 1642 3704 dicit
1681 3667 1694 3703 :
1744 3669 1762 3701 ι
1793 3650 1915 3704 Non
1964 3651 2196 3706 haberes
2231 3651 2286 3704 in
2345 3666 2430 3704 me
2459 3658 2785 3721 potestatem
2837 3651 3030 3715 ullam,
3069 3651 3178 3704 nisi
3211 3649 3310 3703 tibi
3344 3661 3571 3717 superne
3596 3647 3712 3697 esset

475 3736 664 3791 datum
694 3741 764 3792 θ’.
811 3757 830 3790 ›
858 3739 913 3792 lu
940 3739 1174 3809 psalmis
1205 3741 1337 3794 item
1371 3740 1436 3793 ad
1464 3737 1682 3792 Patrem
1706 3739 1886 3808 inquit
1921 3757 1935 3792 :
1978 3757 1997 3790 ι
2030 3740 2306 3806 Quoniam
2337 3756 2498 3810 quem
2529 3748 2586 3794 ιιι
2615 3741 2964 3810 percussisti,
3008 3741 3290 3810 persecuti
3321 3748 3449 3796 sunt
3483 3735 3577 3806 ipsi
3608 3733 3662 3785 ”.
3693 3750 3706 3781 ι

477 3828 611 3880 Item
647 3843 662 3881 :
701 3846 720 3879 ι
765 3827 848 3882 Ad
880 3827 1129 3882 dolorem
1160 3829 1449 3882 vulnerum
1477 3842 1726 3882 meorum
1752 3827 2090 3881 addiderunt
2115 3829 2183 3884 ³⁵.
2227 3848 2245 3880 >
2283 3827 2553 3883 Czeterum
2597 3829 2835 3899 populus
2879 3827 3148 3884 Iudaicus
3195 3829 3496 3899 principem
3527 3834 3712 3892 percus-

473 3931 661 3969 sorem
694 3916 1007 3985 ignorabat.
1034 3916 1372 3971 Vulneratus
1407 3915 1578 3986 igitur
1612 3915 1666 3969 itt
1698 3913 1888 3969 Iudaea
1922 3915 2147 3986 quidem
2183 3927 2287 3970 est.
2325 3918 2484 3987 Apud
2511 3925 2706 3986 gentes
2743 3931 2874 3971 vero
2913 3917 3240 3988 mysterium
3290 3916 3410 3985 ejus
3453 3910 3708 3982 perficitur.

479 4002 688 4057 Bucula
729 4004 878 4058 enim
905 4005 1168 4069 sumitur,
1227 4018 1351 4073 quae
1395 4003 1679 4058 Christum
1704 4013 2090 4071 repraesentat,
2137 4011 2409 4072 quatenus
2437 4004 2583 4058 enim
2627 4003 2813 4068 homo,
2877 4005 2982 4061 sub
3027 4003 3160 4074 jugo
3204 4003 3330 4058 fuit.
3364 4002 3710 4056 Rursutnvet‘o

474 4098 637 4143 extra
674 4091 854 4159 ipsum
884 4098 991 4157 est,
1029 4099 1304 4160 quatenus
1333 4098 1541 4144 natura
1575 4105 1677 4144 sua
1718 4088 1859 4144 Deus
1922 4090 2162 4145 exsistit.
2207 4091 2439 4145 Ducitur
2468 4105 2597 4147 vero
2639 4092 2702 4146 in
2731 4093 2928 4148 vallem
2966 4101 3022 4148 et
3051 4108 3333 4164 asperam,
3367 4101 3422 4148 et
3469 4086 3708 4143 incultam.

481 4179 804 4233 vulneratus
827 4177 974 4233 enim
1009 4179 1063 4232 in
1091 4193 1260 4232 cruce
1284 4177 1350 4232 ad
1373 4178 1618 4248 gentium
1647 4179 1929 4233 concessit
1951 4179 2156 4243 solum,
2187 4181 2333 4250 quod
2370 4181 2606 4235 antehac
2633 4182 2872 4245 aridum,
2906 4191 2961 4236 et
2989 4183 3262 4237 incultqu
3293 4182 3485 4252 jacuit,
3511 4184 3711 4230 vastum-

479 4281 592 4333 que
614 4266 753 4320 adeo
786 4267 909 4330 fuit,
935 4267 1062 4336 quia
1090 4267 1374 4320 fertilitate
1397 4281 1462 4319 ea
1484 4281 1648 4334 quam
1679 4265 1822 4319 Deus
1851 4267 2110 4335 postuiat,
2131 4270 2333 4322 caruit.
2363 4267 2445 4322 Ad
2473 4269 2623 4338 quod
2655 4268 2827 4324 Isaias
2881 4259 3062 4339 inquit
3097 4286 3110 4322 :
3142 4288 3162 4321 ι
3204 4269 3436 4333 Lagtare,
3478 4274 3608 4318 terra
3635 4256 3708 4311 de“

485 4363 658 4418 serta,
691 4361 745 4409 et
774 4355 930 4409 vicus
950 4355 1072 4423 ejus
1107 4368 1121 4404 :
1154 4355 1393 4409 exsultet
1425 4353 1666 4418 deserta,
1699 4363 1754 4407 et
1777 4352 1970 4408 floreat
2015 4355 2156 4409 sicut
2189 4355 2367 4409 lilium
2389 4356 2460 4411 ".
2503 4375 2521 4408 ι
2559 4354 2617 4409 In
2666 4372 2776 4425 qua
2817 4357 3040 4426 quidem
3073 4364 3224 4412 terra
3275 4357 3522 4413 Christus
3539 4362 3622 4420 per
3644 4344 3708 4397 di-

485 4445 647 4498 vinos
683 4443 968 4498 sacrificos
993 4443 1299 4499 sauciatur.
1332 4442 1615 4497 Passionis
1647 4443 1794 4496 enim
1818 4441 1993 4510 ipsius
2027 4451 2080 4496 et
2103 4443 2530 4500 resurrectionis
2570 4443 3020 4514 praedicationem
3044 4445 3515 4500 consummatione
3543 4441 3705 4504 mysle~

485 4533 696 4586 riorum
721 4532 840 4601 ejus
872 4530 1130 4588 facimus.
1164 4521 1445 4602 Quotquot
1479 4545 1608 4583 vero
1648 4530 1892 4600 procula
1917 4527 2234 4586 Iudaeorum
2272 4532 2554 4602 impietate
2587 4534 2946 4598 recesserint,
2981 4533 3118 4588 urbe
3141 4548 3205 4587 ea
3231 4533 3412 4602 inqua
3439 4527 3703 4581 vulnerallr

485 4630 594 4682 est,
629 4628 686 4674 et
713 4620 1066 4677 excruciatus
1096 4627 1181 4677 est
1212 4620 1470 4674 inventus
1497 4619 1690 4686 procul
1734 4617 1919 4672 valere
1969 4619 2146 4689 jussa,
2202 4619 2518 4674 concedunt
2549 4619 2773 4688 quidem
2818 4620 2872 4674 in
2922 4619 3227 4675 Ecclesiam
3281 4622 3434 4689 prius
3468 4611 3724 4668 incultam.‘

489 4708 693 4763 ibidem
733 4724 932 4764 manus
958 4711 1012 4764 in
1046 4710 1166 4780 ipso
1195 4709 1420 4764 Christo
1451 4708 1507 4761 in
1541 4715 1773 4762 mortem
1831 4706 1953 4776 ejus
2017 4707 2199 4768 tincti,
2240 4707 2496 4761 abluunt.
2527 4707 2607 4761 Ac
2638 4715 2929 4778 reportant
2975 4717 3128 4763 certe
3157 4717 3506 4779 peccatorum
3543 4694 3705 4753 remis-

484 4797 728 4861 sionem,
758 4811 818 4852 se
852 4791 1088 4852 fatentes
1131 4798 1338 4852 nullam
1364 4805 1574 4866 partem
1610 4796 1814 4849 habere
1839 4811 1966 4849 cum
1998 4795 2278 4865 impietate
2307 4793 2627 4850 Judaaorum
2660 4797 2754 4866 qui
2785 4796 3086 4851 dixerunt:
3121 4815 3140 4846 ι
3176 4795 3412 4866 Sanguis
3442 4790 3552 4858 ejus
3576 4791 3706 4851 super

487 4900 614 4945 nos,
648 4892 700 4939 et
725 4900 892 4955 super
915 4885 1119 4940 liberos
1154 4898 1372 4941 nostros
1403 4883 1482 4936 ηε·
1513 4903 1531 4934 ι
1578 4883 1851 4937 Caeterum
1884 4883 2157 4951 baptismo
2184 4885 2462 4953 repurgati
2484 4924 2499 4947 ,
2533 4885 2688 4939 aiunt
2719 4903 2732 4938 :
2769 4883 2964 4940 Manus
2998 4894 3204 4940 nostrae
3239 4881 3547 4950 sanguinem
3593 4871 3706 4924 hunc

485 4990 600 5027 non
640 4973 974 5028 effuderunt.
1008 4976 1088 5029 Ac
1118 4975 1220 5029 etsi
1247 4989 1314 5028 ex
1352 4972 1558 5028 Iudaeis
1589 4970 1813 5032 fuerint,
1843 4973 1992 5024 omni
2030 4971 2412 5025 communitati
2435 4986 2628 5025 eorum
2669 4982 2850 5028 tamen
2904 4975 3381 5028 renuntiaverunt.
3422 4962 3564 5033 Quod
3601 4967 3706 5012 sane

486 5071 774 5141 discipuli,
804 5079 863 5127 et
893 5071 988 5141 qui
1047 5070 1182 5139 ipsis
1211 5068 1587 5131 crediderunt,
1611 5066 1881 5121 fecerunt.
1911 5065 2125 5132 Quibus
2153 5067 2342 5138 utique
2372 5068 2572 5124 merito
2595 5077 2915 5126 reverentiae
2942 5085 3233 5141 personam
3255 5083 3373 5141 qute
3392 5075 3534 5119 suam
3562 5051 3704 5124 αἰψ’

495 5162 662 5208 tatem
693 5172 722 5208 a
761 5156 866 5210 fide
882 5157 1108 5225 accipit,
1143 5156 1270 5226 quis
1300 5152 1535 5208 deferat.

565 5264 634 5317 Et
663 5266 855 5318 videris
881 5266 1021 5319 inter
1047 5267 1286 5334 captivos
1319 5262 1589 5316 mulierem
1615 5262 1790 5330 [arma
1853 5272 2148 5318 uenustam.
2181 5266 2322 5340 [IL]
2357 5267 2566 5324 Radere
2599 5276 2766 5340 caput.
2824 5279 2877 5324 ct
2923 5269 3242 5340 supercilia,
3281 5263 3585 5324 domesticos
3602 5257 3699 5340 ilef"

495 5368 629 5408 SUOS
668 5355 852 5425 lugere
890 5357 1114 5428 triginta
1153 5355 1346 5410 diebus
1376 5354 1550 5424 jtthet,
1582 5370 1691 5424 quo
1721 5365 1981 5424 aspectus
2019 5356 2104 5410 sui
2136 5363 2288 5410 tanta
2305 5339 3032 5427 turpitudinedesiderium
3060 5360 3238 5426 sedet,
3268 5373 3331 5412 ac
3352 5339 3700 5409 lamentationis

495 5448 744 5510 tempore
766 5459 914 5497 amor
940 5443 1272 5514 depellatur.
1306 5441 1424 5496 Non
1460 5443 1609 5496 enim
1637 5453 1819 5496 mente
1848 5441 2059 5496 effrena
2089 5444 2154 5496 ad
2187 5446 2673 5516 concupiscentias
2697 5457 2780 5501 est
2816 5430 3222 5503 accedendum.
3255 5446 3329 5500 Ita
3360 5451 3558 5513 quoque
3592 5431 3698 5481 [30"5

495 5527 787 5601 JEgyptios
813 5547 938 5587 cum
965 5540 1364 5604 oppugnasset,
1397 5529 1684 5586 Iudaicam
1722 5545 1754 5585 a
1802 5530 2053 5602 patribus
2075 5533 2364 5589 oriundam
2431 5533 2779 5607 Synagogam
2826 5544 3114 5590 venustam
3162 5534 3320 5602 vidit,
3349 5531 3513 5599 adque
3539 5517 3699 5575 cultum

577 5707 623 5737 "°
661 5704 807 5761 Psal.
846 5722 1009 5773 xxxv,
1050 5707 1100 5759 7.
1195 5711 1216 5739 "
1262 5709 1382 5763 Act.
1411 5725 1464 5767 x,
1501 5707 1589 5772 II,
1621 5708 1707 5762 1‘2.
1786 5709 1832 5740 δ’
1868 5709 1990 5764 Act.
2021 5723 2139 5770 xm,

2131 5707 2268 5770 .43.
2348 5704 2796 5769 ‘3IICor.x,5.
2905 5708 2950 5742 οι
3191 5707 3565 5775 ICorJtvgm

505 5774 554 5807 ⁸³
585 5777 688 5831 lsa.
734 5793 878 5839 XLIV,
912 5751 1009 5833 ‘25.,
1109 5779 1154 5809 ⁸⁸
1181 5779 1322 5832 Ρθιιι.
1370 5795 1421 5842 I,
1455 5781 1509 5835 5.
1577 5751 1589 5772 ’
1621 5781 1663 5810 ³⁷
1695 5779 1853 5834 Joan.
1890 5795 1962 5839 Iv,
2001 5779 2067 5832 5‘2

2129 5751 2209 5856 :"3
2237 5777 2469 5830 Zarhar.
2497 5794 2572 5840 xI,
2603 5777 2651 5834 I.
2821 5779 2866 5810 ⁸9
2887 5778 3218 5841 At-t.xvu,‘2‘2
3393 5772 3447 5856 ¹⁹⁰
3475 5763 3588 5856 illi";

511 5849 556 5880 "
592 5849 674 5902 ls't
720 5863 838 5915 LIII,
870 5849 919 5902 Ii.
1000 5851 1042 5882 9’
1072 5849 1231 5904 Joan.
1278 5867 1386 5916 xix,
1411 5837 1513 5902 'lI.
1628 5853 1671 5882 ⁹³
1697 5850 1840 5905 I'sal.
1867 5837 2055 5916 ιλιι-ιιι,

2124 5848 2172 5900 7.
2283 5850 2324 5879 ⁹”
2358 5850 2486 5903 ibid.
2563 5837 2614 5881 ’⁸³³
2640 5850 2744 5905 Isa.
2782 5866 2943 5915 xxxv.
2985 5852 3025 5914 Ι,
3059 5837 3139 5903 Ξί
3189 5854 3233 5881 ’⁵
3265 5843 3439 5901 Matth.
3472 5837 3681 5891 ιιιιίιιίιθ·
