3956 6462
281 444 410 511 935
1219 458 1761 525 COMMENTARII
1808 465 1891 526 IN
1934 466 2642 537 DEUTERONOMIUM.
3498 473 3607 541 995

278 580 464 665 suum
488 568 948 665 accommodavit.
980 571 1061 629 Ac
1086 573 1416 647 priusquam
1441 580 1865 636 tabernaculum
1891 598 2053 638 suum
2081 583 2313 653 ﬁxisset,
2338 603 2576 660 eamque
2606 588 3036 655 introduxisset,
3055 603 3120 646 ac
3135 604 3234 661 per
3259 589 3510 646 umbram
3533 591 3605 648 ad

281 656 477 752 verita
507 670 593 710 can
627 656 974 752 deduxisset,
1010 665 1624 752 caputquodammodo
1648 669 1770 736 ejus
1801 669 1989 726 animo
2023 676 2091 727 ab
2123 674 2451 733 idololatriae
2472 656 2902 751 cogitationibus
2925 656 3244 752 repurgato,
3280 679 3601 746 denudavit,

280 739 494 840 dicens
530 762 543 797 :
586 761 605 789 σ
636 742 755 799 Non
788 759 953 840 erunt
984 748 1083 840 tibi
1112 750 1190 840 dii
1220 751 1314 840 alii
1346 762 1550 822 praeter
1577 770 1665 811 me
1692 756 1765 821 ⁵⁷,
1804 775 1824 808 ι
1857 767 1912 813 et
1935 759 2042 813 alia
2082 761 2136 816 id
2170 765 2413 832 generis.
2450 739 2602 837 0sz
2632 771 2778 823 enim
2815 739 2956 840 ipsis
2990 739 3412 839 Icoguitalionum
3446 739 3604 822 novi;

280 834 581 927 Late-erat,
610 839 666 886 et
694 842 753 886 ut
786 832 990 890 Paulus
1020 837 1204 927 inquit.
1230 839 1300 903 ’⁸,
1345 841 1738 898 transformari
1797 846 2004 901 mentis
2036 848 2421 921 innovatione,
2452 832 2521 909 ad
2552 832 2966 926 approbandum
3017 832 3362 911 voiuntatcm
3420 856 3599 925 ipsius

278 912 393 1018 Pei
427 916 650 1018 bertam,
684 935 965 985 serenam,
999 924 1383 1018 et‘perfectam
1417 931 1580 986 modo
1619 932 1883 1000 quodam.
1916 933 2089 992 Porro
2114 942 2384 1012 unguium
2423 912 2734 1013 longiorum
2766 947 3005 1013 abjectio
3036 946 3289 1000 sordium
3323 912 3455 1016 quae
3491 947 3597 1000 bu-

270 1006 535 1109 jusmpdi
569 1020 999 1109 consequuntur-
1044 1016 1450 1109 depositionem
1473 1021 1734 1078 denotat.
1765 1023 2011 1091 Quarum
2065 1006 2385 1086 consimiles
2426 1006 2619 1090 sordes
2664 1035 2734 1089 ab
2766 1006 2952 1089 anima
2998 1006 3382 1105 abstergens':
3415 1053 3434 1085 ι
3472 1032 3594 1089 Non

280 1094 575 1194 pecides‘.
600 1098 806 1194 inquit,
836 1116 945 1156 non
973 1102 1252 1161 furaberis
1282 1108 1351 1169 ’³.
1389 1126 1407 1159 ι
1437 1119 1491 1164 et
1520 1125 1645 1178 qua:
1672 1111 1962 1184 deinceps.
2017 1114 2294 1173 Carterum
2338 1122 2679 1191 captivitatis
2722 1123 2893 1177 vestis
2929 1094 3497 1188 servilemvbabitum,
3531 1137 3601 1176 ac

281 1184 1007 1286 oin.malitiamnrelapsum
1056 1203 1441 1262 reprmscntat,
1491 1195 1651 1266 juxta
1679 1198 1814 1253 illud
1853 1215 1868 1253 :
1930 1201 2169 1259 Homine
2230 1184 2424 1262 vetere
2448 1222 2574 1262 cum
2619 1210 2933 1265 actionibus
2975 1209 3094 1265 suis
3132 1219 3323 1272 exuto,
3355 1220 3410 1264 et
3449 1184 3599 1264 novo

280 1269 516 1370 ξξιίξίηφ
557 1273 651 1344 (ιυῖ
678 1275 939 1370 Christus
961 1288 1067 1347 est,
1095 1297 1258 1352 quem
1298 1299 1395 1354 per
1423 1285 1671 1341 divinum
1703 1288 2049 1358 baptismum
2095 1294 2438 1361 induimus‘,
2465 1296 2684 1351 Satana:
2705 1299 3046 1368 captivitatis
3082 1269 3413 1354 vestimenta
3455 1313 3587 1366 pro-

271 1355 655 1459 jicientes,_et
689 1365 996 1459 gratiarum
1035 1370 1288 1426 actiones
1319 1387 1418 1427 seu
1452 1373 1646 1430 laudes
1684 1375 1797 1432 Deo
1852 1378 2167 1445 oﬂ'ercntes,
2204 1382 2445 1438 dicimus
2477 1401 2490 1438 :
2521 1404 2540 1437 ι
2575 1355 2828 1440 Exsultet
2872 1386 3056 1439 anima
3084 1400 3202 1439 mea
3231 1386 3285 1439 in
3323 1355 3607 1444 Dentium.

278 1446 654 1543 ipdnit-cnim
692 1467 777 1507 me
812 1455 1151 1543 vestimento
1182 1459 1402 1525 salutis,
1438 1471 1492 1516 et
1544 1464 1733 1517 tunica
1784 1465 1988 1522 lzetitiaa
2009 1469 2051 1523 '.
2090 1487 2109 1521 ι
2136 1469 2299 1543 Quod
2331 1471 2536 1529 Paulus
2565 1487 2789 1543 quoque
2817 1474 2991 1528 sensit
3031 1487 3157 1528 cum
3204 1472 3415 1542 inquit:
3448 1491 3467 1523 ι
3503 1473 3594 1525 ln-

289 1532 454 1636 dlllo-
480 1536 715 1636 Domino
748 1542 1097 1636 nmostro‘Jesu
1120 1545 1368 1611 Christo,
1412 1552 1600 1608 carnis
1632 1554 1970 1610 voluntatem
2000 1573 2070 1613 ne
2103 1532 2322 1615 faciatis
2349 1561 2418 1616 ad
2478 1532 2970 1631 concupiscentias
2992 1562 3034 1616 ³.
3071 1581 3094 1616 ι
3133 1532 3323 1616 Restat
3365 1576 3497 1616 vero
3536 1571 3599 1618 ut

276 1626 733 1726 cohabitet‘cnm
760 1627 872 1726 Deo
914 1634 1022 1687 ritu
1062 1647 1269 1726 nuptae,
1297 1639 1599 1708 deploratis
1659 1644 1815 1713 prius
1866 1646 2322 1716 progenitoribus
2355 1647 2497 1709 suis.
2537 1626 2738 1703 sufﬁcit
2777 1649 2925 1703 enim
2953 1649 3001 1703 si
3032 1652 3213 1704 vocati
3248 1649 3399 1703 brevi
3434 1657 3576 1702 tem-

277 1721 445 1813 Ρξξτίε
470 1723 684 1813 ίξηιυΨ
714 1721 897 1789 simio
920 1725 1229 1813 carnalium
1263 1729 1645 1786 recordentur.
1684 1730 1888 1787 Deinde
1911 1748 2040 1789 vero
2065 1736 2346 1805 repurgati
2379 1735 2450 1790 ab
2479 1735 2676 1789 horum
2704 1736 2971 1803 memoria
2999 1750 3139 1805 pure
3179 1735 3397 1804 possint
3422 1738 3590 1789 coha-

277 1800 467 1904 bitare
488 1802 617 1858 Deo.
648 1804 841 1904 Itaque
866 1810 959 1904 qui
993 1825 1060 1865 et
1084 1811 1327 1904 Aigzpto
1348 1825 1512 1871 erant
1540 1820 1748 1888 egressi
1806 1820 1985 1889 ipsam
2055 1800 2453 1878 desiderabant
2503 1823 2729 1889 iterum,
2770 1838 2837 1877 ac
2879 1800 3140 1878 dicebant
3239 1841 3257 1873 ι
3307 1821 3533 1879 Utinam
3561 1836 3593 1874 a

276 1889 527 1981 Domino
576 1898 831 1963 percussi
876 1899 933 1954 in
991 1910 1138 1957 terra
1167 1902 1389 1976 Egypti
1440 1910 1904 1969 occubuissemus
1936 1911 1978 1967 ⁸.
2012 1930 2031 1962 ι
2058 1910 2498 1966 Conclamabant
2527 1926 2750 1981 quoque
2800 1919 2997 1966 contra
3050 1910 3279 1965 Mosen:
3323 1929 3341 1960 ι
3378 1907 3591 1978 Ecquid

271 1992 389 2078 nos
423 1980 663 2078 eduxisti
692 1983 1057 2078 in‘desertuin
1098 1989 1201 2044 hoc
1233 1992 1297 2045 εἳ
1329 2012 1347 2044 ι
1383 1992 1502 2047 Νοιι
1530 1996 1838 2066 imperandi
1883 1999 2049 2070 igitur
2080 1999 2187 2052 vim
2214 1998 2379 2053 habet
2413 1997 2573 2064 illud,
2600 1980 2835 2069 lugebit,
2864 1998 2959 2053 sed
2995 2006 3220 2068 propter
3246 1995 3415 2069 449
3437 1994 3590 2050 inﬁr-

273 2071 555 2132 mitatem,
586 2071 964 2138 permittendi.
1000 2074 1124 2146 ipse
1162 2080 1311 2133 enim
1336 2082 1499 2151 quale
1532 2099 1634 2138 nos
1666 2085 1985 2155 ﬁgmentum
2019 2085 2215 2150 simus,
2248 2086 2422 2140 novit.
2458 2085 2600 2139 Illud
2634 2101 2766 2141 vero
2796 2101 2810 2138 :
2847 2105 2865 2139 ι
2899 2084 3128 2141 Sedebit
3166 2086 3221 2139 in
3245 2085 3410 2139 domo
3437 2092 3587 2150 tua”

272 2158 748 2213 consuetudinem
782 2171 1104 2230 perpetuam
1138 2166 1497 2237 signiﬁcavit.
1531 2171 1708 2237 Quam
1733 2175 1995 2244 consequi
2024 2174 2084 2227 in
2118 2174 2261 2228 votis
2297 2173 2465 2227 David
2513 2174 2730 2234 habuit,
2776 2190 2902 2228 cum
2944 2173 3127 2243 inquit
3157 2191 3172 2227 :
3212 2191 3231 2224 ι
3273 2171 3455 2228 Unum
3486 2185 3593 2241 po-

272 2244 537 2343 s-‘tulavia
568 2245 823 2310 Domino,
857 2259 915 2303 ut
957 2251 1208 2343 habitare
1253 2272 1472 2326 possem
1505 2263 1559 2315 in
1596 2260 1762 2315 domo
1802 2261 2017 2316 Domini
2047 2261 2310 2317 omnibus
2353 2262 2554 2317 diebus
2592 2262 2722 2316 vitae
2747 2276 2882 2316 mea:
2920 2262 2963 2325 ⁸,
2996 2279 3015 2313 ι
3066 2267 3122 2315 et
3150 2259 3438 2329 deinceps.
3466 2258 3591 2325 Quo

275 2329 597 2423 Ecclesium
630 2350 853 2407 quoquc
876 2340 1121 2408 gentium
1159 2343 1474 2414 impellens,
1512 2347 1691 2418 inquit
1719 2364 1735 2403 :
1773 2368 1791 2401 ι
1826 2349 1995 2423 Audi,
2020 2350 2152 2411 tilia.
2180 2358 2235 2405 et
2264 2349 2407 2414 vide,
2434 2360 2490 2404 et.
2514 2349 2720 2405 inclina
2748 2365 2937 2405 aurem
2970 2357 3148 2413 tuam,
3176 2358 3230 2403 et
3256 2348 3591 2404 obliviscere

277 2419 475 2489 populi
502 2421 579 2475 tui
607 2461 622 2487 ,
677 2433 731 2477 et
779 2424 978 2481 donius
1017 2431 1188 2498 patris
1221 2433 1324 2496 tui,
1365 2435 1628 2502 quoniam
1658 2419 1991 2506 concupivit
2013 2454 2103 2493 rex
2149 2436 2621 2506 pulchritudinem
2668 2444 2816 2491 tuam
2860 2436 2902 2492 ".
2926 2456 2944 2487 ι
2968 2436 3254 2507 Spirituali
3289 2452 3423 2492 vero
3460 2437 3589 2490 uni-

272 2517 392 2563 ίθίε
417 2510 808 2582 οοηὶυπὲίιηιιι*
838 2530 941 2571 nos
979 2516 1248 2575 Domino:
1297 2539 1316 2572 ι
1357 2520 1461 2588 Qui
1488 2525 1633 2578 enim
1670 2524 1902 2580 Domino
1928 2525 2342 2596 conglutinatus
2366 2533 2471 2591 est,
2512 2540 2655 2579 unus
2691 2525 2923 2595 spiritus
2972 2526 3121 2580 est“.
3159 2543 3178 2577 ι
3206 2556 3276 2567 ~--
3308 2543 3327 2575 ι
3364 2524 3520 2591 Quod
3537 2525 3586 2580 si

271 2611 416 2654 vero
440 2598 538 2654 tibi
572 2616 683 2655 non
715 2602 1010 2672 placuerit,
1050 2618 1379 2677 potestatem
1417 2614 1502 2667 sui
1538 2613 1621 2668 fac
1652 2621 1823 2685 atque
1854 2614 2090 2669 dimitte.
2124 2633 2142 2665 ι
2171 2613 2289 2668 Sub
2320 2614 2482 2668 hasta
2528 2630 2666 2669 vero
2691 2614 2927 2684 pecunia
2959 2629 3068 2668 non
3100 2613 3397 2669 vendctur.
3440 2613 3590 2678 Qua.

271 2697 506 2759 propter
539 2704 663 2743 cum
691 2689 1011 2747 Judaeorutn
1051 2693 1340 2768 Syuagoga
1366 2700 1418 2754 in
1450 2700 1732 2756 Christum
1771 2702 2119 2772 deliquisset,
2164 2716 2333 2757 exosa
2366 2703 2589 2773 quidem
2639 2711 2749 2766 est,
2804 2717 2913 2755 non
2948 2702 3018 2755 ita
3045 2711 3230 2756 tamen
3262 2708 3324 2756 ut
3352 2701 3580 2769 penitus

274 2777 538 2831 tradatur
598 2776 842 2834 Satanae.
905 2781 1026 2836 Non
1078 2784 1222 2838 enim
1254 2786 1528 2842 idolorum
1556 2789 1729 2843 cultui
1772 2806 1834 2847 se
1867 2789 2100 2850 addixit.
2146 2799 2438 2859 postquam
2475 2805 2503 2842 a
2540 2789 2630 2845 Dei
2660 2789 3054 2844 familiaritate
3088 2788 3408 2851 defecisset,
3435 2790 3574 2857 quin

272 2864 460 2921 adhuc
487 2865 541 2920 in
572 2866 695 2935 ejus
728 2869 880 2923 cultu
901 2871 1169 2940 persistit,
1204 2872 1491 2947 legemque
1521 2878 1777 2933 excolere
1797 2879 2041 2934 videtur.
2069 2877 2187 2931 Non
2223 2876 2372 2931 enim
2399 2886 2732 2947 aspernatus
2760 2885 2845 2933 est
2877 2893 2997 2932 eam
3030 2892 3197 2947 quam
3232 2877 3394 2946 prius
3423 2876 3578 2931 dele-

273 2953 378 3022 git.
437 2950 626 3045 Porro
667 2970 766 3025 per
821 2956 1158 3029 virginitatis
1213 2969 1421 3017 statum
1474 2965 1949 3033 humiliationem,
1998 2976 2093 3020 aut
2163 2973 2318 3021 certe
2366 2967 2680 3037 spiritualis
2734 2965 3153 3035 conjunctionis
3205 2965 3430 3020 modum
3485 2963 3587 3021 de-

269 3045 445 3098 notat.

350 3131 477 3187 Non
498 3132 692 3203 poterit
712 3133 1113 3221 primogenitum
1134 3137 1310 3207 facere
1333 3139 1504 3209 ﬁlium
1523 3141 1752 3208 dilectw,
1778 3142 2017 3210 despecto
2041 3142 2153 3212 ﬁlio
2178 3144 2395 3199 odiosaz.
2420 3142 2485 3216 [Χ
2497 3143 2587 3211 Xl,
2615 3144 2727 3217 16.]
2749 3145 2877 3200 Duae
2900 3144 3159 3201 mulieres
3182 3160 3298 3201 rem
3327 3158 3450 3221 cupt
3477 3142 3593 3199 Deo

275 3220 597 3277 habuerunt
634 3238 647 3275 :
682 3230 735 3276 et
764 3220 1085 3279 Juda-oruin
1119 3226 1409 3300 Synagoga
1435 3267 1451 3291 ,
1491 3239 1547 3286 et
1578 3232 1869 3303 gentilium
1903 3233 2169 3288 Ecclesia.
2202 3232 2445 3297 Quarum
2499 3232 2655 3303 prior
2688 3247 2857 3288 exosa
2890 3241 2976 3288 est
2998 3274 3012 3299 ,
3053 3241 3115 3286 ut
3146 3235 3293 3287 enim
3321 3231 3592 3288 Jcremias

274 3310 459 3380 inquit
487 3325 501 3360 :
541 3328 560 3360 ι
591 3307 673 3363 Tu
706 3320 951 3365 scortata
982 3328 1043 3368 cs
1071 3330 1196 3368 cum
1233 3318 1555 3386 pastoribus
1587 3321 1815 3386 inultis,
1845 3329 1899 3374 ct
1927 3319 2183 3375 reﬂexisti
2214 3320 2280 3373 ad
2314 3334 2420 3383 me,
2454 3320 2591 3373 dicit
2626 3318 2959 3376 Dominus”.
2994 3339 3011 3371 ι
3050 3318 3115 3373 Et
3144 3320 3340 3374 iterum
3375 3338 3388 3374 :
3420 3336 3438 3370 ι
3465 3319 3590 3373 Non

272 3405 543 3468 tanquam
574 3397 875 3455 Dominum
910 3415 995 3453 mc
1025 3403 1262 3467 vocasti,
1288 3412 1343 3458 et
1373 3414 1614 3475 patrem,
1650 3415 1705 3462 et
1733 3408 1928 3462 ducem
1962 3406 2300 3477 virginitatis
2332 3407 2523 3479 tuae“.
2561 3426 2581 3459 ι
2620 3406 2802 3475 llujus
2834 3408 3027 3462 uxoris
3066 3408 3211 3462 filius
3241 3405 3586 3476 primogeni-

272 3496 365 3541 tus
398 3484 679 3539 Abraham
708 3493 764 3541 et
800 3489 886 3544 sui
924 3485 1153 3543 fuerunt
1180 3531 1195 3554 ,
1234 3494 1490 3561 quamvis
1521 3504 1705 3565 patres
1738 3496 1981 3565 ipsorum
2012 3495 2104 3562 jus
2135 3494 2494 3549 reddiderunt
2522 3535 2538 3560 ,
2573 3505 2627 3550 et
2659 3504 2937 3565 quotquot
2962 3496 3048 3550 his
3075 3503 3205 3550 ante
3230 3495 3466 3566 gratiam
3495 3494 3583 3547 si-

275 3575 441 3628 miles
460 3582 611 3629 suut.
647 3573 920 3643 caeterum
950 3576 1018 3630 de
1050 3578 1298 3647 gentium
1336 3579 1583 3637 Ecclesia
1612 3582 1778 3637 David
1816 3583 1990 3653 inquit
2020 3600 2035 3636 :
2068 3601 2086 3633 ι
2117 3582 2281 3647 Audi,
2318 3582 2448 3647 tilia,
2480 3592 2534 3637 et
2561 3582 2708 3644 vide,
2735 3591 2789 3637 et
2826 3583 3032 3637 inclina
3067 3598 3259 3637 aurem
3295 3589 3446 3635 tuam
3473 3582 3541 3641 ",
3562 3599 3582 3631 ι

274 3672 332 3717 et
375 3677 500 3733 quae
531 3663 833 3757 deinceps.
883 3663 1087 3720 Beatus
1141 3665 1280 3721 item
1335 3666 1588 3726 Paulus:
1625 3689 1645 3723 ι
1678 3671 2010 3743 Desponsavi
2049 3686 2149 3726 vos
2194 3671 2288 3724 uni
2338 3671 2491 3737 viro,
2540 3673 2914 3757 ut.virgincm
2962 3682 3172 3727 castam
3227 3669 3455 3726 Christo
3509 3670 3588 3723 si-

280 3763 484 3809 storem
507 3752 570 3805 ι’.
601 3769 620 3804 ι

348 3841 483 3894 Ὅτε
511 3839 783 3894 ἀποδώσει
814 3840 1062 3912 δηλονότι
1090 3842 1310 3916 ἑκάστῳ
1340 3846 1482 3899 κατὰ
1510 3846 1578 3900 τὰ
1603 3845 1740 3917 ἔργα
1766 3847 1870 3899 αὐ-

2047 3846 2280 3914 Quando
2311 3847 2481 3918 igitur
2536 3848 2840 3916 unicuique
2898 3846 3101 3903 reddet
3152 3862 3254 3918 pro
3316 3846 3588 3916 operibus

276 3930 395 3993 τοῦ,
432 3931 530 4001 οὐχ
562 3932 899 4003 ὑπερόψεται
924 3935 1018 3987 τὸν
1045 3936 1394 4005 πρωτότοκον
1422 3939 1539 3992 υἱὸν
1559 3942 1660 4010 τῆς
1688 3955 1880 4010 μισθυο-

285 4023 477 4094 μένης,
513 4023 630 4077 ἀλλ’
655 4024 1030 4094 ἐπιγνώσεται
1059 4027 1248 4081 δοῦναι
1296 4030 1450 4100 αὐτῷ
1477 4030 1644 4085 διπλᾶ
1663 4047 1677 4061 '
1710 4032 1793 4084 ὅτι
1823 4048 1883 4083 τε

280 4115 393 4185 πρὸ
417 4116 516 4186 τῆς
553 4116 779 4187 χάριτος
810 4117 1104 4186 γεγόνασι,
1144 4120 1240 4172 καὶ
1276 4120 1557 4175 πολιτείαν
1589 4121 1880 4190 εὐαγγελι-

276 4208 382 4279 κὴν
430 4210 801 4275 ἐπεδείξαντο,
829 4211 927 4265 καὶ
958 4211 1048 4265 διὰ
1100 4211 1335 4276 πίστεως
1384 4214 1878 4285 ἐμαρτυρήθησαν.

282 4302 448 4358 Ὥστε
502 4306 616 4378 (97)
682 4307 779 4360 xui.
827 4309 907 4371 εἰς
960 4307 1200 4373 κόλπους
1244 4309 1446 4375 αὐτῶν,
1484 4310 1742 4383 Ἀϐραὰμ
1788 4311 1884 4364 καὶ

256 4398 478 4502 ἷίσαὰκ
521 4399 617 4451 καὶ
644 4397 863 4463 Ἰακὼϐ,
897 4400 1026 4463 τοὺς
1061 4401 1407 4470 σωζομένους
1454 4402 1702 4466 ἅπαντας
1746 4404 1881 4457 ἁνα-

266 4490 571 4553 ’παύεσθαῃ
604 4491 747 4545 κατὰ
794 4492 896 4569 τὴν
945 4490 1041 4543 τοῦ
1091 4492 1348 4563 Σωτῆρος
1390 4494 1600 4565 φωνήν.
1633 4493 1775 4563 Φησὶ
1825 4492 1881 4545 δὲ

296 4587 375 4637 cui.
422 4582 659 4649 Παῦλος,
701 4582 940 4636 (Ἔλαϐε
973 4583 1043 4637 δὲ.
1066 4583 1321 4654 Ἀϐραὰμ
1352 4585 1658 4654 περιτομὴν
1694 4601 1877 4654 σφρα-

266 4662 408 4746 ⁸γίδα
440 4680 540 4748 τῆς
565 4675 918 4747 δικαιοσύνης
937 4677 1034 4747 τῆς
1058 4676 1420 4747 πίστεως-τῆς
1444 4678 1502 4729 ἐν
1519 4676 1880 4748 ἀκροϐυστίᾳ,

266 4773 363 4841 ,είς
391 4770 454 4824 τὸ
488 4760 630 4822 εἶναι
676 4768 842 4823 αὐτὸν
871 4769 1087 4838 πατέρα
1117 4768 1340 4822 πάντων
1371 4768 1483 4821 τῶν
1515 4768 1882 4822 πιστευόντων

284 4862 350 4916 δι’
367 4860 743 4932 ἀκροϐυστίας
762 4877 776 4892 ο
812 4861 895 4923 είς
918 4859 981 4913 τὸ
1006 4860 1328 4929 λογισθῆναι
1356 4860 1451 4912 καὶ
1474 4860 1661 4923 αὐτοῖς
1687 4859 1787 4931 τὴν
1806 4862 1884 4914 δ;-

285 4953 608 5024 καιοσύνην·
643 4953 739 5006 καὶ
772 4952 989 5023 πατέρα
1021 4952 1349 5022 περιτομῆς,
1384 4953 1447 5005 οὐ
1475 4955 1589 5016 τοῖς
1622 4955 1686 5006 ἐκ
1719 4970 1879 5024 περι-

284 5049 458 5118 τομῆς
489 5045 674 5115 μόνον,
693 5044 830 5097 ἀλλὰ
861 5045 957 5097 καὶ
987 5046 1101 5107 τοῖς
1138 5043 1414 5112 στοιχοῦσι
1438 5045 1553 5106 τοῖς
1586 5042 1762 5112 ἴχνεσι
1780 5043 1883 5113 τῆς

288 5143 344 5195 ὲν
366 5138 708 5210 ἀκροϐυστίᾳ
748 5137 985 5201 πίστεως
1016 5135 1111 5190 τοῦ
1143 5136 1351 5205 πατρὸς
1377 5134 1536 5205 ἡμῶν
1570 5134 1875 5206 Ἀϐραάμ.»

1989 3939 2197 4010 ipsius,
2235 3955 2346 3995 non
2403 3940 2646 4011 negliget
2696 3955 2878 3995 exosa:
2932 3940 3394 4010 primogenitum,
3444 3954 3587 4007 quo-

1989 4032 2135 4085 niam
2168 4031 2418 4102 politiam
2452 4032 2825 4104 evangelicum
2858 4047 2971 4102 prae
3011 4047 3069 4086 se
3103 4032 3371 4089 tulerunt.
3403 4038 3457 4083 et
3489 4045 3589 4098 per

1991 4122 2149 4176 [idem
2181 4122 2565 4175 testimonium
2595 4123 2882 4177 consecuti
2915 4129 3067 4184 sunt,
3102 4121 3248 4190 quod
3279 4120 3335 4173 in
3369 4120 3589 4191 gremio

1985 4229 2176 4269 eorum
2207 4215 2469 4269 omnibus
2505 4213 2940 4268 recumbendum
2984 4212 3111 4277 sict,
3140 4211 3296 4282 juxta
3322 4210 3589 4266 Servato-

1985 4307 2065 4362 ris
2100 4306 2309 4361 dictum
2336 4306 2401 4361 ”‘.
2433 4306 2662 4362 Necnon
2712 4305 2918 4361 Paulus
2948 4320 3169 4376 quoque.
3198 4303 3332 4358 dicit
3370 4321 3384 4358 :
3424 4322 3443 4354 ι
3474 4304 3585 4357 Ac-

1985 4400 2132 4469 cepit
2187 4414 2317 4454 vero
2369 4399 2649 4452 Abraham
2689 4398 3174 4453 circumcisioneni
3201 4437 3216 4458 ,
3247 4397 3465 4467 signum
3496 4396 3587 4466 ju-

1985 4492 2150 4546 stitia:
2203 4507 2328 4561 qute.
2385 4492 2553 4547 etiam
2598 4491 2652 4544 in
2703 4489 2973 4560 praeputio
3011 4504 3106 4558 per
3141 4488 3301 4544 (idem
3337 4489 3585 4555 obvenit,

1985 4592 2046 4638 ιιι
2067 4590 2217 4637 esset
2252 4594 2407 4653 pater
2438 4586 2684 4636 ninnium
2725 4580 3070 4636 credentium
3108 4580 3163 4634 in
3203 4582 3492 4649 praeputio,
3524 4592 3586 4633 ut

1985 4684 2040 4732 et
2074 4675 2183 4730 illis
2214 4690 2437 4744 quoque
2467 4675 2837 4742 imputaretur
2866 4670 3079 4741 justitia
3103 4711 3119 4735 ,
3148 4678 3306 4740 pater
3335 4671 3463 4723 item
3496 4685 3587 4725 es.

1985 4778 2069 4822 set
2098 4767 2265 4821 etiam
2296 4763 2771 4825 circumcisionis,
2800 4777 2904 4817 nec
2934 4775 3129 4816 eorum
3157 4761 3249 4830 qui
3274 4777 3337 4817 ex
3366 4776 3427 4815 ea
3455 4771 3585 4815 sunt

1985 4859 2194 4920 solum,
2233 4873 2421 4911 verum
2451 4856 2623 4909 etiam
2657 4870 2875 4919 eorum,
2914 4855 3007 4924 qui
3058 4855 3112 4909 in
3160 4855 3429 4924 pra‘putio
3459 4854 3582 4908 lidci

1985 4949 2231 5021 vestigiis
2265 4949 2443 5018 patris
2469 4948 2647 5002 nostri
2672 4947 2950 5001 Abraham
2991 4947 3333 5003 insistunt“.
3366 4966 3385 4999 ι
3423 4945 3587 5002 Vides

1987 5044 2155 5114 igitur
2184 5042 2329 5113 quod
2365 5042 2642 5110 duplicem
2668 5057 2697 5095 ιι
2723 5048 2878 5111 patre
2903 5050 3112 5110 partem
3149 5040 3361 5101 habuit,
3390 5056 3587 5108 quani-

1988 5137 2068 5195 vis
2097 5150 2282 5189 exosae
2315 5134 2508 5188 uxoris
2546 5133 2694 5188 ﬁlius
2726 5143 2913 5192 esset,
2948 5140 3005 5184 ut
3036 5131 3294 5185 videlicet
3331 5138 3485 5200 pater
3515 5130 3588 5182 sit

301 5231 461 5302 Ὁρᾷς
490 5231 564 5293 ὡς
591 5228 817 5283 διπλοῦν
848 5229 1000 5299 παρὰ
1020 5227 1115 5280 τοῦ
1144 5227 1356 5299 πατρὸς
1382 5227 1510 5298 ἔσχε
1540 5226 1631 5279 τὸν
1654 5226 1878 5295 κλῆρον,

1989 5228 2082 5294 qui
2107 5236 2161 5281 et
2191 5227 2452 5297 gentibus
2485 5235 2540 5281 et
2563 5225 3011 5280 circumcisionis
3042 5223 3364 5278 hominibus
3386 5221 3482 5291 jus
3502 5221 3589 5276 di-

291 5325 494 5396 καίπερ
545 5322 621 5375 ὢν
681 5322 783 5391 τῆς
847 5321 1212 5392 μισουμένης,
1278 5318 1465 5389 πατὴρ
1522 5318 1884 5390 χρηματίζων

291 5414 462 5470 ἐθνῶν
492 5414 586 5467 καὶ
614 5414 725 5467 τῶν
760 5416 826 5466 ὲκ
860 5411 1186 5483 περιτομῆς.

359 5533 406 5566 ⁸⁷
428 5530 602 5587 Exod.
636 5547 726 5596 xx,
758 5531 813 5586 5.
890 5531 937 5563 ’⁸
969 5530 1128 5584 Rom.
1153 5545 1250 5591 xu,
1279 5528 1335 5590 2,
1356 5530 1409 5584 5.
1477 5527 1531 5564 -⁹⁹
1560 5524 1730 5578 Exod.
1756 5525 1965 5590 “,15;
1994 5522 2080 5579 l3.

365 5602 512 5651 1-10.
589 5600 792 5651 'Rozn.
822 5617 940 5651 χιιι.
969 5601 1057 5651 14.
1136 5598 1157 5628 ⁵
1201 5600 1359 5651 Νιιιιι.
1397 5596 1584 5651 xw.3.
1663 5598 1684 5628 ⁸
1723 5597 1890 5651 Nunt.
1930 5611 2045 5651 xxi.
2073 5592 2106 5645 5

294 5602 512 5667 LXIJO.
589 5600 792 5656 'Rozn.
822 5617 940 5663 xm,
969 5601 1057 5654 14.
1136 5598 1157 5628 ⁵
1201 5600 1359 5653 Νιιιη.
1397 5596 1584 5667 χιν.3.

295 5689 367 5738 Vt,
406 5674 495 5726 17.
570 5675 590 5706 ο
629 5670 833 5728 Jercm.
868 5688 946 5734 Ill,
986 5675 1034 5724 l.
1116 5671 1159 5702 ’°
1201 5671 1335 5726 ibtd.
1367 5670 1420 5725 4.

298 5761 369 5808 tv,
406 5744 491 5811 ll,
532 5741 617 5799 l2.

1504 5666 1542 5698 ³¹
1588 5665 1731 5723 Psal.
1763 5683 1905 5728 κων,
1947 5669 2032 5723 il.

1992 5328 2102 5373 ριιι.

2160 5522 2174 5552 ¹
2216 5520 2414 5599 ξρρρςε
2448 5535 2525 5576 tv.
2554 5517 2763 5599 25-?5;
2785 5516 3018 5599 _(‘._ploss.
3060 5532 3148 5582 tn,
3181 5518 3238 5599 D,
3268 5517 3339 5599 [ρ.
3367 5586 3387 5599 _
3410 5516 3582 5599 "nisa.

2116 5631 2126 5645 .
2236 5585 2434 5645 "Psal.
2469 5605 2618 5646 xxvi.
2652 5590 2707 5644 4i.
2785 5590 2804 5619 ⁷
2834 5588 2978 5644 Psal.
3007 5604 3152 5653 xciv,
3180 5585 3583 5647 lt.19.'lt;or.

2116 5664 2156 5695 "
2199 5660 2239 5715 ll
2276 5663 2405 5716 Cor.
2438 5676 2526 5725 ιιι,
2559 5662 2612 5714 2.
2698 5660 2742 5693 ⁸³
2784 5660 2974 5714 Matth.
3014 5675 3132 5725 vm,
3174 5661 3257 5715 ll.
3342 5658 3382 5684 δ’
3419 5661 3578 5711 itum.

2698 5660 2742 5693 ⁸³
2784 5660 2974 5714 Matth.
3014 5675 3132 5726 vm,
3174 5661 3257 5715 ll.
3342 5658 3382 5684 δ’
3419 5661 3578 5711 itum.

1836 5828 2068 5885 NOT/E.

367 5931 480 6003 (97)
535 5931 622 5997 Ὠς
684 5931 764 5996 εἰς
797 5930 1029 5996 κόλπους
1085 5929 1267 5985 αὐτῶν
1317 5927 1564 5993 ἅπαντας
1607 5930 1770 5982 ἁναπ.
1814 5926 1871 5980 '0
1913 5925 2009 5997 τῆς
2039 5921 2318 5995 Αὒ-ρκὼδ.
