3956 6480
401 403 512 470 9‘27
1736 409 2094 471 PROCOPII
2136 411 2384 472 GAZAEI
3578 411 3674 479 928

479 517 769 580 Quomodo
805 533 938 572 vero
966 517 1072 572 hoc
1107 533 1232 573 cum
1271 520 1506 575 denario
1535 521 1723 588 habet,
1752 540 1914 592 quem
1949 533 2057 578 tam
2095 527 2363 596 postremi
2404 541 2564 595 quam
2595 524 2757 596 primi
2786 530 3116 592 acceperunt
3149 522 3207 577 in
3243 521 3530 590 parabola,
3559 541 3672 582 cum

405 606 679 672 duplicent
710 609 1018 676 portionem
1053 607 1256 676 prioris
1288 609 1476 664 uxoris
1507 611 1911 680 primogenitus
1945 613 2196 682 accipere
2225 611 2482 666 dicatur?
2525 621 2619 666 aut
2649 609 2930 682 quomodo
2963 611 3018 664 in
3047 609 3316 679 parabola
3349 607 3456 662 alia
3490 611 3674 679 accipit

406 693 552 748 alius
583 695 805 756 quidem
846 693 939 763 jus
983 695 1170 749 decem
1200 697 1482 750 civitatum
1506 739 1519 762 ,
1551 699 1694 753 alius
1721 714 1849 752 vero
1878 699 2119 768 quinque
2139 701 2222 754 Is?
2269 700 2434 770 Atqui
2469 700 2730 754 denarius
2771 713 2871 768 pro
2923 712 3065 751 nova
3113 695 3305 752 salute
3333 693 3674 764 accipitur".

404 779 606 834 Verum
635 781 787 835 salus
823 795 851 833 a
886 784 1066 836 salute
1090 821 1106 844 ,
1133 783 1277 836 sicut
1303 798 1402 838 nec
1439 785 1548 838 vita
1593 801 1621 838 a
1663 787 1771 840 vita
1802 786 1939 840 nihil
1969 787 2160 843 distat.
2192 788 2366 855 Quam
2397 805 2462 844 cx
2489 803 2650 859 aequo
2676 793 3094 856 consequuntur
3132 799 3361 839 omnes.
3395 781 3514 838 Non
3541 785 3676 840 enim

401 869 726 922 vinciuntur
757 868 1016 924 manibus
1050 885 1113 924 ac
1150 870 1383 940 pedibus
1409 909 1425 930 .
1475 881 1528 925 et
1566 873 1618 925 in
1665 874 1972 929 exteriores
2020 877 2274 931 tenebras
2309 877 2705 947 conjiciuntur,
2740 876 2834 945 qui
2871 875 3146 928 diversam
3184 872 3258 926 ab
3297 871 3428 926 aliis
3463 873 3676 942 gloriam

403 957 702 1025 accipiunt.
734 975 754 1007 ι
785 957 904 1009 Alia
933 958 1079 1011 enim
1109 959 1283 1027 gloria
1316 960 1449 1014 solis
1477 967 1592 1024 est,
1629 961 1736 1012 alia
1778 961 1952 1031 gloria
2004 961 2180 1028 Iume,
2217 963 2324 1017 alia
2359 963 2596 1034 denique
2625 971 2710 1017 est
2736 963 3019 1016 stellarum
3049 959 3252 1031 gloria.
3290 959 3372 1012 Ac
3399 961 3557 1014 stella
3583 977 3681 1016 una

403 1044 474 1098 ab
515 1045 619 1098 alia
655 1045 829 1114 gloria
858 1043 1128 1102 differt".
1160 1064 1179 1096 ι
1221 1045 1294 1099 Ita
1329 1048 1384 1099 in
1421 1049 1822 1102 resurrectione
1863 1056 2202 1104 mortuorum
2239 1063 2463 1117 quoque
2492 1047 2848 1103 excellentior
2879 1048 3054 1118 gloria
3091 1054 3178 1102 est
3208 1045 3306 1116 jus
3334 1043 3523 1100 decem
3554 1045 3680 1101 civi-

403 1140 604 1197 tatum,
633 1147 798 1202 quam
835 1133 1082 1202 quinque
1111 1134 1336 1189 habere.
1366 1134 1677 1204 Unicuique
1705 1136 1849 1190 enim
1882 1152 1982 1206 pro
2011 1135 2278 1204 dignitate
2307 1131 2453 1189 Deus
2492 1135 2722 1200 tribuit,
2754 1145 2809 1189 et
2835 1136 3146 1206 quantitate
3169 1176 3184 1200 ,
3229 1141 3290 1188 et
3315 1131 3602 1203 qualitate,
3631 1141 3682 1189 et

399 1225 685 1286 tempore.
719 1234 783 1274 ac
818 1219 871 1273 in
905 1234 1120 1274 summa
1158 1221 1416 1276 omnibus
1455 1222 1600 1292 quod
1634 1239 1851 1292 atqunm
1886 1233 1972 1278 est
2006 1235 2070 1277 ac
2092 1223 2306 1292 justum
2338 1223 2640 1292 adiudicat.

475 1306 628 1372 Quod
645 1307 691 1360 si
709 1309 796 1362 cui
811 1307 973 1376 fuerit
998 1309 1146 1377 ﬁlius
1169 1310 1559 1379 immorigcrus.
1592 1309 1759 1381 [XXL
1783 1309 1894 1382 18.]
1915 1309 1979 1364 Et
1999 1310 2126 1365 alibi
2159 1311 2324 1366 dicit:
2349 1328 2370 1362 ι
2399 1309 2500 1378 Qui
2521 1312 2701 1381 pulsat
2732 1319 2938 1379 patrem
2961 1325 3119 1366 suum
3141 1320 3238 1364 aut
3261 1316 3496 1364 matrem
3515 1323 3679 1377 suam,

405 1405 586 1450 morte
609 1395 956 1451 aﬂicietur“.
985 1413 1003 1446 ι
1047 1394 1182 1450 Item
1219 1413 1233 1450 :
1277 1415 1296 1448 ι
1327 1395 1430 1472 Qui
1473 1397 1823 1451 maledixerit
1849 1399 2010 1451 matri
2043 1413 2159 1453 sua:
2185 1405 2280 1450 aut
2307 1399 2474 1466 patri,
2513 1407 2688 1452 marte
2714 1397 3039 1452 multabitur
3061 1397 3122 1452 ι’.
3152 1415 3173 1449 ι
3208 1393 3400 1462 IEque
3429 1410 3558 1450 vero
3595 1397 3680 1464 qui

403 1484 460 1538 in
495 1492 759 1553 parentes
792 1483 1092 1553 delinQuit,
1123 1499 1188 1538 ac
1213 1484 1314 1554 qul‘
1349 1486 1402 1539 in
1435 1483 1602 1539 Deum
1635 1485 1883 1554 punitur.
1935 1486 2004 1538 At
2033 1485 2128 1555 qui
2165 1485 2412 1540 divinum
2449 1493 2784 1556 praeceptum
2821 1487 3048 1556 sprevit,
3083 1485 3253 1540 venia
3289 1482 3504 1552 absque
3533 1485 3682 1540 morti

403 1570 825 1628 condemnatur.
859 1571 936 1626 Ac
964 1572 1056 1640 qui
1087 1571 1146 1625 in
1169 1581 1429 1641 parentes
1459 1571 1766 1642 delinquit,
1819 1572 2094 1642 lapidibus
2123 1573 2397 1628 obruitur.
2433 1592 2453 1626 ι
2481 1573 2757 1629 Memento
2801 1575 2986 1637 enim,
3017 1573 3203 1644 inquit
3229 1611 3246 1638 ,
3277 1573 3432 1644 quod
3467 1571 3536 1628 ab
3560 1572 3681 1642 ipsis

403 1659 624 1714 vivendi
653 1658 871 1713 initium
907 1659 1212 1728 acceperis.
1246 1677 1266 1711 ι
1301 1655 1475 1713 Jacob
1506 1641 1728 1728 quoque
1755 1641 1976 1728 inquit:
2006 1679 2026 1712 ε
2055 1657 2110 1714 Si
2139 1660 2284 1715 enim
2318 1670 2497 1716 metus
2523 1661 2698 1732 patris
2726 1663 2829 1716 mei
2855 1661 3011 1716 isaac
3039 1641 3143 1714 fuit
3173 1660 3232 1714 in
3261 1673 3354 1714 nte
3381 1641 3450 1711 ".
3479 1679 3498 1710 ι
3540 1641 3680 1716 lusu-

404 1763 504 1818 per
527 1759 746 1816 quoque
777 1744 1204 1801 Proverbiorum
1234 1754 1428 1800 auctor
1452 1753 1810 1810 exsecratur,
1852 1746 2152 1816 inquiens:
2193 1765 2210 1798 σ
2245 1747 2474 1802 Oculum
2511 1749 2946 1804 subsannantem
2980 1755 3225 1818 patrem.
3263 1747 3684 1800 contumeliam-

401 1846 510 1904 que
543 1833 738 1888 matris
769 1833 926 1889 senio
957 1844 1240 1903 parantem
1264 1871 1281 1899 ,
1313 1833 1468 1887 corvi
1519 1833 1845 1888 torrentium
1881 1836 2155 1890 erttant“.
2188 1853 2207 1888 t
2255 1833 2394 1891 Huic
2428 1852 2560 1892 vero
2595 1847 2882 1905 parentum
2916 1836 3252 1892 reverentia:
3305 1850 3420 1888 non
3473 1835 3682 1905 abrogat

401 1921 608 1976 Christi
649 1921 782 1976 illud
821 1939 834 1974 :
875 1941 893 1972 ι
923 1919 1030 1984 Qui
1062 1929 1272 1990 patrem
1311 1931 1405 1974 aut
1449 1927 1680 1974 matrem
1713 1921 1916 1989 diligit,
1955 1937 2040 1976 me
2083 1940 2192 1980 non
2224 1925 2427 1996 dignus
2465 1927 2638 1981 est“.
2673 1945 2692 1978 ι
2734 1925 2920 1998 450
2955 1923 3144 1993 Neque
3176 1923 3319 1979 illud
3354 1922 3683 1992 etiamquod

399 2011 546 2065 dixit
579 2009 646 2064 ad
691 2017 903 2079 patrem
953 2008 1192 2078 sepelire
1229 2007 1542 2077 cupientem
1573 2023 1590 2064 :
1634 2026 1654 2060 ι
1678 2007 1829 2064 Mitte
1866 2017 2114 2066 mortuos
2155 2014 2388 2083 Sepelire
2433 2029 2565 2069 suos
2613 2026 2862 2070 mortuos
2884 2014 2952 2068 ⁸³.
2985 2033 3005 2066 ι
3043 2011 3252 2067 Verum
3282 2025 3408 2066 eam
3437 2027 3556 2079 qua:
3585 2008 3682 2065 Deo

401 2097 633 2153 debetur
659 2095 1032 2166 antiquiorem
1065 2109 1190 2151 esse
1218 2093 1434 2149 edocet.
1463 2093 1810 2165 Perpendere
1835 2095 1965 2150 item
2001 2107 2206 2166 quanta
2227 2100 2439 2160 doloris
2467 2105 2551 2183 vi;
2579 2103 2654 2160 sit
2682 2119 2793 2174 quo
2829 2103 3039 2160 viscera
3078 2108 3134 2156 et
3175 2110 3382 2155 natura
3411 2107 3680 2172 parentum

397 2185 611 2238 tamdiu
639 2185 782 2238 victa
812 2191 916 2238 est.

471 2295 742 2362 Quoniam
771 2291 1085 2347 maledicta:
1113 2309 1146 2345 a
1172 2289 1277 2346 Deo
1311 2294 1483 2346 omnis
1505 2294 1594 2363 qui
1623 2292 1812 2362 pendet
1843 2295 1896 2348 in
1921 2294 1992 2348 li-

2169 2297 2300 2352 Ὅτι
2314 2297 2799 2370 κεκατηραμένος
2819 2299 2940 2353 ὑπὸ
2962 2297 3110 2353 Θεοῦ
3130 2294 3256 2362 πᾶς
3273 2299 3308 2351 ό
3326 2292 3682 2364 κρεμάμενος

397 2407 522 2461 guo.
568 2385 722 2461 [25.]
761 2385 990 2456 Aquilas
1020 2393 1076 2440 et
1109 2382 1453 2438 Theodotion
1483 2425 1499 2450 ,
1537 2385 1846 2440 maledictio
1893 2384 1992 2440 Dei

2112 2388 2191 2442 iuri
2212 2389 2426 2454 ξύλου.
2443 2389 2676 2454 Ἀκύλας
2695 2389 2792 2442 καὶ
2813 2389 3107 2442 Θεοδοτίων
3133 2387 3440 2454 ἐξέδωκαν,
3466 2383 3681 2454 κατάρα

397 2497 687 2552 suspensus
711 2520 728 2545 ,
758 2486 1158 2550 exposuerunt.
1187 2476 1457 2532 Caeterum
1502 2478 1664 2532 divus
1697 2478 1994 2548 Apostolus

2112 2481 2248 2536 Θεοῦ
2271 2481 2663 2552 κρεμάμενος.
2698 2481 2759 2535 '0
2791 2481 2850 2536 δὲ
2885 2481 3030 2543 θεῖος
3064 2477 3424 2540 Ἀπὸστολος,
3447 2473 3567 2530 οὔτε
3588 2475 3680 2548 ὑπρ

401 2576 471 2629 ad
519 2573 779 2639 Galatas,
831 2586 972 2642 quos
1023 2569 1287 2626 vecordes
1346 2578 1508 2624 vocat
1527 2571 1593 2636 ",
1643 2571 1809 2638 hujus
1857 2570 1991 2626 dicti

2112 2573 2254 2638 θεοῦ,
2283 2573 2406 2628 οὔτε
2437 2573 2574 2626 Θεοῦ
2609 2589 2769 2651 φησι,
2797 2571 3062 2643 μνησθεὶς
3092 2570 3193 2624 τοῦ
3231 2567 3404 2640 ῥητοῦ
3436 2568 3570 2637 πρὸς
3590 2567 3681 2620 Γα-

401 2667 685 2724 mentioue
709 2663 943 2718 adducta
960 2661 1030 2728 ³⁸,
1068 2677 1245 2734 neque
1277 2676 1308 2716 a
1342 2661 1473 2727 Deo,
1505 2677 1684 2732 neque
1714 2662 1809 2718 Dei
1837 2662 1993 2717 dicit.

401 2759 470 2816 Et
501 2758 738 2812 fortasse
771 2755 980 2809 idcirco
1005 2753 1197 2807 omisit
1229 2753 1376 2822 quod
1419 2753 1522 2807 hoc
1551 2753 1860 2806 auctarium
1901 2767 1996 2812 su-

404 2866 502 2920 pra
529 2850 682 2920 ipsos
711 2854 880 2902 esset.
913 2851 1024 2899 Aut
1051 2843 1196 2899 forte
1220 2844 1425 2914 aliquis
1455 2851 1718 2915 tanquam
1744 2843 1996 2915 blasphe-

400 2957 552 2998 mum
583 2956 646 2996 ex
680 2937 968 2994 codicibus
992 2936 1230 2991 vetustis
1255 2935 1424 2990 eruit.

473 3031 570 3088 Est
629 3039 814 3085 autem
867 3027 1098 3098 ὕστερον
1152 3029 1422 3099 πρότερον
1473 3028 1620 3098 quod
1667 3027 1846 3082 dicit:
1885 3027 1998 3082 «Et

397 3124 670 3180 moriatur
699 3135 767 3176 ac
797 3117 1152 3190 suspendetis
1199 3135 1325 3174 eum
1355 3136 1386 3175 e
1413 3119 1566 3188 ligno
1591 3135 1606 3185 ;
1641 3137 1661 3171 ι
1715 3135 1822 3175 non
1846 3119 1996 3175 enim

399 3226 530 3291 post
562 3224 795 3272 mortem
848 3213 918 3268 ad
965 3226 1188 3267 crucem
1225 3212 1352 3284 quis
1385 3210 1648 3280 adigitur,
1680 3225 1866 3266 verum
1903 3225 1999 3281 per

395 3325 624 3367 crucem
663 3308 922 3365 moritur.

475 3402 678 3458 Verum
723 3415 827 3458 cur
855 3400 1041 3458 crucis
1077 3399 1352 3455 duntaxat
1392 3406 1624 3454 mortem
1653 3395 1874 3450 vocavit
1899 3411 1998 3452 ex-

401 3493 753 3561 secrandam,
779 3493 907 3549 licet
928 3508 1077 3562 sape
1098 3491 1326 3561 obliquo
1347 3489 1561 3560 judicio
1587 3487 1682 3542 ﬂat
1698 3487 1998 3558 judicium,

396 3605 532 3646 cum
587 3587 641 3642 in
707 3587 987 3644 similibus
1042 3593 1138 3639 aut
1185 3584 1350 3639 etiam
1402 3581 1772 3638 deterioribus
1814 3582 2002 3638 causis

397 3686 660 3754 justeque
688 3679 988 3752 aliquando
1037 3679 1148 3732 alia
1179 3676 1502 3750 irroge‘ttur
1542 3673 1869 3744 supplicia?
1901 3673 2004 3728 Ec-

403 3773 539 3845 quid
571 3773 743 3829 vero?
773 3788 840 3826 an
877 3787 986 3826 non
1017 3769 1182 3824 alicui
1215 3769 1488 3839 ineptaet
1519 3766 1698 3822 aliena
1729 3780 1898 3822 causa
1926 3764 2010 3820 vi-

403 3869 522 3925 deri
577 3869 755 3938 possit
804 3867 908 3920 hoc
968 3864 1116 3934 quod
1171 3861 1346 3926 dicit,
1407 3859 1618 3934 idcirco
1673 3857 2006 3914 demendum

404 3962 588 4032 ipsum
635 3975 665 4014 a
709 3973 876 4015 cruce
899 3973 1046 4023 esse,
1092 3969 1158 4010 ac
1190 3951 1594 4023 sepeliendum,
1637 3951 1768 4020 quia
1814 3963 1844 4003 a
1893 3949 2006 4004 Deo

406 4051 738 4106 Iualedictns
801 4048 916 4104 sit?
946 4046 1106 4118 quasi
1138 4043 1470 4099 manendum
1509 4035 1568 4096 ei
1591 4049 1758 4107 esset,
1807 4041 1856 4096 si
1894 4055 2007 4095 non

404 4143 738 4197 maledictus
764 4151 911 4195 esset
938 4156 952 4190 :
977 4154 1102 4194 cum
1138 4148 1320 4192 tamen
1349 4151 1380 4190 e
1407 4135 1629 4190 diverso
1653 4133 1768 4189 ﬁeri
1799 4148 2006 4188 conve-

407 4236 616 4289 niebat.
669 4230 841 4287 Porro
872 4238 1056 4285 autem
1093 4243 1220 4283 cum
1257 4227 1392 4282 nulli
1425 4235 1652 4297 peccato
1685 4233 1781 4280 aut
1813 4224 2009 4295 impie-

405 4327 508 4381 tati
553 4325 742 4380 crucis
795 4322 1129 4392 supplicium
1161 4319 1344 4376 adhuc
1383 4319 1694 4386 constituit,
1727 4319 2008 4389 quomodo

405 4420 464 4475 id
503 4434 653 4474 nunc
683 4409 958 4488 protulit?
989 4413 1190 4470 Verum
1222 4431 1290 4470 ex
1315 4413 1402 4468 bis
1423 4412 1684 4468 omnibus
1716 4411 1865 4466 hunc
1893 4424 2008 4468 ser-

401 4527 627 4566 monem
661 4518 888 4581 pr0pter
915 4507 1200 4564 Christum
1233 4514 1446 4561 tantum
1477 4519 1600 4559 esse
1639 4503 1842 4558 factum
1874 4520 2008 4559 con-

397 4603 690 4667 cluditur,
725 4584 818 4671 qui
873 4614 973 4670 pro
1023 4597 1186 4652 nobis
1235 4593 1549 4650 exsecratio
1603 4593 1718 4647 ﬁeri
1781 4592 2005 4648 futurus

399 4703 552 4756 erat.
579 4693 672 4763 qui
717 4693 978 4763 quoniam
1016 4689 1162 4745 Deus
1195 4697 1337 4752 erat,
1387 4685 1584 4740 merito
1623 4683 1716 4739 Dei
1748 4699 2008 4740 exsecrao

404 4784 488 4839 tio
519 4785 704 4840 dictus
729 4792 833 4838 est.
868 4781 1012 4838 Deus
1046 4781 1193 4836 enim
1225 4794 1351 4834 cum
1377 4786 1549 4844 esset,
1589 4792 1688 4848 pro
1719 4778 1882 4832 nobis
1912 4793 2006 4831 ex-

405 4878 776 4938 secrationem
827 4875 1110 4930 sustinuit.
1143 4873 1300 4939 Quod
1350 4872 1499 4926 ettim
1545 4887 1678 4926 crux
1734 4885 1843 4924 non
1895 4870 2004 4924 alio

2094 2660 2261 2725 λάτας
2301 2659 2438 2732 (98),
2471 2659 2568 2724 οὓς
2602 2661 2864 2732 ἀνοήτους
2897 2659 3072 2714 καλεῖ.
3112 2659 3228 2712 Καὶ
3261 2659 3396 2722 ἴσως
3421 2657 3514 2710 oti
3537 2655 3677 2711 τοῦτο

2095 2753 2452 2824 παρέλειπεν,
2485 2753 2562 2818 ὡς
2585 2753 2754 2808 οὖσαν
2790 2752 2934 2824 ὑπὲρ
2965 2752 3166 2816 αὐτοὺς
3203 2749 3309 2822 τὴν
3352 2749 3674 2821 προσθήκην.

2101 2841 2174 2896 Ἢ
2217 2843 2361 2912 τάχα
2401 2859 2518 2908 τις,
2549 2841 2624 2907 ὡς
2659 2841 3004 2914 βλάσφημον,
3044 2844 3108 2896 ὲκ
3155 2840 3276 2894 τῶν
3325 2840 3678 2911 ἀρχαιοτέρων

2099 2932 2273 2998 ἐξεῖλε
2305 2933 2548 3004 βιϐλίων.

2171 3025 2353 3097 Πρῶθ’
2381 3025 2608 3098 ὕστερον
2629 3027 2745 3080 ἐστι
2770 3026 2852 3090 τὸ,
2877 3044 2894 3077 ι
2927 3023 3038 3080 Καὶ
3061 3027 3342 3098 ἀποθάνῃ,
3364 3025 3462 3079 καὶ
3481 3023 3674 3094 κρεμά-

2103 3135 2234 3190 σητε
2283 3117 2446 3172 αὐτὸν
2478 3119 2571 3172 ἐπὶ
2605 3116 2787 3182 ξύλου.
2828 3135 2847 3169 ι
2883 3119 2957 3171 Οὐ
2985 3117 3096 3189 γὰρ
3131 3119 3279 3187 μετά
3313 3117 3568 3187 τελευτήν
3604 3131 3676 3175 τις

2101 3207 2456 3280 σταυροῦται,
2485 3209 2575 3262 διὰ
2601 3207 2660 3261 δὲ
2695 3205 2790 3262 τοῦ
2823 3207 3062 3278 σταυροῦ
3094 3207 3355 3278 τελευτᾷ.

2173 3389 2338 3444 Ἀλλὰ
2366 3389 2484 3454 πῶς
2513 3389 2825 3462 κατάρατον
2853 3389 2944 3442 τὸν
2973 3388 3061 3442 διὰ
3092 3385 3343 3460 σταυροῦ
3380 3386 3535 3457 μόνον
3565 3382 3676 3435 ἑκά-

2100 3482 2226 3537 λεσε
2253 3483 2507 3546 θάνατον,
2558 3481 2660 3536 κᾶν
2711 3483 2777 3536 ἐκ
2817 3483 3223 3553 παροράματος
3275 3481 3503 3548 γένηται
3542 3475 3676 3528 δικα-

2105 3575 2282 3644 στῶν;
2315 3575 2401 3644 ἐφ’
2422 3573 2632 3646 ὁμοίοις
2674 3575 2708 3644 ἢ
2753 3575 2850 3628 καὶ
2878 3573 3122 3646 χείροσιν
3155 3573 3552 3646 ἁμαρτήμασιν
3591 3565 3674 3620 ἄλ-

2109 3665 2216 3720 λων
2245 3665 2603 3736 ἐπαγομένων
2627 3663 2740 3718 ἐσθ’
2761 3666 2850 3718 ὅτε
2888 3663 3169 3736 τιμωριῶν
3206 3662 3453 3723 δικαίως.
3481 3657 3594 3720 Πῶς
3627 3655 3674 3708 δὲ

2107 3761 2170 3813 οὐ
2197 3758 2340 3825 δόξει
2363 3759 2426 3811 τὸ
2455 3757 2554 3828 τῆς
2585 3757 2767 3820 αἰτίας
2798 3755 3087 3809 ἀλλόκοτον
3105 3794 3120 3817 ,
3150 3755 3216 3808 τὸ
3257 3753 3348 3808 διὰ
3377 3750 3532 3806 τοῦτο
3557 3746 3674 3800 κιθ-

2110 3854 2254 3908 ελεϊν
2285 3851 2448 3908 αὑτὸν
2473 3849 2568 3904 τοῦ
2595 3845 2835 3919 σταυροῦ
2879 3846 2970 3900 καὶ
3003 3845 3195 3916 θάψαι,
3227 3843 3419 3913 ἐπειδὴ
3452 3840 3671 3908 κατάρα-

2106 3942 2202 4004 τός
2227 3941 2377 3993 ἐστιν
2403 3938 2509 3992 ὑπὸ
2545 3936 2716 4002 Θεοῢς
2751 3937 2828 4000 ὡς
2855 3937 2976 3990 δέον
3007 3935 3316 4005 ἐπιμένειν,
3349 3935 3398 3987 εἰ
3422 3933 3494 4002 μὴ
3523 3927 3670 3983 κατά-

2115 4048 2274 4104 ρατος
2299 4027 2370 4102 ἦν
2392 4045 2407 4061 ⁸
2443 4030 2623 4084 καίτοι
2647 4027 2964 4082 τούναντίον
2989 4027 3176 4098 ἐχρῆν.
3209 4027 3336 4089 Πῶς
3363 4025 3421 4079 δὲ
3445 4019 3670 4089 οὐδεμιᾶς

2111 4120 2388 4194 ἁμαρτίας
2431 4121 2466 4192 ἢ
2517 4119 2775 4184 ἀσεϐείας
2818 4119 3054 4190 σταυρὸν
3081 4118 3258 4172 εἰπὼν
3293 4119 3406 4172 δεῖν
3432 4111 3562 4168 εἶναι
3590 4111 3670 4180 τὴν

2108 4211 2298 4284 δίκην¹
2336 4211 2432 4266 νῦν
2481 4209 2642 4264 τοῦτο
2691 4208 3065 4282 παρέῤῥιψενς
3117 4209 3334 4262 Οὐκοῦν
3363 4199 3670 4272 πανταχόθεν

2111 4305 2408 4374 συνάγεται
2436 4302 2498 4354 τὸ
2522 4301 2608 4354 διὰ
2640 4301 2734 4354 τὸν
2757 4299 2994 4372 Χριστὸν
3026 4299 3187 4370 μόνον
3209 4297 3464 4370 εἰρῆσθαι
3491 4295 3576 4346 τὸν
3601 4289 3664 4342 λό-

2107 4381 2422 4466 γονΪΌο-τις
2469 4394 2702 4465 ἤμελλεν
2750 4393 2892 4463 ὑπὲρ
2943 4392 3101 4464 ἡμῶν
3151 4393 3369 4461 κατάρα
3420 4384 3664 4456 γενέσθαι.

2109 4489 2220 4544 Καὶ
2254 4487 2378 4541 ἐπεὶ
2411 4485 2545 4550 Θεὸς
2589 4481 2690 4556 ἦν,
2724 4485 2952 4549 εἰκότως
2999 4483 3239 4554 εἴρηται,
3273 4483 3489 4550 κατάρα
3533 4472 3665 4528 Θεοῦ.

2107 4582 2242 4646 Θεὸς
2274 4581 2382 4652 γὰρ
2415 4581 2704 4650 ὑπάρχων,
2735 4577 2892 4646 ἔσχεν
2925 4576 3068 4642 ὑπὲρ
3100 4561 3258 4645 ἡμῶν
3286 4573 3388 4642 τὴν
3432 4569 3663 4634 κατάραν.

2111 4675 2236 4728 Ὅτι
2282 4673 2394 4742 γὰρ
2441 4671 2538 4740 οὐχ
2591 4670 2791 4736 ἑτέρως
2831 4667 3048 4738 κατάρα
3078 4668 3315 4736 σταυρὸς
3348 4659 3664 4730 ὀνομάζεται.

2106 4753 2260 4836 δηλοῖ
2281 4765 2340 4816 τὸ
2369 4763 2500 4832 περὶ
2519 4759 2726 4828 Πέτρου
2757 4758 3070 4828 εἰρημένον
3097 4775 3116 4808 ι
3153 4757 3325 4808 Τοῦτο
3363 4753 3418 4804 δὲ
3445 4745 3557 4802 εἷπε
3590 4759 3668 4809 ση-

2113 4857 2320 4929 μαίνων
2349 4854 2490 4924 ποίῳ
2517 4853 2736 4922 Θανάτῳ
2763 4851 2978 4915 δοξάσει
2995 4850 3084 4902 τὸν
3109 4847 3264 4902 Θεόν.
3281 4847 3372 4899 »Εἰ
3395 4843 3500 4912 γὰρ
3525 4836 3664 4905 φῦσει

401 4967 576 5024 modo
609 4967 922 5024 exsecratio
951 4966 1290 5028 nominetur,
1318 4964 1370 5018 id
1403 4961 1551 5033 quod
1598 4962 1667 5016 de
1711 4961 1872 5014 Petro
1916 4961 2000 5014 di-

2112 4924 2342 5020 ica'cdtpa,
2373 4945 2516 5000 διατί
2547 4945 2760 5008 δοξάσει
2796 4943 2886 4995 τὸν
2921 4939 3076 5003 Θεὸν,
3100 4939 3228 5010 ἔφη,
3256 4939 3349 4992 καὶ
3380 4933 3451 5006 μὴ
3482 4924 3661 5030 amicitia

401 5071 560 5116 Ictum
593 5070 677 5116 est
701 5100 717 5124 ,
751 5060 936 5130 arguit
969 5077 982 5114 :
1014 5077 1034 5110 ι
1076 5056 1192 5113 Hoc
1227 5072 1358 5113 vero
1387 5057 1552 5121 dixit;
1583 5055 1828 5110 indicare
1857 5053 2004 5108 enim

403 5151 586 5206 voluit
627 5151 776 5222 quali
833 5157 1011 5205 morte
1058 5148 1474 5220 glorilicaturus
1506 5155 1650 5200 esset
1694 5143 1861 5198 Deum
1883 5143 1950 5196 ³⁸.
1982 5159 2000 5191 ι

2113 5013 2460 5110 τελεοτήσει;
2519 5037 2580 5090 οὐ
2626 5036 2736 5106 γὰρ
2773 5035 2903 5099 δόξα
2930 5033 3067 5088 Θεοῦ
3113 5031 3174 5086 τὸ
3219 5030 3378 5102 φύσει
3407 5021 3566 5080 δεινὸν
3593 5013 3659 5077 ὃν,

2117 5138 2211 5190 καὶ
2239 5133 2458 5204 κατάρα
2488 5130 2644 5184 Θεοῦ.

407 5238 547 5297 Nam
597 5243 639 5295 si
695 5249 892 5296 natura
923 5240 1234 5297 exsecratio
1271 5253 1378 5302 est,
1411 5239 1594 5308 aliqua
1636 5251 1696 5289 re
1735 5233 2044 5290 celebrabit
2088 5229 2280 5292 Deum,
2314 5226 2528 5296 inquit,
2561 5239 2664 5277 nec
2697 5219 3024 5292 simpliciter
3056 5219 3339 5274 morietur.
3371 5209 3483 5266 Non
3535 5213 3656 5259 emln

405 5334 586 5402 gloria
632 5333 725 5390 Dei
767 5341 875 5398 est,
909 5333 1056 5405 quod
1094 5345 1288 5387 natura
1333 5330 1552 5386 diliicilc
1597 5336 1706 5394 est,
1733 5337 1788 5382 et
1837 5326 2145 5381 exsecratio
2183 5322 2298 5378 Dei.

480 5511 526 5543 ⁸⁵
563 5509 702 5581 iure.
733 5527 849 5575 tux,
879 5510 948 5563 1‘7
979 5526 1132 5581 seqq.

455 5583 504 5614 ‘°
546 5579 683 5636 Gen.
723 5573 870 5644 xxxi,
903 5581 992 5636 42.
1059 5573 1116 5613 ’⁸³
1160 5581 1323 5636 Prov.
1356 5597 1484 5645 xxx,
1515 5573 1604 5633 ιτ.
1683 5580 1726 5610 ³⁸
1771 5573 1958 5632 Matth.
1997 5593 2051 5641 x,
2083 5575 2172 5629 37.

417 5653 518 5708 dt).
600 5653 646 5683 "
683 5649 846 5707 Joan.
880 5667 996 5716 xm,
1025 5653 1113 5706 19.

495 5838 608 5908 (98)
653 5840 738 5893 Ἐν
769 5857 896 5911 κεφ.
920 5839 970 5904 5,
1016 5841 1102 5892 επ.
1133 5837 1218 5890 13.

1238 5512 1285 5542 ¹⁶
1325 5509 1518 5564 Matth.
1571 5523 1676 5573 xx,
1715 5507 1750 5561 2
1782 5522 1940 5574 seqq.

2129 5504 2147 5558 1
2179 5503 2310 5558 Cor.
2353 5519 2456 5565 xv,
2489 5503 2576 5556 tl.
2685 5495 2953 5574 ‘3};me
2978 5511 3098 5574 xxI,
3126 5494 3212 5549 15.

3333 5487 3375 5520 ¹⁹
3413 5475 3532 5538 ibid.
3577 5467 3647 5538 Π·

2259 5537 2310 5606 λδ
2351 5537 2711 5636 imbirem,
2746 5537 3295 5630 SEW’.‘“Dida-tri”,
3335 5559 3382 5613 l.
3414 5537 3420 5538 ί
3454 5548 3495 5582 ³⁸
3531 5537 3644 5599 ibid-

1858 5717 1864 5724 ’
1942 5693 2178 5788 autut;
