3956 6410
1936 194 1967 215 \

286 333 394 400 9‘9
1179 340 1682 403 COMMENTARI
1695 342 1715 400 ῐ
1754 341 1836 402 IN
1878 342 2578 429 DEUTERONOMIUM.
3458 352 3565 412 930

359 445 423 502 Si
449 446 642 501 videris
667 448 889 503 vitulum
919 450 1105 519 fratris
1136 452 1211 504 tui
1242 463 1335 505 aut
1366 469 1509 505 ovem
1541 453 1653 522 ejus
1677 470 1880 518 errare,
1903 470 1966 507 ne
1995 455 2326 511 dissimules.
2354 455 2549 527 [XXIL
2577 457 2654 531 i.]
2695 457 3044 522 Constrinxit
3074 476 3176 516 nos
3207 458 3274 515 ad
3306 460 3565 518 dilectio»

284 550 413 589 nem
447 543 501 589 et
533 537 1001 594 necessitudinem
1034 548 1303 593 mutuam.
1336 541 1438 606 Qui
1473 543 1619 594 enim
1650 542 1903 608 jumento
1927 542 2326 599 humanitatem
2363 553 2559 616 negat,
2598 556 2808 614 quanto
2838 549 3013 617 magis
3055 548 3300 603 dominis
3341 552 3566 619 jumen-

279 631 493 689 tornm,
521 640 585 678 ac
634 624 881 693 ejusdem
930 633 1142 681 naturae
1190 630 1547 683 consortibus
1584 629 1788 684 faciet?
1827 628 2176 700 Quapropter
2208 630 2435 687 fratrem
2481 633 2718 689 subinde
2770 636 3022 689 nominat
3067 636 3408 705 proximum,
3437 640 3566 693 licet

282 710 466 766 hostis
495 711 682 768 fuerit.
711 712 846 768 Nam
886 714 1091 783 ubique
1122 716 1262 769 mala
1292 727 1437 770 vetat
1473 720 1735 773 recoli-re.
1774 717 1942 774 Juxta
1985 719 2120 774 illud
2157 738 2171 775 :
2212 740 2231 773 ί
2263 720 2578 777 Benefacite
2622 724 2864 779 inimicis
2891 726 3132 789 vestris,
3171 733 3225 779 et
3267 738 3423 783 orate
3465 744 3567 797 pro

281 799 373 854 his
406 801 501 869 qui
535 803 868 856 contumelia
910 818 1008 857 vns
1037 802 1361 858 alliciunt".
1398 825 1416 854 ι
1448 805 1580 859 Nam
1619 808 1733 875 ipse
1765 806 1989 877 quaque
2036 809 2309 880 lapidibus
2341 811 2548 879 petitus
2574 815 2847 882 quamvis,
2896 823 3103 870 rectam
3147 817 3291 870 viam
3341 819 3423 872 ire
3467 832 3565 873 eus

279 886 474 940 docuit
502 906 516 942 :
556 905 574 937 ι
605 888 858 954 Quandiu
900 890 1083 944 lumen
1123 890 1356 954 habetis,
1388 894 1667 947 ambulate
1702 894 1757 946 in
1791 894 2024 961 lumine,
2060 913 2130 952 ne
2153 898 2392 953 tenebrat
2426 915 2521 955 vos
2548 902 2945 969 opprimant".
2974 922 2992 954 ι

361 975 480 1028 Non
504 979 611 1029 sint
636 994 788 1032 arma
814 979 913 1032 riri
950 995 1109 1046 super
1141 981 1379 1034 muliere.
1416 978 1517 1053 [ἱ]
1562 978 1720 1034 Vetat
1756 983 1969 1038 mutuis
2006 984 2253 1039 moribus
2283 986 2431 1040 viros
2459 994 2515 1040 et
2561 985 2795 1042 feminas
2828 989 2928 1042 uti.
2963 987 3093 1043 Vult
3121 989 3268 1044 enim
3302 989 3561 1045 decoram

277 1062 745 1118 consuetudinem
793 1065 1119 1132 observari,
1163 1067 1623 1136 quemadmodum
1671 1068 1973 1137 Apostolus
2019 1085 2271 1140 quoque,
2310 1072 2404 1141 qui
2448 1073 2629 1143 iuqttit
2662 1091 2677 1129 :
2717 1093 2735 1125 ι
2763 1074 2860 1128 Vir
2894 1076 2938 1131 si
2977 1076 3119 1131 inter
3156 1078 3424 1132 orandum
3467 1087 3565 1132 aut

277 1154 732 1222 prophetandum
764 1162 931 1224 caput
962 1162 1169 1209 tectum
1200 1155 1365 1209 habet
1392 1196 1407 1220 ,
1443 1154 1717 1211 dedecore
1740 1166 1905 1227 caput
1944 1174 2104 1212 suum
2141 1159 2389 1214 adicit".
2420 1178 2439 1211 ι
2483 1161 2556 1215 De
2589 1162 2821 1218 muliere
2849 1173 3030 1218 autem
3066 1166 3344 1219 contraria
3373 1164 3507 1220 dicit
3542 1183 3557 1219 :

283 1259 307 1293 ι
334 1238 567 1309 Oportet
591 1244 736 1297 enim
771 1258 872 1298 nec
909 1243 1087 1297 virum
1122 1245 1345 1297 mollem
1368 1285 1384 1307 ,
1420 1260 1520 1298 nec
1549 1245 1836 1299 mulierem
1873 1261 2162 1315 procacem
2188 1262 2314 1302 esse
2330 1246 2397 1301 ‘°.
2427 1266 2448 1300 ι

354 1330 509 1397 Quod
537 1333 584 1387 si
612 1349 729 1411 uero
763 1334 1018 1387 incideris
1046 1333 1104 1386 in
1134 1333 1318 1387 nidum
1347 1335 1546 1387 avium.
1586 1332 1691 1405 [θέε
1719 1333 1892 1390 Nidus
1918 1334 2142 1404 quidem
2176 1337 2358 1388 avium
2391 1344 2499 1400 est,
2521 1337 2994 1404 quemadmodum
3030 1339 3233 1393 anima:
3262 1339 3556 1394 virtutum.

275 1416 551 1483 Quaslibet
581 1430 767 1474 autem
798 1434 989 1474 earum
1022 1429 1199 1473 mater
1231 1421 1424 1488 utique
1458 1438 1683 1474 suarum
1716 1422 1893 1491 ipsius
1920 1422 2277 1477 ellectionum
2310 1424 2415 1478 dici
2451 1424 2647 1493 possit.
2676 1424 2780 1489 Qui
2814 1426 2980 1494 igitur
3010 1426 3151 1479 forte
3184 1428 3431 1480 bonitate
3454 1429 3563 1479 ali-

276 1508 447 1577 cujus
476 1520 569 1561 aut
604 1509 867 1577 patientia
901 1507 1140 1571 fruitur,
1170 1523 1361 1562 earum
1394 1510 1637 1564 dominis
1674 1510 1904 1565 insidias
1935 1511 2201 1565 struendo
2226 1511 2463 1567 virtutes
2495 1526 2608 1565 non
2640 1512 2822 1566 laedat.
2861 1512 3092 1567 Virtutis
3118 1515 3262 1567 enim
3301 1514 3559 1568 violentia

276 1608 387 1657 est.
424 1596 469 1652 si
499 1597 740 1651 dominis
764 1596 885 1666 ejus
917 1596 1049 1650 fiant
1081 1597 1316 1650 insidiae.

354 1706 457 1762 Kal
500 1707 776 1773 ποιήσεις
806 1705 1120 1775 στεφάνην
1154 1704 1234 1769 τῷ
1262 1686 1493 1774 ’δώματί
1522 1723 1660 1760 σου.
1697 1705 1865 1777 Τρίγ-

2044 1705 2289 1773 Impones
2325 1722 2574 1760 coronant
2614 1708 2799 1762 domui
2835 1718 2960 1764 tute.
2994 1707 3114 1780 [8.]
3154 1708 3348 1765 ania
3394 1725 3563 1779 super

277 1818 378 1871 χον
411 1800 492 1852 δεῖ
520 1797 800 1866 γενέσθαι,
837 1797 1023 1868 φησὶν,
1057 1796 1547 1867 ὑπερανεστηκότα
1575 1796 1669 1849 τοῦ
1699 1815 1870 1850 κατα-

279 1891 608 1964 στρώματος
630 1905 641 1918 ·
678 1891 755 1952 ὡς
785 1889 955 1958 αὐλῆς
992 1892 1161 1941 τύπον
1191 1883 1337 1958 ἔχειν
1370 1888 1431 1941 τὸ
1460 1888 1638 1959 δῶμα,
1669 1890 1870 1963 βραχυ-

275 1984 462 2053 τέροις
495 1982 699 2053 τοίχοις
731 1981 1258 2053 περιφραττόμενσν.
1304 1984 1397 2033 Δεῖ
1436 1982 1492 2034 δὲ
1525 1982 1621 2035 καὶ
1653 1983 1751 2047 τὰς
1786 1983 1870 2045 εἰς

275 2076 413 2146 ὕψος
461 2074 700 2144 ἀγούσας
747 2074 951 2144 ἀρετὰς
996 2073 1468 2144 ταπεινοφροσύνῃ
1514 2073 1867 2143 τειχίζεσοαι.

274 2170 473 2241 Ψυχῆς
503 2169 612 2237 γὰρ
645 2167 853 2229 πτῶσις
880 2165 1192 2229 ἀλαζονεία.

351 2265 436 2317 Οὐ
480 2260 876 2325 κατωπερεῖς
910 2258 1017 2311 τὸν
1042 2256 1368 2327 ἁμπελῶνά
1408 2273 1526 2311 σου
1557 2257 1865 2327 διάφορον,

273 2356 379 2409 ινα
419 2354 507 2424 μὴ
545 2351 805 2422 ἁγιασθῆ
834 2350 900 2405 τὸ
935 2350 1223 2420 γέννημα.
1246 2349 1458 2420 Ὠσπερ
1490 2349 1749 2420 ἀνάθημα
1781 2350 1869 2402 λέ-

273 2464 435 2516 γεται
464 2447 574 2498 πᾶν
605 2443 997 2512 ἀνατιθέμενον
1028 2442 1107 2512 τῷ
1132 2441 1253 2512 Θεῷ
1273 2457 1288 2473 ο
1325 2440 1544 2508 λέγεται
1572 2441 1628 2495 δὲ
1658 2442 1750 2495 καὶ
1774 2440 1867 2494 ἐπὶ

274 2540 376 2594 τοῦ
404 2538 643 2609 φευκτοῦ
678 2538 773 2591 καὶ
801 2535 1288 2605 κεκατηραμένου,
1313 2534 1403 2588 διὰ
1446 2535 1509 2587 τὸ
1557 2534 1868 2605 κατάρατον

275 2628 421 2687 εἶναι
447 2630 539 2685 τὸν
565 2628 937 2699 ἀναθημάτων
965 2627 1273 2696 ἀπτόμενον
1298 2641 1311 2657 ⁸
1342 2625 1436 2678 καὶ
1466 2625 1548 2677 ὅτι
1576 2624 1637 2676 τὸ
1670 2626 1768 2694 μὲν
1791 2624 1869 2687 ὡς

274 2729 438 2791 ἅγιον
488 2722 833 2794 ἀφορίζεται,
870 2718 945 2792 μὴ
992 2718 1302 2789 ἁπτομένου
1348 2717 1530 2781 τινός’
1577 2715 1637 2770 τὸ
1686 2715 1764 2782 δὲ,
1793 2716 1866 2780 ὡς

275 2819 507 2885 ὲναγέςο
540 2814 685 2869 οὕτω
716 2814 778 2866 τὸ
807 2815 963 2881 ἂγιον
1001 2813 1141 2865 κατά
1169 2810 1349 2865 διττὸν
1387 2809 1604 2877 λέγεται
1643 2810 1865 2879 τρόπον.

276 2913 392 2965 Καὶ
419 2910 482 2961 τὸ
515 2909 615 2979 μὲν
641 2908 734 2961 ἐπὶ
760 2906 955 2968 καλοῦ,
980 2904 1236 2975 περιττὸν
1260 2902 1645 2957 ἀποδεικνύναι
1663 2917 1677 2931 ⁸
1703 2904 1787 2955 ὅτι
1812 2902 1868 2956 δὲ

277 3002 387 3055 κᾶν
433 2999 653 3062 ἀσεϐεῖς
691 2993 794 3052 ὧσί
829 3015 997 3062 τινες,
1053 2995 1395 3068 ἀφορισοῶσι
1446 2995 1505 3048 δὲ
1558 2995 1695 3065 πρός
1746 3010 1867 3049 τινα

277 3094 579 3156 διακονίαν,
621 3092 769 3161 ἅγιοι
814 3091 1084 3160 λέγονται,
1117 3089 1269 3159 δηλοῖ
1317 3088 1599 3157 Σοφονίαςζ
1652 3087 1864 3155 λέγων’

286 3209 305 3241 ι
343 3187 671 3242 Εὐλαϐεἰσθε
697 3185 807 3239 ἀπὸ
835 3181 1133 3253 προσώπου
1164 3181 1375 3253 Κυρίου
1408 3180 1502 3234 τοῦ
1533 3179 1691 3233 Θεοῦ.
1725 3180 1870 3231 Διότι

277 3281 448 3350 ἔγγὺς
473 3281 509 3350 ή
538 3278 721 3350 ἡμέρα
748 3276 841 3329 τοῦ
871 3275 1102 3346 Κυρίου,
1127 3276 1208 3329 ὅτι
1236 3275 1502 3344 ἡτοίμασε
1536 3272 1742 3343 Κύριος
1772 3271 1891 3342 τὴν

278 3374 473 3427 Θυσίαν
493 3369 681 3435 αὑτοῦ,
701 3371 901 3441 ἡγίακε
927 3370 1053 3432 τοὺς
1076 3367 1307 3437 κλητοὺς
1330 3366 1494 3419 αὑτοῦ
1516 3406 1530 3430 ,
1565 3385 1582 3417 ι
1610 3367 1737 3430 τοὺς
1760 3364 1869 3417 Βα-

280 3466 579 3530 ϐυλωνίους
624 3463 768 3517 οὕτω
834 3461 1037 3516 καλῶν.
1085 3460 1199 3515 Καὶ
1244 3457 1486 3529 Μιχαίας
1554 3458 1611 3511 δέ
1660 3472 1866 3526 φησιν·

283 3576 304 3610 ι
329 3557 593 3626 Ἠγίασεν
639 3554 725 3609 ἐπ’
767 3553 931 3608 αὐτὸν
980 3552 1275 3623 πόλεμον.»
1297 3551 1407 3604 Καὶ
1448 3548 1544 3612 τὸ,
1583 3546 1767 3616 «Ἐγὼ
1810 3546 1868 3600 δὲ

280 3648 592 3713 συντάσσω,
623 3646 720 3700 καὶ
769 3643 881 3713 ἐγὼ
924 3644 1043 3713 ἄγω
1092 3639 1685 3719 ἁύτούς.Ἦγιασμένοι
1736 3638 1865 3701 εἰσὶ,

278 3740 382 3794 καὶ
433 3737 545 3807 ἐγὼ
593 3740 713 3806 ἄγω
744 3733 963 3799 αὐτούς.
1000 3734 1260 3803 Γίγαντες
1290 3732 1541 3804 ἔρχονται
1577 3728 1868 3800 πληρῶσαι

276 3827 375 3879 τὸν
410 3824 581 3894 θυμόν
613 3842 737 3894 μου,
770 3842 789 3875 ι
834 3821 1099 3893 περὶτῶν
1133 3820 1271 3892 μετά
1301 3821 1487 3892 Κύρου
1517 3820 1658 3874 κατά
1688 3819 1868 3872 Βαϐυ-

279 3914 455 3976 λῶνος
493 3912 967 3986 στρατευομένων.

1976 1806 2287 1872 pavimento
2346 1803 2686 1858 cxstruenda
2732 1819 2857 1859 esse
2914 1803 3132 1872 inquit,
3195 1816 3308 1872 quo
3365 1803 3562 1859 domus

1974 1902 2285 1969 pinnaculis
2305 1902 2674 1971 circuitisepta
2705 1903 2867 1971 regim
2897 1901 3127 1972 figuram
3156 1901 3373 1956 habeat.
3394 1902 3561 1970 Opor-

1974 2002 2048 2045 tet
2110 2008 2241 2046 vero
2294 1984 2519 2048 necnon
2580 1994 2813 2049 virtutes
2866 1995 2919 2048 in
2972 1996 3209 2050 sublime
3264 1997 3560 2051 evehentes

1973 2082 2280 2138 lnintilitate
2315 2083 2549 2139 munire.
2603 2084 2810 2138 Auitum
2859 2087 3004 2140 enim
3058 2085 3250 2156 lapsus
3300 2086 3559 2155 superbia

1969 2184 2073 2228 ρει.

2044 2268 2164 2319 Non
2202 2282 2441 2322 consere:
2478 2270 2684 2322 vineam
2724 2276 2870 2321 tuam
2909 2267 3133 2321 diversis
3160 2267 3456 2337 generibus,
3492 2282 3558 2319 ne

1969 2360 2337 2428 sanctiﬁcemr
2371 2376 2567 2416 semen.
2608 2358 2726 2432 [9.]
2765 2361 3236 2425 Quemadmodum
3267 2361 3556 2413 anathema

1970 2452 2176 2506 dicitur
2221 2468 2385 2509 omne
2427 2455 2572 2523 quod
2616 2452 2849 2507 Domino
2878 2462 3257 2517 consecratur,
3291 2453 3394 2507 hoc
3426 2467 3560 2508 vero

1970 2544 2213 2598 nominis
2238 2544 2307 2601 de
2338 2544 2707 2599 abominando
2741 2545 3198 2615 esseerandoque
3228 2554 3556 2613 usurpatur,

1958 2630 2036 2684 ‘eo
2071 2630 2219 2700 quod
2247 2631 2622 2687 exsecrandus
2654 2633 2725 2688 sit
2756 2633 2852 2702 qui
2888 2636 3296 2688 anathematnm
3330 2633 3555 2704 aliquod

1972 2723 2378 2789 attrectaverit,
2401 2731 2459 2779 et
2495 2722 2643 2795 quod
2679 2724 2876 2794 partim
2914 2723 3135 2794 quidem
3167 2738 3269 2779 ceu
3299 2735 3556 2779 sanctum

1970 2827 2259 2886 separatur
2298 2824 2358 2870 ut
2406 2831 2438 2871 a
2486 2818 2704 2873 nemine
2752 2818 3132 2888 contingatur,
3178 2819 3378 2889 partim
3424 2832 3558 2874 vero

1970 2918 2233 2978 tanquam
2278 2907 2664 2964 detestandqu
2700 2910 2820 2963 :ita
2872 2921 3126 2965 sanctum
3182 2924 3405 2980 quoque
3456 2911 3559 2964 du-

1969 3000 2097 3069 plici
2148 2998 2313 3053 modo
2345 3000 2573 3055 dicitur.
2598 3001 2668 3055 At
2693 3003 2751 3055 in
2784 3001 2986 3057 bonam
3015 3013 3226 3071 partem
3273 3003 3559 3071 quomodo

1974 3100 2274 3159 usurpetur
2319 3106 2795 3160 supervacaneum
2842 3102 2927 3149 est
2970 3094 3369 3149 demonstrare.
3399 3092 3557 3159 Quod

1972 3197 2105 3237 vero
2137 3182 2363 3253 quidam
2390 3184 2556 3237 etiam
2589 3200 2715 3238 cum
2751 3185 2904 3254 impii
2939 3184 3166 3249 fuerint,
3201 3185 3441 3254 separati
3473 3193 3558 3239 ta-

1972 3287 2097 3327 men
2127 3287 2156 3325 a
2194 3272 2302 3327 Deo
2333 3273 2400 3328 ad
2434 3274 2804 3329 ministerium
2834 3314 2846 3335 .
2876 3276 3054 3328 sancti
3082 3275 3357 3339 dio-antur,
3387 3283 3558 3329 testa-

1971 3374 2063 3417 tur
2116 3362 2429 3432 Sophonias
2474 3366 2718 3421 dicens:
2756 3384 2774 3416 ι
2804 3366 3002 3420 Cavete
3047 3367 3206 3421 vobis
3252 3382 3280 3418 a
3324 3366 3558 3418 Domino

1970 3455 2106 3519 Deo,
2145 3454 2324 3526 451
2368 3459 2630 3526 quoniam
2688 3472 2858 3526 prope
2906 3464 2992 3511 est
3034 3456 3155 3513 dies
3192 3457 3428 3523 Domini,
3462 3473 3559 3525 pa-

1969 3548 2111 3601 ravit
2137 3548 2282 3601 enim
2320 3547 2584 3603 Dominus
2616 3549 2895 3602 victimam
2930 3564 3109 3611 suam,
3138 3555 3191 3602 et
3236 3548 3553 3603 sanctifica-

1969 3641 2044 3693 vit
2074 3649 2304 3695 vocatos
2338 3656 2470 3696 suos
2496 3641 2562 3705 ³¹,
2599 3659 2617 3692 ι
2649 3640 2979 3712 Babylonios
3008 3644 3088 3697 sic
3111 3643 3413 3712 appellans.
3452 3643 3554 3696 Mi-

1970 3729 2150 3783 clneas
2197 3729 2327 3782 item
2377 3729 2556 3799 inquit
2599 3748 2613 3785 :
2657 3748 2676 3781 ι
2705 3729 3085 3786 Sanctificavit
3146 3748 3314 3801 super
3370 3733 3551 3801 ipsum

1970 3818 2259 3876 bellum".
2298 3841 2314 3872 ι
2367 3821 2498 3876 Item
2531 3823 2666 3877 illud
2695 3842 2709 3877 :
2748 3841 2767 3873 ι
2801 3822 2913 3894 Ego
2942 3840 3076 3879 vero
3109 3826 3390 3879 constituo
3430 3841 3552 3891 eos,

1969 3920 2023 3965 et
2054 3926 2154 3981 ego
2177 3911 2322 3966 duco
2356 3927 2473 3975 cus,
2506 3913 2834 3968 sanetilicati
2866 3924 3017 3981 sunt,
3044 3925 3099 3971 et
3131 3932 3234 3987 ego
3263 3918 3405 3972 duco
3428 3932 3550 3972 eos.

278 4010 547 4082 Gigantes
574 4009 802 4071 veniunt
827 4006 892 4061 ad
915 4005 1244 4077 explendum
1274 4004 1519 4059 anintum
1551 4003 1812 4067 meum”,
1840 4019 1859 4053 ι
1894 4000 1963 4057 de
1997 4004 2265 4059 militibus
2296 4006 2391 4074 qui
2421 4004 2748 4078 Babylonem
2782 4023 2908 4063 cum
2963 4007 3107 4080 Cyro
3165 4020 3553 4081 oppugnarunt

279 4106 536 4174 IOquens.

2150 4154 2174 4188 δ

356 4212 560 4267 Verum
589 4212 872 4268 enimvero
894 4210 1114 4265 vineam
1145 4178 1429 4273 lsraelein,
1471 4207 1781 4277 quemlibet.
1822 4205 1953 4260 item
1979 4204 2262 4260 hominem
2293 4220 2387 4273 per
2427 4221 2488 4260 se
2515 4205 2806 4276 Scriptura
2864 4215 3044 4273 Vocat,
3079 4208 3550 4278 quemadmodum

275 4317 347 4357 ex
375 4300 613 4356 Cautico
642 4298 990 4353 canticorum
1016 4305 1238 4352 constat
1271 4313 1287 4350 :
1322 4314 1341 4348 ι
1368 4296 1562 4365 Capite
1590 4297 1758 4350 nobis
1787 4296 2007 4363 vulpes,
2041 4295 2254 4363 vulpes,
2292 4294 2544 4363 inquam,
2574 4309 2774 4364 parvas
2804 4310 2926 4358 uuae
2945 4304 3161 4350 vastant
3198 4298 3388 4353 vineas
3407 4300 3451 4330 ”
3479 4315 3493 4351 :
3523 4317 3547 4350 s

278 4390 360 4444 ita
407 4403 615 4443 vocans
655 4387 883 4441 inutiles
904 4401 971 4441 ac
1003 4385 1245 4440 fructum
1274 4394 1551 4437 maturum
1588 4400 1698 4438 non
1728 4382 1992 4440 ferentes.
2026 4383 2172 4439 Dicit
2209 4385 2380 4455 igitur
2411 4405 2425 4436 :
2452 4402 2480 4437 ιι
2510 4384 2588 4439 Ne
2616 4400 2886 4440 conseras
2911 4385 3149 4440 diversis
3184 4389 3498 4456 generibus.
3524 4407 3544 4440 ι

278 4475 489 4531 Partim
515 4476 738 4546 quidem
763 4474 911 4545 quod
946 4473 1119 4528 vincat
1140 4471 1348 4528 alliciat
1371 4473 1419 4529 si
1449 4473 1670 4527 interim
1700 4477 1833 4527 dum
1865 4471 2063 4527 humor
2087 4473 2145 4527 in
2177 4488 2366 4528 semen
2402 4474 2663 4539 vertitur,
2682 4481 2932 4539 seratur;
2954 4474 3198 4542 Opimum
3224 4475 3369 4546 enim
3398 4476 3549 4544 quod

281 4567 343 4619 lit
378 4578 476 4634 per
498 4541 644 4618 vices
676 4541 796 4625 est,
844 4561 1312 4633 quemadmodum
1344 4561 1413 4616 ad
1448 4562 1615 4616 vitent
1650 4559 1809 4614 dixit.
1844 4557 2051 4613 Partim
2090 4575 2221 4615 vero
2253 4560 2338 4615 his
2364 4560 2545 4614 verbis
2578 4573 2794 4613 morum
2827 4541 3213 4615 diversitatem
3241 4541 3546 4617 'detestari

281 4660 538 4707 sanctum
567 4651 752 4706 docet.
796 4649 965 4716 Quasi
1022 4649 1147 4705 talis
1175 4648 1230 4703 in
1261 4649 1445 4702 divina
1503 4649 1807 4703 toreularia
1866 4646 2037 4717 recipi
2102 4649 2177 4701 sit
2232 4648 2515 4717 indignus.
2566 4644 2830 4701 Fortasse
2882 4662 3014 4701 vero
3071 4652 3389 4704 narratione
3439 4650 3545 4704 hac
3638 4644 3652 4659 ’

281 4739 503 4794 vineam
561 4737 639 4791 ita
703 4736 908 4807 plantis
967 4744 1356 4808 conserentetn
1425 4746 1577 4790 metu
1637 4734 1753 4789 vult
1817 4737 2214 4805 obstringere,
2281 4747 2336 4790 et
2398 4749 2429 4788 a
2483 4733 2680 4787 fraude
2748 4734 3287 4805 insatiabilitateqne
3353 4742 3545 4806 depel-

284 4829 420 4883 lere.

358 4913 484 4970 Non
508 4914 688 4969 orabis
718 4913 920 4981 pariter
946 4928 1064 4966 cum
1089 4912 1217 4966 bove
1239 4920 1290 4966 et
1321 4912 1497 4966 asino.
1524 4910 1667 4984 [10.]
1704 4912 1813 4969 Bos
1849 4913 2086 4968 victima:
2107 4914 2343 4984 ciboque
2369 4928 2526 4968 sacer
2556 4925 2658 4976 est,
2691 4928 2816 4966 cum
2853 4915 3048 4967 asinus
3096 4915 3351 4969 neutrius
3385 4932 3546 4968 nsum

282 5003 550 5075 prabeat.
585 5000 777 5072 Itaque
802 5002 1004 5057 animas
1034 5015 1147 5056 sua:
1205 5010 1410 5055 terram
1446 5018 1682 5064 novans,
1744 5011 1805 5056 ut
1857 5001 2108 5056 divinum
2168 5018 2358 5057 semen
2418 5001 2735 5070 excipiendi
2764 5000 2859 5053 fiat
2925 5002 3149 5063 idonea,
3184 5003 3544 5069 profanorum

282 5108 352 5146 ac
382 5091 733 5146 indocmrum
752 5090 1140 5159 magistrorum
1168 5089 1524 5160 disciplinam
1551 5092 1799 5159 recipere
1828 5091 2149 5159 neutiquam
2178 5089 2364 5152 debet,
2388 5088 2776 5144 haereticorum
2804 5104 2900 5143 seu
2922 5088 3235 5143 Gnecorum
3262 5090 3543 5146 videlicet.

282 5178 429 5246 Quin
466 5191 592 5232 cum
624 5175 827 5231 Davide
847 5176 1034 5233 dicere
1066 5194 1080 5231 :
1118 5195 1137 5227 ι
1166 5176 1560 5246 Exposuerunt
1592 5177 1725 5231 mihi
1762 5178 1937 5247 iniqui
1973 5176 2215 5243 fabulas,
2246 5188 2439 5231 vemtn
2494 5193 2600 5230 non
2631 5185 2689 5229 ιιι
2722 5175 2805 5230 lex
2841 5185 2956 5241 tua,
3016 5175 3246 5230 Domine
3269 5176 3335 5231 ³⁵.
3369 5196 3388 5228 ι
3426 5179 3543 5233 Cn:-

283 5276 468 5320 terum
490 5271 734 5319 mutetur
753 5263 945 5318 asinus
974 5270 1030 5318 et
1057 5264 1151 5317 ﬂat
1189 5279 1389 5333 purus,
1428 5264 1583 5333 iuxta
1613 5265 1751 5334 illud
1778 5265 1925 5334 apud
1953 5262 2192 5318 Isaiam:
2238 5282 2255 5314 ι
2285 5263 2438 5318 Felix
2474 5262 2568 5331 qui
2604 5264 2843 5316 seminat
2879 5278 3045 5331 super
3101 5276 3243 5332 aqua
3307 5265 3397 5319 ubi
3445 5267 3549 5320 bos

281 5354 520 5410 calcavit
548 5361 603 5408 et
631 5352 824 5406 asinus
846 5351 914 5403 ³⁸.
952 5369 970 5402 ι
1009 5332 1265 5421 Ecqualis
1292 5332 1592 5421 veroiaqua
1640 5332 1843 5407 illa‘est
1877 5367 2045 5421 super
2074 5367 2183 5421 qua
2221 5353 2501 5406 seminare
2533 5358 2750 5419 Oportet
2788 5365 2971 5403 semen
3038 5350 3244 5404 bonum
3268 5351 3291 5403 ?
3318 5349 3545 5422 Oportet

281 5456 420 5497 vero
444 5440 722 5496 seminare
754 5453 921 5509 super
953 5439 1213 5509 mysterio
1236 5438 1439 5494 lavacri
1473 5439 1935 5509 regenerationis,
1971 5439 2066 5494 u'ui
2100 5440 2364 5495 lsraelitte
2406 5438 3004 5505 vadunt,ethnieortun
3049 5437 3178 5492 item
3208 5439 3301 5510 qui
3342 5450 3548 5511 myste-

283 5530 359 5586 rii
394 5538 602 5599 partem
638 5534 1004 5597 acceperunt.

325 5734 334 5743 -
366 5701 414 5735 "
453 5700 643 5757 Matth.
675 5718 728 5763 ν,
759 5699 851 5755 44.

296 5767 343 5799 ³³
376 5770 481 5828 lsa.
511 5788 626 5839 snt,
658 5771 716 5838 5,
739 5771 792 5824 4.
831 5769 878 5803 ³⁸
906 5771 1069 5828 Cant.
1101 5788 1160 5842 tt,
1194 5770 1281 5825 15.

953 5701 1002 5734 ’⁸
1040 5699 1203 5756 Joan.
1233 5715 1335 5763 xu,
1365 5697 1455 5753 55.
1567 5699 1612 5731 ’⁸
1651 5698 1819 5755 ICor.
1860 5715 1938 5764 st,
1975 5700 2032 5754 4.

2135 5700 2181 5734 ³ο
2225 5698 2791 5771 ibid.5-7."Sophon.
2825 5718 2877 5767 ι,
2934 5703 2986 5758 7.
3030 5704 3072 5734 δ’

1367 5770 1412 5804 ³⁸
1445 5770 1594 5825 Psal.
1624 5784 1820 5834 cxvtn,
1844 5771 1932 5825 85.

2017 5770 2061 5801 "‘
2101 5771 2206 5825 lsa.
2243 5786 2414 5836 ann,
2455 5776 2524 5823 at)

3182 5703 3345 5759 Elicit.
3378 5721 3458 5768 tu,
3485 5703 3544 5760 ὅ.
