3956 6394
478 290 577 355 931
1819 289 2172 351 PROCOPII
2211 286 2461 349 GAZAZI
3638 287 3725 353 932

553 405 679 461 Non
702 406 888 462 indues
911 418 1102 463 vestem
1132 408 1260 463 lana
1280 418 1331 463 et
1367 409 1477 463 lino
1495 407 1655 462 simul
1686 396 2071 461 adulteratam.
2103 442 2115 468 Α

2171 480 2175 483 τ
2245 405 2369 456 Οὐκ
2398 400 2631 470 ἐνδύσῃ
2693 399 3006 467 κίϐδηλον,
3063 400 3193 468 ἔρια
3230 400 3324 453 καὶ
3379 400 3547 454 ,λίνον
3568 401 3723 460 sane

482 493 626 568 [ll.]
656 497 884 567 Aquilas
913 496 1166 568 κίϐδηλον
1189 497 1348 562 illud,
1377 494 1758 567 ἀντικείμενον
1784 496 2041 564 exposuit

2173 498 2345 550 αὑτό.
2398 492 2634 556 Ἀκῦλας
2668 492 2729 546 τὸ
2760 492 3058 560 κίϐδηλον
3113 491 3447 562 παρέδωκεν,
3501 492 3726 553 drum.

481 587 850 659 Symmachus
882 605 1013 645 vero
1045 588 1389 659 ἑτερογενές.

2173 601 2387 641 uerer-
2418 587 2445 640 ὁ
2466 584 2524 638 δὲ
2556 583 2872 655 Σύμμαχος,
2905 583 3265 652 ἐτερογενές.

564 698 787 755 Minime
818 700 965 754 enim
1002 701 1287 767 convenit,
1321 708 1382 755 ut
1409 700 1501 769 qui
1529 699 1842 764 Christum,
1886 714 1952 753 ac
1982 712 2130 753 vera:
2165 698 2286 753 ovis
2319 698 2502 752 lanam
2533 696 2861 759 induerunt,
2895 694 3063 752 simul
3099 708 3320 764 quoque
3353 703 3586 751 tcrreum
3609 697 3723 757 illud

478 787 654 842 linum
709 787 965 842 induant.
1028 787 1363 857 Huiusmodi
1412 804 1546 844 vero
1593 798 1700 851 est,
1734 788 1831 857 qui
1889 788 1994 843 sub
2036 788 2198 841 ovina
2234 787 2378 857 pelle
2436 788 2603 856 lupus
2637 799 2837 853 rapax,
2869 794 2924 838 et
2953 785 3158 839 mentis
3189 798 3380 848 sensu,
3402 793 3456 837 et
3490 788 3724 853 Oper-ilius

476 876 720 931 exsistit.
749 873 960 930 Merum
995 877 1142 931 enim
1170 877 1536 948 simplicitate
1567 884 1826 932 ornatum
1853 877 1907 930 in
1935 876 2101 930 domo
2136 890 2240 931 suo
2272 872 2539 928 Dominus
2574 871 2840 935 collocat.
2865 870 3090 928 dicente
3164 869 3372 925 Davide
3399 889 3413 926 :
3449 890 3469 923 ‹
3492 869 3622 935 Ossa
3643 890 3723 929 eo-

476 977 602 1018 rum
634 963 727 1033 qui
762 978 954 1018 auram
979 964 1277 1019 humanam
1313 973 1541 1037 captant
1567 964 1947 1036 dissipavit".
1974 983 1993 1016 ι

550 1070 844 1127 Funiculos
875 1071 1041 1142 facito
1072 1072 1170 1127 tibi
1203 1075 1304 1143 ipsi
1338 1092 1498 1145 super
1522 1083 1756 1145 quatuor
1807 1070 2056 1144 ﬁmbriis.

2243 1070 2511 1139 Στρεπτὰ
2544 1069 2821 1136 ποιήσεις
2867 1067 3062 1134 ἐαυτῷ
3100 1070 3199 1123 ἐπὶ
3240 1068 3363 1123 τῶν
3403 1068 3452 1122 δ’
3495 1070 3726 1137 κρασπέ-

478 1160 670 1235 [ΧΧΙΙ.
696 1161 811 1235 l2.]
840 1164 923 1218 Ad
945 1166 1375 1234 promovendum
1405 1167 1725 1222 memoriam
1750 1167 1907 1236 legis,
1928 1167 2040 1220 alib

2173 1165 2316 1228 δων,
2373 1164 2511 1234 πρὸς
2573 1162 2799 1233 διηνεκῆ
2844 1164 3085 1233 μνήμην
3131 1161 3227 1215 τοῦ
3283 1162 3475 1232 νόμου,
3505 1162 3576 1232 πῆ
3622 1161 3723 1231 μὲν,

475 1255 698 1319 quidem
725 1274 739 1310 :
781 1277 798 1306 ι
824 1254 1128 1327 Adaptabis
1161 1273 1255 1314 eas
1288 1260 1545 1316 inanibus
1581 1259 1692 1314 tuis
1710 1259 1778 1324 ³⁸,
1799 1270 1820 1304 ι
1847 1258 2026 1329 inquit

2179 1277 2197 1309 ι
2236 1256 2497 1326 Ἀιρὰψεις
2562 1255 2725 1321 αὐτὰ,
2778 1257 2967 1327 φησὶν,
3026 1244 3278 1309 autem
3333 1256 3528 1327 χειρῶν
3588 1272 3722 1311 σου.ι

476 1347 606 1402 alibi
641 1362 770 1403 vero
808 1365 824 1403 :
861 1368 879 1401 ι
907 1349 971 1403 Ει
1003 1350 1175 1405 facies
1198 1351 1298 1405 tibi
1340 1351 1446 1421 ipsi
1469 1352 1720 1406 fiinbrias
1749 1367 1922 1422 super
1958 1352 2030 1404 ali

2173 1351 2259 1422 Πῆ
2289 1350 2368 1415 δὲ,
2433 1368 2453 1401 ι
2479 1349 2598 1402 Καὶ
2636 1353 2888 1421 ποιήσεις
2947 1349 3165 1419 σεαυτῷ
3211 1349 3495 1421 κράσπεδα
3526 1350 3727 1402 ἐπὶτῶν

472 1456 542 1495 ex
565 1440 866 1512 hyacintho
882 1429 1224 1507 contorta“,
1249 1463 1267 1495 ι
1305 1459 1417 1515 quo
1441 1444 1839 1513 contemplatio
1866 1442 2034 1513 utiqut

2173 1442 2486 1513 πτερυγίων
2514 1438 2575 1506 ἐξ
2616 1440 2875 1495 ὑακίνθου
2911 1441 3364 1514 κεκλωσμένης,»
3399 1442 3475 1507 ὡς
3512 1441 3726 1513 ἂνήθέα

475 1534 801 1588 memoriam
821 1534 1086 1590 enicet-et.

2168 1533 2267 1604 τὴν
2303 1534 2524 1604 μνήμην
2554 1531 2861 1604 ἐργάζοιτο.

550 1645 648 1704 Sin
671 1663 790 1702 vero
825 1648 1067 1704 inventus
1091 1649 1251 1719 fuerit
1275 1649 1430 1703 homo
1448 1650 1631 1720 jacere
1658 1666 1779 1704 cum
1812 1650 2054 1714 muliere,
2083 1663 2200 1719 qua:
2223 1663 2343 1701 cum
2376 1648 2489 1701 viro
2518 1646 2869 1715 cohabitavit,
2889 1658 2942 1701 et
2971 1662 3096 1717 qua:
3127 1646 3396 1719 deinceps
3452 1646 3588 1719 [ἐξ]
3620 1648 3718 1703 Ma-

476 1734 690 1792 ximum
717 1736 1050 1792 delictorum
1097 1737 1246 1808 quod
1278 1741 1332 1792 in
1362 1741 1656 1794 mulierem
1715 1738 2111 1799 connniltitur,
2163 1735 2524 1799 adulterium,
2571 1733 2719 1805 quod
2753 1735 3027 1807 disjungit
3068 1736 3362 1805 conjuges.
3415 1745 3520 1791 est.
3548 1735 3722 1793 Eadem

476 1838 700 1894 quoque
717 1824 861 1879 ratio
892 1825 959 1879 de
991 1826 1177 1879 anima
1217 1841 1339 1896 quae
1376 1828 1486 1881 Deo
1515 1834 1602 1881 est
1634 1826 1792 1880 unita
1822 1842 1920 1896 per
1943 1825 2107 1880 fidem
2135 1832 2189 1879 et
2219 1824 2509 1894 spiritum,
2540 1832 2625 1879 est
2655 1823 2909 1878 habenda
2946 1841 2961 1878 :
2987 1841 3006 1875 ι
3053 1825 3159 1890 Qui
3183 1827 3334 1879 enim
3359 1840 3485 1879 cum
3521 1824 3725 1881 Domino

476 1912 890 1981 conglutinatus
917 1920 1025 1978 est,
1060 1929 1204 1968 unus
1226 1914 1462 1984 spiritus
1501 1912 1702 1970 est‘h
1724 1913 1879 1981 Quod
1912 1913 1958 1968 si
1983 1913 2155 1984 igitur
2199 1912 2386 1981 aliqua
2436 1911 2651 1965 semine
2698 1909 2944 1966 humano
2990 1922 3216 1982 recepto
3249 1912 3320 1967 ab
3356 1913 3426 1968 iis
3456 1914 3549 1983 qui
3577 1930 3605 1967 a
3632 1914 3725 1969 Deo

477 2000 1083 2071 defeceruutcorrupta
1115 2001 1308 2070 fuerit,
1340 2019 1466 2057 cum
1500 2002 1625 2074 ipso
1651 2009 1984 2072 corruptore
2011 2002 2180 2071 perit.
2209 2002 2485 2057 Caeterum
2519 2016 2618 2070 per
2646 1999 2914 2071 virginem
2946 2000 3189 2055 animam
3215 2000 3286 2055 ad
3311 2002 3543 2057 sincera":
3565 2004 3725 2074 cogni-
3772 2027 3782 2039 ο

476 2088 644 2144 tionis
673 2088 947 2159 principia
982 2098 1256 2155 vocatam,
1295 2092 1531 2146 necdum
1557 2090 1801 2161 perfecte
1829 2106 1957 2146 cum
1988 2091 2097 2146 Deo
2121 2090 2360 2154 unitam,
2392 2103 2579 2159 neque
2614 2089 2681 2142 ad
2718 2087 2946 2157 nuptias
2976 2104 3077 2144 ceu
3116 2089 3184 2143 ad
3223 2091 3461 2159 gratiam
3492 2090 3722 2160 baptismi

474 2192 847 2248 progressam,
879 2187 1146 2233 caeterum
1198 2180 1557 2236 institutione
1594 2180 1717 2250 ejus
1747 2181 1828 2236 rei
1862 2195 1965 2235 ceu
1995 2180 2227 2252 pignore
2260 2178 2517 2232 dotatam
2546 2176 2965 2248 intelligendum
2984 2187 3094 2234 est.
3132 2177 3214 2231 Ita
3235 2194 3461 2248 quoque
3483 2194 3602 2233 cum
3636 2178 3722 2234 Ec.

475 2267 702 2320 clesiam
738 2266 984 2336 gentium
1019 2269 1244 2322 Christo
1302 2267 1512 2323 Paulus
1563 2269 1887 2330 adduceret,
1929 2269 2149 2338 inquit:
2187 2284 2206 2317 ι
2229 2264 2511 2332 Conjunxi
2552 2279 2651 2319 vos
2681 2265 2777 2317 uni
2818 2264 2967 2329 viro,
3000 2274 3059 2318 ut
3105 2275 3317 2319 castam
3350 2265 3616 2335 virginem
3644 2280 3725 2321 vos

476 2355 733 2409 sisterent
764 2353 1078 2412 Christo“.
1101 2374 1118 2407 ι
1154 2354 1383 2411 Necnon
1429 2358 1549 2427 ipse
1588 2373 1809 2427 quoque
1846 2355 2102 2427 Sponsus
2131 2369 2266 2410 voce
2317 2352 2717 2424 prophetarum
2777 2351 2961 2421 inquit
2993 2372 3007 2408 :
3052 2370 3072 2404 ι
3101 2352 3475 2423 Despondebo
3510 2363 3560 2408 te
3610 2354 3722 2407 mihi

471 2442 578 2514 ipsi
614 2454 884 2515 perpetuo
905 2443 1226 2514 injustitia,
1262 2445 1317 2498 in
1353 2446 1599 2516 judicio,
1638 2446 1695 2500 in
1751 2443 2161 2509 misericordia,
2191 2451 2248 2497 et
2271 2438 2860 2496 commiseratiouibus
2879 2439 2947 2494 δ’.
2974 2459 2993 2491 ι
3032 2441 3168 2496 Item
3199 2457 3214 2494 :
3257 2460 3276 2492 ι
3309 2440 3659 2512 Despondebo
3684 2454 3724 2495 te

470 2530 608 2585 mihi
640 2531 747 2601 ipsi
793 2533 845 2585 in
873 2532 999 2598 fide,
1036 2542 1090 2587 et
1133 2548 1405 2604 agnosces
1444 2533 1614 2587 Deum
1631 2533 1699 2586 “.
1727 2552 1745 2584 ι
1785 2531 1948 2599 Quod
1982 2531 2031 2587 si
2060 2546 2193 2586 vero
2221 2531 2510 2600 corruptio
2541 2529 2731 2599 aliqua
2763 2529 2818 2582 in
2846 2544 2908 2583 ea
2941 2528 3133 2596 fuerit,
3170 2544 3297 2584 eam
3353 2544 3467 2585 rem
3493 2528 3722 2584 adulterii

469 2616 1012 2673 demonstrationem
1040 2635 1166 2675 esse
1193 2620 1270 2673 ait
1295 2638 1310 2686 ;
1345 2621 1680 2690 desponsata
1703 2620 1852 2675 enim
1882 2618 1938 2673 in
1963 2633 2130 2673 manu
2168 2635 2299 2674 mox
2326 2618 2500 2674 futuri
2527 2621 2718 2690 sponsi
2743 2627 2851 2676 est.
2879 2616 3080 2674 Verum
3113 2620 3405 2674 enimvero
3435 2620 3481 2675 si
3511 2620 3564 2673 in
3590 2619 3718 2683 urbe,

471 2703 582 2761 hoc
608 2714 695 2761 est
733 2706 788 2761 in
825 2707 1064 2763 Ecclesia
1085 2746 1100 2771 ,
1138 2709 1275 2763 urbe
1308 2709 1544 2765 viventis
1578 2708 1675 2762 Dei
1700 2749 1715 2773 ,
1741 2723 1908 2779 quam
1939 2707 2118 2777 angeli
2144 2714 2205 2763 et
2237 2707 2343 2761 viri
2378 2707 2816 2777 periclitantium
2849 2706 3095 2777 patroni,
3126 2721 3196 2762 ac
3216 2706 3442 2776 judices
3473 2707 3561 2776 qui
3592 2706 3719 2760 frau-

469 2793 596 2849 dem
636 2804 877 2865 possunt
910 2795 1210 2865 prohibere
1240 2797 1521 2863 incolunt,
1553 2796 1744 2852 scelus
1773 2797 2135 2852 commissum
2170 2793 2364 2862 fuerit,
2393 2795 2557 2868 452
2595 2810 2746 2850 mors
2793 2804 2904 2849 tam
2947 2795 3221 2865 virginem
3256 2810 3423 2866 quam
3474 2806 3718 2865 raptorem

469 2883 592 2950 ejus
629 2893 838 2950 nianet,
863 2901 928 2939 eo
962 2886 1111 2956 quod
1148 2886 1401 2940 fraudem
1446 2886 1517 2941 iis
1549 2901 1732 2959 penes,
1779 2901 1925 2956 quos
1958 2885 2225 2940 indicium
2269 2893 2415 2949 erat,
2458 2899 2567 2939 non
2623 2884 2862 2941 detexit.
2896 2883 2954 2939 Si
2985 2877 3116 2940 vero
3151 2884 3207 2938 in
3248 2884 3373 2939 loco
3400 2899 3431 2937 a
3475 2884 3722 2954 magistris

471 2987 570 3026 seu
626 2971 908 3028 indicibus
972 2988 1146 3028 vacuo
1200 2989 1373 3030 casus
1432 2973 1524 3028 ille
1571 2975 1884 3044 contingat,
1946 2973 2040 3027 ubi
2088 2987 2253 3028 nemo
2311 2972 2583 3027 auxilium
2641 2971 2787 3028 ferre
2849 2972 3064 3042 potuit,
3128 2971 3337 3042 virgini
3402 2972 3559 3028 venia
3605 2987 3720 3027 eon-

469 3058 710 3114 ceditur.
778 3058 921 3118 Nota
995 3077 1129 3118 vero
1194 3063 1345 3133 quod
1428 3077 1656 3118 uxorem
1726 3061 1964 3133 proximi
2032 3059 2430 3130 desponsatam
2514 3068 2681 3115 vocat
2718 3100 2733 3127 ,
2793 3059 2963 3137 idque
3020 3068 3255 3131 prooter
3315 3069 3564 3118 sanctam
3618 3059 3718 3114 Ma-

472 3150 637 3203 riam.

545 3234 701 3301 Quod
732 3234 779 3290 si
802 3252 921 3291 vero
944 3235 1069 3305 quis
1089 3235 1483 3304 deprehenderit
1513 3236 1685 3304 filiam
1719 3236 1972 3305 virgmem
2008 3249 2126 3302 qua:
2151 3250 2255 3288 non
2296 3233 2757 3303 desponsalaest.
2792 3232 2945 3309 [28.]
2984 3234 3314 3309 Condignas
3359 3216 3594 3309 peccans
3616 3254 3716 3311 pte-

473 3338 573 3377 nas
604 3323 834 3393 irrogat.
873 3323 1125 3378 Animam
1154 3324 1304 3379 cnim
1336 3324 1559 3379 Christo
1585 3339 1680 3393 per
1707 3323 1866 3378 fidem
1893 3320 2136 3376 nondmn
2166 3321 2477 3390 obligatam
2499 3321 2544 3375 si
2571 3321 2696 3392 quis
2721 3321 3041 3388 vitiaverit,
3070 3323 3520 3394 perdideritque.
3547 3342 3717 3397 quent-

467 3411 769 3465 admodum
804 3412 1048 3466 hrer-tiri
1084 3413 1176 3482 qui
1233 3413 1485 3468 homines
1513 3427 1582 3468 ex
1613 3412 1870 3482 gentibus
1919 3408 2222 3481 aliquando
2251 3417 2308 3464 et
2345 3407 2495 3464 Inda:
2523 3424 2550 3464 s
2584 3408 2835 3479 rapiunt,
2893 3409 3077 3465 solent
3129 3409 3344 3479 facere,
3395 3413 3542 3468 Patri
3577 3414 3718 3485 spiri-

468 3510 651 3564 tuum,
675 3502 780 3554 hoc
810 3507 893 3555 est
920 3500 1050 3568 Deo,
1082 3500 1264 3555 delicti
1303 3499 1577 3555 rationem
1613 3500 1667 3554 in
1706 3498 2066 3568 pecuniarum
2103 3497 2475 3552 diminutione
2507 3505 2962 3567 repraasentatam
2996 3497 3209 3554 reddet.
3247 3500 3394 3557 Illud
3435 3518 3577 3563 vero,
3604 3503 3715 3563 Eius

466 3587 573 3641 erit
611 3602 784 3652 uxor,
820 3586 899 3641 sci
936 3603 1174 3657 eopera:
1225 3588 1462 3658 pretium
1491 3595 1599 3645 est.
1664 3587 1874 3658 Duplex
1951 3587 2096 3643 enim
2158 3585 2244 3640 lex
2312 3592 2421 3652 est,
2463 3583 2710 3638 carnalis
2765 3593 2819 3639 et
2862 3585 3194 3653 spiritualis.
3249 3589 3561 3661 Respondet
3608 3604 3716 3644 vero

470 3674 649 3730 huic:
720 3693 738 3727 ι
777 3673 932 3742 Quol
985 3676 1159 3746 igiur
1228 3676 1371 3731 Deus
1415 3676 1726 3742 conjunxit,
1791 3676 1955 3731 homo
1997 3690 2056 3730 ne
2110 3680 2328 3743 separet
2362 3670 2436 3737 “,
2465 3690 2485 3724 ι
2550 3672 2688 3727 illud
2735 3691 2751 3728 :
2810 3691 2828 3724 ι
2862 3673 2979 3727 Non
3018 3682 3167 3728 enim
3220 3682 3442 3747 poterit
3485 3694 3596 3730 eam
3641 3672 3716 3729 di-

471 3763 694 3817 mittere
734 3778 842 3833 per
898 3778 1062 3820 omne
1110 3765 1414 3835 tempus“.
1449 3783 1466 3816 ι
1519 3764 1695 3818 Tanta
1744 3779 1874 3820 vero
1935 3762 2266 3834 virginitatis
2325 3760 2662 3817 excellentia
2713 3768 2833 3827 est,
2891 3771 2947 3817 ut
2994 3763 3220 3819 violatio
3279 3765 3403 3837 ejus
3463 3764 3714 3822 excidium

472 3860 623 3907 vocet
634 3851 720 3906 ιιι.
3682 3866 3687 3873 ‘

544 3937 668 3992 Non
688 3935 1008 4008 ingredietur
1029 3933 1195 4002 spado
1209 3946 1255 3988 et
1270 3942 1535 3988 castralus
1559 3933 1613 3987 in
1627 3933 1814 3988 emtum
1835 3930 2049 3987 Domini
2088 3930 2306 4006 [XXIIL
2326 3935 2419 4002 εδ,
2436 3936 2512 4007 1.]
2535 3937 2739 4009 Duplex
2760 3940 2903 3995 enim
2926 3940 3309 3999 cunuchorum
3335 3959 3527 4016 genus,
3546 3948 3713 4012 praeter

466 4042 568 4082 eos
597 4042 735 4096 quos
766 4034 960 4079 natura
990 4023 1123 4078 edit.
1144 4021 1300 4077 Aliud
1335 4021 1557 4093 quidem
1593 4037 1786 4077 eorum
1821 4022 2023 4090 quibus
2046 4024 2225 4081 virilia
2250 4027 2463 4093 penitus
2489 4038 2712 4084 exsecta
2744 4039 2910 4098 sunt;
2934 4031 3085 4087 aliud
3108 4048 3303 4087 eorum
3333 4033 3429 4104 qui
3458 4041 3705 4088 castram-

469 4130 592 4169 rum
629 4113 854 4181 figuram
885 4126 994 4180 pra:
1025 4126 1082 4165 se
1114 4110 1318 4174 ferunt,
1360 4109 1665 4164 amiserunt
1705 4124 1837 4163 vero
1865 4117 2080 4164 tantum
2106 4111 2215 4165 vim
2257 4114 2572 4183 genitalem.
2604 4116 2876 4172 (Sa-terum
2911 4118 3027 4175 haec
3053 4123 3297 4176 animam
3317 4126 3710 4193 repraesentant

469 4203 554 4256 Vel
586 4216 813 4271 prorsus
834 4199 1227 4262 effeminatam,
1271 4213 1336 4253 ac
1368 4199 1750 4269 voluptatibus
1783 4199 2106 4254 carnalibus
2144 4200 2406 4267 deditam,
2442 4202 2529 4258 vel
2574 4219 2753 4260 maCte
2781 4205 3004 4276 quidem
3042 4217 3250 4264 Virtute
3271 4226 3399 4265 esse
3431 4210 3704 4267 volentem.

468 4292 843 4362 voluptatibus
866 4304 996 4344 vero
1022 4289 1168 4343 haud
1222 4288 1597 4343 resistentem.
1632 4287 1887 4355 Quarum
1927 4288 2028 4343 etsi
2065 4288 2346 4343 diversum
2375 4289 2619 4344 studimn
2637 4300 2723 4347 est
2753 4292 3099 4360 acintcnt‘o,
3132 4296 3196 4350 ad
3228 4296 3489 4352 eumdem
3519 4293 3708 4348 tandem

467 4383 631 4435 tinem
664 4378 1004 4449 rediguntur.
1042 4374 1215 4430 Filius
1252 4376 1385 4430 item
1416 4376 1612 4445 scortj,
1652 4376 1841 4430 anima
1890 4374 2106 4431 scilicet
2131 4390 2254 4445 quae
2287 4391 2517 4446 pravum
2540 4392 2769 4434 sensum
2796 4384 3055 4453 concepit
3081 4399 3148 4439 ex
3183 4383 3555 4451 daemonibus,
3583 4395 3712 4435 arce-

466 4480 579 4525 tur.
613 4462 846 4538 Proptei-
879 4467 1049 4532 lilium
1075 4478 1261 4520 autem
1290 4465 1463 4536 ipsam
1502 4480 1725 4535 quoque
1759 4464 2086 4535 genitricem
2119 4467 2471 4520 exterminat.
2502 4465 2728 4535 Insuper
2748 4485 2974 4542 quoque
3008 4473 3338 4530 Ammonius
3367 4490 3432 4530 ac
3459 4473 3708 4538 Moabitae,

460 4557 558 4629 qui
590 4557 861 4613 cultorum
894 4555 1321 4610 simulacrorum
1348 4552 1595 4623 quandiu
1620 4554 1758 4609 tales
1784 4554 2194 4623 permanserint
2223 4552 2455 4624 figuram
2488 4559 2793 4624 sustinent,
2823 4561 2915 4630 qui
2937 4563 3170 4618 summis
3192 4564 3410 4620 viribus
3435 4579 3496 4618 ac
3522 4559 3710 4618 conati-

463 4645 569 4702 bus
601 4653 792 4699 contra
831 4660 931 4698 nos
962 4644 1179 4697 obviam
1204 4649 1462 4705 ruerunt,
1501 4656 1888 4711 summamque
1920 4641 2312 4698 crudelitatem
2346 4644 2639 4724 nobiscum
2670 4659 3067 4705 exercuerunt.
3100 4650 3320 4708 Idumaei
3357 4668 3520 4724 porro
3553 4652 3705 4705 hatre-

463 4734 608 4789 sium
633 4741 763 4789 sunt
793 4732 992 4801 imago,
1026 4729 1244 4784 oriundi
1297 4729 1442 4783 enim
1472 4744 1540 4783 ex
1577 4728 1725 4783 Esau
1794 4735 1975 4792 erant,
2022 4727 2404 4804 lsraclitisque
2438 4722 2711 4807 sanguine
2736 4742 3055 4811 propinqui.
3119 4740 3328 4796 Volunt
3358 4722 3502 4798 vero
3558 4741 3703 4795 etiam

462 4821 845 4876 luercticornm
879 4818 1032 4873 liberi
1059 4817 1356 4872 Christiani
1396 4817 1726 4887 nuncupari.
1754 4816 1942 4888 Neque
1983 4835 2118 4874 vero
2171 4828 2322 4875 tanta
2353 4821 2516 4892 ipsis,
2549 4835 2754 4895 quanta
2782 4827 3207 4885 simulacrorum
3259 4831 3564 4886 cultoribus
3588 4814 3710 4881 con?

462 4909 653 4965 stituta
673 4917 758 4963 est
785 4922 965 4979 pcena.
994 4905 1052 4960 In
1076 4906 1237 4961 tertia
1268 4905 1423 4959 enim
1452 4905 1812 4972 generatione
1839 4920 1965 4960 rece
1987 4917 2139 4976 ptum
2178 4908 2359 4963 ituros
2385 4925 2509 4965 esse
2539 4912 2740 4983 inquit.
2765 4914 3250 4981 Quemadmodum
3280 4915 3702 4974 ldumteislsaias

460 4997 773 5060 denuntiat,
805 4996 965 5050 initio
1003 5010 1033 5048 a
1063 4992 1349 5067 visionein
1382 4993 1585 5048 Arabia
1626 4992 1776 5048 facto
1809 5013 1822 5049 :
1858 5014 1875 5046 ι
1903 4994 1962 5048 ln
2003 4997 2290 5051 condenso
2353 5013 2581 5068 vespere
2635 5002 2865 5058 cubahis
2890 5005 2947 5059 in
2977 5005 3065 5060 via
3126 5007 3427 5061 Dodanaim
3462 5025 3477 5063 :
3506 5005 3699 5061 obviam

460 5086 668 5142 sitienti
696 5083 832 5140 ferte
862 5098 1084 5152 aquam,
1115 5080 1206 5151 qui
1235 5080 1494 5134 habitatis
1529 5081 1583 5134 in
1620 5083 1842 5151 regione
1868 5081 2127 5137 Tlueman
2159 5102 2173 5138 :
2216 5086 2458 5153 panibus
2487 5087 2704 5143 obviam
2733 5090 2809 5145 ite
2837 5090 3178 5163 fugientibus
3208 5106 3433 5165 propter
3457 5105 3698 5149 caesorum

461 5173 891 5236 multitudinem.
930 5187 999 5226 ne
1037 5168 1500 5241 quemadmodum
1527 5177 1686 5223 antea
1722 5169 1975 5227 Moabita:
2002 5172 2206 5227 faciant
2224 5173 2291 5230 ⁸⁸.
2318 5192 2336 5224 ι
2373 5173 2496 5228 Pari
2536 5175 2666 5232 item
2718 5181 2933 5235 ratione
2958 5196 3085 5237 cum
3113 5183 3201 5238 his
3232 5183 3571 5255 recipiendos
3593 5192 3698 5235 esse

461 5261 779 5332 Egyptios,
835 5259 1040 5330 inquit.
1112 5256 1217 5323 Qui
1253 5256 1495 5311 fortasse
1526 5272 1716 5311 eorum
1751 5260 2212 5330 significationem
2243 5263 2511 5334 praebent,
2543 5266 2636 5336 qui
2666 5281 2730 5321 ex
2767 5271 3026 5340 gentibus
3075 5288 3204 5344 erga
3235 5273 3694 5330 Cbristianosnon

463 5366 694 5420 prorsus
720 5351 994 5406 hostiliter
1014 5356 1143 5404 sunt
1163 5346 1366 5401 affecti.
1392 5365 1411 5399 ι
1438 5345 1673 5401 Ατινθηιε
1698 5349 1844 5403 θηὶ;ιι
1876 5349 2066 5406 fuistis
2099 5350 2242 5422 apud
2274 5366 2393 5416 eos,
2434 5370 2452 5404 ι
2479 5352 2684 5424 inquit.
2709 5357 2972 5415 Attamen
3004 5361 3109 5415 hoc
3141 5361 3501 5417 Moabitarum
3526 5361 3711 5416 dcere.

458 5451 577 5495 tum
606 5439 765 5494 finem
787 5440 932 5510 cepit
962 5440 1014 5492 in
1039 5437 1183 5492 Ruth
1217 5434 1419 5492 femina
1453 5433 1763 5503 Mo‘abitica,‘
1798 5438 1963 5510 idque
1989 5440 2137 5495 omni
2170 5439 2318 5512 genti
2361 5454 2656 5499 commune
2677 5454 2784 5514 est,
2817 5457 2979 5518 juxta
3007 5450 3140 5506 illud
3177 5469 3191 5507 :
3233 5471 3251 5504 ι
3279 5449 3337 5506 ln
3358 5445 3503 5507 omni
3532 5454 3689 5522 gente,

457 5532 552 5599 qui
580 5529 867 5582 Dominum
903 5528 1080 5593 timet,
1109 5532 1372 5595 acceptus
1397 5523 1447 5579 ei
1485 5531 1594 5580 est.
1621 5543 1641 5577 ι

540 5682 576 5720 δ’
616 5683 885 5760 Ps‘a‘lufn,
912 5686 1019 5760 6.__
1088 5682 1318 5760 “Pent.
1349 5701 1424 5748 vr,
1467 5684 1524 5739 8.
1601 5682 1983 5760 ’f_Nttm.__xv,
2028 5681 2098 5735 '58

2232 5683 2710 5760 fflcnr.vt,l7.
2820 5687 2864 5721 δι
2926 5689 2964 5743 ll
3019 5692 3149 5749 Cor.
3208 5713 3302 5760 xu.
3350 5698 3406 5754 2.
3516 5695 3688 5751 ⁸²οδθο

436 5756 600 5819 tt,l9.
688 5755 735 5785 “
781 5756 912 5810 ibid.
967 5757 1056 5812 20.
1139 5751 1186 5783 “
1223 5755 1415 5811 Matth.
1469 5772 1597 5824 xu,
1631 5755 1687 5810 6.
1769 5758 1812 5788 ⁴⁵
1845 5753 1998 5810 Deut.

1474 5772 1597 5824 xu,
1631 5755 1687 5810 6.
1769 5753 2000 5810 “Deut.
2059 5770 2191 5822 xm,
2226 5755 2312 5816 l9.
2400 5756 2454 5791 ’⁸⁸
2510 5759 2618 5814 lsa.
2667 5773 2779 5827 ut,
2847 5761 3036 5819 15-15.

3398 5901 3480 5911 -οιι-
