3956 6424
270 348 385 410 9.13
1145 354 1353 413 COMM
1367 354 1559 413 ΕΧΤΛ
1573 356 1680 414 RH
1732 355 1811 415 ΙΝ
1846 358 1861 416 1

1968 358 2552 421 JTERONOMlUM.
3440 364 3547 432 93σὶ

354 462 512 530 Quod
540 464 585 517 si
610 478 727 518 vero
761 480 1004 536 egressus
1046 466 1213 536 [ueris
1242 478 1298 520 ut
1333 471 1581 536 impetum
1603 469 1777 537 facias
1811 473 1864 524 in
1896 472 2070 527 hostes
2106 485 2247 535 tuos,
2274 474 2483 528 cavebis
2522 477 2588 528 ab
2615 476 2762 529 omni
2804 492 2855 528 re
2885 474 3044 539 mala
3098 473 3205 547 [9.]
3247 474 3552 547 Spirituale

272 552 446 606 nobis
475 550 547 605 ob
574 553 769 607 oculos
815 554 971 623 ponit
1012 555 1238 611 bellum.
1278 555 1397 610 Non
1430 557 1580 612 enim
1617 559 1686 612 de
1707 559 1934 615 casilms
1961 563 2243 631 corporeis
2268 578 2392 632 qua:
2417 576 2449 616 e
2474 562 2618 616 bello
2682 563 2965 633 spirituali
3021 564 3332 628 retrahant.
3390 567 3547 622 dicit.

276 657 300 689 ε
322 636 439 694 Nec
474 640 622 694 enim
662 641 826 696 nobis
856 641 1175 699 luctandum
1200 652 1286 699 est
1319 658 1446 698 eum
1483 648 1757 715 sanguine
1780 658 1835 702 et
1861 663 2050 713 carne,
2090 665 2282 704 verum
2302 648 2430 704 cum
2457 650 2888 721 principatibus,
2927 667 2993 707 ac
3027 654 3403 721 potestatibus
3426 656 3494 710 ".
3524 676 3540 707 1

269 725 443 782 Unde
476 743 613 784 sane
653 744 754 784 nec
774 745 928 783 arma
954 738 1146 786 nostra
1174 732 1442 797 carnalia,
1474 733 1942 803 quemadmodum
1974 736 2244 807 scriptum
2280 750 2367 794 est
2382 739 2449 794 ⁸⁸.
2492 738 2847 795 Adversariis
2874 739 3059 810 itaque
3082 750 3271 796 nostra
3294 757 3553 812 perscru-

271 817 436 870 tandi
462 831 654 870 ansam
688 818 937 888 praebere
968 834 1076 872 non
1108 825 1347 888 oportet,
1378 819 1568 875 hostes
1599 822 1741 875 enim
1773 829 1927 886 sunt,
1960 831 2016 877 et
2046 825 2383 892 adversarii,
2426 826 2520 896 qui
2549 842 2581 881 a
2610 827 2819 882 divinis
2876 828 3081 883 castris
3112 843 3176 882 ac
3206 830 3552 886 stationibus

269 904 474 973 procul
504 914 725 975 captum
758 921 939 976 usque
977 909 1042 960 ad
1078 920 1362 975 vesperam
1399 906 1678 976 impurum
1734 909 2004 976 detinent,
2063 913 2257 969 tandiu
2289 915 2567 983 videlicet,
2601 917 2731 971 dum
2779 916 3038 973 Christus
3093 933 3292 973 eorum
3325 920 3550 975 ratione

270 993 469 1079 habita
498 995 590 1062 qui
627 994 869 1047 naturali
911 995 1121 1064 peccati
1149 994 1480 1062 aegritudine
1509 994 1781 1062 laborant,
1819 999 2261 1068 puriﬁcationem
2319 1019 2443 1073 quae
2494 1020 2591 1074 per
2610 1004 2899 1059 lacravum
2932 1006 2992 1060 ﬁt
3030 1006 3286 1061 divinum
3319 1008 3551 1079 largitus

271 1077 470 1142 fuerit,
498 1094 665 1135 cruce
719 1080 898 1150 lignea
928 1080 1091 1136 nobis
1135 1080 1363 1146 donata,
1399 1096 1510 1150 qua
1553 1083 1751 1136 muniti
1800 1082 2020 1143 fortiter
2048 1095 2102 1146 et
2130 1091 2387 1159 expedite
2417 1094 2715 1148 insitarum
2777 1094 3146 1164 cupiditatum
3209 1077 3547 1158 fmdttatem.

266 1166 603 1236 poenitentia
637 1169 919 1253 excrucis
950 1169 1297 1224 correctione
1363 1180 1636 1239 concepta
1689 1176 2062 1244 contegimus,
2104 1176 2263 1247 juxta
2321 1179 2503 1234 illud:
2540 1179 2878 1250 «Sapientes
2921 1195 3022 1236 sua
3082 1191 3336 1236 avertent
3376 1182 3547 1237 dede-

264 1270 406 1309 cora
425 1256 491 1309 “.
515 1274 535 1306 ι
562 1252 973 1338 Ωιιότὶιὶοιὶοει
1008 1255 1154 1311 Deus
1179 1256 1235 1311 in
1266 1257 1428 1312 nobis
1460 1258 1673 1312 habitet
1704 1273 1771 1313 ac
1797 1260 2144 1317 observetur.
2181 1264 2426 1321 Sanctus
2476 1266 2625 1321 enim
2670 1268 2904 1337 spiritus
2933 1266 3120 1321 dolum
3176 1258 3370 1338 fugiet,
3397 1280 3449 1324 et
3478 1270 3550 1323 ab

264 1342 478 1413 ineptis
505 1336 815 1398 rationibus
858 1345 1096 1409 recedet,
1153 1345 1616 1415 quemadmodum
1660 1348 1932 1418 scriptum
1977 1360 2063 1406 est
2097 1371 2110 1407 :
2141 1371 2160 1403 ι
2188 1353 2379 1408 Sancti
2432 1356 2593 1410 enim-
2631 1336 2827 1418 estote,
2864 1355 3067 1425 inquit,
3134 1336 3401 1424 quoniam
3436 1372 3542 1423 ego

266 1440 508 1485 sanctus
536 1444 658 1485 sum
678 1431 747 1485 ⁵ο.
770 1449 790 1483 ι
847 1430 913 1485 Ει
934 1432 1134 1488 iterum
1162 1451 1176 1487 :
1207 1451 1227 1485 ι
1247 1431 1405 1488 Exite
1435 1433 1586 1502 hinc,
1619 1449 1683 1489 ae
1719 1434 2065 1492 immundum
2095 1455 2164 1495 ne
2193 1443 2572 1510 contrectetis,
2611 1449 2747 1498 tunc
2768 1456 2872 1513 ego
2901 1456 2999 1496 vos
3033 1442 3328 1510 recipiam,
3366 1443 3548 1513 inquit

266 1517 544 1573 Dominus
568 1517 636 1572 ".
665 1536 683 1568 ι

344 1631 452 1685 Τὸν
496 1631 599 1702 τῆς
651 1630 783 1703 περὶ
821 1630 1068 1702 γαστέρα
1121 1631 1260 1703 πρὸς
1286 1630 1627 1703 αὐτάρκειαν
1674 1634 1861 1704 χρείας

2044 1625 2224 1680 Alium
2276 1643 2409 1684 vero
2434 1628 2528 1700 qui
2589 1628 2916 1686 necessitati
2970 1628 3186 1684 ventris
3217 1627 3551 1685 satisfacere

265 1723 635 1796 ἀνορυκτικὸν
692 1720 976 1776 πάσσαλον
1012 1722 1124 1775 δεῖν
1170 1721 1276 1792 τῆς
1336 1721 1516 1793 ζώνης
1583 1721 1859 1793 ἡρτῆσθαί

266 1835 432 1890 φησι,
462 1817 530 1870 δι’
563 1810 624 1871 οὗ
663 1813 1029 1886 γινώσκομεν,
1082 1812 1160 1878 ὡς
1215 1814 1397 1885 πάσης
1457 1813 1656 1884 ἡδονῆς
1713 1812 1857 1884 βρω-

271 1911 466 1984 μάτων
511 1909 686 1981 πέρας
723 1909 877 1962 ὲστὶν
906 1908 935 1960 ὁ
959 1906 1176 1977 λαιμός.
1200 1906 1283 1960 Τὰ
1313 1904 1550 1976 τυχόντα
1584 1904 1694 1975 γὰρ
1717 1904 1857 1977 πλη-

269 2005 475 2078 ροῦντα
552 2002 653 2070 τὴν
729 2000 922 2073 χρείαν
1003 2000 1188 2069 πάσης
1250 1998 1483 2069 ἀκαίρου
1559 1996 1859 2067 ἐπιθυμίας

268 2096 614 2165 ἑπικάμπτει
667 2091 1086 2164 ἀσχημοσύνην.
1140 2089 1489 2161 Πανταχόθεν
1566 2087 1624 2140 δὲ
1678 2087 1860 2157 δῆλον,

1966 1719 2108 1785 vult,
2147 1720 2334 1789 palum
2370 1728 2711 1790 prazaeutum
2759 1719 2985 1790 cingulo
3034 1734 3336 1790 appensum
3386 1720 3550 1792 453

1966 1808 2171 1865 habere
2215 1826 2449 1867 necesse
2475 1826 2603 1867 esse
2635 1812 2853 1881 inquit;
2884 1826 2996 1880 quo
3028 1811 3152 1880 ipso
3186 1811 3552 1882 intelliginms

1964 1903 2112 1972 quod
2171 1903 2351 1958 omnis
2409 1905 2553 1974 gulte
2606 1913 2803 1975 guttur
2834 1903 2959 1958 linis
3015 1912 3124 1958 est.
3165 1902 3364 1959 Omnia
3399 1906 3551 1958 enim

1966 2011 2087 2065 quae
2118 1994 2261 2050 forte
2296 1996 2516 2050 fortuna
2574 1997 2734 2058 llunt,
2771 2011 2839 2050 ae
2868 2000 3262 2050 necessitatem
3297 1998 3551 2064 ettplent,

1965 2085 2146 2139 onmis
2171 2087 2479 2140 immaturae
2512 2086 2761 2141 libidinis
2794 2085 3199 2156 turpitudinem
3229 2097 3548 2157 protegunt.

268 2188 351 2251 ὠς
413 2184 657 2255 φυσικῶν
706 2184 1150 2256 περιττωμάτων
1228 2183 1330 2237 οὐκ
1390 2181 1457 2237 ἂν
1504 2179 1739 2251 ὲαέλησε
1781 2180 1860 2252 τῷ

1971 2175 2337 2247 Undiquaque
2364 2192 2495 2231 vero
2530 2178 2885 2232 manifestum
2911 2188 3018 2241 est,
3055 2180 3208 2249 quod
3268 2179 3549 2233 naturalia

268 2279 412 2351 Θεῷ.
1175 2293 1199 2303 θ
1968 2278 2321 2323 excretnenta
2344 2267 2454 2324 Deo
2490 2283 2639 2324 cura:
2672 2285 2781 2324 non
2821 2279 2970 2325 sunt.

345 2394 399 2449 Ν
405 2413 472 2452 ou
506 2391 686 2449 trades
710 2407 915 2447 servum
938 2390 1154 2445 domino
1186 2389 1374 2458 ipsius.
1401 2385 1762 2461 [XXlll,15.]
1792 2384 1854 2441 ιιι
1878 2382 2194 2439 Proverbiis
2224 2383 2351 2437 item
2395 2383 2575 2455 inquit
2600 2402 2614 2439 :
2645 2404 2663 2438 ι
2692 2383 2771 2440 Ne
2796 2385 2983 2441 tradas
3010 2402 3229 2442 servum
3265 2387 3318 2441 in
3343 2402 3540 2442 manus

270 2482 510 2548 domini,
548 2498 618 2537 ne
666 2481 806 2535 forte
853 2487 1176 2535 exsecretur
1213 2486 1289 2542 te,
1318 2486 1371 2531 et
1395 2491 1615 2546 pessum
1648 2475 1832 2530 eas".
1873 2493 1892 2526 ι
1930 2473 2127 2543 Arguit
2165 2486 2297 2525 vero
2335 2471 2469 2526 illud
2500 2489 2513 2526 :
2547 2471 2628 2528 Ne
2671 2475 2857 2529 tradas
2905 2474 3303 2529 immanitatem
3330 2491 3452 2544 quae
3488 2475 3542 2530 in

267 2572 468 2644 primis
499 2569 925 2625 simulacrorum
954 2566 1265 2621 cultoribus
1292 2572 1377 2620 est
1421 2563 1705 2633 adjuncta.
1756 2559 1890 2615 Nam
1925 2560 1994 2615 de
2027 2559 2224 2614 vicinis
2263 2560 2520 2629 gentibus
2548 2575 2730 2616 sermo
2759 2572 2885 2626 est,
2922 2563 3127 2631 quibus
3182 2579 3400 2618 servum
3446 2578 3547 2618 ne-

267 2674 403 2716 care
434 2659 601 2714 etiam
654 2655 793 2710 nihil
836 2654 1219 2726 repulabatur.
1257 2651 1532 2708 Caeterum
1587 2650 1845 2705 Hebraeos
1876 2648 1960 2703 lex
1999 2647 2070 2702 de
2103 2647 2448 2702 humanitate
2492 2647 2802 2715 admonuit,
2843 2665 2953 2720 qua
2995 2650 3313 2720 praecipitur
3362 2666 3430 2706 ne
3460 2651 3549 2720 ju-

268 2756 523 2803 mentum
560 2757 788 2814 quoque
818 2742 871 2795 in
909 2740 1110 2795 itinere
1141 2739 1480 2810 negligatur.
1521 2754 1540 2788 ι
1579 2734 1782 2791 Verum
1811 2736 1954 2790 bona
1987 2733 2109 2797 ﬁde,
2136 2734 2339 2806 inquit,
2372 2750 2435 2790 ea
2467 2734 2627 2789 fratri
2660 2744 2759 2790 tuo
2791 2737 3072 2791 restituas.
3123 2755 3141 2788 ι
3174 2738 3391 2804 Quanto
3420 2752 3550 2793 vero

268 2833 454 2902 magis
485 2831 782 2894 famulum,
809 2827 1037 2898 quando
1072 2828 1268 2883 lterum
1299 2826 1439 2880 iram
1469 2839 1629 2879 suam
1668 2823 1993 2893 deposuisse
2030 2833 2244 2876 certum
2275 2833 2381 2879 est.
2413 2820 2551 2877 Nam
2589 2823 2812 2877 idcirco
2842 2824 3134 2893 subiunxit
3161 2842 3177 2877 :
3220 2841 3239 2875 ι
3269 2826 3347 2878 ita
3381 2825 3550 2881 l'acics

270 2920 328 2975 in
357 2921 509 2974 omni
554 2918 760 2972 damno
808 2915 997 2970 fratris
1029 2914 1135 2968 tui.
1172 2931 1193 2966 ι
1245 2911 1323 2967 De
1357 2909 1664 2983 peregrinis
1694 2909 1882 2978 itaque
1930 2910 2137 2965 mentio
2167 2919 2273 2977 est,
2300 2910 2395 2980 qui
2451 2911 2497 2965 si
2541 2910 2609 2964 ad
2653 2913 2914 2981 pietatem
2963 2922 3015 2966 et
3050 2913 3262 2966 cultum
3295 2912 3546 2967 divinum

273 3008 518 3064 traducti
560 3006 787 3071 fuerint,
841 3020 1050 3075 corpus
1075 3012 1132 3060 et
1187 3004 1432 3057 animam
1484 3001 1824 3055 incolumem
1857 2997 2223 3054 servaverint.
2272 2998 2349 3052 Ita
2398 3012 2619 3068 quoque
2667 3009 2909 3054 mentem
2967 3006 3187 3055 mutare
3229 3000 3550 3055 volentibus

274 3097 460 3152 aditus
493 3096 570 3150 ad
611 3094 1058 3165 resipiscentiam
1091 3106 1200 3145 non
1253 3098 1341 3145 est
1391 3087 1875 3143 intercludendos.
1919 3084 2163 3152 Quilibet
2210 3089 2356 3140 enim
2391 3084 2679 3141 dominum
2730 3085 2898 3141 habet
2929 3086 3022 3141 cui
3051 3088 3222 3142 etiam
3271 3086 3550 3143 obnoxius

271 3194 380 3252 est,
409 3184 632 3256 genium
673 3182 936 3238 videlicet
968 3197 983 3235 :
1022 3199 1042 3232 ι
1073 3180 1138 3235 Ει
1164 3178 1402 3243 habitet,
1438 3178 1643 3249 inquit,
1688 3178 1746 3231 in
1780 3176 1904 3230 loco
1930 3188 2094 3245 quem
2129 3171 2379 3242 elegerit.
2417 3190 2437 3224 ι

342 3318 514 3373 Τόποι
543 3317 635 3372 τοῦ
657 3316 878 3388 Ἰσραὴλ
897 3316 1100 3387 γνῶσις
1140 3315 1423 3379 εὐσεϐείας
1442 3357 1457 3382 ,
1507 3314 1603 3368 καὶ
1652 3311 1861 3385 ἀρετῶν

2037 3304 2185 3361 Loca
2220 3320 2349 3360 vero
2377 3305 2599 3362 lsraelis
2628 3315 2784 3373 sunt,
2817 3306 3058 3378 cognitio
3091 3304 3331 3377 pietatis,
3357 3313 3414 3359 et
3440 3305 3554 3360 vir-

270 3413 643 3484 ὲπιτήδευσις.
702 3412 765 3465 Οἱ
798 3409 854 3463 δὲ
897 3408 1096 3476 λοιποὶ,
1127 3407 1218 3462 Ἐν
1254 3410 1355 3480 μιᾷ
1388 3408 1497 3462 τῶν
1527 3406 1711 3460 πυλῶν
1743 3421 1860 3469 σου,

272 3505 571 3573 ἐξέδωκαν,
603 3503 835 3558 οἰκειότε
846 3502 1042 3575 ρον.οἱ
1070 3499 1179 3570 γὰρ
1205 3501 1403 3555 νεωστλ⁵
1429 3499 1862 3574 προσερχόμενοι

269 3597 375 3650 οὐκ
410 3596 470 3648 ἐν
501 3593 685 3658 τόποις
707 3594 874 3646 οἰκεῖν
898 3631 915 3659 ,
948 3591 1063 3645 ἀλλ’
1101 3593 1158 3646 ὲν
1191 3591 1388 3655 πύλαις
1422 3590 1627 3662 κυρίως
1663 3586 1862 3660 λεχθή-

287 3699 497 3737 σονται.
535 3682 610 3735 Τὸ
634 3679 739 3749 δὲ,
772 3680 847 3735 Οὐ
896 3678 1107 3749 θλίψεις
1131 3679 1317 3744 αὑτὸν,
1357 3679 1494 3751 πρὸς
1525 3678 1588 3731 τὸ
1629 3676 1704 3749 μὴ
1736 3679 1861 3730 ἐπι-

273 3776 450 3830 θεῖναι
496 3773 719 3846 φορτίον
767 3772 908 3844 ὑπὲρ
967 3772 1132 3826 αὐτόν
1156 3789 1170 3803 ο
1227 3765 1340 3827 οἷον
1392 3770 1738 3843 περιτέμνων
1788 3767 1864 3840 μὴ

276 3866 630 3940 βουλόμενον.
669 3865 1002 3934 ἀναγκάζων
1029 3864 1124 3918 τοῦ
1162 3864 1330 3937 νόμου
1360 3866 1551 3936 τηρεῖν
1582 3862 1651 3917 τὰ
1678 3862 1861 3916 λοιπά.

278 3979 301 4012 ι
330 3958 521 4025 Ἔδοξε
551 3958 683 4031 γὰρ,
710 3958 880 4029 φασὶν
910 3958 960 4011 oi
1013 3957 1330 4027 ἀπόστολοι,
1368 3959 1446 4032 τῷ
1504 3958 1647 4029 ἁγίῳ
1693 3957 1866 4023 Πνεῦ-

277 4070 411 4124 ματι
441 4053 536 4105 καὶ
567 4052 702 4122 ἡμῖν
737 4050 909 4122 μηδὲν
939 4051 1104 4105 πλέον
1132 4050 1479 4105 ἐπιτίθεσθαι
1514 4050 1681 4123 βάρος
1711 4050 1862 4120 ὑμῖν,

272 4143 582 4215 ἀπέχεσθαι
621 4143 681 4197 δὲ
732 4142 897 4213 μόνον
930 4141 1305 4197 εἰδωλοθύτων
1336 4144 1433 4198 καὶ
1480 4143 1714 4215 αἵματος
1767 4139 1865 4195 καὶ

274 4235 507 4290 πνικτοῦ
538 4236 633 4289 καὶ
656 4234 942 4306 πορνείας.
973 4253 993 4286 ι

349 4415 474 4468 Οὐκ
497 4414 671 4469 ἐσται
695 4414 1063 4484 τελεσφόρος
1088 4414 1208 4470 ἀπὸ
1227 4414 1574 4486 θυγατέρων
1599 4412 1862 4483 Ἰσραὴλ,

274 4508 375 4561 καὶ
409 4508 522 4560 οὐκ
565 4506 740 4561 ἔσται
776 4509 1210 4577 τελισκόμενος
1245 4508 1365 4562 ἀπὸ
1402 4507 1549 4563 υἱῶν
1589 4504 1863 4574 Ἰσραήλ.

275 4597 546 4670 Σημαίνει
577 4600 676 4670 γὰρ
736 4594 880 4654 εἶναι
930 4602 1363 4672 πορνοϐοσκοὺς,
1422 4601 1623 4672 φόρους
1671 4599 1862 4672 ὥσπερ

273 4690 385 4743 ἀπὸ
429 4690 690 4742 τοιούτων
747 4691 1121 4761 μισθωμάτων
1165 4690 1546 4761 συλλέγοντας.
1615 4691 1708 4745 Διὸ
1768 4692 1861 4744 καὶ

272 4782 565 4853 προανεῖλε
587 4781 781 4836 τούτου
811 4783 913 4852 τὴν
952 4771 1252 4854 πρόφασιν,
1283 4783 1384 4857 τὴν
1421 4783 1683 4856 πορνείαν
1720 4785 1862 4838 ἁπο-

272 4870 523 4942 κηρύξας
548 4871 608 4938 ἐξ
642 4872 883 4946 Ἰσραήλ.
923 4876 1036 4929 Καὶ
1059 4876 1142 4943 τὸ,
1172 4874 1333 4940 κυνὸς
1369 4875 1426 4929 δὲ
1456 4875 1733 4946 ἄλλαγμα,
1764 4876 1866 4947 τὴν

271 4964 469 5035 ἀνέδην
498 4966 760 5035 πορνείαν
793 4966 964 5037 δηλοῖ.
999 4967 1343 5039 Τελεσφόρον
1364 4968 1477 5039 γὰρ
1503 4967 1565 5021 οὐ
1594 4969 1868 5039 συγχωρεῖ

272 5059 416 5113 νοεῖν
450 5058 543 5111 τὸν
568 5057 828 5114 τελοῦντα
854 5060 1112 5132 δαίμοσιν
1134 5105 1149 5129 ,
1182 5060 1374 5132 ὥσπερ
1423 5061 1544 5115 οὐδὲ
1583 5064 1674 5114 τδν
1721 5073 1865 5115 τελι-

275 5148 567 5220 σκόμενον,
586 5150 696 5203 τῶν
721 5151 1070 5223 ἑκατέρωθεν
1095 5154 1523 5226 παρακειμένων
1541 5151 1861 5225 ἀπαγορεύ-

275 5256 415 5293 σεων
452 5240 515 5294 τὸ
562 5242 864 5299 ἀνοίκειον.
900 5245 967 5298 'l‘l
1005 5245 1137 5314 γάρ.
1290 5285 1304 5300 .
1339 5246 1461 5300 οὐδὲ
1503 5245 1564 5299 τὸ
1611 5246 1708 5299 ἐπὶ
1759 5245 1861 5316 μὲν

275 5333 594 5406 θυγατέρων
624 5336 800 5390 εἰπεῖν
825 5336 1177 5409 τελεσφόρον,
1216 5338 1311 5391 ἐπὶ
1341 5339 1398 5392 δὲ
1437 5338 1742 5410 μειρακίων
1776 5338 1859 5402 τὸ,

273 5426 687 5497 τελισκόμενον.
728 5429 872 5483 Ἀλλ’
915 5429 1070 5495 οὗτος
1112 5432 1211 5502 μὲν
1236 5433 1264 5485 ὁ
1300 5431 1461 5501 λόγος
1488 5432 1585 5486 καὶ
1622 5432 1684 5485 τὸ
1731 5432 1863 5503 περὶ

275 5518 537 5590 πορνείας
569 5518 761 5574 νοηθὲν
793 5522 1062 5577 ἀνοίκειον
1102 5524 1366 5578 δείκνυσι.
1392 5523 1457 5577 Τί
1488 5523 1596 5596 γὰρ
1649 5523 1857 5578 ἐκώλυε

356 5697 400 5728 *⁷
435 5697 636 5767 Ephes.
657 5715 731 5769 vr.
760 5699 844 5752 1‘2.
920 5698 964 5730 ’⁸³
995 5698 1032 5751 Il
1057 5699 1183 5756 Cor.
1212 5717 1270 5769 κ,
1298 5701 1350 5755 4.
1426 5702 1468 5736 ’⁵⁵
1494 5701 1667 5759 Eccli.
1703 5716 1824 5769 xm,
1853 5703 1861 5755 ‘.

2022 5703 2068 5736 ⁸ο
2102 5701 2274 5760 Levit.
2297 5719 2411 5769 XIX,
2434 5704 2489 5757 2.
2552 5704 2593 5737 ⁵¹
2623 5702 2729 5762 lsa.
2764 5718 2861 5769 ut,
2893 5702 2980 5758 il.

291 5768 341 5801 “
376 5770 500 5823 Act.
539 5785 627 5837 xv,
654 5768 745 5835 9.8,
773 5771 868 5830 29.
899 5794 986 5845 xx,
1020 5779 1106 5838 15.

1967 3406 2145 3452 tutmn
2178 3400 2445 3453 studium.
2483 3396 2706 3469 Reliqui
2734 3415 2869 3455 vero
2896 3399 3070 3471 magis
3098 3400 3341 3469 proprie,
3363 3399 3418 3453 in
3449 3400 3555 3454 ali-

1965 3505 2072 3560 qua
2091 3498 2372 3560 portarum
2400 3498 2618 3545 tuarum
2658 3500 3056 3561 exposuerunt.
3075 3492 3180 3558 Qui
3205 3492 3351 3547 enim
3376 3508 3554 3562 nuper

1964 3582 2285 3647 adveniunt,
2321 3596 2429 3635 non
2475 3582 2531 3636 in
2568 3583 2707 3637 locis
2740 3583 3008 3649 habitare,
3050 3599 3239 3639 verum
3282 3585 3337 3638 in
3378 3585 3555 3654 portis

1965 3675 2187 3746 proprie
2238 3676 2514 3731 dicentur.
2564 3675 2737 3731 l‘orro
2771 3691 2925 3742 vero,
2973 3676 3174 3747 inquit,
3206 3692 3315 3731 non
3345 3677 3555 3748 allliges

1966 3785 2091 3824 eum
2126 3786 2305 3841 neque
2332 3771 2520 3826 oneris
2555 3770 2763 3840 aliquid
2798 3771 2848 3826 ei
2890 3770 3166 3840 impones,
3209 3780 3267 3826 ut
3296 3772 3555 3829 videlicet

1966 3860 2335 3916 circumcidas
2377 3860 2645 3927 invitum,
2698 3876 2763 3916 ac
2816 3860 3030 3932 reliqua
3078 3861 3214 3930 legis
3257 3863 3553 3919 observare

1966 3968 2153 4023 cogas.
2216 3972 2235 4005 ι
2270 3952 2464 4009 Visum
2498 3954 2643 4010 enim
2692 3962 2799 4019 est,
2833 3954 3095 4026 inquiunt
3132 3955 3387 4026 apostoli,
3416 3969 3552 4011 sau-

1966 4059 2056 4102 Cll)
2088 4047 2322 4117 Spiritui
2350 4057 2400 4101 et
2446 4048 2627 4110 nobis,
2654 4055 2710 4102 ut
2758 4048 2895 4102 nihil
2931 4048 3172 4119 amplius
3219 4048 3406 4104 oneris
3445 4049 3553 4103 im-

1967 4145 2203 4208 ponatur
2245 4137 2425 4203 vobis,
2456 4146 2667 4192 tantmn
2703 4153 2835 4194 vero
2880 4146 2940 4192 ut
2965 4138 3292 4194 abstineatis
3321 4154 3351 4193 a
3382 4139 3557 4194 simu-

1968 4230 2243 4284 lacrorum
2277 4231 2481 4300 epulis,
2513 4246 2542 4284 a
2576 4231 2865 4300 sanguine,
2886 4246 2915 4285 a
2938 4230 3228 4296 suﬂ'ocato,
3260 4242 3315 4287 et
3339 4246 3372 4286 a
3397 4246 3557 4287 scor-

1968 4323 2175 4376 latione
2200 4322 2269 4376 ⁸³.
2304 4341 2322 4374 ι

2041 4413 2165 4468 Non
2220 4415 2322 4469 erit
2378 4415 2668 4470 tributaria
2702 4432 2767 4470 ea:
2810 4416 3033 4487 ﬁliabus
3079 4417 3272 4481 Israel,
3310 4433 3403 4471 nec
3449 4418 3553 4472 erit

1967 4506 2222 4562 immunis
2265 4511 2545 4580 quisquam
2577 4526 2642 4565 ea:
2675 4511 2807 4580 ﬁliis
2844 4509 3038 4565 Israel.
3079 4508 3218 4582 [17.]
3268 4509 3554 4580 Contingit

1943 4601 2113 4654 'enim
2158 4601 2388 4658 lenones
2426 4619 2550 4658 esse
2580 4604 2672 4673 qui
2708 4603 2916 4658 tributa
2964 4620 3027 4658 ex
3062 4602 3377 4671 hujusmodi
3410 4620 3545 4659 mer-

1970 4694 2229 4750 cimoniis
2268 4690 2527 4765 colligere
2576 4695 2861 4751 simulant.
2921 4693 3272 4765 Quapropter
3329 4712 3550 4752 onmem

1967 4787 2090 4857 ejus
2152 4788 2230 4843 rei
2264 4796 2585 4858 praetextum
2652 4789 2900 4856 sustulit,
2934 4804 3265 4859 omnemque
3304 4790 3551 4846 fornica-

1968 4878 2176 4933 tionem
2227 4893 2293 4932 ex
2329 4878 2526 4933 lsraele
2574 4878 2874 4933 abdicavit.
2921 4878 3195 4935 Caeterum
3232 4881 3389 4936 canis
3423 4895 3552 4950 pre-

1968 4970 2129 5035 tium,
2166 4969 2431 5026 ell‘renem
2485 4972 2886 5039 scortatiqnem
2942 4974 3188 5027 denotat.
3224 4971 3344 5027 Non
3400 4975 3550 5030 enim

1964 5063 2212 5133 cogitare
2247 5063 2538 5133 permittit,
2579 5064 2728 5134 quod
2790 5065 3056 5119 tributum
3106 5066 3404 5145 exsolve-rit
3454 5067 3551 5137 qui

1965 5173 2056 5214 res
2091 5157 2465 5213 daemoniacas
2516 5158 2740 5227 pendit,
2780 5156 3245 5227 quemadmodum
3297 5172 3398 5212 nec
3444 5158 3550 5212 im-

1966 5264 2189 5304 munem
2231 5265 2353 5306 esse
2411 5265 2564 5315 eum,
2600 5250 2695 5320 qui
2758 5249 3068 5304 libertatem
3102 5249 3549 5306 interdictionum

1967 5341 2227 5411 utrinque
2248 5340 2637 5411 adjunctarutn
2671 5348 2973 5410 usurpant:
3003 5355 3183 5410 neque
3214 5340 3375 5415 illud,
3403 5342 3553 5411 quod

1967 5430 2035 5487 de
2074 5429 2296 5485 ﬁliabus
2340 5430 2556 5486 dicatur
2586 5428 2912 5484 tributarias
2942 5442 3103 5500 esse;
3134 5427 3202 5483 de
3231 5429 3555 5483 adolescen-

1973 5522 2106 5579 tulis
2134 5537 2284 5589 vero,
2311 5536 2437 5579 esse
2467 5522 2763 5577 immunes.
2801 5517 3004 5576 Verum
3036 5520 3151 5577 haec
3178 5519 3399 5591 quidem
3427 5533 3553 5573 ora-

3059 5703 3103 5735 “
3130 5701 3429 5767 Prov.xxx.
3461 5701 3550 5760 ιο.
