3956 6396
471 383 580 446 939
1778 372 2129 448 PROCOPII
2173 376 2416 442 GAZIEI
3620 363 3706 426 9&0

469 499 620 554 enim
673 495 851 567 ipsum
912 511 978 552 ex
1011 492 1250 566 Egypto
1293 506 1600 562 egressum,
1650 504 1882 546 numero
1928 502 2031 560 qua

2171 490 2224 563 μ’
2280 490 2411 560 γοῦν
2476 489 2612 546 ἐτῶν
2668 479 3144 555 πεπληρωμένων,
3190 472 3313 532 εῐπε
3351 473 3549 545 Κύριος
3597 477 3707 567 πρὸς

473 565 733 660 draginta
775 590 1035 658 probrum
1080 565 1307 656 Egypti
1353 585 1648 654 deponere.
1689 581 2030 652 Quadragint

2186 583 2414 655 Ἰησοῦν,
2455 603 2472 634 ι
2499 579 2747 642 Καθίσας
2795 573 3064 645 περίτεμε
3093 570 3221 634 τοὺς
3260 567 3414 660 υἱοὺς
3451 565 3707 660 ’ίσραήλᾎι

475 658 663 753 itaque
713 681 874 736 annis
931 679 1167 744 exactis,
1222 676 1364 732 dixit
1423 676 1692 732 Dominus
1739 676 1804 730 ad
1851 672 2016 730 Josue

2176 679 2286 732 Καὶ
2327 677 2466 749 μετὰ
2520 675 2622 744 τὴν
2654 667 2956 741 περιτομήν
3001 659 3314 753 φησιγπρδς
3360 658 3548 753 αὐτόν·
3580 658 3715 753 «ξῦν

479 747 671 830 «Sede
725 783 782 828 et
835 770 1204 839 circumcide,
1235 769 1377 826 ﬁlios
1434 770 1598 826 Israel
1630 770 1696 823 ".
1735 788 1754 821 ι
1811 767 1890 822 Ac
1946 782 2041 836 pos

2172 747 2398 839 ἀφεῖλον
2420 775 2423 778 ’
2447 764 2543 834 ἀφ’
2577 761 2732 832 ὑμῶν
2771 759 2864 822 τὸν
2907 752 3211 824 ὀνειδισμὸν
3241 748 3539 818 Αἰγύπτου.
3575 763 3592 797 ι
3627 747 3718 800 Καὶ

475 866 959 923 circumcisionem
1015 863 1154 920 dicit
1205 864 1272 918 ad
1325 877 1450 918 eum
1495 881 1510 918 :
1567 882 1584 912 ι
1616 861 1773 916 Nunc
1801 859 2037 914 abstuli.

2175 862 2314 933 πρὸς
2356 857 2611 930 Ἁϐραάμ
2666 855 2722 908 δὲ
2764 853 2981 920 λέγεται
3030 848 3161 919 περὶ
3199 843 3312 898 τῶν
3361 839 3720 933 ἐκγδνωνκὼς

480 961 635 1017 vobis
694 958 1061 1030 opprobrium
1123 955 1496 1028 A‘ZgyptiI'J
1560 954 1643 1009 Ad
1699 953 2042 1008 Abraliamur

2173 952 2538 1009 δουλώσουσιν
2563 948 2783 1010 αὐτοὺς,
2815 944 2911 998 ttat
2955 938 3306 996 κακώσουσιν
3335 932 3529 994 αὐτοὺς
3557 928 3596 982 υ¹
3623 930 3718 1001 ἐτη.

478 1022 821 1119 denique-de
850 1047 1175 1118 posteritate
1203 1022 1345 1115 'ejus
1382 1043 1588 1099 dicitur
1616 1043 1806 1106 etiam,
1839 1041 1986 1112 quod
2021 1039 2035 1094 i

2178 1047 2281 1110 Ὃς
2313 1047 2462 1099 ἐστιν
2506 1039 2741 1111 ἀριθμὸς
2786 1037 2830 1090 δ’
2880 1031 3280 1092 ἐκατοντάδων,
3403 1022 3723 1119 μ’δεοιόιδωνἸ

483 1126 800 1198 servitutem
822 1155 919 1197 eos
940 1141 1051 1196 sint
1077 1139 1250 1194 acturi
1278 1146 1332 1194 et
1351 1138 1599 1194 atllicturi
1623 1141 1781 1194 annis
1803 1141 2045 1210 quadrin-

2179 1138 2290 1192 Καὶ
2335 1130 2614 1204 πανταχοῦ
2673 1130 2774 1199 τῆς
2822 1124 3050 1197 Γραφῆς
3095 1117 3404 1196 κακωτικδς
3453 1114 3667 1187 ἀριθμὸς
3704 1115 3727 1168 ὁ

487 1232 759 1301 gentis",
803 1233 896 1301 qui
940 1245 1203 1286 numerus
1233 1241 1337 1297 est,
1395 1240 1631 1300 quatuor
1684 1239 2068 1296 centenorum,
2179 1227 2292 1282 τῶν
2323 1224 2397 1298 μ’.

487 1332 584 1382 aut
599 1323 960 1396 quadraginta
983 1323 1266 1381 decadum.
1293 1323 1517 1380 Necnon
1544 1322 1743 1392 ubique
1763 1322 2169 1393 Scripturarum
2203 1321 2332 1377 mali
2353 1319 2534 1376 omnis
2558 1331 2820 1374 numerus
2847 1314 3314 1388 quadragenarius
3345 1326 3450 1372 est.

557 1471 810 1542 Namque
841 1472 1045 1538 Moses,
1082 1475 1254 1544 Elias,
1295 1486 1351 1532 et
1393 1478 1659 1536 Servator
1722 1482 1840 1554 ipse
1871 1483 2030 1554 juxta
2082 1485 2232 1541 hunc
2267 1502 2560 1542 numerum
2600 1486 2950 1557 jejunarunt.
2996 1485 3189 1558 Magna
3232 1467 3459 1556 quoque
3498 1501 3730 1556 aquarum

497 1563 797 1618 inundatio
830 1563 1060 1618 totidem
1090 1565 1289 1622 diebus
1316 1565 1543 1622 duravit
1571 1577 1626 1624 et
1665 1573 1952 1629 noctibus.
1990 1575 2330 1629 Assumatur
2373 1590 2507 1630 vero
2541 1574 2634 1630 hic
2678 1589 2947 1630 numerus
2979 1589 3204 1644 quoque
3234 1573 3304 1628 ad
3341 1573 3614 1628 Christum
3655 1577 3731 1645 qui

489 1665 587 1721 pro
609 1649 774 1706 n0bi8
805 1650 975 1720 ﬂagra
1010 1655 1262 1728 pertulit,
1296 1657 1783 1732 quadragintaque
1821 1663 2014 1734 plagas
2060 1663 2295 1733 accepit.
2331 1661 2546 1718 Unicus
2584 1663 2732 1718 enim
2783 1664 2904 1734 ipse
2937 1679 3062 1718 cum
3091 1662 3367 1732 dignitate
3398 1663 3554 1718 nobis
3581 1665 3732 1717 omni-

485 1739 594 1805 ilttS
629 1760 730 1820 par.
751 1747 922 1810 esset,
957 1761 1061 1816 pro
1094 1747 1257 1802 nobis
1287 1748 1522 1804 verbera
1555 1759 1907 1821 mortemque
1936 1751 2064 1805 luit.
2117 1750 2289 1806 Porro
2317 1753 2363 1810 si
2396 1752 2885 1824 quadragenarius
2915 1767 3182 1807 numerus
3223 1751 3278 1804 in
3315 1750 3606 1821 quinquies
3631 1759 3734 1806 octo

489 1838 824 1898 resolvatur,
879 1836 1204 1904 quinarium
1257 1843 1313 1891 et
1363 1837 1720 1891 octonarium
1758 1847 2073 1914 temporum
2107 1838 2316 1896 indicio
2361 1843 2551 1898 utilem
2601 1841 2875 1897 invenies.
2920 1841 2979 1895 In
3025 1839 3298 1895 mundum
3338 1838 3485 1893 enim
3542 1838 3732 1894 advenit

487 1926 684 1996 quinto
720 1925 948 1979 saeculo.
986 1921 1124 1977 Nam
1151 1923 1314 1993 juxta
1343 1925 1666 1996 parabolam
1695 1925 1764 1993 ⁷⁷,
1810 1926 2085 1983 Dominus
2115 1943 2377 1998 egressus
2408 1928 2683 1984 conduxit
2719 1930 3012 2001 operarios
3047 1929 3104 1983 in
3137 1928 3364 1982 vineam
3398 1941 3549 1982 suam
3578 1928 3728 1981 circi-

480 2025 572 2069 ter
605 2014 802 2069 horam
845 2013 1106 2083 primam,
1143 2013 1392 2080 tertiam,
1419 2021 1639 2084 sextam
1695 2024 1751 2069 ct
1789 2013 2168 2072 undecimam.
2214 2016 2605 2082 Besuscitatus
2654 2026 2740 2072 est
2785 2031 2918 2071 vero
2965 2016 3058 2070 die
3099 2024 3335 2080 octava,
3366 2023 3589 2076 mortem
3633 2029 3730 2070 eum

479 2111 720 2174 peccato
753 2113 1048 2176 postquam
1085 2100 1459 2171 dissolvisset,
1509 2119 1623 2176 quo
1665 2105 1891 2160 sublato
1921 2106 2151 2161 verbera
2185 2121 2412 2177 quoque
2465 2115 2712 2171 cessant,
2759 2121 2884 2176 qua:
2913 2106 3060 2174 ultra
3095 2104 3394 2160 adventum
3439 2102 3632 2174 Christi
3659 2103 3732 2172 qui

483 2190 874 2256 remissionem
908 2188 1123 2255 attulit,
1168 2205 1281 2245 non
1315 2199 1646 2247 excurrunt.
1676 2191 2016 2248 Dissolvitur
2051 2207 2184 2248 vero
2217 2194 2418 2249 iterum
2469 2206 2636 2267 pmna
2687 2208 2754 2248 eo
2799 2192 2948 2265 quod
2981 2193 3102 2262 ipse
3152 2189 3212 2246 in
3251 2201 3442 2266 typum
3485 2190 3640 2262 ducat
3665 2204 3730 2244 res

483 2277 704 2333 iuturas
732 2275 1162 2348 quadragesimo
1199 2291 1348 2332 anno
1374 2293 1568 2333 eorum
1613 2279 1707 2350 qui
1747 2279 1803 2334 in
1851 2279 2078 2334 deserto
2111 2281 2468 2346 oberrarunt,
2505 2289 2560 2338 et
2602 2283 2948 2344 transierunt
2991 2294 3090 2350 per
3114 2277 3422 2338 Iordanem
3457 2276 3512 2336 in
3563 2285 3752 2336 terram.

479 2374 754 2423 sanctam.
781 2363 949 2420 Josue
975 2363 1114 2419 duce
1145 2372 1271 2435 post
1308 2366 1656 2435 spiritualem
1698 2367 2185 2424 circumcisionem
2221 2369 2549 2424 traducente
2576 2383 2696 2426 eos.

554 2480 754 2538 Frater
781 2483 962 2537 mariti
989 2483 1105 2553 ejus
1134 2482 1458 2552 ingredietur
1483 2482 1552 2537 ad
1595 2500 1732 2539 eam.
1766 2482 1958 2556 [XXV,
1995 2483 2075 2557 5.]
2108 2469 2116 2527 Ῑ

2259 2485 2326 2542 '0
2363 2486 2632 2556 ἀδελφὸς
2678 2485 2786 2541 τοῦ
2836 2483 3061 2551 ἀνδρὸς
3127 2483 3319 2550 αὐτῆς
3361 2482 3733 2540 εἰσελεύσεται

483 2574 734 2632 Nondum
747 2576 890 2632 enim
908 2574 1257 2629 manifestata
1276 2575 1696 2642 resurrectione,
1714 2577 1830 2647 ipsa
1844 2577 2045 2647 posteri

2180 2577 2330 2647 πρὸς
2359 2577 2575 2645 αὑτήν.
2613 2577 2799 2650 Μήπω
2828 2575 3243 2647 φανερωθείσης
3267 2575 3369 2648 τῆς
3400 2575 3727 2638 ἀναστάσεως,

479 2677 593 2735 tas,
633 2682 697 2724 ac
751 2665 1021 2722 memoria
1074 2680 1174 2736 per
1225 2666 1398 2738 ipsam
1455 2665 1674 2740 generis
1720 2673 2041 2722 conservata

2177 2670 2210 2740 ἡ
2259 2669 2367 2723 τῶν
2411 2669 2624 2729 παίδων
2666 2669 2910 2739 διαδοχὴ,
2945 2667 3042 2722 καὶ
3086 2667 3177 2722 διὰ
3217 2665 3426 2737 ταύτης
3473 2667 3507 2736 ἡ
3549 2665 3726 2736 μνήμη,

483 2759 686 2817 solatio
711 2757 995 2814 veteribus
1031 2754 1157 2811 fuit.
1208 2754 1432 2811 Interim
1477 2770 1614 2812 vero
1648 2756 2045 2812 resurreCtioni

2178 2761 2506 2832 παραμυθία
2535 2762 2649 2824 τοῖς
2678 2760 2810 2832 πρὶν
2859 2757 3174 2831 ἀνθρώποις
3218 2759 3536 2828 ἐτύγχανεν,
3565 2757 3666 2824 ἅμα
3687 2753 3727 2808 δι

481 2868 704 2923 quoque
727 2850 956 2924 ﬁguram
990 2847 1252 2904 obtinuit.
1283 2847 1398 2913 Qua
1433 2846 1680 2916 neglecta
1718 2846 1917 2902 Eunan
1951 2862 2043 2928 cut

2179 2855 2274 2908 καὶ
2321 2853 2490 2907 τύπον
2527 2854 2714 2923 ἐπεῖχε
2757 2851 2858 2922 τῆς
2897 2851 3274 2914 ἀναστάσεως.
3323 2852 3421 2906 Ὃν
3447 2851 3476 2903 ὁ
3512 2847 3728 2920 παραϐὰς

473 2945 662 3008 noluit
704 2957 828 2997 cum
888 2941 1133 2997 Thamar
1190 2939 1604 3006 concumbere,
1659 2939 1841 3010 ipsius
1891 2955 2035 2996 seme

2179 2945 2358 3002 Εύνάν
2387 2944 2522 3017 (99),
2571 2945 2668 2999 xei.
2689 2947 2758 3015 τῇ
2789 2944 2992 3016 Θάμαρ
3037 2943 3433 3011 συγκαθεύδειν
3463 2943 3535 3014 μὴ
3566 2941 3728 3013 βουλη-

475 3036 606 3092 loco
634 3032 860 3088 insolito
889 3029 1127 3087 eII‘usum
1163 3039 1248 3086 est
1291 3032 1488 3086 merito
1513 3031 1592 3087 ⁷⁸.
1624 3031 1754 3086 Eam
1798 3045 1929 3086 vero
1951 3045 2037 3085 cut

2180 3037 2314 3103 θεὶς,
2359 3039 2586 3101 εἰκότως
2637 3037 2960 3106 ἀπόλλυται,
2995 3037 3056 3092 τὸ
3100 3037 3328 3109 σπέρμα
3353 3038 3482 3108 χέας
3517 3035 3634 3090 ἔνθα
3668 3031 3726 3105 μή

480 3125 839 3180 observasset
879 3122 1023 3177 Booz
1053 3130 1108 3177 et
1141 3123 1402 3180 duxisset
1449 3122 1618 3188 Ruth,
1651 3123 1891 3196 prodigii
1919 3122 2042 3194 quid

2179 3127 2345 3199 νόμος
2375 3145 2388 3158 ·
2422 3129 2450 3180 ὁ
2503 3128 2560 3181 δὲ
2597 3127 2732 3192 Bob;
2763 3131 3033 3200 τηρήσας,
3077 3129 3176 3182 καὶ
3217 3129 3318 3200 τὴν
3366 3129 3520 3182 Ῥούθ
3555 3125 3725 3196 ἀγαγό-

484 3218 611 3272 dam
642 3217 826 3273 simile
857 3216 1093 3286 adeptus
1124 3223 1232 3284 est,
1265 3225 1328 3271 ut
1383 3231 1622 3286 proavus
1649 3226 1796 3273 esset
1849 3215 2046 3271 Christi

2184 3236 2370 3291 μενος,
2408 3219 2574 3291 τέρας
2627 3219 2817 3290 εἴληφε
2861 3221 2923 3273 τὸ
2991 3221 3264 3291 πρόγονος
3315 3218 3455 3275 εἶναι
3503 3217 3723 3292 Χριστοῦ,

487 3318 616 3365 nato
637 3325 705 3367 ex
736 3310 857 3380 ipso
890 3307 1047 3365 Jesse
1079 3318 1235 3379 patre
1282 3309 1529 3376 Davidis,
1563 3307 1802 3364 futuram
1836 3309 2048 3380 promis

2181 3310 2454 3380 γεννήσας
2490 3310 2691 3362 Ἰεσσαὶ
2717 3309 2812 3364 τοῦ
2837 3310 3005 3364 Δαὸὶδ
3040 3311 3132 3364 τὸν
3155 3312 3393 3384 πατέρα,
3417 3311 3513 3384 τὴν
3540 3309 3726 3380 μέλλου-

480 3404 700 3460 sionem
731 3401 1146 3458 resurrectione
1185 3402 1406 3456 mortali
1437 3402 1708 3456 imitatus.
1736 3399 1873 3455 Nam
1915 3415 2042 3470 opor

2182 3417 2282 3453 σαν
2344 3400 2683 3470 ἐπαγγελίαν
2751 3401 3054 3456 ἀναστάσει
3119 3401 3295 3477 θνητῇ
3365 3401 3721 3474 μιμησάμενος.

484 3497 634 3553 tehat
683 3510 808 3552 eum
866 3495 960 3566 qui
1009 3494 1177 3550 nobis
1231 3495 1694 3551 resurrectionem
1753 3493 2046 3549 donaverat

2184 3492 2333 3546 Ἔδει
2353 3490 2474 3564 ’γὰρ
2500 3493 2591 3547 τὸν
2634 3493 3022 3565 δωρησάμενον
3053 3495 3186 3566 ἡμῖν
3214 3495 3318 3566 τὴν
3363 3494 3640 3556 ἀνάστασιν
3659 3489 3727 3543 διὰ

483 3605 660 3661 genus
699 3589 976 3644 deducere
1003 3572 1098 3656 per
1135 3601 1230 3642 eos
1260 3587 1355 3658 qui
1403 3595 1590 3656 typum
1621 3585 1744 3656 ejus
1769 3585 2045 3640 secundum

2177 3585 2290 3640 τῶν
2339 3584 2696 3655 φυλαξάντων
2744 3585 2915 3656 αὐτῆς
2943 3585 3035 3639 τὸν
3066 3585 3242 3641 τύπον
3283 3586 3424 3640 κατὰ
3449 3585 3616 3656 σάρκα
3649 3597 3727 3635 κα·

485 3697 707 3737 carnem
747 3687 1234 3741 conservaverant,
1283 3693 1524 3748 eumque
1571 3676 1625 3731 in
1671 3691 1780 3747 quo
1819 3679 2045 3731 cessave

2177 3678 2468 3748 τάγεσθαι,
2523 3682 2622 3732 καὶ
2651 3677 2940 3732 παύσαντα
2977 3680 3108 3743 τοὺς
3142 3677 3377 3748 τύπους,
3421 3679 3583 3750 αὐτὴν
3619 3677 3726 3748 ἡμῖν

484 3782 617 3829 runt
667 3787 864 3828 eomes
903 3771 1056 3843 typi,
1104 3771 1280 3841 ipsam
1355 3770 1647 3826 veritatem
1715 3768 1876 3824 nobis
1920 3767 2046 3823 exhi

1391 3770 1647 3826 eritatem
1715 3768 1876 3824 nobis
1920 3767 2078 3823 exhi-
2101 3821 2146 3880 ϐ
2180 3772 2516 3843 χαρίσασθαι
2543 3770 2641 3842 τὴν
2671 3770 2953 3842 ἀλήθειαν.

484 3868 638 3922 bere.

556 3955 693 4010 Eum
724 3971 856 4011 vero
886 3955 983 4027 qui
1015 3953 1268 4009 fratriam
1303 3953 1508 4008 ducere
1527 3961 1813 4007 recusaret
1845 3950 1911 4006 ad
1937 3964 2072 4021 por-

2245 3948 2355 4006 Τὺν
2385 3948 2458 4022 μὴ
2492 3947 2839 4020 βουλόμενον,
2867 3948 3034 4020 ἐχρῆν
3062 3947 3144 4014 είς
3168 3948 3273 4020 τὴν
3302 3947 3478 4020 πύλην
3503 3943 3722 4024 ἀχθέντα,

483 4053 596 4100 tam
639 4045 860 4110 adduci,
887 4045 956 4100 ab
984 4058 1159 4099 uxore
1187 4042 1440 4113 conspui,
1479 4048 1533 4098 et
1558 4041 1732 4097 altero
1761 4041 2045 4096 calceorum

2179 4041 2331 4112 παρὰ
2359 4041 2461 4112 τῆς
2499 4039 2763 4111 γύναικὸς
2812 4039 3221 4112 ἐμπτυσθέντα,
3253 4040 3366 4096 τῶν
3403 4037 3723 4111 ὑποδημάτων

483 4137 610 4191 exui
651 4137 956 4206 oportebat.
1001 4135 1342 4207 Argumento
1383 4133 1637 4190 videlicet
1676 4132 1822 4203 quod
1871 4141 1986 4187 tum
2018 4133 2045 4185 ἱ]

2180 4133 2408 4205 Θάτερον
2455 4131 2826 4186 ύπολύεσθαι⁹
2873 4131 2947 4197 ὡς
2997 4131 3335 4202 χωλαίνοντα
3367 4132 3568 4204 περίτε
3592 4127 3722 4197 νόμον

485 4229 628 4300 lege,
663 4235 778 4283 tum
827 4229 882 4283 in
911 4229 1115 4300 pietate
1159 4226 1406 4282 fraterna
1435 4226 1740 4290 vacillaret,
1791 4223 2041 4296 ipsiusqu

2179 4226 2271 4279 καὶ
2305 4223 2540 4298 στοργὴν
2569 4223 2821 4294 ἀδελφοῦ,
2849 4225 2945 4280 καὶ
2965 4224 3066 4296 τὴν
3088 4224 3303 4280 ἐκείνου
3319 4221 3576 4296 νέκρωσιν
3593 4217 3721 4274 ἐκσε-

483 4329 715 4377 mortem
747 4319 1047 4392 abjecisset
1077 4319 1287 4374 animo.

2179 4317 2386 4390 δηκότα
2415 4317 2517 4389 τῆς
2547 4316 2811 4381 διανοίας.
3134 4307 3155 4326 ⁶

551 4413 848 4479 Caeterum,
881 4429 901 4464 ι
930 4411 988 4467 In
1017 4423 1196 4484 porta,
1224 4429 1243 4463 ι
1287 4411 1491 4482 inquit.
1521 4409 1641 4464 Illic
1685 4409 1829 4466 enim
1860 4414 2076 4464 veteres

2261 4412 2352 4464 Ἐν
2389 4413 2455 4482 τῇ
2484 4410 2628 4481 πύλῃ
2656 4409 2823 4481 φησίν
2843 4425 2858 4442 ο
2891 4407 3128 4463 ἐνταῦθα
3152 4408 3265 4480 γάρ
3315 4409 3367 4466 οἱ
3397 4405 3604 4472 παλαιοὶ
3642 4400 3721 4464 τὰς

482 4513 659 4559 cretus
697 4502 998 4574 agitabant.
1028 4501 1146 4568 Illic
1172 4503 1496 4573 peregrinos
1520 4509 1784 4571 tanquam
1811 4498 2044 4570 quodam

2176 4501 2464 4572 διατριϐὰς
2493 4500 2798 4564 ἐποιοῦντο,
2829 4499 2924 4552 καὶ
2947 4499 3133 4566 ξένους
3167 4499 3300 4566 ἴσως
3330 4499 3464 4572 πρὸς
3492 4491 3718 4564 ὑποδοχὴν

481 4595 648 4650 modo
687 4595 876 4650 venari
921 4595 1174 4651 volentes
1217 4609 1336 4659 eos,
1373 4594 1746 4664 excipiebant.
1801 4591 2043 4658 Quemad

2178 4592 2451 4665 θηρᾶσθαι
2499 4591 2838 4664 βουλόμενοι,
2891 4589 3144 4662 καθάπερ
3186 4592 3216 4644 ὁ
3257 4591 3402 4658 Λὼτ,
3441 4590 3498 4655 ὃς
3524 4589 3608 4642 καὶ
3637 4599 3719 4636 πα-

481 4688 706 4742 modum
734 4686 790 4740 in
837 4687 1094 4758 exemplo
1118 4685 1241 4752 Lot,
1273 4687 1366 4756 qui
1399 4687 1565 4740 etiam
1605 4684 1922 4755 angelorum
1978 4683 2042 4736 ad

2179 4683 2403 4753 ρουσίας
2443 4681 2694 4752 ἀγγέλων
2731 4680 2981 4752 ἠξίωται.
3041 4681 3322 4751 Ἥρμοττε
3354 4668 3533 4735 δὲἰιαὶ
3575 4674 3718 4734 ἄλλως

480 4789 646 4832 ventu
695 4777 900 4849 dignus
943 4785 1030 4833 est
1075 4778 1320 4846 habitus,
1365 4777 1424 4832 (lt
1473 4776 1852 4832 manifestum.
1892 4775 1971 4829 Ac
2018 4773 2034 4828 i

2174 4775 2254 4848 τῷ
2316 4775 2534 4848 Ἰσραὴλ
2603 4774 2693 4828 διὰ
2748 4773 2920 4828 σκιῶν
2973 4772 3318 4844 εἰσαγομένῳ
3372 4771 3507 4842 πρὸς
3563 4761 3717 4822 θεοσέ-

481 4870 679 4943 primis
703 4885 834 4924 vero
876 4871 982 4925 iste
1010 4871 1207 4926 modus
1246 4869 1536 4933 lsraelitis,
1582 4869 1674 4939 qui
1713 4883 1811 4938 per
1849 4867 2039 4921 umbra

2177 4869 2350 4933 σειαν,
2387 4868 2444 4921 ἐν
2494 4865 2713 4932 πύλαις,
2743 4863 2864 4920 ἀλλ’
2913 4864 3014 4918 οὐκ
3060 4863 3118 4916 ἐν
3166 4863 3318 4935 μέσῳ
3342 4858 3599 4930 καθῆσθαι
3638 4855 3715 4922 τῆς

481 4964 548 5016 ait
606 4963 815 5016 cultum
847 4961 1096 5016 diVinum
1129 4961 1296 5033 456
1337 4961 1756 5016 deducebantur
1792 4965 2042 5030 compete

847 4961 1096 5016 diVinum
1129 4961 1296 5033 456
1337 4961 1756 5016 deducebantur
1792 4965 2074 5030 compete-
2175 4959 2404 5024 πόλεως.

481 5057 595 5110 bat.
636 5061 696 5106 ut
731 5053 786 5107 in
823 5063 980 5122 porta
1013 5053 1198 5125 potius
1243 5067 1410 5124 quam
1449 5051 1502 5105 in
1533 5049 1718 5106 medio
1747 5047 1902 5102 urbis
1926 5046 2073 5102 desi-

479 5144 695 5202 derent.
2101 5158 2148 5216 D

447 5268 456 5292 ι
555 5233 624 5288 lit
658 5245 881 5291 extensa
911 5251 1075 5290 manu
1104 5251 1205 5288 sua
1234 5233 1640 5304 apprchenderit
1672 5229 1898 5286 verenda
1930 5227 2009 5298 eju

2244 5225 2354 5282 Καὶ
2399 5225 2723 5279 ἐκτείνασα
2774 5224 2894 5292 τὴν
2943 5221 3114 5292 χεῖρα
3169 5217 3360 5288 αὐτῆς
3399 5209 3707 5304 (inuncata:

439 5324 654 5414 ‘Digtia
703 5325 910 5381 etenim
963 5333 1048 5382 est
1097 5290 1374 5396 supplicio
1422 5335 1535 5378 tum
1591 5331 1813 5392 propter
1843 5319 2001 5374 etedet

2173 5317 2292 5371 τῶν
2329 5317 2600 5389 ,διδύμων
2633 5290 2848 5369 αὐτοῦξ
2885 5290 3044 5380 Ἀῖξία
3081 5311 3192 5384 γάρ
3239 5310 3509 5370 κολάσεως
3545 5297 3623 5356 διὰ
3659 5290 3706 5346 τὺ

484 5423 596 5468 ιυιιι
622 5423 849 5486 propter
882 5415 1308 5484 impudentiam.

2175 5409 2396 5480 φονικόν
2429 5425 2488 5462 τε
2527 5407 2624 5460 καὶ
2653 5405 2888 5469 ἀναιδές.

549 5571 598 5605 ’⁵
623 5569 792 5640 Iosue
837 5585 890 5637 ν,
917 5570 975 5625 2.
1073 5570 1122 5604 ’⁵
1169 5569 1303 5627 ibid.
1340 5571 1412 5640 .9.
1486 5569 1531 5601 "
1562 5567 1701 5623 Gen.
1735 5581 1824 5633 xv,
1865 5565 1951 5621 I3.
2028 5563 2072 5596 "
2103 5563 2111 5618 J

1761 5581 1824 5633 :v,
1865 5565 1951 5621 I3.
2028 5563 2072 5596 "
2103 5563 2295 5618 Matth.
2334 5579 2427 5629 xx,
2462 5563 2514 5616 Ι.
2591 5559 2635 5595 ’⁸
2665 5558 2802 5618 Gen.
2845 5573 3075 5625 xxxvnt,
3108 5559 3135 5616 I
3169 5570 3323 5626 seqq.

549 5759 669 5832 (99)
688 5759 887 5816 Δῦνάν.
933 5761 1023 5816 ἐν
1053 5760 1132 5832 τῷ
1158 5760 1228 5816 33
1258 5776 1384 5830 κεφ.
1414 5759 1512 5830 τῆς
1541 5758 1663 5811 ἢν.
2036 5683 2272 5740 Numa.
