3956 6396
197 481 204 485 .
303 407 409 470 941
1203 413 1741 479 COMMENTARII
1780 412 1862 473 IN
1899 411 2600 476 DEUTERONOMIUM.
3455 420 3563 482 3r}

382 532 579 604 Arguit
617 549 750 591 vero
783 536 887 592 hoc
923 535 1068 606 quod
1128 535 1353 591 etiamsi
1387 543 1603 590 mentes
1653 533 1800 586 inter
1828 545 1889 584 se
1939 529 2423 585 committerentur
2474 543 2660 585 utrum
2697 531 2836 586 bona
2877 533 3042 601 hujus
3081 534 3270 588 mundi
3307 550 3372 587 an
3401 539 3566 590 crete-

299 619 421 674 stia
452 621 638 690 potius
663 633 856 678 essent
903 621 1180 693 eligenda,
1229 623 1415 676 valere
1464 620 1628 690 jusso
1669 615 1986 673 cmlestium
2021 617 2294 673 bonorum
2339 619 2675 690 principatu,
2711 630 2947 676 mentem
2979 622 3033 675 i-n
3061 626 3477 692 generationem
3511 633 3566 678 et

310 704 599 762 interitum
632 708 940 779 iniecisset,
975 711 1080 763 hoc
1105 709 1252 763 enim
1281 708 1544 779 genitalia
1586 707 1849 760 innuunt.

385 794 658 854 Stateram
689 813 938 868 magnam
989 805 1082 851 aut
1116 813 1358 865 parvam.
1412 794 1552 868 [14.]
1595 793 1791 848 Medos
1828 787 2076 846 declarat
2110 789 2303 854 nobis,
2332 789 2536 860 quibus
2562 789 2798 858 iustitia:
2830 804 3022 846 exacui
3089 792 3277 860 regula
3326 791 3565 847 obtineri

309 883 512 951 possit,
563 884 609 941 si
644 885 865 939 animus
897 883 1272 955 aequilibrium
1321 897 1547 938 servare
1586 877 1914 936 decreverit.
1949 875 2155 932 Verum
2185 877 2471 932 enimvero
2498 879 2897 934 excellentiora
2945 880 3128 933 adhuc
3159 895 3255 949 per
3279 879 3568 936 Christum

215 1032 218 1035 _
309 969 515 1023 tradita
573 979 726 1024 sunt.
762 971 906 1026 Justi
938 973 1084 1027 enim
1133 971 1260 1025 linis
1299 970 1509 1026 bonum
1559 977 1663 1024 est.
1708 965 1983 1031 Quocirca
2031 962 2156 1014 ait:
2204 977 2224 1011 ι
2253 959 2370 1015 Nisi
2425 961 2795 1017 abundaverit
2838 962 3058 1031 justitia
3105 973 3288 1018 vestra
3331 964 3572 1036 amplius

306 1071 474 1126 quam
509 1055 834 1118 Scribarum
868 1067 920 1113 ct
946 1057 1388 1124 Pliariszeorum,
1423 1071 1533 1110 non
1567 1051 1957 1127 ingrediemini
1983 1051 2039 1105 in
2074 1063 2304 1118 regnum
2337 1049 2610 1104 caelorum
2645 1052 2714 1106 τ’.
2766 1069 2785 1102 ι

393 1153 769 1222 Ἕξαλείψεις
799 1154 866 1208 τὸ
896 1155 1085 1225 ὄνομα
1127 1153 1416 1224 ’Δμαὶήκ.
1462 1151 1634 1205 Τοῦτο
1665 1151 1886 1220 ποιῆσαι
1920 1154 1955 1212 Α

2064 1143 2276 1198 Delebis
2316 1143 2560 1212 funditus
2601 1160 2790 1200 nomen
2819 1145 3058 1200 Amalec.
3090 1144 3230 1218 ['19.]
3267 1143 3383 1202 Hoc
3417 1144 3570 1203 Sauli

304 1242 396 1296 διὰ
442 1242 696 1312 Σαμουὴλ
727 1244 754 1294 ὁ
775 1241 949 1295 Σαοὺλ
979 1241 1398 1312 προσετέτακτο,
1433 1238 1528 1292 καὶ
1559 1237 1634 1308 μὴ
1666 1233 1866 1293 τελείως

2009 1249 2096 1304 per
2120 1233 2430 1289 Samuelem
2474 1232 2658 1290 facere
2683 1248 2768 1290 est
2813 1235 3166 1305 imperatum,
3221 1250 3408 1292 verum
3443 1251 3571 1292 cum

305 1335 564 1406 ποιήσας,
602 1336 700 1406 τῆς
732 1333 1008 1405 βασιλείας
1039 1333 1284 1402 ἐξέπεσε.

2012 1339 2108 1380 ton
2135 1325 2392 1380 omnibus
2424 1327 2666 1382 numeris
2696 1335 2841 1382 esset
2868 1334 3188 1392 exsecutus,
3219 1342 3390 1399 regno
3420 1329 3574 1384 exci—

1992 1416 2096 1472 dit.

381 1529 454 1586 Et
484 1531 743 1587 excitabis
769 1533 866 1587 tibi
899 1532 1004 1600 ipsi
1036 1531 1240 1600 lapides
1267 1534 1510 1600 magnos.
1547 1525 1784 1600 [XXVIL
1817 1522 1898 1596 2.]
1940 1523 2179 1595 Lapides
2217 1525 2438 1596 quidem
2476 1526 2710 1596 apostoli
2743 1533 2872 1581 sunt
2916 1526 2972 1580 in
3012 1526 3123 1580 alto
3165 1526 3446 1590 collocati,
3474 1528 3571 1598 qui

314 1632 442 1674 cum
474 1618 782 1676 virtutibus
811 1626 865 1678 et
897 1619 1256 1689 Opinionibus
1305 1622 1496 1671 essent
1531 1614 1848 1684 conspicui,
1884 1629 2056 1683 supra
2087 1629 2191 1670 nos
2227 1622 2357 1669 sunt
2389 1615 2711 1670 constituti.
2754 1615 2836 1669 Ad
2867 1628 3008 1685 quos
3040 1614 3298 1668 Christus
3345 1615 3524 1686 inquit
3558 1633 3573 1669 :

322 1724 343 1756 ‹
371 1705 483 1762 Vos
518 1706 684 1762 amici
738 1707 844 1762 mei
877 1709 1013 1764 estis
1035 1707 1104 1759 ⁸ο.
1140 1724 1158 1757 ι
1203 1705 1354 1771 Quos
1393 1704 1525 1758 item
1584 1703 1768 1757 lumen
1821 1708 1878 1756 et
1909 1703 2082 1756 salem
2131 1701 2322 1756 mundi
2381 1702 2762 1772 nuncupat".
2805 1702 3057 1772 Denique
3119 1704 3285 1757 etiam
3323 1704 3574 1759 medicos

311 1783 648 1862 ddsignavit,
679 1793 874 1850 dicens
910 1811 925 1850 :
958 1811 976 1845 ι
1005 1793 1260 1847 Intirmos
1307 1799 1523 1855 curate,
1571 1787 1842 1844 daemonia
1883 1787 2089 1857 ejicite,
2151 1788 2405 1858 leprosos
2445 1791 2730 1851 mundate.
2785 1799 3036 1844 mortuos
3083 1791 3346 1856 excitate,
3404 1791 3577 1861 gratis

311 1881 631 1950 accepistis,
685 1881 861 1950 gratis
915 1880 1129 1933 reddite
1153 1878 1221 1929 “.
1249 1896 1267 1928 ι
1303 1875 1381 1932 De
1423 1876 1627 1945 quibus
1677 1874 1954 1943 proditum
1988 1883 2076 1929 est
2114 1891 2128 1927 :
2170 1892 2188 1925 ι
2221 1874 2454 1945 Lapides
2486 1877 2662 1930 sancti
2689 1875 2986 1931 volvuntur
3007 1893 3172 1947 super
3213 1885 3414 1932 terram
3447 1877 3514 1933 ⁸³.
3552 1896 3572 1928 ι

312 1963 696 2036 Undequaque
730 1967 877 2021 enini
909 1967 1239 2020 oberrantes
1274 1965 1560 2019 veritatem
1586 1961 2033 2032 promulgarunt.
2057 1961 2208 2036 Quos
2240 1963 2448 2033 lapides
2479 1964 2513 2017 ii
2540 1964 2776 2034 erigunt,
2806 1964 2898 2034 qui
2930 1980 3026 2034 per
3047 1963 3352 2019 Iordanem
3393 1975 3575 2020 trans-

312 2056 522 2119 ierunt,
557 2055 660 2110 hoc
696 2064 803 2117 est,
865 2055 960 2124 qui
997 2069 1173 2108 sacrm
1204 2053 1493 2107 tinctionis
1522 2052 1702 2122 gratia
1734 2059 1864 2105 sunt
1894 2050 2238 2119 locupletati,
2277 2051 2440 2106 iidem
2487 2051 2593 2106 sibi
2620 2051 2757 2120 ipsis
2790 2051 3111 2121 magistros,
3142 2051 3234 2121 qui
3270 2052 3580 2122 pretiosum

313 2142 670 2213 divulgarent
717 2140 958 2210 lapidem
1014 2141 1401 2211 margaritam,
1449 2137 1841 2208 praefecerunt.
1877 2138 1982 2206 Qui
2029 2153 2166 2194 sane
2207 2139 2436 2208 pulvere
2488 2139 2700 2208 aspersi
2753 2137 3078 2208 Scriptura»,
3125 2140 3298 2208 legem
3348 2140 3554 2196 habent

314 2229 586 2284 Dilucidae
613 2229 758 2284 enim
793 2229 931 2298 legis
965 2227 1462 2297 contemplationes
1512 2225 1657 2295 apud
1689 2227 1989 2294 apostolos,
2041 2228 2304 2298 nullaque
2337 2229 2548 2282 litterae
2582 2228 2776 2282 umbra
2809 2227 3063 2284 obducta:
3090 2231 3390 2284 exsistunt.
3429 2230 3577 2296 Qua-

211 2325 234 2344 ·
316 2327 550 2388 propter
600 2316 744 2371 haud
777 2317 1012 2371 obscure
1042 2315 1173 2368 illud
1197 2330 1415 2384 quoque
1445 2313 1596 2368 addit
1626 2331 1639 2367 :
1672 2332 1690 2364 ι
1719 2311 1864 2379 Quin
1895 2314 2060 2367 etiam
2098 2315 2269 2370 altare
2305 2331 2372 2371 ex
2412 2315 2685 2386 lapidibus
2715 2331 2826 2370 non
2855 2315 3025 2370 sectis
3067 2317 3316 2371 exsistat.
3359 2336 3377 2369 ι
3411 2315 3579 2387 Lapis

313 2406 466 2462 enim
493 2405 774 2475 angularis
803 2403 1060 2458 Christus
1091 2409 1177 2456 est
1201 2403 1266 2467 ⁸⁵,
1304 2401 1398 2471 qui
1429 2401 1483 2454 in
1518 2398 1877 2454 fundamenta
1923 2399 2056 2455 Sion
2105 2404 2322 2472 positus
2349 2411 2458 2468 est,
2489 2418 2654 2472 super
2685 2403 2807 2473 ipso
2864 2403 3069 2458 etenim
3114 2404 3289 2458 innixi
3326 2419 3426 2460 ceu
3468 2407 3576 2458 vivi

313 2491 534 2562 lapides
563 2491 900 2546 exstruimur
935 2489 1137 2544 domus
1182 2487 1516 2558 spiritualis,
1551 2487 1606 2540 in
1652 2486 1916 2556 templum
1944 2498 2221 2545 sanctum.
2273 2489 2577 2544 Reddimur
2612 2498 2795 2544 autem
2829 2491 3005 2545 altare
3035 2506 3130 2560 per
3161 2492 3428 2546 unitatem
3461 2492 3576 2562 spi-

312 2580 600 2645 ritualem,
653 2580 701 2634 si
749 2576 913 2633 {idem
959 2577 1016 2631 in
1053 2577 1282 2632 Christo
1327 2576 1595 2630 virtutum
1645 2573 1772 2628 cibo
1804 2573 2157 2632 instruimus.
2206 2577 2289 2632 Ae
2339 2576 2569 2632 Paulum
2597 2578 2779 2648 juxta,
2815 2579 3065 2634 sistimus
3092 2593 3330 2648 corpora
3388 2591 3579 2634 nostra

312 2665 558 2722 hostiam
587 2666 793 2731 vivam,
824 2671 1106 2738 acceptam
1134 2662 1266 2727 Deo,
1296 2662 1627 2716 rationalem
1667 2661 1879 2715 cultum
1913 2673 2187 2730 nostrum,
2245 2666 2449 2736 integri
2498 2674 2552 2720 et
2592 2666 2929 2720 immaculati
2963 2684 2977 2730 ;
3030 2682 3138 2721 non
3170 2667 3333 2721 divisi
3365 2667 3417 2721 in
3453 2683 3580 2738 par-

314 2763 405 2811 tes
434 2753 650 2817 mundi,
681 2767 866 2822 neque
893 2751 1127 2806 vulnera
1157 2757 1513 2820 peccatorum
1566 2755 1934 2815 ostentantes,
1987 2751 2453 2822 quemadmodum
2484 2752 2748 2807 Christus
2799 2768 3021 2824 quoque
3068 2770 3177 2809 non
3227 2755 3438 2809 divisus
3470 2764 3578 2818 est,

313 2841 605 2912 simplices
653 2854 720 2894 ac
773 2853 1024 2903 veraces,
1062 2838 1246 2908 qualis
1274 2835 1482 2892 Paulus
1534 2843 1641 2901 est,
1679 2851 1804 2890 eum
1831 2836 2050 2907 inquit:
2102 2858 2121 2890 ι
2156 2838 2290 2894 Mihi
2327 2840 2500 2904 enim,
2529 2840 2648 2895 sive
2676 2841 2879 2904 vivam,
2909 2842 3027 2896 sive
3056 2843 3284 2907 moriar,
3319 2842 3582 2898 Christus

313 2929 478 2986 lucro
503 2934 591 2984 est
616 2927 685 2981 ⁸⁸.
725 2944 744 2977 ι
781 2923 1064 2995 Tanquam
1098 2925 1264 2995 igitur
1304 2924 1638 2979 haberemus
1675 2924 1926 2978 laetamur
1955 2927 2001 2981 si
2036 2927 2222 2981 cibum
2254 2928 2603 2996 spiritualem
2644 2930 2697 2982 in
2732 2929 2914 2984 oculis
2948 2928 3164 2984 Domini
3214 2930 3578 3001 percipimus,

317 3016 788 3090 quemadmodum
827 3017 918 3070 hic
945 3017 1212 3087 scriptum
1246 3023 1353 3080 est,
1395 3023 1450 3071 et
1480 3031 1584 3070 nos
1616 3015 1672 3069 in
1708 3015 1980 3070 Ecclesiis
1998 3013 2256 3069 facimus.
2289 3013 2526 3085 Lapides
2567 3032 2700 3070 vero
2745 3031 2857 3071 non
2880 3017 2937 3070 in
2969 3026 3156 3071 monte
3193 3017 3348 3084 Ebal,
3387 3033 3580 3072 verum

315 3107 567 3166 Garizim
602 3107 913 3162 collocasse
953 3106 1266 3176 exemplum
1313 3104 1482 3159 habet
1515 3103 1934 3166 Samariticum,
1963 3116 2067 3156 nec
2102 3101 2247 3158 forte
2273 3101 2483 3172 absque
2518 3103 2750 3167 ratione,
2785 3119 2961 3174 eaque
2993 3103 3276 3171 videlicet,
3305 3104 3581 3174 siquidem

316 3195 398 3252 ibi
446 3209 669 3265 quoque
705 3192 1125 3248 benedictiones
1153 3191 1272 3246 fieri
1319 3191 1585 3260 praecepit
1625 3207 1639 3244 :
1679 3208 1697 3240 ι
1726 3187 1782 3244 In
1834 3187 1970 3244 Ebal
2007 3203 2137 3244 vero
2182 3189 2620 3247 maledictiones.
2655 3211 2674 3243 ι
2709 3191 2882 3263 Ecqui
2933 3192 3104 3264 igitur
3143 3199 3581 3248 consentaneum

313 3282 490 3340 fuerit
535 3281 591 3336 in
624 3281 733 3335 hoc
779 3280 956 3334 altare
986 3294 1111 3334 esse
1152 3277 1570 3332 constitutum?
1612 3274 1786 3331 Porro
1834 3276 1890 3330 in
1930 3277 2074 3330 libro
2113 3275 2369 3332 Judicum
2410 3278 2654 3334 Garizim
2702 3290 2946 3336 montem
3003 3281 3252 3334 nominat
3288 3279 3381 3349 qui
3435 3280 3581 3334 circa

317 3368 610 3440 Neapolim
640 3374 748 3432 est,
790 3381 953 3437 quem
997 3364 1283 3419 Samaritae
1332 3364 1542 3417 colunt.
1601 3361 1784 3432 Super
1818 3377 1928 3432 quo
1961 3377 2086 3417 cum
2129 3365 2480 3420 constitisset
2509 3365 2712 3421 Jothan
2762 3367 2914 3425 ﬁlius
2967 3367 3244 3424 Gedeonis
3299 3377 3584 3437 superstes

313 3465 651 3516 exsecratus
685 3465 772 3512 est
807 3470 908 3510 eos
935 3455 1030 3525 qui
1078 3468 1263 3524 regem
1299 3467 1466 3521 super
1510 3466 1572 3506 se
1600 3458 1928 3506 creaverant
1959 3451 2278 3506 Abimelech
2325 3452 2603 3511 Gedeonis
2648 3455 2818 3510 filium
2856 3472 2924 3511 ex
2973 3457 3200 3522 ancilla,
3243 3458 3337 3527 qui
3377 3455 3583 3513 fratres

317 3559 460 3602 suos
485 3541 933 3600 interemit.‘Nisi
965 3542 1092 3612 quis
1125 3547 1342 3596 asserat
1370 3538 1600 3593 Esdram
1635 3547 1730 3591 aut
1763 3537 2176 3608 Scripturarum
2213 3540 2588 3607 collectorem,
2635 3545 2753 3599 sive
2810 3544 2979 3598 alium
3017 3543 3336 3615 quempiam
3387 3543 3579 3611 fuisse,

319 3635 420 3704 qui
445 3646 586 3687 nova
617 3631 842 3689 nomina
871 3646 938 3684 ex
973 3645 1086 3684 sua:
1120 3626 1540 3697 gubernationis
1579 3625 1720 3680 locis
1749 3625 2008 3679 traducta
2043 3625 2183 3683 locis
2225 3628 2570 3698 imposuerit.
2612 3631 3091 3697 Quemadmodum
3124 3632 3387 3688 videlicet
3413 3631 3582 3690 Jeruo

319 3721 495 3779 Balem
527 3727 690 3775 vocat
717 3733 839 3790 qua
873 3716 1182 3786 antiquitus
1213 3713 1383 3768 Jebus
1409 3713 1736 3776 vocabatur,
1763 3711 2081 3768 Bethlehem
2119 3713 2247 3768 item
2285 3730 2407 3785 qua:
2434 3715 2695 3786 Ephrata.

395 3805 494 3861 Illi
543 3804 756 3860 stabunt
806 3802 875 3858 ad
937 3799 1346 3857 benedicendum
1399 3796 1593 3868 populo
1644 3799 1702 3850 lit
1759 3806 1935 3852 monte
1995 3797 2258 3855 Garizim.
2331 3802 2471 3876 [12.]
2539 3803 2628 3858 Eae
2685 3803 2865 3861 tribus
2915 3819 3037 3876 quae
3093 3806 3162 3862 ab
3225 3822 3453 3878 egressu
3513 3825 3582 3866 ex

322 3895 569 3966 Egypto
603 3894 868 3965 praeclare
914 3897 1206 3964 gesserunt
1249 3901 1394 3955 sese,
1431 3883 1808 3942 benedictioni
1840 3899 1870 3939 a
1911 3883 2026 3944 Deo
2053 3897 2184 3945 sunt
2217 3891 2490 3962 praefecti.
2539 3892 2677 3960 Quae
2729 3905 2914 3951 autem
2962 3895 3132 3966 lapsa:
3170 3903 3300 3953 sunt
3344 3898 3582 3956 maledi-

319 3983 519 4041 ctioni.

397 4068 720 4124 Maledicta:
768 4066 1066 4136 quicunque
1115 4063 1298 4132 fecerit
1349 4061 1595 4130 sculptile
1635 4068 1728 4114 aut
1755 4060 1918 4130 fusile
1947 4078 2077 4131 opus
2109 4066 2354 4121 manibus
2383 4068 2629 4138 artiﬁcis,
2664 4076 2712 4122 et
2753 4068 2892 4124 illud
2921 4068 3257 4124 collocauerit
3289 4073 3343 4124 in
3373 4071 3580 4127 abdito.

325 4156 472 4231 [l5.]
494 4155 632 4210 Cum
667 4155 722 4212 in
748 4151 1185 4224 praecedentibus
1211 4149 1383 4204 variis
1415 4150 1596 4205 modis
1624 4149 2054 4206 simulacrorum
2086 4154 2299 4208 cultum
2329 4154 2492 4227 457
2525 4156 2864 4224 abdicasset,
2893 4171 3027 4212 vero
3053 4166 3236 4212 autem
3267 4173 3377 4212 non
3417 4159 3586 4214 dissi-

325 4245 458 4300 mile
479 4252 598 4299 erat
629 4241 776 4311 quod
804 4239 1011 4308 aliquis
1043 4251 1218 4308 poena:
1258 4235 1557 4291 formidine
1581 4235 1724 4291 clam
1751 4251 1875 4292 esse
1909 4247 2209 4310 satageret,
2241 4243 2309 4298 ad
2339 4259 2468 4298 eum
2514 4245 2954 4302 exsecrationem
2985 4244 3150 4300 istam
3195 4247 3582 4303 accommoda-

322 4333 428 4388 vit.
461 4332 539 4386 Ac
573 4325 896 4400 bujusmodi
926 4325 1149 4396 quidem
1175 4323 1232 4379 bi
1281 4329 1436 4389 sunt,
1469 4321 1564 4394 qui
1599 4336 1724 4378 cum
1750 4323 1880 4380 vita:
1909 4323 2286 4399 integritatem
2334 4330 2622 4400 simulent,
2652 4342 2891 4389 mentem
2925 4331 3311 4389 aﬂectiouibus
3335 4335 3580 4390 obsitum

321 4421 548 4477 habent.

393 4519 808 4594 Εἴδωλα,’πᾶσα
837 4522 1195 4595 πεπλασμένη
1227 4520 1498 4590 θεολογῑα.
1539 4519 1680 4574 Ἀλλ’
1713 4521 1768 4575 αἱ
1798 4521 1897 4592 μὲν
1925 4529 1955 4592 Ῑ

2077 4525 2351 4583 [dolorum
2411 4544 2540 4585 vero
2592 4529 2818 4587 nomine
2863 4529 3138 4599 intelligas
3176 4528 3305 4584 licet
3356 4543 3579 4586 omnem

321 4623 508 4695 νοεραὶ
541 4619 917 4689 πιθανότητες,
964 4617 1060 4670 καὶ
1114 4615 1402 4685 ὀξυτέρους
1429 4613 1714 4684 ἀπατῆσαι
1742 4615 1883 4672 δυνώ

2016 4613 2337 4687 Lheologiam
2376 4619 2560 4672 ﬁctam
2591 4626 2758 4688 atque
2790 4618 3055 4674 fucatam.
3089 4618 3317 4674 Necnon
3375 4622 3578 4678 mentis

324 4731 508 4786 μεναι,
528 4711 774 4779 λέγοιντο
807 4708 874 4762 ἂν
902 4709 966 4760 ὲκ
987 4704 1191 4777 χρυσοῦ
1220 4706 1253 4776 ἢ
1280 4703 1525 4776 ἀργύρου
1552 4703 1886 4776 χωνεύματα.

2017 4705 2215 4762 tirenes
2255 4723 2354 4763 seu
2388 4711 2564 4765 mavis
2605 4710 3000 4780 persuasiones
3035 4726 3158 4780 qua:
3195 4712 3579 4783 sagacioribus

319 4804 390 4858 τὰ
419 4803 466 4856 δ’
500 4799 782 4862 ἀπιθάνως
814 4797 1000 4868 ἠλίθιοι
1027 4795 1296 4866 δόγματα,
1342 4794 1580 4862 γλυπτὰ.
1615 4795 1760 4868 Πλὴν
1803 4803 1881 4852 κα¹

2015 4797 2164 4852 atiam
2198 4797 2446 4854 fraudem
2484 4799 2666 4855 facere
2691 4809 2948 4871 possunt,
2981 4801 3174 4858 fusilia
3220 4803 3342 4859 auri
3383 4804 3466 4858 vel
3491 4820 3577 4857 ar.

314 4893 494 4951 ταῦτα
523 4891 661 4962 ἔργα
697 4888 895 4960 χειρῶν
915 4886 1163 4958 τεχνίτου
1186 4885 1464 4957 τροπικῶς
1486 4884 1728 4954 λέγεται,
1749 4885 1876 4939 τιθέ-

2016 4889 2144 4960 genti
2181 4891 2382 4960 aliquis
2421 4901 2590 4962 queat
2611 4892 2821 4960 dicere,
2845 4894 3105 4964 dogmata
3138 4910 3274 4951 vero
3298 4897 3481 4967 inepta
3514 4909 3578 4950 ac

322 5003 462 5056 μενα
493 4985 551 5036 ὲν
587 4980 914 5054 ἀποκρύφῳ,
947 4979 1021 5042 ὡς
1051 4981 1108 5032 ὲν
1154 4978 1443 5049 μυστηρίῳ
1475 4977 1884 5049 παραδιδόμενα.

2017 4981 2141 5035 lura
2180 4997 2274 5037 seu
2323 4997 2509 5052 saxea,
2561 4986 2863 5057 sculptilia.
2917 4987 3304 5043 Verumtamen
3339 5003 3404 5043 ea
3459 4989 3579 5059 ipsa

318 5095 539 5153 quoque
589 5090 757 5148 opera
807 5073 1068 5128 manibus
1133 5069 1365 5127 artiﬁcis
1428 5085 1527 5150 per
1561 5070 1794 5140 ﬁguram
1840 5070 1898 5126 in
1937 5072 2122 5129 abdito
2154 5077 2334 5147 posita
2366 5093 2492 5134 esse
2516 5078 2804 5145 dicuntur,
2830 5079 2875 5136 si
2899 5094 2963 5136 ea
3019 5081 3250 5152 mystice
3308 5082 3581 5152 quodam.

318 5171 482 5228 modo
514 5167 655 5222 tradi
691 5163 1090 5235 intelligamus.

391 5286 718 5340 Exsecratus
747 5285 840 5356 qui
867 5293 1034 5338 movet
1066 5283 1309 5336 limitem.
1350 5279 1489 5353 [ΓΜ
1517 5279 1713 5336 Omnis
1751 5282 1846 5352 qui
1879 5281 2126 5354 aliquem
2165 5299 2232 5338 ex
2273 5299 2402 5340 vero
2449 5283 2546 5340 Dei
2593 5285 2768 5349 cultu,
2817 5300 2880 5339 ac
2911 5283 3036 5338 vitae
3069 5284 3286 5339 ratione
3342 5292 3489 5340 recta
3524 5287 3580 5342 in

314 5376 539 5432 diversa
571 5372 856 5428 transfert.
893 5371 997 5438 Qui
1024 5372 1156 5427 item
1199 5371 1470 5426 virtutum
1494 5368 1718 5424 modum
1750 5369 1869 5426 sive
1901 5370 1969 5425 ad
2000 5371 2125 5443 plus
2163 5372 2282 5428 sive
2306 5373 2490 5428 minus
2520 5373 2758 5438 excedit,
2800 5386 2864 5426 ac
2903 5371 2971 5426 ad
3005 5371 3199 5425 vitium
3225 5372 3293 5425 ab
3315 5372 3581 5427 alterutra

316 5470 478 5536 parte
509 5460 834 5530 adjunctum
861 5458 1083 5515 defecit.

390 5549 721 5606 Exsecutus
743 5549 835 5620 qui
856 5565 1052 5604 meum
1076 5561 1264 5602 errare
1299 5553 1394 5601 aut
1423 5544 1712 5616 impingere
1760 5546 1916 5616 fecit.
1955 5545 2096 5620 [18.]
2128 5545 2354 5602 Seducit
2383 5561 2588 5604 caecum
2633 5547 2686 5602 in
2714 5546 2937 5615 itinere,
2969 5547 3148 5602 omnis
3181 5545 3274 5618 qui
3299 5545 3581 5602 ethnicum

393 5727 440 5758 τ’
474 5727 520 5779 Μ
545 5727 660 5795 -t_t_li.
693 5743 746 5789 v,
776 5725 869 5779 20.
973 5721 1214 5795 “doan.
1253 5736 1348 5790 xv,
1384 5719 1476 5778 14.
1523 5719 1618 5795 4⁸³
1649 5719 1851 5779 Matth.
1881 5735 1937 5788 ν,

2019 5721 2068 5779 ι.
2109 5723 2160 5757 ⁸³
2182 5721 2452 5789 Mallius,
2477 5721 2535 5780 8.
2611 5723 2658 5756 ⁸⁸
2689 5720 2927 5778 Zachar.
2982 5738 3059 5786 Il,
3097 5722 3204 5777 46.
3303 5720 3349 5752 ”
3381 5720 3581 5794 Epizel.

316 5813 382 5863 ι,
411 5795 505 5862 20,
573 5791 621 5824 ⁸⁵
665 5795 908 5863 Philipp.
946 5809 989 5862 I,
1023 5792 1116 5850 21.
