3956 6398
451 416 556 485 913
1742 403 2093 464 enocorn
2133 402 2377 463 cum
2436 384 2443 389 ’
3594 394 3680 462 9n
3732 473 3737 479 ,

452 539 542 583 aut
580 524 828 580 .ludmum
852 520 944 591 qui
980 520 1161 574 lumen
1199 516 1449 574 scientiae
1475 515 1717 571 nondum
1742 515 1970 576 habent,
2000 513 2056 567 in
2084 511 2334 567 haeresim
2372 525 2532 567 secus
2558 512 2703 566 viam
2756 511 3115 582 apostolicam
3166 512 3453 584 pertrahit.
3501 507 3614 566 Sive
3638 515 3683 567 ut

454 627 676 684 quoque
716 610 883 665 faciat
916 605 1156 660 ﬁdelium
1187 604 1505 673 cuicunque
1538 602 1631 672 qui
1667 601 2038 673 cognitionem
2072 599 2314 655 nondum
2357 599 2673 669 acquisivit.
2710 597 2883 654 l’orro
2933 615 3062 655 vero
3101 599 3388 663 advenam,
3425 601 3679 671 pupillum,

451 717 503 756 et
534 702 750 755 viduam
786 706 944 752 vocat
974 707 1071 749 eos
1121 694 1213 763 qui
1246 692 1515 755 nondum,
1556 688 1748 745 ﬁdeles
1783 690 1911 745 licet
1936 689 2073 753 sint,
2106 688 2370 742 accedere
2408 695 2591 741 tamen
2646 687 2859 749 volunt,
2901 696 2956 743 et
2996 687 3217 759 spiritui
3250 686 3469 757 quidem
3494 688 3684 745 Satanae

450 792 571 844 vale
600 787 820 858 quidem
858 783 1145 845 dixerunt,-
1168 780 1454 836 Christum
1479 794 1610 833 vero
1635 776 1869 831 necdum
1893 775 2209 830 induerunt.
2238 772 2566 844 Hujusmodi
2598 783 2784 829 autem
2816 775 3015 829 animae
3043 774 3220 830 viduae
3244 782 3395 841 sunt,
3418 789 3534 845 quae
3553 791 3684 831 aver-

453 884 588 931 satae
615 873 835 944 quidem
872 869 1081 925 erroris
1110 877 1385 931 sutorem,
1410 865 1655 921 nondum
1680 878 1812 919 vero
1834 861 2120 917 Christum
2143 872 2422 917 castarum
2445 862 2723 931 virginum
2758 877 2911 918 ntere
2940 863 3268 932 amplexata:
3297 872 3447 931 sunt,
3480 878 3685 935 quarum

384 975 391 980 ‘
449 962 715 1034 judicium
743 959 790 1013 is
820 958 912 1027 qui
944 970 1052 1010 non
1088 953 1384 1023 legitimam
1412 949 1664 1005 tradidit
1696 949 2031 1015 doctrinam,
2068 950 2288 1004 avertit.

526 1071 847 1125 Exsecratus
879 1069 1049 1139 quivis
1085 1066 1241 1119 homo
1269 1065 1359 1133 qui
1384 1080 1491 1119 non
1520 1071 1793 1133 permanet
1833 1061 1889 1115 in
1916 1075 2033 1114 om-
2064 1065 2088 1122 Α

2221 1062 2691 1132 Ἐπικατάρατος
2715 1062 2838 1131 πᾶς
2865 1064 3178 1134 ἄνθρωπος
3225 1066 3295 1134 ὃς
3334 1066 3444 1120 οὐκ
3484 1065 3691 1138 ἐμμένει

451 1164 603 1219 nibus
624 1161 790 1219 verbis
820 1161 978 1232 hujus
1009 1160 1159 1230 legis,
1202 1168 1259 1211 ut
1303 1157 1471 1226 faciat
1509 1172 1589 1209 ea.
1636 1151 1777 1227 [27.]
1813 1151 1949 1207 Illud
1983 1152 2013 1205 it

2140 1152 2209 1206 ὲν
2239 1151 2391 1208 πᾶσι
2425 1154 2552 1222 τοῖς
2581 1156 2787 1225 λόγοις
2818 1156 2926 1211 τοῦ
2960 1159 3151 1227 νόμου
3176 1158 3396 1212 τούτου
3418 1156 3521 1212 τοῦ
3548 1159 3690 1224 ποιῆ-

450 1258 718 1321 omnibus,
740 1252 887 1324 quod
919 1267 949 1307 a
973 1250 1328 1320 Septuaginta
1359 1249 1737 1320 positumest,
1768 1246 1837 1301 ab
1858 1259 2012 1300 exetn

2139 1259 2243 1298 σαι
2271 1246 2519 1312 αὐτούς.
2553 1246 2649 1316 Τὸ,
2671 1247 2742 1301 ἐν
2763 1247 2936 1317 πᾶσι,
2960 1249 3217 1321 κείμενον
3243 1249 3396 1320 παρὰ
3419 1251 3526 1312 τοῖς
3541 1247 3696 1315 Ἕϐδο-

449 1352 543 1422 plo
590 1346 921 1403 Samaritico
966 1345 1371 1400 conllrmatur.‘
1399 1339 1457 1394 in
1493 1353 1603 1410 quo
1637 1337 1698 1391 τὸ
1722 1334 1847 1409 χδλ,
1890 1350 2011 1406 quo:

2144 1335 2411 1405 μήκοντα,
2443 1336 2712 1422 κυροῦται
2743 1339 2853 1393 ἀπὸ
2878 1339 2973 1393 τοῦ
3020 1338 3430 1411 Σαμαρειτικοῦ
3462 1340 3693 1410 ἀντιγρά-

448 1421 559 1506 est,
612 1442 668 1494 in
716 1438 981 1501 omnibus,
1024 1450 1121 1490 seu
1175 1448 1266 1502 per
1309 1430 1509 1496 omnia,
1542 1441 1859 1483 consonans
1911 1441 2010 1480 eun

2142 1442 2264 1494 φου.
2313 1428 2400 1479 Ἐν
2429 1421 2474 1496 ᾧ
2514 1428 2585 1481 τὸ
2638 1431 2782 1499 χδλ,
2832 1431 2970 1502 ὅπερ
3004 1431 3144 1495 ἐστὶ,
3190 1428 3405 1490 πᾶσιν,
3432 1428 3465 1500 ἦ
3492 1428 3691 1497 πάντα,

453 1536 760 1606 apostolico
796 1546 810 1583 :
849 1548 866 1580 ι
903 1528 1188 1596 Quotquot
1238 1524 1385 1579 enim
1420 1520 1557 1592 legis
1596 1519 1872 1590 operibus
1903 1532 2009 1573 sun

2141 1517 2444 1589 φερόμενον
2480 1518 2740 1592 εὕρομεν.
2805 1515 2900 1585 Οἷς
2940 1523 3155 1593 συνᾴδει
3194 1522 3291 1576 καὶ
3314 1523 3343 1574 ὁ
3381 1519 3691 1585 Ἀπόστολος,

451 1624 683 1690 addicti,
716 1615 1086 1677 exsceratioui
1119 1621 1248 1671 sunt
1297 1610 1602 1665 obnoxii.»
1734 1674 1739 1677 Α

2142 1608 2342 1676 λέγων.
2381 1631 2399 1662 ι
2434 1611 2592 1665 Ὅσοι
2614 1613 2724 1682 γὰρ
2750 1612 2811 1678 ἐξ
2833 1613 3014 1684 ἔργων
3045 1616 3212 1684 νόμον
3240 1615 3403 1678 εἰσὶν,
3435 1612 3536 1666 ὑπὸ
3556 1612 3696 1666 κατὰ·

2147 1715 2245 1769 ραν
2270 1701 2428 1756 εἰσιν.
2466 1720 2484 1752 ι
2514 1702 2678 1755 Ὅθεν
2718 1705 2765 1756 εἰ
2798 1705 2863 1757 ὲκ
2910 1706 3221 1775 περιτομῆς
3273 1703 3579 1774 ἐλέγχονται
3611 1701 3696 1782 bne

2136 1792 2390 1862 κατάραν
2412 1791 2585 1857 ὄντες,
2616 1793 2677 1847 τὸ
2710 1793 2785 1865 μὴ
2820 1795 3000 1849 πάντα
3035 1797 3232 1849 ποιεῖν.

520 1910 803 1980 Scriptum
837 1914 922 1963 est
951 1906 1094 1962 enim
1132 1921 1146 1958 :
1185 1922 1204 1955 ι
1241 1901 1582 1959 Exsecratus
1608 1898 1788 1955 omnis
1822 1900 1917 1970 qui
1947 1916 2057 1955 nou
2084 1912 2371 1971 permanet
2402 1904 2458 1959 in
2489 1907 2748 1964 omnibus
2788 1924 2912 1980 quae
2946 1909 3001 1963 in
3034 1909 3140 1965 hoc
3170 1910 3312 1966 libro
3341 1909 3478 1982 legis
3506 1918 3697 1966 exstant

455 2000 675 2061 litteris,
704 2007 763 2051 ut
789 2003 1011 2066 praestet
1048 2009 1112 2048 ea
1138 1992 1207 2047 “.
1245 2010 1264 2043 ι

526 2084 843 2141 Benedictus
880 2091 937 2134 tu
968 2082 1022 2136 in
1053 2079 1268 2140 urbe,et
1291 2077 1590 2132 benedictus
1616 2077 1669 2129 in
1698 2092 1846 2147 agro.
1868 2074 2130 2148 [XXVIIL
2157 2077 2235 2152 5.]
2263 2078 2317 2133 1η
2350 2079 2626 2147 Ecclesia,
2655 2083 2747 2137 ubi
2782 2085 2874 2154 qui
2908 2085 3038 2155 agit,
3058 2084 3193 2141 serit
3215 2076 3269 2140 et
3304 2085 3463 2140 metit
3490 2084 3698 2139 fructum

457 2177 513 2230 iu
541 2177 704 2230 vitam
730 2180 1019 2228 aeternam.
1064 2166 1281 2223 Feturae
1313 2181 1445 2221 vero
1480 2164 1624 2220 uteri
1652 2164 1754 2234 piae
1780 2165 2151 2234 cogitationes
2186 2175 2336 2222 sunt.
2372 2168 2513 2223 Dicit
2544 2170 2691 2224 enim
2720 2171 2891 2228 Isaias
2927 2192 2941 2227 :
2986 2192 3005 2224 ε
3041 2174 3145 2228 Per
3185 2182 3396 2228 metum
3423 2182 3590 2238 tuum,
3616 2174 3699 2225 υιι-

454 2267 626 2329 mine,
667 2263 722 2317 in
749 2268 940 2347 ventre
961 2255 1339 2326 concepimus,
1375 2254 1595 2309 dolores
1629 2252 1979 2339 pertulimus,
2012 2262 2066 2331 et
2090 2256 2525 2326 parturivimns,
2586 2258 2843 2330 spiritum
2898 2260 3097 2317 salutis
3140 2269 3251 2317 tuae
3308 2261 3533 2318 fecimus
3562 2277 3702 2332 super
3734 2308 3744 2319 .

454 2362 601 2409 terra
630 2351 700 2405 ⁸⁷.
739 2368 758 2401 ι
788 2343 952 2403 Iidem
983 2358 1114 2400 vero
1140 2351 1304 2399 terrae
1341 2355 1564 2413 quoque
1594 2349 1780 2412 partes
1810 2351 1960 2409 sunt,
1985 2343 2142 2414 juxta
2169 2345 2305 2399 illud
2342 2361 2358 2399 :
2396 2364 2415 2396 ί
2445 2344 2629 2401 Exivit
2649 2355 2801 2402 sator
2833 2348 2899 2403 ad
2927 2350 3250 2415 serendum,
3291 2360 3348 2406 et
3378 2350 3484 2404 alia
3509 2350 3700 2421 quidrm

455 2442 779 2497 ceciderunt
800 2450 962 2493 secus
992 2435 1160 2497 viam,
1194 2432 1302 2488 alia
1337 2447 1505 2503 super
1539 2442 1751 2498 sentes,
1778 2433 1885 2486 alia
1917 2447 2046 2488 vero
2072 2448 2236 2503 super
2267 2443 2502 2502 petram,
2544 2435 2652 2491 alia
2681 2451 2814 2491 vero
2837 2451 3007 2508 super
3033 2447 3239 2494 terram
3274 2439 3497 2505 bonam,
3524 2447 3574 2495 et
3598 2439 3701 2495 red-

456 2530 596 2586 didit
636 2528 907 2590 fructum,
943 2521 1092 2577 aliud
1131 2520 1352 2591 quidem
1397 2519 1790 2589 trigecuplum,
1821 2519 1968 2574 aliud
1994 2522 2511 2592 septuagecuplum,
2544 2522 2695 2577 aliud
2741 2526 3068 2592 centuplum
3097 2525 3165 2579 ⁸⁸.
3210 2545 3229 2578 ι

530 2616 781 2671 Armenta
812 2610 968 2664 boum
997 2617 1045 2663 et
1071 2624 1251 2680 greges
1285 2606 1480 2662 ovium.
1510 2604 1614 2679 [4.]
1648 2605 1849 2661 Munda
1904 2609 2106 2664 etenim
2157 2624 2283 2667 esse
2311 2609 2517 2667 debent
2545 2626 2668 2683 quae
2717 2610 2785 2667 ad
2812 2612 2983 2669 altare
3017 2612 3400 2683 adducuntur,
3431 2613 3499 2671 de
3529 2615 3701 2686 quibus

458 2717 841 2775 sat-penumcro
869 2699 1135 2755 diximus.

536 2837 738 2892 Horrea
761 2845 853 2888 tua
886 2840 935 2888 et
962 2831 1199 2902 reliquiae
1229 2841 1353 2887 tua.
1378 2830 1483 2905 [5.]
1514 2833 1724 2888 Horrea
1747 2840 1907 2889 vocat
1936 2823 2098 2890 non~|

2218 2843 2285 2897 Al
2309 2843 2618 2916 ἀποθῆκαὶ
2634 2863 2772 2915 σου,
2806 2848 2905 2904 καὶ
2940 2848 3014 2905 τὰ
3041 2848 3556 2921 ἐγκαταλείμματά
3589 2864 3701 2903 σου.

458 2946 524 2985 ea
552 2930 641 2983 ubi
678 2929 825 2982 tinea
856 2926 1025 2990 rodit,
1061 2940 1243 2995 neque
1265 2940 1388 2994 qua:
1412 2923 1567 2981 fures
1613 2925 1930 2996 perfodiunt
1972 2928 2020 2961 ⁸⁸

2161 2934 2477 3009 Ἀποθήκας
2520 2941 2708 3009 φησὶν,
2760 2941 2862 2994 οὐκ
2916 2940 3045 2995 ἔνθα
3074 2942 3177 3013 σὴς
3215 2942 3497 3010 ἀφανίζει,
3525 2939 3621 2994 οὐδ’
3652 2937 3704 3001 ἃς

460 3036 654 3075 verum
692 3035 757 3094 ea
789 3034 910 3087 qua:
945 3016 1106 3072 nobis
1131 3016 1398 3071 viaticum
1429 3017 1675 3085 praebent
1717 3018 1784 3071 ad
1816 3032 2022 3087 regnun

2153 3026 2385 3082 κλέπται
2412 3030 2806 3102 διορύττουσιν,
2836 3033 2972 3087 ἀλλὰ
3004 3034 3105 3097 τὰς
3129 3034 3458 3104 ἀπαγούσας
3485 3035 3619 3105 ἡμᾶς
3641 3031 3703 3092 εἷς

461 3115 754 3167 castorum.
798 3108 1068 3179 Reliquiae
1105 3122 1259 3169 vero,
1307 3107 1491 3161 futura
1522 3112 1577 3177 et
1609 3107 1929 3162 novissima.
1965 3107 2023 3161 lt:

2153 3117 2253 3189 τὴν
2284 3118 2564 3189 βασιλείαν
2594 3123 2704 3176 τῶν
2734 3125 2980 3195 οὐρανῶν
3000 3141 3013 3155 ·
3040 3125 3534 3197 ὲγκαταλείμματα
3562 3124 3629 3188 δὲ,
3650 3120 3704 3175 τὰ

460 3204 610 3261 cutim
638 3208 1011 3272 exposuerunt
1039 3197 1245 3266 reliqui
1266 3199 1319 3252 in
1350 3198 1457 3252 hoc
1482 3196 1636 3254 dicto
1674 3212 1687 3250 :
1726 3215 1744 3248 ι
1775 3196 2022 3268 Reliquis

2158 3208 2423 3278 μέλλοντα
2457 3211 2554 3263 κα]¹
2604 3214 2674 3266 τὰ
2708 3211 2938 3284 ἔσχατα.
3042 3214 3201 3268 Οὕτω
3253 3196 3363 3288 γὰρ
3392 3215 3640 3279 ἐξέδωκαν
3667 3212 3703 3261 oi

462 3294 764 3366 impiorum
796 3289 1274 3354 exscindentur",
1303 3307 1322 3341 ι
1347 3287 1736 3360 quodpsalmo
1768 3289 2024 3346 tricesinu

2155 3296 2354 3366 λοιποὶ,
2384 3300 2442 3354 ὲν
2469 3301 2572 3374 τῷ,
2591 3302 3197 3375 «τὰὲγκαταλείμματα
3231 3307 3343 3361 τῶν
3383 3304 3586 3360 ἀσεϐῶν
3609 3301 3702 3366 ἑξο-

464 3397 627 3445 scxto‘
646 3385 906 3441 habetur.
1502 3414 1505 3417 ‹

2159 3389 2636 3464 λοθρευθήσοντας,
2682 3414 2701 3448 ι
2745 3397 2802 3449 ὲν
2836 3395 2924 3462 λς’
2946 3397 3149 3469 ψαλμῷ
3176 3396 3492 3469 λεγόμενον.

541 3507 680 3565 Cum
716 3502 1006 3577 ingrederis
1032 3513 1082 3558 et
1132 3499 1420 3574 egrederis.
1460 3501 1564 3572 [6].
1615 3501 1751 3558 Cum
1800 3501 1909 3557 hoc
1960 3499 2130 3557 David
2174 3520 2393 3577 quoque
2453 3510 2725 3575 Concinit,
2762 3511 3064 3584 inquiens:
3131 3533 3150 3565 ι
3193 3513 3466 3570 Dominus
3495 3510 3705 3567 tuebitur

469 3600 679 3655 exitum
713 3605 864 3649 tuum
895 3599 950 3648 et
985 3591 1276 3646 introitum
1308 3590 1380 3645 9‘.
1417 3610 1435 3642 ›
1472 3591 1704 3659 Oportet
1736 3591 1886 3645 enim
1923 3591 1971 3645 ei
1997 3590 2090 3661 qui
2123 3593 2193 3646 ab
2231 3593 2513 3664 impietate
2551 3598 2779 3665 recedit,
2829 3615 2993 3655 tnanu
3038 3601 3104 3655 ad
3148 3601 3410 3671 pietatem
3453 3601 3553 3654 iter
3596 3613 3707 3668 prat-

468 3689 621 3744 here.
651 3684 825 3740 Porro
856 3690 914 3738 et
940 3680 1104 3737 nobis
1131 3688 1324 3735 contra
1353 3680 1445 3736 Dei
1482 3682 1670 3734 hostes
1701 3682 1757 3733 in
1800 3680 2002 3735 bellum
2043 3686 2128 3735 est
2161 3681 2580 3751 egrediendum.
2608 3685 2714 3739 Per
2752 3687 3043 3741 introitum
3083 3703 3214 3741 vero
3252 3688 3440 3743 licebit
3469 3686 3706 3755 intelliges

463 3778 789 3832 accuratam
822 3768 1158 3841 cognitionis
1188 3768 1523 3823 custodiam.
1559 3767 1664 3823 Per
1690 3768 1897 3824 exitum
1922 3776 2130 3836 autem,
2153 3784 2273 3823 eam
2301 3775 2673 3841 egressionem
2698 3790 2809 3844 qua
2835 3777 3022 3832 omnis
3043 3763 3271 3832 solertia
3304 3777 3638 3846 relinquitur,
3664 3779 3707 3827 et

470 3875 600 3931 erga
632 3857 880 3913 inﬁrmos
901 3857 956 3909 tit
985 3853 1271 3911 demissio.
1304 3853 1516 3921 Quibus
1544 3855 1870 3925 subjungit:
1903 3873 1921 3906 ι
1968 3853 2034 3908 Ει
2063 3854 2240 3908 tradet
2276 3858 2536 3914 Dominus
2572 3860 2718 3916 Deus
2746 3871 2875 3918 tuus
2904 3862 3164 3918 inimicos
3197 3873 3328 3919 tuos
3375 3864 3466 3933 qui
3520 3862 3707 3916 restite-

473 3957 604 4003 runt
638 3947 765 4011 tibi,
798 3942 1122 4000 contractos
1154 3942 1210 3997 in
1244 3952 1601 4012 conspectum
1632 3953 1811 4007 tuum,
1856 3963 1875 3997 ›
1905 3943 2061 4014 juxta
2094 3942 2226 3999 illud
2254 3943 2503 4017 Apostoli
2539 3965 2550 4001 :
2599 3968 2617 4000 ι
2658 3948 2723 4003 Et
2768 3949 2947 4005 tradet
2980 3949 3247 4008 Dominus
3284 3953 3544 4007 Satanam
3575 3945 3705 4019 pedi-

473 4036 579 4093 bus
609 4033 809 4089 nostris
850 4029 1287 4087 conculcandum
1315 4029 1502 4085 subito
1528 4030 1595 4081 υτ.
1633 4049 1651 4080 ι

528 4154 848 4207 ηΡενσιιηιιιη
895 4150 994 4203 iter
1030 4148 1386 4218 egredientur,
1442 4160 1491 4203 et
1526 4138 1720 4218 septem
1774 4149 2090 4216 itineribus]

2245 4151 2393 4218 Ὀδῷ
2413 4152 2522 4223 μιᾷ
2566 4154 2953 4220 ἐξελεύσεται
3000 4155 3154 4226 πρὸς
3205 4156 3304 4221 σὲ,
3352 4154 3446 4209 καὶ
3492 4153 3557 4208 ἐν
3585 4147 3706 4204 ἑπτὰ

460 4247 754 4316 diffugient
786 4259 814 4297 e
864 4249 1144 4311 conspecto
1202 4249 1313 4296 tuo.
1361 4239 1463 4313 [7.]
1516 4240 1851 4296 Sceleratam
1892 4240 2022 4313 451

2170 4243 2333 4311 ὁδοῖς
2347 4247 2631 4315 φεύξεται
2659 4249 2778 4304 ἀπὸ
2806 4248 3135 4319 προσώπου
3165 4266 3304 4304 σου.
3337 4249 3449 4319 Τὴν
3476 4245 3606 4299 κατὰ
3633 4237 3704 4293 σοῦ

474 4342 623 4394 enim
655 4334 1118 4405 conjurationem,
1152 4335 1549 4404 pactionesque
1572 4342 1771 4388 contra
1809 4342 1861 4390 te
1890 4336 2036 4390 scita:

2168 4339 2459 4411 γινομένην
2487 4340 2666 4395 αὐτῶν
2683 4342 2859 4413 κακὴν
2889 4342 3231 4414 συμφωνίαν,
3252 4342 3346 4395 καὶ
3370 4341 3466 4410 τὴν
3480 4336 3705 4403 διαθήκην

475 4431 770 4501 dissipabit
821 4427 1106 4492 Dominus,
1134 4426 1294 4496 juxta
1327 4424 1460 4479 illud
1497 4441 1510 4476 :
1554 4443 1572 4477 ι
1620 4424 1833 4497 Dissipa
1868 4436 2037 4498 gente;

2168 4428 2371 4493 αὐτῶν,
2402 4429 2471 4501 ἢν
2500 4432 2642 4485 κατὰ
2669 4432 2764 4486 σοῦ
2811 4434 2870 4486 ὲν
2903 4432 3131 4503 ὁμονοίᾳ
3165 4431 3423 4493 διέθεντο,
3456 4421 3702 4479 διασκεδά-

475 4539 711 4598 quarum
741 4521 962 4577 animus
982 4520 1054 4575 .in
1089 4519 1249 4577 bellis
1279 4529 1362 4573 est
1391 4518 1457 4572 ⁸³.
1506 4535 1525 4568 ι

2172 4534 2257 4572 σει
2297 4519 2551 4591 Κύριος,-
2579 4523 2726 4576 καθά
2769 4540 2933 4595 φησιν
2992 4525 3021 4577 ὁ
3050 4522 3247 4576 Δαὸίδ·
3295 4541 3314 4575 ι
3353 4517 3708 4585 Διασκόρπισον

2174 4608 2304 4681 ἔθνη
2330 4612 2400 4665 τὰ
2425 4611 2553 4676 τοὺς
2582 4613 2853 4684 πολέμους
2886 4614 3133 4669 θέλοντα.
3180 4632 3200 4666 ι

560 4741 623 4795 Et
646 4742 699 4794 in
736 4736 1117 4809 promptum-iis
1154 4736 1277 4796 tuis,
1312 4744 1360 4789 et
1394 4733 1451 4788 in
1472 4735 1716 4788 omnibus
1744 4734 1813 4787 ad
1837 4751 1954 4806 quae
1984 4752 2200 4789 manum
2231 4737 2518 4793 admolitus
2553 4740 2741 4809 fueris.
2774 4740 2830 4812 l8
2857 4738 2876 4812 ]
2903 4741 2959 4796 Si
3022 4740 3172 4795 enim
3221 4736 3474 4793 mandata
3504 4731 3590 4787 Dei
3632 4739 3709 4794 pro

481 4831 627 4886 virili
654 4826 1155 4887 observaverimus,
1190 4823 1442 4878 felicitati
1475 4822 1953 4877 consecrabuntur
1980 4834 2087 4876 tam
2120 4826 2353 4880 occultae
2383 4827 2751 4898 cogitationes
2784 4846 2947 4899 quam
2983 4828 3290 4882 manifestae
3324 4826 3579 4880 actiones.
3606 4827 3708 4869 cum

484 4936 546 4975 ea
579 4931 700 4987 quae
731 4916 1139 4977 diminuuntur,
1173 4919 1375 4964 tumea
1403 4925 1525 4979 qua:
1561 4909 1630 4964 ad
1660 4911 2059 4964 incrementum
2095 4911 2345 4965 tendunt.
2376 4913 2546 4970 David
2573 4917 2772 4971 etenim
2806 4916 2972 4970 dicit:
3007 4934 3026 4965 ‹
3062 4916 3136 4969 λῶ(
3162 4914 3391 4970 secretis
3419 4908 3546 4964 meis
3566 4910 3704 4974 ρυτει

484 5023 570 5062 me
595 5005 663 5060 ’⁵.
696 5023 714 5055 ›
752 5002 1013 5057 Servator
1037 4999 1167 5052 item
1209 5016 1223 5052 :
1265 4995 1472 5052 «Citra
1516 5012 1601 5051 me
1630 4997 1841 5051 ellicere
1879 4997 2013 5051 nihil
2045 5016 2046 5019 η

864 5008 1013 5054 rator
1037 4999 1167 5052 item
1209 5016 1223 5052 :
1265 4995 1472 5052 «Citra
1516 5012 1601 5051 me
1630 4997 1841 5051 ellicere
1879 4997 2013 5051 nihil
2045 4999 2275 5067 potestis
2307 5001 2376 5054 ”.
2409 5021 2426 5053 ι

562 5089 827 5146 Ea‘citabit
862 5102 909 5142 te
938 5087 1042 5141 sibi
1068 5085 1327 5139 Dominus
1360 5085 1614 5152 populum
1671 5096 1936 5149 sanctum,
1972 5085 2414 5156 quemadmodum
2457 5088 2662 5160 juravit
2707 5088 2947 5158 patribus
2995 5087 3123 5142 tuis.
3187 5084 3290 5159 [9.]
3320 5084 3561 5154 ipsorum
3589 5071 3704 5126 enim

490 5180 717 5250 adoptio
749 5185 856 5243 est,
887 5184 943 5231 et
974 5179 1390 5236 testamentum,
1425 5181 1477 5226 et
1513 5172 1721 5238 cultus,
1752 5189 1817 5226 ex
1852 5173 2056 5243 quibus
2097 5173 2354 5234 Christus
2389 5180 2690 5234 secundum
2737 5192 2962 5234 carnem
3013 5185 3174 5231 natus
3214 5183 3321 5229 est.
3352 5169 3489 5240 Ipsis
3524 5168 3710 5233 quoque

489 5271 670 5340 primo
693 5266 785 5321 Dei
813 5265 1040 5320 verbum
1082 5261 1515 5317 renuntiandum
1566 5270 1706 5312 erat.
1769 5257 1826 5313 id
1866 5263 2042 5329 ipsum
2094 5274 2225 5318 vero
2265 5280 2389 5318 cum
2446 5274 2791 5334 reSpuerent,
2840 5263 3076 5320 felicitas
3112 5262 3294 5316 omnis
3346 5257 3413 5312 ad
3445 5260 3620 5325 gentes
3642 5249 3708 5295 est

491 5338 783 5417 translata,
813 5361 870 5405 ut
895 5350 1098 5405 Christi
1134 5348 1316 5403 verbis
1350 5354 1501 5416 patet
1534 5362 1548 5400 :
1587 5365 1605 5397 ι
1642 5345 1882 5402 Profecti
1912 5346 2110 5404 docete
2140 5365 2334 5406 omnes
2357 5361 2551 5421 gentes
2578 5352 2646 5405 ".
2689 5370 2707 5402 ι
2744 5351 3139 5422 Apostolorum
3174 5349 3326 5410 item,
3374 5344 3466 5414 qui
3506 5338 3703 5422 ditum_=

494 5458 515 5493 ‹
548 5442 628 5497 Ad
665 5447 854 5509 gentes
880 5434 1337 5493 convertimur".
1368 5453 1385 5485 ι
1414 5433 1563 5499 Quas
1599 5445 1653 5488 et
1678 5448 1892 5503 gentem
1920 5445 2188 5497 sanetam.
2216 5413 2399 5505 regale
2422 5413 2817 5502 sacerdotium,
2854 5438 3114 5507 populum
3139 5413 3469 5505 acquisitum
3496 5426 3633 5480 voca!
3652 5413 3701 5461 ⁸⁸·

492 5528 625 5586 Post
651 5528 894 5584 reditum
929 5540 1061 5580 vero
1092 5525 1234 5579 idem
1276 5531 1666 5578 testamentqu
1712 5538 1836 5578 cum
1882 5525 2387 5580 Domiuo'coudere
2435 5525 2941 5595 subscriptionibus
2973 5515 3037 5581 ac
3082 5524 3257 5595 signis
3283 5517 3521 5575 annuum
3550 5517 3701 5561 sacer-

533 5712 743 5770 “Deut.
772 5710 1058 5779 xxvttﬂﬁ.
1135 5708 1179 5739 ³⁷
1216 5708 1322 5762 lsa.
1355 5707 1621 5779 xxvt.ii7,'
1657 5705 1758 5779 18.-
1795 5705 1864 5779 _‘”
1891 5700 2082 5779 Matth.

2136 5720 2246 5768 nu,
2274 5705 2395 5779 5-8.
2429 5774 2455 5779 _
2499 5705 2545 5736 ⁸9
2569 5703 2763 5759 Matth.
2806 5720 2881 5779 vt.
2936 5703 3028 5779 29.
3056 5771 3072 5779 _
3133 5702 3179 5734 ⁸ο
3210 5701 3374 5779 l‘s.tl.m
3396 5704 3584 5779 saf‘VI‘t‘

494 5793 537 5829 ﬂ
571 5752 714 5845 ιζξξιι.
757 5752 963 5845 cxx:8’.
1009 5752 1039 5768 ν
1073 5780 1118 5813 θ’
1158 5779 1313 5831 limo.
1354 5794 1464 5840 xw,
1489 5752 1617 5829 ΞΟ.⁴
1685 5752 1763 5807 v”
1794 5775 1939 5827 I‘snl.
1976 5752 2056 5829 1.x:

2342 5752 2394 5807 δέ
2426 5752 2763 5841 Ρδιιὶ.”ιιῖιῖι,
2940 5752 3321 5836 Ἶῖὼυιιίιίγ,
3351 5771 3403 5825 ὕ.
3470 5763 3514 5794 ⁹⁶
3542 5752 3697 5810 Matth.

493 5876 692 5922 3mm,
721 5858 811 5914 19.
887 5851 930 5883 ⁸⁷
964 5850 1087 5903 Act.
1120 5865 1238 5914 xm,
1271 5848 1363 5902 46.
1476 5848 1520 5878 ⁸⁸
1555 5848 1571 5900 l
1604 5846 1748 5901 l‘ctr.
1777 5863 1836 5911 ll,
1868 5846 1920 5900 9.
