3956 6418
317 375 438 441 9,5
1227 371 1774 433 couMENTAmI
1815 372 1897 432 IN
1939 371 2639 434 DEUTEBONOMIUM.
3485 377 3592 445 ets

318 482 536 544 domm,
571 479 906 546 Levitarum,
941 485 992 535 et
1029 477 1350 550 principum
1385 481 1437 532 in
1465 479 1711 536 secundo
1740 481 1882 535 libro
1907 483 2080 548 cupit.
2101 479 2454 549 Quapropter
2494 481 2801 535 etiamnum
2839 487 2959 536 toto
2985 491 3208 548 pectore
3239 482 3342 555 legi
3375 485 3590 540 incinu-

315 571 461 624 bunt
490 579 638 624 metu
667 567 1128 638 transgressionis
1153 568 1360 622 adacti.
1385 566 1526 636 Nam
1558 569 1818 638 ignorant
1867 566 2018 638 quod
2054 566 2314 622 Christus
2359 581 2456 636 pro
2503 567 2668 623 nobis
2697 572 3136 624 exsecrationem
3167 572 3388 637 subivit,
3427 589 3492 628 ac
3527 579 3595 629 ab

313 659 699 714 exsecratione
725 657 859 726 legis
893 672 998 734 nos
1030 654 1310 711 liberavit.
1352 653 1652 726 Postquam
1684 655 1858 726 igitur
1893 656 2010 726 ipse
2028 641 2144 710 ‘nos
2179 655 2360 709 omnis
2414 656 2632 724 generis
2683 654 2946 712 felicitate
2986 659 3264 728 spirituali
3297 659 3510 726 ditavit,
3543 673 3598 718 et

311 746 388 799 ab
420 743 806 800 exsecratione
836 741 1121 809 liberavit,
1149 741 1218 798 de
1252 743 1741 799 benedictionibus
1763 741 1991 814 quidem
2037 740 2213 802 illud:
2253 761 2273 794 ι
2312 741 2455 810 Fiat,
2490 742 2606 808 ﬁat,
2641 761 2660 794 ι
2689 741 2911 799 dicitur.
2977 745 3050 798 De
3107 747 3597 807 maledictionibus

310 847 448 888 vero
477 845 852 902 nequaquam.
891 827 1016 884 Non
1044 829 1193 885 enim
1221 828 1404 886 factus
1441 838 1530 886 est
1561 833 1750 896 etiam,
1809 846 1942 893 non,
1980 829 2450 899 quemadmodum
2500 830 2566 884 ad
2617 831 2934 886 Corinthios
2988 833 3198 888 dictum
3237 851 3252 890 :
3303 853 3324 887 ι
3369 836 3594 904 Verum,

309 921 482 974 etiam
530 919 587 972 in
637 934 706 975 eo
752 915 902 985 fuit;
943 931 1138 974 omnes
1174 917 1324 974 enim
1363 916 1458 975 Dei
1497 919 1896 990 promissioues
1949 918 2004 972 in
2046 919 2170 990 ipso
2230 919 2399 974 etiam
2457 928 2591 973 sunt
2633 937 2646 972 :
2683 935 2854 991 quare
2904 930 3130 992 propter
3161 923 3346 994 ipsqu
3377 941 3599 998 quoque

310 1010 492 1064 Amen
533 1009 602 1065 ".
645 1027 668 1061 ι

395 1101 649 1168 Ἀνοίξαι
679 1116 781 1158 σοι
817 1101 1037 1172 Κύριος
1072 1102 1182 1158 τὸν
1216 1100 1528 1173 θησαυρὸν
1575 1101 1765 1158 αὑτοῦ
1797 1101 1890 1157 τὸν

2079 1102 2297 1170 Aperiat
2315 1101 2411 1156 tibi
2423 1099 2679 1156 Dominus
2691 1101 2994 1158 thesaurum
3016 1120 3170 1158 suum
3188 1107 3595 1173 bonummempe

303 1191 558 1264 ἀγαθὸν,
591 1193 700 1249 τὸν
752 1194 1034 1264 οὐρανὸν,
1091 1193 1306 1250 δοῦναι
1341 1195 1452 1250 τὸν
1478 1196 1660 1251 ὑετὸν
1709 1195 1787 1266 τῇ
1823 1195 1902 1265 τῇ

305 1301 449 1342 σου.
489 1271 599 1338 Kal.
625 1284 710 1348 τίς
731 1285 881 1338 ἔστιν
915 1281 1074 1350 οὗτος
1119 1284 1170 1358 [ὁ
1203 1285 1412 1354 ἀγαθὸς
1445 1285 1720 1358 θησαυρός
1749 1287 1792 1360 ;]
1825 1283 1902 1342 Ἦ

306 1379 442 1450 παρ’
461 1371 506 1448 ᾧ
539 1377 678 1430 εἰσιν
724 1378 775 1434 οἱ
819 1376 1084 1450 θησαυροὶ
1118 1378 1219 1448 τῆς
1257 1379 1452 1449 σοφίας
1487 1380 1584 1434 xui.
1625 1381 1728 1450 τῆς
1757 1379 1900 1450 γνὼ-

305 1485 454 1533 σεως
482 1469 816 1540 ἀπόκρυφοι.
851 1469 1026 1534 Αὐτὸς
1054 1469 1165 1542 γὰρ
1189 1470 1284 1525 καὶ
1315 1473 1437 1536 ταῖς
1471 1471 1726 1542 νεφέλαις
1748 1473 1900 1526 ἐντε-

305 1561 503 1628 λεῖται,
553 1562 722 1634 ἤγουν
769 1548 884 1625 τόϊς
927 1564 1240 1635 προφήταις
1267 1562 1455 1638 δοῦναι
1500 1563 1594 1618 τὸν
1627 1564 1783 1618 ὑετὸν
1810 1565 1901 1619 τὸν

302 1654 580 1726 οὐράνιον.
618 1671 637 1706 ι
669 1652 843 1717 Αὐτὸς
872 1651 983 1725 γὰρ
1011 1652 1173 1707 δώσει
1204 1654 1576 1726 χρηστότητα.
1617 1656 1728 1709 Καὶ
1761 1655 1794 1726 ἡ
1825 1653 1898 1725 γῆ

303 1743 464 1816 ἡμῶν
495 1742 660 1798 δώσει
709 1743 801 1798 τὸν
848 1743 1064 1815 καρπὸν
1121 1743 1313 1814 αὐτῆς.
1344 1763 1363 1796 ι
1419 1745 1630 1808 Δανιεϊς
1682 1743 1901 1808 πολλοῖς

301 1837 488 1890 ἔθνεσι
515 1835 578 1890 τὺ
599 1835 1068 1908 δεδοκιμασμένον
1101 1835 1388 1909 ἀργύριον,
1419 1837 1484 1890 σὺ
1513 1836 1572 1890 δὲ
1609 1837 1670 1890 οὐ
1715 1836 1894 1910 δανιῇ.

299 1927 380 1982 οὐ
414 1927 524 1996 γὰρ
547 1929 679 1998 παρ’
709 1927 900 1992 αὐτοῖς
925 1928 1217 2000 ἐπιστήμη
1241 1929 1340 1982 καὶ
1370 1927 1621 1992 σύνεσις.

375 2022 490 2077 Kal
510 2021 717 2092 ἄρξεις
741 2021 826 2076 σὺ
844 2021 1040 2078 ἐθνῶν
1067 2021 1338 2077 πολλῶν.
1372 2023 1601 2095 Εἴρηται
1634 2023 1738 2094 μὲν
1762 2021 1897 2093 πρὸς

297 2114 433 2179 τοὺς
455 2115 607 2179 υἱοὺς
666 2114 920 2186 Ἰσραὴλ,
961 2115 1228 2185 ἁρμόττει
1274 2115 1332 2169 δὲ
1363 2114 1574 2185 κυρίως
1611 2119 1725 2179 τοῖς
1754 2117 1897 2184 Χρι-

299 2207 432 2262 στοῦ
468 2207 742 2278 μαθηταῖς
765 2223 779 2239 ο
828 2207 906 2270 ὡς
954 2207 1034 2280 (1)
1065 2207 1266 2278 λέγειν
1295 2208 1516 2275 αὐτοὺς,
1557 2226 1577 2261 ι
1605 2209 1703 2264 Διὰ
1733 2207 1896 2262 τοῦτο

296 2299 540 2364 ὑπέταξε
593 2299 759 2364 λαοὺς
811 2300 984 2372 ἡμῖν,
1042 2300 1141 2356 καὶ
1187 2299 1316 2370 ἔθνη
1379 2300 1485 2354 ὑπὸ
1539 2301 1670 2364 τοὺς
1725 2299 1896 2364 πόδας

295 2391 482 2463 ἡμῶν.
529 2411 553 2444 ι

2005 1193 2216 1261 caelum,
2234 1205 2290 1248 ut
2312 1193 2398 1248 det
2416 1194 2650 1264 pluviam
2669 1203 2822 1249 terra:
2835 1204 2960 1249 tuae.
2982 1193 3366 1269 [XXVIIIJSJ
3387 1195 3594 1266 Ecquis

2005 1301 2135 1342 vero
2168 1287 2466 1342 thesaurus
2497 1285 2589 1340 ille
2639 1285 2822 1342 bonus
2870 1285 3000 1342 est?
3026 1284 3307 1342 Nimirum
3342 1289 3392 1342 is
3441 1287 3590 1359 apud

2004 1393 2168 1448 quem
2211 1391 2406 1432 omnes
2462 1375 2708 1430 thesauri
2771 1373 3020 1430 scientiae
3073 1382 3204 1430 sunt
3238 1375 3508 1431 reconditi
3545 1375 3588 1428 '.

2003 1468 2124 1540 Ipse
2149 1469 2354 1525 etenim
2385 1467 2670 1540 prophetis
2695 1481 2917 1537 quoque
2939 1465 3056 1520 suis
3087 1465 3326 1520 nubibus
3359 1463 3592 1518 manda-

2002 1563 2108 1628 bit,
2139 1570 2200 1616 ut
2231 1563 2474 1632 pluviam
2513 1560 2648 1616 dent
2696 1560 3004 1614 cmlestem.
3049 1576 3070 1610 ι
3113 1556 3236 1629 Ipse
3264 1557 3410 1614 enim
3438 1557 3592 1613 dabit

2001 1656 2330 1722 bonitatem,
2365 1664 2419 1710 et
2440 1663 2590 1709 terra
2612 1659 2802 1708 nostra
2826 1651 3016 1708 reddet
3044 1650 3286 1708 fructum
3313 1666 3474 1707 suum
3507 1652 3586 1703 ’.ι

1999 1746 2298 1803 Probatum
2325 1746 2526 1802 divina:
2557 1743 2897 1816 cognitionis
2921 1750 3207 1815 argentum
3238 1757 3254 1794 :
3285 1759 3305 1792 ι
3343 1739 3427 1795 Τιι
3457 1754 3590 1794 vero

2002 1841 2138 1896 nihil
2169 1848 2362 1895 mutuo
2413 1839 2678 1910 accipies.
2737 1857 2758 1890 ι
2791 1837 2952 1908 Apud
2978 1851 3074 1894 eos
3117 1835 3266 1893 enim
3315 1834 3470 1890 nulla
3507 1844 3592 1890 est

2002 1933 2236 1990 scientia
2273 1946 2376 1988 nec
2413 1929 2807 2002 intelligentia.

2072 2023 2362 2094 Imperabit
2387 2022 2626 2094 gentibus
2656 2023 2859 2078 multis.
2907 2020 3138 2092 Proprie
3169 2019 3374 2076 Christi
3415 2018 3590 2075 disci-

1999 2121 2145 2191 pulis
2183 2117 2439 2189 quadrat.
2473 2115 2628 2188 Ipsos
2685 2115 2831 2172 enim
2881 2114 3054 2170 totius
3108 2122 3268 2168 terra:
3302 2112 3586 2182 principes

1997 2211 2286 2268 constituit
2328 2227 2342 2264 :
2374 2209 2479 2276 Qui
2521 2223 2655 2266 sane
2694 2207 2994 2278 inquiunt:
3036 2225 3057 2258 ι
3083 2204 3384 2276 Subjecisti
3415 2220 3590 2276 pepu-

1999 2307 2084 2363 los
2112 2312 2168 2362 et
2197 2303 2450 2360 nationes
2477 2301 2709 2374 pedibus
2736 2299 2948 2356 nostris
2973 2297 3016 2353 ⁸.
3054 2316 3076 2350 ι

373 2489 539 2544 Ponet
579 2498 627 2544 te
670 2489 926 2546 Dominus
953 2489 1096 2546 Deus
1127 2502 1248 2546 tuus
1283 2491 1340 2546 in
1373 2501 1557 2562 caput,
1586 2508 1692 2547 non
1713 2492 1767 2546 in
1793 2489 2042 2546 caudam.
2070 2488 2210 2562 [Κλ]
2239 2487 2440 2543 Verum
2467 2501 2574 2541 non
2607 2498 2800 2540 omnes
2834 2483 2937 2538 liac
2968 2481 3152 2538 fausta
3183 2479 3578 2550 imprecatione

293 2577 449 2648 digni
478 2577 831 2632 exstiterunt.
856 2577 1264 2634 Tantummodo
1295 2580 1514 2651 quidem
1550 2579 1695 2634 beati
1716 2578 1994 2648 discipuli,
2019 2593 2120 2633 nos
2141 2579 2270 2632 item
2297 2577 2342 2630 si
2371 2577 2521 2646 ipsos
2547 2580 2954 2638 consectamur,
2985 2585 3126 2642 quos
3151 2577 3273 2640 post
3303 2569 3582 2624 Christum

291 2666 497 2737 capitis
536 2665 662 2722 loco
692 2665 978 2722 habemus.
1013 2665 1122 2722 Eos
1159 2683 1292 2723 vero
1324 2668 1418 2738 qui
1451 2682 1560 2722 non
1595 2667 1974 2732 crediderunt,
2010 2667 2065 2721 in
2099 2666 2332 2722 caudam
2360 2665 2564 2735 posuit.
2597 2663 2640 2717 Α
2683 2673 2837 2732 tergo
2867 2661 3015 2716 enim
3046 2674 3144 2716 eos
3179 2657 3492 2724 collocavit,
3527 2667 3588 2712 ut

293 2751 469 2808 David
499 2753 675 2823 inquit
693 2752 1022 2824 ‘,inopiam,
1059 2753 1282 2821 fatalem,
1311 2757 1513 2812 tabem.

371 2844 543 2900 Τοῦτο
574 2846 672 2902 νῦν
702 2847 1000 2920 ἐξαιρέτως
1041 2848 1118 2922 (2)
1143 2850 1383 2905 νοσοῦσι.
1426 2870 1446 2904 ι
1474 2827 1889 2924 Περιδραμοῦνέ

2064 2849 2145 2905 Eo
2173 2865 2304 2905 vero
2353 2848 2575 2919 gravior
2623 2847 2874 2918 ipsorum
2907 2845 3136 2902 morbus
3169 2851 3277 2910 est,
3314 2842 3485 2916 quod,
3521 2850 3583 2898 ut

291 2955 388 2992 ται
412 2936 542 3009 γὰρ,
575 2939 732 3010 φησὶ,
761 2939 1056 3012 ζητοῦντες
1086 2940 1178 2995 τδν
1207 2941 1366 3010 λόγον
1395 2941 1490 2995 τοῦ
1511 2941 1672 3008 Θεοῦ,
1703 2942 1801 2996 καὶ
1825 2943 1886 2996 οὑ

297 3029 378 3100 μὴ
401 3027 658 3100 εὕρωσιν.
687 3049 706 3082 ι
755 3032 832 3086 Οὑ
867 3031 974 3103 γὰρ
1017 3032 1178 3103 λιμὸν
1208 3035 1376 3106 ἄρτου
1420 3036 1604 3098 αὐτοῖς
1651 3035 1888 3102 ἀπειλεῖ,

293 3123 350 3174 εἰ
383 3121 661 3175 καὶτοῦτο
694 3121 895 3194 συνέϐη
945 3123 1077 3178 ποτὲ
1102 3165 1118 3189 ,
1166 3124 1290 3178 οὐδὲ
1318 3125 1480 3195 δίψαν
1507 3124 1722 3192 ὓδατος,
1751 3126 1892 3180 ἀλλὰ

291 3213 458 3284 λιμὸν
485 3213 582 3266 τοῦ
613 3213 847 3268 ἀκοῦσαι
874 3215 1036 3285 λόγον
1067 3217 1296 3286 Κυρίου.
1337 3217 1484 3273 Ἀντὶ
1513 3219 1570 3272 δὲ
1593 3217 1711 3284 τοῦ,
1743 3219 1891 3272 ἐκλι-

297 3306 452 3376 μξαν,
487 3307 517 3359 ὁ
547 3305 866 3378 Σύμμαχος,
898 3309 1236 3378 ἁχορτασῑαν
1255 3308 1509 3374 ἐξέδωκε.
1550 3327 1570 3362 ι
1599 3302 1884 3364 Melania“

292 3394 406 3468 γὰρ
441 3397 597 3462 κενὰ,
637 3397 868 3470 μηδενὸς
897 3397 1267 3463 ἀπολαύοντες
1298 3397 1407 3452 τῶν
1438 3397 1772 3469 λεγομένων.
1815 3418 1836 3452 ι

1993 2943 2196 3014 inquit,
2233 2961 2253 2994 ι
2279 2941 2756 3005 Circumcursant,
2785 2955 2850 2994 ac
2899 2938 3164 3010 indagaut
3191 2938 3414 2994 verbum
3461 2935 3584 3002 Dei,

1995 3049 2097 3090 nec
2133 3033 2262 3088 illud
2291 3033 2578 3088 inveniunt
2607 3032 2652 3087 ⁸.
2681 3050 2698 3082 ι
2723 3028 2854 3104 ,Νοη
2887 3033 3032 3085 enim
3063 3028 3262 3085 famem
3294 3029 3450 3100 panis
3475 3028 3586 3082 illis

1995 3127 2307 3192 minitatur,
2324 3123 2578 3194 quamvis
2597 3135 2652 3179 et
2680 3123 2784 3178 hoc
2810 3139 2918 3178 non
2951 3121 3233 3178 caruerint
3251 3121 3579 3191 aliquando,

1995 3234 2098 3274 nec
2131 3218 2282 3272 sitim
2303 3233 2482 3288 aquae,
2503 3233 2693 3272 verum
2725 3216 2878 3273 verbi
2909 3213 3004 3270 Dei
3027 3215 3284 3271 audiendi
3315 3215 3514 3269 famem
3537 3213 3583 3268 ⁸.

1991 3307 2098 3362 Pro
2133 3307 2230 3362 illo
2251 3322 2385 3363 vero
2417 3307 2710 3372 vocabulo,
2743 3307 2962 3376 famem,
3004 3305 3391 3377 Symmachus,
3429 3305 3582 3358 insa-

1998 3398 2364 3464 tiabilitatem,
2397 3401 2651 3470 exposuit
2685 3414 2698 3452 :
2741 3417 2759 3450 ι
2804 3397 2996 3454 Studia
3032 3397 3180 3453 enim
3221 3412 3414 3452 eorum
3442 3410 3579 3450 vana

1999 3500 2150 3557 sunt,
2191 3507 2318 3546 nam
2353 3491 2489 3546 nihil
2511 3505 2702 3546 eorum
2737 3505 2860 3562 quae
2889 3490 3172 3553 dicuntur,
3199 3488 3528 3561 percipiunt.
3557 3508 3575 3539 ι

369 3584 752 3642 Conﬁciuutur
780 3585 928 3642 enim
975 3563 1166 3642 omnes
1224 3594 1495 3658 quotquot
1545 3602 1577 3642 a
1609 3586 1962 3644 daemonibus
2011 3586 2366 3643 infestantur.
2404 3584 2680 3652 Quocirca
2713 3585 2881 3641 infert
2915 3601 2930 3638 :
2989 3583 3127 3640 Edet
3165 3586 3218 3639 in
3250 3592 3304 3639 te
3336 3593 3576 3655 stragem

294 3671 586 3730 Dominus.

379 3766 720 3836 Ἐπισκοπὴν
763 3765 1006 3820 ἐναντίον
1059 3766 1169 3819 τῶν
1223 3765 1439 3838 ἐχθρῶν
1480 3783 1598 3828 σου,
1629 3767 1878 3820 τουτέστι

289 3855 634 3926 θραυόμενον
669 3857 765 3910 καὶ
801 3858 1242 3926 προσκόπτοντα,
1279 3856 1376 3931 [ὡς
1401 3857 1670 3924 ἐξέδωκαν
1697 3859 1745 3911 οἱ
1765 3856 1880 3912 λοι-

288 3943 437 4016 erat]

2055 3764 2253 3820 Coram
2285 3765 2544 3820 omnibus
2567 3763 2810 3820 inimicis
2841 3762 2951 3818 tuis
2973 3803 2990 3828 ,
3015 3761 3122 3816 hoc
3168 3769 3273 3824 cst,
3303 3769 3364 3815 ut
3385 3761 3574 3816 caueri

2001 3864 2400 3928 exposuerunt,
2426 3856 2674 3913 saucium
2702 3868 2756 3913 et
2794 3857 3139 3913 vulneratum
3188 3866 3240 3912 te
3269 3855 3437 3910 tradit
3468 3855 3572 3911 eis.

363 4035 434 4089 Et
460 4038 567 4091 eris
601 4037 830 4104 pulpam
865 4038 920 4091 in
951 4037 1190 4094 meridie.
1229 4037 1370 4112 [29.]
1404 4039 1562 4095 Nune
1596 4042 1742 4096 «inim
1766 4056 1892 4097 cum
1923 4049 2118 4112 gentes
2147 4042 2200 4094 in
2243 4041 2420 4096 media
2453 4041 2578 4096 luce
2603 4048 2824 4096 aetatem
2857 4040 3082 4111 degant,
3117 4040 3282 4097 Israel
3315 4053 3576 4098 versatur

287 4123 346 4177 in
377 4124 644 4186 tenebris,
679 4135 735 4179 et
767 4132 1033 4195 tanquam
1066 4127 1195 4180 caeci
1228 4143 1453 4182 murum
1482 4129 1730 4198 palpant,
1767 4130 1941 4198 legem
1963 4129 2104 4200 ipsis
2136 4132 2418 4196 traditam,
2449 4131 2605 4199 juxta
2626 4129 2822 4186 Isaiam
2851 4131 2872 4163 "
2901 4149 2914 4185 :
2947 4146 3015 4186 eo
3044 4132 3191 4202 quod
3217 4133 3356 4188 lucis
3387 4135 3572 4189 radios

284 4211 498 4267 Christi
521 4213 859 4282 cognitionis
890 4214 1104 4268 nollent
1145 4215 1462 4279 admittere,
1491 4225 1546 4270 et
1582 4234 1706 4270 cum
1729 4219 1934 4273 Davide
1963 4219 2158 4274 dicere
2195 4238 2204 4269 :
2250 4238 2269 4271 ι
2316 4221 2518 4274 Revela
2555 4220 2688 4274 mihi
2715 4221 2910 4275 oculos
2943 4228 3086 4287 tuos,
3123 4222 3573 4277 ctcousideraho

285 4301 565 4356 mirabilia
598 4301 667 4357 de
694 4303 813 4373 lege
857 4309 954 4357 tua
985 4302 1028 4358 ⁸.
1069 4321 1089 4354 ι
1123 4303 1476 4374 Quapropter
1507 4305 1676 4360 infert
1710 4325 1723 4360 :
1763 4326 1782 4359 ι
1827 4305 2054 4362 Adveua
2086 4309 2181 4377 qui
2221 4307 2364 4377 apud
2403 4317 2455 4362 te
2489 4315 2573 4363 est
2615 4321 2783 4378 supra
2831 4318 2884 4364 te
2916 4307 3184 4389 ascendet
3217 4309 3470 4378 subinde,
3512 4323 3578 4365 ιιι

283 4405 422 4444 vero
443 4389 682 4444 subinde
711 4389 1042 4448 descendes.
1083 4409 1100 4441 ι
1127 4391 1196 4445 de
1224 4391 1482 4460 gentibus
1510 4393 1763 4462 loquens.

357 4477 526 4550 459
553 4481 621 4532 Et
671 4480 903 4548 imponet
949 4479 1046 4533 tibi
1087 4496 1302 4534 nervum
1361 4479 1615 4549 ferreum.
1651 4480 1794 4555 [48.]
1825 4480 1901 4538 De
1932 4486 2088 4554 gravi
2127 4487 2399 4542 servitute
2449 4487 2716 4558 loquitur.
2743 4489 2822 4544 Ae
2869 4487 3100 4558 proinde
3134 4487 3342 4543 ferreos
3372 4489 3568 4543 maluit

281 4579 491 4636 pauere
511 4581 676 4635 quam
710 4567 938 4637 ligneus.
978 4566 1178 4624 Beatus
1201 4585 1426 4639 quoque
1455 4567 1740 4626 Jeremias
1798 4571 1870 4626 ob
1904 4575 1954 4626 id
1995 4574 2282 4643 imponere
2316 4577 2423 4631 sibi
2463 4576 2735 4646 prmeipit,
2765 4584 2825 4630 ut
2885 4576 3234 4646 captivitatis
3251 4579 3564 4632 molestiam

284 4653 398 4708 illis
432 4653 731 4722 significet.
772 4653 847 4710 De
875 4670 985 4726 qua
1018 4673 1167 4711 nunc
1202 4657 1560 4720 vaticinatur,
1593 4665 1648 4713 et
1678 4659 1900 4728 inquit:
1939 4679 1957 4711 ι
1981 4661 2230 4718 Adducet
2262 4678 2432 4732 super
2464 4671 2516 4718 te
2551 4673 2770 4734 gentem
2803 4678 2833 4718 e
2867 4663 3170 4734 longinquo
3208 4664 3250 4718 ’.
3293 4682 3312 4716 ι
3349 4662 3568 4730 Quibus

281 4741 469 4796 Verbis
493 4738 764 4796 Jeremias
815 4753 871 4798 et
924 4743 1208 4813 propheta:
1261 4743 1353 4798 alii
1411 4745 1673 4816 Assyrios
1726 4745 2167 4820 Babylonios-que
2216 4751 2538 4806 iuuueruut.
2567 4749 2814 4818 Quorum
2869 4751 3111 4806 hostium
3173 4751 3564 4823 pernicitatem

280 4837 450 4898 atque
475 4829 622 4884 vires
647 4829 834 4885 volatu
859 4831 1062 4900 aquila).
1087 4830 1440 4887 adumbravit
1463 4832 1698 4904 Moyses.
1725 4832 2130 4904 [inpudentiam
2161 4853 2292 4892 vero
2330 4837 2471 4892 facie
2493 4854 2616 4908 quae
2642 4839 2778 4894 nulli
2805 4839 2950 4894 aetati
2985 4848 3198 4909 pareat.
3219 4840 3558 4906 Quinetiam,

285 4935 304 4968 ι
348 4916 662 4986 Devorabit,
696 4919 898 4990 inquit,
935 4919 1082 4976 fetus
1115 4921 1257 4976 uteri
1287 4921 1387 4976 tui.
1423 4939 1442 4973 ι
1475 4922 1634 4988 Quod
1668 4923 1722 4976 iu
1753 4922 1992 4980 'l‘hreuis
2031 4924 2304 4982 Jcremias
2354 4927 2726 4994 lamentatur,
2758 4939 2814 4984 et
2850 4944 2878 4982 a
2901 4926 3167 4984 Romanis
3199 4928 3402 4984 factum
3433 4946 3560 4986 esse

275 5004 555 5076 Iosephus
583 5010 908 5064 narratione
941 5025 1040 5064 sua
1090 5009 1361 5080 prodidit.

356 5091 536 5148 Mollis
565 5096 619 5148 in
643 5103 690 5150 te
706 5105 752 5149 et
789 5097 1073 5152 delicatus.
1108 5096 1252 5170 ['54.]
1278 5097 1380 5165 Qui
1404 5099 1618 5156 deliciis
1643 5108 1726 5156 est
1750 5107 2023 5166 assuetus,
2069 5103 2267 5174 inquit,
2300 5103 2368 5159 ad
2401 5105 2586 5160 cibum
2616 5105 2685 5160 ab
2719 5108 2870 5162 omni
2907 5106 3250 5162 humanitate
3319 5107 3558 5162 alienum

277 5183 501 5236 redibit.
558 5183 670 5239 Nec
741 5186 960 5238 animus
1027 5187 1332 5257 quidquam
1365 5187 1434 5242 de
1477 5188 1582 5242 hoc
1627 5188 1838 5244 intimis
1872 5189 1989 5245 suis
2033 5191 2330 5264 decerpere
2368 5195 2676 5264 permittet.
2725 5195 2830 5264 Qui
2859 5196 3006 5252 enim
3039 5195 3343 5252 liberorum
3387 5211 3557 5250 unum

279 5271 634 5338 rnactaverit,
659 5288 766 5327 non
793 5271 972 5342 fratri,
1006 5288 1118 5328 non
1154 5275 1338 5339 uxori,
1369 5290 1480 5331 non
1524 5276 1713 5330 liberis
1751 5277 1880 5332 aliis
1911 5277 2214 5348 impertiet.

345 5426 394 5459 ”
433 5425 634 5502 l_l_Cor.
674 5441 711 5502 l_,
747 5427 832 5490 l9,
865 5426 956 5482 ΞΟ.
1029 5426 1398 5502 ξμϐοιοεεηιι,
1437 5431 1491 5484 5.
1568 5431 1588 5462 ³
1619 5428 1767 5502 Psal.
1810 5447 1890 5486 tv:

2005 5449 2034 5497 ν,
2064 5433 2152 5487 15.
2229 5435 2251 5466 ³
2286 5435 2430 5490 Psal.
2475 5451 2620 5498 τινι,
2653 5437 2705 5491 5.
2785 5437 2806 5469 ⁵
2839 5436 2985 5494 Psal.
3021 5454 3114 5502 xx,
3153 5439 3240 5496 15.
3312 5438 3336 5473 ⁸
3367 5439 3572 5498 Matth».

271 5511 403 5564 xm,
437 5498 536 5554 ‘20.
614 5497 634 5526 ‘
673 5497 842 5553 Amos
874 5513 989 5564 νιιι,
1022 5499 1110 5562 ll,
1149 5501 1235 5554 12.
1311 5501 1331 5532 τ
1359 5503 1465 5555 lsa.
1505 5517 1618 5566 LIX,
1657 5497 1741 5556 fl).
1819 5505 1840 5532 ⁸
1877 5504 1890 5558 l

2011 5519 2242 5572 .cavm,
2281 5506 2363 5560 l8.
2440 5508 2460 5539 °
2490 5497 2690 5563 Jerem.
2731 5525 2782 5575 v,
2829 5511 2917 5564 15.

1791 5597 2029 5656 ΝΟΤΙΕ.

349 5691 428 5770 (1)
453 5689 670 5770 hocab;
689 5688 800 5759 7&p
830 5691 1168 5770 xu‘t'éafqasv
1221 5692 1488 5770 ἄρχοντας
1533 5693 1626 5748 ἐπὶ
1678 5694 1858 5748 πᾶσαν
1897 5694 1993 5767 τὴν
2018 5697 2141 5770 γῆν.
2165 5696 2227 5754 Οἳ
2261 5700 2353 5752 καί
2389 5716 2578 5768 φασιν.
2616 5699 2875 5767 ὑπέταξε,
2912 5717 2993 5754 κτ.
3039 5700 3098 5758 Ὀ
3127 5703 3248 5757 αὐτ.
3279 5701 3414 5757 urbe.

342 5762 834 5830 (2)Διαφερόντως.
867 5761 926 5814 ὐ
960 5762 1059 5832 τῆς
1093 5763 1226 5831 Αὑγ.
1255 5761 1386 5819 auis.
