3956 6444
345 397 351 401 -
389 349 495 416 947
1729 363 2084 430 PROCOPII
2122 366 2366 429 GAZIEI
3568 373 3668 441 948

461 456 694 516 Etnova
736 463 856 536 (seu
910 461 1212 536 inopinata)
1276 468 1489 524 verbera
1537 471 1744 544 inﬂigct
1785 474 1967 528 Domi-

2141 478 2252 531 Καὶ
2278 476 2690 545 παραδοεάσει
2726 476 2948 547 Κύριος
2986 477 3094 546 τὰς
3135 478 3400 548 πληγάς
3437 495 3576 538 σου.
3602 485 3668 539 Ἦ

388 566 511 606 nus.
550 551 690 626 [δελ]
716 553 815 612 Vel
859 566 1125 616 consueta
1183 559 1475 620 intendens
1536 565 1620 622 vel
1642 580 1781 624 nova
1805 582 1968 623 exco-

2102 566 2172 631 νὰς
2208 567 2484 638 συνήθεις,
2525 567 2796 640 [τουτέστι
2825 567 3090 642 πληγὰς,]
3119 571 3453 638 ἐπιτείνων,
3487 571 3526 644 ἢ
3560 590 3672 628 καιρ-

384 654 584 717 gitans.
1197 710 1200 713 ,

2105 659 2299 731 οτέρας
2325 658 2580 716 ἐπινοῶν.

465 761 534 815 Et
555 762 810 851 pendebit
827 764 933 819 vita
958 774 1052 822 tua
1084 778 1208 824 ante
1239 772 1420 829 oculos
1451 784 1592 830 tuos.
1635 776 1780 851 [66.]
1804 777 1918 833 Hoc
1947 785 2051 844 est,
2087 778 2144 832 in
2176 777 2346 832 dubio
2375 784 2429 832 et
2462 775 2723 832 interitus
2753 775 3002 846 periculo
3025 783 3144 833 erat
3189 775 3274 841 ei,
3299 776 3404 848 qui
3441 785 3670 835 mortem

387 855 514 937 ante
537 850 701 919 pedes
723 850 1200 911 videbit.Traduci
1233 869 1418 915 autem
1454 861 1506 916 in
1535 850 1823 920 Christum
1855 881 2076 937 quoque
2107 866 2308 936 possit,
2347 865 2442 936 qui
2474 865 2612 920 dicit
2647 882 2660 919 :
2700 883 2719 917 ι
2755 863 2871 936 Ego
2899 879 3023 920 sum
3048 865 3159 919 vita
3181 865 3256 931 ¹⁰,
3293 882 3314 916 ι
3350 879 3524 935 quem
3553 880 3670 923 cunt

281 955 289 965 ο
389 951 418 991 e
451 936 600 1008 ligno
636 941 876 1008 pendere
901 943 1175 1011 viderent,
1209 946 1312 1004 ﬁde
1341 965 1453 1005 non
1489 962 1850 1024 exceperunt.

463 1024 529 1078 Et
561 1027 773 1082 reducet
805 1037 854 1083 te
883 1029 1140 1086 Dominus
1174 1035 1227 1088 in
1274 1035 1571 1108 {Egyptum
1630 1041 1852 1097 navibus
1875 1058 1966 1111 per
2017 1042 2120 1096 iter
2141 1041 2278 1112 quod
2318 1041 2415 1094 tibi
2437 1040 2560 1093 dixi
2590 1055 2609 1094 .'
2639 1038 2763 1094 Non
2805 1039 3004 1095 ridebis
3036 1041 3212 1110 ipsum
3256 1040 3532 1109 amplius,
3566 1049 3668 1098 etc.

389 1111 530 1185 [68.]
564 1113 682 1170 Non
716 1117 931 1172 reduxit
990 1119 1131 1190 ipse,
1157 1138 1348 1178 verum
1382 1128 1680 1182 redeuntes
1710 1144 1819 1183 non
1859 1111 2162 1198 prohibuit.
2205 1128 2554 1196 Argumento
2596 1125 2732 1180 illud
2765 1133 2872 1190 est,
2908 1128 2977 1181 de
3000 1141 3111 1196 quo
3130 1127 3239 1181 tibi
3275 1126 3399 1181 dixi
3438 1145 3452 1182 :
3493 1146 3514 1179 ι
3558 1127 3672 1183 Non

384 1201 601 1257 videbis
632 1203 809 1272 ipsum
839 1206 1099 1276 amplius.
1142 1227 1160 1260 ι
1193 1209 1330 1264 Cum
1365 1213 1515 1267 enim
1548 1215 1752 1269 reditio
1777 1215 1870 1269 illa
1897 1215 2014 1270 vitii
2042 1215 2164 1268 loco
2221 1221 2490 1277 vertatur,
2531 1213 2807 1282 quomodo
2865 1213 2986 1282 ipse
3027 1222 3233 1268 auctor
3271 1213 3536 1268 fuisset?
3568 1214 3675 1270 Suo

385 1289 553 1358 igitur
581 1299 754 1346 marte
777 1297 986 1349 reversi
1015 1305 1174 1363 sunt;
1203 1313 1354 1354 nunc
1378 1300 1599 1370 quidem
1625 1302 1692 1356 ab
1719 1301 1853 1373 ipsis
1881 1303 2144 1357 auxilium
2177 1312 2374 1356 contra
2400 1301 2657 1373 Assyrios
2689 1301 2945 1371 petitum,
2965 1317 3113 1356 nunc
3141 1317 3285 1358 vero
3315 1316 3347 1356 a
3380 1296 3676 1359 Nechaoné

387 1375 696 1444 Pharaone,
728 1387 782 1434 et
812 1381 936 1436 aliis
957 1379 1233 1453 Egyptiis
1265 1386 1486 1455 regibus
1515 1389 1716 1458 captivi
1752 1389 1973 1443 abducti
2005 1405 2018 1455 ;
2058 1389 2164 1444 sibi
2191 1390 2330 1460 ipsis
2370 1391 2788 1446 consciscentes
2836 1390 3004 1444 mala.
3039 1389 3413 1461 Quapropter
3456 1402 3676 1446 accusat

385 1481 481 1520 eos
505 1481 604 1536 per
636 1468 962 1538 prophetam
988 1468 1134 1525 Dens
1164 1489 1178 1526 :
1216 1487 1235 1522 ι
1269 1471 1372 1534 Qui
1437 1473 1807 1540 descendunt,
1844 1477 2124 1546 inquiens,
2185 1479 2446 1543 navibus,
2473 1478 2528 1531 in
2553 1475 2876 1550 Egyptum,
2918 1484 2978 1532 ut
3010 1478 3288 1533 auxilium
3320 1494 3354 1532 a
3391 1476 3676 1534 Pharaone

384 1552 608 1626 Egypti
636 1570 763 1623 rege
795 1567 1236 1627 consequantur.
1308 1559 1393 1615 Me
1437 1577 1568 1617 vero
1625 1563 1694 1619 de
1726 1579 1793 1620 ea
1821 1580 1882 1620 re
1908 1580 2193 1636 nunquam
2221 1567 2546 1621 salutarunt
2570 1565 2635 1620 “.
2678 1583 2698 1617 ι
2734 1564 2799 1619 Ει
2847 1565 3051 1620 iterum
3085 1581 3100 1619 :
3139 1584 3158 1617 ι
3214 1564 3377 1629 Quid
3417 1567 3524 1621 tibi
3557 1581 3676 1622 cum

382 1642 622 1714 Aigypto
653 1651 712 1696 ut
737 1644 956 1700 biberes
987 1661 1184 1714 aquam
1207 1647 1358 1704 Geon
1385 1650 1464 1704 ιιι
1487 1668 1506 1702 ι
1531 1651 1814 1722 Ejusmodi
1850 1651 1987 1708 illud
2008 1669 2227 1723 quoque
2249 1661 2335 1709 est
2364 1653 2508 1723 quod
2532 1653 2888 1723 subiungitur
2907 1669 2965 1719 ιι
2991 1653 3055 1707 Et
3085 1667 3194 1708 non
3215 1653 3384 1710 dedit
3411 1653 3673 1711 Dominus

385 1730 530 1788 Deus
559 1732 717 1792 vobis
739 1747 834 1789 cor
851 1733 918 1788 ad
944 1733 1378 1803 intelligendum,
1400 1753 1505 1795 nec
1541 1740 1734 1796 oculos
1752 1739 1821 1795 ad
1852 1740 2166 1807 videndum,
2194 1757 2294 1796 nec
2309 1756 2475 1796 aures
2495 1741 2561 1796 ad
2594 1739 2926 1796 audiendum
2954 1741 3204 1811 usquein
3223 1740 3383 1797 diem
3414 1741 3566 1797 hunc
3584 1738 3674 1798 ⁸³.»
3731 1791 3749 1811 ξ

385 1821 500 1876 Cur
535 1824 684 1878 enim
714 1824 825 1880 illis
878 1823 974 1894 qui
999 1825 1251 1896 accipere
1277 1826 1547 1898 designati
1572 1827 1795 1884 fuerant
1844 1837 1900 1884 et
1947 1846 2015 1885 ex
2040 1831 2314 1886 destinata
2379 1831 2593 1886 malitia
2634 1832 2870 1887 aversati
2922 1829 3305 1902 praebuisset?
3340 1829 3426 1884 Ac
3485 1828 3679 1886 talibus

385 1908 612 1978 quidem
644 1911 846 1967 dicitur
882 1911 1026 1966 Deus
1055 1912 1192 1967 nihil
1224 1913 1380 1971 dare.
1423 1914 1903 1981 Quemadmodum
1941 1917 2046 1973 dux
2080 1921 2386 1974 exercitum
2438 1920 2656 1975 tradere
2713 1919 2939 1984 dicitur,
2989 1917 3216 1989 quando
3253 1919 3680 1988 ingravescente

384 1999 498 2072 jam
524 2001 810 2069 conﬂictu,
841 2019 908 2061 eo
945 2004 1212 2061 derelicto
1234 2021 1299 2061 se
1333 2006 1645 2071 abduxerit,
1689 2008 1793 2064 hoc
1821 2011 1942 2080 ipso
1973 2009 2121 2078 quod
2157 2021 2260 2061 suo
2311 2006 2517 2062 auxilio
2548 2006 2803 2063 destituit
2837 2006 3112 2064 videlicet.
3147 2005 3359 2062 Simile
3391 2005 3534 2061 illud
3572 2012 3674 2062 est:

395 2109 415 2143 ι
453 2087 706 2146 Tradidit
732 2106 831 2150 eos
870 2093 1194 2164 ignominiae
1225 2109 1415 2162 casus,
1444 2106 1498 2152 et
1530 2097 1718 2154 cordis
1757 2099 1844 2154 sui
1885 2097 2258 2168 appetitiones
2297 2097 2363 2152 “.
2403 2115 2419 2147 ι
2451 2093 2512 2150 Si
2556 2095 2731 2166 igitur
2763 2110 3012 2166 praesens
3057 2110 3289 2166 quoque
3324 2095 3546 2150 dictum
3579 2109 3681 2148 non

389 2179 580 2235 eodem
616 2180 782 2236 modo
827 2181 1193 2254 intelligatur,
1256 2185 1602 2242 contrarium
1654 2185 1762 2242 erit
1796 2185 1847 2242 ei
1879 2185 2024 2256 quod
2055 2185 2339 2254 praecedit.
2383 2183 2607 2238 Dixerat
2637 2183 2786 2238 enim
2821 2198 2835 2236 :
2876 2201 2894 2235 ι
2929 2180 3044 2238 Vos
3074 2183 3310 2238 vidistis
3339 2182 3536 2235 omnia
3569 2195 3681 2250 quae

389 2265 522 2322 fecit
563 2265 853 2325 Dominus.
891 2288 910 2321 ι
945 2271 1234 2337 Quomodo
1291 2273 1465 2344 igitur
1515 2273 1712 2330 oculos
1775 2273 1886 2329 illis
1913 2272 1982 2327 ad
2013 2272 2308 2329 videndum
2363 2285 2473 2326 non
2523 2269 2849 2326 dedit?Aut
2875 2270 3140 2341 qualibus
3160 2268 3442 2324 viderunt
3465 2267 3682 2322 oculis?

395 2363 492 2410 aut
525 2358 803 2426 quomodo
829 2358 1114 2427 viderunt,
1147 2361 1197 2417 si
1232 2359 1346 2417 Deo
1369 2363 1528 2416 aliter
1562 2362 1666 2416 fuit
1697 2363 1878 2418 visum
1904 2363 1926 2416 ?
1956 2361 2160 2418 Verum
2196 2360 2500 2416 sensilibus
2523 2359 2748 2430 quidem
2786 2359 3050 2414 viderunt
3081 2358 3292 2426 oculis,
3323 2358 3532 2412 mentis
3558 2365 3679 2410 vere

384 2440 602 2500 visione
626 2446 840 2517 seipsos
868 2448 1177 2518 privavere,
1212 2450 1436 2519 pietatis
1464 2443 1836 2519 cognitionem
1865 2449 2026 2520 cujus
2061 2448 2406 2504 adminiculo
2439 2447 2692 2518 prodigia
2723 2447 2978 2503 viderant
3022 2447 3423 2516 repudiantes,
3459 2456 3680 2500 corum-

388 2553 501 2608 que
529 2552 810 2598 auctorem
836 2558 948 2598 non
981 2553 1368 2614 agnoscentes.
1415 2545 1766 2616 Quapropter
1787 2554 1844 2599 ut
1869 2560 1968 2601 eos
2003 2544 2284 2600 cautiores
2313 2543 2592 2607 redderet,
2633 2543 2886 2614 ipsorum
2928 2541 3346 2598 beneﬁciorum
3375 2556 3445 2595 ac
3495 2539 3671 2608 signo-

389 2644 515 2683 rum
552 2632 871 2687 memoriam
894 2648 1277 2703 saapcnumero
1303 2633 1547 2690 refrieat.
1584 2635 1886 2690 Denuntiat
1910 2649 2135 2705 quoque
2166 2632 2408 2687 radicem
2442 2631 2768 2688 acerbitatis
2798 2647 2864 2687 ex
2899 2630 3100 2700 seipsis
3125 2629 3491 2685 evellendam
3524 2640 3667 2689 esse,

387 2716 545 2787 juxta
574 2718 708 2773 illud
739 2737 750 2774 :
788 2738 806 2772 ι
849 2720 1166 2790 Expurgate
1194 2730 1354 2778 vetus
1381 2722 1716 2778 fermentum
1750 2729 1811 2776 ut
1843 2722 1964 2778 sitis
1992 2737 2133 2776 nova
2163 2720 2487 2790 conspersio
2514 2719 2580 2774 ¹¹¹.
2625 2739 2644 2772 ι
2672 2718 2726 2773 Si
2760 2734 2893 2774 vero
2925 2718 3053 2787 quis
3080 2716 3338 2788 perﬁdus
3369 2723 3459 2770 est
3491 2729 3520 2767 a
3551 2727 3674 2767 con-

391 2808 569 2861 sortio
595 2819 778 2863 vestro
797 2823 1109 2876 separetur,
1145 2811 1351 2880 inquit,
1383 2826 1450 2866 ne
1473 2819 1706 2866 sanctus
1737 2810 1940 2879 aliquis
1969 2824 2158 2865 secum
2184 2809 2395 2874 volvat,
2430 2809 2486 2862 in
2515 2809 2883 2878 perversitate
2917 2807 3103 2862 cordis
3136 2807 3246 2861 mei
3311 2819 3419 2876 ego
3466 2813 3674 2872 quoque

392 2892 665 2961 incedam,
726 2910 790 2951 ac
834 2895 1006 2952 simul
1079 2912 1110 2952 a
1160 2898 1406 2969 peccatis
1455 2913 1694 2952 vacuum
1719 2899 1886 2954 etiam
1939 2896 2174 2970 perdat:
2211 2913 2230 2948 ι
2281 2894 2572 2950 Paululum
2606 2896 2756 2951 enim
2797 2895 3058 2952 fermenti
3094 2900 3276 2949 totam
3313 2903 3565 2948 massam
3591 2888 3673 2943 in-

393 2981 510 3037 ﬁcit
543 2983 610 3038 ¹⁶.
643 3003 662 3036 ι

467 3095 534 3151 Et
563 3096 701 3150 dicet
733 3097 1004 3167 generatio
1070 3098 1334 3165 posterior
1391 3099 1495 3168 filii
1546 3115 1731 3153 eorum
1771 3099 1862 3170 qui
1911 3099 2222 3154 exorientur
2251 3114 2317 3153 ea:
2359 3099 2526 3167 vobis,
2550 3108 2600 3154 et
2627 3099 2836 3154 alienus
2863 3098 2955 3169 qui
2978 3097 3236 3152 venietde
3273 3105 3431 3150 terra
3453 3099 3670 3147 remota.

331 3172 346 3189 ’
396 3184 620 3259 [XXIX,
653 3184 773 3256 22.]
807 3183 1234 3240 Generatienem
1263 3186 1490 3241 alteram
1521 3197 1727 3244 coetum
1769 3203 1836 3243 ex
1864 3188 2121 3258 gentibus
2155 3179 2448 3245 collectum
2480 3196 2661 3244 vocat.
2687 3185 3172 3254 Quemadmodum
3219 3183 3400 3240 David
3427 3195 3681 3254 quoque:_

404 3296 422 3326 ι
461 3272 748 3342 Divulgate
805 3272 859 3327 in
908 3272 1324 3342 generationem
1361 3274 1614 3340 alteram,
1651 3273 1799 3343 quod
1839 3274 1956 3344 ipse
1994 3273 2137 3331 Deus
2175 3285 2358 3332 vester
2417 3284 2503 3332 est
2542 3277 2607 3330 ’7.
2643 3295 2662 3328 ›
2695 3277 2762 3331 Et
2819 3262 3022 3331 iterum
3055 3292 3070 3329 :
3118 3292 3138 3325 ι
3177 3274 3436 3345 Populus
3467 3280 3671 3342 quoque

395 3361 710 3432 acquisitus
738 3359 984 3414 laudabit
1003 3359 1298 3436 Dominum
1333 3359 1396 3412 ¹⁸.
1446 3380 1464 3412 ι
1499 3359 1665 3432 460
1697 3361 1759 3416 Ει
1783 3361 2019 3417 iterum:
2051 3381 2069 3416 ι
2111 3364 2513 3420 Accensebitur
2547 3364 2596 3419 ei
2629 3364 2914 3435 generatio
2937 3371 3197 3426 ventura,
3229 3369 3287 3416 et
3309 3357 3670 3417 enuntiabunt

391 3448 669 3522 justitiam
701 3447 822 3518 ejus
865 3448 1066 3519 pepulo
1096 3446 1383 3504 nescituro
1413 3449 1476 3502 ‘9.
1521 3468 1538 3500 ι
1571 3447 1744 3514 Quem
1801 3449 2071 3506 Dominus
2125 3449 2277 3506 fecit.
2309 3452 2377 3505 At
2429 3465 2551 3520 qua:
2593 3451 2712 3506 haec
2746 3450 3028 3521 generatio
3067 3465 3164 3505 seu
3210 3449 3303 3503 hic
3352 3446 3587 3520 populus
3606 3443 3671 3499 sit

393 3539 608 3612 Moyses
636 3537 947 3621 subjunx'it,
984 3536 1177 3592 dicens
1208 3552 1220 3588 :
1258 3553 1277 3588 ι
1305 3537 1383 3592 Ac
1408 3536 1593 3592 dicent
1623 3552 1817 3594 omnes
1851 3547 2069 3610 gentes:
2095 3537 2278 3606 Quare
2311 3539 2394 3596 sic
2426 3537 2555 3594 fecit
2597 3536 2870 3592 Dominus
2896 3546 3059 3592 terrae
3087 3537 3265 3592 huic?

464 3670 696 3728 Terram
751 3687 882 3728 vero
945 3688 1055 3727 non
1104 3671 1365 3728 sensilem
1404 3672 1697 3743 concipere
1738 3679 1979 3743 oportet.

2157 3671 2267 3740 Γῆν
2294 3670 2357 3724 οὗ
2386 3671 2486 3742 τὴν
2549 3669 2818 3740 αἰσθητήν
2839 3685 2851 3698 ·
2883 3667 3073 3742 [ἑτέρα
3102 3669 3214 3741 γὰρ
3253 3669 3362 3740 οὐχ
3405 3667 3671 3736 ἱστόρηται

394 3765 474 3820 De
512 3765 664 3819 nulla
695 3764 900 3819 etenim
937 3771 1080 3818 terra
1127 3770 1328 3834 praeter
1385 3761 1751 3818 Sodomorum
1785 3771 1842 3817 et
1878 3761 1988 3816 Go-

399 3857 640 3912 morrhaa
664 3856 810 3928 quod
849 3856 989 3910 mala
1045 3854 1192 3926 ignis
1231 3864 1288 3910 et
1348 3855 1483 3910 salis
1525 3854 1600 3910 sit
1637 3869 1899 3925 perpessa
1931 3855 1989 3909 in

353 4012 358 4017 ,
396 3951 653 4007 historiis
681 3958 886 4006 exstat.
931 3949 1007 4004 De
1037 3963 1101 4004 ea
1136 3964 1267 4004 vero
1297 3963 1550 4018 qum-per
1587 3948 1819 4016 ﬁguram
1847 3948 1990 4002 dici-

398 4053 512 4111 tur,
549 4060 672 4115 quae
699 4059 826 4098 cum
884 4043 1018 4096 olim
1052 4050 1202 4098 esset
1228 4041 1433 4097 fertilis
1471 4042 1527 4095 in
1562 4042 1734 4097 salem
1768 4051 1992 4111 propter

397 4135 715 4199 incolarum
779 4134 1196 4204 improbitatem
1262 4133 1485 4189 redacta
1531 4133 1599 4198 '°,
1647 4149 1711 4187 ac
1742 4134 1869 4202 igne
1904 4148 1993 4190 as-

399 4239 620 4298 sumpta
660 4227 784 4283 fuit.
817 4227 957 4281 Nam
997 4227 1235 4282 nubibus
1280 4224 1562 4280 mandavit
1606 4224 1895 4292 Dominus,
1927 4239 1992 4280 ne

397 4321 590 4393 pluvia
615 4319 921 4388 irrigarent
985 4334 1105 4373 eam
1136 4319 1211 4376 ".
1237 4316 1411 4382 Quam
1461 4316 1689 4386 spiritus
1719 4316 1848 4370 item
1883 4317 1993 4370 im-

395 4411 639 4468 mundus
656 4420 848 4482 utpote
872 4409 1085 4465 aridam
1106 4415 1159 4463 et
1181 4424 1211 4462 a
1239 4408 1345 4464 Deo
1363 4408 1638 4464 desertam
1657 4413 1902 4478 permeat
1922 4406 1991 4460 ²¹.

398 4507 532 4575 Quae
560 4506 782 4577 quidem
812 4519 914 4560 nec.
957 4510 1197 4568 seretur,
1239 4517 1420 4572 neque
1451 4488 1995 4573 germinabit,quan-

399 4599 608 4654 tumvis
662 4598 848 4654 virens
907 4606 1004 4654 aut
1058 4613 1252 4654 recens
1315 4613 1540 4668 germen
1582 4597 1787 4668 politiae
1827 4613 1998 4652 evan-

406 4692 596 4762 gelicae
631 4694 684 4746 in
715 4707 836 4747 eam
897 4693 1172 4759 mittatur,
1214 4689 1536 4747 volatilibus
1569 4690 1694 4746 coeli
1741 4705 1805 4746 ea
1837 4688 1998 4745 abri-

406 4785 687 4857 pientibus
721 4787 788 4841 ".

479 4875 600 4932 Erit
623 4892 756 4932 vero
785 4875 934 4932 sicut
966 4875 1206 4931 Sodoma
1251 4883 1308 4931 et
1351 4874 1682 4941 Gomorrha,
1717 4873 1829 4929 imo
1866 4887 1999 4929 vero

402 4970 606 5026 melius
639 4969 924 5025 habebunt
950 4968 1071 5023 istae
1093 4968 1148 5022 in
1177 4966 1482 5036 diejudicii
1514 4982 1677 5036 quam
1702 4976 1846 5021 terra
1870 4966 1998 5021 ista.

2092 3765 2188 3837 γῆ,
2221 3763 2362 3834 πλὴν
2386 3764 2635 3835 Σοδόμων
2683 3762 2778 3817 καὶ
2807 3760 3100 3834 Γομόρρας
3145 3763 3217 3816 τὰ
3260 3761 3365 3816 τοῦ
3392 3759 3563 3833 πυρὸς
3588 3757 3671 3810 καὶ

2091 3857 2201 3910 τῶν
2227 3844 2374 3910 ἁλῶν
2433 3854 2776 3926 ὑπομείνασα
2815 3853 3026 3925 πάθη·]
3067 3852 3205 3908 ἀλλὰ
3265 3853 3370 3925 τὴν
3413 3846 3673 3922 τροπικῶς

2093 3950 2400 4020 λεγομένην
2425 3949 2530 4020 γῆν
2552 3964 2566 3980 ο
2617 3948 2742 4019 ἥτις
2773 3948 2870 4002 καὶ
2905 3947 3075 4001 πάλαι
3118 3945 3475 4018 καρποφόρος
3510 3939 3668 4009 ὑπάρ·

2093 4058 2288 4114 χουσα,
2325 4039 2678 4112 μετεστράφη
2709 4041 2790 4101 εἰς
2830 4038 3014 4111 ἅλμην
3052 4039 3160 4092 ἀπὸ
3191 4039 3400 4101 κακίας
3426 4035 3532 4089 τῶν
3557 4034 3672 4085 ὲνοι-

2095 4135 2334 4191 κούντων
2350 4135 2409 4188 ὲν
2438 4135 2600 4206 αὐτῇ,
2631 4133 2749 4205 [καὶ
2767 4133 2959 4202 γέγονε
2983 4131 3472 4203 κατακεκαυμένη,
3497 4123 3667 4192 ἐπειδὴ

2095 4231 2214 4292 ταῖς
2253 4227 2508 4296 νεφέλαις
2571 4225 2877 4280 ἐνετείλατο
2926 4223 3133 4296 Κύριος
3181 4224 3278 4278 τοῦ
3332 4223 3411 4296 μὴ
3473 4219 3666 4292 βρέχειν

2096 4319 2253 4377 ὑετὸν
2304 4317 2394 4373 ἐπ’
2445 4318 2640 4389 αὐτήν.
2691 4317 2805 4372 Καὶ
2841 4316 3231 4388 διαπορεύεται
3278 4315 3343 4369 τὸ
3374 4313 3665 4382 ἀκάθαρτον

2097 4413 2318 4486 πνεῦμα
2356 4412 2460 4482 γῆν
2500 4410 2858 4482 ὑπάρχουσαν
2899 4408 3127 4481 ἄνυδρον
3158 4409 3252 4464 καὶ
3283 4409 3488 4481 ἔρημον
3524 4399 3664 4457 Θεοῦ.

2099 4507 2264 4570 Ἥτις
2285 4505 2347 4558 οὐ
2380 4503 2720 4576 σπαρήσεται
2760 4501 2882 4556 οὐδὲ
2910 4501 3186 4566 ἀνατελεί,
3215 4501 3322 4556 κᾶν
3351 4499 3528 4570 σπαρῇ
3569 4493 3664 4546 πᾶν

2098 4601 2308 4673 χλωρὸν
2340 4601 2396 4654 ὲν
2429 4597 2618 4671 αὑτῇ,]
2644 4597 2705 4652 τὸ
2735 4597 2854 4652 νέον
2891 4596 3179 4668 βλάστημα
3195 4595 3294 4666 τῆς
3318 4583 3664 4661 εὐαγγελικῆς

2101 4693 2406 4758 πολιτείας,
2445 4692 2536 4747 διὰ
2563 4693 2661 4763 τὴν
2687 4691 2888 4746 κακίαν
2945 4690 3113 4760 αὐτῆς
3159 4687 3428 4759 δηλονότι,
3460 4683 3562 4737 τῶν
3581 4692 3662 4731 πε-

2102 4786 2295 4840 τεινῶν
2337 4783 2692 4856 ἁρπαζόντων
2714 4783 2807 4836 τὸν
2837 4781 3060 4852 σπόρον.

2175 4877 2376 4931 Ἐσται
2437 4875 2495 4929 δὲ
2541 4873 2617 4936 ὡς
2677 4872 2886 4942 Σόδομα
2938 4872 3033 4926 καὶ
3074 4872 3350 4945 Γόμορρα,
3396 4865 3587 4940 μᾶλλον
3613 4857 3662 4910 δὲ

2104 4971 2464 5040 ἀνεκτότερον
2514 4967 2669 5020 ἔσται
2713 4965 2965 5028 ταύταις,
3026 4964 3059 5036 ἢ
3108 4967 3176 5038 τῇ
3247 4966 3319 5036 γῇ
3375 4957 3570 5028 ἐκείνῃ,
3606 4947 3663 5040 ἢν

406 5065 584 5131 Quam
618 5061 973 5134 conspiciunt
1004 5061 1095 5131 qui
1134 5060 1189 5114 in
1214 5065 1360 5114 terra
1393 5059 1701 5131 longinqua
1737 5057 1985 5121 veniunt,

2102 5063 2335 5136 δρῶντες
2367 5037 2432 5115 ἐκ
2472 5059 2572 5130 γῆς
2606 5056 2902 5130 μακρόθεν,
2931 5037 3210 5110 τουτέστιν
3236 5056 3286 5108 οἱ
3308 5050 3438 5107 ποτὲ
3469 5037 3663 5136 μακρὰν

405 5157 512 5213 Ιιοο
534 5164 638 5222 est,
673 5155 872 5228 pagani
901 5154 990 5228 qui
1031 5169 1061 5208 a
1095 5153 1206 5209 Deo
1234 5152 1396 5221 longe
1440 5151 1568 5206 Olim
1608 5161 1788 5215 erant,
1817 5149 1995 5205 idolo-

405 5250 564 5307 latris
611 5247 1122 5318 contemplantibus
1173 5241 1784 5316 percontantibusque,
1851 5239 1996 5312 quod

409 5340 824 5412 dercliquerunt
854 5347 1247 5396 testamentum
1302 5335 1545 5400 Domini,
1581 5333 1805 5389 dicent:
1845 5353 1861 5386 ι
1888 5332 1997 5388 Ne-

411 5448 522 5504 que
545 5432 831 5488 distribuit
854 5429 1002 5497 illis;
1042 5449 1059 5482 ›
1109 5427 1521 5501 Symmachus:
1568 5427 1747 5494 Neque
1807 5440 1996 5480 cont-e—

410 5527 590 5584 uiebat
619 5527 748 5582 illis.

484 5687 528 5717 ¹⁰
567 5682 727 5739 Joan.
762 5700 875 5750 xlv,
910 5681 963 5738 6.
1043 5684 1084 5716 “
1121 5681 1224 5741 Isa.
1263 5699 1396 5748 xxx,
1426 5681 1482 5746 2;
1511 5699 1657 5743 εχει,
1697 5683 1746 5735 l.

407 5772 462 5827 ν,
499 5758 550 5827 'i.
656 5753 908 5827 fiGalat.
949 5770 1003 5816 ν,
1030 5755 1082 5808 9.
1117 5826 1125 5827 ί
1202 5753 1449 5827 "Psala
1485 5753 1607 5822 scr],
1642 5755 1727 5827 16.

411 5823 470 5896 γ,
492 5825 547 5881 6.
625 5826 669 5857 "
705 5825 895 5881 Matth.
930 5839 1028 5887 xn,
1061 5826 1149 5879 43.
1227 5825 1270 5856 ’³
1301 5823 1494 5878 Matth.
1523 5839 1641 5880 xm.
1669 5824 1722 5878 4.

2106 5128 2316 5211 ὲδνικοὶ
2348 5154 2443 5209 τοῦ
2476 5128 2636 5219 Θεοῦ,
2663 5128 2846 5224 ἐροῦσι
2872 5152 2985 5214 τοῖς
3015 5149 3452 5220 εἰδωλολάτραις,
3510 5128 3660 5210 ὁρῶσί

2100 5266 2160 5303 τε
2206 5249 2300 5303 ιιιπύ¹
2329 5243 2776 5318 πυνθανομένοις,
2809 5243 2893 5298 ὅτι
2927 5243 3249 5298 κατέλειπον
3280 5240 3378 5312 τὴν
3419 5230 3660 5300 διαθήκην

2103 5341 2335 5415 Κυρίου.

1826 5676 2100 5759 δενεειι
2127 5675 2190 5743 ην
2208 5677 2298 5759 l§~
2373 5673 2421 5759 .‘.'
2446 5671 2604 5759 ρευι·
2630 5675 2856 5759 um}:
2935 5669 3167 5759 ’ἴηίέρῑπεσ
3201 5663 3402 5759 93*...
3427 5655 3468 5688 "
3493 5647 3642 5759 2.0.2::

1840 5718 1986 5802 "'5'.

2102 5718 2298 5816 ιζ’ἱὸἷ
2373 5745 2416 5777 ι’
2446 5718 2604 5802 ῑῖέξῐὶ
2631 5718 2874 5812 'il'ﬁ'ié.
2953 5718 3170 5796 "ria—'1'.
3202 5718 3315 5807 Ενῖ.
3345 5731 3427 5790 διο
3495 5718 3641 5778 ’¹¹⁸⁸·
