3956 6454
402 333 497 403 951
1692 345 2007 407 PROCOPI
2024 347 2047 406 Ι
2096 348 2336 409 GAZEI
3580 359 3675 423 959

401 465 486 510 set
512 451 684 525 igitur
711 453 800 512 lex
820 469 943 526 qua:
970 454 1285 528 depeccato
1307 464 1555 526 accusat,
1588 466 1645 515 et
1666 460 2143 518 eoudemnationis
2165 461 2535 519 ministerium
2563 471 2649 522 est
2683 481 2699 521 :
2740 485 2760 520 ι
2789 466 2974 540 anue
2999 475 3084 525 est
3121 483 3229 541 per
3279 483 3452 537 quam
3504 477 3674 533 omnia

400 546 506 599 sub
550 555 836 615 peccatum
863 546 1142 603 conclusit
1172 546 1335 614 Deus,
1368 554 1431 603 ut
1460 549 1709 605 omnium
1745 551 2075 607 misereatur
2091 551 2159 605 ³⁸.
2191 570 2210 603 ι
2241 549 2363 607 Non
2399 552 2673 623 ignoravit
2701 563 2883 610 autem
2945 555 3125 612 Moses
3191 557 3521 617 Servatoris
3568 579 3671 615 ma-

396 631 678 702 jestatem,
712 648 813 690 nec
862 633 1010 704 quod
1067 634 1142 689 illi
1197 643 1313 690 tota
1374 635 1686 692 daemonum
1719 637 1802 693 vis
1830 637 2139 708 subjectum
2162 649 2312 695 esset
2352 640 2499 694 itura
2526 647 2680 710 patre
2737 641 2912 714 ipsius
2947 643 3226 700 subdente
3252 645 3521 715 imperio,
3570 649 3676 707 haec

318 756 324 779 ε
398 722 546 774 enim
574 736 742 791 parva
779 721 1179 792 signiﬁcatione
1214 723 1551 779 indicantur.
1579 724 1691 783 Nec
1716 742 1848 784 vero
1879 727 2026 798 quod
2045 742 2149 783 nos
2179 726 2298 797 ipse
2322 726 2380 782 in
2407 734 2615 782 terram
2644 742 2771 784 vere
2800 737 3074 797 sanctam,
3101 732 3156 785 in
3193 746 3488 800 supernas
3525 735 3675 793 sedes

402 809 715 866 adduxerit.
749 809 880 867 Plus
904 825 1034 867 vero
1055 827 1236 883 operae
1269 828 1434 883 quam
1468 815 1632 871 Pater
1666 825 1890 887 propter
1913 816 2309 872 humanitatem
2352 815 2604 873 conferre
2626 816 2853 876 dicitur.
2878 817 3379 886 Quemadmodum
3444 822 3581 880 illud
3622 840 3678 883 se

398 910 620 965 quoque
653 896 815 952 habet
850 914 865 952 :
905 917 924 950 ι
948 896 1069 953 Non
1094 899 1372 970 relinques
1400 902 1642 957 animam
1667 918 1843 958 meam
1877 904 2018 972 apud
2043 902 2252 960 inferos
2275 906 2342 962 ⁸⁷.
2370 926 2389 959 ι
3334 928 3341 937 -

469 983 511 1036 Α
534 985 639 1053 [ine
661 995 852 1054 septem
887 1003 1151 1042 annorum
1169 989 1223 1043 in
1242 998 1382 1043 stato
1399 990 1529 1058 festo
1546 991 1675 1045 anni
1692 991 2016 1046 remissionis
2041 993 2097 1047 in
2117 992 2457 1049 solemnitate
2487 993 2993 1052 Tabernaculorum.
3020 995 3246 1070 [XXXL
3274 996 3396 1070 10.]
3418 999 3680 1058 Numerus

390 1075 747 1146 septenarius
786 1077 1052 1148 temporis
1084 1078 1323 1148 spatium
1357 1086 1485 1136 ante
1515 1080 1813 1136 adventum
1838 1078 2041 1136 Christi
2065 1089 2318 1136 exactum
2355 1090 2732 1153 repraesentat.
2763 1083 2925 1141 Sicut
2963 1084 3098 1140 illud
3129 1105 3142 1141 :
3210 1106 3232 1138 ι
3282 1084 3516 1143 Sterilis
3562 1102 3680 1159 sep-

397 1172 505 1217 tem
535 1166 747 1235 peperit
775 1166 842 1221 ³⁸.
882 1184 901 1219 ι
947 1166 1076 1223 Item
1111 1167 1242 1222 illud
1275 1188 1287 1222 :
1331 1189 1348 1220 ι
1378 1167 1456 1225 Ne
1482 1169 1618 1226 ﬁdas
1644 1170 1870 1225 inimico
1899 1178 2016 1234 tuo,
2045 1176 2256 1239 septem
2290 1169 2437 1224 enim
2479 1171 2691 1227 scelera
2722 1171 2778 1226 in
2816 1173 2985 1228 corde
3014 1172 3137 1244 ejus
3199 1182 3344 1229 sunt
3360 1174 3432 1227 ³ο.
3462 1193 3482 1226 ι
3549 1173 3674 1230 Item

396 1251 530 1306 illud
564 1252 617 1307 in
648 1252 960 1311 Proverbiis
988 1273 1005 1311 :
1039 1274 1058 1308 ι
1092 1254 1308 1328 Septies
1338 1258 1485 1314 cadit
1512 1257 1699 1328 justus
1724 1266 1780 1312 et
1800 1265 2048 1328 resurget
2066 1256 2132 1310 ⁸ο.
2161 1275 2178 1310 ι
2214 1257 2494 1314 Numerus
2524 1259 2672 1314 enim
2709 1259 2813 1316 iste
2845 1260 3047 1331 ubique
3084 1261 3409 1332 Scriptura:
3438 1262 3680 1319 multitu-

395 1338 579 1396 dinem
614 1341 858 1398 denotat.
892 1343 1038 1399 Ante
1072 1344 1367 1400 adventum
1405 1345 1572 1416 igitur
1607 1345 1816 1402 Christi
1846 1346 1954 1402 etsi
1978 1343 2063 1400 lex
2084 1346 2444 1409 recitabatur,
2477 1362 2587 1402 non
2620 1355 2803 1402 tamen
2827 1357 2889 1403 ut
2922 1348 3243 1406 disceretur
3302 1349 3523 1418 ﬁebat;
3572 1336 3681 1409 non

396 1430 542 1483 enim
577 1429 749 1502 legem
781 1431 925 1487 sicut
954 1433 1263 1503 oportebat,
1297 1432 1650 1504 perfecteque
1682 1434 2110 1507 cognoscebant.
2141 1432 2375 1502 Quando
2404 1424 2536 1491 vero
2567 1434 2821 1493 Christus
2868 1435 3106 1492 adventu
3140 1437 3213 1493 ad
3244 1451 3357 1494 nos
3397 1437 3547 1494 facto
3602 1455 3681 1497 re-

396 1517 716 1573 missionem
751 1527 1108 1589 peccatorum
1146 1521 1305 1576 nobis
1335 1522 1693 1589 condonavit,
1724 1531 1777 1579 et
1808 1539 1837 1579 a
1861 1522 2143 1585 servitute,
2171 1521 2634 1592 quemadmodum
2666 1524 2723 1578 in
2757 1537 2904 1577 anno
2933 1523 3291 1581 remissionis
3353 1534 3677 1582 consuetum

393 1614 535 1668 erat,
573 1604 845 1662 liberavit.
880 1606 1113 1674 Quando
1143 1607 1307 1664 etiam
1339 1609 1765 1666 resurrectionis
1785 1617 2025 1680 tempus,
2061 1609 2223 1679 cujus
2246 1609 2475 1680 ﬁguram
2505 1610 2743 1679 praetulit
2778 1609 3297 1666 Taberuaculorum
3337 1612 3677 1681 solemnitas,

393 1707 506 1763 quo
537 1708 772 1764 corpora
830 1706 1021 1751 nostra
1048 1711 1080 1752 e
1114 1704 1262 1753 terra
1309 1699 1764 1763 corroborantur,
1828 1699 2109 1754 evolutum
2137 1704 2222 1753 est
2258 1714 2273 1750 :
2303 1703 2439 1752 tunc
2489 1697 2886 1753 humanitatem
2939 1713 3055 1753 suae
3111 1710 3339 1755 natura
3366 1699 3677 1777 ιἰηιεθετίιειιὶ

391 1782 734 1848 restituit,et
762 1783 830 1838 ad
855 1784 1158 1855 discipulos
1186 1785 1323 1840 dixit
1357 1803 1370 1840 :
1410 1803 1430 1837 ι
1457 1786 1701 1856 Accipite
1736 1784 2003 1857 Spiritum
2030 1785 2356 1841 sanctum“.
2392 1804 2412 1839 ι
2442 1783 2673 1852 Quando
2689 1788 2854 1842 etiam
2880 1790 3078 1842 mentis
3109 1799 3325 1843 nostrae
3357 1789 3510 1842 oculi
3540 1798 3679 1855 pate-

394 1870 527 1926 facti
555 1882 702 1941 sunt,
740 1884 797 1928 ut
829 1876 999 1945 legem
1024 1876 1339 1946 intelligant
1369 1892 1491 1947 qua:
1518 1892 1615 1932 eos
1645 1878 1780 1933 olim
1812 1876 2037 1932 latebat.
2068 1873 2562 1947 Congregabantur
2610 1874 2740 1930 item
2772 1874 2828 1929 in
2858 1889 2924 1929 eo
2953 1874 3076 1929 loco
3099 1889 3271 1945 quem
3332 1875 3675 1931 demonstra-

391 1962 495 2029 vit,
525 1961 577 2015 in
610 1960 854 2019 Ecclesia
913 1978 1129 2034 nempe.
1191 1964 1309 2019 illic
1341 1965 1485 2020 enim
1511 1981 1632 2022 eam
1660 1965 1865 2021 Christi
1919 1965 2177 2039 discipuli
2212 1966 2592 2034 declararunt,
2634 1964 2855 2021 dicente
2889 1963 3059 2020 Paulo
3091 1984 3104 2021 :
3137 1964 3325 2021 «Nam
3355 1966 3406 2022 si
3465 1966 3679 2036 sanguis

393 2060 682 2108 taurorum
710 2063 764 2108 et
795 2054 1097 2121 hircorum,
1122 2065 1175 2110 et
1208 2055 1354 2111 cinis
1392 2055 1662 2126 juvencae,
1723 2070 2035 2127 aspergensv
2074 2058 2420 2130 inquinatos,
2453 2056 2525 2113 ad
2561 2057 2746 2113 carnis
2801 2056 3255 2127 puriﬁcationem
3320 2057 3671 2121 sanctiﬁcat,

389 2151 598 2210 quanto
615 2142 787 2214 magis
815 2143 1042 2213 sanguis
1072 2143 1378 2198 Christi“?
1408 2161 1427 2195 ι
1453 2142 1520 2198 Ει
1552 2144 1753 2200 iterum
1790 2164 1804 2201 :
1841 2165 1860 2198 ι
1883 2146 2096 2203 Pascha
2125 2148 2271 2203 enim
2302 2156 2554 2203 nostrum
2590 2145 2936 2200 immolatum
2997 2152 3101 2210 est,
3140 2133 3443 2201 'Christus
3491 2143 3674 2199 videli-

390 2229 559 2285 cet".
594 2247 614 2281 ι
644 2227 710 2284 Et
737 2232 935 2286 iterum
967 2248 980 2286 :
1020 2249 1040 2283 ι
1067 2230 1240 2291 Dicite
1260 2233 1394 2288 mihi
1423 2247 1523 2289 vos
1557 2233 1651 2303 qui
1684 2234 1790 2289 sub
1815 2235 1936 2306 lege
1963 2250 2089 2293 esse
2112 2236 2301 2303 vultis,
2333 2249 2403 2289 an
2435 2233 2607 2305 legem
2633 2232 2936 2305 agnoscitis
2971 2247 3070 2289 seu
3099 2230 3342 2304 legitis?
3398 2230 3668 2303 Scriptum

389 2318 536 2372 enim
569 2328 653 2375 est
677 2336 691 2374 :
712 2320 987 2375 Abraham
1022 2324 1162 2377 duos
1194 2321 1385 2377 habuit
1420 2320 1563 2377 ﬁlios
1595 2321 1664 2390 “,
1693 2341 1712 2374 ι
1740 2329 1796 2378 et
1830 2338 1952 2393 quae
1981 2324 2265 2394 deinceps.
2670 2325 2674 2328 ’

469 2406 604 2462 Ecce
660 2417 716 2462 tu
765 2409 996 2465 dormies
1056 2425 1174 2464 cum
1222 2409 1462 2479 patribus
1510 2411 1635 2469 tuis.
1701 2408 1856 2484 [l6.]
1917 2408 2229 2467 Notandum
2292 2411 2474 2467 obiter
2533 2416 2663 2475 est,
2715 2408 2865 2478 quod
2923 2423 3075 2466 mors
3117 2408 3172 2464 in
3214 2407 3410 2466 Veteri
3479 2405 3665 2464 Testa-

391 2507 577 2555 mento
605 2499 828 2571 requies
879 2516 977 2558 seu
1029 2515 1260 2557 somnus
1312 2506 1563 2557 vocatur.
1610 2499 1716 2556 Per
1756 2511 1946 2572 patres
1995 2515 2129 2557 vero
2185 2498 2426 2572 majores
2473 2498 2528 2554 in
2594 2495 2871 2570 spirituali
2939 2498 3274 2571 cognatione
3353 2496 3656 2569 intelligen-

390 2587 522 2642 dum
551 2595 660 2644 est.

461 2695 692 2753 Scribite
714 2698 875 2753 verba
917 2697 1077 2768 hujus
1129 2697 1350 2752 cantici.
1380 2695 1524 2770 [19.]
1580 2694 1760 2769 Digito
1814 2697 2023 2769 quasi!

2152 2697 2437 2769 Γράψατε
2478 2696 2551 2752 τὰ
2588 2695 2829 2767 ῥήματα
2856 2695 2965 2765 τῆς
2991 2694 3153 2765 ᾠδῆς
3172 2696 3433 2764 ταύτης.
3462 2692 3538 2749 Th
3562 2690 3663 2747 δει-

390 2790 484 2848 hic
511 2801 869 2857 monstratur,
892 2791 1039 2862 quod
1068 2790 1313 2846 futurum
1338 2797 1480 2856 erat,
1504 2789 1952 2861 quemadmoduu

2105 2789 2271 2845 ιτικὸν
2323 2788 2562 2844 ἐνταῦθα
2614 2789 2743 2862 περὶ
2794 2787 2890 2841 τοῦ
2948 2787 3269 2858 μέλλοντος,
3298 2786 3379 2850 ὡς
3412 2786 3472 2840 ὲν
3504 2786 3667 2855 Εὐαγ-

390 2881 450 2939 in
475 2882 775 2955 Evangelio
802 2903 814 2939 :
851 2903 869 2936 ι
894 2882 1223 2956 Quicunque
1253 2882 1480 2940 solverit
1509 2896 1676 2939 unum
1701 2897 1771 2938 ex
1812 2896 1943 2939 man

2046 2885 2051 2890 ’
2085 2882 2251 2954 γελῐῳ
2269 2900 2283 2914 ο
2326 2902 2346 2935 ι
2388 2883 2485 2946 ⁸ος
2509 2880 2575 2937 ἂν
2605 2880 2743 2954 λύσῃ
2770 2881 2902 2953 μίαν
2923 2878 3032 2934 τῶν
3066 2878 3304 2935 ἐντολῶν
3328 2876 3557 2933 τούτων.
3582 2894 3600 2929 ι

391 2973 649 3065 datis'his
664 2976 728 3027 ⁸⁸.

464 3090 754 3147 Canticum
790 3102 972 3147 autem
1008 3099 1092 3149 est
1138 3093 1410 3164 theologia
1433 3131 1448 3158 ,
1483 3107 1608 3164 quae
1642 3092 1786 3150 veris
1817 3074 1872 3148 Et
1897 3090 2070 3149 rectis
2094 3089 2451 3163 dogmatibus
2482 3095 2570 3146 est
2622 3086 2880 3151 fundata,
2927 3102 3094 3159 quam
3146 3086 3291 3158 justi
3325 3085 3511 3142 anima
3558 3082 3669 3141 sola

393 3194 595 3251 magno
626 3179 813 3236 studio
839 3189 895 3235 et
924 3195 1057 3235 cura
1089 3194 1282 3236 secum
1339 3180 1642 3237 destinavit
1706 3180 1839 3237 Deo.
1886 3180 1980 3237 Vel
2015 3187 2169 3236 certe
2213 3194 2320 3233 vox
2370 3186 2458 3235 est
2492 3185 2686 3248 argute
2713 3192 2780 3233 ae
2805 3178 3102 3242 concinne,
3133 3176 3355 3247 absque
3404 3182 3662 3241 concentu

394 3267 591 3339 organi
620 3267 854 3324 reddita.
881 3267 1236 3340 Quaecunque
1268 3270 1414 3325 enim
1449 3269 1597 3326 nuda
1625 3277 1681 3325 et
1716 3270 1998 3327 abstracta
2022 3266 2491 3337 contemplatione
2521 3279 2586 3320 ac
2624 3264 2900 3338 theologia
2936 3265 3514 3337 comprehenduntur,
3569 3260 3663 3315 hoc

395 3356 638 3413 nominis
667 3357 999 3412 sortiuntur.

462 3443 627 3517 462
660 3444 877 3500 Librum
939 3444 1079 3498 hunc
1121 3450 1398 3513 acceptum
1448 3440 1684 3510 reponite
1719 3441 1777 3497 in
1804 3441 1969 3525 latere
2029 3457 2171 3496 arcte
2225 3440 2460 3511 {cedet-is.
2497 3440 2637 3515 [26.]
2668 3442 2941 3499 Caeterum
2993 3442 3049 3498 in
3099 3443 3354 3498 medium
3417 3437 3659 3497 concedit

392 3530 481 3588 lex
513 3570 528 3596 ,
571 3532 780 3607 indicio
837 3531 991 3602 quod
1041 3545 1183 3585 nova
1246 3545 1346 3601 per
1394 3528 1678 3586 Christum
1737 3530 1948 3586 edenda
2011 3529 2241 3584 oracula
2299 3544 2406 3584 non
2453 3530 2616 3600 longe
2656 3529 2767 3584 sint
2844 3529 3126 3585 defutura.
3206 3529 3350 3585 Nam
3401 3537 3455 3585 et
3502 3527 3658 3596 legem

393 3621 696 3690 quoquein
721 3620 899 3676 sacris
929 3618 1169 3675 cmtibus
1227 3618 1477 3690 recipere
1539 3618 1838 3690 oportebit,
1894 3618 2231 3690 minimeque
2291 3618 2545 3689 rejicere.
2587 3616 2979 3675 Verumtamen
3044 3619 3237 3691 primae
3266 3619 3317 3673 ei
3369 3632 3478 3671 non
3528 3610 3662 3669 deie—

393 3714 619 3763 runtur.

466 3839 793 3912 Congregate
815 3839 883 3893 ad
903 3854 983 3893 me
1006 3853 1183 3893 omnes
1205 3836 1447 3890 tribuum
1467 3835 1734 3904 principes
1757 3843 1981 3891 vestros.

2158 3840 2639 3909 Ἐκκλησιάσατε
2661 3840 2814 3909 πρός
2827 3855 2907 3907 με
2933 3837 3074 3903 τοὺς
3098 3835 3463 3905 φυλάρχους
3484 3827 3656 3900 ὑμῶν·

394 3930 538 4009 [28.]
594 3932 712 3990 Vox
763 3932 984 4002 quidem
1044 3930 1139 3985 Dei
1175 3945 1282 3985 una
1310 3936 1396 3986 est
1418 3942 1782 3999 ergaomues
1816 3935 1956 3996 quot

2100 3933 2368 4003 Ἐνωτικὴ
2418 3933 2528 4004 γὰρ
2559 3930 2757 4004 ήΘεοῦ
2812 3930 2966 4001 φωνὴ
3015 3929 3124 3983 τῶν
3178 3929 3299 3982 ὅσοι
3361 3921 3655 3992 πειθόμενοι

394 4035 531 4099 quot
559 4025 877 4082 earumdem
923 4025 1185 4078 virtutum
1212 4031 1268 4077 et
1293 4022 1605 4091 dogmatum
1634 4036 1695 4076 se
1742 4018 1952 4075 submit

2091 4027 2211 4089 ταῖς
2260 4028 2456 4088 αὐταῖς
2500 4026 2722 4097 ἀρεταῖς
2778 4022 2874 4078 καὶ
2921 4022 3194 4092 δόγμασιν
3254 4014 3653 4073 ὑποϐάλλονται.

348 4137 357 4147 “
394 4129 520 4175 ιιιηι
550 4118 808 4189 imperio.
843 4116 902 4172 ln
939 4116 1133 4188 primis
1172 4129 1303 4170 vero
1332 4113 1397 4167 ad
1425 4128 1520 4168 eos
1573 4112 1667 4182 qui
1716 4110 1910 4180 dignit:

2093 4116 2350 4189 Πρώτους
2387 4117 2446 4170 δὲ
2493 4118 2590 4172 καὶ
2637 4117 2759 4170 κατ’
2812 4114 3094 4185 ἐξαίρετον
3156 4112 3289 4176 τοὺς
3334 4104 3655 4193 προῦχοντιξς

393 4218 657 4284 praestant
690 4212 815 4267 aliis
868 4210 1129 4279 pertinet.
1193 4207 1342 4274 Quos
1380 4206 1505 4261 ideo
1552 4219 1863 4260 convocare
1895 4203 1947 4258 di

2089 4205 2233 4271 ἀξιοῖ
2258 4206 2608 4277 συλλεγῆναι.
2644 4206 3053 4278 Προσεκτικοὺς
3082 4204 3287 4268 αὐτοὺς
3318 4199 3427 4254 τῶν
3448 4188 3651 4263 λεγομέ-

350 4308 353 4313 ’
395 4283 621 4373 gnatur,
649 4316 761 4373 quo
790 4301 942 4356 dicto
961 4300 1339 4355 audientiores
1372 4297 1557 4352 iaciat.
1592 4295 1801 4351 [lorum
1833 4296 1912 4350 eni‘

2091 4314 2195 4353 νων
2256 4299 2555 4355 ἀποτελῶν.
2604 4299 2730 4362 Τοῖς
2792 4299 2899 4370 γὰρ
2939 4296 3147 4352 τούτων
3202 4294 3473 4367 νεύμασιν
3501 4283 3652 4359 ἐχρῆν

397 4409 427 4447 a
459 4395 615 4450 vultu
640 4394 1013 4450 obedientiam
1049 4391 1293 4463 pendere
1326 4391 1642 4463 oportebat.

1237 4407 1293 4446 re
1326 4391 1642 4463 oportebat.
2092 4386 2409 4443 ἀκολουθεῖν
2440 4387 2501 4441 τὸ
2535 4388 2799 4458 ὑπήκοον.

465 4533 869 4590 Testimonium
906 4542 1088 4587 autem
1159 4547 1320 4586 suum
1375 4529 1655 4599 praemittit
1685 4543 1795 4597 quo
1831 4527 2143 4583 futurorum
2181 4528 2450 4582 malorum
2482 4525 2645 4597 culpa
2695 4540 2818 4580 sese
2869 4524 3077 4579 eximat
3138 4521 3310 4587 Deus,
3337 4527 3393 4574 et
3423 4511 3561 4586 quod
3594 4522 3651 4563 ea

396 4624 599 4680 mentis
663 4622 970 4678 mutatione
1030 4618 1225 4677 evitari
1255 4619 1475 4688 possint
1500 4617 1727 4672 indicet.

463 4711 715 4776 Adverte,
739 4709 953 4774 emtum,
983 4725 1109 4762 nam
1142 4707 1351 4778 loquar,
1387 4714 1438 4759 et
1469 4705 1657 4758 audiat
1682 4712 1825 4757 terra
1860 4699 2018 4756 verba
2038 4717 2102 4757 ea:
2127 4717 2219 4756 ore
2249 4716 2384 4755 meo.
2407 4696 2652 4771 ΙΧΧΧΙΙ,
2676 4698 2755 4771 1.]
2802 4696 2873 4753 Ut
2919 4697 3011 4753 Dei
3069 4697 3237 4752 verba.
3291 4690 3647 4778 percipiantur

328 4792 335 4799 ’
397 4803 598 4859 omium
625 4800 770 4872 quod
803 4800 1020 4854 divinas
1047 4777 1774 4868 accepitvirtutesinvocat,
1806 4806 2020 4847 necnon
2045 4798 2250 4846 terram
2289 4789 2602 4843 mortalium
2638 4787 2845 4842 sedem.
2880 4787 2965 4841 Eat
2992 4785 3149 4841 enim
3174 4795 3355 4840 mente
3405 4777 3641 4852 praeditos

397 4889 627 4946 reddere
659 4889 923 4943 attonitos
952 4895 1206 4957 possunt.
1245 4884 1516 4950 Quoniam
1549 4897 1678 4937 vero
1712 4880 1857 4937 oculi
1890 4877 2117 4933 auribus
2146 4875 2503 4945 pretiosiores
2535 4874 2969 4944 solertioresquc
3025 4881 3178 4938 sunt,
3205 4872 3486 4927 advertere
3524 4876 3645 4934 pria-

399 4977 784 5043 stantioribus,
823 4956 1018 5031 audire
1040 4988 1170 5028 vero
1203 4972 1533 5028 mortalibus
1568 4970 1764 5026 tribuit
1805 4984 1820 5022 ι
1869 4964 2163 5023 facultates
2198 4965 2342 5019 enim
2374 4964 2575 5020 mentis
2617 4972 2882 5034 tanquam
2908 4963 3110 5019 oculus
3144 4976 3289 5016 unus
3317 4956 3639 5050 percipiunt;

399 5088 497 5130 seu
527 5069 787 5142 quoniam
818 5082 883 5123 ea
907 5064 1134 5121 oracula
1156 5063 1334 5134 longis
1367 5069 1490 5131 post
1523 5058 1865 5130 temporibus
1893 5072 2142 5122 evenere,
2183 5055 2417 5111 mortale
2442 5069 2573 5110 vero
2599 5054 2921 5109 diuturnum
2955 5067 3066 5106 non
3106 5059 3211 5118 est,
3239 5049 3448 5105 divinas
3476 5049 3643 5099 etim—

400 5159 664 5216 mortales
691 5157 945 5220 virtutes,
984 5154 1083 5207 hoc
1113 5160 1219 5215 est,
1254 5150 1527 5219 longaevas
1559 5155 1720 5203 terrae
1750 5153 1940 5216 partes
1971 5144 2295 5201 testimonio
2325 5157 2510 5199 rerum
2546 5142 2861 5198 futurarum
2890 5143 3130 5205 invocat,

471 5284 611 5340 Nam
652 5289 705 5338 et
735 5254 866 5338 alibi
896 5280 1042 5336 Deus
1076 5294 1173 5350 per
1220 5275 1408 5334 Mosen
1442 5276 1635 5333 eodem
1700 5274 1864 5330 modo
1904 5274 1985 5328 lo-

2164 5274 2298 5329 Θεοῦ
2334 5274 2423 5328 διὰ
2449 5273 2732 5338 Μωῦσέως
2783 5271 3095 5336 λαλοῦντος,
3150 5270 3246 5325 καὶ
3295 5266 3400 5322 τῶν
3447 5260 3638 5350 πάντυξν

406 5379 629 5449 quitur,
675 5384 730 5431 et
787 5376 1033 5429 omnium
1102 5386 1291 5428 rerum
1350 5369 1695 5426 conditorem
1741 5368 1964 5422 invocat

2093 5367 2529 5439 ἐπικαλουμένου
2570 5366 2664 5419 τὸν
2714 5366 2968 5438 ποιητὴν,
3026 5366 3127 5436 τὴν
3162 5364 3340 5417 κτίσιν
3391 5353 3546 5459 ὲχρῆγ
3572 5346 3636 5404 εις

340 5527 359 5539 ,
408 5470 545 5524 (lum
604 5482 736 5523 vero
768 5482 838 5522 an
869 5474 1062 5521 contra
1114 5465 1334 5521 Iudaeos
1399 5469 1614 5518 tantum
1668 5461 1902 5532 hujusun

2100 5464 2339 5545 ὑπέὶκοον
2368 5458 2624 5530 ἄγεσθαι.
2661 5460 2751 5531 Μή
2793 5476 2926 5513 ποτε
2943 5457 3001 5513 δὲ
3031 5458 3122 5511 καὶ
3154 5456 3229 5520 ὡς
3256 5453 3363 5509 τῶν
3401 5449 3632 5545 comosa?!

408 5580 575 5623 \‘occs
633 5561 996 5626 proferantur
1049 5560 1197 5616 haud
1256 5559 1466 5625 sciam,
1523 5557 1724 5614 caelum
1754 5566 1803 5613 et
1848 5564 1970 5613 terr:

2099 5524 2294 5623 φρένῶν
2319 5524 2439 5606 κατ-⁸
2476 5524 2751 5605 Ἰουδαίων
2782 5546 3235 5622 προφερομένων,
3272 5538 3485 5614 οὐρανὸς
3510 5524 3631 5586 dx“

483 5743 529 5774 ³³
564 5745 723 5796 Πειρη.
786 5757 861 5797 xi.
912 5739 1001 5794 52.
1078 5738 1121 5771 ³⁷
1166 5738 1310 5794 Psal.
1347 5753 1436 5792 xv.
1469 5737 1556 5792 l0.
1642 5735 1685 5767 ³⁸
1721 5735 1739 5789 l
1769 5735 1985 5802 Regii.
2018 5732 2045 5787 Ei

2059 5775 2069 5785 -
2150 5735 2193 5765 ⁸⁷⁸
2229 5733 2367 5785 Prov
2444 5747 2569 5787 xxvi
2644 5730 2735 5785 ‘25.
2811 5730 2855 5761 ’³ο
2885 5728 3045 5802 Prov.
3082 5742 3228 5797 xxiv,
3272 5724 3352 5781 ιδ.
3422 5710 3620 5767 “13:10-

409 5830 507 5879 xx,
543 5811 635 5865 ‘22.
714 5806 1216 5875 “llebmeﬁJi.
1274 5807 1361 5862 ⁸³1
1410 5805 1538 5864 Cor.
1572 5824 1625 5875 v,
1659 5806 1711 5859 7.
1792 5800 2053 5859 “'Gulat.
2115 5818 2190 5874 tv,
2247 5804 2337 5870 2|,
2371 5805 2459 5857 2‘2.
2538 5803 2582 5835 ³³
2632 5802 2821 5856 Matth.
2857 5800 3029 5867 v.19.
