3956 6414
277 325 392 391 953

1173 335 1718 401 COMMENTARII
1760 341 1845 403 IN
1890 343 2597 408 DEUTERONOMIUM.

3443 341 3551 408 954

266 460 390 497 mo:
416 443 769 499 ἀνακαλεῖται
803 445 899 500 καὶ
926 444 1023 517 γῆ,
1054 444 1122 500 τὰ
1144 447 1375 502 καθόλου
1399 449 1499 520 τῆς
1529 450 1853 520 οἰκουμένης

1971 452 2305 507 invocantur
2348 454 2549 508 merito
2586 473 2599 509 :
2630 468 2751 524 quae
2784 461 2973 526 gentes
3004 468 3105 524 per
3131 461 3304 508 t0tum
3359 456 3546 508 orbem

273 534 413 607 εθνη
471 536 734 607 δηλοῦντα
759 578 776 603 ,
840 539 937 592 καὶ
983 537 1110 609 ,τῆς
1164 539 1224 592 ὲν
1272 539 1523 610 οὐρανοῖς
1577 541 1864 613 διατριδῆς

276 628 446 695 dgna;

1969 547 2278 610 versantes,
2310 558 2375 600 ac
2400 545 2723 601 cmiestibus
2755 542 2985 601 sedibus
3016 544 3215 615 dignas
3247 558 3548 614 repraesen-

1968 641 2060 690 tan
2069 642 2108 690 ι.

354 745 537 803 Stitlet
552 754 611 799 ut
638 744 823 817 pluvia
848 746 1111 819 eloquium
1131 764 1324 802 meum.
1358 744 1601 819 [XXXI],
1618 744 1699 819 2.]
1715 745 1852 803 Cum
1875 746 2041 803 nubis
2062 748 2239 803 instar
2262 747 2438 804 Moses
2459 755 2626 814 esset,
2646 746 2750 804 isto
2776 747 2991 804 dicendi
3020 751 3428 820 genereutitur.
3454 747 3550 803 Sic

272 836 426 891 enim
452 836 626 890 sancti
660 837 1031 906 appellantur.
1067 837 1143 891 De
1173 836 1376 908 quibus
1401 835 1608 890 dictum
1641 842 1822 890 exstat
1847 853 1863 890 :
1897 854 1918 888 ο
1942 833 2162 891 Veritas
2190 843 2281 889 tua
2315 836 2383 891 ad
2407 836 2584 891 nubes
2614 851 2793 906 usque
2818 838 3082 907 protingit
3105 836 3174 893 “.
3204 856 3223 889 ι
3266 836 3367 904 Qui
3399 836 3547 892 enim

272 922 455 977 nubes
485 921 775 978 insensiles
801 924 1052 978 veritatis
1082 938 1304 979 sensum
1328 921 1685 992 percipiunt?
1717 920 1915 979 Iisdem
1947 938 2168 994 quoque
2204 940 2235 978 a
2267 922 2380 979 Deo
2410 923 2662 978 mandari
2712 923 2938 989 dicitur,
2971 932 3030 979 ut
3074 926 3314 996 pluviam
3382 931 3548 979 terra:

270 1017 497 1080 negent.
532 1009 611 1065 Ac
639 1010 760 1079 ejus
814 1011 1056 1065 mandati
1092 1012 1264 1067 divini
1322 1027 1492 1067 sensu
1538 1018 1866 1081 tanguntur,
1899 1018 1954 1066 et
1974 1012 2065 1065 ubi
2095 1010 2386 1081 rigandum
2416 1011 2670 1066 minusve
2709 1018 2935 1064 norunt.
2996 1010 3094 1067 His
3151 1026 3284 1066 vero
3336 1009 3545 1076 verbis,

270 1105 339 1152 ut
368 1099 545 1153 locum
570 1097 714 1166 apud
735 1097 950 1167 seipsos
972 1108 1167 1167 parent
1185 1098 1239 1151 in
1268 1112 1335 1152 eo
1356 1097 1576 1166 eloquia
1609 1097 1715 1153 ista
1740 1098 2042 1169 excipiant,
2081 1096 2543 1168 quemadmodum
2566 1097 2819 1169 agricolae
2844 1106 3045 1153 terram
3078 1113 3273 1168 parare
3337 1097 3545 1152 solent:

266 1199 388 1256 quo
408 1183 559 1239 nulla
587 1183 837 1239 elabatur
860 1200 1024 1254 aqua,
1047 1185 1320 1240 hortatur.

344 1303 421 1357 Τὸ
441 1305 708 1375 ἠρεμαῖον
734 1303 827 1357 καὶ
848 1301 922 1374 μὴ
942 1301 1248 1369 κατασύρον
1264 1299 1375 1353 τῶν
1395 1298 1656 1371 ῥημάτων
1678 1297 1859 1368 δηλῶν

266 1396 420 1449 κατὰ
458 1396 631 1467 βραχὺ
650 1396 935 1460 δυνόντων,
969 1393 1067 1447 καὶ
1093 1393 1192 1463 τὴν
1227 1391 1457 1463 καρδίαν
1489 1390 1859 1461 ἁπαλωτέραν

266 1490 414 1557 πρὸς
451 1486 829 1558 καρποφορίαν
852 1484 1265 1557 ἐργαζομένων,
1321 1483 1519 1553 δρόσον
1553 1482 1728 1535 ταῦτα
1756 1498 1857 1537 κα·

265 1581 375 1635 λεῖ.
424 1578 617 1633 Ὅποία
643 1578 738 1631 καὶ
769 1578 803 1647 ἡ
834 1575 1238 1631 καταϐαίνουσα
1277 1573 1418 1627 κατὰ
1461 1572 1630 1626 Δαὸὶδ
1659 1573 1756 1626 ἐπὶ
1777 1572 1848 1633 [τὰ

265 1673 375 1742 ὅρη
405 1669 542 1723 Σιών
565 1686 579 1701 ο
603 1669 686 1722 ὅτι
716 1669 837 1721 ἐκεῖ
865 1667 1170 1722 ἐνετείλατο
1202 1664 1409 1736 Κύριος
1445 1664 1544 1733 τὴν
1571 1664 1852 1732 εὐλογίαν,

266 1761 420 1833 ζωὴν
452 1759 558 1822 ἕως
581 1758 676 1812 τοῦ
724 1757 941 1822 αἰῶνος.
985 1755 1098 1809 Καὶ
1141 1754 1298 1809 αὐτοὶ
1350 1754 1531 1808 τοίνυν
1562 1756 1639 1819 ὡς
1662 1754 1855 1828 δρόσον

265 1850 557 1921 δεχόμενοι
586 1849 714 1912 τοὺς
737 1847 931 1918 λόγους
967 1845 1453 1916 εὐλογηθήσονται.

356 2032 421 2084 Ἦ
438 2030 715 2101 ἄγρωστις
743 2029 849 2084 πόα
871 2031 966 2094 τίς
990 2028 1144 2083 ἔστιν
1165 2027 1539 2098 ἐπινεμομένη
1569 2030 1636 2099 τῇ
1663 2030 1734 2098 γῇ
1757 2028 1854 2081 καὶ

268 2124 521 2197 βαθείαις
554 2122 736 2194 ῥίζαις
758 2122 987 2185 λεπταῖς
1001 2138 1061 2176 τε
1096 2121 1194 2175 καὶ
1220 2120 1443 2183 πολλαῖς
1471 2121 1565 2174 καὶ⁵
1597 2122 1850 2184 πυκναῖς,

263 2212 385 2274 οἷόν
413 2233 523 2271 τισι
563 2214 764 2280 ζώναις
796 2214 897 2284 τὴν
942 2215 1048 2285 γῆν
1099 2213 1545 2282 περισφίγγουσα
1568 2227 1582 2243 ·
1615 2212 1693 2276 ὠς
1725 2212 1852 2265 ἅντ-

267 2308 508 2381 έχουσαν
534 2307 658 2370 ταῖς
685 2303 1041 2375 ἐπομϐρίαις,
1083 2302 1160 2372 μὴ
1193 2301 1641 2374 παρασύρεσθαι,
1691 2300 1853 2353 πλέον

265 2400 361 2454 ἀεὶ
389 2396 736 2471 ριζουμένην.
769 2394 956 2459 Οὕτως
981 2390 1076 2447 οὖν
1098 2393 1244 2460 ἀξιοῖ
1280 2391 1372 2445 τὸν
1404 2391 1624 2459 λογικὸν
1649 2391 1855 2463 ὄμϐρον

263 2491 348 2562 τῷ
367 2491 467 2561 τῆς
492 2487 734 2550 διανοίας
757 2483 1236 2557 παραπέμπεσθαι
1290 2482 1469 2553 βάθει,
1507 2483 1718 2552 μήποτε
1755 2483 1850 2535 καὶ

269 2581 605 2655 ξηρανθιῖωι,
645 2580 720 2651 μὴ
762 2577 1069 2649 δεχόμενοι,
1131 2576 1228 2630 καὶ
1278 2575 1355 2639 ὡς
1381 2576 1662 2644 ἄγρωστις
1710 2574 1856 2644 ξηρὰ

271 2674 560 2748 βρωθῶσιν
594 2671 700 2726 ὑπὸ
725 2671 919 2742 πυρὸς,
958 2669 1103 2724 κατὰ
1158 2668 1258 2740 τὴν
1300 2666 1398 2720 τοῦ
1453 2666 1679 2721 Ἡσαΐου
1741 2683 1854 2736 φω-

267 2768 371 2838 νην
386 2802 402 2818 .

2035 1295 2243 1353 Deinde
2283 1298 2584 1363 lenitatem,
2613 1306 2667 1354 et
2692 1298 2988 1355 verborum
3053 1299 3385 1354 modestiam
3417 1311 3546 1368 quae

1964 1382 2227 1457 paulatim
2298 1389 2595 1444 subsidunt
2653 1404 2862 1460 corque
2917 1391 3330 1447 moliiusculum
3384 1389 3544 1444 ferax

1962 1477 2221 1545 reddunt,
2249 1494 2372 1533 cum
2405 1494 2468 1534 ea
2499 1480 2643 1537 roris
2675 1483 2943 1552 proponit
3004 1482 3249 1548 nomine,
3311 1481 3541 1537 indicat.
3578 1545 3591 1547 _

1963 1568 2287 1639 Cujusmodi
2319 1579 2371 1625 et
2399 1570 2534 1625 illud
2555 1578 2663 1635 est,
2696 1588 2819 1642 quae
2848 1571 3153 1636 descendit,
3178 1572 3338 1642 juxta
3377 1570 3542 1627 Davi-

1960 1662 2107 1729 dem,
2138 1677 2305 1732 super
2331 1670 2547 1729 montes
2596 1662 2758 1726 Sion,
2803 1665 3066 1735 quoniam
3127 1664 3240 1718 illic
3291 1663 3545 1732 promisit

1960 1753 2228 1809 Dominus
2264 1754 2438 1809 vitam
2487 1752 2699 1810 felicem
2731 1757 2790 1809 in
2817 1763 3083 1811 aeternum
3104 1754 3174 1809 ‘7.
3208 1753 3318 1825 Ipsi
3355 1754 3543 1824 itaque

1961 1846 2126 1900 etiam
2164 1846 2257 1914 qui
2287 1846 2453 1901 verba
2482 1854 2746 1917 tanquam
2781 1861 2966 1902 rorem
2998 1846 3306 1917 excipiunt,
3363 1845 3545 1900 felici-

1893 1924 1935 1983 Β
1964 1945 2078 1993 tate
2107 1937 2484 1993 donabuntur.

2033 2023 2306 2086 Czeterutd
2334 2031 2613 2102 ἄγρωστις
2640 2031 2811 2087 herba
2857 2030 3113 2101 quaedam
3148 2038 3254 2096 est,
3291 2044 3417 2101 quae
3448 2044 3547 2085 su-

1961 2137 2061 2192 per
2091 2132 2235 2178 terra
2257 2125 2451 2193 serpit,
2477 2140 2543 2179 ac
2568 2124 2695 2179 altis
2725 2122 3016 2178 radicibus
3041 2124 3322 2189 tenuibus,
3354 2122 3548 2175 multis

1963 2227 2028 2267 ac
2059 2212 2442 2285 frequentibus
2488 2224 2692 2270 terram
2734 2213 2839 2269 ceu
2891 2212 3213 2266 humiditati
3274 2211 3548 2266 resisten-

1962 2315 2073 2360 tem
2103 2306 2516 2376 complectitur,
2548 2308 2882 2379 altioresque
2904 2322 2975 2364 ne
3003 2307 3274 2362 evellatur
3303 2303 3546 2359 subinde

1958 2395 2172 2452 radices
2219 2396 2348 2467 agit.
2403 2398 2484 2452 Ad
2541 2398 2689 2453 hunc
2741 2400 2917 2469 igitur
2965 2396 3211 2459 modum,
3249 2395 3303 2447 in
3342 2392 3547 2449 mentis

1958 2487 2390 2557 profunditatem
2424 2490 2574 2545 verbi
2606 2491 2693 2546 sui
2727 2489 2959 2545 imbrem
3005 2489 3301 2544 demittere
3351 2484 3547 2555 digna-

1964 2587 2080 2642 tur,
2110 2596 2178 2635 ne
2200 2579 2343 2637 forte
2367 2583 2462 2652 qui
2497 2597 2605 2636 non
2636 2582 2944 2653 excipiunt,
2970 2584 3316 2643 exarescant,
3346 2585 3401 2631 et
3421 2587 3548 2628 tan-

1956 2688 2120 2741 quam
2158 2674 2326 2729 herba
2385 2675 2540 2731 arida
2575 2675 2644 2730 ab
2686 2675 2833 2745 igne,
2880 2672 3038 2743 juxta
3073 2671 3227 2727 Isaiae
3266 2683 3454 2722 vocem
3472 2663 3545 2731 “,

1959 2765 2351 2823 absumantur.

336 2873 621 2931 Fortassis
646 2887 780 2928 vero
809 2877 1030 2942 propter
1053 2868 1401 2926 sterilitatem
1435 2868 1546 2925 feni
1581 2878 1635 2925 et
1660 2868 1988 2943 ἀγρώστιος,
2045 2874 2178 2930 item
2213 2877 2355 2945 quod
2376 2876 2433 2931 in
2463 2875 2601 2932 locis
2656 2874 2882 2944 incultis
2947 2880 3255 2928 nascuntur
3282 2909 3299 2937 ,
3365 2867 3536 2923 steri-

262 2965 474 3020 litatem
501 2962 961 3031 asperitatemque
989 2973 1179 3014 eorum
1203 2959 1299 3028 qui
1335 2957 1576 3013 audituri
1609 2968 1769 3020 sunt.
1801 2960 2002 3028 innuit,
2052 2974 2388 3034 quapropter
2416 2979 2512 3020 eos
2544 2965 2853 3019 obtestatur
2918 2962 3107 3017 etiam.

340 3049 1043 3120 Tribuitemagniﬁcentiam
1075 3046 1182 3101 Deo
1211 3056 1412 3101 nostra.
1448 3044 1554 3117 [5.]
1576 3046 1719 3101 Nihil
1751 3047 1952 3105 humile
1988 3060 2078 3105 aut
2105 3065 2372 3106 creaturae
2418 3053 2598 3108 simile
2623 3053 2692 3107 de
2716 3067 2782 3107 eo
2805 3048 3157 3116 concipiatis.
3197 3045 3374 3099 Porro
3439 3040 3544 3096 Da-

262 3142 354 3200 vid
377 3154 599 3212 quoque
618 3139 695 3193 ait
726 3156 740 3192 :
779 3155 799 3188 ι
825 3135 1163 3206 Magnificam
1187 3133 1480 3188 Dominum
1518 3150 1751 3202 mecum,
1772 3144 1827 3191 et
1856 3141 2162 3195 exaltemus
2185 3155 2383 3195 nomen
2429 3140 2551 3210 ejus
2588 3139 2754 3195 simul
2778 3138 2849 3191 ⁸³.
2875 3156 2894 3189 ι
2932 3135 2990 3191 Si
3010 3136 3159 3190 enim
3207 3145 3375 3203 opera
3419 3130 3544 3201 ejus

262 3229 613 3302 magnitiunt,
647 3234 857 3299 quanto
892 3225 1068 3295 magis
1096 3224 1216 3294 ipse
1245 3237 1438 3279 eorum
1485 3224 1765 3279 conditor;

334 3351 400 3405 Et
435 3349 543 3421 γὰρ
558 3346 910 3419 ὲμεγαλύνθη
931 3310 1166 3413 τᾲέργα
1199 3341 1393 3406 αὑτοῦ,
1437 3342 1591 3413 πόσῳ
1641 3341 1848 3412 μᾶλλον

2031 3339 2105 3393 Ex
2136 3353 2364 3409 operum
2391 3337 2539 3392 enim
2574 3334 2979 3406 magnificentia
3013 3348 3078 3387 ac
3136 3332 3551 3403 pulchritudine

260 3441 427 3507 αὐτὸς
459 3442 489 3495 δ
516 3439 724 3493 τούτων
752 3437 1120 3509 δημιουργόςί
1160 3436 1257 3489 Ἐκ
1288 3434 1553 3505 μεγέθους
1596 3434 1707 3503 γὰρ
1764 3437 1858 3488 καὶ

261 3532 530 3603 καλλονῆς
551 3532 870 3601 κτισμάτων
888 3528 1172 3595 ἀναλόγως
1200 3528 1229 3580 ὁ
1255 3527 1639 3598 γενεσιουργδς
1670 3526 1857 3579 αὐτῶν

261 3625 580 3696 θεωρεῖται.
611 3622 726 3676 Καὶ
770 3620 1002 3683 Ἡσαΐας
1034 3618 1091 3672 δέ
1115 3634 1306 3689 φησιν,
1346 3635 1366 3668 ι
1399 3618 1677 3689 Ἐπάρατε
1724 3618 1857 3682 τοὺς

260 3713 583 3783 ὀφθαλμοὺς
611 3710 788 3781 ὑμῶν,
816 3709 910 3762 καὶ
942 3707 1081 3761 ἴδετε
1109 3708 1197 3770 τίς
1255 3704 1533 3770 κατέδειξε
1589 3704 1799 3771 cubret;
1833 3724 1853 3758 ι

261 3802 587 3873 Μέγεθοςδὲ
604 3800 754 3873 αὐτῷ
783 3800 847 3854 οὐ
886 3799 1221 3871 σωματικὸν,
1272 3796 1417 3851 κατὰ
1448 3797 1505 3850 δὲ
1537 3796 1638 3860 τὰς
1696 3797 1858 3850 ἀπεί-

265 3912 397 3970 ρους
425 3912 486 3948 τε
513 3892 795 3965 ἐνεργείας
842 3892 938 3944 καὶ
988 3889 1271 3960 δυνάμεις.
1319 3888 1475 3940 Ἐπεὶ⁸
1520 3887 1618 3940 καὶ
1658 3886 1858 3956 μικρὸς

263 3989 410 4061 ἀνὴρ
438 3985 515 4058 τῷ
557 3983 791 4055 σώματι,
850 3981 1028 4052 μέγας
1080 3978 1222 4033 κατὰ
1278 3977 1470 4047 σοφίαν
1512 3976 1858 4047 ἐπονομάζε-

263 4097 381 4135 ται.

342 4170 456 4229 Καὶ
500 4168 692 4227 πᾶσαι
730 4170 790 4222 al
845 4165 974 4222 ὁδοὶ
1033 4163 1221 4220 αὐτοῦ
1260 4165 1495 4232 κρίσεις
1543 4175 1559 4191 ·
1602 4161 1857 4216 τουτέστι

267 4262 464 4333 σοφίας
480 4265 581 4333 ,καὶ
609 4259 847 4333 κρίσεως
870 4258 919 4311 οῖ
953 4256 1083 4328 περὶ
1107 4255 1369 4327 προνοίας
1404 4254 1643 4325 γέμουσι
1682 4253 1856 4322 λόγοι,

265 4357 379 4413 κᾶν
407 4355 467 4410 τὸ
489 4352 694 4408 τούτων
751 4352 885 4422 ἡμῖν
936 4349 1012 4421 μὴ
1072 4348 1335 4420 φαίνηται
1392 4347 1605 4402 δίκαιον
1626 4362 1641 4378 ·
1675 4345 1744 4399 δι’
1777 4337 1856 4399 ὧν

265 4450 370 4521 τὴν
393 4448 576 4501 πᾶσαν
607 4444 801 4513 ὥσπερ
820 4438 1208 4510 διαπορεύεται
1254 4438 1454 4504 κτίσιν,
1489 4437 1655 4509 βάθος
1686 4436 1856 4492 πλού-

266 4559 367 4597 του
395 4540 490 4594 καὶ
529 4538 719 4605 σοφίας
750 4534 913 4604 ἔχων,
958 4532 1055 4587 καὶ
1081 4531 1351 4603 κρίματα,
1390 4531 1551 4586 ’κατὰ
1576 4529 1669 4585 τὸν
1702 4528 1856 4584 Παῦ-

265 4634 387 4698 λον,
425 4627 851 4701 ἀνεξερεύνητα.

352 4814 443 4868 Ἐν
472 4811 554 4883 τῷ
572 4809 769 4880 δικαίῳ
796 4806 1007 4873 πιστὸς,
1045 4806 1123 4876 μὴ
1165 4805 1267 4878 τὴν
1313 4804 1481 4876 ὀρθὴν
1512 4805 1692 4877 κρίσιν
1720 4804 1857 4874 ψευ-

264 4906 528 4976 δόμενος·
577 4904 674 4959 καὶ
725 4900 936 4973 ἀληθὴς
966 4896 1462 4968 ἐπαγγελλόμενος,
1499 4898 1599 4950 οὐκ
1655 4897 1856 4952 ἀδικῶν

263 4997 368 5069 τὴν
395 4994 712 5066 ὑπόσχεσιν.
748 4992 825 5046 Τὸ
861 4991 920 5045 δὲ
954 4990 1149 5045 πιστὸν
1199 4989 1376 5042 διττὸν
1412 4989 1552 5042 κατὰ
1578 4989 1679 5060 τὴν
1708 4988 1858 5043 θείαν

265 5090 519 5160 Γραφὴν,
551 5087 586 5161 ἢ
622 5087 684 5141 τὸ
717 5085 1056 5153 ἀξιόπιστον,
1115 5083 1256 5154 ὅπερ
1308 5083 1525 5153 κυρίως.
1565 5083 1660 5136 ἐπὶ
1694 5084 1857 5154 μόνου

267 5181 444 5238 Θεοῦ·
497 5180 574 5244 ὡς
627 5177 710 5232 τό·
747 5195 767 5229 t
811 5176 1009 5241 Πιστὸς
1071 5176 1183 5247 γὰρ
1217 5179 1247 5230 ό
1285 5175 1791 5245 ἐπαγγειλάμενος·
1838 5195 1855 5229 ι

264 5273 382 5330 οἷον
412 5273 508 5327 καὶ
536 5272 599 5325 τὸ
632 5270 784 5341 παρὰ
809 5268 1032 5341 Πέτρῳ·
1073 5286 1092 5320 ι
1128 5268 1293 5321 Ὥστε
1321 5268 1416 5320 καὶ
1457 5268 1507 5320 οῖ
1557 5267 1860 5337 πάσχοντες

269 5368 418 5423 κατὰ
443 5365 506 5419 τὸ
537 5364 751 5434 θέλημα
768 5361 862 5416 τοῦ
887 5360 1046 5427 Θεοῦ,
1087 5359 1264 5432 πιστῷ
1311 5361 1504 5433 κτίστῃ
1552 5361 1857 5431 παρατιθέ-

271 5459 488 5515 σθωσαν
538 5458 636 5522 τὰς
695 5454 906 5510 ἑαυτῶν
938 5453 1138 5526 ψυχάς.
1181 5472 1200 5507 ι
1234 5453 1435 5518 Πιστὸς
1471 5454 1530 5507 δὲ
1578 5454 1674 5508 καὶ
1705 5456 1734 5506 ό
1764 5470 1856 5506 πι-

265 5551 506 5617 στεύων,
534 5549 610 5615 ὡς
654 5547 908 5620 Ἀϐραὰμ
932 5546 1150 5615 πιστὸς,
1177 5546 1264 5601 ὅτι
1294 5547 1373 5618 τῷ
1401 5545 1651 5601 λαλοῦντι
1697 5545 1862 5600 πεπί-

340 5703 389 5739 δ⁸
420 5704 565 5759 Psal.
598 5718 763 5761 xxxv.
803 5699 858 5756 6.
934 5699 1000 5769 5’.
1033 5696 1180 5756 Psal.
1212 5714 1417 5769 cum,
1445 5701 1502 5757 3.
1590 5697 1636 5732 ⁸⁸
1662 5696 1765 5756 Isa.
1796 5713 1851 5753 ιχ

1971 5698 2019 5754 Β.
2100 5693 2147 5730 ⁸⁸
2175 5692 2322 5750 Psal.
2370 5703 2566 5755 χχχιιι,
2593 5686 2646 5742 4.

280 5791 361 5842 ut,
389 5775 478 5829 53.
557 5773 604 5806 ⁸³
640 5774 797 5828 Ηθίιι·
847 5786 905 5835 x,
929 5768 1029 5822 23.

1964 3430 2211 3499 ipsorum
2265 3426 2449 3496 Opifex
2508 3428 2614 3480 rite
2674 3424 3075 3496 perspicuitur.
3108 3421 3567 3479 Necnon‘lsaiasl

1962 3535 2094 3575 vero
2150 3521 2329 3588 inquit
2364 3536 2379 3573 :
2419 3537 2438 3570 ι
2464 3516 2668 3572 Oculos
2725 3524 2941 3571 vestros
2984 3513 3237 3569 extollite
3265 3521 3321 3568 et
3365 3512 3552 3569 videte

1961 3612 2088 3681 quis
2117 3612 2232 3665 haec
2260 3608 2644 3679 descripsit”.
2673 3627 2692 3660 ι
2724 3606 2996 3662 Caeterum
3027 3604 3084 3658 in
3109 3617 3177 3659 eo
3208 3618 3321 3658 non
3345 3619 3550 3674 corpo-

1963 3704 2217 3758 reainest
2253 3699 2594 3770 magnitudo,
2646 3711 2840 3753 verum
2879 3696 3007 3750 talis
3037 3709 3165 3765 quae
3195 3693 3251 3748 in
3277 3695 3572 3750 immensa"

1958 3795 2135 3865 ipsius
2182 3793 2433 3849 eﬂicacia
2467 3807 2532 3846 ac
2582 3789 2882 3845 virtutibus
2941 3786 3223 3843 consistit.
3273 3784 3549 3851 Quoniam

1962 3902 2163 3958 parvus
2183 3886 2348 3939 etiam
2368 3898 2601 3955 corpore
2622 3882 2726 3949 vir,
2751 3896 2984 3951 magnus
3018 3877 3308 3950 sapientiae
3331 3878 3573 3947 ratione

1965 3978 2306 4033 nominatur.

2032 4176 2100 4232 Et
2138 4194 2315 4233 omnes
2347 4177 2446 4232 vita
2477 4176 2593 4246 ejus
2618 4182 2745 4229 sunt
2770 4172 3066 4243 judicium.
3095 4167 3199 4243 [4.]
3272 4171 3387 4226 Hoc
3441 4178 3571 4237 estg.

1959 4272 2206 4326 rationes
2230 4269 2598 4340 providentia:
2635 4267 2815 4335 ipsius
2853 4263 3127 4333 sapientia
3183 4260 3357 4333 463,
3375 4268 3430 4315 et
3464 4259 3555 4330 ju~

1960 4359 2106 4415 dicio
2155 4358 2331 4428 plena:
2381 4364 2531 4421 sunt,
2567 4353 2823 4425 quamvis
2854 4367 2933 4408 ea:
2962 4351 3124 4406 nobis
3156 4365 3265 4405 non
3286 4350 3453 4419 justa:
3476 4348 3578 4402 vir

1960 4449 2219 4505 deantur.
2251 4445 2466 4512 Quibus
2489 4444 2758 4500 fabricam
2810 4451 2982 4496 totam
3016 4447 3348 4509 pervagatur
3385 4438 3559 4508 quasi

1962 4553 2153 4595 secum
2176 4537 2488 4594 divitiarum
2527 4535 2852 4590 barathrum
2883 4546 2949 4585 ac
2985 4529 3276 4598 sapientiae
3308 4528 3545 4593 habens,

1961 4630 2173 4701 judicia
2230 4630 2470 4698 denique
2510 4643 2571 4681 ut
2624 4625 2767 4694 apud
2838 4622 3065 4677 Paulum
3120 4627 3226 4685 est,
3280 4620 3547 4675 inscruta-

1966 4714 2184 4778 bilia“.
2252 4705 2285 4719 ’

2039 4813 2187 4869 Deus
2222 4812 2363 4867 tidus
2388 4817 2492 4873 est,
2516 4817 2571 4862 et
2605 4804 2870 4875 iniquitas
2896 4804 2952 4857 in
2984 4818 3052 4858 eo
3086 4801 3240 4856 nulla
3284 4808 3391 4862 est,
3428 4814 3559 4854 cum

1967 4908 2089 4979 ipsa
2108 4905 2365 4975 aequitate
2386 4900 2547 4956 fidem
2578 4897 2701 4966 conj
2712 4902 2933 4951 unctam
2953 4894 3163 4949 habens
3187 4912 3202 4948 :
3223 4892 3318 4964 qui
3345 4900 3553 4946 rectum

1964 4997 2235 5069 judicium
2272 5008 2380 5047 non
2421 4990 2562 5045 falso
2595 4987 2810 5051 statuit,
2864 4995 2920 5041 et
2959 4984 3248 5038 veritatem
3274 4989 3458 5036 servat
3500 4979 3586 5033 in.

1968 5086 2458 5162 promissionibus,
2481 5080 2901 5154 promissionem
2930 5090 3037 5131 non
3058 5074 3413 5129 labefactans.
3437 5071 3550 5127 Ca).

1969 5159 2149 5236 terum
2181 5177 2347 5232 ﬁdum
2398 5174 2456 5229 in
2511 5169 2713 5228 divinis
2744 5163 2969 5221 Litteris
3003 5162 3276 5231 duplicem
3330 5159 3553 5213 modum

1973 5272 2156 5327 habet.
2210 5274 2320 5324 Aut
2367 5268 2513 5323 enim
2544 5261 2816 5334 signiﬁcat
2866 5256 2971 5311 lide
3002 5254 3250 5323 dignum,
3287 5259 3347 5305 ut
3379 5249 3559 5304 sacris

1968 5364 2214 5433 initiare,
2242 5359 2387 5431 quod
2417 5357 2486 5413 de
2513 5355 2651 5411 solo-
2672 5351 2780 5406 Deo
2813 5349 3016 5403 dicitur
3068 5344 3312 5414 proprie.
3348 5343 3553 5406 Quem-
3661 5345 3664 5349 '

1971 5430 2274 5505 admodum
2302 5445 2435 5501 illud
2462 5462 2476 5499 :
2500 5463 2518 5494 ι
2544 5442 2674 5496 Fide
2702 5440 2904 5507 dignus
2933 5443 3040 5500 cst,
3071 5433 3116 5488 si
3147 5430 3478 5503 promittit“
3499 5447 3551 5496 ;ι

1974 5541 2136 5614 quale
2158 5538 2293 5595 illud
2325 5551 2546 5608 quoque
2571 5530 2712 5604 apud
2739 5529 2957 5584 Petrum
2997 5541 3011 5577 :
3052 5543 3070 5575 ι
3102 5522 3395 5594 PrOpterea
3420 5534 3561 5574 sane

2744 5681 2799 5717 ⁸⁰ί
2831 5681 2938 5736 lsa.
2976 5693 3065 5744 XL,
3098 5672 3193 5734 26.
3296 5674 3340 5708 "
3382 5674 3549 5729 [tam
