  <div class='ocr_page' id='page_1' title='image "/cluster/home/n/w/nwhite01/storage/ocr_20150623/87:pt.1/coo.31924054869882/488.png"; bbox 0 0 3956 6418; ppageno 0'>
   <div class='ocr_carea' id='block_1_1' title="bbox 426 365 1988 450">
    <p class='ocr_par' dir='ltr' id='par_1_1' title="bbox 426 365 1988 440">
     <span class='ocr_line' id='line_1_1' title="bbox 426 365 1988 440; baseline 0.008 -12"><span class='ocrx_word' id='word_1_1' title='bbox 426 365 537 429; x_wconf 79' lang='grc'><strong>955</strong></span> <span class='ocrx_word' id='word_1_2' title='bbox 1753 375 1988 440; x_wconf 82' lang='lat' dir='ltr'><strong>PROCC</strong></span> 
     </span>
    </p>
   </div>
   <div class='ocr_carea' id='block_1_2' title="bbox 2155 365 3717 450">
    <p class='ocr_par' dir='ltr' id='par_1_2' title="bbox 2163 375 3717 450">
     <span class='ocr_line' id='line_1_2' title="bbox 2163 375 3717 450; baseline 0.006 -10"><span class='ocrx_word' id='word_1_3' title='bbox 2163 375 2411 440; x_wconf 81' lang='lat' dir='ltr'><strong>GAZ/EI</strong></span> <span class='ocrx_word' id='word_1_4' title='bbox 2584 419 2588 423; x_wconf 98' lang='lat'><strong><em>-</em></strong></span> <span class='ocrx_word' id='word_1_5' title='bbox 3359 431 3363 434; x_wconf 49' lang='grc' dir='ltr'>ι</span> <span class='ocrx_word' id='word_1_6' title='bbox 3621 386 3717 450; x_wconf 74' lang='lat'><strong>956</strong></span> 
     </span>
    </p>
   </div>
   <div class='ocr_carea' id='block_1_3' title="bbox 417 483 1979 569">
    <p class='ocr_par' dir='ltr' id='par_1_3' title="bbox 417 483 1979 561">
     <span class='ocr_line' id='line_1_3' title="bbox 417 483 1979 561; baseline 0.01 -24"><span class='ocrx_word' id='word_1_7' title='bbox 417 484 514 554; x_wconf 88' lang='lat' dir='ltr'><strong>qui</strong></span> <span class='ocrx_word' id='word_1_8' title='bbox 547 499 616 539; x_wconf 82' lang='lat' dir='ltr'><strong>ex</strong></span> <span class='ocrx_word' id='word_1_9' title='bbox 650 483 748 542; x_wconf 88' lang='lat' dir='ltr'><strong>Dei</strong></span> <span class='ocrx_word' id='word_1_10' title='bbox 779 485 1065 545; x_wconf 73' lang='lat' dir='ltr'><strong>voluntate</strong></span> <span class='ocrx_word' id='word_1_11' title='bbox 1097 489 1247 561; x_wconf 83' lang='lat' dir='ltr'><strong>passi</strong></span> <span class='ocrx_word' id='word_1_12' title='bbox 1286 499 1417 548; x_wconf 92' lang='lat' dir='ltr'><strong>sunt</strong></span> <span class='ocrx_word' id='word_1_13' title='bbox 1452 493 1520 549; x_wconf 91' lang='lat' dir='ltr'><strong>ad</strong></span> <span class='ocrx_word' id='word_1_14' title='bbox 1553 491 1722 550; x_wconf 92' lang='lat' dir='ltr'><strong>ﬁdum</strong></span> <span class='ocrx_word' id='word_1_15' title='bbox 1757 496 1979 553; x_wconf 81' lang='lat' dir='ltr'><strong>condito</strong></span> 
     </span>
    </p>
   </div>
   <div class='ocr_carea' id='block_1_4' title="bbox 2152 483 3714 569">
    <p class='ocr_par' dir='ltr' id='par_1_4' title="bbox 2152 494 3714 569">
     <span class='ocr_line' id='line_1_4' title="bbox 2152 494 3714 569; baseline 0.003 -19"><span class='ocrx_word' id='word_1_16' title='bbox 2152 514 2342 565; x_wconf 74' lang='grc' dir='ltr'>τενκε,</span> <span class='ocrx_word' id='word_1_17' title='bbox 2375 494 2514 550; x_wconf 80' lang='grc' dir='ltr'><strong>καθδ</strong></span> <span class='ocrx_word' id='word_1_18' title='bbox 2544 497 2638 551; x_wconf 71' lang='grc' dir='ltr'>καὶ</span> <span class='ocrx_word' id='word_1_19' title='bbox 2683 496 2850 569; x_wconf 76' lang='grc' dir='ltr'><strong>ἡμεῖς</strong></span> <span class='ocrx_word' id='word_1_20' title='bbox 2911 497 3096 552; x_wconf 73' lang='grc' dir='ltr'>πιστοὶ</span> <span class='ocrx_word' id='word_1_21' title='bbox 3155 496 3464 566; x_wconf 77' lang='grc' dir='ltr'>λεγόμεθα.</span> <span class='ocrx_word' id='word_1_22' title='bbox 3517 499 3714 566; x_wconf 48' lang='lat' dir='ltr'><strong>essen</strong></span> 
     </span>
    </p>
   </div>
   <div class='ocr_carea' id='block_1_5' title="bbox 419 581 1981 663">
    <p class='ocr_par' dir='ltr' id='par_1_5' title="bbox 419 581 1980 660">
     <span class='ocr_line' id='line_1_5' title="bbox 419 581 1980 660; baseline 0.008 -29"><span class='ocrx_word' id='word_1_23' title='bbox 419 589 538 632; x_wconf 90' lang='lat' dir='ltr'><strong>rem</strong></span> <span class='ocrx_word' id='word_1_24' title='bbox 591 593 725 636; x_wconf 90' lang='lat' dir='ltr'><strong>suas</strong></span> <span class='ocrx_word' id='word_1_25' title='bbox 755 581 1148 654; x_wconf 89' lang='lat' dir='ltr'><strong>deposuerunt</strong></span> <span class='ocrx_word' id='word_1_26' title='bbox 1203 585 1420 643; x_wconf 88' lang='lat' dir='ltr'><strong>animas</strong></span> <span class='ocrx_word' id='word_1_27' title='bbox 1459 585 1526 643; x_wconf 82' lang='lat'><strong>&quot;.</strong></span> <span class='ocrx_word' id='word_1_28' title='bbox 1563 607 1582 641; x_wconf 78' lang='grc' dir='ltr'><strong>ι</strong></span> <span class='ocrx_word' id='word_1_29' title='bbox 1640 585 1812 645; x_wconf 81' lang='lat' dir='ltr'><strong>Fidus</strong></span> <span class='ocrx_word' id='word_1_30' title='bbox 1851 604 1980 660; x_wconf 90' lang='lat' dir='ltr'><strong>porr</strong></span> 
     </span>
    </p>
   </div>
   <div class='ocr_carea' id='block_1_6' title="bbox 2157 581 3719 663">
    <p class='ocr_par' dir='ltr' id='par_1_6' title="bbox 2157 586 3719 663">
     <span class='ocr_line' id='line_1_6' title="bbox 2157 586 3719 663; baseline -0.001 -20"><span class='ocrx_word' id='word_1_31' title='bbox 2157 590 2482 662; x_wconf 71' lang='grc' dir='ltr'>αενδὼνυμος</span> <span class='ocrx_word' id='word_1_32' title='bbox 2515 589 2746 654; x_wconf 80' lang='grc' dir='ltr'>ἄπιστος</span> <span class='ocrx_word' id='word_1_33' title='bbox 2776 590 2873 644; x_wconf 75' lang='grc' dir='ltr'>καὶ</span> <span class='ocrx_word' id='word_1_34' title='bbox 2895 590 2975 662; x_wconf 83' lang='grc' dir='ltr'>τῷ</span> <span class='ocrx_word' id='word_1_35' title='bbox 2996 586 3143 645; x_wconf 75' lang='grc' dir='ltr'>εἶναι</span> <span class='ocrx_word' id='word_1_36' title='bbox 3181 590 3283 644; x_wconf 60' lang='grc' dir='ltr'><strong>καὶ⁵</strong></span> <span class='ocrx_word' id='word_1_37' title='bbox 3306 591 3387 663; x_wconf 81' lang='grc' dir='ltr'>τῷ</span> <span class='ocrx_word' id='word_1_38' title='bbox 3411 593 3550 661; x_wconf 78' lang='grc' dir='ltr'>ὲπαγ</span> <span class='ocrx_word' id='word_1_39' title='bbox 3562 596 3719 662; x_wconf 74' lang='grc' dir='ltr'>γέλλε.</span> 
     </span>
    </p>
   </div>
   <div class='ocr_carea' id='block_1_7' title="bbox 421 667 1983 755">
    <p class='ocr_par' dir='ltr' id='par_1_7' title="bbox 421 667 1983 748">
     <span class='ocr_line' id='line_1_7' title="bbox 421 667 1983 748; baseline 0.009 -26"><span class='ocrx_word' id='word_1_40' title='bbox 421 667 588 723; x_wconf 83' lang='lat' dir='ltr'><strong>etiam</strong></span> <span class='ocrx_word' id='word_1_41' title='bbox 613 671 707 741; x_wconf 85' lang='lat' dir='ltr'><strong>qui</strong></span> <span class='ocrx_word' id='word_1_42' title='bbox 736 673 896 729; x_wconf 90' lang='lat' dir='ltr'><strong>ﬁdem</strong></span> <span class='ocrx_word' id='word_1_43' title='bbox 914 675 1110 731; x_wconf 77' lang='lat' dir='ltr'><strong>tribuit</strong></span> <span class='ocrx_word' id='word_1_44' title='bbox 1131 674 1354 743; x_wconf 88' lang='lat' dir='ltr'><strong>dicitur,</strong></span> <span class='ocrx_word' id='word_1_45' title='bbox 1379 681 1844 748; x_wconf 84' lang='lat' dir='ltr'><strong>quemadmodum</strong></span> <span class='ocrx_word' id='word_1_46' title='bbox 1877 680 1983 736; x_wconf 88' lang='lat' dir='ltr'><strong>ﬁdu</strong></span> 
     </span>
    </p>
   </div>
   <div class='ocr_carea' id='block_1_8' title="bbox 2156 667 3718 755">
    <p class='ocr_par' dir='ltr' id='par_1_8' title="bbox 2156 675 3718 755">
     <span class='ocr_line' id='line_1_8' title="bbox 2156 675 3718 755; baseline 0.004 -19"><span class='ocrx_word' id='word_1_47' title='bbox 2156 683 2276 738; x_wconf 60' lang='lat' dir='ltr'><strong>ﬂat.</strong></span> <span class='ocrx_word' id='word_1_48' title='bbox 2301 683 2440 754; x_wconf 70' lang='grc' dir='ltr'>Περὶ</span> <span class='ocrx_word' id='word_1_49' title='bbox 2469 675 2546 738; x_wconf 80' lang='grc' dir='ltr'>ὧν</span> <span class='ocrx_word' id='word_1_50' title='bbox 2575 684 2817 754; x_wconf 75' lang='grc' dir='ltr'>εἴρηται,</span> <span class='ocrx_word' id='word_1_51' title='bbox 2857 700 2876 735; x_wconf 75' lang='grc' dir='ltr'><strong>ι</strong></span> <span class='ocrx_word' id='word_1_52' title='bbox 2914 683 3107 748; x_wconf 81' lang='grc' dir='ltr'>Πίστις</span> <span class='ocrx_word' id='word_1_53' title='bbox 3141 683 3250 737; x_wconf 81' lang='grc' dir='ltr'><strong>οὐκ</strong></span> <span class='ocrx_word' id='word_1_54' title='bbox 3282 681 3507 755; x_wconf 74' lang='grc' dir='ltr'>ἴσχυσεν</span> <span class='ocrx_word' id='word_1_55' title='bbox 3547 687 3602 741; x_wconf 70' lang='grc' dir='ltr'>ἐν</span> <span class='ocrx_word' id='word_1_56' title='bbox 3630 689 3718 742; x_wconf 81' lang='grc' dir='ltr'><strong>αὑ-</strong></span> 
     </span>
    </p>
   </div>
   <div class='ocr_carea' id='block_1_9' title="bbox 422 758 1984 846">
    <p class='ocr_par' dir='ltr' id='par_1_9' title="bbox 422 758 1984 839">
     <span class='ocr_line' id='line_1_9' title="bbox 422 758 1984 839; baseline 0.009 -26"><span class='ocrx_word' id='word_1_57' title='bbox 422 758 706 817; x_wconf 83' lang='lat' dir='ltr'><strong>Abraham</strong></span> <span class='ocrx_word' id='word_1_58' title='bbox 730 771 840 833; x_wconf 87' lang='lat' dir='ltr'><strong>est,</strong></span> <span class='ocrx_word' id='word_1_59' title='bbox 877 767 1008 837; x_wconf 84' lang='lat' dir='ltr'><strong>quia</strong></span> <span class='ocrx_word' id='word_1_60' title='bbox 1042 766 1139 822; x_wconf 86' lang='lat' dir='ltr'><strong>Dei</strong></span> <span class='ocrx_word' id='word_1_61' title='bbox 1169 769 1294 824; x_wconf 78' lang='lat' dir='ltr'><strong>voci</strong></span> <span class='ocrx_word' id='word_1_62' title='bbox 1325 765 1487 827; x_wconf 83' lang='lat' dir='ltr'><strong>fidem</strong></span> <span class='ocrx_word' id='word_1_63' title='bbox 1521 770 1754 828; x_wconf 86' lang='lat' dir='ltr'><strong>addixit.</strong></span> <span class='ocrx_word' id='word_1_64' title='bbox 1776 771 1895 839; x_wconf 91' lang='lat' dir='ltr'><strong>Qua</strong></span> <span class='ocrx_word' id='word_1_65' title='bbox 1927 787 1984 827; x_wconf 90' lang='lat' dir='ltr'><strong>ra</strong></span> 
     </span>
    </p>
   </div>
   <div class='ocr_carea' id='block_1_10' title="bbox 1441 758 3003 846">
    <p class='ocr_par' dir='ltr' id='par_1_10' title="bbox 1441 770 3003 846">
     <span class='ocr_line' id='line_1_10' title="bbox 1441 770 3003 846; baseline 0.002 -22"><span class='ocrx_word' id='word_1_66' title='bbox 1441 785 1487 824; x_wconf 94' lang='lat' dir='ltr'><strong>m</strong></span> <span class='ocrx_word' id='word_1_67' title='bbox 1521 770 1754 828; x_wconf 86' lang='lat' dir='ltr'><strong>addixit.</strong></span> <span class='ocrx_word' id='word_1_68' title='bbox 1776 771 1895 839; x_wconf 85' lang='lat' dir='ltr'><strong>Qua</strong></span> <span class='ocrx_word' id='word_1_69' title='bbox 1927 787 2022 827; x_wconf 84' lang='lat' dir='ltr'><strong>ra-</strong></span> <span class='ocrx_word' id='word_1_70' title='bbox 2129 773 2264 837; x_wconf 82' lang='grc' dir='ltr'>τοῖς,</span> <span class='ocrx_word' id='word_1_71' title='bbox 2299 775 2395 828; x_wconf 76' lang='grc' dir='ltr'><strong>καὶ</strong></span> <span class='ocrx_word' id='word_1_72' title='bbox 2421 773 2567 846; x_wconf 74' lang='grc' dir='ltr'>ὕδωρ</span> <span class='ocrx_word' id='word_1_73' title='bbox 2594 773 2791 845; x_wconf 79' lang='grc' dir='ltr'><strong>ψευδές</strong></span> <span class='ocrx_word' id='word_1_74' title='bbox 2822 775 2951 830; x_wconf 78' lang='grc' dir='ltr'>εἰσι.</span> <span class='ocrx_word' id='word_1_75' title='bbox 2985 793 3003 827; x_wconf 77' lang='lat' dir='ltr'><strong>r</strong></span> 
     </span>
    </p>
   </div>
   <div class='ocr_carea' id='block_1_11' title="bbox 423 852 3720 939">
    <p class='ocr_par' dir='ltr' id='par_1_11' title="bbox 423 852 3720 939">
     <span class='ocr_line' id='line_1_11' title="bbox 423 852 3720 939; baseline 0.005 -33"><span class='ocrx_word' id='word_1_76' title='bbox 423 852 576 910; x_wconf 89' lang='lat' dir='ltr'><strong>tione</strong></span> <span class='ocrx_word' id='word_1_77' title='bbox 618 869 720 912; x_wconf 88' lang='lat' dir='ltr'><strong>nos</strong></span> <span class='ocrx_word' id='word_1_78' title='bbox 745 871 966 929; x_wconf 85' lang='lat' dir='ltr'><strong>quoque</strong></span> <span class='ocrx_word' id='word_1_79' title='bbox 999 859 1091 915; x_wconf 88' lang='lat' dir='ltr'><strong>ﬁdi</strong></span> <span class='ocrx_word' id='word_1_80' title='bbox 1123 859 1384 920; x_wconf 86' lang='lat' dir='ltr'><strong>dicimur.</strong></span> <span class='ocrx_word' id='word_1_81' title='bbox 1435 863 1640 921; x_wconf 86' lang='lat' dir='ltr'><strong>Contra</strong></span> <span class='ocrx_word' id='word_1_82' title='bbox 1666 881 1798 921; x_wconf 86' lang='lat' dir='ltr'><strong>vero</strong></span> <span class='ocrx_word' id='word_1_83' title='bbox 1825 865 2019 937; x_wconf 87' lang='lat' dir='ltr'><strong>perﬁdi</strong></span> <span class='ocrx_word' id='word_1_84' title='bbox 2062 876 2192 921; x_wconf 91' lang='lat' dir='ltr'><strong>sunt</strong></span> <span class='ocrx_word' id='word_1_85' title='bbox 2222 869 2316 939; x_wconf 89' lang='lat' dir='ltr'><strong>qui</strong></span> <span class='ocrx_word' id='word_1_86' title='bbox 2376 867 2569 924; x_wconf 92' lang='lat' dir='ltr'><strong>dicunt</strong></span> <span class='ocrx_word' id='word_1_87' title='bbox 2622 866 2794 923; x_wconf 92' lang='lat' dir='ltr'><strong>Deum</strong></span> <span class='ocrx_word' id='word_1_88' title='bbox 2865 870 3063 923; x_wconf 87' lang='lat' dir='ltr'><strong>falsum</strong></span> <span class='ocrx_word' id='word_1_89' title='bbox 3137 867 3357 923; x_wconf 90' lang='lat' dir='ltr'><strong>habere</strong></span> <span class='ocrx_word' id='word_1_90' title='bbox 3404 883 3624 933; x_wconf 88' lang='lat' dir='ltr'><strong>nomen,</strong></span> <span class='ocrx_word' id='word_1_91' title='bbox 3673 877 3720 927; x_wconf 90' lang='lat' dir='ltr'><strong>et</strong></span> 
     </span>
    </p>
   </div>
   <div class='ocr_carea' id='block_1_12' title="bbox 423 949 3718 1039">
    <p class='ocr_par' dir='ltr' id='par_1_12' title="bbox 423 949 3718 1039">
     <span class='ocr_line' id='line_1_12' title="bbox 423 949 3718 1039; baseline 0.007 -37"><span class='ocrx_word' id='word_1_92' title='bbox 423 949 690 1018; x_wconf 84' lang='lat' dir='ltr'><strong>perﬁdum</strong></span> <span class='ocrx_word' id='word_1_93' title='bbox 720 967 844 1008; x_wconf 89' lang='lat' dir='ltr'><strong>esse</strong></span> <span class='ocrx_word' id='word_1_94' title='bbox 876 961 986 1008; x_wconf 87' lang='lat' dir='ltr'><strong>tam</strong></span> <span class='ocrx_word' id='word_1_95' title='bbox 1021 957 1202 1027; x_wconf 91' lang='lat' dir='ltr'><strong>reipsa</strong></span> <span class='ocrx_word' id='word_1_96' title='bbox 1234 974 1400 1031; x_wconf 88' lang='lat' dir='ltr'><strong>quam</strong></span> <span class='ocrx_word' id='word_1_97' title='bbox 1430 962 1920 1032; x_wconf 88' lang='lat' dir='ltr'><strong>promissionibus.</strong></span> <span class='ocrx_word' id='word_1_98' title='bbox 1973 961 2050 1018; x_wconf 90' lang='lat' dir='ltr'><strong>De</strong></span> <span class='ocrx_word' id='word_1_99' title='bbox 2089 964 2290 1035; x_wconf 89' lang='lat' dir='ltr'><strong>quibus</strong></span> <span class='ocrx_word' id='word_1_100' title='bbox 2321 965 2530 1021; x_wconf 90' lang='lat' dir='ltr'><strong>dictum</strong></span> <span class='ocrx_word' id='word_1_101' title='bbox 2562 971 2651 1023; x_wconf 84' lang='lat' dir='ltr'><strong>est</strong></span> <span class='ocrx_word' id='word_1_102' title='bbox 2681 983 2695 1021; x_wconf 90' lang='lat'><strong>:</strong></span> <span class='ocrx_word' id='word_1_103' title='bbox 2729 984 2749 1017; x_wconf 82' lang='grc'><strong><em>‹</em></strong></span> <span class='ocrx_word' id='word_1_104' title='bbox 2779 965 2943 1022; x_wconf 87' lang='lat' dir='ltr'><strong>Fides</strong></span> <span class='ocrx_word' id='word_1_105' title='bbox 2982 981 3093 1021; x_wconf 92' lang='lat' dir='ltr'><strong>non</strong></span> <span class='ocrx_word' id='word_1_106' title='bbox 3132 963 3359 1019; x_wconf 88' lang='lat' dir='ltr'><strong>invadit</strong></span> <span class='ocrx_word' id='word_1_107' title='bbox 3404 964 3555 1036; x_wconf 86' lang='lat' dir='ltr'><strong>apud</strong></span> <span class='ocrx_word' id='word_1_108' title='bbox 3616 981 3718 1039; x_wconf 85' lang='lat' dir='ltr'><strong>eos,</strong></span> 
     </span>
    </p>
   </div>
   <div class='ocr_carea' id='block_1_13' title="bbox 424 1045 1235 1112">
    <p class='ocr_par' dir='ltr' id='par_1_13' title="bbox 424 1045 1235 1112">
     <span class='ocr_line' id='line_1_13' title="bbox 424 1045 1235 1112; baseline 0.009 -15"><span class='ocrx_word' id='word_1_109' title='bbox 424 1051 480 1097; x_wconf 86' lang='lat' dir='ltr'><strong>et</strong></span> <span class='ocrx_word' id='word_1_110' title='bbox 517 1058 659 1112; x_wconf 88' lang='lat' dir='ltr'><strong>aqua</strong></span> <span class='ocrx_word' id='word_1_111' title='bbox 695 1045 934 1100; x_wconf 84' lang='lat' dir='ltr'><strong>mendax</strong></span> <span class='ocrx_word' id='word_1_112' title='bbox 960 1059 1092 1104; x_wconf 91' lang='lat' dir='ltr'><strong>sunt</strong></span> <span class='ocrx_word' id='word_1_113' title='bbox 1120 1049 1190 1108; x_wconf 76' lang='lat'><strong>“.</strong></span> <span class='ocrx_word' id='word_1_114' title='bbox 1215 1069 1235 1104; x_wconf 76' lang='grc' dir='ltr'><strong>ι</strong></span> 
     </span>
    </p>
   </div>
   <div class='ocr_carea' id='block_1_14' title="bbox 495 1157 3698 1244">
    <p class='ocr_par' dir='ltr' id='par_1_14' title="bbox 495 1157 3698 1244">
     <span class='ocr_line' id='line_1_14' title="bbox 495 1157 3698 1244; baseline 0.005 -33"><span class='ocrx_word' id='word_1_115' title='bbox 495 1157 686 1213; x_wconf 80' lang='lat' dir='ltr'><strong>Justus</strong></span> <span class='ocrx_word' id='word_1_116' title='bbox 729 1170 778 1214; x_wconf 84' lang='lat' dir='ltr'><strong>et</strong></span> <span class='ocrx_word' id='word_1_117' title='bbox 825 1175 1042 1218; x_wconf 79' lang='lat' dir='ltr'><strong>sanctus</strong></span> <span class='ocrx_word' id='word_1_118' title='bbox 1075 1164 1362 1222; x_wconf 76' lang='lat' dir='ltr'><strong>Dominus.</strong></span> <span class='ocrx_word' id='word_1_119' title='bbox 1395 1167 1635 1239; x_wconf 78' lang='lat' dir='ltr'><strong>[XXXI],</strong></span> <span class='ocrx_word' id='word_1_120' title='bbox 1665 1169 1747 1244; x_wconf 85' lang='lat'><strong>5.]</strong></span> <span class='ocrx_word' id='word_1_121' title='bbox 1769 1169 1910 1226; x_wconf 85' lang='lat' dir='ltr'><strong>Nam</strong></span> <span class='ocrx_word' id='word_1_122' title='bbox 1939 1171 2064 1227; x_wconf 89' lang='lat' dir='ltr'><strong>fons</strong></span> <span class='ocrx_word' id='word_1_123' title='bbox 2085 1165 2322 1240; x_wconf 74' lang='lat' dir='ltr'><strong>justitia:</strong></span> <span class='ocrx_word' id='word_1_124' title='bbox 2349 1175 2405 1222; x_wconf 92' lang='lat' dir='ltr'><strong>et</strong></span> <span class='ocrx_word' id='word_1_125' title='bbox 2427 1165 2744 1222; x_wconf 83' lang='lat' dir='ltr'><strong>sanctitatis</strong></span> <span class='ocrx_word' id='word_1_126' title='bbox 2762 1172 2870 1222; x_wconf 86' lang='lat' dir='ltr'><strong>est.</strong></span> <span class='ocrx_word' id='word_1_127' title='bbox 2909 1164 2979 1238; x_wconf 79' lang='lat' dir='ltr'><strong>lis</strong></span> <span class='ocrx_word' id='word_1_128' title='bbox 3004 1164 3158 1222; x_wconf 85' lang='lat' dir='ltr'><strong>enim</strong></span> <span class='ocrx_word' id='word_1_129' title='bbox 3201 1175 3407 1222; x_wconf 86' lang='lat' dir='ltr'><strong>omnes</strong></span> <span class='ocrx_word' id='word_1_130' title='bbox 3439 1171 3698 1226; x_wconf 73' lang='lat' dir='ltr'><strong>creatura</strong></span> 
     </span>
    </p>
   </div>
   <div class='ocr_carea' id='block_1_15' title="bbox 425 1245 1857 1324">
    <p class='ocr_par' dir='ltr' id='par_1_15' title="bbox 425 1245 1857 1324">
     <span class='ocr_line' id='line_1_15' title="bbox 425 1245 1857 1324; baseline 0.012 -27"><span class='ocrx_word' id='word_1_131' title='bbox 425 1245 781 1316; x_wconf 83' lang='lat' dir='ltr'><strong>participant,</strong></span> <span class='ocrx_word' id='word_1_132' title='bbox 801 1253 1053 1320; x_wconf 84' lang='lat' dir='ltr'><strong>quamvis</strong></span> <span class='ocrx_word' id='word_1_133' title='bbox 1090 1253 1205 1308; x_wconf 75' lang='lat' dir='ltr'><strong>alia:</strong></span> <span class='ocrx_word' id='word_1_134' title='bbox 1226 1257 1479 1324; x_wconf 87' lang='lat' dir='ltr'><strong>amplius,</strong></span> <span class='ocrx_word' id='word_1_135' title='bbox 1505 1257 1688 1312; x_wconf 91' lang='lat' dir='ltr'><strong>minus</strong></span> <span class='ocrx_word' id='word_1_136' title='bbox 1718 1259 1857 1315; x_wconf 63' lang='lat' dir='ltr'><strong>aliae.</strong></span> 
     </span>
    </p>
   </div>
   <div class='ocr_carea' id='block_1_16' title="bbox 503 1351 2065 1439">
    <p class='ocr_par' dir='ltr' id='par_1_16' title="bbox 503 1351 2024 1439">
     <span class='ocr_line' id='line_1_16' title="bbox 503 1351 2024 1439; baseline 0.011 -33"><span class='ocrx_word' id='word_1_137' title='bbox 503 1351 861 1409; x_wconf 79' lang='lat' dir='ltr'><strong>Peccauerunt</strong></span> <span class='ocrx_word' id='word_1_138' title='bbox 897 1374 1000 1411; x_wconf 87' lang='lat' dir='ltr'><strong>non</strong></span> <span class='ocrx_word' id='word_1_139' title='bbox 1036 1360 1084 1412; x_wconf 86' lang='lat' dir='ltr'><strong>ei</strong></span> <span class='ocrx_word' id='word_1_140' title='bbox 1111 1359 1217 1428; x_wconf 82' lang='lat' dir='ltr'><strong>ﬁlii</strong></span> <span class='ocrx_word' id='word_1_141' title='bbox 1238 1363 1695 1431; x_wconf 81' lang='lat' dir='ltr'><strong>reprehensibiles.</strong></span> <span class='ocrx_word' id='word_1_142' title='bbox 1719 1364 1825 1439; x_wconf 81' lang='lat'><strong>[5.]</strong></span> <span class='ocrx_word' id='word_1_143' title='bbox 1853 1365 2024 1437; x_wconf 78' lang='lat' dir='ltr'><strong>Aqui-</strong></span> 
     </span>
    </p>
   </div>
   <div class='ocr_carea' id='block_1_17' title="bbox 2160 1351 3722 1439">
    <p class='ocr_par' dir='ltr' id='par_1_17' title="bbox 2213 1363 3722 1439">
     <span class='ocr_line' id='line_1_17' title="bbox 2213 1363 3722 1439; baseline -0.005 -13"><span class='ocrx_word' id='word_1_144' title='bbox 2213 1367 2602 1439; x_wconf 77' lang='grc' dir='ltr'>Ἠμὰρτοσαν</span> <span class='ocrx_word' id='word_1_145' title='bbox 2630 1364 2744 1421; x_wconf 84' lang='grc' dir='ltr'><strong>οὐκ</strong></span> <span class='ocrx_word' id='word_1_146' title='bbox 2772 1363 2934 1430; x_wconf 86' lang='grc' dir='ltr'><strong>αὐτῷ</strong></span> <span class='ocrx_word' id='word_1_147' title='bbox 2956 1365 3144 1422; x_wconf 80' lang='grc' dir='ltr'>τέκνα</span> <span class='ocrx_word' id='word_1_148' title='bbox 3183 1363 3476 1435; x_wconf 63' lang='lat' dir='ltr'><strong>pug-md.</strong></span> <span class='ocrx_word' id='word_1_149' title='bbox 3508 1365 3722 1434; x_wconf 77' lang='grc' dir='ltr'><strong>’Δκύλας</strong></span> 
     </span>
    </p>
   </div>
   <div class='ocr_carea' id='block_1_18' title="bbox 427 1441 1989 1532">
    <p class='ocr_par' dir='ltr' id='par_1_18' title="bbox 427 1441 1989 1528">
     <span class='ocr_line' id='line_1_18' title="bbox 427 1441 1989 1528; baseline 0.009 -30"><span class='ocrx_word' id='word_1_150' title='bbox 427 1441 511 1498; x_wconf 86' lang='lat' dir='ltr'><strong>las</strong></span> <span class='ocrx_word' id='word_1_151' title='bbox 539 1443 780 1499; x_wconf 86' lang='lat' dir='ltr'><strong>reddidit</strong></span> <span class='ocrx_word' id='word_1_152' title='bbox 818 1460 830 1497; x_wconf 92' lang='lat'>:</span> <span class='ocrx_word' id='word_1_153' title='bbox 869 1445 1236 1516; x_wconf 84' lang='lat' dir='ltr'><strong>Corruperunt</strong></span> <span class='ocrx_word' id='word_1_154' title='bbox 1282 1451 1353 1514; x_wconf 87' lang='lat' dir='ltr'><strong>ei,</strong></span> <span class='ocrx_word' id='word_1_155' title='bbox 1401 1468 1506 1507; x_wconf 87' lang='lat' dir='ltr'><strong>non</strong></span> <span class='ocrx_word' id='word_1_156' title='bbox 1547 1455 1650 1514; x_wconf 80' lang='lat' dir='ltr'><strong>ﬁlii</strong></span> <span class='ocrx_word' id='word_1_157' title='bbox 1681 1455 1837 1524; x_wconf 86' lang='lat' dir='ltr'><strong>ejus;</strong></span> <span class='ocrx_word' id='word_1_158' title='bbox 1863 1455 1989 1528; x_wconf 84' lang='lat' dir='ltr'><strong>Sym</strong></span> 
     </span>
    </p>
   </div>
   <div class='ocr_carea' id='block_1_19' title="bbox 2159 1441 3721 1532">
    <p class='ocr_par' dir='ltr' id='par_1_19' title="bbox 2161 1455 3721 1532">
     <span class='ocr_line' id='line_1_19' title="bbox 2161 1455 3721 1532; baseline -0.001 -17"><span class='ocrx_word' id='word_1_159' title='bbox 2161 1461 2392 1530; x_wconf 79' lang='grc' dir='ltr'><strong>εὲδωκε,</strong></span> <span class='ocrx_word' id='word_1_160' title='bbox 2426 1459 2775 1529; x_wconf 73' lang='grc' dir='ltr'>Διέφθειραν</span> <span class='ocrx_word' id='word_1_161' title='bbox 2823 1455 2986 1524; x_wconf 81' lang='grc' dir='ltr'><strong>αὐτῷ</strong></span> <span class='ocrx_word' id='word_1_162' title='bbox 3017 1460 3132 1528; x_wconf 88' lang='grc' dir='ltr'><strong>οὐχ</strong></span> <span class='ocrx_word' id='word_1_163' title='bbox 3167 1459 3296 1513; x_wconf 77' lang='grc' dir='ltr'><strong>υἱοὶ</strong></span> <span class='ocrx_word' id='word_1_164' title='bbox 3328 1457 3524 1514; x_wconf 82' lang='grc' dir='ltr'>αὐτοῦ</span> <span class='ocrx_word' id='word_1_165' title='bbox 3547 1475 3561 1493; x_wconf 76' lang='grc' dir='ltr'><strong>ο</strong></span> <span class='ocrx_word' id='word_1_166' title='bbox 3595 1461 3721 1532; x_wconf 77' lang='grc' dir='ltr'><strong>Σύμ-</strong></span> 
     </span>
    </p>
   </div>
   <div class='ocr_carea' id='block_1_20' title="bbox 429 1537 1991 1626">
    <p class='ocr_par' dir='ltr' id='par_1_20' title="bbox 429 1537 1991 1618">
     <span class='ocr_line' id='line_1_20' title="bbox 429 1537 1991 1618; baseline 0.01 -29"><span class='ocrx_word' id='word_1_167' title='bbox 429 1537 663 1592; x_wconf 84' lang='lat' dir='ltr'><strong>machus</strong></span> <span class='ocrx_word' id='word_1_168' title='bbox 691 1552 865 1595; x_wconf 84' lang='lat' dir='ltr'><strong>vero:</strong></span> <span class='ocrx_word' id='word_1_169' title='bbox 892 1538 1257 1612; x_wconf 85' lang='lat' dir='ltr'><strong>Corruperunt</strong></span> <span class='ocrx_word' id='word_1_170' title='bbox 1286 1545 1482 1614; x_wconf 84' lang='lat' dir='ltr'><strong>ipsum,</strong></span> <span class='ocrx_word' id='word_1_171' title='bbox 1526 1562 1630 1601; x_wconf 86' lang='lat' dir='ltr'><strong>non</strong></span> <span class='ocrx_word' id='word_1_172' title='bbox 1660 1548 1765 1617; x_wconf 82' lang='lat' dir='ltr'><strong>ﬁlii</strong></span> <span class='ocrx_word' id='word_1_173' title='bbox 1804 1549 1921 1618; x_wconf 82' lang='lat' dir='ltr'><strong>ejus</strong></span> <span class='ocrx_word' id='word_1_174' title='bbox 1953 1551 1991 1605; x_wconf 79' lang='lat' dir='ltr'><strong>it</strong></span> 
     </span>
    </p>
   </div>
   <div class='ocr_carea' id='block_1_21' title="bbox 2157 1537 3719 1626">
    <p class='ocr_par' dir='ltr' id='par_1_21' title="bbox 2157 1550 3719 1626">
     <span class='ocr_line' id='line_1_21' title="bbox 2157 1550 3719 1626; baseline -0.001 -18"><span class='ocrx_word' id='word_1_175' title='bbox 2157 1571 2308 1626; x_wconf 79' lang='grc' dir='ltr'>ιαχος</span> <span class='ocrx_word' id='word_1_176' title='bbox 2343 1553 2424 1620; x_wconf 78' lang='grc' dir='ltr'><strong>δὲ,</strong></span> <span class='ocrx_word' id='word_1_177' title='bbox 2447 1551 2797 1623; x_wconf 74' lang='grc' dir='ltr'>Διέφθειραν</span> <span class='ocrx_word' id='word_1_178' title='bbox 2825 1551 2980 1622; x_wconf 81' lang='grc' dir='ltr'><strong>πρὸς</strong></span> <span class='ocrx_word' id='word_1_179' title='bbox 3022 1550 3219 1606; x_wconf 80' lang='grc' dir='ltr'>αὐτὸν</span> <span class='ocrx_word' id='word_1_180' title='bbox 3243 1551 3366 1620; x_wconf 78' lang='grc' dir='ltr'><strong>οὐχ</strong></span> <span class='ocrx_word' id='word_1_181' title='bbox 3393 1551 3516 1606; x_wconf 80' lang='grc' dir='ltr'>υίοί</span> <span class='ocrx_word' id='word_1_182' title='bbox 3553 1553 3719 1607; x_wconf 81' lang='grc' dir='ltr'>αὐτοῦ</span> 
     </span>
    </p>
   </div>
   <div class='ocr_carea' id='block_1_22' title="bbox 430 1628 1992 1713">
    <p class='ocr_par' dir='ltr' id='par_1_22' title="bbox 430 1628 1658 1688">
     <span class='ocr_line' id='line_1_22' title="bbox 430 1628 1658 1688; baseline 0.006 -7"><span class='ocrx_word' id='word_1_183' title='bbox 430 1628 755 1685; x_wconf 80' lang='lat' dir='ltr'><strong>uniuersum.</strong></span> <span class='ocrx_word' id='word_1_184' title='bbox 1654 1685 1658 1688; x_wconf 73' lang='lat'><strong>.</strong></span> 
     </span>
    </p>
   </div>
   <div class='ocr_carea' id='block_1_23' title="bbox 973 1628 2535 1713">
    <p class='ocr_par' dir='ltr' id='par_1_23' title="bbox 1654 1646 2535 1713">
     <span class='ocr_line' id='line_1_23' title="bbox 1654 1646 2535 1713; baseline -0.002 -11"><span class='ocrx_word' id='word_1_185' title='bbox 1654 1685 1658 1688; x_wconf 51' lang='grc' dir='ltr'><strong>ν</strong></span> <span class='ocrx_word' id='word_1_186' title='bbox 2054 1656 2100 1713; x_wconf 83' lang='grc' dir='ltr'><strong>Β</strong></span> <span class='ocrx_word' id='word_1_187' title='bbox 2127 1647 2196 1702; x_wconf 84' lang='grc' dir='ltr'>τὸ</span> <span class='ocrx_word' id='word_1_188' title='bbox 2236 1646 2535 1701; x_wconf 71' lang='grc' dir='ltr'>σύνολον.</span> 
     </span>
    </p>
   </div>
   <div class='ocr_carea' id='block_1_24' title="bbox 508 1747 3720 1831">
    <p class='ocr_par' dir='ltr' id='par_1_24' title="bbox 508 1747 3720 1831">
     <span class='ocr_line' id='line_1_24' title="bbox 508 1747 3720 1831; baseline 0.003 -29"><span class='ocrx_word' id='word_1_189' title='bbox 508 1747 818 1802; x_wconf 76' lang='lat' dir='ltr'><strong>Amborum</strong></span> <span class='ocrx_word' id='word_1_190' title='bbox 864 1761 998 1806; x_wconf 80' lang='lat' dir='ltr'><strong>vero</strong></span> <span class='ocrx_word' id='word_1_191' title='bbox 1050 1748 1168 1806; x_wconf 62' lang='lat' dir='ltr'><strong>haec</strong></span> <span class='ocrx_word' id='word_1_192' title='bbox 1199 1753 1470 1809; x_wconf 81' lang='lat' dir='ltr'><strong>sententia</strong></span> <span class='ocrx_word' id='word_1_193' title='bbox 1499 1761 1606 1810; x_wconf 92' lang='lat' dir='ltr'><strong>est.</strong></span> <span class='ocrx_word' id='word_1_194' title='bbox 1667 1755 2030 1827; x_wconf 85' lang='lat' dir='ltr'><strong>Adoptionem</strong></span> <span class='ocrx_word' id='word_1_195' title='bbox 2072 1770 2229 1815; x_wconf 87' lang='lat' dir='ltr'><strong>suam</strong></span> <span class='ocrx_word' id='word_1_196' title='bbox 2260 1764 2722 1831; x_wconf 78' lang='lat' dir='ltr'><strong>pernegaverunt.</strong></span> <span class='ocrx_word' id='word_1_197' title='bbox 2757 1757 3037 1828; x_wconf 88' lang='lat' dir='ltr'><strong>Corporeo</strong></span> <span class='ocrx_word' id='word_1_198' title='bbox 3075 1755 3309 1826; x_wconf 83' lang='lat' dir='ltr'><strong>quidem</strong></span> <span class='ocrx_word' id='word_1_199' title='bbox 3348 1754 3550 1821; x_wconf 87' lang='lat' dir='ltr'><strong>modo,</strong></span> <span class='ocrx_word' id='word_1_200' title='bbox 3593 1755 3720 1826; x_wconf 83' lang='lat' dir='ltr'><strong>quod</strong></span> 
     </span>
    </p>
   </div>
   <div class='ocr_carea' id='block_1_25' title="bbox 433 1836 3718 1916">
    <p class='ocr_par' dir='ltr' id='par_1_25' title="bbox 433 1836 3718 1916">
     <span class='ocr_line' id='line_1_25' title="bbox 433 1836 3718 1916; baseline 0.002 -26"><span class='ocrx_word' id='word_1_201' title='bbox 433 1848 500 1890; x_wconf 79' lang='lat' dir='ltr'><strong>ex</strong></span> <span class='ocrx_word' id='word_1_202' title='bbox 552 1837 727 1891; x_wconf 85' lang='lat' dir='ltr'><strong>nihilo</strong></span> <span class='ocrx_word' id='word_1_203' title='bbox 758 1836 1033 1907; x_wconf 86' lang='lat' dir='ltr'><strong>producti,</strong></span> <span class='ocrx_word' id='word_1_204' title='bbox 1057 1837 1217 1909; x_wconf 79' lang='lat' dir='ltr'><strong>juxta</strong></span> <span class='ocrx_word' id='word_1_205' title='bbox 1264 1841 1546 1899; x_wconf 87' lang='lat' dir='ltr'><strong>Creatoris</strong></span> <span class='ocrx_word' id='word_1_206' title='bbox 1581 1836 2002 1903; x_wconf 75' lang='lat' dir='ltr'><strong>similitudinem</strong></span> <span class='ocrx_word' id='word_1_207' title='bbox 2046 1855 2381 1916; x_wconf 86' lang='lat' dir='ltr'><strong>creaturam,</strong></span> <span class='ocrx_word' id='word_1_208' title='bbox 2417 1846 2680 1903; x_wconf 88' lang='lat' dir='ltr'><strong>Creatore</strong></span> <span class='ocrx_word' id='word_1_209' title='bbox 2698 1846 2970 1916; x_wconf 87' lang='lat' dir='ltr'><strong>neglecto,</strong></span> <span class='ocrx_word' id='word_1_210' title='bbox 2996 1845 3322 1900; x_wconf 84' lang='lat' dir='ltr'><strong>coluerunt.</strong></span> <span class='ocrx_word' id='word_1_211' title='bbox 3347 1844 3429 1898; x_wconf 76' lang='lat' dir='ltr'><strong>Ac</strong></span> <span class='ocrx_word' id='word_1_212' title='bbox 3449 1854 3718 1916; x_wconf 78' lang='lat' dir='ltr'><strong>postquam</strong></span> 
     </span>
    </p>
   </div>
   <div class='ocr_carea' id='block_1_26' title="bbox 433 1921 3718 2008">
    <p class='ocr_par' dir='ltr' id='par_1_26' title="bbox 433 1921 3718 2008">
     <span class='ocr_line' id='line_1_26' title="bbox 433 1921 3718 2008; baseline 0.002 -30"><span class='ocrx_word' id='word_1_213' title='bbox 433 1937 501 1978; x_wconf 81' lang='lat' dir='ltr'><strong>ex</strong></span> <span class='ocrx_word' id='word_1_214' title='bbox 543 1921 782 1994; x_wconf 63' lang='lat' dir='ltr'><strong>:Egypto</strong></span> <span class='ocrx_word' id='word_1_215' title='bbox 830 1933 961 1981; x_wconf 91' lang='lat' dir='ltr'><strong>sunt</strong></span> <span class='ocrx_word' id='word_1_216' title='bbox 998 1927 1229 1997; x_wconf 89' lang='lat' dir='ltr'><strong>egressi,</strong></span> <span class='ocrx_word' id='word_1_217' title='bbox 1279 1929 1453 1984; x_wconf 91' lang='lat' dir='ltr'><strong>vitulo</strong></span> <span class='ocrx_word' id='word_1_218' title='bbox 1485 1929 1756 1986; x_wconf 84' lang='lat' dir='ltr'><strong>fabricato</strong></span> <span class='ocrx_word' id='word_1_219' title='bbox 1794 1934 1992 1988; x_wconf 89' lang='lat' dir='ltr'><strong>iterum</strong></span> <span class='ocrx_word' id='word_1_220' title='bbox 2017 1935 2354 2008; x_wconf 87' lang='lat' dir='ltr'><strong>Beelphegor</strong></span> <span class='ocrx_word' id='word_1_221' title='bbox 2405 1950 2528 1992; x_wconf 89' lang='lat' dir='ltr'><strong>sese</strong></span> <span class='ocrx_word' id='word_1_222' title='bbox 2575 1942 2994 1991; x_wconf 87' lang='lat' dir='ltr'><strong>consecrarunt.</strong></span> <span class='ocrx_word' id='word_1_223' title='bbox 3057 1932 3360 2003; x_wconf 88' lang='lat' dir='ltr'><strong>Spirituali</strong></span> <span class='ocrx_word' id='word_1_224' title='bbox 3387 1948 3541 1998; x_wconf 85' lang='lat' dir='ltr'><strong>vero,</strong></span> <span class='ocrx_word' id='word_1_225' title='bbox 3572 1933 3718 2002; x_wconf 91' lang='lat' dir='ltr'><strong>quod,</strong></span> 
     </span>
    </p>
   </div>
   <div class='ocr_carea' id='block_1_27' title="bbox 439 2011 3717 2090">
    <p class='ocr_par' dir='ltr' id='par_1_27' title="bbox 439 2011 3717 2090">
     <span class='ocr_line' id='line_1_27' title="bbox 439 2011 3717 2090; baseline 0.003 -27"><span class='ocrx_word' id='word_1_226' title='bbox 439 2029 459 2063; x_wconf 74' lang='grc' dir='ltr'><strong>ι</strong></span> <span class='ocrx_word' id='word_1_227' title='bbox 496 2011 691 2066; x_wconf 86' lang='lat' dir='ltr'><strong>Omnis</strong></span> <span class='ocrx_word' id='word_1_228' title='bbox 714 2012 813 2082; x_wconf 89' lang='lat' dir='ltr'><strong>qui</strong></span> <span class='ocrx_word' id='word_1_229' title='bbox 853 2021 1068 2082; x_wconf 88' lang='lat' dir='ltr'><strong>peccat,</strong></span> <span class='ocrx_word' id='word_1_230' title='bbox 1108 2013 1429 2074; x_wconf 83' lang='lat' dir='ltr'><strong>Servatoris</strong></span> <span class='ocrx_word' id='word_1_231' title='bbox 1453 2020 1844 2088; x_wconf 86' lang='lat' dir='ltr'><strong>pronuntiato,</strong></span> <span class='ocrx_word' id='word_1_232' title='bbox 1871 2037 1902 2077; x_wconf 89' lang='lat' dir='ltr'><strong>e</strong></span> <span class='ocrx_word' id='word_1_233' title='bbox 1933 2022 2154 2081; x_wconf 88' lang='lat' dir='ltr'><strong>diabolo</strong></span> <span class='ocrx_word' id='word_1_234' title='bbox 2176 2033 2341 2080; x_wconf 87' lang='lat' dir='ltr'><strong>natus</strong></span> <span class='ocrx_word' id='word_1_235' title='bbox 2362 2031 2448 2080; x_wconf 87' lang='lat' dir='ltr'><strong>est</strong></span> <span class='ocrx_word' id='word_1_236' title='bbox 2475 2023 2542 2076; x_wconf 81' lang='lat'><strong>&quot;.</strong></span> <span class='ocrx_word' id='word_1_237' title='bbox 2587 2039 2606 2074; x_wconf 72' lang='grc' dir='ltr'><strong>ι</strong></span> <span class='ocrx_word' id='word_1_238' title='bbox 2642 2019 3123 2088; x_wconf 84' lang='lat' dir='ltr'><strong>Quemadmodum</strong></span> <span class='ocrx_word' id='word_1_239' title='bbox 3157 2021 3261 2090; x_wconf 80' lang='lat' dir='ltr'><strong>qui</strong></span> <span class='ocrx_word' id='word_1_240' title='bbox 3297 2026 3457 2075; x_wconf 85' lang='lat' dir='ltr'><strong>recte</strong></span> <span class='ocrx_word' id='word_1_241' title='bbox 3493 2020 3717 2075; x_wconf 80' lang='lat' dir='ltr'><strong>sentitet</strong></span> 
     </span>
    </p>
   </div>
   <div class='ocr_carea' id='block_1_28' title="bbox 433 2100 3716 2184">
    <p class='ocr_par' dir='ltr' id='par_1_28' title="bbox 433 2100 3716 2184">
     <span class='ocr_line' id='line_1_28' title="bbox 433 2100 3716 2184; baseline 0.001 -28"><span class='ocrx_word' id='word_1_242' title='bbox 433 2100 590 2164; x_wconf 91' lang='lat' dir='ltr'><strong>dicit,</strong></span> <span class='ocrx_word' id='word_1_243' title='bbox 625 2101 737 2156; x_wconf 90' lang='lat' dir='ltr'><strong>Deo</strong></span> <span class='ocrx_word' id='word_1_244' title='bbox 766 2101 1076 2158; x_wconf 84' lang='lat' dir='ltr'><strong>conformis</strong></span> <span class='ocrx_word' id='word_1_245' title='bbox 1107 2103 1317 2160; x_wconf 87' lang='lat' dir='ltr'><strong>evadit.</strong></span> <span class='ocrx_word' id='word_1_246' title='bbox 1346 2104 1637 2172; x_wconf 84' lang='lat' dir='ltr'><strong>Quomodo</strong></span> <span class='ocrx_word' id='word_1_247' title='bbox 1665 2108 1873 2166; x_wconf 87' lang='lat' dir='ltr'><strong>Paulus</strong></span> <span class='ocrx_word' id='word_1_248' title='bbox 1900 2126 2125 2182; x_wconf 90' lang='lat' dir='ltr'><strong>quoque</strong></span> <span class='ocrx_word' id='word_1_249' title='bbox 2156 2128 2253 2169; x_wconf 81' lang='lat' dir='ltr'><strong>eos</strong></span> <span class='ocrx_word' id='word_1_250' title='bbox 2279 2112 2374 2184; x_wconf 89' lang='lat' dir='ltr'><strong>qui</strong></span> <span class='ocrx_word' id='word_1_251' title='bbox 2410 2128 2440 2167; x_wconf 86' lang='lat' dir='ltr'><strong>a</strong></span> <span class='ocrx_word' id='word_1_252' title='bbox 2461 2113 2670 2183; x_wconf 89' lang='lat' dir='ltr'><strong>pietate</strong></span> <span class='ocrx_word' id='word_1_253' title='bbox 2700 2109 3056 2170; x_wconf 79' lang='lat' dir='ltr'><strong>exciderunt.</strong></span> <span class='ocrx_word' id='word_1_254' title='bbox 3086 2123 3150 2164; x_wconf 86' lang='lat' dir='ltr'><strong>se</strong></span> <span class='ocrx_word' id='word_1_255' title='bbox 3184 2107 3481 2179; x_wconf 87' lang='lat' dir='ltr'><strong>parturire</strong></span> <span class='ocrx_word' id='word_1_256' title='bbox 3501 2107 3636 2161; x_wconf 80' lang='lat' dir='ltr'><strong>dixit</strong></span> <span class='ocrx_word' id='word_1_257' title='bbox 3659 2105 3716 2171; x_wconf 83' lang='lat'><strong>&quot;,</strong></span> 
     </span>
    </p>
   </div>
   <div class='ocr_carea' id='block_1_29' title="bbox 431 2188 3719 2334">
    <p class='ocr_par' dir='ltr' id='par_1_29' title="bbox 431 2188 3719 2334">
     <span class='ocr_line' id='line_1_29' title="bbox 431 2188 3719 2334; baseline 0.002 -90"><span class='ocrx_word' id='word_1_258' title='bbox 431 2196 496 2334; x_wconf 52' lang='lat' dir='ltr'><strong>Et</strong></span> <span class='ocrx_word' id='word_1_259' title='bbox 533 2191 754 2260; x_wconf 86' lang='lat' dir='ltr'><strong>pietatis</strong></span> <span class='ocrx_word' id='word_1_260' title='bbox 785 2188 1021 2247; x_wconf 82' lang='lat' dir='ltr'><strong>formam</strong></span> <span class='ocrx_word' id='word_1_261' title='bbox 1067 2193 1366 2266; x_wconf 83' lang='lat' dir='ltr'><strong>recipiant.</strong></span> <span class='ocrx_word' id='word_1_262' title='bbox 1398 2195 1572 2254; x_wconf 85' lang='lat' dir='ltr'><strong>Porro</strong></span> <span class='ocrx_word' id='word_1_263' title='bbox 1599 2213 1732 2255; x_wconf 83' lang='lat' dir='ltr'><strong>vero</strong></span> <span class='ocrx_word' id='word_1_264' title='bbox 1769 2199 1981 2256; x_wconf 79' lang='lat' dir='ltr'><strong>aditum</strong></span> <span class='ocrx_word' id='word_1_265' title='bbox 2034 2201 2104 2257; x_wconf 91' lang='lat' dir='ltr'><strong>ad</strong></span> <span class='ocrx_word' id='word_1_266' title='bbox 2145 2201 2315 2256; x_wconf 83' lang='lat' dir='ltr'><strong>vitam</strong></span> <span class='ocrx_word' id='word_1_267' title='bbox 2352 2205 2628 2255; x_wconf 80' lang='lat' dir='ltr'><strong>monstrat</strong></span> <span class='ocrx_word' id='word_1_268' title='bbox 2652 2197 2787 2253; x_wconf 84' lang='lat' dir='ltr'><strong>illud</strong></span> <span class='ocrx_word' id='word_1_269' title='bbox 2822 2215 2837 2252; x_wconf 93' lang='lat'><strong>:</strong></span> <span class='ocrx_word' id='word_1_270' title='bbox 2870 2213 2890 2249; x_wconf 75' lang='grc' dir='ltr'><strong>ι</strong></span> <span class='ocrx_word' id='word_1_271' title='bbox 2924 2197 3026 2252; x_wconf 88' lang='lat' dir='ltr'><strong>Hic</strong></span> <span class='ocrx_word' id='word_1_272' title='bbox 3049 2204 3136 2252; x_wconf 90' lang='lat' dir='ltr'><strong>est</strong></span> <span class='ocrx_word' id='word_1_273' title='bbox 3183 2196 3336 2253; x_wconf 86' lang='lat' dir='ltr'><strong>liber</strong></span> <span class='ocrx_word' id='word_1_274' title='bbox 3369 2194 3719 2267; x_wconf 70' lang='lat' dir='ltr'><strong>generationis</strong></span> 
     </span>
     <span class='ocr_line' id='line_1_30' title="bbox 474 2289 1698 2334; baseline -0.006 0"><span class='ocrx_word' id='word_1_275' title='bbox 474 2292 743 2334; x_wconf 76' lang='lat' dir='ltr'><strong>ominum.</strong></span> <span class='ocrx_word' id='word_1_276' title='bbox 788 2298 806 2331; x_wconf 81' lang='grc' dir='ltr'><strong>ι</strong></span> <span class='ocrx_word' id='word_1_277' title='bbox 1541 2289 1548 2294; x_wconf 87' lang='lat'><strong><em>‘</em></strong></span> <span class='ocrx_word' id='word_1_278' title='bbox 1693 2305 1698 2308; x_wconf 94' lang='lat'><strong><em>-</em></strong></span> 
     </span>
    </p>
   </div>
   <div class='ocr_carea' id='block_1_30' title="bbox 474 2289 1698 2334">
    <p class='ocr_par' dir='ltr' id='par_1_30' title="bbox 474 2289 1698 2334">
     <span class='ocr_line' id='line_1_31' title="bbox 474 2289 1698 2334; baseline -0.003 0"><span class='ocrx_word' id='word_1_279' title='bbox 474 2292 743 2334; x_wconf 76' lang='lat' dir='ltr'><strong>ominum.</strong></span> <span class='ocrx_word' id='word_1_280' title='bbox 788 2298 806 2331; x_wconf 81' lang='grc' dir='ltr'><strong>ι</strong></span> <span class='ocrx_word' id='word_1_281' title='bbox 1541 2289 1548 2294; x_wconf 84' lang='lat'>‘</span> <span class='ocrx_word' id='word_1_282' title='bbox 1693 2305 1698 2308; x_wconf 90' lang='lat'><strong><em>-</em></strong></span> 
     </span>
    </p>
   </div>
   <div class='ocr_carea' id='block_1_31' title="bbox 505 2385 3718 2466">
    <p class='ocr_par' dir='ltr' id='par_1_31' title="bbox 505 2385 3718 2466">
     <span class='ocr_line' id='line_1_32' title="bbox 505 2385 3718 2466; baseline 0.001 -25"><span class='ocrx_word' id='word_1_283' title='bbox 505 2385 790 2442; x_wconf 74' lang='lat' dir='ltr'><strong>Generatio</strong></span> <span class='ocrx_word' id='word_1_284' title='bbox 824 2403 993 2456; x_wconf 81' lang='lat' dir='ltr'><strong>praua</strong></span> <span class='ocrx_word' id='word_1_285' title='bbox 1031 2399 1078 2444; x_wconf 85' lang='lat' dir='ltr'><strong>et</strong></span> <span class='ocrx_word' id='word_1_286' title='bbox 1113 2389 1350 2447; x_wconf 79' lang='lat' dir='ltr'><strong>detorta.</strong></span> <span class='ocrx_word' id='word_1_287' title='bbox 1387 2389 1870 2457; x_wconf 88' lang='lat' dir='ltr'><strong>Quemadmodum</strong></span> <span class='ocrx_word' id='word_1_288' title='bbox 1905 2395 2052 2450; x_wconf 91' lang='lat' dir='ltr'><strong>enim</strong></span> <span class='ocrx_word' id='word_1_289' title='bbox 2086 2408 2155 2450; x_wconf 77' lang='lat' dir='ltr'><strong>ex</strong></span> <span class='ocrx_word' id='word_1_290' title='bbox 2185 2399 2441 2466; x_wconf 79' lang='lat' dir='ltr'><strong>serpente</strong></span> <span class='ocrx_word' id='word_1_291' title='bbox 2472 2391 2676 2447; x_wconf 81' lang='lat' dir='ltr'><strong>Satana</strong></span> <span class='ocrx_word' id='word_1_292' title='bbox 2705 2399 2835 2446; x_wconf 86' lang='lat' dir='ltr'><strong>nata</strong></span> <span class='ocrx_word' id='word_1_293' title='bbox 2865 2397 2974 2456; x_wconf 86' lang='lat' dir='ltr'><strong>est,</strong></span> <span class='ocrx_word' id='word_1_294' title='bbox 3018 2390 3096 2446; x_wconf 84' lang='lat' dir='ltr'><strong>ita</strong></span> <span class='ocrx_word' id='word_1_295' title='bbox 3127 2390 3435 2462; x_wconf 80' lang='lat' dir='ltr'><strong>ingenium</strong></span> <span class='ocrx_word' id='word_1_296' title='bbox 3470 2389 3588 2461; x_wconf 79' lang='lat' dir='ltr'><strong>ejus</strong></span> <span class='ocrx_word' id='word_1_297' title='bbox 3618 2391 3718 2444; x_wconf 76' lang='lat' dir='ltr'><strong>mo-</strong></span> 
     </span>
    </p>
   </div>
   <div class='ocr_carea' id='block_1_32' title="bbox 431 2476 3716 2552">
    <p class='ocr_par' dir='ltr' id='par_1_32' title="bbox 431 2476 3716 2552">
     <span class='ocr_line' id='line_1_33' title="bbox 431 2476 3716 2552; baseline 0.001 -20"><span class='ocrx_word' id='word_1_298' title='bbox 431 2491 557 2532; x_wconf 87' lang='lat' dir='ltr'><strong>rum</strong></span> <span class='ocrx_word' id='word_1_299' title='bbox 589 2476 951 2547; x_wconf 85' lang='lat' dir='ltr'><strong>perversitate</strong></span> <span class='ocrx_word' id='word_1_300' title='bbox 983 2485 1372 2547; x_wconf 69' lang='lat' dir='ltr'><strong>repraesentat,</strong></span> <span class='ocrx_word' id='word_1_301' title='bbox 1412 2493 1474 2534; x_wconf 87' lang='lat' dir='ltr'><strong>ac</strong></span> <span class='ocrx_word' id='word_1_302' title='bbox 1515 2495 1616 2551; x_wconf 89' lang='lat' dir='ltr'><strong>per</strong></span> <span class='ocrx_word' id='word_1_303' title='bbox 1639 2481 1785 2536; x_wconf 84' lang='lat' dir='ltr'><strong>viam</strong></span> <span class='ocrx_word' id='word_1_304' title='bbox 1827 2492 2035 2538; x_wconf 89' lang='lat' dir='ltr'><strong>rectam</strong></span> <span class='ocrx_word' id='word_1_305' title='bbox 2062 2499 2171 2539; x_wconf 90' lang='lat' dir='ltr'><strong>non</strong></span> <span class='ocrx_word' id='word_1_306' title='bbox 2204 2483 2434 2539; x_wconf 85' lang='lat' dir='ltr'><strong>incedit.</strong></span> <span class='ocrx_word' id='word_1_307' title='bbox 2471 2484 2547 2539; x_wconf 87' lang='lat' dir='ltr'><strong>De</strong></span> <span class='ocrx_word' id='word_1_308' title='bbox 2582 2482 2789 2552; x_wconf 86' lang='lat' dir='ltr'><strong>quibus</strong></span> <span class='ocrx_word' id='word_1_309' title='bbox 2820 2477 3184 2538; x_wconf 81' lang='lat' dir='ltr'><strong>Proverbium</strong></span> <span class='ocrx_word' id='word_1_310' title='bbox 3218 2484 3300 2537; x_wconf 85' lang='lat' dir='ltr'><strong>ait</strong></span> <span class='ocrx_word' id='word_1_311' title='bbox 3337 2499 3351 2534; x_wconf 93' lang='lat'><strong>:</strong></span> <span class='ocrx_word' id='word_1_312' title='bbox 3399 2493 3418 2535; x_wconf 74' lang='lat' dir='ltr'><strong>t</strong></span> <span class='ocrx_word' id='word_1_313' title='bbox 3448 2477 3494 2538; x_wconf 82' lang='grc' dir='ltr'>Ο</span> <span class='ocrx_word' id='word_1_314' title='bbox 3519 2491 3612 2537; x_wconf 82' lang='lat' dir='ltr'><strong>vos</strong></span> <span class='ocrx_word' id='word_1_315' title='bbox 3640 2480 3716 2551; x_wconf 75' lang='lat' dir='ltr'><strong>qui</strong></span> 
     </span>
    </p>
   </div>
   <div class='ocr_carea' id='block_1_33' title="bbox 432 2563 3716 2640">
    <p class='ocr_par' dir='ltr' id='par_1_33' title="bbox 432 2563 3716 2640">
     <span class='ocr_line' id='line_1_34' title="bbox 432 2563 3716 2640; baseline 0.001 -21"><span class='ocrx_word' id='word_1_316' title='bbox 432 2563 814 2632; x_wconf 76' lang='lat' dir='ltr'><strong>dereliquistis</strong></span> <span class='ocrx_word' id='word_1_317' title='bbox 839 2564 1068 2621; x_wconf 89' lang='lat' dir='ltr'><strong>semitas</strong></span> <span class='ocrx_word' id='word_1_318' title='bbox 1097 2565 1365 2633; x_wconf 90' lang='lat' dir='ltr'><strong>directas,</strong></span> <span class='ocrx_word' id='word_1_319' title='bbox 1403 2575 1464 2622; x_wconf 91' lang='lat' dir='ltr'><strong>ut</strong></span> <span class='ocrx_word' id='word_1_320' title='bbox 1495 2567 1920 2639; x_wconf 82' lang='lat' dir='ltr'><strong>ingrederemini</strong></span> <span class='ocrx_word' id='word_1_321' title='bbox 1961 2569 2016 2624; x_wconf 91' lang='lat' dir='ltr'><strong>in</strong></span> <span class='ocrx_word' id='word_1_322' title='bbox 2044 2572 2150 2628; x_wconf 88' lang='lat' dir='ltr'><strong>viis</strong></span> <span class='ocrx_word' id='word_1_323' title='bbox 2182 2572 2560 2636; x_wconf 87' lang='lat' dir='ltr'><strong>tenebrarum,</strong></span> <span class='ocrx_word' id='word_1_324' title='bbox 2617 2570 2713 2640; x_wconf 89' lang='lat' dir='ltr'><strong>qui</strong></span> <span class='ocrx_word' id='word_1_325' title='bbox 2770 2569 2958 2640; x_wconf 84' lang='lat' dir='ltr'><strong>pravis</strong></span> <span class='ocrx_word' id='word_1_326' title='bbox 3015 2571 3226 2626; x_wconf 87' lang='lat' dir='ltr'><strong>studiis</strong></span> <span class='ocrx_word' id='word_1_327' title='bbox 3265 2568 3643 2632; x_wconf 63' lang='lat' dir='ltr'><strong>oblectamin‘i,</strong></span> <span class='ocrx_word' id='word_1_328' title='bbox 3673 2567 3716 2621; x_wconf 86' lang='lat' dir='ltr'><strong>et</strong></span> 
     </span>
    </p>
   </div>
   <div class='ocr_carea' id='block_1_34' title="bbox 433 2652 3712 2727">
    <p class='ocr_par' dir='ltr' id='par_1_34' title="bbox 433 2652 3712 2727">
     <span class='ocr_line' id='line_1_35' title="bbox 433 2652 3712 2727; baseline 0 -21"><span class='ocrx_word' id='word_1_329' title='bbox 433 2652 690 2725; x_wconf 82' lang='lat' dir='ltr'><strong>gaudetis</strong></span> <span class='ocrx_word' id='word_1_330' title='bbox 721 2653 774 2707; x_wconf 90' lang='lat' dir='ltr'><strong>in</strong></span> <span class='ocrx_word' id='word_1_331' title='bbox 803 2661 1056 2709; x_wconf 90' lang='lat' dir='ltr'><strong>contorta</strong></span> <span class='ocrx_word' id='word_1_332' title='bbox 1094 2655 1327 2710; x_wconf 89' lang='lat' dir='ltr'><strong>malitia.</strong></span> <span class='ocrx_word' id='word_1_333' title='bbox 1359 2654 1583 2711; x_wconf 65' lang='lat' dir='ltr'><strong>Semita:</strong></span> <span class='ocrx_word' id='word_1_334' title='bbox 1618 2671 1896 2727; x_wconf 72' lang='lat' dir='ltr'><strong>perversa:</strong></span> <span class='ocrx_word' id='word_1_335' title='bbox 1924 2667 1977 2715; x_wconf 89' lang='lat' dir='ltr'><strong>et</strong></span> <span class='ocrx_word' id='word_1_336' title='bbox 2005 2673 2192 2715; x_wconf 65' lang='lat' dir='ltr'><strong>curvae</strong></span> <span class='ocrx_word' id='word_1_337' title='bbox 2211 2659 2316 2713; x_wconf 74' lang='lat' dir='ltr'><strong>via:</strong></span> <span class='ocrx_word' id='word_1_338' title='bbox 2332 2672 2527 2714; x_wconf 87' lang='lat' dir='ltr'><strong>eorum</strong></span> <span class='ocrx_word' id='word_1_339' title='bbox 2561 2657 2663 2711; x_wconf 77' lang='lat' dir='ltr'><strong>&quot;.i</strong></span> <span class='ocrx_word' id='word_1_340' title='bbox 2691 2656 2860 2713; x_wconf 78' lang='lat' dir='ltr'><strong>Juxta</strong></span> <span class='ocrx_word' id='word_1_341' title='bbox 2892 2656 3166 2712; x_wconf 88' lang='lat' dir='ltr'><strong>Davidem</strong></span> <span class='ocrx_word' id='word_1_342' title='bbox 3199 2665 3334 2713; x_wconf 83' lang='lat' dir='ltr'><strong>vero</strong></span> <span class='ocrx_word' id='word_1_343' title='bbox 3361 2657 3432 2721; x_wconf 79' lang='grc'><strong>⁸⁸,</strong></span> <span class='ocrx_word' id='word_1_344' title='bbox 3458 2655 3712 2727; x_wconf 81' lang='lat' dir='ltr'><strong>generatio</strong></span> 
     </span>
    </p>
   </div>
   <div class='ocr_carea' id='block_1_35' title="bbox 435 2740 3714 2818">
    <p class='ocr_par' dir='ltr' id='par_1_35' title="bbox 435 2740 3714 2818">
     <span class='ocr_line' id='line_1_36' title="bbox 435 2740 3714 2818; baseline 0.002 -24"><span class='ocrx_word' id='word_1_345' title='bbox 435 2743 655 2795; x_wconf 81' lang='lat' dir='ltr'><strong>sim-era</strong></span> <span class='ocrx_word' id='word_1_346' title='bbox 705 2740 1036 2796; x_wconf 67' lang='lat' dir='ltr'><strong>felicitatem</strong></span> <span class='ocrx_word' id='word_1_347' title='bbox 1091 2750 1488 2813; x_wconf 89' lang='lat' dir='ltr'><strong>consequetur.</strong></span> <span class='ocrx_word' id='word_1_348' title='bbox 1555 2741 1720 2801; x_wconf 89' lang='lat' dir='ltr'><strong>Tales</strong></span> <span class='ocrx_word' id='word_1_349' title='bbox 1779 2743 1951 2816; x_wconf 91' lang='lat' dir='ltr'><strong>igitur</strong></span> <span class='ocrx_word' id='word_1_350' title='bbox 2007 2746 2382 2812; x_wconf 80' lang='lat' dir='ltr'><strong>exstiterunt,</strong></span> <span class='ocrx_word' id='word_1_351' title='bbox 2444 2745 2542 2818; x_wconf 88' lang='lat' dir='ltr'><strong>qui</strong></span> <span class='ocrx_word' id='word_1_352' title='bbox 2606 2755 2826 2815; x_wconf 88' lang='lat' dir='ltr'><strong>patrum</strong></span> <span class='ocrx_word' id='word_1_353' title='bbox 2881 2749 3283 2817; x_wconf 81' lang='lat' dir='ltr'><strong>cognationem</strong></span> <span class='ocrx_word' id='word_1_354' title='bbox 3344 2745 3558 2817; x_wconf 88' lang='lat' dir='ltr'><strong>probro</strong></span> <span class='ocrx_word' id='word_1_355' title='bbox 3605 2740 3714 2798; x_wconf 68' lang='lat' dir='ltr'><strong>alle-</strong></span> 
     </span>
    </p>
   </div>
   <div class='ocr_carea' id='block_1_36' title="bbox 435 2844 650 2886">
    <p class='ocr_par' dir='ltr' id='par_1_36' title="bbox 435 2844 650 2886">
     <span class='ocr_line' id='line_1_37' title="bbox 435 2844 650 2886; baseline -0.014 0"><span class='ocrx_word' id='word_1_356' title='bbox 435 2844 650 2886; x_wconf 76' lang='lat' dir='ltr'><strong>CL‘l&#39;llnl.</strong></span> 
     </span>
    </p>
   </div>
   <div class='ocr_carea' id='block_1_37' title="bbox 507 2943 3712 3019">
    <p class='ocr_par' dir='ltr' id='par_1_37' title="bbox 507 2943 3712 3019">
     <span class='ocr_line' id='line_1_38' title="bbox 507 2943 3712 3019; baseline 0.002 -21"><span class='ocrx_word' id='word_1_357' title='bbox 507 2943 760 2998; x_wconf 78' lang='lat' dir='ltr'><strong>chcine</strong></span> <span class='ocrx_word' id='word_1_358' title='bbox 821 2943 1050 2998; x_wconf 85' lang='lat' dir='ltr'><strong>Domino</strong></span> <span class='ocrx_word' id='word_1_359' title='bbox 1119 2943 1457 3012; x_wconf 82' lang='lat' dir='ltr'><strong>rependitis?</strong></span> <span class='ocrx_word' id='word_1_360' title='bbox 1513 2944 1620 3019; x_wconf 88' lang='lat'><strong>[6.]</strong></span> <span class='ocrx_word' id='word_1_361' title='bbox 1679 2945 1786 3013; x_wconf 91' lang='lat' dir='ltr'><strong>Qui</strong></span> <span class='ocrx_word' id='word_1_362' title='bbox 1841 2960 1943 3002; x_wconf 82' lang='lat' dir='ltr'><strong>vos</strong></span> <span class='ocrx_word' id='word_1_363' title='bbox 2001 2947 2059 3004; x_wconf 86' lang='lat' dir='ltr'><strong>in</strong></span> <span class='ocrx_word' id='word_1_364' title='bbox 2127 2948 2310 3004; x_wconf 85' lang='lat' dir='ltr'><strong>lucem</strong></span> <span class='ocrx_word' id='word_1_365' title='bbox 2379 2946 2682 3019; x_wconf 76' lang='lat' dir='ltr'><strong>produxit;</strong></span> <span class='ocrx_word' id='word_1_366' title='bbox 2755 2947 2852 3018; x_wconf 92' lang='lat' dir='ltr'><strong>qui</strong></span> <span class='ocrx_word' id='word_1_367' title='bbox 2918 2946 3169 3019; x_wconf 77' lang='lat' dir='ltr'><strong>delegit,</strong></span> <span class='ocrx_word' id='word_1_368' title='bbox 3221 2948 3322 3018; x_wconf 91' lang='lat' dir='ltr'><strong>qui</strong></span> <span class='ocrx_word' id='word_1_369' title='bbox 3379 2962 3450 3004; x_wconf 79' lang='lat' dir='ltr'><strong>ex</strong></span> <span class='ocrx_word' id='word_1_370' title='bbox 3500 2945 3712 3017; x_wconf 61' lang='lat' dir='ltr'><strong>Emi“</strong></span> 
     </span>
    </p>
   </div>
   <div class='ocr_carea' id='block_1_38' title="bbox 437 3033 3712 3107">
    <p class='ocr_par' dir='ltr' id='par_1_38' title="bbox 437 3033 3712 3107">
     <span class='ocr_line' id='line_1_39' title="bbox 437 3033 3712 3107; baseline 0.001 -19"><span class='ocrx_word' id='word_1_371' title='bbox 437 3035 711 3098; x_wconf 79' lang='lat' dir='ltr'><strong>asseruit,</strong></span> <span class='ocrx_word' id='word_1_372' title='bbox 739 3033 834 3102; x_wconf 90' lang='lat' dir='ltr'><strong>qui</strong></span> <span class='ocrx_word' id='word_1_373' title='bbox 883 3046 978 3102; x_wconf 90' lang='lat' dir='ltr'><strong>per</strong></span> <span class='ocrx_word' id='word_1_374' title='bbox 1007 3045 1161 3088; x_wconf 88' lang='lat' dir='ltr'><strong>mare</strong></span> <span class='ocrx_word' id='word_1_375' title='bbox 1201 3033 1481 3100; x_wconf 78' lang='lat' dir='ltr'><strong>traduxit,</strong></span> <span class='ocrx_word' id='word_1_376' title='bbox 1523 3035 1581 3089; x_wconf 91' lang='lat' dir='ltr'><strong>in</strong></span> <span class='ocrx_word' id='word_1_377' title='bbox 1610 3050 1722 3107; x_wconf 80' lang='lat' dir='ltr'><strong>quo</strong></span> <span class='ocrx_word' id='word_1_378' title='bbox 1773 3034 1964 3092; x_wconf 85' lang='lat' dir='ltr'><strong>hostes</strong></span> <span class='ocrx_word' id='word_1_379' title='bbox 1996 3036 2322 3093; x_wconf 86' lang='lat' dir='ltr'><strong>submersit.</strong></span> <span class='ocrx_word' id='word_1_380' title='bbox 2357 3037 2436 3090; x_wconf 87' lang='lat' dir='ltr'><strong>Ac</strong></span> <span class='ocrx_word' id='word_1_381' title='bbox 2467 3051 2567 3107; x_wconf 89' lang='lat' dir='ltr'><strong>pro</strong></span> <span class='ocrx_word' id='word_1_382' title='bbox 2609 3035 2732 3092; x_wconf 83' lang='lat' dir='ltr'><strong>aliis</strong></span> <span class='ocrx_word' id='word_1_383' title='bbox 2764 3036 3088 3106; x_wconf 70' lang='lat' dir='ltr'><strong>huiusmodi</strong></span> <span class='ocrx_word' id='word_1_384' title='bbox 3146 3036 3464 3094; x_wconf 84' lang='lat' dir='ltr'><strong>benefactis</strong></span> <span class='ocrx_word' id='word_1_385' title='bbox 3512 3049 3574 3090; x_wconf 83' lang='lat' dir='ltr'><strong>ac</strong></span> <span class='ocrx_word' id='word_1_386' title='bbox 3603 3047 3712 3106; x_wconf 86' lang='lat' dir='ltr'><strong>pro-</strong></span> 
     </span>
    </p>
   </div>
   <div class='ocr_carea' id='block_1_39' title="bbox 438 3121 646 3192">
    <p class='ocr_par' dir='ltr' id='par_1_39' title="bbox 438 3121 646 3192">
     <span class='ocr_line' id='line_1_40' title="bbox 438 3121 646 3192; baseline -0.019 -14"><span class='ocrx_word' id='word_1_387' title='bbox 438 3121 646 3192; x_wconf 69' lang='lat' dir='ltr'><strong>digiis?</strong></span> 
     </span>
    </p>
   </div>
   <div class='ocr_carea' id='block_1_40' title="bbox 513 3230 3714 3306">
    <p class='ocr_par' dir='ltr' id='par_1_40' title="bbox 513 3230 3714 3306">
     <span class='ocr_line' id='line_1_41' title="bbox 513 3230 3714 3306; baseline -0.001 -20"><span class='ocrx_word' id='word_1_388' title='bbox 513 3233 661 3288; x_wconf 85' lang='lat' dir='ltr'><strong>Adeo</strong></span> <span class='ocrx_word' id='word_1_389' title='bbox 683 3231 909 3303; x_wconf 86' lang='lat' dir='ltr'><strong>populus</strong></span> <span class='ocrx_word' id='word_1_390' title='bbox 933 3232 1130 3287; x_wconf 82' lang='lat' dir='ltr'><strong>stultus</strong></span> <span class='ocrx_word' id='word_1_391' title='bbox 1154 3241 1206 3288; x_wconf 87' lang='lat' dir='ltr'><strong>et</strong></span> <span class='ocrx_word' id='word_1_392' title='bbox 1252 3250 1357 3288; x_wconf 89' lang='lat' dir='ltr'><strong>non</strong></span> <span class='ocrx_word' id='word_1_393' title='bbox 1380 3235 1616 3303; x_wconf 81' lang='lat' dir='ltr'><strong>sapiens.</strong></span> <span class='ocrx_word' id='word_1_394' title='bbox 1648 3235 1925 3291; x_wconf 82' lang='lat' dir='ltr'><strong>Videlicet</strong></span> <span class='ocrx_word' id='word_1_395' title='bbox 1957 3234 2107 3306; x_wconf 89' lang='lat' dir='ltr'><strong>quod</strong></span> <span class='ocrx_word' id='word_1_396' title='bbox 2141 3242 2310 3291; x_wconf 61' lang='lat' dir='ltr'><strong>tanta;</strong></span> <span class='ocrx_word' id='word_1_397' title='bbox 2349 3242 2540 3290; x_wconf 89' lang='lat' dir='ltr'><strong>essent</strong></span> <span class='ocrx_word' id='word_1_398' title='bbox 2580 3232 2968 3304; x_wconf 66' lang='lat' dir='ltr'><strong>imprudentia;</strong></span> <span class='ocrx_word' id='word_1_399' title='bbox 2992 3247 3054 3288; x_wconf 86' lang='lat' dir='ltr'><strong>a&#39;c</strong></span> <span class='ocrx_word' id='word_1_400' title='bbox 3087 3234 3382 3298; x_wconf 88' lang='lat' dir='ltr'><strong>ruditatis,</strong></span> <span class='ocrx_word' id='word_1_401' title='bbox 3415 3241 3476 3290; x_wconf 93' lang='lat' dir='ltr'><strong>ut</strong></span> <span class='ocrx_word' id='word_1_402' title='bbox 3516 3247 3616 3286; x_wconf 88' lang='lat' dir='ltr'><strong>non</strong></span> <span class='ocrx_word' id='word_1_403' title='bbox 3642 3230 3714 3284; x_wconf 82' lang='lat' dir='ltr'><strong>ln-</strong></span> 
     </span>
    </p>
   </div>
   <div class='ocr_carea' id='block_1_41' title="bbox 438 3321 3712 3394">
    <p class='ocr_par' dir='ltr' id='par_1_41' title="bbox 438 3321 3712 3394">
     <span class='ocr_line' id='line_1_42' title="bbox 438 3321 3712 3394; baseline -0.002 -17"><span class='ocrx_word' id='word_1_404' title='bbox 438 3323 775 3393; x_wconf 83' lang='lat' dir='ltr'><strong>telligerent,</strong></span> <span class='ocrx_word' id='word_1_405' title='bbox 817 3323 964 3392; x_wconf 81' lang='lat' dir='ltr'><strong>quod</strong></span> <span class='ocrx_word' id='word_1_406' title='bbox 988 3337 1056 3376; x_wconf 81' lang='lat' dir='ltr'><strong>ex</strong></span> <span class='ocrx_word' id='word_1_407' title='bbox 1084 3321 1378 3381; x_wconf 88' lang='lat' dir='ltr'><strong>Creatoris</strong></span> <span class='ocrx_word' id='word_1_408' title='bbox 1414 3324 1755 3393; x_wconf 84' lang='lat' dir='ltr'><strong>benignitate</strong></span> <span class='ocrx_word' id='word_1_409' title='bbox 1785 3331 1841 3379; x_wconf 87' lang='lat' dir='ltr'><strong>et</strong></span> <span class='ocrx_word' id='word_1_410' title='bbox 1868 3325 2055 3379; x_wconf 86' lang='lat' dir='ltr'><strong>educti</strong></span> <span class='ocrx_word' id='word_1_411' title='bbox 2101 3338 2168 3378; x_wconf 89' lang='lat' dir='ltr'><strong>ac</strong></span> <span class='ocrx_word' id='word_1_412' title='bbox 2199 3323 2447 3388; x_wconf 88' lang='lat' dir='ltr'><strong>educati,</strong></span> <span class='ocrx_word' id='word_1_413' title='bbox 2490 3322 2892 3392; x_wconf 90' lang='lat' dir='ltr'><strong>beneﬁciisque</strong></span> <span class='ocrx_word' id='word_1_414' title='bbox 2934 3323 3122 3378; x_wconf 72' lang='lat' dir='ltr'><strong>allecti</strong></span> <span class='ocrx_word' id='word_1_415' title='bbox 3155 3332 3378 3380; x_wconf 80' lang='lat' dir='ltr'><strong>essent.</strong></span> <span class='ocrx_word' id='word_1_416' title='bbox 3409 3322 3570 3394; x_wconf 82' lang='lat' dir='ltr'><strong>Atqui</strong></span> <span class='ocrx_word' id='word_1_417' title='bbox 3598 3331 3712 3376; x_wconf 82' lang='lat' dir='ltr'><strong>sane</strong></span> 
     </span>
    </p>
   </div>
   <div class='ocr_carea' id='block_1_42' title="bbox 438 3411 3005 3484">
    <p class='ocr_par' dir='ltr' id='par_1_42' title="bbox 438 3411 3005 3484">
     <span class='ocr_line' id='line_1_43' title="bbox 438 3411 3005 3484; baseline -0.002 -14"><span class='ocrx_word' id='word_1_418' title='bbox 438 3412 542 3470; x_wconf 81' lang='lat' dir='ltr'><strong>bos</strong></span> <span class='ocrx_word' id='word_1_419' title='bbox 576 3413 805 3482; x_wconf 83' lang='lat' dir='ltr'><strong>agnovit</strong></span> <span class='ocrx_word' id='word_1_420' title='bbox 845 3411 1126 3467; x_wconf 89' lang='lat' dir='ltr'><strong>dominum</strong></span> <span class='ocrx_word' id='word_1_421' title='bbox 1154 3426 1340 3479; x_wconf 87' lang='lat' dir='ltr'><strong>suum,</strong></span> <span class='ocrx_word' id='word_1_422' title='bbox 1378 3421 1434 3468; x_wconf 91' lang='lat' dir='ltr'><strong>et</strong></span> <span class='ocrx_word' id='word_1_423' title='bbox 1459 3413 1654 3470; x_wconf 89' lang='lat' dir='ltr'><strong>asinus</strong></span> <span class='ocrx_word' id='word_1_424' title='bbox 1687 3429 1934 3484; x_wconf 62' lang='lat' dir='ltr'><strong>praesepe</strong></span> <span class='ocrx_word' id='word_1_425' title='bbox 1961 3413 2078 3468; x_wconf 92' lang='lat' dir='ltr'><strong>heri</strong></span> <span class='ocrx_word' id='word_1_426' title='bbox 2110 3412 2220 3480; x_wconf 91' lang='lat' dir='ltr'><strong>sui,</strong></span> <span class='ocrx_word' id='word_1_427' title='bbox 2256 3421 2316 3466; x_wconf 92' lang='lat' dir='ltr'><strong>ut</strong></span> <span class='ocrx_word' id='word_1_428' title='bbox 2349 3418 2435 3466; x_wconf 89' lang='lat' dir='ltr'><strong>est</strong></span> <span class='ocrx_word' id='word_1_429' title='bbox 2468 3411 2614 3481; x_wconf 88' lang='lat' dir='ltr'><strong>apud</strong></span> <span class='ocrx_word' id='word_1_430' title='bbox 2654 3412 3005 3481; x_wconf 89' lang='lat' dir='ltr'><strong>prophetam.</strong></span> 
     </span>
    </p>
   </div>
   <div class='ocr_carea' id='block_1_43' title="bbox 513 3491 3710 3575">
    <p class='ocr_par' dir='ltr' id='par_1_43' title="bbox 513 3491 3710 3575">
     <span class='ocr_line' id='line_1_44' title="bbox 513 3491 3710 3575; baseline -0.002 -20"><span class='ocrx_word' id='word_1_431' title='bbox 513 3491 706 3557; x_wconf 68' lang='lat' dir='ltr'><strong>Annon</strong></span> <span class='ocrx_word' id='word_1_432' title='bbox 761 3501 873 3570; x_wconf 82' lang='lat' dir='ltr'><strong>ipse</strong></span> <span class='ocrx_word' id='word_1_433' title='bbox 899 3510 977 3555; x_wconf 84' lang='lat' dir='ltr'><strong>est</strong></span> <span class='ocrx_word' id='word_1_434' title='bbox 1003 3511 1153 3571; x_wconf 84' lang='lat' dir='ltr'><strong>pater</strong></span> <span class='ocrx_word' id='word_1_435' title='bbox 1178 3513 1302 3557; x_wconf 82' lang='lat' dir='ltr'><strong>tuus</strong></span> <span class='ocrx_word' id='word_1_436' title='bbox 1331 3504 1421 3571; x_wconf 87' lang='lat' dir='ltr'><strong>qui</strong></span> <span class='ocrx_word' id='word_1_437' title='bbox 1452 3511 1499 3557; x_wconf 87' lang='lat' dir='ltr'><strong>te</strong></span> <span class='ocrx_word' id='word_1_438' title='bbox 1533 3504 1909 3574; x_wconf 81' lang='lat' dir='ltr'><strong>comparavit?</strong></span> <span class='ocrx_word' id='word_1_439' title='bbox 1941 3503 2031 3575; x_wconf 80' lang='lat' dir='ltr'><strong>qui</strong></span> <span class='ocrx_word' id='word_1_440' title='bbox 2067 3513 2115 3557; x_wconf 89' lang='lat' dir='ltr'><strong>te</strong></span> <span class='ocrx_word' id='word_1_441' title='bbox 2143 3502 2531 3572; x_wconf 78' lang='lat' dir='ltr'><strong>fecit?quique</strong></span> <span class='ocrx_word' id='word_1_442' title='bbox 2579 3510 2628 3554; x_wconf 85' lang='lat' dir='ltr'><strong>te</strong></span> <span class='ocrx_word' id='word_1_443' title='bbox 2652 3499 2936 3556; x_wconf 80' lang='lat' dir='ltr'><strong>condidit?</strong></span> <span class='ocrx_word' id='word_1_444' title='bbox 2965 3510 3073 3555; x_wconf 87' lang='lat' dir='ltr'><strong>etc.</strong></span> <span class='ocrx_word' id='word_1_445' title='bbox 3109 3499 3218 3567; x_wconf 88' lang='lat' dir='ltr'><strong>Qui</strong></span> <span class='ocrx_word' id='word_1_446' title='bbox 3275 3501 3430 3558; x_wconf 87' lang='lat' dir='ltr'><strong>enim</strong></span> <span class='ocrx_word' id='word_1_447' title='bbox 3477 3515 3543 3554; x_wconf 80' lang='lat' dir='ltr'><strong>ex</strong></span> <span class='ocrx_word' id='word_1_448' title='bbox 3569 3509 3710 3551; x_wconf 81' lang='lat' dir='ltr'><strong>manu</strong></span> 
     </span>
    </p>
   </div>
   <div class='ocr_carea' id='block_1_44' title="bbox 440 3587 3711 3662">
    <p class='ocr_par' dir='ltr' id='par_1_44' title="bbox 440 3587 3711 3662">
     <span class='ocr_line' id='line_1_45' title="bbox 440 3587 3711 3662; baseline -0.002 -16"><span class='ocrx_word' id='word_1_449' title='bbox 440 3589 571 3647; x_wconf 83' lang='lat' dir='ltr'><strong>host</strong></span> <span class='ocrx_word' id='word_1_450' title='bbox 597 3606 689 3644; x_wconf 76' lang='lat' dir='ltr'><strong>uan</strong></span> <span class='ocrx_word' id='word_1_451' title='bbox 732 3604 958 3644; x_wconf 75' lang='lat' dir='ltr'><strong>scrvuui</strong></span> <span class='ocrx_word' id='word_1_452' title='bbox 989 3590 1219 3662; x_wconf 86' lang='lat' dir='ltr'><strong>eripuit,</strong></span> <span class='ocrx_word' id='word_1_453' title='bbox 1241 3590 1368 3659; x_wconf 88' lang='lat' dir='ltr'><strong>jure</strong></span> <span class='ocrx_word' id='word_1_454' title='bbox 1400 3592 1593 3662; x_wconf 80' lang='lat' dir='ltr'><strong>utique</strong></span> <span class='ocrx_word' id='word_1_455' title='bbox 1629 3601 1778 3647; x_wconf 88' lang='lat' dir='ltr'><strong>tenet</strong></span> <span class='ocrx_word' id='word_1_456' title='bbox 1801 3608 1964 3662; x_wconf 88' lang='lat' dir='ltr'><strong>quem</strong></span> <span class='ocrx_word' id='word_1_457' title='bbox 1999 3592 2255 3646; x_wconf 90' lang='lat' dir='ltr'><strong>redemit.</strong></span> <span class='ocrx_word' id='word_1_458' title='bbox 2281 3588 2357 3642; x_wconf 77' lang='lat' dir='ltr'><strong>Es</strong></span> <span class='ocrx_word' id='word_1_459' title='bbox 2401 3588 2614 3644; x_wconf 87' lang='lat' dir='ltr'><strong>ﬁctitiis</strong></span> <span class='ocrx_word' id='word_1_460' title='bbox 2640 3603 2773 3643; x_wconf 82' lang='lat' dir='ltr'><strong>vero</strong></span> <span class='ocrx_word' id='word_1_461' title='bbox 2803 3587 2912 3642; x_wconf 87' lang='lat' dir='ltr'><strong>diis</strong></span> <span class='ocrx_word' id='word_1_462' title='bbox 2935 3595 2991 3642; x_wconf 92' lang='lat' dir='ltr'><strong>te</strong></span> <span class='ocrx_word' id='word_1_463' title='bbox 3027 3589 3302 3655; x_wconf 84' lang='lat' dir='ltr'><strong>asseruit,</strong></span> <span class='ocrx_word' id='word_1_464' title='bbox 3335 3603 3437 3643; x_wconf 91' lang='lat' dir='ltr'><strong>nec</strong></span> <span class='ocrx_word' id='word_1_465' title='bbox 3471 3602 3530 3642; x_wconf 88' lang='lat' dir='ltr'><strong>se</strong></span> <span class='ocrx_word' id='word_1_466' title='bbox 3554 3593 3711 3639; x_wconf 85' lang='lat' dir='ltr'><strong>tamen</strong></span> 
     </span>
    </p>
   </div>
   <div class='ocr_carea' id='block_1_45' title="bbox 441 3670 3713 3752">
    <p class='ocr_par' dir='ltr' id='par_1_45' title="bbox 441 3670 3713 3752">
     <span class='ocr_line' id='line_1_46' title="bbox 441 3670 3713 3752; baseline -0.003 -17"><span class='ocrx_word' id='word_1_467' title='bbox 441 3679 637 3735; x_wconf 73' lang='lat' dir='ltr'><strong>herum</strong></span> <span class='ocrx_word' id='word_1_468' title='bbox 679 3678 849 3744; x_wconf 86' lang='lat' dir='ltr'><strong>servi,</strong></span> <span class='ocrx_word' id='word_1_469' title='bbox 880 3693 1075 3734; x_wconf 88' lang='lat' dir='ltr'><strong>verum</strong></span> <span class='ocrx_word' id='word_1_470' title='bbox 1110 3687 1322 3749; x_wconf 90' lang='lat' dir='ltr'><strong>patrem</strong></span> <span class='ocrx_word' id='word_1_471' title='bbox 1356 3679 1454 3734; x_wconf 84' lang='lat' dir='ltr'><strong>ﬁlii</strong></span> <span class='ocrx_word' id='word_1_472' title='bbox 1493 3687 1674 3735; x_wconf 81' lang='lat' dir='ltr'><strong>vocat.</strong></span> <span class='ocrx_word' id='word_1_473' title='bbox 1703 3679 1808 3746; x_wconf 91' lang='lat' dir='ltr'><strong>Qui</strong></span> <span class='ocrx_word' id='word_1_474' title='bbox 1837 3681 1907 3737; x_wconf 91' lang='lat' dir='ltr'><strong>ob</strong></span> <span class='ocrx_word' id='word_1_475' title='bbox 1933 3679 1986 3735; x_wconf 89' lang='lat' dir='ltr'><strong>id</strong></span> <span class='ocrx_word' id='word_1_476' title='bbox 2029 3679 2435 3752; x_wconf 86' lang='lat' dir='ltr'><strong>primogenitus</strong></span> <span class='ocrx_word' id='word_1_477' title='bbox 2463 3678 2806 3743; x_wconf 87' lang='lat' dir='ltr'><strong>nominatur,</strong></span> <span class='ocrx_word' id='word_1_478' title='bbox 2836 3678 3075 3749; x_wconf 86' lang='lat' dir='ltr'><strong>ipsomet</strong></span> <span class='ocrx_word' id='word_1_479' title='bbox 3104 3679 3332 3734; x_wconf 87' lang='lat' dir='ltr'><strong>dicente</strong></span> <span class='ocrx_word' id='word_1_480' title='bbox 3355 3676 3514 3732; x_wconf 86' lang='lat' dir='ltr'><strong>Patre</strong></span> <span class='ocrx_word' id='word_1_481' title='bbox 3548 3692 3562 3729; x_wconf 91' lang='lat'><strong>:</strong></span> <span class='ocrx_word' id='word_1_482' title='bbox 3597 3692 3613 3725; x_wconf 79' lang='grc' dir='ltr'><strong>ί</strong></span> <span class='ocrx_word' id='word_1_483' title='bbox 3639 3670 3713 3726; x_wconf 85' lang='lat' dir='ltr'><strong>Fi-</strong></span> 
     </span>
    </p>
   </div>
   <div class='ocr_carea' id='block_1_46' title="bbox 443 3765 1452 3838">
    <p class='ocr_par' dir='ltr' id='par_1_46' title="bbox 443 3765 1452 3838">
     <span class='ocr_line' id='line_1_47' title="bbox 443 3765 1452 3838; baseline -0.005 -16"><span class='ocrx_word' id='word_1_484' title='bbox 443 3767 554 3824; x_wconf 89' lang='lat' dir='ltr'><strong>lius</strong></span> <span class='ocrx_word' id='word_1_485' title='bbox 587 3782 742 3822; x_wconf 82' lang='lat' dir='ltr'><strong>meus</strong></span> <span class='ocrx_word' id='word_1_486' title='bbox 773 3767 1177 3838; x_wconf 79' lang='lat' dir='ltr'><strong>primogenitus</strong></span> <span class='ocrx_word' id='word_1_487' title='bbox 1206 3765 1394 3821; x_wconf 70' lang='lat' dir='ltr'><strong>Israel.</strong></span> <span class='ocrx_word' id='word_1_488' title='bbox 1433 3785 1452 3818; x_wconf 74' lang='grc' dir='ltr'><strong>ι</strong></span> 
     </span>
    </p>
   </div>
   <div class='ocr_carea' id='block_1_47' title="bbox 515 3889 2077 3972">
    <p class='ocr_par' dir='ltr' id='par_1_47' title="bbox 515 3895 2077 3968">
     <span class='ocr_line' id='line_1_48' title="bbox 515 3895 2077 3968; baseline 0 -16"><span class='ocrx_word' id='word_1_489' title='bbox 515 3895 674 3964; x_wconf 86' lang='lat' dir='ltr'><strong>Quod</strong></span> <span class='ocrx_word' id='word_1_490' title='bbox 695 3912 828 3952; x_wconf 86' lang='lat' dir='ltr'><strong>vero</strong></span> <span class='ocrx_word' id='word_1_491' title='bbox 851 3895 1033 3967; x_wconf 88' lang='lat' dir='ltr'><strong>majus</strong></span> <span class='ocrx_word' id='word_1_492' title='bbox 1059 3904 1169 3961; x_wconf 89' lang='lat' dir='ltr'><strong>est,</strong></span> <span class='ocrx_word' id='word_1_493' title='bbox 1199 3895 1520 3964; x_wconf 84' lang='lat' dir='ltr'><strong>subiutulit,</strong></span> <span class='ocrx_word' id='word_1_494' title='bbox 1545 3897 1710 3953; x_wconf 84' lang='lat' dir='ltr'><strong>veluti</strong></span> <span class='ocrx_word' id='word_1_495' title='bbox 1736 3897 1882 3968; x_wconf 91' lang='lat' dir='ltr'><strong>quod</strong></span> <span class='ocrx_word' id='word_1_496' title='bbox 1907 3897 2036 3953; x_wconf 80' lang='lat' dir='ltr'><strong>fecit</strong></span> <span class='ocrx_word' id='word_1_497' title='bbox 2062 3895 2077 3952; x_wconf 78' lang='lat' dir='ltr'><strong>t</strong></span> 
     </span>
    </p>
   </div>
   <div class='ocr_carea' id='block_1_48' title="bbox 2143 3889 3705 3972">
    <p class='ocr_par' dir='ltr' id='par_1_48' title="bbox 2210 3889 3705 3972">
     <span class='ocr_line' id='line_1_49' title="bbox 2210 3889 3705 3972; baseline -0.005 -20"><span class='ocrx_word' id='word_1_498' title='bbox 2210 3897 2284 3952; x_wconf 84' lang='grc' dir='ltr'><strong>Τὸ</strong></span> <span class='ocrx_word' id='word_1_499' title='bbox 2316 3897 2373 3951; x_wconf 83' lang='grc' dir='ltr'><strong>δὲ</strong></span> <span class='ocrx_word' id='word_1_500' title='bbox 2400 3898 2590 3968; x_wconf 73' lang='grc' dir='ltr'>μεῖζον</span> <span class='ocrx_word' id='word_1_501' title='bbox 2609 3899 2882 3972; x_wconf 76' lang='grc' dir='ltr'><strong>ἐπήνεγκε</strong></span> <span class='ocrx_word' id='word_1_502' title='bbox 2915 3899 2997 3962; x_wconf 81' lang='grc' dir='ltr'>τὸ,</span> <span class='ocrx_word' id='word_1_503' title='bbox 3045 3901 3276 3970; x_wconf 74' lang='grc' dir='ltr'>ἐποίησέ</span> <span class='ocrx_word' id='word_1_504' title='bbox 3323 3915 3384 3953; x_wconf 88' lang='grc' dir='ltr'><strong>σε</strong></span> <span class='ocrx_word' id='word_1_505' title='bbox 3434 3897 3527 3951; x_wconf 81' lang='grc' dir='ltr'>καὶ</span> <span class='ocrx_word' id='word_1_506' title='bbox 3549 3889 3705 3948; x_wconf 74' lang='grc' dir='ltr'>ἒκτισέ</span> 
     </span>
    </p>
   </div>
   <div class='ocr_carea' id='block_1_49' title="bbox 443 3981 2005 4061">
    <p class='ocr_par' dir='ltr' id='par_1_49' title="bbox 443 3989 2005 4060">
     <span class='ocr_line' id='line_1_50' title="bbox 443 3989 2005 4060; baseline -0.002 -14"><span class='ocrx_word' id='word_1_507' title='bbox 443 3997 500 4047; x_wconf 87' lang='lat' dir='ltr'><strong>te</strong></span> <span class='ocrx_word' id='word_1_508' title='bbox 526 3998 582 4046; x_wconf 90' lang='lat' dir='ltr'><strong>et</strong></span> <span class='ocrx_word' id='word_1_509' title='bbox 611 3990 884 4046; x_wconf 88' lang='lat' dir='ltr'><strong>condidit.</strong></span> <span class='ocrx_word' id='word_1_510' title='bbox 933 3989 1090 4055; x_wconf 87' lang='lat' dir='ltr'><strong>Quod</strong></span> <span class='ocrx_word' id='word_1_511' title='bbox 1132 3990 1309 4059; x_wconf 90' lang='lat' dir='ltr'><strong>ipsius</strong></span> <span class='ocrx_word' id='word_1_512' title='bbox 1344 3990 1624 4060; x_wconf 84' lang='lat' dir='ltr'><strong>opiﬁcium</strong></span> <span class='ocrx_word' id='word_1_513' title='bbox 1681 3991 1924 4046; x_wconf 89' lang='lat' dir='ltr'><strong>denotat.</strong></span> <span class='ocrx_word' id='word_1_514' title='bbox 1966 3991 2005 4043; x_wconf 85' lang='lat' dir='ltr'><strong>A</strong></span> 
     </span>
    </p>
   </div>
   <div class='ocr_carea' id='block_1_50' title="bbox 2145 3981 3707 4061">
    <p class='ocr_par' dir='ltr' id='par_1_50' title="bbox 2145 3981 3707 4061">
     <span class='ocr_line' id='line_1_51' title="bbox 2145 3981 3707 4061; baseline -0.004 -21"><span class='ocrx_word' id='word_1_515' title='bbox 2145 4004 2222 4044; x_wconf 81' lang='grc' dir='ltr'><strong>σε.</strong></span> <span class='ocrx_word' id='word_1_516' title='bbox 2260 3991 2328 4042; x_wconf 91' lang='grc' dir='ltr'><strong>Ὃ</strong></span> <span class='ocrx_word' id='word_1_517' title='bbox 2355 3989 2450 4041; x_wconf 75' lang='grc' dir='ltr'>καὶ</span> <span class='ocrx_word' id='word_1_518' title='bbox 2477 3990 2577 4060; x_wconf 80' lang='grc' dir='ltr'>τὴν</span> <span class='ocrx_word' id='word_1_519' title='bbox 2614 3988 2784 4042; x_wconf 81' lang='grc' dir='ltr'>αὑτοῦ</span> <span class='ocrx_word' id='word_1_520' title='bbox 2842 3989 3212 4061; x_wconf 80' lang='grc' dir='ltr'><strong>δημιουργίαν</strong></span> <span class='ocrx_word' id='word_1_521' title='bbox 3265 3989 3438 4061; x_wconf 82' lang='grc' dir='ltr'><strong>δηλοῖ,</strong></span> <span class='ocrx_word' id='word_1_522' title='bbox 3499 3984 3611 4042; x_wconf 83' lang='grc' dir='ltr'>καθ’</span> <span class='ocrx_word' id='word_1_523' title='bbox 3653 3981 3707 4052; x_wconf 70' lang='grc' dir='ltr'>ἣν</span> 
     </span>
    </p>
   </div>
   <div class='ocr_carea' id='block_1_51' title="bbox 443 4073 2005 4155">
    <p class='ocr_par' dir='ltr' id='par_1_51' title="bbox 443 4081 2005 4152">
     <span class='ocr_line' id='line_1_52' title="bbox 443 4081 2005 4152; baseline -0.002 -13"><span class='ocrx_word' id='word_1_524' title='bbox 443 4100 578 4139; x_wconf 88' lang='lat' dir='ltr'><strong>vero</strong></span> <span class='ocrx_word' id='word_1_525' title='bbox 625 4085 747 4152; x_wconf 90' lang='lat' dir='ltr'><strong>ejus</strong></span> <span class='ocrx_word' id='word_1_526' title='bbox 801 4098 1022 4151; x_wconf 92' lang='lat' dir='ltr'><strong>quoque</strong></span> <span class='ocrx_word' id='word_1_527' title='bbox 1073 4083 1293 4137; x_wconf 88' lang='lat' dir='ltr'><strong>nomine</strong></span> <span class='ocrx_word' id='word_1_528' title='bbox 1323 4082 1488 4136; x_wconf 89' lang='lat' dir='ltr'><strong>Pater</strong></span> <span class='ocrx_word' id='word_1_529' title='bbox 1529 4083 1712 4137; x_wconf 79' lang='lat' dir='ltr'><strong>vocari</strong></span> <span class='ocrx_word' id='word_1_530' title='bbox 1749 4081 2005 4150; x_wconf 80' lang='lat' dir='ltr'><strong>dignatur</strong></span> 
     </span>
    </p>
   </div>
   <div class='ocr_carea' id='block_1_52' title="bbox 2141 4073 3703 4155">
    <p class='ocr_par' dir='ltr' id='par_1_52' title="bbox 2141 4073 3703 4155">
     <span class='ocr_line' id='line_1_53' title="bbox 2141 4073 3703 4155; baseline -0.006 -23"><span class='ocrx_word' id='word_1_531' title='bbox 2141 4079 2303 4133; x_wconf 83' lang='grc' dir='ltr'>πάλιν</span> <span class='ocrx_word' id='word_1_532' title='bbox 2336 4078 2480 4144; x_wconf 81' lang='grc' dir='ltr'><strong>ἀξιοῖ</strong></span> <span class='ocrx_word' id='word_1_533' title='bbox 2528 4078 2816 4155; x_wconf 85' lang='grc' dir='ltr'>καλεῖσθαι</span> <span class='ocrx_word' id='word_1_534' title='bbox 2871 4081 3087 4152; x_wconf 83' lang='grc' dir='ltr'>Πατὴρ,</span> <span class='ocrx_word' id='word_1_535' title='bbox 3133 4082 3274 4151; x_wconf 81' lang='grc' dir='ltr'>ὁμοῦ</span> <span class='ocrx_word' id='word_1_536' title='bbox 3309 4081 3405 4134; x_wconf 74' lang='grc' dir='ltr'><strong>καὶ</strong></span> <span class='ocrx_word' id='word_1_537' title='bbox 3433 4073 3703 4133; x_wconf 78' lang='grc' dir='ltr'><strong>διαστέλλει</strong></span> 
     </span>
    </p>
   </div>
   <div class='ocr_carea' id='block_1_53' title="bbox 445 4168 2007 4244">
    <p class='ocr_par' dir='ltr' id='par_1_53' title="bbox 445 4172 2005 4244">
     <span class='ocr_line' id='line_1_54' title="bbox 445 4172 2005 4244; baseline -0.002 -13"><span class='ocrx_word' id='word_1_538' title='bbox 445 4175 652 4232; x_wconf 78' lang='lat' dir='ltr'><strong>Verum</strong></span> <span class='ocrx_word' id='word_1_539' title='bbox 688 4173 818 4229; x_wconf 89' lang='lat' dir='ltr'><strong>fecit</strong></span> <span class='ocrx_word' id='word_1_540' title='bbox 856 4181 912 4229; x_wconf 90' lang='lat' dir='ltr'><strong>et</strong></span> <span class='ocrx_word' id='word_1_541' title='bbox 953 4172 1198 4228; x_wconf 82' lang='lat' dir='ltr'><strong>condidit</strong></span> <span class='ocrx_word' id='word_1_542' title='bbox 1249 4175 1413 4229; x_wconf 88' lang='lat' dir='ltr'><strong>simul</strong></span> <span class='ocrx_word' id='word_1_543' title='bbox 1447 4175 1620 4244; x_wconf 86' lang='lat' dir='ltr'><strong>posita</strong></span> <span class='ocrx_word' id='word_1_544' title='bbox 1649 4214 1664 4238; x_wconf 92' lang='lat'><strong>,</strong></span> <span class='ocrx_word' id='word_1_545' title='bbox 1709 4190 1739 4228; x_wconf 88' lang='lat' dir='ltr'><strong>a</strong></span> <span class='ocrx_word' id='word_1_546' title='bbox 1778 4174 1917 4229; x_wconf 89' lang='lat' dir='ltr'><strong>Filio</strong></span> <span class='ocrx_word' id='word_1_547' title='bbox 1945 4189 2005 4228; x_wconf 89' lang='lat' dir='ltr'><strong>se</strong></span> 
     </span>
    </p>
   </div>
   <div class='ocr_carea' id='block_1_54' title="bbox 2141 4168 3703 4244">
    <p class='ocr_par' dir='ltr' id='par_1_54' title="bbox 2141 4168 3703 4240">
     <span class='ocr_line' id='line_1_55' title="bbox 2141 4168 3703 4240; baseline -0.004 -17"><span class='ocrx_word' id='word_1_548' title='bbox 2141 4168 2232 4223; x_wconf 80' lang='grc' dir='ltr'>τοῦ</span> <span class='ocrx_word' id='word_1_549' title='bbox 2262 4169 2422 4239; x_wconf 79' lang='grc' dir='ltr'>φύσει</span> <span class='ocrx_word' id='word_1_550' title='bbox 2447 4169 2580 4223; x_wconf 82' lang='grc' dir='ltr'><strong>Υἱοῦ</strong></span> <span class='ocrx_word' id='word_1_551' title='bbox 2607 4169 2670 4223; x_wconf 84' lang='grc' dir='ltr'>τό</span> <span class='ocrx_word' id='word_1_552' title='bbox 2689 4184 2702 4199; x_wconf 88' lang='grc'>·</span> <span class='ocrx_word' id='word_1_553' title='bbox 2727 4170 2988 4240; x_wconf 81' lang='grc' dir='ltr'>Ἐποίησὲ</span> <span class='ocrx_word' id='word_1_554' title='bbox 3026 4188 3084 4224; x_wconf 86' lang='grc' dir='ltr'>σε</span> <span class='ocrx_word' id='word_1_555' title='bbox 3110 4172 3205 4226; x_wconf 69' lang='grc' dir='ltr'>καὶ</span> <span class='ocrx_word' id='word_1_556' title='bbox 3225 4172 3411 4226; x_wconf 78' lang='grc' dir='ltr'>ἔκτισὲ</span> <span class='ocrx_word' id='word_1_557' title='bbox 3443 4186 3521 4233; x_wconf 86' lang='grc' dir='ltr'>σε,</span> <span class='ocrx_word' id='word_1_558' title='bbox 3558 4180 3703 4237; x_wconf 76' lang='grc' dir='ltr'>προσ-</span> 
     </span>
    </p>
   </div>
   <div class='ocr_carea' id='block_1_55' title="bbox 441 4255 2003 4342">
    <p class='ocr_par' dir='ltr' id='par_1_55' title="bbox 441 4267 2003 4337">
     <span class='ocr_line' id='line_1_56' title="bbox 441 4267 2003 4337; baseline -0.001 -13"><span class='ocrx_word' id='word_1_559' title='bbox 441 4271 690 4325; x_wconf 86' lang='lat' dir='ltr'><strong>cundum</strong></span> <span class='ocrx_word' id='word_1_560' title='bbox 715 4276 969 4322; x_wconf 86' lang='lat' dir='ltr'><strong>naturam</strong></span> <span class='ocrx_word' id='word_1_561' title='bbox 998 4267 1364 4337; x_wconf 82' lang='lat' dir='ltr'><strong>distinguunt.</strong></span> <span class='ocrx_word' id='word_1_562' title='bbox 1390 4268 1468 4322; x_wconf 75' lang='lat' dir='ltr'><strong>Ac</strong></span> <span class='ocrx_word' id='word_1_563' title='bbox 1502 4268 1746 4322; x_wconf 89' lang='lat' dir='ltr'><strong>additum</strong></span> <span class='ocrx_word' id='word_1_564' title='bbox 1783 4277 1868 4322; x_wconf 88' lang='lat' dir='ltr'><strong>est</strong></span> <span class='ocrx_word' id='word_1_565' title='bbox 1899 4267 2003 4322; x_wconf 91' lang='lat' dir='ltr'><strong>alte</strong></span> 
     </span>
    </p>
   </div>
   <div class='ocr_carea' id='block_1_56' title="bbox 2142 4255 3704 4342">
    <p class='ocr_par' dir='ltr' id='par_1_56' title="bbox 2142 4255 3704 4342">
     <span class='ocr_line' id='line_1_57' title="bbox 2142 4255 3704 4342; baseline -0.004 -29"><span class='ocrx_word' id='word_1_566' title='bbox 2142 4259 2254 4324; x_wconf 81' lang='grc' dir='ltr'>θείς</span> <span class='ocrx_word' id='word_1_567' title='bbox 2274 4277 2287 4290; x_wconf 87' lang='grc'><strong>·</strong></span> <span class='ocrx_word' id='word_1_568' title='bbox 2321 4260 2396 4324; x_wconf 85' lang='grc' dir='ltr'>ὼς</span> <span class='ocrx_word' id='word_1_569' title='bbox 2429 4260 2496 4342; x_wconf 84' lang='grc' dir='ltr'><strong>ἂν</strong></span> <span class='ocrx_word' id='word_1_570' title='bbox 2525 4261 2668 4314; x_wconf 84' lang='grc' dir='ltr'>κατὰ</span> <span class='ocrx_word' id='word_1_571' title='bbox 2698 4262 2881 4332; x_wconf 84' lang='grc' dir='ltr'><strong>χάριν,</strong></span> <span class='ocrx_word' id='word_1_572' title='bbox 2919 4263 3056 4316; x_wconf 85' lang='grc' dir='ltr'><strong>ἀλλὰ</strong></span> <span class='ocrx_word' id='word_1_573' title='bbox 3081 4266 3156 4334; x_wconf 85' lang='grc' dir='ltr'>μὴ</span> <span class='ocrx_word' id='word_1_574' title='bbox 3193 4264 3357 4333; x_wconf 85' lang='grc' dir='ltr'>φύσει</span> <span class='ocrx_word' id='word_1_575' title='bbox 3387 4265 3579 4316; x_wconf 85' lang='grc' dir='ltr'><strong>νοεῖται</strong></span> <span class='ocrx_word' id='word_1_576' title='bbox 3611 4255 3704 4309; x_wconf 72' lang='lat' dir='ltr'><strong>ﬂa-</strong></span> 
     </span>
    </p>
   </div>
   <div class='ocr_carea' id='block_1_57' title="bbox 445 4347 2007 4434">
    <p class='ocr_par' dir='ltr' id='par_1_57' title="bbox 445 4359 2007 4434">
     <span class='ocr_line' id='line_1_58' title="bbox 445 4359 2007 4434; baseline -0.004 -16"><span class='ocrx_word' id='word_1_577' title='bbox 445 4378 596 4425; x_wconf 85' lang='lat' dir='ltr'><strong>rum,</strong></span> <span class='ocrx_word' id='word_1_578' title='bbox 631 4368 693 4415; x_wconf 91' lang='lat' dir='ltr'><strong>ut</strong></span> <span class='ocrx_word' id='word_1_579' title='bbox 729 4377 796 4415; x_wconf 83' lang='lat' dir='ltr'><strong>ex</strong></span> <span class='ocrx_word' id='word_1_580' title='bbox 831 4359 1032 4434; x_wconf 87' lang='lat' dir='ltr'><strong>gratia,</strong></span> <span class='ocrx_word' id='word_1_581' title='bbox 1067 4374 1169 4413; x_wconf 89' lang='lat' dir='ltr'><strong>nec</strong></span> <span class='ocrx_word' id='word_1_582' title='bbox 1199 4369 1398 4414; x_wconf 88' lang='lat' dir='ltr'><strong>natura</strong></span> <span class='ocrx_word' id='word_1_583' title='bbox 1429 4359 1591 4414; x_wconf 87' lang='lat' dir='ltr'><strong>Pater</strong></span> <span class='ocrx_word' id='word_1_584' title='bbox 1614 4375 1738 4415; x_wconf 87' lang='lat' dir='ltr'><strong>esse</strong></span> <span class='ocrx_word' id='word_1_585' title='bbox 1767 4359 2007 4430; x_wconf 77' lang='lat' dir='ltr'><strong>intelliga</strong></span> 
     </span>
    </p>
   </div>
   <div class='ocr_carea' id='block_1_58' title="bbox 2139 4347 3701 4434">
    <p class='ocr_par' dir='ltr' id='par_1_58' title="bbox 2139 4347 3701 4424">
     <span class='ocr_line' id='line_1_59' title="bbox 2139 4347 3701 4424; baseline 0.003 -19"><span class='ocrx_word' id='word_1_586' title='bbox 2139 4353 2267 4424; x_wconf 87' lang='grc' dir='ltr'>τήρ.</span> <span class='ocrx_word' id='word_1_587' title='bbox 2303 4353 2519 4424; x_wconf 83' lang='grc' dir='ltr'>Προϊὼν</span> <span class='ocrx_word' id='word_1_588' title='bbox 2539 4353 2597 4406; x_wconf 65' lang='grc' dir='ltr'><strong>δὲ</strong></span> <span class='ocrx_word' id='word_1_589' title='bbox 2616 4354 2697 4419; x_wconf 85' lang='grc' dir='ltr'>τὸ,</span> <span class='ocrx_word' id='word_1_590' title='bbox 2730 4355 3085 4423; x_wconf 71' lang='grc' dir='ltr'><strong>ἐγέννησεν,</strong></span> <span class='ocrx_word' id='word_1_591' title='bbox 3116 4357 3311 4418; x_wconf 81' lang='grc' dir='ltr'>εἰπὼν,</span> <span class='ocrx_word' id='word_1_592' title='bbox 3337 4355 3399 4409; x_wconf 75' lang='grc' dir='ltr'><strong>οὐ</strong></span> <span class='ocrx_word' id='word_1_593' title='bbox 3435 4356 3496 4406; x_wconf 82' lang='grc' dir='ltr'><strong>τὸ</strong></span> <span class='ocrx_word' id='word_1_594' title='bbox 3521 4347 3701 4418; x_wconf 65' lang='grc' dir='ltr'>Πατὴρ,</span> 
     </span>
    </p>
   </div>
   <div class='ocr_carea' id='block_1_59' title="bbox 443 4438 2005 4524">
    <p class='ocr_par' dir='ltr' id='par_1_59' title="bbox 443 4453 2005 4524">
     <span class='ocr_line' id='line_1_60' title="bbox 443 4453 2005 4524; baseline -0.002 -14"><span class='ocrx_word' id='word_1_595' title='bbox 443 4460 560 4510; x_wconf 81' lang='lat' dir='ltr'><strong>tur.</strong></span> <span class='ocrx_word' id='word_1_596' title='bbox 594 4453 654 4509; x_wconf 85' lang='lat' dir='ltr'><strong>In</strong></span> <span class='ocrx_word' id='word_1_597' title='bbox 683 4469 979 4524; x_wconf 79' lang='lat' dir='ltr'><strong>progressu</strong></span> <span class='ocrx_word' id='word_1_598' title='bbox 1012 4468 1144 4509; x_wconf 86' lang='lat' dir='ltr'><strong>vero</strong></span> <span class='ocrx_word' id='word_1_599' title='bbox 1169 4453 1396 4524; x_wconf 90' lang='lat' dir='ltr'><strong>capitis,</strong></span> <span class='ocrx_word' id='word_1_600' title='bbox 1423 4469 1547 4509; x_wconf 89' lang='lat' dir='ltr'><strong>cum</strong></span> <span class='ocrx_word' id='word_1_601' title='bbox 1573 4454 1752 4524; x_wconf 85' lang='lat' dir='ltr'><strong>genuit</strong></span> <span class='ocrx_word' id='word_1_602' title='bbox 1782 4453 2005 4509; x_wconf 78' lang='lat' dir='ltr'><strong>dixisset</strong></span> 
     </span>
    </p>
   </div>
   <div class='ocr_carea' id='block_1_60' title="bbox 2139 4438 3701 4524">
    <p class='ocr_par' dir='ltr' id='par_1_60' title="bbox 2139 4438 3701 4518">
     <span class='ocr_line' id='line_1_61' title="bbox 2139 4438 3701 4518; baseline -0.001 -22"><span class='ocrx_word' id='word_1_603' title='bbox 2139 4443 2276 4498; x_wconf 81' lang='grc' dir='ltr'><strong>ἀλλὰ</strong></span> <span class='ocrx_word' id='word_1_604' title='bbox 2328 4445 2410 4509; x_wconf 79' lang='grc' dir='ltr'><strong>τὸ,</strong></span> <span class='ocrx_word' id='word_1_605' title='bbox 2446 4443 2616 4511; x_wconf 75' lang='grc' dir='ltr'><strong>Θεὸς,</strong></span> <span class='ocrx_word' id='word_1_606' title='bbox 2661 4445 2972 4517; x_wconf 75' lang='grc' dir='ltr'>προῦταξεν</span> <span class='ocrx_word' id='word_1_607' title='bbox 3028 4447 3226 4518; x_wconf 74' lang='grc' dir='ltr'>ὄνομα,</span> <span class='ocrx_word' id='word_1_608' title='bbox 3290 4448 3500 4516; x_wconf 85' lang='grc' dir='ltr'>λέγων·</span> <span class='ocrx_word' id='word_1_609' title='bbox 3539 4461 3557 4494; x_wconf 84' lang='grc'><strong>‹</strong></span> <span class='ocrx_word' id='word_1_610' title='bbox 3589 4438 3701 4492; x_wconf 70' lang='grc' dir='ltr'>Θεὸν</span> 
     </span>
    </p>
   </div>
   <div class='ocr_carea' id='block_1_61' title="bbox 445 4528 2007 4617">
    <p class='ocr_par' dir='ltr' id='par_1_61' title="bbox 445 4545 1985 4617">
     <span class='ocr_line' id='line_1_62' title="bbox 445 4545 1985 4617; baseline -0.003 -13"><span class='ocrx_word' id='word_1_611' title='bbox 445 4563 560 4604; x_wconf 85' lang='lat' dir='ltr'><strong>non</strong></span> <span class='ocrx_word' id='word_1_612' title='bbox 597 4547 776 4602; x_wconf 87' lang='lat' dir='ltr'><strong>Patris</strong></span> <span class='ocrx_word' id='word_1_613' title='bbox 808 4560 1032 4612; x_wconf 90' lang='lat' dir='ltr'><strong>nomen,</strong></span> <span class='ocrx_word' id='word_1_614' title='bbox 1066 4559 1258 4601; x_wconf 82' lang='lat' dir='ltr'><strong>verum</strong></span> <span class='ocrx_word' id='word_1_615' title='bbox 1296 4545 1388 4601; x_wconf 91' lang='lat' dir='ltr'><strong>Dei</strong></span> <span class='ocrx_word' id='word_1_616' title='bbox 1432 4547 1759 4617; x_wconf 73' lang='lat' dir='ltr'><strong>praeposuit,</strong></span> <span class='ocrx_word' id='word_1_617' title='bbox 1793 4545 1985 4601; x_wconf 87' lang='lat' dir='ltr'><strong>dicens</strong></span> 
     </span>
    </p>
   </div>
   <div class='ocr_carea' id='block_1_62' title="bbox 2138 4528 3700 4617">
    <p class='ocr_par' dir='ltr' id='par_1_62' title="bbox 2140 4528 3700 4608">
     <span class='ocr_line' id='line_1_63' title="bbox 2140 4528 3700 4608; baseline 0.004 -18"><span class='ocrx_word' id='word_1_618' title='bbox 2140 4537 2234 4590; x_wconf 71' lang='grc' dir='ltr'><strong>τὸν</strong></span> <span class='ocrx_word' id='word_1_619' title='bbox 2268 4536 2612 4607; x_wconf 75' lang='grc' dir='ltr'>γεννήσαπὰ</span> <span class='ocrx_word' id='word_1_620' title='bbox 2642 4553 2702 4589; x_wconf 82' lang='grc' dir='ltr'>σε</span> <span class='ocrx_word' id='word_1_621' title='bbox 2737 4538 3150 4606; x_wconf 76' lang='grc' dir='ltr'>ὲγκατέλειπες.</span> <span class='ocrx_word' id='word_1_622' title='bbox 3192 4556 3213 4590; x_wconf 75' lang='grc' dir='ltr'><strong>ι</strong></span> <span class='ocrx_word' id='word_1_623' title='bbox 3255 4537 3369 4593; x_wconf 81' lang='grc' dir='ltr'>Ἵνα</span> <span class='ocrx_word' id='word_1_624' title='bbox 3407 4535 3480 4608; x_wconf 86' lang='grc' dir='ltr'><strong>μὴ</strong></span> <span class='ocrx_word' id='word_1_625' title='bbox 3513 4528 3700 4602; x_wconf 67' lang='grc' dir='ltr'>δηλώσῃ</span> 
     </span>
    </p>
   </div>
   <div class='ocr_carea' id='block_1_63' title="bbox 449 4619 2011 4712">
    <p class='ocr_par' dir='ltr' id='par_1_63' title="bbox 449 4637 2011 4712">
     <span class='ocr_line' id='line_1_64' title="bbox 449 4637 2011 4712; baseline -0.002 -18"><span class='ocrx_word' id='word_1_626' title='bbox 449 4659 478 4694; x_wconf 64' lang='grc' dir='ltr'><strong><em>η</em></strong></span> <span class='ocrx_word' id='word_1_627' title='bbox 515 4641 684 4696; x_wconf 89' lang='lat' dir='ltr'><strong>Deum</strong></span> <span class='ocrx_word' id='word_1_628' title='bbox 710 4641 804 4712; x_wconf 89' lang='lat' dir='ltr'><strong>qui</strong></span> <span class='ocrx_word' id='word_1_629' title='bbox 835 4649 887 4696; x_wconf 91' lang='lat' dir='ltr'><strong>te</strong></span> <span class='ocrx_word' id='word_1_630' title='bbox 934 4639 1130 4712; x_wconf 82' lang='lat' dir='ltr'><strong>genuit</strong></span> <span class='ocrx_word' id='word_1_631' title='bbox 1169 4639 1540 4712; x_wconf 89' lang='lat' dir='ltr'><strong>dereliquisti.</strong></span> <span class='ocrx_word' id='word_1_632' title='bbox 1582 4657 1601 4692; x_wconf 71' lang='grc' dir='ltr'><strong>ι</strong></span> <span class='ocrx_word' id='word_1_633' title='bbox 1640 4638 1720 4694; x_wconf 87' lang='lat' dir='ltr'><strong>Ne</strong></span> <span class='ocrx_word' id='word_1_634' title='bbox 1755 4637 2011 4710; x_wconf 61' lang='lat' dir='ltr'><strong>generati</strong></span> 
     </span>
    </p>
   </div>
   <div class='ocr_carea' id='block_1_64' title="bbox 2136 4619 3698 4712">
    <p class='ocr_par' dir='ltr' id='par_1_64' title="bbox 2144 4619 3698 4712">
     <span class='ocr_line' id='line_1_65' title="bbox 2144 4619 3698 4712; baseline -0.001 -29"><span class='ocrx_word' id='word_1_635' title='bbox 2144 4630 2380 4701; x_wconf 83' lang='grc' dir='ltr'><strong>φυσικὴν</strong></span> <span class='ocrx_word' id='word_1_636' title='bbox 2405 4631 2438 4702; x_wconf 84' lang='grc' dir='ltr'><strong>ή</strong></span> <span class='ocrx_word' id='word_1_637' title='bbox 2461 4631 2719 4702; x_wconf 78' lang='grc' dir='ltr'>γέννησις</span> <span class='ocrx_word' id='word_1_638' title='bbox 2753 4631 2854 4702; x_wconf 80' lang='grc' dir='ltr'>τὴν</span> <span class='ocrx_word' id='word_1_639' title='bbox 2885 4633 3133 4704; x_wconf 76' lang='grc' dir='ltr'>υίότητα.</span> <span class='ocrx_word' id='word_1_640' title='bbox 3174 4629 3286 4686; x_wconf 73' lang='grc' dir='ltr'><strong>Καὶ</strong></span> <span class='ocrx_word' id='word_1_641' title='bbox 3355 4629 3600 4693; x_wconf 70' lang='grc' dir='ltr'><strong>Ἰωάννης</strong></span> <span class='ocrx_word' id='word_1_642' title='bbox 3638 4619 3698 4712; x_wconf 48' lang='grc' dir='ltr'><strong>δέ.</strong></span> 
     </span>
    </p>
   </div>
   <div class='ocr_carea' id='block_1_65' title="bbox 444 4710 2006 4804">
    <p class='ocr_par' dir='ltr' id='par_1_65' title="bbox 444 4710 2006 4804">
     <span class='ocr_line' id='line_1_66' title="bbox 444 4710 2006 4804; baseline -0.003 -15"><span class='ocrx_word' id='word_1_643' title='bbox 444 4710 760 4790; x_wconf 81' lang='lat' dir='ltr'><strong>naturalem</strong></span> <span class='ocrx_word' id='word_1_644' title='bbox 799 4710 1035 4788; x_wconf 75' lang='lat' dir='ltr'><strong>ﬁliorum</strong></span> <span class='ocrx_word' id='word_1_645' title='bbox 1065 4710 1441 4788; x_wconf 87' lang='lat' dir='ltr'><strong>conditionem</strong></span> <span class='ocrx_word' id='word_1_646' title='bbox 1477 4730 1642 4804; x_wconf 62' lang='grc'><strong>464.</strong></span> <span class='ocrx_word' id='word_1_647' title='bbox 1673 4730 2006 4802; x_wconf 77' lang='lat' dir='ltr'><strong>signiﬁcaret</strong></span> 
     </span>
    </p>
   </div>
   <div class='ocr_carea' id='block_1_66' title="bbox 2139 4710 3701 4804">
    <p class='ocr_par' dir='ltr' id='par_1_66' title="bbox 2141 4710 3701 4798">
     <span class='ocr_line' id='line_1_67' title="bbox 2141 4710 3701 4798; baseline -0.01 -19"><span class='ocrx_word' id='word_1_648' title='bbox 2141 4725 2204 4779; x_wconf 80' lang='grc' dir='ltr'><strong>οὐ</strong></span> <span class='ocrx_word' id='word_1_649' title='bbox 2239 4723 2503 4795; x_wconf 87' lang='grc' dir='ltr'>πρότερον</span> <span class='ocrx_word' id='word_1_650' title='bbox 2532 4723 2610 4789; x_wconf 88' lang='grc' dir='ltr'>τὸ,</span> <span class='ocrx_word' id='word_1_651' title='bbox 2645 4723 3089 4793; x_wconf 76' lang='grc' dir='ltr'><strong>ἐγεννήθησαν,</strong></span> <span class='ocrx_word' id='word_1_652' title='bbox 3121 4726 3277 4796; x_wconf 71' lang='grc' dir='ltr'>φησὶ,</span> <span class='ocrx_word' id='word_1_653' title='bbox 3310 4725 3439 4798; x_wconf 73' lang='grc' dir='ltr'>πρὶν</span> <span class='ocrx_word' id='word_1_654' title='bbox 3469 4721 3546 4781; x_wconf 80' lang='grc' dir='ltr'>τὸ,</span> <span class='ocrx_word' id='word_1_655' title='bbox 3575 4710 3701 4770; x_wconf 81' lang='grc' dir='ltr'>κατὰ</span> 
     </span>
    </p>
   </div>
   <div class='ocr_carea' id='block_1_67' title="bbox 443 4805 2005 4894">
    <p class='ocr_par' dir='ltr' id='par_1_67' title="bbox 443 4822 2005 4894">
     <span class='ocr_line' id='line_1_68' title="bbox 443 4822 2005 4894; baseline -0.003 -15"><span class='ocrx_word' id='word_1_656' title='bbox 443 4826 595 4894; x_wconf 77' lang='lat' dir='ltr'><strong>Quin</strong></span> <span class='ocrx_word' id='word_1_657' title='bbox 634 4823 878 4879; x_wconf 81' lang='lat' dir='ltr'><strong>Joannes</strong></span> <span class='ocrx_word' id='word_1_658' title='bbox 918 4839 1142 4894; x_wconf 87' lang='lat' dir='ltr'><strong>quoque</strong></span> <span class='ocrx_word' id='word_1_659' title='bbox 1179 4838 1290 4878; x_wconf 89' lang='lat' dir='ltr'><strong>non</strong></span> <span class='ocrx_word' id='word_1_660' title='bbox 1321 4824 1496 4893; x_wconf 90' lang='lat' dir='ltr'><strong>prius,</strong></span> <span class='ocrx_word' id='word_1_661' title='bbox 1541 4823 1658 4877; x_wconf 84' lang='lat' dir='ltr'><strong>nati</strong></span> <span class='ocrx_word' id='word_1_662' title='bbox 1697 4830 1843 4888; x_wconf 86' lang='lat' dir='ltr'><strong>sunt,</strong></span> <span class='ocrx_word' id='word_1_663' title='bbox 1882 4822 2005 4877; x_wconf 86' lang='lat' dir='ltr'><strong>dicit</strong></span> 
     </span>
    </p>
   </div>
   <div class='ocr_carea' id='block_1_68' title="bbox 2137 4805 3699 4894">
    <p class='ocr_par' dir='ltr' id='par_1_68' title="bbox 2145 4805 3699 4885">
     <span class='ocr_line' id='line_1_69' title="bbox 2145 4805 3699 4885; baseline -0.004 -16"><span class='ocrx_word' id='word_1_664' title='bbox 2145 4815 2326 4884; x_wconf 77' lang='grc' dir='ltr'>χάριν</span> <span class='ocrx_word' id='word_1_665' title='bbox 2356 4813 2685 4885; x_wconf 70' lang='grc' dir='ltr'>προέταξεν,</span> <span class='ocrx_word' id='word_1_666' title='bbox 2715 4815 2888 4868; x_wconf 79' lang='grc' dir='ltr'>είπών</span> <span class='ocrx_word' id='word_1_667' title='bbox 2913 4833 2926 4847; x_wconf 86' lang='grc'><strong>·</strong></span> <span class='ocrx_word' id='word_1_668' title='bbox 2968 4811 3212 4870; x_wconf 82' lang='grc' dir='ltr'>Ἔδωκεν</span> <span class='ocrx_word' id='word_1_669' title='bbox 3248 4817 3430 4878; x_wconf 73' lang='grc' dir='ltr'>αὺτοῖς</span> <span class='ocrx_word' id='word_1_670' title='bbox 3480 4805 3699 4876; x_wconf 73' lang='grc' dir='ltr'>ἐξουσίαν</span> 
     </span>
    </p>
   </div>
   <div class='ocr_carea' id='block_1_69' title="bbox 443 4895 2005 4990">
    <p class='ocr_par' dir='ltr' id='par_1_69' title="bbox 443 4912 2000 4990">
     <span class='ocr_line' id='line_1_70' title="bbox 443 4912 2000 4990; baseline -0.004 -18"><span class='ocrx_word' id='word_1_671' title='bbox 443 4933 617 4990; x_wconf 85' lang='lat' dir='ltr'><strong>quam</strong></span> <span class='ocrx_word' id='word_1_672' title='bbox 655 4917 810 4982; x_wconf 87' lang='lat' dir='ltr'><strong>illud,</strong></span> <span class='ocrx_word' id='word_1_673' title='bbox 842 4930 906 4970; x_wconf 73' lang='lat' dir='ltr'><strong>ex</strong></span> <span class='ocrx_word' id='word_1_674' title='bbox 934 4917 1132 4986; x_wconf 88' lang='lat' dir='ltr'><strong>gratia,</strong></span> <span class='ocrx_word' id='word_1_675' title='bbox 1165 4915 1526 4984; x_wconf 88' lang='lat' dir='ltr'><strong>praemisisset</strong></span> <span class='ocrx_word' id='word_1_676' title='bbox 1552 4915 1902 4982; x_wconf 84' lang='lat' dir='ltr'><strong>dixissetque</strong></span> <span class='ocrx_word' id='word_1_677' title='bbox 1929 4932 1942 4968; x_wconf 88' lang='lat'><strong>:</strong></span> <span class='ocrx_word' id='word_1_678' title='bbox 1979 4912 2000 4966; x_wconf 88' lang='grc' dir='ltr'><strong>Ι</strong></span> 
     </span>
    </p>
   </div>
   <div class='ocr_carea' id='block_1_70' title="bbox 2136 4895 3698 4990">
    <p class='ocr_par' dir='ltr' id='par_1_70' title="bbox 2143 4895 3698 4980">
     <span class='ocr_line' id='line_1_71' title="bbox 2143 4895 3698 4980; baseline -0.01 -18"><span class='ocrx_word' id='word_1_679' title='bbox 2143 4909 2308 4962; x_wconf 80' lang='grc' dir='ltr'>τέκνα</span> <span class='ocrx_word' id='word_1_680' title='bbox 2347 4907 2484 4962; x_wconf 85' lang='grc' dir='ltr'>Θεοῦ</span> <span class='ocrx_word' id='word_1_681' title='bbox 2508 4905 2790 4976; x_wconf 76' lang='grc' dir='ltr'>γενέσθαι.</span> <span class='ocrx_word' id='word_1_682' title='bbox 2831 4927 2851 4961; x_wconf 84' lang='grc'><strong>‹</strong></span> <span class='ocrx_word' id='word_1_683' title='bbox 2883 4905 2952 4962; x_wconf 69' lang='grc' dir='ltr'>Οἳ</span> <span class='ocrx_word' id='word_1_684' title='bbox 2973 4909 3074 4961; x_wconf 80' lang='grc' dir='ltr'>οὐκ</span> <span class='ocrx_word' id='word_1_685' title='bbox 3119 4906 3185 4974; x_wconf 74' lang='grc' dir='ltr'><strong>ἐξ</strong></span> <span class='ocrx_word' id='word_1_686' title='bbox 3225 4909 3490 4980; x_wconf 77' lang='grc' dir='ltr'><strong>αἱμάτων,</strong></span> <span class='ocrx_word' id='word_1_687' title='bbox 3516 4898 3625 4954; x_wconf 78' lang='grc' dir='ltr'>οὐδὲ</span> <span class='ocrx_word' id='word_1_688' title='bbox 3647 4895 3698 4947; x_wconf 80' lang='grc' dir='ltr'><strong>ὲκ</strong></span> 
     </span>
    </p>
   </div>
   <div class='ocr_carea' id='block_1_71' title="bbox 447 4997 2009 5082">
    <p class='ocr_par' dir='ltr' id='par_1_71' title="bbox 447 5006 2009 5082">
     <span class='ocr_line' id='line_1_72' title="bbox 447 5006 2009 5082; baseline -0.004 -16"><span class='ocrx_word' id='word_1_689' title='bbox 447 5012 699 5082; x_wconf 81' lang='lat' dir='ltr'><strong>ipsorum</strong></span> <span class='ocrx_word' id='word_1_690' title='bbox 733 5016 1012 5080; x_wconf 81' lang='lat' dir='ltr'><strong>potestate</strong></span> <span class='ocrx_word' id='word_1_691' title='bbox 1045 5007 1252 5078; x_wconf 86' lang='lat' dir='ltr'><strong>posuit,</strong></span> <span class='ocrx_word' id='word_1_692' title='bbox 1275 5014 1334 5061; x_wconf 91' lang='lat' dir='ltr'><strong>ut</strong></span> <span class='ocrx_word' id='word_1_693' title='bbox 1365 5007 1461 5062; x_wconf 84' lang='lat' dir='ltr'><strong>lilii</strong></span> <span class='ocrx_word' id='word_1_694' title='bbox 1493 5007 1585 5063; x_wconf 86' lang='lat' dir='ltr'><strong>Dei</strong></span> <span class='ocrx_word' id='word_1_695' title='bbox 1625 5007 1856 5064; x_wconf 86' lang='lat' dir='ltr'><strong>ﬁerent:</strong></span> <span class='ocrx_word' id='word_1_696' title='bbox 1884 5016 1907 5059; x_wconf 66' lang='lat' dir='ltr'><strong>r</strong></span> <span class='ocrx_word' id='word_1_697' title='bbox 1935 5006 2009 5072; x_wconf 85' lang='lat' dir='ltr'><strong>Qu</strong></span> 
     </span>
    </p>
   </div>
   <div class='ocr_carea' id='block_1_72' title="bbox 2131 4997 3693 5082">
    <p class='ocr_par' dir='ltr' id='par_1_72' title="bbox 2145 4997 3693 5073">
     <span class='ocr_line' id='line_1_73' title="bbox 2145 4997 3693 5073; baseline -0.01 -16"><span class='ocrx_word' id='word_1_698' title='bbox 2145 5001 2452 5073; x_wconf 82' lang='grc' dir='ltr'>θελήματος</span> <span class='ocrx_word' id='word_1_699' title='bbox 2471 4998 2692 5073; x_wconf 75' lang='grc' dir='ltr'><strong>ἀνδρὸς,</strong></span> <span class='ocrx_word' id='word_1_700' title='bbox 2722 5002 2841 5055; x_wconf 78' lang='grc' dir='ltr'>ἀλλ’</span> <span class='ocrx_word' id='word_1_701' title='bbox 2871 5003 2935 5055; x_wconf 81' lang='grc' dir='ltr'><strong>ἐκ</strong></span> <span class='ocrx_word' id='word_1_702' title='bbox 2960 4999 3056 5056; x_wconf 82' lang='grc' dir='ltr'>τοῦ</span> <span class='ocrx_word' id='word_1_703' title='bbox 3093 4997 3237 5057; x_wconf 73' lang='grc' dir='ltr'>Θεοῦ·</span> <span class='ocrx_word' id='word_1_704' title='bbox 3282 4998 3652 5072; x_wconf 74' lang='grc' dir='ltr'>ἐγεννήθησαν.</span> <span class='ocrx_word' id='word_1_705' title='bbox 3678 5003 3693 5036; x_wconf 75' lang='grc' dir='ltr'><strong>ι</strong></span> 
     </span>
    </p>
   </div>
   <div class='ocr_carea' id='block_1_73' title="bbox 448 5084 2010 5180">
    <p class='ocr_par' dir='ltr' id='par_1_73' title="bbox 448 5099 2010 5172">
     <span class='ocr_line' id='line_1_74' title="bbox 448 5099 2010 5172; baseline -0.003 -14"><span class='ocrx_word' id='word_1_706' title='bbox 448 5120 564 5158; x_wconf 75' lang='lat' dir='ltr'><strong>non</strong></span> <span class='ocrx_word' id='word_1_707' title='bbox 591 5119 655 5157; x_wconf 85' lang='lat' dir='ltr'><strong>ex</strong></span> <span class='ocrx_word' id='word_1_708' title='bbox 702 5101 972 5172; x_wconf 80' lang='lat' dir='ltr'><strong>sanguine</strong></span> <span class='ocrx_word' id='word_1_709' title='bbox 1016 5114 1119 5154; x_wconf 90' lang='lat' dir='ltr'><strong>nec</strong></span> <span class='ocrx_word' id='word_1_710' title='bbox 1152 5100 1258 5154; x_wconf 91' lang='lat' dir='ltr'><strong>viri</strong></span> <span class='ocrx_word' id='word_1_711' title='bbox 1291 5099 1544 5164; x_wconf 84' lang='lat' dir='ltr'><strong>arbitrio,</strong></span> <span class='ocrx_word' id='word_1_712' title='bbox 1595 5115 1786 5154; x_wconf 86' lang='lat' dir='ltr'><strong>verum</strong></span> <span class='ocrx_word' id='word_1_713' title='bbox 1821 5114 1888 5155; x_wconf 77' lang='lat' dir='ltr'><strong>ex</strong></span> <span class='ocrx_word' id='word_1_714' title='bbox 1931 5099 2010 5153; x_wconf 85' lang='lat' dir='ltr'><strong>De</strong></span> 
     </span>
    </p>
   </div>
   <div class='ocr_carea' id='block_1_74' title="bbox 2134 5084 3696 5180">
    <p class='ocr_par' dir='ltr' id='par_1_74' title="bbox 2147 5084 3696 5180">
     <span class='ocr_line' id='line_1_75' title="bbox 2147 5084 3696 5180; baseline -0.008 -32"><span class='ocrx_word' id='word_1_715' title='bbox 2147 5092 2311 5148; x_wconf 79' lang='grc' dir='ltr'>Ὥστε</span> <span class='ocrx_word' id='word_1_716' title='bbox 2344 5092 2420 5165; x_wconf 83' lang='grc' dir='ltr'>μὴ</span> <span class='ocrx_word' id='word_1_717' title='bbox 2456 5092 2870 5163; x_wconf 81' lang='grc' dir='ltr'>σοφιζέσθωσαν</span> <span class='ocrx_word' id='word_1_718' title='bbox 2893 5093 3168 5164; x_wconf 61' lang='grc' dir='ltr'>αίιρετικοὶ</span> <span class='ocrx_word' id='word_1_719' title='bbox 3199 5091 3335 5163; x_wconf 76' lang='grc' dir='ltr'>πρὸς</span> <span class='ocrx_word' id='word_1_720' title='bbox 3367 5090 3478 5143; x_wconf 70' lang='grc' dir='ltr'>ἴσον</span> <span class='ocrx_word' id='word_1_721' title='bbox 3504 5084 3696 5180; x_wconf 48' lang='grc' dir='ltr'>ἄγοντές</span> 
     </span>
    </p>
   </div>
   <div class='ocr_carea' id='block_1_75' title="bbox 453 5174 2015 5262">
    <p class='ocr_par' dir='ltr' id='par_1_75' title="bbox 453 5191 2015 5262">
     <span class='ocr_line' id='line_1_76' title="bbox 453 5191 2015 5262; baseline -0.004 -12"><span class='ocrx_word' id='word_1_722' title='bbox 453 5198 567 5251; x_wconf 84' lang='lat' dir='ltr'><strong>nati</strong></span> <span class='ocrx_word' id='word_1_723' title='bbox 602 5201 733 5250; x_wconf 84' lang='lat' dir='ltr'><strong>sunt</strong></span> <span class='ocrx_word' id='word_1_724' title='bbox 780 5193 847 5248; x_wconf 70' lang='grc'>⁸³.</span> <span class='ocrx_word' id='word_1_725' title='bbox 899 5211 917 5244; x_wconf 74' lang='grc' dir='ltr'><strong>ι</strong></span> <span class='ocrx_word' id='word_1_726' title='bbox 956 5193 1308 5262; x_wconf 83' lang='lat' dir='ltr'><strong>Quapropter</strong></span> <span class='ocrx_word' id='word_1_727' title='bbox 1370 5192 1760 5246; x_wconf 56' lang='lat' dir='ltr'><strong>haereticorum</strong></span> <span class='ocrx_word' id='word_1_728' title='bbox 1812 5191 2015 5261; x_wconf 80' lang='lat' dir='ltr'><strong>argutia</strong></span> 
     </span>
    </p>
   </div>
   <div class='ocr_carea' id='block_1_76' title="bbox 2134 5174 3696 5262">
    <p class='ocr_par' dir='ltr' id='par_1_76' title="bbox 2149 5174 3696 5262">
     <span class='ocr_line' id='line_1_77' title="bbox 2149 5174 3696 5262; baseline -0.014 -20"><span class='ocrx_word' id='word_1_729' title='bbox 2149 5187 2218 5260; x_wconf 77' lang='grc' dir='ltr'>τῇ</span> <span class='ocrx_word' id='word_1_730' title='bbox 2241 5189 2456 5258; x_wconf 78' lang='grc' dir='ltr'>ποιήσει</span> <span class='ocrx_word' id='word_1_731' title='bbox 2488 5184 2582 5241; x_wconf 75' lang='grc' dir='ltr'><strong>καὶ</strong></span> <span class='ocrx_word' id='word_1_732' title='bbox 2613 5187 2791 5240; x_wconf 82' lang='grc' dir='ltr'>κτίσει</span> <span class='ocrx_word' id='word_1_733' title='bbox 2816 5185 2916 5258; x_wconf 81' lang='grc' dir='ltr'>τὴν</span> <span class='ocrx_word' id='word_1_734' title='bbox 2937 5182 3214 5255; x_wconf 75' lang='grc' dir='ltr'><strong>γέννησιν,</strong></span> <span class='ocrx_word' id='word_1_735' title='bbox 3240 5186 3330 5239; x_wconf 65' lang='grc' dir='ltr'><strong>τὸν</strong></span> <span class='ocrx_word' id='word_1_736' title='bbox 3362 5180 3491 5236; x_wconf 75' lang='grc' dir='ltr'>Υῑὺν</span> <span class='ocrx_word' id='word_1_737' title='bbox 3506 5174 3588 5229; x_wconf 80' lang='grc' dir='ltr'><strong>τὸν</strong></span> 
     </span>
    </p>
   </div>
   <div class='ocr_carea' id='block_1_77' title="bbox 454 5245 2016 5362">
    <p class='ocr_par' dir='ltr' id='par_1_77' title="bbox 454 5285 2016 5356">
     <span class='ocr_line' id='line_1_78' title="bbox 454 5285 2016 5356; baseline -0.004 -15"><span class='ocrx_word' id='word_1_738' title='bbox 454 5290 694 5346; x_wconf 84' lang='lat' dir='ltr'><strong>valeant.</strong></span> <span class='ocrx_word' id='word_1_739' title='bbox 750 5286 845 5356; x_wconf 89' lang='lat' dir='ltr'><strong>qui</strong></span> <span class='ocrx_word' id='word_1_740' title='bbox 882 5286 936 5339; x_wconf 91' lang='lat' dir='ltr'><strong>in</strong></span> <span class='ocrx_word' id='word_1_741' title='bbox 974 5285 1120 5340; x_wconf 90' lang='lat' dir='ltr'><strong>idem</strong></span> <span class='ocrx_word' id='word_1_742' title='bbox 1164 5285 1365 5352; x_wconf 81' lang='lat' dir='ltr'><strong>facere,</strong></span> <span class='ocrx_word' id='word_1_743' title='bbox 1413 5285 1684 5350; x_wconf 89' lang='lat' dir='ltr'><strong>condere,</strong></span> <span class='ocrx_word' id='word_1_744' title='bbox 1732 5292 1786 5340; x_wconf 89' lang='lat' dir='ltr'><strong>et</strong></span> <span class='ocrx_word' id='word_1_745' title='bbox 1819 5285 2016 5355; x_wconf 73' lang='lat' dir='ltr'><strong>gignen</strong></span> 
     </span>
    </p>
   </div>
   <div class='ocr_carea' id='block_1_78' title="bbox 2131 5245 3693 5362">
    <p class='ocr_par' dir='ltr' id='par_1_78' title="bbox 2153 5245 3693 5362">
     <span class='ocr_line' id='line_1_79' title="bbox 2153 5245 3693 5362; baseline -0.007 -29"><span class='ocrx_word' id='word_1_746' title='bbox 2153 5245 2235 5333; x_wconf 64' lang='grc' dir='ltr'>σὲί</span> <span class='ocrx_word' id='word_1_747' title='bbox 2276 5245 2483 5349; x_wconf 74' lang='grc' dir='ltr'>κτίσμα</span> <span class='ocrx_word' id='word_1_748' title='bbox 2527 5245 2884 5342; x_wconf 46' lang='grc' dir='ltr'>δοξάζοντες..</span> <span class='ocrx_word' id='word_1_749' title='bbox 2925 5245 3156 5347; x_wconf 59' lang='lat' dir='ltr'><strong>[inluuie</strong></span> <span class='ocrx_word' id='word_1_750' title='bbox 3202 5245 3263 5330; x_wconf 58' lang='lat' dir='ltr'><strong>de</strong></span> <span class='ocrx_word' id='word_1_751' title='bbox 3301 5274 3470 5362; x_wconf 74' lang='grc' dir='ltr'>κτίσις</span> <span class='ocrx_word' id='word_1_752' title='bbox 3496 5263 3581 5362; x_wconf 40' lang='grc' dir='ltr'><strong>καί</strong></span> <span class='ocrx_word' id='word_1_753' title='bbox 3619 5251 3693 5362; x_wconf 59' lang='grc' dir='ltr'><strong>ἐξά</strong></span> 
     </span>
    </p>
   </div>
   <div class='ocr_carea' id='block_1_79' title="bbox 450 5354 2012 5448">
    <p class='ocr_par' dir='ltr' id='par_1_79' title="bbox 450 5375 2012 5448">
     <span class='ocr_line' id='line_1_80' title="bbox 450 5375 2012 5448; baseline -0.003 -14"><span class='ocrx_word' id='word_1_754' title='bbox 450 5392 582 5434; x_wconf 77' lang='lat' dir='ltr'><strong>eum</strong></span> <span class='ocrx_word' id='word_1_755' title='bbox 623 5377 897 5448; x_wconf 83' lang='lat' dir='ltr'><strong>redigant,</strong></span> <span class='ocrx_word' id='word_1_756' title='bbox 933 5377 1237 5433; x_wconf 86' lang='lat' dir='ltr'><strong>naturalem</strong></span> <span class='ocrx_word' id='word_1_757' title='bbox 1266 5376 1361 5432; x_wconf 90' lang='lat' dir='ltr'><strong>Dei</strong></span> <span class='ocrx_word' id='word_1_758' title='bbox 1391 5375 1588 5432; x_wconf 86' lang='lat' dir='ltr'><strong>Filium</strong></span> <span class='ocrx_word' id='word_1_759' title='bbox 1615 5377 1894 5431; x_wconf 76' lang='lat' dir='ltr'><strong>conditura</strong></span> <span class='ocrx_word' id='word_1_760' title='bbox 1919 5391 2012 5431; x_wconf 91' lang='lat' dir='ltr'><strong>ess</strong></span> 
     </span>
    </p>
   </div>
   <div class='ocr_carea' id='block_1_80' title="bbox 2128 5354 3690 5448">
    <p class='ocr_par' dir='ltr' id='par_1_80' title="bbox 2157 5354 3690 5448">
     <span class='ocr_line' id='line_1_81' title="bbox 2157 5354 3690 5448; baseline -0.015 -21"><span class='ocrx_word' id='word_1_761' title='bbox 2157 5372 2577 5444; x_wconf 80' lang='grc' dir='ltr'>μεταποιήσεως·</span> <span class='ocrx_word' id='word_1_762' title='bbox 2606 5371 2830 5439; x_wconf 73' lang='grc' dir='ltr'>λέγεται</span> <span class='ocrx_word' id='word_1_763' title='bbox 2877 5370 3048 5442; x_wconf 67' lang='grc' dir='ltr'>χωρὶς</span> <span class='ocrx_word' id='word_1_764' title='bbox 3079 5370 3176 5439; x_wconf 84' lang='grc' dir='ltr'><strong>τῆς</strong></span> <span class='ocrx_word' id='word_1_765' title='bbox 3210 5366 3273 5435; x_wconf 58' lang='grc' dir='ltr'><strong>ἐξ</strong></span> <span class='ocrx_word' id='word_1_766' title='bbox 3317 5361 3492 5436; x_wconf 80' lang='grc' dir='ltr'>ἀρχῆς</span> <span class='ocrx_word' id='word_1_767' title='bbox 3527 5354 3690 5448; x_wconf 76' lang='grc' dir='ltr'>οὐσιῶ-</span> 
     </span>
    </p>
   </div>
   <div class='ocr_carea' id='block_1_81' title="bbox 455 5447 2017 5540">
    <p class='ocr_par' dir='ltr' id='par_1_81' title="bbox 455 5467 2017 5540">
     <span class='ocr_line' id='line_1_82' title="bbox 455 5467 2017 5540; baseline -0.001 -17"><span class='ocrx_word' id='word_1_768' title='bbox 455 5485 656 5540; x_wconf 81' lang='lat' dir='ltr'><strong>magna</strong></span> <span class='ocrx_word' id='word_1_769' title='bbox 691 5469 1020 5538; x_wconf 82' lang='lat' dir='ltr'><strong>gloriatione</strong></span> <span class='ocrx_word' id='word_1_770' title='bbox 1077 5479 1357 5524; x_wconf 87' lang='lat' dir='ltr'><strong>asserunt.</strong></span> <span class='ocrx_word' id='word_1_771' title='bbox 1402 5469 1538 5524; x_wconf 84' lang='lat' dir='ltr'><strong>Cum</strong></span> <span class='ocrx_word' id='word_1_772' title='bbox 1584 5483 1717 5522; x_wconf 81' lang='lat' dir='ltr'><strong>vero</strong></span> <span class='ocrx_word' id='word_1_773' title='bbox 1756 5467 1938 5522; x_wconf 89' lang='lat' dir='ltr'><strong>facere</strong></span> <span class='ocrx_word' id='word_1_774' title='bbox 1989 5483 2017 5521; x_wconf 91' lang='lat' dir='ltr'><strong>e</strong></span> 
     </span>
    </p>
   </div>
   <div class='ocr_carea' id='block_1_82' title="bbox 2127 5447 3689 5540">
    <p class='ocr_par' dir='ltr' id='par_1_82' title="bbox 2157 5447 3689 5540">
     <span class='ocr_line' id='line_1_83' title="bbox 2157 5447 3689 5540; baseline -0.012 -20"><span class='ocrx_word' id='word_1_775' title='bbox 2157 5466 2483 5532; x_wconf 65' lang='grc' dir='ltr'>σεως,κατὲ</span> <span class='ocrx_word' id='word_1_776' title='bbox 2506 5465 2567 5517; x_wconf 77' lang='grc' dir='ltr'><strong>τὸ</strong></span> <span class='ocrx_word' id='word_1_777' title='bbox 2597 5466 2654 5517; x_wconf 82' lang='grc' dir='ltr'>ὲν</span> <span class='ocrx_word' id='word_1_778' title='bbox 2678 5461 2936 5534; x_wconf 69' lang='grc' dir='ltr'>Ψαλμοίς</span> <span class='ocrx_word' id='word_1_779' title='bbox 2954 5475 2967 5490; x_wconf 90' lang='grc'><strong>·</strong></span> <span class='ocrx_word' id='word_1_780' title='bbox 3007 5480 3027 5514; x_wconf 72' lang='grc' dir='ltr'><strong>ι</strong></span> <span class='ocrx_word' id='word_1_781' title='bbox 3059 5461 3172 5515; x_wconf 72' lang='grc' dir='ltr'>Καὶ</span> <span class='ocrx_word' id='word_1_782' title='bbox 3199 5461 3326 5522; x_wconf 78' lang='grc' dir='ltr'>λαὸς</span> <span class='ocrx_word' id='word_1_783' title='bbox 3357 5461 3385 5511; x_wconf 83' lang='grc' dir='ltr'><strong><em>ὁ</em></strong></span> <span class='ocrx_word' id='word_1_784' title='bbox 3415 5447 3689 5540; x_wconf 31' lang='lat' dir='ltr'><strong>ruﬁ-95f;</strong></span> 
     </span>
    </p>
   </div>
   <div class='ocr_carea' id='block_1_83' title="bbox 454 5527 2016 5631">
    <p class='ocr_par' dir='ltr' id='par_1_83' title="bbox 454 5559 2016 5631">
     <span class='ocr_line' id='line_1_84' title="bbox 454 5559 2016 5631; baseline -0.001 -16"><span class='ocrx_word' id='word_1_785' title='bbox 454 5573 653 5616; x_wconf 85' lang='lat' dir='ltr'><strong>creare</strong></span> <span class='ocrx_word' id='word_1_786' title='bbox 684 5561 799 5615; x_wconf 87' lang='lat' dir='ltr'><strong>sive</strong></span> <span class='ocrx_word' id='word_1_787' title='bbox 829 5561 1071 5616; x_wconf 89' lang='lat' dir='ltr'><strong>condere</strong></span> <span class='ocrx_word' id='word_1_788' title='bbox 1101 5575 1209 5616; x_wconf 91' lang='lat' dir='ltr'><strong>non</strong></span> <span class='ocrx_word' id='word_1_789' title='bbox 1236 5562 1415 5617; x_wconf 90' lang='lat' dir='ltr'><strong>solum</strong></span> <span class='ocrx_word' id='word_1_790' title='bbox 1464 5561 1542 5616; x_wconf 90' lang='lat' dir='ltr'><strong>rei</strong></span> <span class='ocrx_word' id='word_1_791' title='bbox 1588 5559 1922 5631; x_wconf 80' lang='lat' dir='ltr'><strong>primitivum</strong></span> <span class='ocrx_word' id='word_1_792' title='bbox 1956 5575 2016 5614; x_wconf 89' lang='lat' dir='ltr'><strong>es</strong></span> 
     </span>
    </p>
   </div>
   <div class='ocr_carea' id='block_1_84' title="bbox 2126 5527 3688 5631">
    <p class='ocr_par' dir='ltr' id='par_1_84' title="bbox 2154 5527 3688 5627">
     <span class='ocr_line' id='line_1_85' title="bbox 2154 5527 3688 5627; baseline -0.007 -15"><span class='ocrx_word' id='word_1_793' title='bbox 2154 5527 2359 5612; x_wconf 62' lang='lat' dir='ltr'><strong>atvéest</strong></span> <span class='ocrx_word' id='word_1_794' title='bbox 2380 5557 2472 5610; x_wconf 82' lang='grc' dir='ltr'><strong>τὸν</strong></span> <span class='ocrx_word' id='word_1_795' title='bbox 2493 5558 2717 5627; x_wconf 77' lang='grc' dir='ltr'>Κύριον.</span> <span class='ocrx_word' id='word_1_796' title='bbox 2746 5573 2776 5607; x_wconf 73' lang='grc'><strong>»-</strong></span> <span class='ocrx_word' id='word_1_797' title='bbox 2803 5527 3122 5608; x_wconf 13' lang='grc' dir='ltr'>Καὶίπάλινε</span> <span class='ocrx_word' id='word_1_798' title='bbox 3156 5571 3174 5604; x_wconf 71' lang='grc' dir='ltr'><strong>ι</strong></span> <span class='ocrx_word' id='word_1_799' title='bbox 3214 5548 3452 5623; x_wconf 77' lang='grc' dir='ltr'>Καρδίαν</span> <span class='ocrx_word' id='word_1_800' title='bbox 3479 5527 3688 5602; x_wconf 61' lang='grc' dir='ltr'>καθαράν</span> 
     </span>
    </p>
   </div>
   <div class='ocr_carea' id='block_1_85' title="bbox 536 5717 2098 5833">
    <p class='ocr_par' dir='ltr' id='par_1_85' title="bbox 536 5757 2098 5833">
     <span class='ocr_line' id='line_1_86' title="bbox 536 5757 2098 5833; baseline -0.004 -14"><span class='ocrx_word' id='word_1_801' title='bbox 536 5765 590 5812; x_wconf 80' lang='grc'>.⁸³</span> <span class='ocrx_word' id='word_1_802' title='bbox 622 5765 638 5819; x_wconf 86' lang='lat' dir='ltr'><strong>l</strong></span> <span class='ocrx_word' id='word_1_803' title='bbox 673 5763 823 5820; x_wconf 82' lang='lat' dir='ltr'><strong>Petr.</strong></span> <span class='ocrx_word' id='word_1_804' title='bbox 859 5780 933 5829; x_wconf 86' lang='lat' dir='ltr'><strong>Iv,</strong></span> <span class='ocrx_word' id='word_1_805' title='bbox 977 5764 1060 5819; x_wconf 81' lang='lat' dir='ltr'><strong>l9.</strong></span> <span class='ocrx_word' id='word_1_806' title='bbox 1140 5763 1184 5797; x_wconf 68' lang='grc'><strong>⁵⁸</strong></span> <span class='ocrx_word' id='word_1_807' title='bbox 1207 5761 1406 5822; x_wconf 81' lang='lat' dir='ltr'><strong>Jerem.</strong></span> <span class='ocrx_word' id='word_1_808' title='bbox 1447 5779 1534 5833; x_wconf 83' lang='lat' dir='ltr'><strong>xv,</strong></span> <span class='ocrx_word' id='word_1_809' title='bbox 1564 5762 1644 5818; x_wconf 79' lang='lat'><strong>18.</strong></span> <span class='ocrx_word' id='word_1_810' title='bbox 1725 5761 1825 5813; x_wconf 80' lang='lat' dir='ltr'><strong>&quot;&quot;l</strong></span> <span class='ocrx_word' id='word_1_811' title='bbox 1857 5757 2014 5816; x_wconf 81' lang='lat' dir='ltr'><strong>Joan.</strong></span> <span class='ocrx_word' id='word_1_812' title='bbox 2045 5772 2098 5815; x_wconf 88' lang='lat' dir='ltr'><strong>Ill</strong></span> 
     </span>
    </p>
   </div>
   <div class='ocr_carea' id='block_1_86' title="bbox 2120 5717 3682 5833">
    <p class='ocr_par' dir='ltr' id='par_1_86' title="bbox 2120 5717 3682 5824">
     <span class='ocr_line' id='line_1_87' title="bbox 2120 5717 3682 5824; baseline -0.017 -9"><span class='ocrx_word' id='word_1_813' title='bbox 2120 5795 2129 5824; x_wconf 84' lang='grc'><strong>,</strong></span> <span class='ocrx_word' id='word_1_814' title='bbox 2169 5759 2222 5814; x_wconf 91' lang='grc'><strong>8.</strong></span> <span class='ocrx_word' id='word_1_815' title='bbox 2301 5757 2346 5790; x_wconf 75' lang='grc'><strong><em>⁸⁸</em></strong></span> <span class='ocrx_word' id='word_1_816' title='bbox 2375 5754 2552 5811; x_wconf 87' lang='lat' dir='ltr'><strong>Galat.</strong></span> <span class='ocrx_word' id='word_1_817' title='bbox 2594 5767 2669 5819; x_wconf 78' lang='lat' dir='ltr'><strong>iv,</strong></span> <span class='ocrx_word' id='word_1_818' title='bbox 2705 5751 2789 5807; x_wconf 80' lang='lat' dir='ltr'><strong>l9.</strong></span> <span class='ocrx_word' id='word_1_819' title='bbox 2885 5717 2928 5783; x_wconf 40' lang='lat'><strong>&#39;3</strong></span> <span class='ocrx_word' id='word_1_820' title='bbox 2964 5749 3122 5805; x_wconf 85' lang='lat' dir='ltr'><strong>Prov.</strong></span> <span class='ocrx_word' id='word_1_821' title='bbox 3154 5763 3217 5816; x_wconf 87' lang='lat' dir='ltr'><strong>ll,</strong></span> <span class='ocrx_word' id='word_1_822' title='bbox 3252 5741 3426 5803; x_wconf 68' lang='lat' dir='ltr'><strong>iii-lii.</strong></span> <span class='ocrx_word' id='word_1_823' title='bbox 3495 5733 3537 5770; x_wconf 84' lang='grc'><strong>⁵⁸</strong></span> <span class='ocrx_word' id='word_1_824' title='bbox 3566 5721 3682 5785; x_wconf 62' lang='grc'><strong>1³³³⁸·</strong></span> 
     </span>
    </p>
   </div>
   <div class='ocr_carea' id='block_1_87' title="bbox 474 5833 1236 5907">
    <p class='ocr_par' dir='ltr' id='par_1_87' title="bbox 474 5833 1236 5907">
     <span class='ocr_line' id='line_1_88' title="bbox 474 5833 1236 5907; baseline -0.005 -14"><span class='ocrx_word' id='word_1_825' title='bbox 474 5854 590 5907; x_wconf 81' lang='lat' dir='ltr'><strong>cxi,</strong></span> <span class='ocrx_word' id='word_1_826' title='bbox 619 5840 677 5898; x_wconf 77' lang='lat'><strong>2.</strong></span> <span class='ocrx_word' id='word_1_827' title='bbox 806 5835 849 5869; x_wconf 83' lang='lat'>&quot;</span> <span class='ocrx_word' id='word_1_828' title='bbox 876 5835 1036 5892; x_wconf 64' lang='grc' dir='ltr'>δοίη).</span> <span class='ocrx_word' id='word_1_829' title='bbox 1069 5850 1109 5898; x_wconf 83' lang='grc' dir='ltr'><strong>ι,</strong></span> <span class='ocrx_word' id='word_1_830' title='bbox 1149 5833 1236 5889; x_wconf 78' lang='grc'><strong>15.</strong></span> 
     </span>
    </p>
   </div>
  </div>
