3956 6414
292 387 409 456 95⁸7
1008 428 1010 431 -
1293 387 1846 454 COMMENTABII
1868 387 1950 452 IN
1994 384 2698 452 DEUTERONOMIUM.
3477 383 3590 446 958

285 498 488 552 κτίσον
509 494 570 550 ἓν
590 494 718 568 ἐμοὶ
759 497 788 551 ὁ
814 493 975 562 θεός.
1011 508 1030 551 i
1065 499 1180 553 Καὶ
1213 500 1382 554 πάλιν
1421 504 1452 554 δ
1502 500 1714 565 Παῦλος
1747 498 1847 572 περὶ

2025 500 2227 553 entiam
2251 498 2404 564 dare,
2427 506 2616 552 verum
2647 493 2704 549 in
2728 491 3012 548 mliorem
3037 491 3413 549 conditionem
3437 507 3587 547 com-

299 586 599 659 Ἐφεσίους
619 587 756 660 φησι
778 603 794 620 ’
823 609 843 643 ι
871 583 976 644 Τδν
996 592 1166 662 νόμον
1185 591 1294 644 τῶν
1321 591 1556 646 tuo).th
1586 593 1644 646 ὲν
1680 589 1859 660 δόγμα

2029 597 2218 644 nutare
2256 589 2554 658 signiﬁcet.
2587 585 3076 654 Quemadmodum
3105 599 3171 639 ex
3205 585 3303 639 illo
3333 581 3591 640 Psalmod

286 692 352 732 at
386 679 773 748 καταργήσας,
808 678 900 732 [va
931 680 1058 742 τοὺς
1094 677 1206 732 δύω
1232 679 1396 751 κτίσῃ
1422 679 1479 732 ἒν
1505 677 1661 751 αὐτῷ
1689 681 1769 742 εἰς
1791 678 1848 731 ἓν

2031 693 2121 735 um
2151 686 2375 735 constat
2409 696 2424 734 :
2460 695 2481 730 ε
2515 678 2585 734 Et
2613 677 2854 750 populus
2900 677 2998 746 qui
3029 676 3311 731 creabitur
3339 674 3590 731 laudabit

283 771 484 826 καινὸν
515 767 804 839 ἄνθρωπον
833 771 926 824 τὸν
948 771 1096 825 κατὰ
1117 769 1252 825 Θεὸν
1274 771 1571 826 κτισθέντα
1597 774 1657 825 ὲν
1681 771 1845 826 δικαηιι

2023 773 2293 827 Dominum
2313 771 2413 826 σθ.»
2449 769 2516 825 Ει
2537 771 2739 826 iterum
2774 786 2788 823 :
2824 785 2844 821 ι
2875 768 2984 824 Cor
3010 783 3208 839 purum
3231 781 3360 823 crea
3390 768 3446 841 in
3475 780 3585 832 me,

288 860 432 932 σύνῃ
485 860 584 914 καὶ
622 860 868 932 ὁσιότητι
917 862 1017 930 τῆς
1072 859 1359 932 ἀληθείας.
1410 879 1430 914 ι
1467 862 1578 916 Καὶ
1615 860 1850 916 Ἰσαὰκδ

2026 868 2143 922 Deus
2173 866 2240 918 εί.
2283 884 2303 918 ›
2341 864 2588 935 Denique
2619 864 2788 918 etiam
2836 862 3046 917 Paulus
3089 861 3156 915 ad
3201 855 3588 930 Ephesiosin—

285 967 430 1023 φησι
463 949 548 1023 τῷ
584 949 760 1004 Ἡσαῦ
780 968 794 982 ·
829 971 848 1004 ι
885 950 1022 1005 Ἰδοὺ
1051 952 1260 1022 Κύριον
1284 952 1448 1006 αὐτὸν
1471 953 1710 1023 ἐποίησὰ
1729 969 1846 1007 σου.

2025 957 2159 1025 juit:
2203 974 2223 1010 ‹
2270 957 2472 1028 Legem
2503 956 2892 1010 mandatorum
2930 971 3053 1025 qua:
3087 955 3141 1008 in
3175 952 3418 1008 decretis
3457 951 3587 1016 sita,

285 1046 478 1116 Εὒχῆς
510 1045 569 1100 δὲ
611 1044 764 1112 ἄξιον
800 1045 866 1098 τδ
901 1047 1360 1116 μεταποιηθῆναι,
1392 1047 1489 1099 καὶ
1527 1047 1717 1118 κτῆμα
1746 1065 1847 1119 χρη

2031 1065 2126 1105 um
2152 1050 2498 1119 abrogasset,
2522 1058 2580 1102 ut
2597 1048 2737 1103 duos
2762 1047 3025 1102 conderet
3042 1047 3100 1100 in
3120 1046 3308 1114 seipso
3334 1044 3388 1098 in
3415 1058 3589 1098 unum

288 1134 526 1206 ματίσαι
546 1134 705 1201 Θεοῦ,
737 1135 884 1188 κατὰ
916 1135 1134 1208 τὸ.παρ’
1180 1135 1407 1206 Ἡσαΐᾳ,
1444 1154 1464 1188 r
1493 1137 1667 1208 Κύριε
1695 1137 1726 1189 ὁ
1753 1137 1850 1192 Θεὸ

2023 1141 2278 1196 nominem
2327 1155 2557 1203 novum,
2590 1139 2685 1208 qui
2714 1139 2872 1208 juxta
2924 1141 3092 1192 Deum
3130 1137 3392 1191 conditus
3413 1143 3585 1200 esset,

285 1224 479 1296 ἡμῶν,
520 1226 722 1295 κτῆσαι
755 1227 926 1296 ἡμᾶς.
972 1241 992 1278 ι
1241 1265 1248 1271 .

2028 1244 2061 1285 n'
2089 1231 2306 1302 justitia
2333 1239 2387 1286 et
2414 1231 2708 1286 sanctitate
2739 1230 2986 1285 veritatis
3011 1230 3077 1289 δῖ.
3105 1247 3122 1280 ι
3155 1227 3267 1283 Nec
3297 1243 3410 1282 non
3439 1227 3590 1282 Isaac

288 1319 366 1375 ad
419 1317 565 1376 Esau
620 1321 800 1391 inquit
832 1338 848 1375 :
915 1339 935 1373 ‹
973 1318 1116 1377 Ecce
1156 1319 1453 1377 Dominum
1509 1329 1667 1378 tuum
1701 1321 1887 1393 ipsum
1924 1324 2031 1380 feci
2063 1325 2128 1382 ⁸³.
2177 1345 2197 1379 ι
2227 1322 2544 1395 Optandum
2602 1339 2733 1378 vero
2765 1331 2825 1378 ut
2859 1323 2915 1377 in
2961 1323 3160 1378 melius
3196 1331 3492 1387 mutemur,
3533 1321 3592 1378 et

289 1420 549 1468 creatura
580 1409 675 1466 Dei
702 1417 1108 1483 nuncupemur,
1124 1414 1280 1483 juxta
1312 1415 1448 1469 illud
1476 1415 1627 1484 apud
1659 1413 1894 1472 Isaiam:
1946 1433 1965 1468 ι
2002 1415 2235 1473 Domine
2264 1417 2409 1472 Deus
2443 1423 2660 1480 noster,
2695 1429 2821 1470 crea
2857 1427 2958 1470 nos
2991 1413 3060 1470 “.
3108 1433 3126 1466 ι

361 1501 738 1557 Recordamini
765 1503 970 1558 dierum
989 1505 1053 1558 ab
1077 1515 1294 1562 (eterna.
1322 1506 1568 1580 [XXXI],
1589 1507 1671 1582 7.]
1702 1510 1942 1581 Arguisti
1967 1525 2063 1567 eos
2084 1509 2519 1582 ingratitudinis,
2539 1509 2685 1579 quod
2708 1508 2847 1563 mala
2865 1508 2962 1563 tibi
2984 1523 3081 1578 pro
3098 1507 3253 1563 bonis
3273 1506 3585 1562 retulerim.

293 1583 781 1656 Quemadmodum
817 1591 989 1646 David
1014 1607 1237 1663 quoque
1267 1596 1343 1648 ait
1378 1593 1720 1668 :Redarguit
1748 1611 1845 1652 eos
1877 1597 1948 1652 ab
1973 1611 2040 1652 eo
2093 1607 2339 1668 tempore
2397 1611 2510 1668 quo
2543 1612 2641 1652 eos
2695 1609 2762 1651 ex
2796 1595 2920 1650 aliis
2978 1595 3174 1663 seiegit
3233 1596 3488 1666 gentibus
3517 1595 3586 1652 °'.

291 1676 629 1747 Perpendite
661 1679 834 1747 enim,
871 1680 1070 1751 inquit,
1107 1683 1179 1736 ab
1210 1683 1360 1736 omni
1393 1682 1680 1738 hominum
1715 1683 1826 1738 vita
1861 1685 1907 1740 si
1938 1686 2031 1741 ulli
2059 1685 2210 1757 genti
2249 1684 2570 1755 bujusmodi
2601 1684 2966 1747 obvenerunt,
3004 1698 3129 1736 nam
3162 1682 3310 1738 [ilius
3345 1683 3590 1753 appella-

291 1774 387 1821 tus
417 1775 504 1821 est
535 1765 654 1833 Dei,
688 1769 924 1838 populus
956 1768 1099 1838 ejus,
1127 1783 1260 1825 oves
1291 1784 1510 1838 pascuae
1547 1771 1670 1842 ejus
1702 1772 1770 1840 “,
1805 1787 1872 1826 an
1896 1772 2060 1844 digna
2085 1773 2179 1827 Dei
2212 1781 2518 1844 conspectu
2559 1779 2655 1827 aut
2699 1786 2834 1828 voce
2861 1770 2936 1827 sit
2963 1769 3131 1825 facta.
3170 1759 3326 1836 Quod
3369 1773 3415 1825 si
3437 1785 3574 1825 vero

285 1853 525 1924 juvenes
553 1855 922 1926 ignorantiam
959 1856 1158 1912 horum
1200 1859 1526 1927 praetexitis,
1564 1861 1666 1916 tibi
1695 1875 1917 1932 quoque
1953 1869 2109 1933 pater
2139 1876 2285 1926 sum,
2329 1877 2395 1916 ac
2419 1875 2524 1917 ceu
2582 1860 2842 1931 princeps
2891 1857 3180 1930 prophetia
3216 1864 3270 1913 te
3322 1857 3586 1928 dignatus

290 1955 440 2008 sum,
481 1941 574 2012 qui
611 1943 884 1998 mediator
912 1958 1037 1998 sum
1067 1945 1234 2000 vestri
1267 1953 1324 2000 et
1361 1945 1476 2001 Dei.
1512 1947 1620 2014 Qui
1675 1950 1959 2020 cognitum
2019 1952 2299 2021 quomodo
2337 1952 2444 2006 hoc
2492 1951 2818 2006 universum
2873 1949 3234 2003 constitutum
3274 1946 3346 2001 sit
3377 1945 3580 2001 habeo.

287 2027 469 2097 Quam
502 2045 670 2086 verax
707 2045 838 2086 vero
879 2031 1057 2099 ipsius
1093 2031 1168 2088 sit
1196 2033 1445 2104 cognitio
1471 2035 1650 2105 signis
1681 2038 1904 2094 abunde
1956 2039 2298 2096 declaratum
2349 2049 2452 2096 est.
2489 2039 2892 2111 Saepenumero
2918 2052 3051 2092 vero
3087 2035 3407 2105 cum'longe
3458 2045 3587 2091 ante

286 2118 664 2188 praedixisset,
697 2119 853 2187 signa
883 2134 954 2174 ne
988 2120 1163 2174 latum
1196 2120 1422 2190 quidem
1446 2124 1692 2178 culmum
1725 2139 1754 2178 a
1783 2128 2100 2183 certissimo
2117 2143 2300 2184 rerum
2323 2137 2525 2184 eventu
2567 2127 2971 2182 discesserunt.
3003 2123 3336 2178 Percontare
3369 2123 3566 2192 igitur,

283 2213 348 2260 et
381 2219 711 2275 cognosces.
741 2205 915 2278 Cujus
947 2207 1026 2262 rei
1057 2208 1308 2264 seniores
1341 2224 1565 2282 quoque
1595 2211 1786 2268 divino
1819 2214 1968 2285 pleni
1993 2216 2198 2287 spiritu
2223 2223 2392 2272 testes
2414 2214 2638 2272 adsunt.
2668 2214 2934 2284 Deinceps
2971 2212 3248 2283 quomodo
3289 2209 3482 2267 lsraeli
3508 2209 3580 2264 ab

283 2294 454 2352 initio
478 2297 671 2368 primae
695 2296 810 2353 sint
841 2296 1037 2353 delata:
1066 2298 1384 2354 subintulit.
2506 2321 2536 2346 ο

361 2408 498 2464 Ὅτε
529 2405 851 2480 διεμέριζεν
881 2413 913 2466 ό
948 2411 1239 2481 Ὕψιστος
1272 2411 1444 2482 ἔθνη.
1478 2417 1494 2436 ‘
1533 2413 1608 2488 (4)
1646 2415 1712 2470 Ἡ
1742 2416 1885 2489 ἀρχὴ
1920 2403 1923 2455 Ῐ

2089 2420 2199 2475 ἶιιηι
2238 2421 2502 2476 divisisset
2531 2417 2825 2474 altissimas
2847 2423 3046 2488 gentes.
3208 2415 3426 2471 Initium
3452 2429 3586 2487 gen-
3637 2480 3651 2488 ρ

282 2497 384 2556 τοῦ
418 2501 694 2573 μερισμοῦ
722 2501 832 2557 τῶν
861 2503 1034 2557 ἐθνῶν
1071 2505 1166 2558 ἐπὶ
1213 2507 1278 2576 τῇ
1301 2503 1572 2578 διασπορᾷ
1614 2507 1724 2560 τῶν
1752 2509 1844 2560 υἱᾶ

2020 2515 2128 2569 ium
2160 2514 2450 2571 divisionis
2488 2514 2542 2569 in
2601 2512 2951 2582 dispersione
3001 2511 3239 2565 liliorum
3285 2509 3458 2563 Adam
3495 2507 3582 2562 fa-

296 2592 474 2662 Ἀδὰμ
504 2594 951 2665 γενομένη-κατὰ
989 2595 1226 2669 ἀριθμὸν
1272 2597 1525 2666 ἀγγέλων
1578 2598 1714 2652 Θεοῦ
1746 2600 1853 2672 πρό

2018 2615 2164 2671 :tum,
2199 2607 2356 2676 juxta
2380 2621 2675 2661 numerum
2715 2606 3036 2674 angelorum
3063 2601 3180 2659 Dei.
3218 2602 3580 2658 Occasionem

280 2703 455 2755 φασιν
512 2685 810 2757 ἐσχηκέναι
861 2687 1011 2741 δοκεῖ
1045 2688 1145 2759 τὴν
1178 2689 1271 2742 ἐπὶ
1299 2689 1394 2743 τοῦ
1434 2692 1647 2762 πύργου
1674 2692 1842 2746 οίκοδι

2028 2699 2042 2752 i
2075 2697 2379 2768 praebuisse
2411 2699 2724 2767 linguarum
2757 2712 2881 2765 qua:
2905 2695 2958 2749 in
2997 2694 3170 2749 turris
3199 2693 3580 2749 exstruetione

282 2779 398 2851 μήν
436 2779 512 2848 (5)
537 2795 552 2811 ·
574 2781 658 2833 ὅτι
685 2781 782 2834 καὶ⁵
806 2783 834 2834 ό
856 2780 1159 2850 κατάλογος
1191 2782 1299 2835 τῶν
1336 2783 1469 2837 υἱῶν
1509 2786 1602 2838 καὶ
1643 2785 1844 2854 ὲγγόνιι

2023 2789 2189 2843 ccidit
2221 2788 2572 2850 confusione,
2631 2787 2870 2842 videtur.
2929 2786 3200 2853 Quoniam
3241 2787 3585 2840 enumeratio

279 2870 382 2924 τοῦ
415 2869 543 2925 Νῶε
577 2871 966 2942 ἐϐδομήκοντα
1003 2869 1073 2946 ἦν
1093 2874 1187 2927 τὸν
1211 2875 1469 2946 ἀριθμόν.
1521 2875 1689 2930 Ἀλλὰ
1711 2879 1806 2931 καὶ
1837 2900 1841 2924 ι

2027 2876 2248 2940 liorum,
2307 2886 2360 2930 et
2393 2884 2652 2945 nepotum
2686 2883 2742 2932 et
2773 2884 2994 2946 neptum
3030 2874 3144 2929 Noe
3169 2890 3280 2930 non
3314 2875 3472 2945 longe
3501 2883 3587 2930 est

280 2961 395 3015 υἱοὶ
434 2962 631 3016 Ἰακὼϐ
659 2964 709 3016 οἱ
731 2963 1070 3028 εἰσελθόντες
1098 2966 1180 3030 είς
1219 2966 1521 3033 Αἴγυπτον,
1551 2967 1629 3029 ὡς
1679 2968 1842 3038 γεγρα

2025 2967 2286 3037 escripta.
2321 2965 2454 3032 Quae
2473 2967 2862 3036 complectitur
2893 2966 3146 3021 instituta
3169 2964 3414 3036 gentium
3445 2981 3587 3035 qna-

283 3070 422 3109 πται
451 3056 510 3108 ὲν
544 3055 624 3127 τῷ
653 3056 1098 3129 Δευτερονομίῳ·
1135 3075 1155 3108 ι
1193 3059 1254 3110 ὲν
1282 3057 1658 3130 ἐϐδομήκοντα
1687 3056 1845 3130 eum

2023 3071 2114 3112 um
2152 3057 2510 3127 septuaginta
2555 3058 2836 3112 exsistunt
2883 3071 3139 3112 numero.
3175 3056 3246 3111 At
3290 3057 3456 3111 etiam
3489 3052 3585 3108 Ja-

283 3148 606 3220 κατέϐησαν
640 3151 690 3202 οἱ
735 3151 975 3220 πατέρες
1007 3150 1164 3223 ὑμῶν
1207 3152 1292 3215 είς
1334 3153 1634 3221 Αἴγυπτον.
1678 3171 1697 3205 ›
1729 3152 1845 3208 Οὔτε

2033 3149 2121 3204 obi
2168 3149 2268 3204 ﬁlii
2323 3158 2377 3204 et
2409 3157 2641 3219 nepotes
2671 3148 2722 3202 in
2761 3163 3055 3203 numerum
3101 3148 3588 3219 septuagenarium

281 3238 344 3292 δὲ
377 3241 470 3293 καὶ
493 3241 542 3293 οἱ
573 3239 754 3294 λοιποὶ
783 3241 1153 3298 ὲκδεδώκασιν
1181 3244 1541 3316 ἐρμηνευταὶ,
1569 3245 1714 3299 κατὰ.
1735 3242 1843 3318 ἀρε(

2017 3243 2444 3306 :oncludu‘ntur,
2510 3241 2604 3311 qui
2681 3241 2737 3296 in
2794 3239 3098 3314 Egyptuur
3153 3241 3579 3298 descenderunt.

287 3331 391 3403 μὸν
413 3333 548 3386 υἱῶν
593 3333 832 3404 Ἰσραήλ.

2011 3333 2474 3401 Quemadmodum
2519 3336 2574 3389 in
2621 3335 2878 3404 praesenti
2941 3334 3082 3389 libro
3122 3336 3393 3404 scriptum
3441 3342 3573 3390 est:

291 3438 314 3474 ι
351 3421 711 3491 Septuaginta
757 3419 961 3479 animis
1021 3423 1434 3481 descenderunt
1479 3434 1664 3498 patres
1717 3425 1888 3483 vestri
1930 3425 1989 3480 in
2025 3423 2321 3497 Egyptum
2364 3423 2430 3484 η.
2484 3444 2503 3478 ι
2551 3424 2624 3480 Ita
2671 3441 2806 3482 vero
2872 3437 2929 3483 et
2980 3426 3178 3498 reliqui
3243 3425 3576 3497 interpretes

284 3511 650 3568 reddiderant
691 3531 706 3568 :
743 3512 894 3576 iuxta
922 3529 1199 3568 numerum
1236 3515 1476 3586 ﬁliorum
1503 3516 1703 3571 Israel.

371 3605 537 3659 Ἀλλὰ
567 3605 686 3669 πῶς
704 3605 928 3677 Ἰσραὴλ
953 3607 1184 3677 γέγονεν
1210 3610 1414 3682 ἐκλογή
1435 3629 1449 3678 ;
1469 3610 1789 3683 ἈπὸἈδὰμ
1812 3612 1893 3674 εἰς

2071 3605 2142 3658 At
2173 3602 2455 3674 quomodo
2485 3602 2586 3657 fuit
2611 3601 2831 3658 lsraelis
2855 3602 3087 3658 electio?
3104 3602 3188 3658 Ab
3213 3602 3388 3657 Adam
3412 3615 3591 3674 usque

287 3697 419 3754 Νῶε
447 3698 540 3752 τὸν
592 3700 690 3752 ἀπ’
740 3699 909 3754 αὑτοῦ
963 3699 1212 3766 δέκατον,
1251 3701 1390 3757 ὲτῶν
1448 3702 1618 3758 ὄντων
1647 3704 1795 3775 ἀμφὶ
1824 3721 1849 3758 τ

2030 3695 2072 3750 .d
2105 3694 2220 3750 Noe
2253 3695 2323 3750 ab
2368 3709 2436 3750 eo
2491 3695 2788 3759 decimum,
2844 3695 3003 3765 annis
3037 3694 3264 3750 circiter
3310 3694 3396 3751 bis
3442 3697 3592 3751 mille

290 3789 440 3861 ιβμβν
471 3791 648 3853 οὐδεὶς
680 3791 818 3862 πρὸς
849 3791 1111 3847 πολύθεον
1146 3789 1362 3864 πλάνην
1408 3793 1709 3858 ἀποκλίνας
1746 3795 1852 3849 istd

2029 3788 2368 3860 luadraginta
2407 3787 2662 3853 duobus,
2707 3787 2800 3858 qui
2853 3801 3010 3842 error
3039 3785 3182 3841 LXX
3225 3787 3591 3859 interpretum

293 3895 495 3955 ρηται·
528 3882 646 3936 ἀλλ’
681 3883 767 3953 ἐφ’
813 3883 1026 3954 ἑτέροις
1069 3884 1352 3940 ἀπώλοντο
1390 3885 1855 3957 πλημμελήμασιη

2035 3889 2106 3945 st,
2139 3881 2327 3934 nullus
2353 3881 2407 3932 in
2441 3880 2753 3948 spatiOsum
2784 3880 2892 3934 iter
2915 3877 3207 3934 deﬂexisse
3228 3881 3461 3935 historia
3485 3881 3593 3935 l'er-

291 3974 680 4045 ὲπενεχθέντος
737 3975 1154 4048 κατακλυσμοῦ.
1200 3975 1323 4032 Τῶν
1376 3977 1434 4032 δὲ
1483 3979 1592 4032 ἀπὸ
1639 3980 1734 4033 τοῦ
1765 3981 1853 4033 Νῶ

2027 3987 2110 4035 nr,
2147 3988 2339 4046 verum
2375 3972 2445 4027 ob
2481 3973 2586 4026 alia
2637 3981 2800 4042 atque
2827 3972 2935 4026 alia
2970 3972 3171 4027 delicta
3218 3973 3424 4028 diluvio
3467 3974 3589 4028 illa-

293 4065 580 4137 πανταχοῦ
611 4064 1018 4121 σκεδασθέντων
1047 4071 1126 4132 εἰς
1159 4068 1227 4124 τὰ
1253 4069 1392 4141 πρὸς
1419 4069 1504 4140 ἠῶ
1538 4070 1705 4142 μέρη,
1734 4071 1855 4124 ἑννα

2035 4084 2055 4122 )
2088 4067 2394 4138 perierunt.
2411 4066 2649 4122 Posteris
2665 4081 2794 4121 vero
2811 4065 2925 4121 Noe
2951 4066 3004 4120 in
3030 4065 3244 4135 plagam
3267 4067 3597 4122 orientalem

294 4156 498 4211 κοσίων
545 4154 1074 4228 τεσσαρακονταδύω
1133 4159 1550 4230 παρῳχηκότων
1599 4159 1856 4214 ἐνιαυτῶν

2039 4157 2271 4228 isjeetis,
2303 4157 2580 4226 annisque
2617 4155 2920 4226 nonaginta
2957 4169 3024 4210 ac
3059 4154 3425 4225 quadraginta
3455 4153 3595 4209 duo-

294 4249 515 4322 πρῶτος
547 4251 646 4320 τῆς
689 4248 994 4323 Ἀσσυρίων
1020 4250 1379 4321 βεϐασίλευκε
1434 4253 1537 4324 γῆς
1591 4251 1856 4324 Ἄρϐηλος

2035 4268 2106 4308 ιυε
2135 4251 2368 4317 exactis,
2401 4250 2616 4321 primus
2642 4258 2804 4304 terrae
2831 4247 3146 4320 Assyriacae
3170 4262 3399 4318 regnum
3421 4245 3597 4302 Arbe-

293 4341 440 4413 ἀνὴρ
467 4341 706 4409 ἀλαζὼν,
739 4342 834 4396 καὶ
864 4342 1000 4396 Θεοῦ
1027 4342 1246 4415 πρῶτος
1270 4343 1442 4415 ὄνομα
1474 4345 1624 4416 παρὰ
1655 4345 1764 4402 τῶν
1792 4348 1855 4400 ὑπ

2049 4358 2092 4399 lS
2115 4343 2318 4406 tenuit,
2352 4343 2440 4396 vir
2475 4355 2767 4410 arrogans,
2799 4339 3005 4410 quique
3030 4338 3129 4395 Dei
3150 4354 3350 4394 nomen
3386 4339 3611 4408 primus--

295 4436 461 4505 χεῖρα
501 4433 704 4488 λαϐὼν.
746 4429 819 4506 ᾮ
848 4435 946 4487 καὶ
991 4431 1455 4506 προσκυνοῦντες,
1496 4437 1687 4500 θυσίας
1719 4454 1857 4509 προσ

2057 4435 2297 4492 subditis
2323 4434 2562 4505 accepit,
2587 4447 2751 4503 quem
2800 4432 3196 4495 adoraverunt,
3219 4432 3419 4500 cuique
3439 4429 3619 4484 viclio'

298 4529 517 4598 ἔφερον.
552 4525 645 4592 Ἐξ
695 4514 758 4581 οῦ
814 4529 979 4591 Νῖνος
1009 4521 1070 4582 οὗ
1102 4527 1331 4595 Νινύας.
1377 4522 1450 4601 ⁴ᾯ
1499 4529 1704 4601 Νινευὴ
1736 4531 1860 4584 πόλι

2037 4542 2130 4584 nas
2162 4527 2498 4584 obtulerunt.
2538 4527 2612 4579 Ex
2635 4540 2744 4595 quo
2785 4524 2982 4590 Ninus,
3015 4539 3113 4580 seu
3143 4522 3348 4593 Ninyas
3369 4563 3385 4587 ,
3418 4523 3599 4576 nasci-

299 4619 710 4690 ἐπωνόμασται.
748 4621 852 4674 Ἦν
869 4621 1106 4693 ἁρῥαγεϊ
1125 4621 1401 4693 περιϐόλῳ
1426 4621 1695 4693 τετείχικε
1725 4622 1861 4695 Σεμί

2058 4634 2122 4685 tr,
2137 4618 2297 4687 cujus
2312 4617 2493 4673 simile
2507 4617 2640 4671 urbs
2660 4611 2851 4669 Ninive
2869 4627 3067 4668 nomen
3090 4621 3174 4666 est
3189 4613 3405 4682 adepta,
3429 4627 3620 4680 quam.-

301 4712 516 4782 ραμιςή
549 4710 740 4763 τούτου
769 4710 1074 4781 γυνὴ.Ἐπὶ
1103 4710 1160 4763 δὲ
1184 4711 1351 4765 Νίνου
1370 4712 1598 4782 γέγονεν
1613 4711 1863 4785 Ἀϐραὰμ

2057 4710 2246 4766 ιίτιιοιο
2281 4709 2492 4765 ambitu
2515 4707 2844 4763 Semiramis
2869 4720 3008 4762 uxor
3033 4706 3155 4775 ejus
3177 4704 3435 4760 munivit.
3464 4702 3619 4758 Post:

297 4803 438 4874 ἀνὴρ
467 4802 709 4872 ἀγαθὸς,
759 4804 855 4857 καῖ¹
898 4804 1009 4858 τῶν
1053 4804 1362 4874 Ἀσσυρίων
1405 4805 1507 4875 τὴν
1557 4806 1746 4876 κοινὴν
1775 4806 1859 4859 ἁσε

2100 4820 2205 4860 tum
2236 4816 2368 4859 vero
2423 4803 2630 4857 Abram
2679 4798 2804 4866 fuit,
2844 4801 2931 4854 vir
2965 4799 3148 4854 bonus
3184 4798 3397 4869 quique
3428 4797 3662 4867 Αεεγπνρ

300 4894 457 4948 ϐειαν
487 4894 930 4966 βδελυττόμενος.
973 4893 1140 4949 Ὅθεν
1173 4898 1238 4949 ὲκ
1265 4895 1435 4966 μέσου
1471 4895 1678 4950 τούτων
1709 4896 1862 4968 ἡρπά

2076 4910 2216 4950 trum
2253 4908 2452 4949 vanam
2508 4893 2849 4961 impietatem
2903 4899 2992 4945 est
3036 4890 3412 4944 abominatus.
3445 4887 3638 4953 Qum--

299 4980 446 5048 ζετο,
470 4982 605 5037 Θεοῦ
636 4983 774 5055 πρὸς
805 4983 1001 5039 ἑαυτὸν
1032 4985 1425 5056 ὀδηγὴσαντος,
1458 4986 1556 5056 καὶ
1589 4985 1861 5059 ἐκλεξαμέ

2113 4994 2235 5058 pter
2264 4999 2296 5042 e
2331 4983 2512 5042 medio
2539 4983 2741 5040 horum
2767 4998 2798 5037 a
2831 4983 2940 5039 Deo
2968 4992 3164 5052 raptus
3208 4991 3320 5041 est.
3347 4981 3441 5050 qui
3471 4992 3638 5035 cuius
3662 4984 3675 5000 ‘

299 5089 400 5130 νου
425 5075 552 5139 τοὺς
582 5074 642 5140 ἐξ
669 5074 838 5130 αὑτοῦ
877 5076 1000 5148 μετ’
1030 5077 1216 5134 αὐτόν.

2004 5081 2072 5136 ad
2113 5094 2174 5136 se
2208 5079 2464 5144 adduxit,
2497 5085 2868 5148 posterosque
2898 5075 3030 5146 ejus
3051 5075 3161 5130 sibi
3192 5074 3386 5144 elegit-

397 5227 445 5263 “
477 5229 626 5306 Psal.
657 5245 732 5298 Cl,
763 5231 852 5289 19.
947 5230 990 5265 θ’
1031 5231 1178 5306 Psal.
1212 5248 1264 5306 ι..
1299 5234 1391 5306 10.
1493 5233 1538 5267 ⁸·
1579 5233 1784 5306 Ephes.
1829 5250 1891 5302 ιι,
1921 5235 1959 5289 l.

2112 5234 2158 5268 ⁸³
2192 5233 2338 5306 Gen.
2366 5249 2541 5303 xxvn,
2569 5232 2658 5290 57..
2773 5232 2819 5264 “
2853 5228 2958 5286 lsa.
2993 5245 3144 5295 xxvr,
3188 5229 3277 5283 15.
3376 5227 3420 5260 ⁸⁵
3449 5225 3613 5286 Psal.‘

299 5314 509 5368 Lxxvn,
553 5304 578 5358 1
617 5317 1029 5375 seqq.;cx1.vn,
1054 5304 1146 5360 20.
1221 5304 1268 5337 °°
1298 5303 1448 5362 Psal.
1488 5303 1720 5373 Lxxv’in,
1753 5307 1842 5362 15.
1919 5307 1963 5338 ⁸⁷
1996 5305 2160 5361 Dent.
2190 5321 2244 5373 κ,
2281 5305 2374 5361 22.

1880 5393 2115 5454 NOTAE.

375 5486 623 5562 (θρωπε
650 5487 918 5562 asterisco
948 5496 1216 5545 notantur
1253 5489 1512 5562 anonymi
1545 5495 1676 5545 sunt
1709 5489 1763 5544 in
1794 5485 1905 5543 Ca-

2037 5483 2338 5562 laxt'oﬁxa}
2366 5486 2416 5562 οἱ
2441 5483 2550 5562 uio}.
2573 5480 3168 5562 uitiw‘cuvdyovrarelg
3189 5479 3306 5562 ’τὸν
3359 5477 3599 5562 ὲϐδομῄ-

306 5550 448 5628 ιθιίιί
467 5550 770 5628 Lipsiensi.
852 5627 870 5628 η
1404 5550 1422 5562 ’

2043 5575 2173 5612 οντα
2206 5556 2467 5628 ἀριθμὸν,
2492 5555 2540 5607 οἱ
2567 5551 2993 5628 καταϐαίνοντες
3027 5552 3114 5628 είς
3137 5550 3435 5628 Αἴγυπτον,
3460 5550 3605 5628 καθα

378 5626 459 5700 (5)
497 5619 768 5700 Οῖκοδομῇ
804 5627 914 5682 τῶν
946 5628 1249 5700 διαλέκτων
1285 5629 1553 5700 σύγχυσιν
1574 5644 1588 5658 ·
1617 5630 1702 5700 ,ὅτι
1731 5629 1906 5684 καὶού
2008 5631 2069 5700 εν
2102 5619 2516 5700 Δευτερονομίῳ
2539 5622 2854 5700 γέγραπται⁹
2881 5637 2896 5650 ·
3024 5622 3214 5700 εϐδομ.
3253 5637 3341 5674 κτ.
3373 5623 3434 5700 ᾖν
3483 5619 3601 5700 σελὶ.

311 5687 533 5771 μα’κρὰν
559 5687 913 5771 ῥκαυξόίλογος
942 5687 1502 5771 ᾁναγέγραπταίίέῶν
1534 5699 1671 5771 υἱῶν
1693 5699 1789 5754 καὶ
1819 5701 1910 5769 ὲγ-
2007 5699 2136 5771 867.
2176 5687 2337 5771 τοῦτο
2375 5687 2502 5771 τόμζ
2534 5687 2734 5771 ﬁes};
2766 5692 2893 5771 τοῦς
2934 5691 3078 5746 Ψαλ.
3115 5687 3258 5763 σειρ.
3299 5687 3398 5744 καὶ
3447 5690 3599 5747 παρὰ

307 5761 484 5840 vove-iv
505 5769 601 5844 τοῦ
630 5769 780 5844 Νῶε.
800 5761 1243 5844 *περιέχων-τοὺς
1272 5771 1470 5844 λόγους
1494 5771 1604 5844 τῶν
1623 5769 1794 5844 ᾂθνῶν
2014 5770 2258 5844 Προκοπ.
2299 5770 2356 5822 ἐν
2389 5761 2469 5836 τῷ
2501 5761 2603 5838 τῆς
2624 5764 2760 5832 Adv.
2781 5761 2911 5816 κώδ.

308 5839 418 5897 των
474 5840 563 5895 τὸν
620 5839 856 5913 ἀριθμὸν
894 5839 1313 5912 Ἑϐδομήκοντα.
1366 5841 1527 5898 Ἀλλὰ
1561 5843 1653 5897 καὶ
1701 5844 1752 5897 οι
1799 5842 1911 5896 υἱοὶ
