3956 6396
448 345 564 413 959
1796 352 2152 418 raocoru
2188 355 2433 419 eum
3000 338 3013 345 '
3596 360 3684 419 9w

518 457 663 525 Quid
694 466 876 515 autem
909 459 1016 515 sibi
1043 459 1196 531 iuxta
1243 473 1538 515 numerum
1574 459 1893 530 angelorum
1934 459 2028 516 Dei

2203 462 2269 516 Τί
2301 457 2395 517 οὗν
2426 461 2507 543 το,
2541 461 2686 516 κατὰ
2714 460 3235 543 ἀριθμὸν-ἀγγέλων
3265 462 3427 519 Θεοῦ·
3456 468 3557 534 Τὰς
3581 490 3678 530 vos-

447 551 609 605 vult?
641 547 893 606 Virtutes
937 550 1257 620 spirituales
1302 559 1497 621 gentes
1552 559 1841 619 protegere
1888 550 2033 608 Deus

2146 554 2243 627 ρὰς
2289 534 2549 625 δυνάμεις
2595 538 2993 626 ὑπερασπίζειν
3049 554 3306 610 ἐκέλευσε
3346 555 3452 613 τῶν
3482 562 3682 624 tam”

446 640 641 710 jussit,
673 640 852 711 adque
876 640 960 695 sui
991 641 1200 695 cultum
1237 639 1542 703 adducere.
1565 655 1631 695 ac
1664 655 1762 711 per
1784 640 1883 697 bas
1908 655 2034 711 qua!

2146 644 2297 712 Θεὸς,
2332 647 2427 700 καὶ
2466 648 2549 710 είς
2595 644 2857 719 λατρείαν
2910 644 3180 717 ὀδηγῆσαι
3214 645 3313 716 τὴν
3362 649 3564 718 ἐαυτοῦ,
3608 660 3683 713 καὶ

451 732 519 788 ad
551 733 784 789 salutem
822 732 1031 788 ducunt
1055 731 1349 788 utilitatem
1377 747 1571 789 earum
1601 747 1873 789 summam
1902 747 2036 804 pro-

2146 735 2371 800 ταύταις
2397 736 2665 806 ὠφέλειαν
2688 735 2968 809 προξενῶν
2990 735 3088 810 τὴν
3111 738 3377 812 μεγίστην
3401 743 3683 816 ὁδηγούσαις

450 832 631 880 curat.

2146 829 2225 891 εἰς
2251 828 2552 897 σωτηρίαν.

523 936 543 970 ι
572 916 768 973 Castra
795 916 941 972 enim
972 924 1140 981 tenet.
1172 918 1375 987 inquit,
1404 917 1633 988 angelus
1662 917 1878 972 Domini
1906 917 2057 971 circa
2082 918 2343 975 timentes
2375 921 2571 990 ipsius,
2608 920 2892 990 et.eripiet
2941 935 3038 975 eos
3065 922 3131 976 “.
3164 940 3184 975 ι
3235 921 3311 979 De
3353 925 3553 981 sanctis
3579 927 3685 984 item

452 1004 633 1076 inquit
661 1023 674 1059 :
718 1025 736 1057 ι
772 1009 1049 1072 Quoniam
1078 1007 1290 1077 angelis
1320 1007 1437 1062 suis
1469 1007 1537 1062 de
1566 1016 1619 1062 te
1651 1006 1958 1069 mandabit,
1999 1013 2059 1059 ut
2088 1013 2141 1061 te
2164 1006 2218 1061 in
2265 1008 2526 1063 omnibus
2572 1007 2849 1062 institutis
2888 1008 3000 1086 tuis
3041 1016 3307 1063 tueantur
3330 1009 3396 1064 “.
3446 1029 3463 1063 ι
3492 1010 3685 1072 Necnon

444 1093 655 1151 Paulus
676 1095 844 1151 etiam
880 1095 1060 1165 inquit
1093 1113 1107 1151 :
1142 1115 1161 1148 ι
1197 1097 1394 1152 Annon
1428 1112 1626 1151 omnes
1672 1106 1801 1151 sunt
1845 1096 2222 1150 ministrantes
2265 1093 2431 1166 465
2485 1094 2741 1165 spiritus,
2781 1094 2875 1164 qui
2932 1095 2987 1149 in
3026 1097 3316 1151 servitium
3377 1098 3686 1169 ablegantur,

448 1196 677 1255 propter
710 1200 811 1240 eos
846 1186 1049 1255 quibus
1075 1186 1228 1241 salus
1257 1186 1610 1240 haereditario
1642 1187 1945 1239 obventura
1972 1194 2057 1238 est
2089 1182 2159 1237 ⁷⁸.
2191 1202 2211 1235 ι
2248 1183 2494 1253 Denique
2521 1199 2653 1238 vero
2683 1182 2948 1237 Servator
2977 1183 3170 1253 inquit
3214 1203 3229 1239 :
3264 1203 3283 1237 ι
3319 1183 3572 1241 Videbitis
3596 1204 3689 1246 ctu-

444 1272 531 1327 los
557 1271 893 1342 patefactos.
929 1276 1266 1345 angelosque
1298 1273 1393 1329 Dei
1428 1273 1730 1329 ascendere
1770 1282 1825 1326 et
1855 1270 2190 1326 descendere
2224 1284 2389 1338 super
2421 1268 2564 1324 Filio
2587 1269 2828 1325 hominis
2858 1269 2928 1326 ".
2963 1287 2985 1323 ι
3024 1269 3100 1324 De
3121 1270 3328 1340 quibus
3358 1272 3603 1341 scriptum
3620 1283 3691 1331 est

449 1360 595 1429 quod
640 1358 809 1414 Deum
849 1360 1140 1415 nobiscqu
1172 1361 1456 1416 celebrent
1489 1378 1503 1413 :
1539 1380 1558 1413 ε
1595 1360 1885 1415 Celebrate
1917 1358 2230 1424 Dominum,
2262 1372 2457 1413 omnes
2492 1358 2730 1413 virtutes
2758 1357 2904 1427 ejus,
2959 1357 3203 1414 ministri
3250 1358 3396 1428 ejus,
3431 1361 3522 1429 qui
3558 1360 3687 1429 iussa

447 1449 569 1517 ejus
590 1448 959 1517 exsequimini
990 1450 1060 1505 τ’.
1106 1467 1125 1501 ι
1161 1449 1317 1515 Quod
1351 1465 1483 1505 vero
1514 1449 1625 1504 Deo
1657 1450 1823 1502 etiam
1851 1445 2212 1500 reverentiam
2236 1443 2434 1500 olferre
2449 1445 2706 1507 doceant,
2741 1455 3070 1516 argumento
3100 1445 3334 1516 angelus
3363 1446 3454 1517 qui
3474 1445 3689 1504 Gedeoni

327 1572 333 1577 ~
447 1535 782 1605 comparuit,
815 1545 921 1590 est.
954 1534 1064 1605 Ipsi
1107 1537 1254 1591 enim
1284 1537 1562 1593 victimam
1595 1534 1793 1591 oﬂ‘erre
1825 1532 2067 1604 gestivit.
2100 1533 2168 1586 At
2200 1533 2326 1587 ille:
2372 1552 2393 1587 ι
2434 1533 2607 1603 Cape,
2650 1533 2857 1604 inquit,
2898 1548 3098 1589 carnes
3128 1542 3185 1591 et
3209 1548 3430 1606 azyma,
3462 1544 3513 1590 et
3549 1552 3688 1605 super

450 1632 606 1692 petra
639 1622 732 1677 illa
769 1624 962 1693 ponito
998 1624 1062 1701 ".
1106 1644 1123 1677 ι
1159 1623 1322 1679 Petra
1353 1640 1483 1680 vero
1510 1624 1597 1679 illa
1622 1624 1880 1679 Christus
1916 1627 2055 1684 erat,
2089 1618 2239 1675 dicit.
2267 1619 2475 1677 Paulus
2526 1622 2594 1685 ",
2642 1632 2867 1693 propter
2898 1622 3097 1677 divinae
3169 1633 3377 1678 natura:
3412 1622 3688 1680 ﬁrmitatem

447 1711 1023 1783 itmnobilitatemque.
1054 1712 1233 1769 Simili
1260 1728 1483 1784 quoque
1515 1712 1680 1767 modo
1708 1710 1938 1780 angelus
1968 1707 2064 1778 qui
2096 1705 2291 1764 Manoe
2329 1710 2378 1765 ei
2416 1708 2738 1766 sacriﬁcare
2775 1710 2984 1764 volenti
3029 1711 3345 1781 comparuit
3392 1712 3563 1766 dixit:
3598 1731 3614 1765 ι
3644 1711 3691 1769 Si

450 1798 652 1854 feceris
685 1799 1093 1861 holocaustum,
1133 1799 1241 1856 Deo
1273 1801 1405 1854 illud
1432 1799 1630 1856 oli‘eres
1659 1800 1761 1853 ⁷⁸.»
1792 1797 1947 1865 Quod
1980 1809 2113 1849 sane
2144 1795 2260 1865 ipse
2286 1813 2508 1867 quoque
2543 1813 2717 1867 super
2747 1809 2899 1865 petra
2937 1797 3180 1852 Domino
3212 1799 3283 1852 ob
3300 1798 3444 1852 tulit.

520 1886 592 1941 Et
611 1887 715 1956 fuit
736 1904 861 1959 pars
882 1887 1095 1942 Domini
1107 1888 1331 1959 populus
1350 1889 1465 1960 ejus
1495 1886 1683 1944 Iacob.
1706 1887 1947 1962 [XXXIL
1967 1886 2037 1959 9.]

2220 1886 2331 1941 Καὶ
2355 1885 2612 1956 ἐγενήθη
2631 1884 2801 1954 μερὶς
2827 1885 3049 1953 Κυρίου
3088 1884 3243 1949 λαὸς
3279 1885 3464 1939 αὐτοῦ
3509 1884 3689 1940 Ἰακώϐ.

443 1979 585 2036 Pars
615 1981 796 2048 aliqua
829 1981 937 2036 Deo
978 1980 1142 2047 cedit,
1171 1997 1291 2051 qua:
1315 1981 1582 2037 electione
1604 1983 1778 2052 ipsam
1816 1981 2038 2051 dignam

442 2070 630 2126 cilicii.
657 2072 735 2127 Ac
767 2080 1053 2142 propterea
1076 2089 1200 2127 cum
1229 2072 1429 2128 Davide
1456 2073 1683 2128 clamat:
1713 2090 1733 2125 ι
1754 2070 1890 2128 Pars
1920 2086 2038 2127 mea

455 2161 724 2218 Dominus
753 2163 819 2216 ".
857 2182 875 2215 ι
912 2162 1210 2220 Electionis
1236 2164 1381 2219 enim
1407 2180 1527 2234 qua:
1553 2180 1648 2234 per
1677 2175 1859 2234 patres
1898 2163 2037 2218 facta

442 2260 533 2309 est
560 2255 782 2309 nomine
816 2255 1003 2310 dilecti
1028 2255 1395 2322 exstiterunt;
1422 2256 1557 2321 dicit
1584 2256 1729 2311 enim
1764 2255 1907 2311 Deus
1941 2271 2039 2326 per

449 2363 622 2402 unum
649 2348 1041 2418 prophetarum
1078 2364 1092 2401 :
1132 2367 1152 2401 ι
1178 2348 1463 2420 Tanquam
1490 2366 1652 2405 uvam
1708 2354 1762 2405 iu
1815 2351 2035 2406 deserto

448 2439 706 2497 lsraelem
753 2440 941 2497 inveni
973 2450 1068 2497 :et
1095 2450 1357 2513 tanquam
1389 2445 1795 2514 speculatorem
1840 2446 1895 2499 in
1929 2445 2035 2501 ﬁcu

447 2535 781 2589 matutinum
814 2535 924 2591 vidi
953 2544 1136 2607 patres
1161 2535 1486 2605 ipsorum".
1511 2556 1530 2590 ι
1555 2538 1674 2605 Quo
1702 2554 1814 2595 rem
1849 2540 2036 2608 inspe-

447 2635 622 2681 ratam
666 2628 914 2694 denotat,
962 2628 1324 2698 inventosque
1383 2646 1506 2687 esse
1561 2632 2034 2702 exoptatissimos,

449 2719 702 2791 quamvis
756 2719 812 2775 in
864 2719 1092 2792 Assyria
1163 2720 1460 2777 simulacra
1503 2738 1693 2779 omnes
1719 2724 2034 2780 coluerunt.

447 2813 553 2880 Qui
589 2828 720 2867 vero
773 2812 1086 2868 daemonum
1140 2814 1281 2871 socii
1307 2823 1437 2870 sunt
1466 2815 1716 2887 vulpium
1750 2827 1936 2888 partes
1980 2818 2036 2874 in

449 2906 677 2975 psalmis
714 2905 848 2962 dicti
878 2915 1011 2963 sunt
1035 2907 1103 2960 ⁷⁵.

523 2997 629 3053 Per
653 3000 1032 3070 metaphoram
1076 3016 1205 3056 vero
1231 3001 1538 3057 funiculum
1580 3002 1920 3060 haereditatis
1956 3004 2040 3060 di-

449 3088 561 3153 cit;
623 3086 869 3143 funiculo
924 3089 1069 3144 enim
1104 3097 1308 3145 terram
1357 3092 1808 3161 dimetiebantur,
1841 3111 2038 3166 quem-

2141 1980 2317 2051 Μερὶς
2366 1978 2580 2044 γίνεταί
2628 1994 2711 2041 τις
2753 1975 2913 2041 Θεοῦ,
2960 1976 3057 2047 τῆς
3104 1976 3343 2047 ἐκλογῆς
3369 1976 3528 2030 αὐτὸν
3571 1977 3691 2045 ἄξιον

2140 2069 2531 2142 ἐργαζόμενος,
2562 2068 2659 2121 καὶ⁵
2693 2066 2837 2138 μετὰ
2859 2066 3020 2119 Δαὸὶδ
3050 2066 3140 2119 διὰ
3164 2066 3327 2121 τοῦτο
3362 2066 3517 2137 βοῶν’
3548 2086 3567 2119 ι
3598 2069 3690 2121 Μι-

2144 2162 2229 2235 ρίς
2259 2178 2362 2233 μου
2398 2161 2427 2214 ὀ
2457 2161 2686 2230 Κύριος.
2733 2179 2749 2210 ι
2786 2159 2945 2213 Κατὰ
2973 2158 3083 2229 γὰρ
3113 2158 3217 2230 τὴν
3249 2158 3482 2230 ἐκλογὴν
3512 2160 3694 2228 ἀγαπη.

2137 2256 2223 2307 τοὶ
2265 2252 2355 2306 διὰ
2384 2252 2513 2316 τοὺς
2569 2249 2816 2322 πατέρας
2873 2250 3152 2318 ἐγένοντο.
3207 2249 3349 2320 Φησὶ
3382 2250 3488 2322 γὰρ
3517 2251 3578 2304 δι’
3600 2253 3693 2314 ἐνὸς

2139 2340 2256 2396 τῶν
2308 2341 2612 2412 προφητῶν
2663 2342 2692 2394 ὁ
2744 2339 2912 2402 Θεόςο
2954 2357 2972 2390 t
3012 2338 3099 2401 Ὠς
3139 2339 3420 2410 σταφυλὴν
3449 2340 3505 2393 ἐν
3533 2340 3695 2410 ἐρήμῳ

2139 2428 2299 2506 εὗρον
2322 2434 2415 2487 τὸν
2455 2431 2696 2505 Ἰσραὴλ,
2726 2431 2821 2485 καὶ
2846 2430 2924 2493 ὡς
2957 2429 3163 2484 σκοπὸν
3216 2431 3275 2500 ἐν
3314 2433 3454 2502 συκῇ
3480 2430 3695 2502 πρώῖμον

2139 2521 2283 2579 εἶδον
2314 2523 2563 2595 πατέρας
2585 2522 2787 2589 αὐτῶν,
2831 2542 2852 2575 ι
2896 2522 2960 2575 τὸ
2988 2514 3117 2594 παρ’
3139 2520 3337 2575 ἐλπίδα
3367 2522 3593 2587 δεικνὺς,
3621 2522 3696 2576 καὶ

2137 2615 2200 2669 τὸ
2252 2615 2361 2669 τῶν
2422 2614 2764 2686 εὑρεθέντων
2818 2613 3187 2685 τριπόθητον,
3244 2614 3463 2668 πάντων
3510 2613 3693 2668 εἰδωλο-

2137 2708 2481 2778 λατρούντων
2545 2708 2603 2760 ἐν
2643 2705 2928 2776 Ἀσσυρίᾳ.
2970 2705 3035 2757 Oi
3090 2704 3151 2758 δὲ
3207 2706 3326 2769 τοῖς
3360 2703 3609 2775 Δαίμοσιν
3632 2708 3693 2761 ol-

2138 2802 2301 2869 κεῖοι,
2339 2799 2558 2872 μερίδες
2596 2799 2898 2853 ἀλωπέκων
2940 2795 3191 2869 εἴρηνται
3222 2800 3282 2852 ἐν
3322 2797 3581 2870 Ψαλμοῖς.

2209 3006 2229 3026 '
2253 3003 2481 3077 Σχοινίῳ
2512 3004 2623 3074 γὰρ
2645 3004 2872 3058 ἐποίουν
2914 3003 3015 3068 τὰς
3062 3003 3457 3076 διαμετρήσεις
3476 3003 3569 3074 τῆς
3597 3001 3697 3073 γῆς.

2139 3099 2299 3154 Οὕτω
2357 3096 2694 3170 διεμετρήθη
2748 3097 2845 3152 καὶ
2901 3096 3227 3169 διεμερίσθη
3290 3098 3324 3169 ἡ
3369 3097 3438 3168 γῆ
3467 3098 3572 3159 τοῖς
3594 3095 3700 3156 υἱοῖς

449 3180 747 3237 admodum
803 3190 950 3237 terra
1011 3184 1403 3255 promissionis
1445 3185 1572 3244 ﬁliis
1614 3187 1783 3245 Israel
1812 3203 2037 3262 quoque

2154 3191 2396 3264 Ἰσραήλ.
2441 3191 2578 3245 Ἀπὸ
2614 3190 2715 3260 τῆς
2783 3189 3076 3261 συνηθείας
3125 3184 3224 3243 οὖν
3251 3189 3467 3261 εἴρηται
3497 3189 3552 3243 τὸ
3578 3185 3700 3257 σχοί·

447 3281 537 3331 est
565 3274 843 3330 dimensa.
864 3337 877 3351 .

521 3364 726 3437 Sit/ﬁcit
749 3366 832 3421 illi
852 3367 907 3421 in
924 3366 1153 3424 deserto.
1177 3368 1316 3443 [10.]
1349 3370 1579 3441 Aquilae
1596 3381 1650 3427 ct
1671 3371 2041 3442 Tlteodotion,

448 3455 659 3514 Invenit
684 3475 824 3524 eum,
863 3460 1240 3524 reddiderunt,
1263 3462 1424 3532 juxta
1466 3464 1643 3521 illud:
1681 3485 1700 3518 ι
1737 3464 1847 3522 Ceu
1879 3481 2041 3523 uvam

446 3551 503 3606 in
537 3552 756 3607 deserto
807 3552 990 3607 inveni
1043 3554 1211 3609 Israel
1258 3556 1325 3609 ⁷³.
1367 3574 1386 3607 ι
1424 3555 1700 3612 (Στοιθτιιηι
1738 3558 1793 3611 ἰη
1822 3558 2042 3616 deserto

444 3643 646 3701 divina:
694 3647 1051 3716 cognitionis,
1115 3650 1169 3702 in
1221 3648 1311 3703 siti
1360 3659 1413 3703 et
1460 3657 1617 3714 aestu,
1644 3652 1698 3705 in
1732 3653 1852 3707 loco
1883 3653 2041 3724 aquis

446 3752 644 3792 vacuo.
686 3738 807 3791 Non
870 3738 1017 3792 enim
1063 3725 1341 3794 désertum
1394 3726 1525 3795 illud
1561 3742 1787 3797 ﬂuvium
1822 3744 2037 3809 habuit,

449 3830 541 3898 qui
573 3831 851 3885 civitatem
903 3830 998 3885 Dei
1056 3831 1351 3895 refot-illat,
1421 3849 1599 3904 neque
1646 3834 1849 3890 fontem
1890 3837 2038 3902 vitae,

449 3938 629 3992 neque
664 3933 959 3978 torrentem
992 3924 1343 3979 deliciarum.
1373 3925 1510 3981 Cum
1541 3926 1710 3998 igitur
1739 3930 2041 3986 invenisset

441 4029 598 4081 eum,
645 4017 767 4085 ejus
804 4017 1061 4091 subvenit
1101 4016 1317 4085 inopiae.
1364 4016 1486 4072 Non
1534 4019 1681 4074 enim
1717 4020 1860 4076 alius
1903 4021 2038 4090 ipsis

448 4105 776 4170 subiciebat,
848 4121 1153 4178 eorumque
1206 4108 1328 4163 ﬁdei
1383 4110 1848 4165 accommodatior
1895 4120 2037 4168 erat.

447 4198 626 4254 Porro
662 4197 1027 4270 Symmachus
1060 4199 1268 4254 clarius
1305 4199 1483 4256 adhuc
1510 4203 1765 4269 exposuit
1795 4218 1808 4253 :
1846 4202 1910 4258 In
1944 4204 2038 4258 de-

446 4301 590 4346 serto
621 4291 849 4357 inculto,
874 4300 1044 4356 vasto.
1096 4293 1346 4347 obscuro.
1380 4292 1515 4360 Quis
1545 4294 1691 4348 enim
1721 4295 1857 4349 ordo
1893 4296 2037 4365 apud

447 4401 546 4443 eos
594 4385 687 4455 qui
753 4384 1016 4441 Creatore
1072 4394 1391 4457 contempto
1435 4396 1709 4443 creaturae
1748 4390 2041 4444 serviunt?

449 4494 572 4548 qua:
602 4494 737 4536 sane
767 4494 795 4532 a
832 4490 1020 4535 sancta
1064 4478 1333 4534 Trinitatc
1371 4479 1616 4534 desolata
1653 4497 1667 4545 ;
1724 4497 1833 4536 non
1891 4484 2036 4536 enim

2144 3300 2336 3355 νισμα.

2217 3374 2612 3445 Αὐτάρκησεν
2638 3373 2830 3429 αὐτὸν
2856 3373 2927 3428 ἐν
2958 3372 3036 3443 τῇ
3082 3372 3305 3442 ἐρήμῳ.
3355 3371 3577 3435 ’Δκύλας
3626 3368 3702 3423 καὶ

2142 3466 2465 3532 Θεοδοτίων,
2515 3460 2709 3534 Εὗρεν
2761 3464 2970 3529 αὐτὸν,
3038 3463 3399 3530 ἐκδεδώκασι,
3458 3460 3590 3515 κατὰ
3634 3458 3699 3525 τὸ,

2147 3578 2168 3611 ι
2223 3560 2314 3620 Ὠς
2345 3556 2626 3628 σταφυλὴν
2656 3558 2716 3611 ἐν
2748 3557 2944 3627 ἐρήμῳ
2975 3547 3134 3627 εὗρον
3162 3555 3258 3609 τὸν
3315 3554 3545 3627 Ἰσραήλ.
3574 3572 3591 3605 ο
3632 3552 3702 3604 Ἐν

2140 3651 2288 3723 δίψει
2328 3651 2613 3722 καύματος
2663 3646 2723 3703 ἐν
2783 3648 3022 3719 ἀνύδρῳ.
3082 3648 3158 3701 Οὐ
3195 3647 3308 3718 γὰρ
3350 3643 3459 3717 εἶχε
3494 3641 3703 3711 ποταμὸν

2139 3746 2233 3800 τὸν
2271 3745 2636 3817 εὐφραίνοντα
2665 3743 2765 3812 τὴν
2798 3741 2953 3796 πόλιν
2975 3739 3070 3794 τοῦ
3094 3738 3259 3801 Θεοῦ,
3286 3739 3407 3792 οὐδὲ
3432 3737 3528 3808 τὴν
3551 3731 3701 3804 πηγὴν

2139 3838 2243 3909 τῆς
2293 3836 2463 3908 ζωῆς,
2511 3835 2634 3891 οὐδὲ
2692 3835 2791 3891 τὸν
2840 3834 3179 3906 χειμάρρουν
3229 3832 3331 3900 τῆς
3373 3827 3571 3897 τρυφῆς
3620 3823 3703 3892 (6i-

2143 3930 2309 3982 Ὅθεν
2360 3931 2418 3983 ἐν
2469 3928 2602 4000 δίψῃ
2652 3922 2724 3999 ἦν
2748 3925 3129 3996 συγκαιομένη
3176 3923 3286 3976 ὑπὸ
3324 3920 3418 3973 τοῦ
3455 3916 3700 3971 Διαϐόλου.

2157 4021 2214 4074 '0
2267 4021 2567 4092 Σύμμαχος
2609 4018 2875 4084 ἐξέδωκεν
2928 4016 3010 4070 ἐτι
3061 4014 3439 4086 σαφέστερον·
3507 4007 3603 4064 Kal
3648 4004 3705 4058 ἐν

2141 4111 2378 4177 ἀτάκτῳ
2404 4109 2503 4167 καὶ
2533 4107 2796 4177 ἀοικήτῳ
2821 4105 3239 4178 ἠφανισμένῃ.
3270 4101 3413 4161 Ποία
3446 4098 3551 4169 γὰρ
3576 4092 3703 4159 τάξις

2142 4200 2295 4271 παρὰ
2317 4200 2433 4262 τοῖς
2464 4201 2531 4268 τῇ
2564 4196 2743 4250 κτίσει
2775 4196 2925 4268 παρὰ
2951 4195 3043 4249 τὸν
3076 4193 3323 4265 Κτίστην
3348 4186 3700 4271 λατρεύουσινὶ

2140 4270 2263 4362 ἦῗειῖς
2286 4288 2542 4358 ἀοίκητος
2571 4289 2668 4358 τῆς
2688 4288 2852 4355 ἀγία;
2883 4285 3134 4357 Τριάδος.
3161 4285 3239 4339 Οὐ
3265 4284 3373 4357 γὰρ
3408 4273 3639 4337 κατοικεῖ
3658 4270 3703 4323 έν

2143 4383 2361 4454 σώματι
2387 4382 2682 4452 καταχρέῳ
2736 4380 3035 4448 ἁμαρτίας,
3070 4380 3127 4430 ἐν
3182 4375 3494 4449 ἀνθρώποις
3516 4366 3703 4425 ποιοῦσι

2142 4476 2511 4548 παρανομίαν.
2561 4475 2625 4528 Ἡ
2692 4473 2750 4526 δὲ
2805 4472 3012 4543 ἔρημος
3047 4471 3109 4523 οὐ
3151 4468 3313 4538 φύσει
3336 4465 3574 4535 τοιαύτη,
3603 4457 3701 4515 ἀλλ’

446 4570 506 4625 in
536 4585 770 4640 corpore
823 4570 1038 4640 peccati
1084 4585 1192 4625 a:re
1225 4570 1444 4632 obruto,
1491 4570 1544 4623 in
1579 4569 1894 4627 hominibus
1931 4572 2037 4626 iui-

2146 4565 2568 4639 ὴφάνισταιὺπὸ
2592 4566 2691 4635 τῆς
2744 4562 3136 4631 ἀντικειμένης
3193 4560 3499 4631 δυνάμεως.
3537 4554 3699 4656 Νοοῖρο

445 4660 717 4730 quitatem
745 4661 1164 4731 designautibus
1204 4660 1439 4715 habitat.
1471 4657 1585 4715 lloc
1609 4675 1739 4716 vero
1766 4661 2037 4717 desertum

2146 4661 2186 4715 δ’
2221 4660 2287 4715 ἂν
2318 4661 2414 4714 καὶ
2434 4657 2578 4712 οὕτω
2600 4656 2680 4722 τὸ,
2723 4674 2741 4707 ι
2782 4654 3181 4724 Αὐτάρκησεν·
3221 4671 3241 4705 ι
3299 4651 3583 4721 αὐτάρκεις
3609 4651 3696 4713 γὰρ

445 4766 559 4805 non
595 4749 701 4802 tale
727 4759 922 4803 natura
952 4750 1194 4813 exsistit,
1222 4764 1413 4803 verum
1447 4749 1844 4805 obscuritatem
1880 4767 2037 4808 suam

2146 4754 2343 4816 αὐτοὺς
2368 4750 2663 4821 πεποίηκε,
2689 4746 2914 4819 μηδενὸς
2936 4742 3280 4813 ὑστερεῖσθαι
3308 4737 3698 4815 παρασκευάσας

446 4856 512 4896 ex
545 4839 593 4892 vi
628 4837 875 4907 opposita
928 4838 1222 4891 contraxit.
1268 4837 1357 4893 Sic
1408 4837 1594 4909 itaque
1631 4840 1804 4895 illud:
1843 4862 1861 4892 ι
1896 4840 2037 4901 Satis

2154 4847 2213 4898 ἐν
2247 4845 2442 4917 ἐρήμῳ
2468 4843 2689 4897 πάντων
2720 4838 2953 4913 νοσούσῃ
2975 4837 3071 4909 τὴν
3102 4836 3333 4889 ἔνδειαν.

449 4930 579 4986 fecit
608 4928 680 4994 ei,
723 4947 741 4980 ι
782 4927 1160 4997 concipiatur;
1225 4924 1406 4980 ciiecit
1454 4928 1600 4982 enim
1653 4937 1712 4983 ut
1740 4945 1839 4984 sua
1879 4943 2029 4989 sorte
2060 4933 2305 4991 contenti
2360 4940 2571 4997 essent,
2599 4929 2860 5000 nullaque
2885 4929 3015 4984 rein
3038 4926 3256 4985 deserto
3319 4926 3556 4982 omnium
3615 4930 3685 4973 re-

448 5042 571 5081 rum
606 5026 789 5095 inapia
818 5022 1107 5078 laborante
1135 5019 1452 5076 delicerent.

520 5116 897 5175 Circumduxit
923 5131 1041 5169 eum
1065 5122 1115 5168 et
1145 5111 1373 5167 erudivit
1400 5128 1540 5167 eum.
1562 5110 1746 5167 Multis
1769 5116 1912 5169 enim
1942 5116 2038 5171 tri-

450 5211 831 5269 bulationibus
895 5216 1081 5279 patres
1138 5221 1330 5262 eorum
1393 5205 1745 5277 pertentavit,
1789 5221 1935 5263 nunc
1968 5224 2036 5264 ex

2263 5116 2644 5169 Ἐκύκλωσεν
2696 5111 2884 5167 αὐτὸν
2950 5112 3046 5166 καὶ
3092 5110 3455 5166 ἐπαίδευσεν
3502 5102 3683 5160 αὐτόν.

2141 5210 2159 5233 ⁶
2198 5207 2526 5277 Ἐδοκίμασε
2586 5202 2699 5275 γὰρ
2749 5202 2879 5267 τοὺς
2932 5201 3177 5274 πατέρας
3207 5199 3390 5255 αὐτῶν
3420 5197 3494 5270 (7)
3522 5187 3693 5247 καὶδιὰ

522 5370 567 5403 ⁸⁸
603 5369 749 5427 Psal.
778 5385 974 5430 xum.
1011 5370 1067 5425 8.
1141 5368 1347 5424 “Psal.
1374 5384 1458 5431 xc,
1494 5368 1582 5424 Η.
1659 5369 1706 5400 ⁷ο
1747 5366 1913 5424 Hebr.
1947 5383 1989 5428 ι.
2034 5380 2037 5395 λ

2198 5366 2239 5397 ⁷⁸
2269 5362 2430 5418 Jnan.
2463 5377 2505 5426 ι,
2534 5362 2623 5418 51.
2700 5360 2746 5392 ⁷³
2771 5359 2917 5431 Bsal.
2960 5373 3054 5422 cn,
3080 5357 3174 5431 Si.
3250 5353 3501 5431 '{AJudim
3533 5342 3688 5431 νηξρ.

450 5439 499 5472 τι
529 5439 549 5494 ι
575 5414 1517 5507 cbiTifimi'Viudic:Q1536."
1536 5414 1615 5471 ’ἕο
1643 5414 2008 5504 Ρεοῖῖένιίί,

2209 5437 2253 5467 ⁷⁷
2273 5414 2520 5498 esea-1,
2540 5414 2639 5487 vlt).
2712 5431 2757 5463 ⁷⁸
2782 5429 2929 5485 Psal.
2955 5414 3091 5496 th't,
3128 5429 3183 5483 ll
3203 5468 3217 5484 .
3279 5428 3325 5460 "
3360 5424 3493 5480 Osce
3520 5435 3587 5484 lx,
3617 5414 3689 5470 l0.

2002 5551 2230 5611 ΝΟΤᾹΞ.

527 5678 606 5747 (θ)
653 5676 845 5764 me
882 5670 987 5763 εξδνι
1007 5675 1192 5764 eam
1236 5673 1800 5764 icxé°°.ne°=t:£-_99
1829 5666 2036 5764 sea
2155 5669 2298 5764 --Ψ
2340 5649 3523 5764 sesemirarersi?393,233:
3563 5633 3688 5764 iiii:

449 5728 645 5820 ετέρὂ
978 5728 1575 5820 αὖτνάριξειςξνίκαὶέίςί
1603 5728 2038 5820 *πίστιν-κατηρ-
2150 5728 2291 5810 ρασέ
2339 5728 2485 5820 θῇίψ.
2540 5737 2597 5791 ἐν
2661 5734 2774 5789 σελ.
2814 5728 2940 5789 869.
2982 5731 3077 5784 τοῦ
3108 5732 3142 5786 5
3172 5730 3268 5801 τῆς
3294 5728 3371 5789 είς
3409 5728 3521 5782 τοὺὶ

452 5809 735 5891 τισμενος.
760 5809 946 5874 Ταῦτα
977 5819 1097 5873 ἀντὶ
1126 5809 1236 5872 τῶν
1264 5817 1388 5889 ἑξῆς
1410 5818 1438 5871 ὁ
1460 5816 1559 5889 τῆς
1587 5815 1726 5885 May.
1762 5814 1890 5869 κώδ.
1959 5809 1991 5815 ”
2149 5809 2284 5881 mp.
2319 5809 2446 5879 τὸμ.
