3956 6422
328 415 441 477 9(τῖ

1251 404 1789 467 COMMENTARII
1829 401 1910 462 ΙΝ
1946 401 2641 463 DEUTEBONOMIUM.

3528 399 3635 463 9ύὲ

335 520 557 575 πολλῶν
582 516 837 588 ὲπύρωσε
869 515 1122 585 θλίψεων.
1150 516 1376 586 Πρῶτον
1404 515 1506 585 μὲν
1538 514 1650 567 ἀπὸ
1678 513 1777 582 τῆς
1820 513 1938 565 Ἀσ-

2057 516 2271 586 Assyria
2331 515 2383 566 in
2436 514 2831 579 Chauamcam,
2864 514 2989 570 inde
3024 516 3078 570 in
3124 513 3444 588 Egyptum,
3482 533 3632 574 nunc

335 612 537 684 συρίας
557 612 635 680 (8)
662 601 877 679 ειςγῆν
934 608 1160 661 Χαναὰν
1214 608 1586 677 μεταστήσας,
1624 605 1719 657 καὶ
1774 604 1938 657 πάλιν

331 706 424 766 είς
451 702 756 769 Αἴγυπτον,
817 700 914 753 καὶ
963 700 1022 766 ἐξ
1059 698 1341 767 Αἰγύπτου
1378 698 1541 751 πάλιν
1569 697 1651 759 εἱς
1688 696 1937 761 Χαναὰν,

332 794 440 848 καὶ
477 791 697 863 μυρίοις
717 791 1053 862 πειρασμοῖς
1071 787 1388 859 περιέϐαλε,
1413 782 1713 839 παιδεῦσαι
1738 785 1940 847 αὐτοὺς

335 883 694 955 βουλόμενος.
722 881 830 935 Τὸν
891 878 1089 933 Ἰακὼό
1115 878 1173 931 δὲ
1221 878 1318 932 καὶ
1366 878 1447 942 είς
1502 876 1941 946 Μεσοποταμίαν

334 978 628 1044 ἀπήγαγε,
660 973 759 1028 καὶ
812 970 1097 1026 δουλεῦσαι
1129 969 1436 1039 πεποίηκεν
1460 986 1475 1002 ο
1524 969 1676 1032 ὅπως
1721 967 1811 1021 διὰ
1840 966 1940 1035 τῆς

333 1064 625 1136 ὑπομονῆς
670 1062 769 1118 καὶ
801 1062 905 1133 τῆς
937 1062 1016 1124 εἰς
1054 1058 1191 1114 Θεὸν
1216 1059 1431 1123 ἐλπίδος
1485 1058 1939 1129 κατεργάσωνται

329 1158 439 1228 τὴν
471 1154 685 1209 ἑαυτῶν
707 1153 1008 1223 σωτηρίαν.
1548 1152 1567 1165 “’

424 1248 513 1309 Ὦς
533 1245 720 1311 λέγειν
752 1243 844 1298 τὸν
901 1241 1125 1305 Ἰακὼϐ,
1157 1261 1177 1294 ι
1225 1241 1284 1296 '0
1305 1240 1538 1310 ἄγγελος
1595 1240 1625 1293 ὁ
1676 1238 1939 1310 ρυόμενός

336 1356 409 1409 με
443 1340 507 1391 ὲκ
533 1337 753 1391 πάντων
792 1334 901 1388 τῶν
934 1334 1124 1388 κακῶν
1158 1350 1295 1403 μου.
1326 1350 1344 1384 ι
1367 1334 1477 1385 Καὶ
1507 1332 1691 1396 πάλιν,
1723 1350 1740 1382 ι
1773 1332 1836 1383 Ei
1860 1331 1935 1401 μὴ

331 1432 366 1485 ὁ
393 1429 529 1493 Θεὸς
558 1427 652 1481 τοῦ
681 1428 889 1498 πατρός
914 1443 1016 1495 μου
1061 1425 1315 1496 Ἀϐραὰμ
1336 1421 1406 1493 ἦν
1448 1441 1562 1495 μοι,
1584 1424 1682 1478 καὶ
1719 1425 1747 1476 ὁ
1774 1424 1939 1493 φόὸος

350 1518 558 1586 Ἰσαὰκ,
591 1518 687 1573 νῦν
720 1517 787 1572 ἂν
813 1516 974 1572 κενόν
1009 1533 1077 1586 με
1113 1514 1531 1583 ἐξαπέστειλας.
1565 1532 1584 1566 ι

2041 607 2239 660 iterum
2270 606 2323 660 in
2371 606 2736 662 Chanaumam
2783 608 3191 665 transferendo.
3240 609 3426 665 Voluit
3449 618 3635 666 autem

2039 697 2258 751 erudire
2274 712 2391 763 eos,
2425 698 2891 767 quemadmodum
2925 698 3195 755 Jacobqu
3239 702 3296 756 in
3320 701 3638 772 Mesopota-

2047 788 2211 840 miam
2246 803 2370 844 cum
2405 788 2652 856 duceret,
2696 799 2753 844 et
2787 790 2854 845 ad
2904 792 3102 847 salutis
3160 794 3632 862 exspectationem

2041 878 2392 936 conﬁrmare.
2464 881 2685 935 Interim
2743 890 2923 937 tamen
2952 883 3078 954 ejus
3110 895 3370 954 tanquam
3405 886 3637 957 pupillae

2046 972 2195 1026 oculi
2226 987 2415 1026 curam
2453 978 2643 1042 gessit.

2117 1237 2187 1293 Ut
2211 1239 2423 1294 diceret
2452 1238 2625 1295 Jacob
2653 1260 2666 1296 :
2701 1261 2720 1293 ι
2754 1243 2993 1314 Angelus
3028 1244 3243 1299 Domini
3276 1261 3340 1299 ex
3374 1245 3635 1303 omnibus

2047 1332 2204 1384 malis
2239 1333 2374 1386 meis
2427 1348 2515 1387 me
2576 1333 2781 1403 eripuit
2811 1336 2881 1390 ⁸⁸.
2927 1354 2945 1386 ι
2984 1336 3051 1388 Et
3097 1338 3290 1392 iterum
3322 1352 3337 1391 :
3374 1358 3391 1389 ι
3432 1340 3489 1392 Si
3520 1355 3631 1393 non
3726 1334 3729 1339 λ

2049 1420 2194 1476 Deus
2217 1422 2389 1491 patris
2425 1422 2526 1477 mei
2563 1424 2841 1478 Abraham
2895 1424 3167 1482 adfuisset
3195 1428 3348 1491 mihi,
3390 1438 3443 1483 et
3467 1430 3634 1484 timor

2044 1511 2214 1576 Isaac,
2248 1528 2396 1568 nunc
2420 1530 2505 1569 me
2543 1531 2777 1571 vacuum
2802 1517 3110 1574 dimisisses
3137 1521 3321 1590 utique
3342 1523 3407 1574 ⁸⁸.
3440 1541 3459 1574 ι

2120 1602 2260 1669 Quin
2283 1613 2339 1658 et
2368 1616 2667 1673 praesentes
2688 1609 2967 1666 auditores
3000 1610 3368 1666 circumduxit
3394 1612 3637 1682 quadra-

2048 1696 2197 1765 ginta
2228 1710 2404 1753 annos
2443 1713 2541 1768 per
2585 1701 2881 1768 desertum,
2914 1703 3144 1759 utdicat
3177 1703 3353 1760 Moses
3392 1723 3406 1759 :
3458 1724 3476 1757 ι
3515 1703 3637 1758 Me-

419 1612 583 1667 nam
635 1611 733 1666 καὶ
784 1612 911 1675 τοὺς
973 1609 1069 1664 νῦν
1101 1610 1402 1673 ἀκούοντας
1428 1609 1711 1663 ὲκύκλωσε
1754 1606 1808 1680 μ’
1839 1607 1936 1679 ἐτη

332 1704 437 1776 τὴν
472 1703 701 1777 ἔρημον,
732 1702 810 1764 ὡς
836 1701 1021 1770 λέγειν
1049 1701 1288 1756 Μωσέαο
1310 1718 1328 1753 ι
1370 1700 1483 1754 Καὶ
1514 1700 1804 1772 μνησθήσῃ
1830 1702 1933 1752 πᾶ-

337 1814 441 1852 σαν
472 1798 570 1870 τὴν
588 1797 728 1863 ὁδὸν,
777 1795 844 1867 ἦν
900 1794 1076 1865 ἤγαγέ
1101 1811 1162 1847 σε
1201 1792 1407 1864 Κύριος
1430 1794 1458 1846 ὁ
1490 1793 1625 1856 Θεός
1662 1810 1755 1846 σου
1779 1793 1938 1845 τοῦτο

2057 1791 2276 1847 mineris
2323 1808 2547 1863 quoque
2579 1795 2765 1851 cuncti
2815 1796 3031 1853 itineris
3054 1813 3153 1868 per
3185 1798 3332 1868 quod
3369 1807 3421 1853 te
3450 1798 3633 1853 Domi-

333 1889 785 1961 τεσσαρακοστὸν
835 1888 956 1951 ἔτος
984 1888 1042 1941 ὲν
1080 1887 1148 1957 τῇ
1178 1887 1372 1957 ἐρήμῳ
1390 1901 1403 1917 ο
1435 1886 1585 1948 ὅπως
1614 1885 1681 1939 ἂν
1711 1882 1938 1956 κακώσῃ

2057 1896 2154 1938 nus
2200 1881 2342 1938 Deus
2373 1894 2502 1940 tuus
2550 1884 2796 1941 deduxit.
2827 1887 3062 1958 Jamque
3091 1889 3547 1959 quadragesimus
3577 1888 3631 1942 iu

337 1984 542 2050 63,0xal.
561 1983 871 2054 ὲκπειράσῃ
897 1998 978 2047 σε,
1009 1980 1105 2035 καὶ
1128 1977 1435 2050 διαγνωσθῇ
1458 1977 1527 2031 τὰ
1561 1979 1619 2030 ὲν
1643 1979 1710 2048 τῇ
1738 1976 1938 2047 καρδίᾳ

2057 1973 2266 2028 Jeserto
2288 1970 2492 2045 ’agitur
2547 1992 2747 2041 annus,
2778 1994 2892 2046 quo
2922 1988 2975 2034 te
3008 1979 3210 2050 afﬂigat
3240 1989 3294 2035 et
3346 1989 3516 2036 tentet
3556 1990 3633 2047 te,

336 2093 462 2142 σου,
494 2076 545 2129 εί
579 2074 794 2147 φυλάξῃ
817 2074 917 2137 τὰς
947 2072 1171 2135 ἐντολὰς
1221 2070 1408 2135 αὐτοῦ,
1437 2070 1471 2141 ἢ
1506 2067 1589 2123 οῦ.
1628 2088 1644 2119 ι
1684 2068 1795 2121 Καὶ
1834 2068 1938 2121 πά-

2057 2074 2096 2121 at
2133 2066 2495 2137 cogitationes
2519 2068 2702 2122 cordis
2726 2070 2804 2122 tui
2836 2069 3256 2140 dignoscantur,
3283 2087 3350 2126 an
3373 2074 3632 2130 mandata

334 2165 446 2232 λιν,
479 2185 498 2218 ι
546 2166 635 2230 Ὠς
662 2166 715 2219 εῐ
739 2181 824 2229 τις
854 2162 1147 2219 παιδεῦσαι
1169 2161 1458 2233 ἄνθρωπος
1484 2160 1575 2214 τὸν
1604 2159 1717 2212 υἱὸν
1743 2155 1934 2224 αὐτοῦ,

2057 2156 2166 2227 ejus
2182 2157 2587 2221 observaveris.
2613 2176 2681 2214 an
2712 2162 2893 2215 minus
2920 2161 2987 2217 ⁸³.
3024 2181 3043 2213 ι
3082 2162 3147 2217 Ει
3174 2164 3371 2218 iterum
3396 2181 3409 2218 :
3434 2184 3451 2216 ι
3476 2165 3631 2231 Quo-

332 2254 484 2312 οῦτω
509 2254 718 2328 Κύριος
756 2256 787 2310 ὁ
819 2253 954 2318 Θεός
992 2270 1087 2307 σου
1123 2250 1406 2307 παιδεύσει
1434 2268 1517 2306 σε.
1554 2268 1574 2301 ι

2057 2249 2191 2303 aiam
2228 2258 2288 2304 ut
2320 2249 2484 2306 homo
2522 2250 2693 2305 lilium
2751 2268 2912 2307 suum
2972 2255 3192 2310 erudire
3221 2257 3381 2322 solet,
3414 2256 3488 2312 ita
3522 2257 3632 2313 Do—

2045 2341 2228 2397 minus
2266 2340 2411 2398 Deus
2443 2349 2571 2398 tuus
2604 2351 2657 2399 te
2682 2343 2922 2399 erudivit
2951 2345 3016 2399 ⁸³.
3056 2364 3074 2398 ι
3438 2395 3442 2400 .

412 2444 871 2511 Quemadmodum
903 2441 1084 2514 aquila
1106 2439 1235 2495 solet
1253 2447 1522 2509 protegere
1549 2435 1733 2491 nidum
1750 2450 1927 2493 suum.
1947 2433 2193 2508 [XXXIL
2224 2435 2336 2510 1L]
2357 2437 2475 2492 Hoc
2491 2438 2692 2492 animal
2715 2453 2908 2495 amans
2940 2455 3163 2496 suorum
3192 2442 3466 2513 pullorum
3498 2452 3584 2501 est
3611 2461 3627 2500 :

332 2548 484 2604 quos
506 2547 639 2588 cum
678 2532 743 2587 in
773 2539 1146 2586 monstrosam
1180 2527 1576 2583 sublimitatem
1636 2524 1902 2579 subduxit
1948 2530 2005 2578 et
2030 2525 2228 2579 volare
2260 2524 2447 2591 docet,
2498 2532 2552 2580 et
2581 2526 2824 2583 diductis
2850 2528 3029 2584 oculis
3074 2531 3244 2585 solem
3305 2535 3621 2602 oppositum

334 2621 571 2677 intueri.
604 2621 761 2687 Quod
793 2619 842 2675 si
878 2632 1024 2673 unus
1073 2632 1140 2671 ex
1194 2616 1280 2670 his
1327 2612 1422 2683 qui
1456 2612 1591 2669 solis
1630 2612 1981 2681 splendorem
2020 2611 2266 2681 perferre
2312 2621 2570 2683 nequeat,
2600 2629 2702 2685 pro
2735 2616 2927 2685 spurio
2984 2617 3150 2672 habet
3172 2626 3225 2673 et
3275 2619 3630 2677 condemnat.

334 2707 421 2764 Ita
450 2722 615 2765 veros
649 2706 975 2763 adorat'ores
1001 2706 1055 2759 in
1082 2702 1249 2776 466
1275 2702 1446 2755 altum
1475 2698 1964 2766 contemplationis
1994 2698 2308 2767 spiritualis
2354 2699 2568 2765 educit,
2594 2701 2662 2757 de
2693 2702 2897 2772 quibus
2942 2703 3115 2761 Isaias
3169 2705 3353 2777 inquit
3386 2725 3400 2761 :
3436 2726 3457 2760 ι
3495 2708 3627 2765 Alas

304 2797 539 2852 tollent
558 2797 704 2854 sicut
736 2794 955 2867 aquilae.
981 2791 1251 2850 Currant,
1300 2796 1358 2844 et
1406 2788 1729 2856 neutiquam
1806 2783 2261 2857 defatigabuntur
2291 2785 2358 2842 ⁸⁸.
2398 2806 2418 2839 ι
2448 2786 2555 2854 Qui
2604 2804 2738 2845 vero
2782 2801 3014 2846 currant
3067 2791 3329 2849 Servatur
3371 2795 3578 2851 indicat
3613 2815 3628 2851 :

342 2904 365 2938 ε
401 2885 505 2943 Ubi
547 2887 807 2949 cadaver,
847 2883 921 2940 ibi
949 2879 1440 2951 congregabuntur
1468 2876 1669 2946 aquila:
1697 2875 1764 2928 ⁸⁵.
1806 2893 1826 2925 ι
1854 2872 2100 2939 Quorum
2144 2874 2407 2944 juventus
2450 2892 2550 2946 per
2595 2878 2845 2933 divinam
2879 2881 3206 2936 tinctionem
3238 2883 3389 2938 velut
3426 2885 3626 2954 aquilae

334 2973 704 3029 renovabitur
728 2972 798 3025 ⁸⁸.
827 2969 885 3027 Si
919 2984 1052 3025 vero
1075 2968 1200 3039 quis
1225 2965 1365 3022 civis
1391 2965 1639 3020 ctelcstis
1673 2962 1851 3017 factus
1879 2959 2067 3025 fuerit,
2102 2962 2290 3018 audiet
2315 2961 2559 3020 :Umbra
2621 2967 2979 3037 scapularum
3018 2983 3246 3024 suarum
3280 2980 3527 3041 proteget
3556 2981 3630 3038 te,

335 3069 397 3113 et
419 3060 532 3114 sub
561 3059 667 3115 alis
700 3058 882 3128 ipsius
908 3071 1063 3127 spem
1090 3052 1385 3110 recondes.
1445 3049 1626 3120 Super
1678 3048 1942 3103 humeros
1984 3049 2130 3104 enim
2185 3050 2475 3117 tollentur,
2520 3060 2578 3108 et
2610 3068 2779 3124 super
2809 3054 3039 3110 brachio
3073 3056 3518 3113 sublevabuntur
3558 3060 3631 3118 ⁸⁷,

336 3146 511 3219 Quod.
533 3156 717 3201 autem
744 3152 953 3200 tantam
995 3156 1126 3212 erga
1146 3156 1243 3196 eos
1275 3152 1467 3193 curam
1501 3136 1771 3201 declaret,
1801 3134 1918 3204 ipse
1949 3150 2171 3206 quoque
2211 3136 2475 3194 Servator
2513 3141 2570 3195 in
2621 3141 2984 3198 similitudine
3015 3157 3119 3212 qua
3167 3159 3295 3214 erga
3326 3143 3633 3203 Jerusalem

340 3249 504 3299 usus,
528 3232 798 3288 indicavit
830 3247 845 3285 :
880 3248 900 3283 ι
942 3229 1173 3296 Quoties
1199 3225 1464 3296 colligere
1495 3232 1622 3279 tuos
1653 3221 1881 3288 liberos,
1917 3223 2386 3294 quemadmodum
2419 3227 2625 3299 gallina
2651 3228 2791 3285 solet
2823 3229 3005 3301 pullos
3030 3244 3161 3286 suos
3187 3227 3293 3286 s'ub
3328 3232 3446 3289 alas
3477 3248 3631 3302 suas,

337 3322 515 3387 volui,
540 3329 596 3376 et
619 3334 733 3376 non
767 3318 995 3375 voluisti
1024 3316 1073 3349 ⁸⁸
1104 3332 1120 3368 :
2480 3338 2483 3341 .

414 3411 542 3464 Οὐκ
591 3403 672 3480 ἦν
721 3406 851 3478 μετ’
887 3404 1090 3461 αὐτῶν
1132 3401 1285 3469 Θεὸς
1326 3400 1671 3469 ἀλλότριος.
1705 3395 1938 3461 ’Καθὼς

2124 3398 2239 3456 Nec
2264 3414 2380 3458 erat
2410 3420 2531 3459 cum
2555 3420 2616 3459 eo
2638 3404 2783 3460 Deus
2831 3405 3059 3464 alienus.
3110 3405 3248 3481 [12.]
3301 3409 3433 3475 Quae
3481 3409 3629 3465 enim

336 3516 511 3573 φησιν
533 3501 561 3553 ὁ
589 3499 875 3562 θεσπέσιος
898 3496 1113 3560 Παῦλος
1134 3511 1148 3524 ·
1177 3495 1307 3548 ποία
1335 3493 1592 3547 κοινωνία
1621 3490 1764 3560 φωτὶ
1801 3489 1938 3561 πρὸς

2057 3490 2435 3554 communitas,
2462 3489 2636 3547 Paulo
2666 3501 2805 3548 teste
2821 3493 2891 3561 ⁸³,
2914 3494 3021 3549 1υοὶ
3045 3511 3168 3551 cum
3202 3498 3445 3556 tenebris
3463 3499 3487 3553 Υ
3508 3515 3632 3570 quae

338 3592 572 3656 σκότοςς
599 3589 633 3661 ἦ
659 3589 740 3654 τίς
775 3586 1134 3661 συμφώνησις
1161 3582 1399 3656 Χριστοῦ
1428 3582 1565 3653 πρὸς
1601 3579 1799 3634 Βελίαλ
1823 3597 1841 3646 ;

2057 3581 2341 3635 consensio
2371 3580 2593 3638 Christo
2618 3598 2743 3639 cum
2767 3584 2980 3640 Belial?

427 3683 817 3738 Ἀνεϐίϐασεν
846 3679 1073 3745 αὐτοὺς
1127 3677 1231 3731 ἐπὶ
1278 3675 1396 3745 τὴν
1422 3673 1611 3744 ἰσχὺν
1646 3672 1759 3741 τῆς
1802 3670 1936 3743 γῆς.

2114 3666 2302 3723 Erexit
2337 3686 2426 3724 eos
2450 3671 2503 3725 in
2528 3671 2856 3741 fortqlitium
2884 3686 3060 3730 terrae.
3087 3673 3227 3749 [13.]
3266 3676 3441 3747 Supra
3467 3684 3629 3732 terra:

337 3779 363 3801 "
406 3772 757 3837 Ἀνεόίόασε,
808 3769 1092 3824 τουτέστιν
1153 3766 1524 3838 ὑψηλοτέρους
1579 3764 1779 3827 αὐτοὺς
1825 3761 1938 3819 τῶν

2057 3761 2253 3816 ηεσιοδ
2289 3777 2385 3816 eos
2419 3764 2638 3819 extulit.
2683 3764 2885 3821 Eodem
2943 3767 3107 3820 modo
3153 3769 3354 3837 Aquila
3401 3784 3626 3840 quoque

335 3867 551 3936 γηΐνων
582 3863 908 3933 πεποίηκεν.
963 3860 1051 3924 Ὧς
1066 3858 1177 3931 γὰρ
1220 3857 1456 3923 Ἀκύλας
1481 3854 1672 3928 φησὶν,
1713 3854 1847 3910 Ἐπί
1870 3853 1938 3908 τὸ

2057 3857 2225 3927 nquit
2264 3875 2277 3912 :
2313 3856 2382 3912 In
2409 3859 2581 3913 altum
2605 3871 2759 3917 terrae
2788 3878 2875 3917 eo:
2892 3862 3140 3918 adduxit.

338 3959 562 4028 ὕψωμα
587 3954 699 4024 τῆς
736 3953 852 4027 γῆς
878 3952 1103 4018 αὐτοὺς
1152 3951 1495 4014 ἀνεϐίϐασε,
1545 3947 1714 4019 μηδὲν
1741 3964 1937 4001 ταπει-

338 4049 434 4104 νδν
461 4049 496 4121 ἢ
530 4046 871 4120 χαμαίζηλον
923 4046 1124 4109 αὐτοὺς
1176 4042 1535 4115 ἐνθυμεῖσθαι
1572 4038 1933 4117 βουλόμενος.

412 4141 576 4196 Κατὰ
595 4122 698 4211 τὴν
732 4138 996 4210 ἱστορίαν,
1029 4137 1130 4209 τὴν
1155 4135 1261 4208 γῆν
1291 4150 1428 4207 φησι
1446 4133 1549 4203 τῆς
1578 4131 1934 4201 ἐπαγγελίας,

338 4235 420 4296 ὡς
454 4231 722 4301 γεγονότα
779 4228 1076 4301 λαμϐάνων
1107 4226 1178 4281 τὰ
1212 4225 1500 4298 μέλλοντα,
1534 4223 1585 4276 εί
1608 4222 1791 4276 καὶτὰ
1832 4220 1937 4291 μά-

338 4326 503 4379 λιστα
531 4323 811 4393 ἐπέϐησαν
845 4320 949 4392 ἤδη
982 4320 1187 4391 μέρους
1241 4314 1436 4387 αὐτῆς.
1469 4316 1763 4385 Συμφωνεῖ
1793 4313 1848 4366 δὲ
1874 4313 1934 4365 τὸ

341 4416 687 4488 ἐπαγόμενον
707 4430 720 4445 ·
751 4433 771 4469 ι
804 4412 1114 4483 Ἐψώμισεν
1134 4409 1334 4474 αὐτοὺς
1346 4408 1665 4477 γεννήματα
1688 4406 1894 4475 ἀγρῶν.
1908 4422 1926 4456 ι

339 4505 515 4562 Οὔπω
542 4508 653 4580 γὰρ
679 4506 886 4578 ἔφαγον
907 4503 1017 4558 τῶν
1063 4501 1427 4573 γεννημάτων
1467 4498 1569 4567 τῆς
1593 4498 1693 4566 γῆς
1723 4513 1736 4527 ·
1765 4496 1843 4568 τῷ
1875 4496 1933 4549 δὲ

341 4599 526 4672 μάννα
551 4599 682 4669 πρὶν
700 4593 1170 4668 διαπεραιωθῆναι
1191 4591 1283 4644 τὸν
1316 4587 1589 4661 Ἰορδάνην
1612 4585 1926 4656 ἐτρέφοντο.

351 4691 501 4744 Ἀλλ’
556 4689 679 4744 οὐδὲ
740 4688 864 4760 μέλι
917 4686 1099 4758 δρειον
1173 4681 1328 4737 οὔπω
1380 4676 1524 4748 ἦσαν
1573 4679 1926 4749 δρεψάμενοι,

2111 4124 2166 4179 Si
2194 4140 2322 4181 vero
2337 4127 2531 4181 oculos
2549 4125 2614 4181 ad
2646 4125 2931 4182 historiam
2952 4138 3363 4192 convertemus,
3386 4128 3453 4184 de
3482 4140 3625 4185 terra

2038 4217 2315 4287 promissa
2371 4233 2435 4273 ea
2479 4233 2602 4274 esse
2656 4219 2802 4275 dicta
2842 4219 3233 4289 intelligemus,
3282 4223 3371 4277 ubi
3399 4224 3623 4293 quidem

2038 4310 2159 4364 loco
2192 4312 2596 4381 prmtcritorum
2634 4311 2843 4379 futura,
2901 4316 3156 4384 quamvis
3192 4318 3481 4370 n-aximatn
3507 4318 3623 4387 jam

2037 4401 2158 4470 ejus
2188 4410 2401 4470 partem
2460 4403 2812 4473 contigerint,
2870 4404 3056 4459 habet.
3092 4404 3247 4470 Quod
3275 4407 3453 4474 ipsum
3489 4422 3626 4461 sane

2038 4493 2091 4548 id
2120 4494 2266 4562 quod
2289 4494 2561 4563 sequitur,
2598 4510 2818 4567 quoque
2848 4496 3198 4566 comprobat,
3235 4512 3358 4551 cum
3393 4498 3572 4568 inquit
3606 4516 3620 4552 :

2042 4605 2061 4637 ι
2095 4586 2366 4655 Agrorum
2435 4586 2796 4657 proventibtis
2863 4587 3064 4643 cibavit
3125 4603 3241 4644 eos.
3292 4608 3310 4640 ι
3367 4589 3621 4648 Nondum

2036 4679 2181 4733 enim
2243 4680 2604 4750 proventibus
2653 4688 2813 4735 terra;
2873 4680 3219 4748 victitabant,
3272 4692 3464 4752 utpote
3524 4686 3621 4756 qui

337 4785 465 4839 οὐδὲ
491 4783 603 4838 τῶν
635 4752 836 4837 ἐλαιῶν
864 4798 878 4812 ’
916 4752 973 4836 ai
1008 4775 1295 4850 φιληδοῦσι
1336 4774 1569 4843 πέτραις
1595 4771 1689 4824 καὶ
1720 4770 1925 4841 ὄρεσιν.

2057 4784 2241 4824 nanna
2281 4772 2603 4842 priusquam
2639 4771 2937 4828 Jordanem
2989 4776 3362 4841 transiissent,
3395 4778 3620 4834 aleban—

350 4889 448 4934 tur
483 4886 675 4948 usque.
706 4876 819 4930 luto
850 4890 981 4929 vero
1014 4890 1082 4928 ne
1141 4870 1245 4926 mel
1276 4868 1531 4925 silvestre
1560 4864 1780 4934 quidem
1826 4862 2005 4919 adhuc
2035 4865 2386 4936 colligebant,
2420 4882 2602 4937 neque
2631 4868 2877 4924 olearum
2935 4882 3057 4940 quae
3121 4871 3272 4926 saxis
3336 4878 3392 4926 et
3460 4887 3621 4927 mon-

335 4970 492 5024 tibus
520 4967 889 5027 delectantur,
923 4964 1141 5017 baccas.

415 5063 689 5117 Caeterum
718 5057 898 5113 mellis
930 5054 1152 5111 nomine
1204 5066 1402 5123 aquam
1437 5047 1738 5121 significari
1790 5047 2014 5118 quidam
2042 5058 2321 5112 asserunt,
2355 5047 2639 5117 quaeipsis
2673 5049 2726 5103 iu
2755 5048 2973 5105 deserto
2996 5046 3287 5104 sitibundis
3317 5047 3495 5103 mellis
3523 5063 3616 5105 sa-

340 5165 532 5222 porem
556 5147 761 5200 habere
790 5146 905 5199 visa
939 5142 1125 5198 fuerit.

417 5239 610 5301 Ετποις
640 5236 686 5289 δ’
717 5234 784 5289 ἂν
815 5232 1137 5304 ἁλληγορῶν
1170 5228 1370 5292 αὐτοὺς
1425 5223 1767 5296 ὲψωμικέναι
1801 5240 1928 5293 γεν-
2016 5264 2019 5269 λ

338 5343 561 5406 νήματα
598 5329 708 5385 τῶν
744 5322 1195 5397 πεπληρωμένων
1240 5318 1471 5382 εὐωδίας
1526 5318 1930 5388 πνευματικῆς,

341 5427 437 5490 οὓς
467 5422 741 5497 ηὐλόγησε
771 5417 998 5488 Κύριος.

2105 5224 2316 5280 Licebit
2347 5241 2478 5281 vero
2506 5241 2602 5296 per
2654 5225 2881 5299 ﬁguram
2905 5239 3163 5296 agrorum
3209 5224 3471 5281 odoribus
3503 5229 3617 5298 spi-

2034 5318 2330 5375 ritualibus
2388 5319 2738 5399 refertorum,
2788 5318 2993 5389 Deique
3025 5331 3157 5374 voce
3207 5316 3616 5374 fortunatorum

2036 5409 2253 5480 pavisse
2287 5409 2559 5482 frugibus,
2591 5409 2962 5483 interpretari.

428 5579 476 5614 '°
506 5578 645 5635 Gen.
689 5587 879 5636 ιιγιιι,
911 5569 1000 5625 16.
1074 5569 1121 5602 ³³
1141 5566 1280 5624 Gen.
1310 5583 1463 5632 χχιι,
1490 5563 1580 5637 42.
1603 5564 1705 5637 __"
1730 5562 1885 5637 Deut.
1905 5578 1937 5617 ν

2057 5566 2096 5620 2.
2179 5568 2227 5601 ⁸⁸
2262 5568 2396 5623 ibid.
2424 5567 2475 5623 5.
2553 5567 2602 5600 "
2630 5565 2736 5624 lsa.
2780 5584 2868 5637 XL,
2887 5568 2979 5625 51.
3047 5566 3094 5601 ⁸⁵
3121 5565 3312 5623 Matth.
3346 5580 3495 5633 xxiv,
3521 5563 3616 5619 28.

336 5646 394 5709 ‘"
423 5650 569 5707 Psat.
601 5663 695 5713 cu,
730 5645 783 5700 5.
864 5643 909 5675 ⁸⁷
945 5640 1095 5698 Psal.
1122 5652 1210 5706 xc,
1239 5639 1295 5704 ι,
1341 5640 1430 5706 19.

1532 5636 1577 5668 ⁸⁸
1600 5633 1793 5692 Matth.
1825 5649 1989 5717 mn.
2018 5636 2112 5693 37.
2187 5640 2233 5672 ⁸⁸
2272 5639 2309 5693 ll
2340 5639 2469 5695 Cor.
2499 5655 2572 5706 vt,
2602 5639 2788 5713 ΗΑΒ.

1864 5747 2097 5808 ΝΟΤΕ.

419 5833 501 5904 (8)
538 5830 674 5886 Ἀπὸ
696 5828 798 5900 τῆς
828 5826 1051 5901 Συρίας.
1098 5824 1157 5882 '0
1184 5823 1306 5879 αὐτ.
