3956 6412
303 386 410 450 965

295 595 536 662 γνόντες,
570 593 714 662 μήτε
753 591 830 656 ὡς
869 593 1104 664 Σωτῆρα
1133 592 1231 646 καὶ
1273 593 1569 666 Λυτρωτὴν
1603 591 1881 647 αἰδεσθέν-

294 703 407 751 τες.

1221 387 1760 450 COMMENTARII
1796 387 1879 448 ΙΝ
1921 383 2175 445 DEUTE
2185 380 2622 441 RONOMIUM.

303 499 693 572 παρεδόθησαν
729 501 796 572 τῇ
835 499 1118 571 ἀπωλείᾳ,
1171 503 1308 572 μήτε
1343 502 1419 567 ὼς
1469 501 1710 574 Ποιητὴν
1761 503 1878 554 ἑπι-

1991 497 2361 568 impegerunt.
2389 494 2868 562 Quemadmodum
2891 494 2959 550 de
2986 493 3100 550 illis
3127 494 3411 566 propheta:
3449 494 3581 545 illud
3676 543 3680 547 .

3478 378 3584 436 Qui}

1991 587 2269 644 allirmat:
2311 604 2330 639 ι
2364 585 2739 641 Obverterunt
2788 586 2926 640 mihi
2971 593 3124 657 terga
3176 601 3298 650 sua,
3343 600 3457 641 non
3499 580 3583 636 fa-

1983 679 2099 735 cies
2122 678 2192 732 θ’.
2245 697 2264 730 ι
2312 679 2466 734 Adeo
2519 679 2864 749 reliquerunt
2917 678 3212 734 Dominum
3267 687 3580 734 creatorem

1985 785 2176 834 suum,
2205 785 2324 825 non
2359 781 2708 841 agnoverunt
2748 771 3095 827 conditorem
3130 785 3318 836 suum,
3360 784 3464 827 nec
3491 785 3581 826 re-

1985 861 2328 933 demptorem
2363 878 2526 918 suum
2555 871 2685 918 sunt
2721 863 2970 920 reveriti.

367 987 664 1046 Irrilarunt
692 1006 775 1046 me
803 990 908 1046 diis
937 990 1144 1048 alienis.
1178 983 1420 1062 [XXXIL
1443 987 1558 1062 i6.]
1579 985 1716 1058 Cum
1741 989 1809 1046 de
1828 989 1933 1049 diis
1964 992 2160 1048 alienis
2189 991 2438 1055 dixisset,
2473 991 2640 1047 infert
2669 1010 2683 1047 :
2713 1013 2731 1044 ι
2761 992 2824 1046 Ει
2849 992 3226 1046 sacriﬁcarunt
3265 989 3575 1059 daemoniis,

293 1092 405 1134 non
427 1077 560 1134 Deo.
596 1097 616 1131 ι
655 1077 733 1133 Ea
756 1079 902 1133 enim
927 1078 1235 1135 substantia
1256 1079 1476 1150 quidem
1499 1079 1616 1150 ipsa
1641 1095 1706 1134 ac
1735 1079 1954 1152 opiﬁcio
1981 1082 2072 1136 Dei
2099 1081 2320 1151 propria
2346 1087 2496 1135 sunt.
2535 1078 2763 1150 lmpium
2789 1095 2917 1134 vero
2940 1081 3280 1148 propositum
3303 1093 3329 1131 a
3361 1077 3472 1132 Deo
3493 1086 3580 1133 est

293 1167 564 1226 alienum.
591 1165 805 1231 Quibus
837 1165 930 1240 qui
968 1165 1272 1231 adhaerent,
1305 1169 1542 1238 vitaeque
1579 1166 1787 1224 fontem
1819 1167 2206 1232 deseruerunt,
2250 1168 2319 1225 ad
2363 1169 2572 1238 justum
2614 1169 2699 1224 sui
2737 1169 3071 1239 supplicium
3112 1167 3282 1221 Deum
3315 1181 3568 1229 commo-

294 1261 512 1309 verunt.
547 1251 649 1308 Ubi
691 1253 934 1317 humano
973 1269 1126 1310 more
1166 1255 1236 1318 de
1267 1256 1348 1319 ira
1388 1256 1482 1310 Dei
1523 1255 1734 1314 dictum
1758 1265 1882 1312 est:
1921 1275 1940 1309 ι
1980 1256 2115 1312 Nam
2146 1263 2537 1327 permutarunt
2576 1256 2757 1327 ipsum
2793 1270 2919 1310 cum
2965 1255 3073 1314 diis
3105 1255 3221 1312 heri
3256 1265 3346 1322 aut
3394 1255 3575 1328 pridie

299 1341 614 1414 fabrefactis
636 1341 677 1407 ³,
706 1359 728 1394 ι
749 1357 889 1411 quos
919 1357 1029 1396 non
1059 1343 1318 1413 cognovit
1347 1342 1648 1408 Abraham,
1689 1358 1792 1398 nec
1817 1343 2056 1413 majores
2090 1343 2286 1412 ipsius.
3030 1342 3039 1350 '

355 1431 428 1483 Et
469 1429 604 1484 uidit
637 1428 923 1496 Dominus,
949 1439 999 1483 et
1034 1431 1204 1484 iratus
1233 1439 1334 1485 est.
1367 1429 1508 1503 [19.]
1546 1431 1795 1485 Humana
1829 1433 2027 1486 iterum
2071 1430 2364 1486 aﬂ‘ectione
2413 1429 2687 1484 naturalis
2727 1429 2819 1485 Dei
2862 1436 3296 1498 repraesentetur
3329 1429 3575 1495 bonitas,

297 1530 405 1586 qua
435 1530 628 1571 omnes
679 1515 932 1571 homines
969 1518 1179 1572 servari
1220 1517 1394 1588 cupit,
1425 1527 1474 1572 et
1519 1519 1584 1572 ad
1626 1519 1877 1573 veritatis
1927 1518 2303 1589 cognitionem
2347 1519 2668 1589 pertingere
2691 1519 2734 1585 ',
2783 1532 2886 1572 nec
2922 1517 3236 1572 daemonum
3278 1518 3576 1589 praestigiis

295 1603 516 1676 agitari,
545 1619 753 1675 eosque
777 1605 868 1675 qui
904 1605 1039 1660 illud
1067 1605 1424 1662 admisissent
1453 1607 1728 1677 supplicio
1752 1607 2026 1676 condigno
2057 1609 2111 1661 iu
2145 1607 2291 1660 viam
2323 1621 2609 1662 revocare.

361 1735 475 1791 Kal
529 1735 889 1805 παρωξύνθη
947 1735 1024 1789 δι’
1079 1737 1269 1807 ὀργὴν
1320 1737 1470 1794 υἱῶν
1534 1741 1724 1796 αὐτοῦ
1784 1741 1885 1794 καί

289 1827 654 1900 θυγατέρων.
711 1828 850 1882 Κατ’
909 1829 1077 1900 ἄμφω
1134 1833 1246 1902 γὰρ
1315 1832 1422 1886 υἱοὶ
1485 1833 1580 1886 καὶ
1642 1832 1881 1902 θυγατέ-

297 1937 395 1990 ρες
445 1920 496 1978 el
541 1918 602 1984 ιξ
631 1919 874 1993 Ἰσραὴλ,
915 1919 1061 1982 κατὰ
1098 1920 1469 1994 δημιουργίαν
1504 1940 1566 1977 τε
1620 1926 1715 1978 καὶ
1756 1925 1880 1978 κατ’

292 2011 575 2071 οἱκείωσιν
593 2012 696 2083 τὴν
725 2012 881 2084 παρὰ
905 2013 976 2068 τὰ
1004 2013 1171 2068 λοιπὰ
1202 2014 1356 2085 ἔθνη.
1385 2016 1670 2087 Γράφεται
1699 2017 1757 2070 δὲ
1784 2020 1880 2073 καὶ

285 2103 465 2168 οὕτως
482 2119 498 2138 ο
524 2123 544 2156 ι
569 2102 700 2161 υίῶν
731 2104 914 2162 αὐτῶν
935 2105 1028 2160 καὶ
1041 2105 1381 2176 θυγατέρωνο
1397 2125 1418 2159 ι
1441 2108 1523 2162 ὃτι
1546 2109 1640 2162 καὶ
1667 2110 1880 2174 τούτοις

2061 1735 2131 1790 Et
2182 1737 2433 1791 irritatus
2477 1745 2557 1792 est
2601 1745 2816 1808 propter
2863 1738 3294 1806 provocationem
3338 1738 3577 1808 ﬁliorum

1987 1844 2230 1895 suorum,
2260 1837 2310 1883 et
2359 1829 2600 1896 ﬁliarum
2648 1845 2894 1884 suarum.
2943 1829 3024 1885 Ex
3069 1845 3228 1896 aequo
3269 1830 3414 1885 enim
3466 1838 3576 1884 tam

1987 1920 2087 1978 ﬁlii
2119 1935 2285 1992 quam
2323 1923 2448 1976 lilia:
2479 1938 2546 1976 ex
2579 1923 2848 1978 lsraelitis
2880 1923 3133 1978 oriunda:
3157 1923 3378 1992 Opiﬁcio
3403 1930 3457 1977 et
3492 1921 3578 1977 fa-

1986 2015 2307 2070 miliaritate
2352 2014 2450 2070 Dei
2483 2030 2682 2070 omnes
2713 2015 2958 2085 reliquas
2994 2016 3338 2086 superabant
3363 2025 3576 2085 gentes.

1987 2106 2205 2162 Pariter
2233 2116 2418 2162 autem
2444 2107 2612 2162 etiam
2640 2106 2707 2162 de
2732 2106 2864 2162 ﬁliis
2891 2122 3084 2163 eorum
3107 2115 3161 2161 et
3184 2106 3402 2163 filiabus
3435 2109 3580 2162 scri-

282 2195 428 2267 ⁶πρὸς
453 2194 554 2268 τὴν
579 2193 774 2267 ὁμοίαν
812 2196 1204 2268 καθηγήσαντο
1230 2197 1472 2268 πλάνην·
1505 2199 1540 2270 ἢ
1578 2199 1710 2269 γοῦν
1739 2219 1875 2270 προ.

1991 2199 2154 2264 bitur,
2189 2199 2450 2269 quoniam
2511 2199 2647 2269 ipsis
2681 2215 2906 2270 quoque
2949 2199 3020 2256 ad
3061 2199 3295 2254 similem
3328 2214 3574 2254 errorem

287 2290 572 2360 αναφωνεῖ
595 2289 728 2352 τοὺς
755 2289 1424 2362 ὕστερονὲσταυρωκότας
1452 2293 1717 2363 Χριστὸν,
1745 2297 1876 2366 περὶ

195 2427 203 2442 _.
282 2375 408 2436 ὦνό
435 2380 723 2452 προφήτης
752 2380 950 2452 φησιν’
969 2381 1066 2434 «Ai
1095 2382 1280 2450 χεῖρες
1308 2381 1464 2452 ὑμῶν
1485 2382 1718 2453 αἵματος
1738 2383 1875 2454 πλή-

284 2487 443 2544 ρεις·
481 2490 501 2526 ι
529 2471 580 2526 οἳ
621 2471 861 2528 καὶτῶν
896 2473 1154 2544 πατέρων
1178 2473 1442 2542 γεγόνασι
1486 2474 1873 2547 πονηρότεροι,

284 2565 385 2620 καὶ
412 2563 574 2637 δίκην
604 2564 792 2633 ετισαν
819 2563 920 2638 τὴν
949 2569 1363 2638 προσήκουσαν.

359 2771 495 2828 ὀτι
530 2772 712 2844 γενεὰ
744 2771 1197 2843 ἐξεστραμμένη
1225 2772 1436 2828 ἐστίν·
1467 2771 1587 2828 υἱοὶ
1630 2767 1723 2839 οἷς
1762 2772 1877 2828 οὐκ

280 2868 422 2923 ἐστι
458 2867 669 2933 πίστις
717 2866 790 2922 ἐν
836 2867 1065 2934 αὐτοῖς.
1125 2866 1365 2931 Ταύταις
1400 2869 1519 2930 ταῖς
1563 2866 1742 2933 λέξεσι
1781 2867 1880 2918 καὶ

279 2957 312 3010 6
348 2957 543 3028 Σωτὴρ
570 2957 630 3011 ὲν
663 2957 1027 3026 Εὐαγγελίοις
1060 2959 1354 3030 ἐχρήσατο,
1381 2958 1556 3012 εἰπὼν
1605 2957 1748 3029 πρὸς
1776 2956 1878 3010 αὑ-

277 3049 445 3118 τούς·
480 3068 500 3103 ι
528 3044 601 3104 *Ω
637 3050 803 3120 γενεὰ
853 3050 1085 3115 ἄπιστος
1136 3051 1234 3116 καὶ
1281 3051 1722 3128 διεστραμμένη,
1772 3051 1880 3120 ἓως

249 3171 261 3174 -
285 3145 423 3202 πότε
459 3142 658 3217 ἔσομαι
686 3143 826 3214 πρὸς
851 3143 1027 3214 Opis;
1051 3143 1157 3208 ἕως
1186 3143 1320 3198 πότε
1348 3144 1611 3213 ἀνέξομαι
1635 3143 1828 3213 ὑμῶν;
1855 3161 1876 3198 ι

282 3238 426 3292 Οὐδὲ
478 3238 588 3306 γὰρ
643 3237 832 3306 ἔτερόν
863 3237 980 3295 ἐστι
1005 3237 1064 3292 τὸ
1095 3238 1390 3309 λεγόμενον
1409 3253 1423 3268 ο
1463 3257 1482 3290 ι
1503 3233 1582 3294 τΗ
1631 3238 1714 3291 ὅτι
1745 3238 1882 3291 ἁπο-

281 3327 514 3402 στρέψω
557 3328 622 3384 τὸ
653 3328 950 3402 πρόσωπόν
1003 3347 1104 3400 μου
1135 3330 1231 3383 ἀπ’
1276 3328 1479 3383 αὐτῶν.
1520 3346 1540 3380 ι
1573 3329 1745 3384 Γενεὰ
1771 3327 1880 3401 γὰρ

278 3421 518 3486 ἄπιστός
562 3421 704 3490 ἐστι,
739 3421 816 3493 μὴ
843 3420 1049 3492 ἔχουσα
1085 3420 1290 3488 πίστιν,
1323 3421 1417 3475 καὶ
1449 3419 1878 3492 ὲξεστραμμὲνη

281 3517 396 3572 ἀπὸ
449 3514 551 3585 τῆς
585 3513 874 3586 ἀληθείας.
908 3514 1107 3583 Ἡμεῖς
1172 3511 1231 3570 δὲ
1299 3512 1400 3566 σὺν
1468 3509 1547 3582 τῷ
1596 3509 1876 3582 ψαλμῳδῴ

1977 2293 2240 2355 ductores
2298 2294 2656 2350 exstiterunt.
2701 2299 2783 2349 Ac
2831 2309 2966 2350 sane
3017 2294 3085 2349 de
3119 2293 3188 2348 iis
3239 2293 3333 2364 qui
3379 2302 3576 2364 postea

1977 2383 2257 2440 Christum
2324 2386 2378 2440 in
2430 2401 2652 2442 crucem
2705 2387 3042 2458 adegerunt,
3102 2388 3453 2441 vaticinatur.
3497 2385 3577 2450 Du

1977 2473 2186 2541 quibus
2225 2476 2494 2546 propheta
2528 2491 2755 2554 quoque
2783 2478 2858 2531 ait
2889 2495 2902 2532 :
2943 2496 2962 2529 ι
2993 2477 3184 2532 Manus
3215 2489 3414 2534 vestras
3443 2494 3578 2532 san-

1979 2567 2148 2634 guine
2197 2567 2378 2637 plenae
2431 2577 2566 2626 sunt
2594 2569 2637 2623 ³.
2669 2589 2689 2622 ι
2735 2569 2836 2636 Qui
2880 2580 3038 2628 certe
3088 2571 3415 2641 parentibus
3454 2573 3576 2634 suis

1982 2655 2202 2727 pejores
2236 2656 2481 2727 fuerunt,
2513 2667 2568 2716 ct
2599 2674 2820 2731 paruam
2855 2662 3110 2717 meritam
3153 2664 3394 2718 luerunt.

2058 2774 2324 2841 Quoniam
2382 2779 2654 2848 generatio
2710 2793 2961 2847 perversa
3007 2789 3109 2844 est,
3157 2780 3262 2849 ﬁlii
3291 2783 3346 2834 in
3383 2783 3573 2852 quibus

1985 2867 2139 2922 nulla
2167 2869 2299 2938 ﬁdes
2332 2878 2432 2924 est.
2469 2869 2612 2942 [‘20.]
2641 2869 2926 2938 Ejusmodi
2962 2872 3096 2926 illud
3128 2888 3348 2942 quoque
3383 2889 3412 2926 a
3443 2872 3576 2928 Ser-

1986 2969 2178 3016 vatore
2208 2961 2493 3031 proditum
2529 2979 2545 3017 2
2583 2979 2602 3013 ι
2638 2961 2683 3018 Ο
2716 2964 3004 3033 generatio
3029 2965 3314 3018 incredula
3358 2975 3410 3020 et
3448 2982 3576 3035 per-

1985 3067 2168 3119 versa,
2200 3067 2494 3122 quousque
2525 3053 2748 3115 tandem
2775 3056 3060 3110 vobiscum
3099 3057 3236 3114 ero?
3270 3075 3289 3110 ι
3323 3056 3576 3114 Potentia

1983 3157 2116 3201 vero
2161 3144 2299 3200 illud
2346 3143 2526 3204 dicit:
2561 3144 2865 3206 «Avertam
2907 3147 3102 3202 faciem
3157 3164 3332 3210 meam
3378 3150 3448 3204 ab
3478 3150 3569 3223 iis,

1985 3242 2045 3288 ut
2069 3235 2164 3305 qui
2200 3234 2364 3292 fidem
2391 3250 2502 3291 non
2536 3235 2802 3305 habeant,
2840 3247 2894 3292 et
2925 3253 2956 3291 a
2989 3240 3224 3295 veritate
3268 3257 3328 3296 se
3358 3250 3572 3297 averte-

1983 3325 2118 3380 riut.
2146 3322 2258 3382 Nos
2289 3339 2420 3380 vero
2447 3339 2716 3382 canamus
2745 3343 2760 3381 :
2798 3344 2817 3379 ι
2842 3324 2919 3381 Ne
2949 3337 3169 3383 avertas
3195 3326 3387 3382 faciem
3416 3336 3571 3384 tuam

1983 3431 2014 3472 a
2050 3432 2161 3482 me,
2211 3431 2317 3476 nec
2362 3418 2618 3474 deﬂeclas
2679 3419 2734 3473 in
2787 3419 2869 3473 ira
2903 3414 2933 3474 τί
2959 3435 3124 3476 servo
3175 3431 3272 3478 tuo
3293 3424 3336 3477 ⁸.
3362 3441 3382 3475 ι
3407 3421 3568 3478 Oculi

1983 3507 2129 3564 enim
2157 3506 2376 3563 Domini
2395 3507 2565 3580 justis
2594 3517 2728 3566 sunt
2765 3511 2963 3568 intenti
2986 3513 3029 3567 ἕ.

283 3606 582 3678 βοήσωμεν
624 3622 640 3636 ·
681 3623 702 3668 ι
739 3605 834 3679 Μὴ
880 3603 1236 3679 nomen];
1294 3603 1357 3662 τὸ
1405 3603 1703 3675 πρόσωπόν
1759 3619 1855 3656 σου
1885 3601 1981 3656 ἀπ’
2013 3600 2172 3672 ἐμοῦ.
2203 3618 2224 3653 ι

364 3743 434 3798 Et
466 3760 562 3814 ego
597 3758 800 3815 quoque
833 3741 1130 3812 provocabo
1151 3756 1270 3796 eum
1303 3741 1358 3796 in
1387 3757 1446 3796 eo
1480 3740 1572 3812 qui
1601 3757 1708 3795 non
1737 3747 1816 3794 est
1851 3737 2101 3810 populus,
2134 3744 2244 3794 etc.
2283 3736 2428 3811 [‘21.]
2461 3734 2688 3792 Gentem
2728 3738 3022 3794 barbaram
3065 3749 3259 3796 contra
3311 3758 3408 3799 eos
3442 3744 3574 3801 irri-

284 3833 446 3904 tabo.
479 3831 602 3890 Non
629 3832 780 3889 enim
820 3831 930 3888 illis
956 3839 1242 3901 tantopere
1284 3831 1436 3888 dolet
1471 3830 1738 3895 servitus,
1794 3843 1906 3883 non
1945 3827 2242 3898 dispersio,
2277 3843 2386 3883 non
2432 3828 2621 3896 templi
2671 3828 2918 3896 amissio,
2949 3839 3290 3900 quantOpere
3319 3835 3572 3904 gentium
3662 3831 3674 3842 '

285 3923 472 3994 pietas
499 3933 555 3977 et
585 3921 852 3992 dignitas,
886 3935 1078 3978 earum
1110 3919 1369 3974 videlicet
1398 3934 1522 3989 qua:
1547 3919 1703 3988 prius
1737 3915 1903 3972 rudes
1936 3923 2115 3981 erant,
2150 3930 2215 3970 ac
2240 3915 2296 3969 in
2337 3915 2670 3984 populorum
2700 3931 2994 3970 numerum
3025 3916 3223 3972 referri
3254 3933 3365 3974 non
3395 3921 3576 3991 digna

285 4010 688 4067 censebantur.
715 4006 1193 4074 Quemadmodum
1229 4006 1366 4066 illud
1411 4005 1662 4076 Apostoli
1697 4011 1955 4069 testatur,
1987 4019 2115 4058 cum
2161 4003 2384 4072 inquit:
2422 4021 2440 4054 ι
2471 4002 2761 4068 Quondam
2810 4017 2945 4058 vero
2975 4012 3032 4058 et
3081 4019 3182 4060 nos
3214 4021 3442 4064 eramus
3477 4009 3576 4065 dcc

287 4107 530 4158 mentes,
561 4096 756 4162 duri",
791 4114 810 4148 ι
847 4103 902 4151 et
937 4096 1170 4165 reliqua.
1203 4093 1319 4150 Imo
1351 4109 1485 4148 vero
1527 4108 1629 4148 nos
1659 4094 1840 4162 gentis
1880 4091 2105 4147 nomine
2152 4107 2264 4145 non
2301 4089 2586 4160 dignatur.
2629 4091 2708 4145 Eo
2751 4091 2900 4160 quod
2956 4091 3147 4148 ﬁdeles
3203 4109 3268 4149 ex
3312 4096 3577 4153 omnibus

285 4186 556 4259 gentibus
590 4185 704 4240 sint
735 4183 980 4242 collecti.
1033 4185 1112 4242 Ac
1153 4193 1371 4252 gentem
1411 4197 1531 4240 eam
1563 4196 1686 4252 qua:
1710 4179 1934 4237 Christo
1968 4177 2206 4234 credidit
2246 4192 2360 4232 non
2407 4193 2574 4232 unam
2606 4193 2734 4234 esse
2780 4186 2946 4250 atque
2991 4181 3311 4238 distinctam
3353 4185 3575 4240 asserit.

285 4274 442 4336 Gens
475 4273 641 4344 igitur
695 4287 791 4328 seu
827 4273 1067 4341 populus
1098 4270 1192 4332 Dei
1229 4286 1298 4326 ex
1351 4269 1769 4341 propinquitate
1827 4282 1926 4328 seu
1957 4266 2287 4337 cognatione
2341 4265 2692 4337 dogmatum,
2727 4281 2839 4323 non
2890 4283 2960 4330 ex
3015 4269 3296 4327 divisione
3328 4273 3576 4344 gentium

282 4361 554 4437 primitus
589 4359 760 4428 faeta,
794 4368 882 4426 est
913 4358 1250 4428 metiendus.
3547 4345 3553 4354 '

358 4489 496 4544 ὀτι
525 4487 650 4559 πῦρ
678 4487 1042 4543 ἐκκέκαυται
1068 4487 1137 4541 ἐκ
1176 4485 1285 4540 τοῦ
1313 4483 1506 4556 θυμοῦ
1545 4501 1691 4555 μου,
1732 4501 1879 4539 καυ-

2059 4483 2330 4551 Quoniam
2363 4486 2506 4556 ignis
2559 4484 2876 4557 ﬂagrauit'e
2926 4487 3112 4558 furore
3146 4507 3284 4556 meo,
3325 4501 3378 4546 et
3420 4508 3581 4548 exar-

284 4582 544 4651 θήσεται
575 4582 689 4649 ἕως
723 4581 874 4650 ᾅδου
899 4580 1264 4637 κατωτάτου.
1296 4580 1570 4650 Καθάπερ
1597 4579 1702 4651 ἤδη
1738 4597 1878 4650 προ-

1991 4576 2164 4631 descet
2197 4577 2266 4630 ad
2324 4579 2539 4648 inﬁmos
2580 4579 2803 4644 inferos.
2839 4578 2978 4652 [22.]
3029 4580 3173 4651 Ignis
3223 4583 3372 4638 enim
3404 4600 3576 4642 vorax

283 4677 470 4742 εἶπεν,
513 4677 542 4730 ὀ
588 4674 724 4738 Θεὸς
751 4673 914 4746 ἡμῶν
941 4673 1078 4746 πῦρ,
1146 4672 1547 4727 καταναλίσκον
1581 4673 1712 4734 τοὺς
1747 4671 1879 4724 ἀσε-

1991 4666 2136 4725 Deus
2187 4680 2272 4725 est
2297 4671 2339 4726 ⁸.
2376 4670 2481 4737 Qui
2533 4671 2602 4724 ab
2641 4671 2825 4741 impiis
2872 4673 3207 4742 supplicium
3249 4675 3416 4730 sumit
3455 4691 3580 4731 cer-

281 4771 430 4835 6εἲς,
480 4767 908 4840 τιμωρούμενος
960 4767 1091 4832 τοὺς
1121 4765 1576 4836 ἀνθισταμένους,
1627 4765 1758 4818 ὅταν
1811 4765 1879 4817 ὲκ

1991 4760 2292 4828 tissimum,
2335 4769 2390 4817 et
2441 4763 2494 4816 in
2543 4760 2802 4818 Plutonis
2841 4761 3023 4817 forum
3067 4766 3388 4831 committit,
3433 4766 3478 4823 si
3509 4767 3584 4823 ab

278 4860 388 4933 τῆς
438 4861 642 4932 ἀνοχῆς
687 4859 786 4916 καὶ
826 4862 931 4933 τῆς
989 4857 1378 4940 μακροθυμίας
1417 4856 1746 4931 ἐπιστρέψαι
1799 4855 1876 4930 μὴ

1991 4853 2338 4909 induciarum
2375 4853 2698 4909 divinarum
2738 4855 2827 4910 die
2860 4854 2930 4920 ad
2968 4871 3098 4918 eum
3155 4873 3216 4924 se
3255 4869 3584 4924 convertere

281 4954 624 5026 βουληθῶσι.

1991 4946 2287 5002 noluerint.

365 5087 386 5122 ι
429 5066 544 5123 Sibi
579 5065 717 5137 ipsis
751 5067 897 5122 enim
929 5067 1193 5138 colligunt
1225 5067 1363 5120 iram
1388 5065 1444 5121 in
1475 5064 1565 5121 die
1597 5065 1692 5120 ira:
1709 5065 1753 5119 '.
1798 5082 1816 5116 ι
1851 5090 1921 5103 -—
1955 5079 1973 5114 ι
2008 5057 2259 5118 lncedite
2292 5061 2464 5128 enim,
2503 5059 2706 5133 inquit,
2737 5060 2791 5118 in
2827 5061 3038 5124 lumine
3067 5061 3226 5126 faeiei
3260 5073 3480 5133 veStrze,
3518 5075 3575 5136 et

280 5156 347 5214 in
377 5155 594 5219 ﬂamma
630 5169 796 5226 quam
829 5155 1204 5211 succendistis
1229 5152 1296 5208 ‘°.
1330 5171 1350 5206 ι

362 5289 474 5360 Τὴν
500 5285 596 5342 οὖν
638 5287 914 5348 Ἰουδαίων
937 5289 1266 5345 τελευταίαν
1294 5286 1532 5342 ἐνταῦθα
1561 5286 1876 5358 προθεσπί-

2057 5287 2334 5344 Caeterum
2368 5289 2424 5343 in
2454 5288 2543 5343 his
2571 5289 2760 5346 verbis
2798 5289 3175 5360 perpendatur
3196 5298 3445 5346 extrema
3478 5309 3579 5362 per

282 5380 378 5447 ζει
397 5378 699 5446 ἀπώλειαν,
727 5380 796 5454 ἢν
826 5381 924 5435 καὶ
947 5381 1263 5452 ὑπέστησαν
1285 5381 1394 5435 ὑπὸ
1420 5381 1706 5450 Ῥωμαίων
1736 5379 1876 5451 μετὰ

1991 5391 2202 5454 gentem
2270 5381 2580 5438 Romanam
2640 5382 2786 5438 facta
2862 5383 3195 5449 interuecio,
3256 5402 3363 5456 qua
3423 5395 3574 5444 terra

275 5477 390 5548 τὴν
415 5476 498 5540 εις
528 5473 768 5549 Χριστὸν
800 5473 1112 5548 παροινίαν,
1141 5475 1236 5530 καὶ
1269 5475 1368 5548 τὴν
1395 5475 1507 5530 τῶν
1537 5475 1714 5534 ἐθνῶν
1740 5475 1873 5546 κλῇ-

1991 5476 2234 5546 ipsorum
2302 5483 2391 5536 est
2465 5484 2702 5542 vastata,
2749 5475 2919 5552 468
2966 5492 3033 5533 ac
3079 5477 3417 5538 inﬂammata
3445 5521 3462 5545 ,
3518 5490 3576 5538 et

285 5575 402 5615 σιν.
1985 5567 2254 5623 montium
2334 5567 2733 5637 fundamenta,
2779 5585 2880 5634 seu
2955 5570 3174 5634 radices
3239 5572 3364 5644 igne
3442 5580 3576 5637 sunt

358 5744 413 5777 "
440 5743 643 5801 Jerem.
681 5759 743 5808 ιι.
773 5745 864 5802 27.
943 5747 960 5780 ¹
993 5745 1127 5801 ibid.
1165 5747 1253 5801 il.
1331 5747 1352 5780 ⁸
1378 5743 1407 5799 1
1454 5744 1588 5800 Γίιη.
1617 5761 1682 5812 ιι,
1716 5745 1770 5800 4.

1875 5745 2038 5820 "[53.
2074 5763 2115 5810 ι,
2169 5745 2278 5820 l5.
2371 5745 2642 5820 ‘Matth.
2701 5764 2831 5820 xvii,
2891 5745 2976 5806 16.

293 5818 323 5854 ⁶
349 5816 496 5882 Psal.
530 5831 730 5886 sunt,
754 5816 843 5874 lB.
955 5818 973 5848 ⁷
1008 5817 1116 5874 Tit.
1154 5833 1237 5886 ιιι,
1265 5818 1320 5874 3.

3078 5749 3100 5784 '
3124 5749 3270 5809 Psal.
3319 5765 3487 5821 cuit,
3509 5751 3576 5813 7.

1429 5817 1452 5850 ⁸
1483 5817 1638 5876 Deut.
1672 5832 1750 5885 Ix,
1786 5815 1842 5872 5.
1901 5817 1944 5905 I'
1970 5816 2136 5875 Rom.
2165 5836 2226 5889 ιι,
2251 5819 2306 5874 5.
2391 5819 2436 5854 ¹-⁶
2464 5817 2568 5887 lsa.
2599 5815 2653 5892 ι,
2689 5821 2776 5875 ll.
