3956 6428
451 434 556 499 sm
1797 418 2155 481 PROCOPH
2184 417 2429 476 GAZ/EI
3608 416 3698 479 sta

458 543 776 611 absumptae,
810 547 863 594 et
894 538 947 592 iu
980 533 1399 606 propugnacula
1434 527 1850 602 transfugarum
1897 527 2115 584 excelsa
2157 536 2213 580 et
2246 526 2456 579 munita
2492 536 2756 579 cavernas
2787 521 2915 575 item
2966 526 3021 574 et
3067 515 3303 573 latibula
3353 514 3603 573 redacta.
3647 520 3699 573 hi.

452 632 570 687 haec
607 629 829 696 quidem
870 642 934 679 ex
961 625 1212 678 hismria.

524 741 695 796 Porro
723 739 861 791 alius
896 745 983 790 est
1013 734 1165 804 ignis
1191 733 1432 797 divinus,
1470 733 1565 802 qui
1608 746 1825 786 omnem
1860 739 2025 786 terre-

2198 727 2328 799 -Πῦρ
2360 728 2510 781 ἂπαν
2545 727 2604 780 τὸ
2634 724 2834 795 γεῶδες
2864 723 3071 792 γίνεται
3117 721 3407 792 φρόνημα,
3447 722 3544 776 καὶ
3588 741 3703 778 κατ-

453 839 621 888 strcm
662 828 909 896 depascit
937 838 1166 881 sensum
1202 822 1473 885 videlicet,
1500 838 1564 876 ex
1599 836 1711 892 quo
1738 821 2023 885 scortatio,

2154 818 2309 872 εσθίει
2337 820 2463 881 τοὺς
2499 816 2945 889 προστετηκότας
2967 817 3034 885 τῇ
3059 815 3155 884 γῇ,
3183 813 3283 866 καὶ
3304 812 3376 866 τὰ
3405 814 3702 884 γεννήματα

452 918 805 981 adulterium,
838 914 1268 971 simulacrorum
1303 912 1510 976 cultus,
1535 919 1589 966 et
1621 910 1724 963 alia
1751 905 2027 979 ejusmodi

2154 911 2193 963 ἰὲ
2213 912 2312 980 τῆς
2337 910 2463 981 γῆς,
2498 910 2780 980 πορνείαν,
2820 906 3090 978 μοιχείαν,
3119 903 3597 975 εἰδωλολατρείαν,
3624 907 3705 959 καὶ

450 1019 777 1067 nascuntur.

2154 1001 2208 1055 ιὰ
2249 1002 2397 1074 ἑξῆς.
2430 1000 2619 1055 Ταῦτα
2671 1001 2781 1071 γὰρ
2829 998 2929 1070 τῆς
2978 998 3036 1052 ὲν
3080 999 3216 1069 ἡμῖν
3271 995 3379 1065 γῆς
3431 994 3501 1048 τὰ
3531 999 3705 1068 γεννή-

2140 1110 2311 1165 ματα.

522 1187 790 1243 Montium
842 1201 974 1242 vero
1030 1184 1209 1239 fulcra
1260 1183 1295 1237 ii
1347 1189 1475 1236 sunt
1522 1181 1613 1251 qui
1671 1195 1793 1235 sese
1844 1189 2037 1235 contra

2208 1185 2323 1240 Καὶ
2365 1184 2431 1238 τὰ
2466 1184 2694 1253 θεμέλια
2728 1182 2838 1236 τῶν
2865 1181 3058 1254 ὀρέων,
3093 1178 3391 1251 τροπικῶς
3422 1178 3708 1250 λεγομένων

451 1281 662 1337 Christi
686 1280 1057 1351 cognitionem
1085 1276 1346 1338 efferunt,
1369 1275 1659 1328 comburet
1683 1273 1826 1326 enim
1845 1272 2035 1327 mundi

2154 1275 2312 1344 Βρέων
2350 1274 2459 1329 τῶν
2487 1274 2582 1328 καὶ
2616 1274 2998 1345 ἐπαιρομένων
3027 1271 3174 1325 κατὰ
3213 1271 3320 1342 τῆς
3350 1269 3601 1340 γνώσεως
3625 1270 3707 1327 τοῦ

452 1374 619 1445 hujus
650 1373 978 1445 principem,
1022 1386 1151 1425 cum
1183 1378 1296 1423 tota
1325 1368 1501 1438 ipsius
1534 1380 1721 1421 manu.

2154 1365 2298 1430 θεοῦ,
2330 1363 2514 1433 φλέξει
2551 1366 2680 1427 τοὺς
2725 1361 3034 1434 θεμελίους,
3071 1358 3220 1433 [καὶ]
3262 1362 3605 1430 καταργήσει
3632 1362 3709 1415 τὸν

2138 1453 2376 1525 ἄρχοντα
2404 1453 2499 1507 τοῦ
2529 1452 2723 1517 αἰῶνος
2753 1452 2974 1520 τούτου,
3000 1450 3227 1515 καὶτὰς
3259 1452 3355 1505 ὑπ’
3381 1450 3544 1506 αὑτὸν
3567 1469 3709 1525 πονη-

2140 1544 2241 1617 ρὰς
2266 1543 2544 1615 δυνάμεις.

522 1684 848 1757 Huiusmodi
881 1683 1026 1740 enim
1052 1679 1308 1753 quiddam
1353 1679 1614 1736 Servator
1650 1694 1872 1750 quoque
1901 1677 2134 1749 indicat,
2170 1696 2297 1736 cum
2325 1681 2548 1752 inquit:
2580 1700 2599 1736 ι
2624 1680 2803 1739 Dicite
2837 1682 3011 1739 monti
3064 1681 3200 1739 huic
3229 1700 3247 1739 :
3282 1680 3532 1740 Amolire
3558 1690 3629 1752 te,
3650 1692 3697 1742 et

454 1778 744 1834 amolielur
772 1774 837 1827 ¹¹.
872 1792 891 1826 ι

524 1913 866 1987 Congregabo
881 1928 1039 1982 super
1055 1927 1144 1966 eos
1169 1911 1336 1972 maia,
1353 1920 1399 1964 et
1418 1913 1644 1980 sagittas
1664 1925 1805 1963 meas
1828 1911 1881 1965 in
1900 1913 2031 1980 ipsis

455 2009 755 2064 absumam.
785 2003 1025 2077 [XXXIL
1050 2003 1170 2075 25.]
1195 2003 1461 2057 Patientia
1492 2002 1586 2057 Dei
1613 2002 1908 2069 indicatur,
1931 2004 2037 2060 hoc

2213 1908 2463 1972 Συνὰξω
2521 1910 2610 1974 εις
2636 1907 2860 1975 αὐτοὺς
2906 1909 3082 1976 κακὰ,
3128 1908 3237 1965 καὶ
3291 1908 3370 1963 τὰ
3413 1907 3570 1976 ,βέλη
3610 1925 3706 1977 μου

2144 2001 2498 2055 συντελέσω
2526 2003 2614 2067 εἰς
2656 2002 2899 2067 αὐτούς.
2932 2001 3006 2054 Τὸ
3037 2000 3453 2073 μακροθυμεῖν,
3484 2000 3707 2066 συνάγειν

456 2101 712 2168 colligere
761 2098 904 2151 mala
950 2103 1143 2149 contra
1196 2093 1615 2163 immorigeros,
1642 2110 1765 2163 quae
1810 2095 2031 2165 ipsimet

2154 2092 2353 2160 λέγεται
2404 2091 2548 2145 κατὰ
2585 2092 2696 2145 τῶν
2744 2092 3122 2146 ἀπειθούντων
3176 2091 3356 2147 κακά.
3413 2093 3483 2146 ’Ἀ
3528 2089 3707 2162 κυρίως

457 2189 759 2247 conciliant
788 2187 882 2257 qui
916 2200 1025 2239 non
1054 2190 1381 2254 paruerunt.
1406 2181 1600 2237 Omnis
1629 2183 1685 2237 in
1717 2183 1786 2238 iis
1815 2183 2038 2239 cuditur

458 2283 607 2347 faba,
626 2280 716 2350 qui
756 2276 958 2333 meraci
988 2276 1247 2345 poculum
1273 2282 1569 2341 evacuant,
1596 2289 1872 2346 omneque
1903 2291 2039 2346 sup-

2146 2182 2265 2237 καθ’
2299 2182 2508 2237 ἑαυτῶν
2536 2183 2586 2234 οἱ
2621 2182 2695 2253 μὴ
2726 2181 3050 2245 πεισθέντες
3082 2182 3445 2251 συνάγουσιν,
3491 2179 3605 2234 ὅλον
3631 2179 3707 2234 ἐπὶ

2144 2274 2290 2328 τέλει
2326 2274 2448 2329 καθ’
2487 2274 2700 2328 ἑαυτῶν
2741 2274 3100 2339 ἐκκενοῦντες
3132 2275 3198 2329 τὸ
3228 2273 3329 2327 τοῦ
3360 2273 3598 2345 ἀκράτου
3626 2287 3705 2323 πο-

375 4270 383 4277 ’
467 4265 626 4334 spina
677 4271 807 4318 sunt
840 4262 1016 4328 dorsi,
1058 4276 1180 4330 quae
1221 4268 1397 4314 totum
1457 4275 1659 4327 corpus
1711 4270 1859 4316 retro
1908 4264 2045 4334 agit,

460 2375 686 2448 plicium
722 2371 777 2427 in
807 2370 916 2426 illis
949 2368 1268 2425 insumitur.

2154 2369 2369 2439 τήριον,
2422 2367 2607 2438 πάσης
2656 2365 2746 2419 ἐπ’
2781 2367 2986 2430 αὐτοὺς
3034 2365 3316 2437 τιμωρίας
3372 2362 3707 2432 συντελουμέο

2146 2476 2245 2530 νης
2252 2496 2268 2512 ο

530 2578 665 2644 Quae
693 2573 912 2646 quidem
949 2572 1042 2628 Dei
1065 2569 1338 2640 elegantia
1375 2568 1483 2624 tela
1512 2568 1796 2635 dicuntur,
1821 2568 1890 2625 de
1915 2570 2038 2641 qui-

2219 2570 2361 2643 Βέλη
2392 2570 2449 2624 δὲ
2483 2574 2693 2646 Κυρίου
2725 2570 2843 2646 [τὰ]
2874 2570 3013 2644 πρὸς
3063 2568 3420 2640 ἐπιστροφὴν
3467 2568 3557 2622 καὶ
3600 2582 3705 2619 παι-

459 2664 565 2721 hus
594 2662 699 2718 Job
727 2664 843 2717 ait:
876 2680 895 2711 ι
932 2659 1060 2714 Tela
1103 2659 1249 2715 enim
1301 2658 1517 2712 Domini
1558 2659 1613 2713 in
1645 2674 1884 2731 corpore
1917 2674 2038 2715 meo

2154 2662 2297 2717 Βείαν
2336 2665 2680 2735 ὲπαγόμενα,
2713 2663 2900 2728 καθὼς
2939 2662 3035 2717 καὶ
3068 2664 3096 2716 ὁ
3137 2660 3265 2716 Ἰὼϐ
3314 2661 3499 2729 λέγει·
3535 2676 3554 2710 ι
3589 2657 3704 2725 Βέλη

459 2763 621 2818 sunt,
678 2766 915 2823 quorum
976 2750 1159 2804 rabies
1208 2747 1532 2818 sanguinem
1592 2764 1773 2802 meum
1832 2749 2041 2803 exhau-

2154 2754 2359 2824 Κυρίου
2387 2756 2446 2807 ὲν
2470 2756 2549 2827 τῷ
2579 2756 2792 2826 σώματί
2831 2755 2936 2824 μού
2965 2754 3135 2807 εισινο
3169 2747 3248 2807 ὧν
3277 2755 3308 2806 ὁ
3331 2749 3509 2821 θυμὸς
3525 2747 3704 2803 ἐκπίνει

459 2847 534 2901 rit
558 2846 637 2911 ης
673 2862 692 2895 ι
723 2873 793 2883 —-
820 2861 838 2892 ι
865 2839 1089 2911 sanguis
1117 2838 1263 2893 enim
1297 2848 1353 2892 ct
1385 2852 1515 2892 caro
1554 2837 1650 2892 Dei
1689 2839 1838 2909 regni
1868 2840 2040 2893 haere-

2154 2862 2258 2915 μου
2289 2846 2351 2900 τὸ
2384 2844 2546 2916 αἷμα.
2582 2867 2601 2900 ι
2639 2845 2792 2919 Αἷμα
2822 2848 2932 2917 γὰρ
2964 2846 3061 2899 καὶ
3103 2845 3250 2918 σὰρξ
3278 2844 3556 2917 βασιλειαν
3591 2838 3704 2895 Θεοῦ

458 2935 686 2992 ditatem
718 2947 827 2987 non
854 2938 1265 3000 consequentur
1288 2926 1353 2982 “.
1386 2945 1406 2978 ι

2154 2935 2214 2987 οὐ
2241 2936 2735 3009 κληρονομήσουσι.

532 3061 846 3131 Consumpti
903 3059 1043 3130 fama
1078 3066 1130 3113 et
1168 3067 1329 3126 pastu
1363 3057 1560 3121 avium,
1592 3056 1719 3111 item
1766 3066 1978 3115 tetanus
2022 3064 2455 3124 immedicabilis.
2499 3067 2644 3141 [ΞΜ
2696 3070 2907 3127 Bellum
2957 3077 3153 3126 contra
3222 3064 3701 3124 Nabuchodonosor

459 3161 674 3227 gestum
703 3148 986 3220 prazcessit
1031 3144 1226 3210 fames,
1268 3144 1337 3200 de
1391 3160 1501 3215 qua
1547 3146 1604 3199 in
1645 3144 1885 3204 Threnis
1940 3149 2210 3209 Jeremias
2250 3155 2468 3226 inquit:
2508 3174 2528 3209 ι
2566 3157 2905 3213 Deficiebant
2952 3172 3066 3230 prae
3099 3157 3367 3228 lacrymis
3413 3153 3552 3210 oculi
3595 3149 3702 3210 mei.

464 3238 843 3311 perturbatum
883 3243 1003 3289 erat
1030 3248 1127 3288 cor
1157 3246 1362 3294 meum,
1390 3230 1625 3287 eﬂ‘usum
1657 3233 1711 3287 in
1747 3241 1951 3291 terram
1980 3239 2138 3309 jecur
2161 3257 2366 3310 meum,
2399 3253 2625 3315 propter
2652 3247 3179 3317 conquassationem
3215 3245 3344 3299 ﬁlia:
3377 3240 3553 3314 populi
3590 3236 3699 3299 mei.

460 3343 591 3383 cum
620 3325 788 3380 animi
818 3323 1119 3394 deliquium
1155 3328 1477 3389 paterentur
1517 3320 1774 3389 infantes,
1804 3332 1858 3379 et
1897 3326 2163 3386 lactentes
2203 3332 2257 3386 in
2298 3335 2500 3403 plateis
2533 3335 2796 3401 civitatis,
2827 3336 3087 3391 dicebant
3120 3335 3404 3390 matribus
3442 3331 3589 3388 suis:
3618 3325 3701 3382 υιιῑ

459 3422 548 3471 est
586 3412 947 3471 frumentum,
982 3409 1076 3464 ubi
1109 3408 1299 3462 vinum
1331 3405 1413 3460 ἠ
1443 3425 1463 3459 ι
1503 3414 1557 3461 et
1592 3409 1827 3480 reliqua.
1863 3410 1996 3468 Orta
2029 3416 2290 3490 deinceps
2342 3437 2564 3493 quoque
2595 3431 2704 3489 est,
2740 3439 2866 3479 cum
2903 3424 3139 3479 Romani
3173 3425 3370 3478 urbem
3400 3418 3696 3476 obsiderent.

462 3502 643 3556 fames
672 3497 1029 3570 gravissima,
1061 3495 1126 3551 de
1158 3508 1267 3564 qua
1307 3493 1598 3549 historiam
1622 3493 1900 3566 Josepbus
1938 3508 2245 3562 contexuit.
2281 3510 2556 3567 Caeterum
2602 3513 2658 3567 in
2696 3514 2792 3567 tali
2827 3527 3014 3567 rerum
3064 3519 3220 3567 statu
3247 3527 3346 3567 eos
3389 3522 3596 3581 quoque
3627 3501 3701 3574 qui

463 3603 591 3644 aves
648 3586 885 3653 aucupio
927 3592 1199 3639 venantur
1228 3582 1317 3636 vix
1350 3597 1411 3638 se
1464 3598 1654 3647 earum
1698 3585 1823 3641 cibo
1866 3598 2183 3650 sustentare
2227 3612 2389 3666 posse
2424 3610 2859 3657 consentaneum
2908 3609 3014 3657 εει,
3059 3599 3341 3667 Quoniam
3369 3605 3491 3670 ροθι
3532 3595 3699 3649 famem

461 3674 772 3746 gravissimi
803 3674 1125 3745 plerumque
1155 3670 1331 3725 morbi
1363 3670 1619 3736 veniunt,
1651 3674 1746 3742 qui
1780 3690 1881 3745 per
1911 3685 2159 3736 tetanum
2200 3683 2616 3754 signiﬁcantur.

533 3813 714 3870 Nolim
733 3826 862 3867 vero
888 3823 1199 3880 repugnare
1227 3807 1271 3862 si
1297 3809 1422 3878 quis
1450 3807 1565 3863 haec
1588 3808 1658 3865 de
1682 3821 1840 3881 pastu
1867 3814 2043 3870 avium

2228 3820 2390 3876 Εἴποι
2436 3822 2483 3876 δ’
2516 3822 2585 3876 ἄν
2613 3839 2700 3887 τις
2735 3824 2831 3877 καὶ
2888 3822 3035 3877 κατὰ
3081 3820 3368 3892 ἀναφορὰν
3415 3817 3521 3872 τῶν
3568 3814 3618 3867 ἐν
3643 3808 3698 3878 τῇ

460 3905 613 3961 dicta
665 3913 815 3967 sunt,
866 3916 934 3957 ex
984 3900 1152 3956 rebus
1209 3899 1264 3952 in
1309 3897 1550 3971 Egypto
1598 3901 1766 3971 gestis
1821 3906 2043 3974 repetita

2154 3908 2352 3980 ἐρήμῳ
2406 3910 2660 3981 εἰρῆσθαι
2709 3910 2790 3978 τὸ,
2836 3910 3037 3982 βρώσει
3096 3912 3340 3981 ὀρνέων
3385 3909 3472 3962 ὅτε
3512 3918 3608 3972 περ
3634 3899 3698 3960 εις

464 4010 632 4058 esse,
691 3991 911 4063 quando
966 3991 1227 4046 videlicet
1295 3989 1350 4044 in
1417 3990 1581 4045 bilem
1629 3991 2043 4050 comedentibus

2154 3998 2388 4070 χολέραν
2418 4002 2606 4065 αὐτοῖς
2634 4002 2944 4075 μετεϐλήθη
2980 4002 3239 4073 φαγοῦσι.
3594 4022 3601 4029 ’

467 4099 597 4140 aves
635 4082 1058 4151 degenerarunt.
3588 4104 3591 4107 .

536 4172 635 4229 Est
681 4187 812 4226 vero
851 4179 1069 4225 telauus
1101 4168 1409 4224 contractio
1435 4170 1809 4225 musculorum
1841 4186 1964 4240 quae
1994 4171 2043 4225 in

2239 4175 2297 4229 Ὀ
2333 4175 2685 4238 ὀπισθότονος
2743 4178 2997 4248 σπασμὸς
3016 4177 3126 4232 τῶν
3149 4178 3208 4231 ὲν
3238 4178 3393 4249 ρἀει
3416 4170 3523 4243 (I2)
3551 4166 3693 4238 μυῶν,

2152 4266 2276 4322 ὅλον
2309 4269 2390 4333 εἰς
2424 4269 2671 4321 τούπίσω
2718 4269 2898 4323 ⁴ἐλκων
2942 4269 3003 4322 τὸ
3054 4268 3237 4338 σῶμα,
3268 4269 3363 4323 καὶ
3396 4265 3470 4328 ὡς
3509 4264 3695 4315 evasta-

2158 4358 2322 4428 μένον
2354 4357 2509 4424 τόξον
2542 4359 3015 4432 ἀπεργαζόμενος.
3043 4360 3165 4413 Εἰσὶ
3191 4359 3251 4412 δὲ
3273 4355 3443 4412 ταῦτα
3464 4352 3550 4407 καὶ
3572 4344 3694 4412 πάθη

2152 4449 2354 4520 ψυχῆς,
2393 4452 2496 4521 τὴν
2529 4451 2638 4505 ἀπὸ
2692 4450 2789 4506 τοῦ
2823 4451 2959 4505 Θεοῦ
3023 4449 3380 4521 ἀποστροφὴν
3424 4434 3695 4501 ὲπιδεικνύυ

2156 4558 2318 4614 μενα,
2368 4542 2646 4615 μηδεμίαν
2673 4545 2753 4608 είς
2805 4543 3004 4607 αὐτοὺς
3046 4543 3419 4612 ὑποφαίνοντα
3458 4528 3693 4601 σωτηρίας

2149 4633 2364 4689 ἐλπίδα.
2399 4635 2580 4707 Διμδν
2608 4637 2708 4706 μὲν
2742 4635 2854 4708 γὰρ
2893 4637 3191 4708 νοήσομεν,
3231 4633 3357 4690 καθ’
3386 4632 3444 4686 ὃν
3482 4628 3573 4682 οὐκ
3599 4621 3692 4674 ἐστι

2150 4728 2283 4798 παρ’
2319 4728 2504 4790 αὐτοῖς
2534 4727 2693 4797 λόγος
2759 4727 2932 4782 Θεοῦο
2983 4728 3191 4801 βρῶσιν
3231 4727 3289 4781 δὲ
3342 4722 3555 4794 ὀρνέων,
3589 4711 3695 4771 τοὺς

468 4356 802 4424 intensoque
851 4352 1003 4407 arcui
1045 4351 1279 4406 similem
1342 4349 1524 4406 edicit.
1563 4348 2049 4411 Verumenimvcro

468 4458 531 4503 ut
570 4447 856 4501 historiam
884 4445 1109 4499 missam
1134 4441 1429 4509 faciamus,
1464 4443 1882 4501 consideremus
1919 4447 2046 4516 qui-

468 4542 588 4596 dem
622 4539 819 4594 famem
859 4553 968 4608 qua
1001 4537 1122 4606 ejus
1169 4537 1354 4603 inopia
1405 4536 1726 4590 laborarunt
1767 4540 1861 4608 qui
1891 4539 2046 4596 dice-

467 4636 600 4684 ret:
658 4646 676 4678 ι
713 4627 839 4682 Haec
891 4626 1025 4682 dicit
1074 4625 1364 4680 Dominus.
1392 4644 1410 4676 ι
1469 4624 1635 4679 Esnm
1680 4642 1810 4681 vero
1846 4630 2050 4696 avium,

470 4737 567 4793 per
609 4720 803 4775 inanes
843 4735 1155 4783 sermones,
1192 4721 1357 4788 inque
1405 4732 1533 4773 aera
1564 4718 1769 4775 frustra
1809 4720 2051 4791 jactatos

469 4812 693 4884 quando
748 4826 1034 4877 sacrarum
1083 4809 1422 4865 Litterarum
1470 4812 1711 4867 studium
1769 4813 1913 4880 apud
1956 4828 2043 4868 eos

2154 4820 2345 4883 κενοὺς
2383 4820 2604 4891 λόγους,
2652 4821 2751 4876 καὶ
2782 4821 2965 4895 μάτην
3004 4823 3086 4884 εἰς
3130 4820 3271 4892 ἀέρα
3323 4808 3689 4880 διῖπταμένους·

474 4903 716 4968 refrixit,
747 4903 905 4972 juxta
957 4900 1221 4955 Daviilem
1271 4904 1364 4971 qui
1399 4903 1531 4957 dicit
1564 4923 1578 4958 :
1624 4923 1643 4955 ι
1675 4903 1861 4961 Rebus
1890 4906 2043 4963 vanis

2154 4912 2227 4965 Οὐ
2263 4911 2569 4967 παύσονται
2597 4912 2707 4986 γὰρ
2751 4916 2810 4967 ὲν
2844 4913 3058 4976 τούτοις
3085 4911 3417 4984 μελετῶντες
3460 4895 3687 4986 ματαίφςν

470 4994 743 5050 dederunt
793 5005 1017 5062 operam
1041 4992 1105 5045 ιδ.
1144 5010 1162 5042 ι
1197 4991 1467 5045 Tetanum
1511 5008 1642 5048 vero
1669 5009 1765 5064 per
1806 4994 1859 5050 id
1901 4997 2043 5066 quod

2154 5004 2232 5066 ὥς
2263 5020 2434 5073 φησιν
2462 5006 2490 5058 ὀ
2511 4985 2710 5058 Δαϐίδέ
2747 5024 2766 5058 ι
2791 5004 3165 5076 Ἐμελέτησαν
3198 5001 3352 5067 κενὰ,
3383 4998 3461 5059 εις
3485 4985 3691 5045 τούπίσω

483 5088 653 5142 citato
677 5086 846 5157 gradu
871 5089 1164 5139 cesserunt
1202 5090 1370 5137 retro.

2160 5095 2473 5167 χωροῦντες
2498 5097 2938 5170 ἀμεταστρεπτί.
2966 5117 2985 5151 ι

548 5179 744 5235 Nullus
771 5179 916 5233 enim
947 5177 1041 5248 qui
1080 5191 1304 5230 manum
1338 5184 1525 5230 aratro
1558 5174 1824 5244 admovit,
1846 5187 1900 5234 et
1929 5196 2189 5243 reversus
2211 5197 2316 5255 est,
2350 5188 2418 5243 ad
2446 5194 2678 5260 regnum
2711 5192 2981 5246 cmiorum
3012 5198 3175 5262 aptus
3206 5197 3293 5247 est
3317 5185 3379 5239 ⁸⁸.
3414 5173 3557 5246 Quod
3582 5178 3688 5225 sane

472 5283 600 5325 cum
652 5282 794 5323 uxor
828 5266 929 5320 Lot
979 5264 1319 5331 admisisset,
1351 5264 1483 5319 salis
1519 5273 1702 5320 statua
1732 5265 1874 5322 facta
1900 5276 2011 5335 est,
2043 5285 2109 5327 eo
2144 5274 2289 5343 quod
2322 5275 2390 5330 ad
2424 5278 2626 5331 malum
2661 5278 2862 5333 reverti
2896 5278 3177 5349 gestiisset
3203 5278 3269 5332 ".

544 5355 737 5410 Dentes
763 5356 999 5424 ferarum
1029 5354 1321 5408 immittam
1351 5354 1405 5408 in
1429 5369 1543 5408 eos.
1575 5353 1788 5410 Mittam
1815 5360 1901 5412 vel
1939 5341 2174 5429 promisi
2201 5361 2368 5429 dixit,
2394 5373 2455 5418 ut
2475 5380 2574 5421 eos
2612 5364 2815 5422 iterum
2849 5341 3175 5422 admoneret
3204 5378 3389 5421 eorum
3420 5361 3471 5415 in
3490 5362 3611 5425 quos
3640 5341 3683 5393 in

548 5512 588 5545 ⁸¹
619 5510 812 5565 Matth.
842 5525 970 5571 xvu,
997 5508 1084 5563 19.
1164 5510 1204 5541 ¹¹
1231 5506 1330 5563 Job
1386 5525 1460 5573 νι,
1496 5507 1549 5563 4.
1631 5506 1677 5539 ⁸³
1711 5505 1730 5561 l
1766 5507 1895 5565 Cor.
1932 5527 2022 5575 xv,
2051 5512 2142 5569 50.
2263 5515 2305 5548 “
2342 5515 2547 5573 Thren.
2582 5534 2645 5575 ιι.
2678 5520 2769 5575 ii.
2801 5521 2890 5575 12.
3009 5521 3050 5554 ⁸⁸
3078 5519 3227 5575 Psal.
3269 5536 3328 5575 ιι.
3361 5517 3410 5571 1.
3511 5503 3676 5558 “LW

548 5515 588 5545 "
620 5515 812 5565 Matth.
842 5525 970 5571 xvu,
997 5515 1084 5563 19.
1164 5515 1204 5541 "
1231 5515 1330 5563 Joh
1386 5525 1460 5573 νι,
1496 5515 1549 5563 4.
1631 5515 1677 5539 ’³
1711 5515 1730 5561 l
1766 5515 1895 5565 Cor.
1932 5527 2022 5575 xv,

476 5596 557 5649 ιι,
588 5583 680 5636 62.
758 5580 797 5611 ³⁷
832 5579 968 5634 Gen.
1012 5596 1127 5643 xu,
1155 5579 1249 5634 26.

2263 5515 2305 5548 ⁸⁸
2342 5515 2547 5573 Thren.
2582 5534 2645 5587 ιι,
2678 5520 2769 5588 ii,
2801 5521 2890 5576 12.

3009 5521 3050 5554 ⁸⁸
3078 5519 3227 5577 Psal.
3269 5536 3328 5587 ιι,
3361 5517 3410 5571 1.

1988 5667 2223 5729 NOTAE.

518 5770 1919 5876 NLBWE;Balsama3135;933:312.
1947 5782 2060 5839 σελ·
2101 5782 2208 5846 ⁸⁷6
2242 5788 2335 5844 τοῦ
2363 5790 2593 5863 δτδμου
2634 5793 2732 5865 τῆς
2773 5794 2853 5859 εις
2916 5795 3044 5860 τοὺς
3109 5795 3257 5852 sui.
3308 5807 3438 5862 σειρ-
3489 5785 3673 5844 cmm-

476 5860 584 5927 λῶς
621 5849 852 5922 tta-ving
881 5856 1028 5911 Ἀντὶ
1051 5849 1156 5910 τοῦ
1180 5849 1338 5926 pain
1360 5869 1375 5885 ο
1408 5849 1630 5924 Ὀσπερ
1646 5849 1741 5906 καὶ
1764 5849 1945 5923 ἐτέθη.
