3956 6410
453 323 552 388 911
1793 316 2147 376 PROCOPII
2185 317 2426 377 GAZJiI
3585 327 3680 397 '97:

456 439 576 505 Dei,
615 445 774 502 crat,
812 434 1186 506 perdiderunt.
1239 431 1314 487 De
1349 446 1457 502 quo
1489 429 1656 485 David
1691 432 1905 501 psalmo
1951 449 2022 488 se.

2142 450 2239 487 σαν
2270 432 2365 503 τὴν
2394 431 2614 502 βουλήν.
2652 432 2787 502 Περὶ
2815 425 2881 504 ἧς
2907 432 3070 486 Δαῦὶδ
3098 435 3157 486 ἐν
3186 434 3262 504 οβ’
3294 435 3484 506 ψαλμῷ
3512 454 3679 506 φηςι-δ’

454 530 796 603 ptnagesimo
847 525 1094 583 secundo
1143 524 1322 593 inquit
1361 541 1373 576 :
1428 542 1446 574 ι
1480 523 1730 580 Tcnuisti
1787 525 2034 579 dextram

455 637 634 678 meam
671 635 918 681 manum,
954 626 1008 672 et
1055 617 1290 671 consilio
1339 624 1432 668 tuo
1486 614 1761 668 deduxisti
1807 617 1973 670 me".
2011 634 2029 667 ι

443 715 529 771 ιΒε
565 715 668 769 hoc
718 711 889 767 lsaias
923 708 1102 778 inquit
1138 726 1152 763 :
1191 726 1208 759 ι
1240 706 1303 760 Et
1336 706 1517 776 magni
1550 706 1766 761 consilii
1806 707 2036 776 angelus

447 823 548 862 seu
601 805 829 859 nuntius
863 799 1233 857 vocabitur".
1269 819 1286 852 ι
1323 799 1377 852 In
1435 799 1555 867 ipso
1606 798 1752 852 enim
1801 799 2034 868 spiritus

449 896 668 953 consilii
696 902 812 949 erat
835 901 891 948 et
921 891 1141 946 virtutis
1167 890 1231 956 “,
1269 905 1434 958 quam
1471 888 1830 958 perdiderunt
1859 889 2037 946 lsrae-

451 991 578 1054 litae,
613 984 1078 1058 quemadmodum
1111 992 1166 1038 et
1193 982 1502 1038 scientiam.
1530 980 1603 1036 De
1634 997 1738 1050 qua
1773 980 2032 1036 Solomon

449 1081 626 1150 inquit
664 1097 676 1132 :
718 1096 736 1130 ι
768 1076 1045 1146 lnterpres
1091 1074 1239 1128 enim
1283 1072 1527 1127 scientia:
1573 1071 1774 1126 divinae
1808 1080 1890 1126 est
1908 1075 1974 1126 ".
2010 1091 2028 1123 ι

448 1175 808 1242 interpretem
863 1183 996 1223 vero
1043 1166 1372 1236 sapientiam
1406 1172 1585 1219 vocat.
1613 1163 1719 1218 Job
1748 1165 1877 1219 item
1912 1181 2031 1219 eam

443 1262 753 1317 admiratus
778 1259 992 1328 inquit:
1019 1277 1036 1310 ι
1057 1257 1192 1323 Quis
1215 1272 1345 1312 vero
1369 1257 1523 1312 locus
1554 1264 1638 1311 est
1662 1255 1910 1311 scientiae
1927 1256 1991 1310 ’⁸.
2009 1273 2026 1306 ι

444 1356 522 1407 Ac
549 1369 616 1408 ne
641 1353 784 1406 hanc
809 1351 1030 1421 quidem
1063 1348 1324 1404 Israelita:
1354 1349 1690 1412 habuerunt,
1725 1363 1849 1402 cum
1877 1346 2034 1401 Chri-

435 1455 597 1502 stum
624 1443 808 1498 Patris
836 1442 1165 1512 sapientiam
1199 1455 1308 1494 non
1343 1440 1725 1509 recepissent,
1761 1445 1814 1493 et
1846 1439 2033 1492 consi-

447 1536 579 1589 lium
608 1532 906 1596 Altissimi,
936 1529 1080 1600 apud
1107 1545 1270 1600 quem
1305 1528 1647 1600 cognitionis
1675 1527 1946 1597 thesauri,
1980 1535 2033 1583 et

441 1626 690 1682 omnimn
721 1637 907 1678 rerum
945 1619 1256 1676 scientia".

516 1714 564 1774 Ο
587 1717 636 1772 si
659 1723 902 1783 saperent
933 1712 1381 1782 intelligerentquc
1421 1711 1518 1764 hoc
1537 1753 1550 1774 ,
1583 1712 2031 1780 expenderentque

2147 548 2162 576 ι
2188 525 2532 596 Ἐκρέιτησας
2565 526 2663 593 τῆς
2689 525 2875 597 χειρὸς
2914 526 3012 596 τῆς
3061 527 3244 590 δεξιᾶς
3279 545 3410 597 μου,
3440 530 3528 582 καὶ
3557 533 3604 583 ἐν
3628 537 3681 603 τῇ

2140 615 2304 684 βουλῇ
2355 630 2448 666 σου
2498 613 2788 684 eaq-mas;
2833 632 2921 684 με.
2967 633 2984 665 ι
3053 616 3190 686 Περὶ
3248 616 3448 686 ταύτης
3493 618 3684 684 Ἡσαΐας

2139 706 2275 776 φησί
2296 722 2308 734 ’
2327 724 2343 756 ι
2369 705 2478 757 Καὶ
2505 705 2752 758 καλεῖται
2781 705 3022 775 μεγάλης
3049 705 3242 776 βουλῆς
3270 707 3568 775 Ἄγγελος.»
3589 711 3685 764 Ἐπ’

2137 799 2287 870 αύτῷ
2317 798 2425 869 γὰρ
2457 795 2524 869 ἦν
2554 797 2776 868 πνεῦμα
2809 798 3002 868 βουλῆς
3030 799 3126 852 καὶ
3155 799 3470 869 ίσχύος.Ἦν
3501 803 3684 855 ἀπώλε-

2137 906 2238 941 σαν
2268 890 2316 940 οί
2353 889 2412 954 ἐξ
2453 888 2670 959 Ἰσραὴλ
2691 929 2705 949 ,
2734 889 2810 952 ὡς
2849 889 2945 942 καὶ
2975 889 3074 959 τὴν
3102 891 3438 962 ἐπιστήμην.
3479 892 3600 962 Περὶ
3633 889 3688 964 ἧς

2137 997 2276 1048 φησι
2309 977 2585 1050 Σολομὼν,
2622 999 2639 1031 ι
2669 979 2879 1042 Μύστις
2913 980 3024 1050 γάρ
3056 982 3169 1032 ἐστι
3193 981 3294 1050 τῆς
3323 979 3415 1034 τοῦ
3445 980 3569 1034 Θεοῦ
3590 984 3690 1036 ἐπιο

2139 1071 2376 1140 στήμης.
2407 1088 2424 1120 ι
2450 1048 2685 1123 ὟΜύστιν
2724 1069 2784 1123 δέ
2821 1087 2956 1140 φησι
3120 1048 3338 1140 σοφίαν.
3380 1072 3485 1125 Καὶ
3519 1072 3692 1126 Ἰὼϐ·δέ

2134 1161 2340 1231 ταύτην
2387 1161 2817 1230 ἀποθαυμάσας,
2844 1161 3018 1231 φησί’
3065 1181 3082 1214 ι
3121 1165 3281 1226 Ποῖος
3326 1163 3383 1216 δὲ
3421 1162 3571 1226 τόπος
3599 1167 3694 1218 ἐστὶ

2134 1254 2234 1324 τῆς
2265 1255 2615 1325 ὲπιστήμηςς
2653 1273 2669 1305 ι
2718 1255 2854 1308 Οὐδὲ
2884 1254 3091 1326 ταύτην
3129 1250 3282 1326 εἶχον
3319 1257 3370 1308 oi
3402 1255 3458 1320 ἐξ
3489 1257 3709 1328 Ἰσραὴλ,

2139 1347 2214 1417 μὴ
2248 1347 2688 1417 παραδεξάμενοι
2734 1347 2996 1417 Χριστὸν,
3041 1348 3178 1401 Θεοῦ
3229 1350 3442 1417 σοφίαν,
3486 1350 3573 1402 καὶ
3613 1352 3693 1417 τὴν

2137 1436 2334 1506 βουλὴν
2361 1436 2459 1490 τοῦ
2495 1437 2773 1505 Ὑψίστου,
2806 1437 2940 1508 παρ’
3039 1437 3138 1508 τῆς
3168 1437 3426 1507 γνώσεως
3453 1440 3498 1491 οἱ
3522 1437 3694 1509 θησαυ-

2137 1529 2247 1600 ροὶ,
2283 1529 2378 1582 καὶ
2407 1528 2516 1582 τῶν
2548 1527 2722 1582 ὄντων
2753 1530 2786 1598 ἡ
2823 1530 3127 1601 ἐπιστήμη.

2211 1728 2332 1780 Οὐκ
2386 1726 2736 1793 ἐφρόνησαν
2781 1725 3094 1779 συνιέναι·
3153 1724 3344 1778 ταῦτα
3398 1725 3690 1790 καταδεξά-

451 1806 568 1863 ruid
587 1805 799 1860 tandem
813 1805 1050 1874 futurum
1069 1805 1137 1857 sit
1154 1804 1412 1871 ipsis,etc.
1429 1801 2024 1874 [XXX||,29.]Aquilas

2139 1822 2388 1872 σθωσαν
2432 1819 2520 1880 εις
2563 1817 2670 1869 τὸν
2713 1817 2961 1870 ἐπιόντα
3009 1819 3256 1886 χρόνον.
3295 1817 3520 1882 Ἀκύλας
3549 1818 3690 1883 οὕτως

445 1901 528 1955 sic
559 1899 816 1968 exposuit
843 1915 856 1950 :
886 1894 1010 1950 Non
1040 1903 1119 1950 est
1144 1895 1197 1948 in
1225 1897 1298 1950 eis
1329 1911 1535 1960 sensus,
1567 1897 1771 1948 utinam
1799 1895 2026 1948 circum-

443 1993 581 2046 venti
620 1991 859 2044 oratione
890 1996 1156 2050 esscnt,ut
1189 1986 1474 2040 consilium
1497 1985 1632 2039 illud
1650 1985 2026 2056 intelligerent.

443 2082 1045 2137 Erudianturextrema
1089 2087 1245 2132 wtate
1287 2094 1406 2132 sua.
1438 2077 1738 2146 Postquam
1775 2077 1921 2132 enim
1964 2091 2030 2131 ea

440 2194 564 2250 qua:
591 2179 702 2233 illis
731 2176 879 2232 dicta
912 2185 1063 2239 sunt,
1101 2174 1411 2244 intelligere
1464 2173 1762 2227 noluerunt
1786 2212 1801 2238 ,
1849 2183 2031 2226 extre-

439 2271 545 2327 mis
575 2269 918 2340 temporibus
950 2267 1206 2338 gentibus
1229 2266 1462 2329 vocatis,
1491 2265 1736 2334 ipsisque
1766 2261 2027 2333 repudia-

433 2364 549 2426 tis,
595 2361 1013 2429 comperientur
1043 2398 1059 2422 ,
1100 2372 1166 2411 eo
1212 2355 1360 2426 quod
1410 2354 1636 2410 Christo
1681 2355 1930 2411 scientia
1972 2359 2028 2409 et

437 2454 672 2509 consilio
707 2450 886 2504 Patris
920 2449 1082 2503 ﬁdem
1117 2448 1488 2516 denegarunt.

512 2541 787 2610 Quomodo
819 2548 1214 2609 persequeretur
1257 2555 1393 2592 unus
1430 2537 1576 2592 mille
1599 2540 1625 2594 ιν
1659 2536 1794 2609 [50.]
1834 2536 2026 2592 Divina

436 2637 588 2693 enim
650 2633 997 2707 protectionc
1047 2631 1331 2696 denudati,
1364 2640 1474 2685 tam
1526 2631 1596 2686 ab
1649 2646 1758 2685 uno
1789 2645 1956 2700 quam
1994 2645 2023 2684 a

439 2729 628 2784 nmltis
665 2729 720 2781 in
762 2728 947 2794 fugam
981 2725 1092 2779 acti
1122 2732 1274 2780 sunt.
1313 2723 1475 2791 Quod
1507 2739 1538 2779 e
1571 2723 1790 2778 diverso
1843 2722 2026 2777 fuerat

436 2823 484 2876 si
517 2821 710 2890 pietati
746 2819 1154 2873 incubuissent.
1193 2816 1350 2871 Dictu
1392 2815 1537 2871 enim
1584 2812 1908 2869 incredibile
1940 2820 2025 2869 est

435 2919 788 2982 quantopere
807 2908 1084 2962 Palaestini
1111 2922 1340 2962 suorum
1369 2906 1796 2960 simulacrorum
1825 2917 1930 2973 ope
1960 2917 2025 2958 ac

435 2997 686 3066 potentia
715 3011 810 3050 eos
839 2994 1164 3064 presserint.
1206 2991 1370 3046 Nulla
1401 2994 1548 3047 enim
1578 2991 1885 3049 similitudo
1915 2989 2026 3046 Deo

443 3089 738 3157 respondet
771 3097 988 3149 nostro,
1019 3085 1272 3154 adeoque
1318 3084 1513 3140 vesani
1551 3085 1587 3138 ii
1631 3091 1761 3140 sunt
1793 3085 1887 3154 qui
1927 3096 2024 3138 eas

437 3181 624 3234 colunt
657 3199 670 3236 :
708 3199 727 3232 ι
755 3181 818 3234 Et
859 3180 1006 3249 ligno
1045 3197 1057 3234 :
1087 3178 1252 3233 Pater
1291 3194 1445 3234 meus
1479 3195 1538 3235 es
1566 3187 1661 3247 tu;
1709 3189 1763 3235 et
1807 3178 1974 3249 lapidi
2007 3196 2022 3233 :

439 3273 522 3329 Tu
574 3289 662 3328 me
695 3273 932 3344 genuisti
955 3273 1022 3338 ’⁸,
1059 3292 1078 3324 ι
1136 3271 1349 3326 dicunt.
1401 3269 1624 3326 Possem
1673 3286 1804 3328 vero
1861 3272 2026 3325 etiam

441 3365 704 3421 victorias
730 3365 1111 3420 lsraelitarum
1145 3366 1238 3435 qui
1274 3365 1404 3419 olim
1440 3366 1700 3436 pietatem
1746 3365 2025 3431 colebant,

438 3471 908 3521 conm-emeram,
941 3472 1080 3526 quas
1133 3469 1515 3525 smpenumero
1566 3455 1704 3508 citra
1747 3453 2027 3524 pulverem

439 3556 792 3617 pepererunt.

512 3639 779 3705 Quoniam
819 3637 883 3692 de
922 3639 1070 3692 tinea
1101 3636 1454 3693 Sodomorum
1487 3639 1606 3692 vitis
1636 3652 1840 3692 eorum.
1871 3635 2022 3709 [52.]

437 3728 540 3782 Pct‘
574 3727 864 3784 Jeremiam
897 3745 1115 3798 quoque
1147 3729 1290 3782 Deus
1323 3729 1502 3798 inquit
1533 3745 1546 3781 :
1587 3747 1606 3779 ι
1636 3727 1746 3797 Ego
1773 3735 1825 3782 te
1869 3729 2024 3797 plan-

439 3818 547 3872 tavi
580 3819 794 3872 vineam
831 3817 1173 3873 fruetil‘eram
1199 3860 1215 3886 ,
1250 3819 1531 3890 quomodo
1572 3819 1915 3888 degenerasti
1969 3819 2025 3872 in

435 3910 692 3963 acerbam
725 3910 853 3964 vitis
883 3911 1064 3965 aliena
1082 3911 1169 3964 ‘9?
1199 3931 1216 3962 ι
1253 3912 1525 3966 Caeterum
1558 3911 1820 3980 quoniam
1852 3911 2024 3966 vesti-

435 3999 539 4070 giis
580 3998 992 4054 Sodomitarum
1047 4010 1103 4056 et
1149 4000 1627 4056 Gomorrhzeorum
1671 4002 2020 4068 institerunt,

433 4111 608 4167 genus
649 4112 812 4151 suum
847 4097 974 4152 inde
1007 4098 1211 4152 ducere
1237 4099 1522 4154 dicuntur.
1542 4097 2020 4165 Quemadmodum

433 4202 464 4242 e
498 4197 697 4242 contra
742 4187 838 4242 ﬁlii
890 4188 1168 4243 Abraham
1223 4191 1317 4260 qui
1371 4189 1533 4245 ﬁdem
1581 4190 1704 4260 ejus
1749 4199 1804 4246 et
1852 4194 2020 4259 op‘era

429 4279 776 4334 aamulantnr.

2134 1909 2432 1976 ἐξέδωκενο
2463 1911 2581 1962 Οὺκ
2609 1908 2784 1962 ἐστιν
2807 1909 2878 1962 ἐν
2907 1908 3115 1974 αὐτοῖς
3137 1909 3437 1977 φρόνησις
3459 1925 3470 1936 ·
3507 1910 3693 1978 ὄφελον

2131 2000 2560 2068 ἐπορίσθησαν
2606 1999 2973 2053 ἐπίστασθαι
3021 1999 3241 2066 αὑτήν.
3289 2001 3692 2066 Συνετισθήτω-

2131 2108 2252 2146 σαν
2278 2094 2365 2156 εἰς
2391 2089 2664 2160 ἐσχάτην
2687 2089 2906 2144 αὐτῶν.
2925 2091 3146 2161 Ἐπειδὴ
3186 2091 3299 2161 γὰρ
3345 2093 3444 2144 οὐκ
3486 2092 3692 2161 ἔγνωσαν

2128 2183 2198 2235 τὰ
2223 2180 2514 2252 εἰρημένα,
2544 2183 2602 2234 ἐν
2653 2181 2912 2250 ἐσχάταις
2947 2182 3190 2252 ἡμέραις
3224 2180 3546 2247 γνώσονται,
3579 2181 3692 2234 κατᾶ

2126 2275 2229 2345 τὴν
2255 2274 2365 2326 τῶν
2393 2273 2560 2326 ἐθνῶν
2590 2273 2781 2343 κλῆσιν
2808 2273 3270 2343 ἀποϐαλλόμενοι,
3299 2273 3376 2345 μὴ
3405 2274 3693 2327 πιστεύσαν-

2127 2383 2221 2430 τες
2249 2364 2494 2437 Χριστῷ,
2525 2368 2592 2436 τῇ
2621 2364 2716 2417 τοῦ
2761 2365 2974 2436 Πατρός
3000 2366 3286 2437 ἐπιστήμῃ
3317 2383 3376 2418 τε
3408 2367 3500 2420 καὶ
3531 2365 3686 2437 βουλῇ.

2200 2546 2332 2615 Πῶς
2373 2546 2466 2601 διό
2484 2547 2643 2612 {erat
2694 2541 2782 2614 εἷς
2829 2546 3116 2617 χιλίουςς
3158 2546 3273 2615 Τῆς
3302 2544 3396 2598 τοῦ
3436 2543 3562 2597 Θεοῦ
3604 2545 3689 2614 γὰρ

2133 2643 2344 2711 σκέπης
2391 2638 2774 2709 γυμνωθέντες
2803 2677 2818 2703 ,
2870 2638 2959 2706 ὑφ’
2991 2638 3132 2700 ἐνὸς,
3181 2637 3258 2700 ὡς
3304 2638 3407 2689 ὑπὸ
3457 2637 3684 2705 πλήθους.

2130 2725 2652 2802 ἐδιώκοντο.Ὦνπερ
2682 2727 2750 2801 ἦν
2779 2729 3092 2783 τούναντίον
3142 2731 3308 2801 ἡνίκα
3357 2733 3420 2800 τῇ
3471 2728 3689 2798 εὐσεϐείᾳ

2127 2825 2506 2896 προσέκειντο,
2545 2824 2619 2876 Ού
2656 2823 2765 2892 γὰρ
2796 2821 2944 2875 ἐστιν
2979 2823 3194 2889 εἰπεῖν,
3233 2823 3309 2886 ὡς
3349 2823 3398 2874 οί
3430 2821 3689 2890 ἀλλόφυλοι

2125 2919 2214 2972 διὰ
2243 2917 2338 2988 τὴν
2373 2919 2527 2986 ἰσχὺν
2561 2917 2670 2969 τῶν
2705 2913 2944 2968 εἰδώλων
2984 2915 3165 2967 αὐτῶν
3212 2915 3438 2978 τούτους
3475 2914 3686 2967 ἐδίωκον.

2126 3009 2365 3078 Οὐδεμία
2406 3009 2516 3078 γὰρ
2559 3008 2814 3078 ὁμοιότης
2855 3008 2990 3078 πρὸς
3045 3007 3136 3061 τὸν
3185 3007 3324 3061 Θεὸν
3373 3004 3690 3078 ήμῶν.Ἀλλα

2127 3102 2223 3155 καὶ
2262 3101 2495 3171 ἄφρονες
2542 3102 2592 3153 οἱ
2641 3100 2864 3162 τούτους
2909 3100 3309 3171 λατρεύοντες,
3343 3099 3582 3168 λέγοντες
3628 3095 3689 3166 τῷ

2137 3195 2299 3266 ξύλῳ,
2324 3195 2516 3265 Πατήρ
2545 3210 2648 3263 μου
2680 3189 2731 3246 εἷ
2761 3192 2824 3246 σύ
2846 3210 2857 3222 ·
2885 3192 3080 3264 καὶτῷ
3112 3192 3272 3262 λίθῳ,
3295 3192 3366 3245 Σύ
3401 3209 3466 3263 με
3494 3190 3685 3258 ἐγέννη-

2137 3304 2255 3350 σας.
2289 3287 2526 3338 Δυνατδν
2547 3286 2604 3338 δὲ
2629 3285 2726 3339 καὶ
2757 3287 2885 3355 περὶ
2909 3285 3067 3355 νίκης
3094 3285 3204 3338 τῶν
3231 3285 3290 3351 ἐξ
3321 3283 3528 3354 Ἰσραὴλ
3555 3281 3688 3334 εὐσε-

2136 3380 2375 3432 ϐούντων
2397 3378 2760 3449 προλέγεσθαι
2777 3393 2790 3406 ·
2822 3379 2910 3432 ὅτε
2937 3379 3032 3432 καὶ
3052 3377 3151 3450 τὴν
3168 3377 3332 3450 νίκην
3357 3377 3558 3432 ἀκονιτὶ
3578 3373 3687 3426 πολ-

2135 3470 2290 3534 λάκις
2322 3469 2650 3541 ἐλάμϐανον.

2209 3651 2313 3704 Ἐκ
2341 3650 2453 3720 γὰρ
2481 3648 2768 3719 ἀμπέλων
2795 3649 3075 3718 Σοδόμων
3120 3650 3158 3718 ἠ
3193 3649 3465 3716 ἄμπελος
3494 3645 3682 3702 αὐτῶν.

2126 3743 2145 3762 ‘
2188 3743 2330 3811 Ἔφη
2363 3759 2463 3794 που
2494 3742 2589 3794 καὶ
2617 3743 2644 3794 ὁ
2678 3742 2949 3811 μακάριος
2985 3739 3259 3812 Ἱερεμίας
3290 3742 3448 3813 (πρὸς
3479 3739 3568 3808 τὴν
3597 3736 3684 3788 τῶν

2144 3833 2410 3886 Ἰουδαίων
2447 3833 2772 3903 συναγωγὴν
2793 3833 2834 3903 ),
2867 3833 2944 3896 ὼς
2975 3834 3041 3885 ἐκ
3084 3832 3387 3903 προσώπου
3422 3832 3509 3885 τοῦ
3538 3828 3682 3882 Θεοῦ⁶

2135 3944 2152 3974 ι
2177 3921 2318 3990 Ἐγὼ
2335 3924 2610 3992 ἐφύτευσά
2633 3941 2691 3977 σε
2714 3923 2959 3995 ἄμπελον
2985 3925 3368 3995 καρποφόρον*
3391 3923 3501 3986 πῶς
3521 3918 3687 3991 ἐστρά-

2128 4027 2236 4080 φης
2267 4012 2344 4073 εἰς
2369 4012 2596 4080 πικρίαν
2627 4014 2659 4084 ή
2688 4013 2932 4083 ἄμπελος
2971 4016 3005 4084 ἡ
3040 4014 3338 4086 ἁλλοτρία;
3371 4035 3388 4067 ›
3430 4013 3682 4083 Ζηλώσαν-

2126 4116 2218 4162 τες
2245 4099 2352 4168 γάρ
2387 4101 2694 4171 Σοδομιτῶν
2725 4103 2791 4155 τὰ
2832 4102 2970 4173 ἔργα
2996 4144 3011 4168 ,
3056 4104 3152 4158 καὶ
3193 4105 3266 4159 τὰ
3306 4102 3678 4174 ἐπιτηδεύματα

2126 4189 2235 4242 τῶν
2268 4191 2555 4261 Γομόρρας
2598 4190 2834 4246 πολιτῶν
2864 4194 3264 4265 ἀσπαζόμενοι,
3293 4196 3355 4249 τὺ
3383 4197 3531 4265 γένος
3559 4192 3680 4244 ἐκεί-

2128 4279 2219 4332 θεν
2254 4280 2504 4348 λέγονται
2538 4283 3043 4355 κατάγειν.Ὢσπερ
3079 4285 3188 4356 γὰρ
3229 4288 3278 4340 oi
3319 4287 3388 4341 τὰ
3435 4285 3558 4356 ἔργα
3598 4281 3678 4348 ζη-

429 4367 646 4434 λοῦντες
668 4373 761 4425 τοῦ
792 4371 1045 4444 Ἀϐραὰμ
1065 4373 1159 4426 καὶ
1183 4371 1631 4445 μεταδιώκοντες,
1651 4373 1757 4427 υἱοὶ
1799 4372 2051 4444 Ἀϐραὰμ
2087 4372 2188 4426 οὐκ
2220 4374 2527 4437 ἀπεικότως
2559 4375 3015 4446 ἀναγορεύονταν
3051 4375 3230 4448 [οὕτω
3267 4379 3363 4432 καὶ
3389 4379 3438 4432 οἱ
3470 4376 3533 4430 τὰ
3596 4371 3675 4426 Σο-

426 4462 666 4533 δομιτῶν
731 4462 1140 4534 ἐπιτηδεύματα
1211 4463 1659 4534 φιλοτιμούμενοι
1709 4463 1973 4518 πάνδεινα
2005 4502 2020 4528 ,
2061 4463 2317 4531 ἀπόγονοι
2339 4461 2432 4516 τοῦ
2466 4465 2776 4520 ἅποστάτου
2813 4465 3086 4534 γίγνοιντο
3117 4467 3230 4537 (16)
3263 4462 3561 4537 διαϐόλου.]

499 4575 693 4628 Annon
748 4591 864 4629 ecce
919 4577 1032 4629 [nec
1090 4577 1270 4628 omnia
1322 4575 1553 4643 reposita
1604 4583 1728 4628 sunt
1781 4573 1924 4644 apud
2003 4589 2104 4636 me,
2144 4583 2194 4627 et
2247 4575 2522 4645 obsignata
2560 4575 2616 4628 in
2657 4575 2924 4632 thesauris
2979 4579 3156 4635 meis?
3195 4578 3347 4652 [54.]
3386 4579 3674 4634 Peccatores

425 4663 574 4716 enim
610 4661 754 4717 Deus
785 4663 1018 4732 patitur,
1051 4678 1226 4732 usque
1260 4663 1387 4716 dum
1427 4677 1685 4718 mensura
1718 4672 1803 4718 est
1830 4661 2036 4730 repleta
2057 4703 2072 4728 ,
2106 4676 2172 4714 ex
2207 4677 2317 4731 quo
2347 4661 2680 4730 supplicium
2715 4672 2844 4718 ante
2874 4664 3041 4734 pedes
3069 4675 3174 4722 est.
3205 4668 3377 4733 Quale
3409 4665 3534 4720 illud
3561 4669 3669 4716 est:

431 4767 452 4800 ι
485 4747 737 4802 Nondum
771 4756 1158 4802 consummata
1192 4757 1321 4802 sunt
1350 4757 1577 4818 peccata
1612 4749 2058 4802 Amori-hacrum
2083 4747 2148 4800 ’°.
2184 4766 2202 4798 ι
2238 4748 2369 4802 Post
2395 4750 2932 4806 consummationem
2961 4753 3108 4808 enim
3138 4763 3354 4822 tempus
3392 4761 3445 4808 et
3469 4751 3578 4806 dies
3605 4746 3671 4801 ul-

429 4836 601 4890 tionis
643 4835 940 4900 accelerat,
977 4837 1023 4890 si
1067 4836 1194 4904 quis
1235 4851 1264 4889 a
1305 4837 1391 4890 via
1432 4843 1582 4890 recta
1620 4835 1927 4891 deﬂexerit.

495 4926 729 4994 Quidam
763 4941 894 4981 vero
925 4928 1180 4997 praesagii
1222 4926 1388 4981 modo
1442 4927 1579 4982 illud
1639 4929 2012 4998 interpretan-

2185 4923 2206 4996 [
2231 4925 2250 4946 '
2284 4922 2341 4977 Ὀ
2368 4923 2684 4997 Σύμμαχος]
2713 4926 3054 4998 σαφέστερον
3086 4928 3403 5000 ἑρμηνεύων
3429 4927 3632 4994 ἐξέδωκε
3651 4935 3666 4953 ⁸

426 5026 550 5080 tur,
593 5015 752 5082 quasi
807 5014 957 5069 dicat
1013 5014 1205 5069 Deus:
1239 5015 1380 5071 Ecce
1430 5016 1715 5086 prospicio
1769 5015 2012 5070 futuram

429 5109 742 5162 Servatoris
766 5107 990 5172 eaedem,
1022 5108 1384 5164 nihilominus
1409 5118 1590 5164 tamen
1626 5109 1807 5164 locum
1834 5109 2012 5164 libero

427 5202 635 5257 homini
667 5202 935 5270 concedo,
970 5211 1340 5274 eventumque
1366 5213 1651 5273 exspecto.

2125 5039 2144 5072 ι
2177 5020 2268 5090 Μὴ
2302 5020 2424 5090 οὐχὶ
2448 5019 2610 5073 τοῦτο
2637 5021 2925 5076 ἀπόκειται
2953 5026 3083 5095 παρ’
3106 5026 3268 5094 ὲμοίς
3306 5044 3324 5076 ι
3356 5022 3587 5077 τουτέστι
3616 5016 3665 5070 τὸ

2117 5113 2382 5185 θηριῶδες
2402 5113 2586 5167 αὐτῶν
2611 5115 2706 5167 καὶ
2729 5115 3036 5185 μιαιφόνον,
3070 5117 3166 5170 καὶ
3194 5116 3231 5171 ἃ
3265 5116 3375 5187 (l7)
3411 5114 3663 5186 μέλλουσιν

2117 5207 2389 5277 ἐγχειρεῖν
2419 5204 2720 5270 λυττῶντες
2749 5207 2892 5261 κατὰ
2921 5205 3014 5260 τοῦ
3054 5208 3306 5279 Σωτῆρος
3334 5204 3505 5261 αὐτῶν
3523 5219 3536 5233 ·
3565 5197 3661 5254 ἀλλ’

2115 5296 2262 5366 ὅμως
2294 5297 2706 5368 ἀναὸάλλομαι,
2755 5297 2852 5352 καὶ
2905 5299 3101 5371 δίδωμι
3148 5299 3330 5372 χώραν
3377 5298 3454 5371 τῷ
3495 5290 3658 5356 αὐτεξ⁴

2116 5386 2303 5457 ουσίῳ,
2341 5387 2626 5457 ἀναμένων
2651 5387 2750 5458 τὴν
2779 5389 3000 5460 πρᾶξιν.

495 5499 541 5571 ’ξ
579 5494 727 5550 Psal.
763 5510 930 5571 uati,
958 5494 1051 5571 ει.
1090 5494 1322 5571 __’f_lsg_.
1358 5495 1548 5571 Ix,“6._
1599 5495 1646 5528 ’δ
1685 5495 1788 5550 Isa.
1813 5513 1898 5571 ﬁt,
1931 5496 1986 5551 2.
2064 5501 2108 5532 ’⁸
2150 5499 2279 5570 Sap.
2312 5517 2428 5566 \‘lll,
2461 5502 2515 5557 4.
2592 5505 2638 5534 ’⁸
2675 5501 2779 5558 Job
2835 5519 3024 5571 XXVIII,
3055 5503 3141 5559 12.
3218 5505 3263 5537 ³⁷
3295 5503 3501 5561 Coloss.
3529 5493 3660 5560 11,3ο;

422 5567 467 5598 ⁸⁸
503 5565 706 5621 Jerem.
740 5580 807 5632 lt,
838 5565 928 5620 ‘27.
1004 5569 1048 5598 ”
1089 5565 1224 5621 ibid.
1255 5567 1345 5620 21.
1423 5566 1469 5598 ³⁸
1507 5565 1646 5621 Gen.
1681 5582 1770 5631 xv,
1807 5566 1893 5620 l6.

1939 5657 2172 5718 NOT/E.

501 5748 613 5817 (i6)
655 5747 988 5806 Δείκνυνται.
1008 5753 1094 5804 Ἐν
1123 5753 1234 5807 σελ.
1269 5751 1372 5807 879
1399 5752 1491 5806 τοῦ
1520 5753 1707 5824 είρημ.
1747 5757 1872 5826 τόμ.

2189 5757 2301 5828 (l7)
2346 5752 2459 5822 Οἷς.
2489 5758 2620 5814 asc.

3855 754 3859 1022 Ι
