3956 6396
256 349 411 415 ‘973

1240 358 1788 418 COMMENTARII
1827 358 1902 418 IX
1950 359 2655 445 DEUTERONOMIUM.

3478 365 3584 431 974

362 462 380 479 ⁸
402 456 539 510 Τότε
566 457 695 528 γὰρ,
718 459 908 530 φησιν,
933 459 1310 534 είσπράξομαι
1330 464 1511 534 δίκην,
1539 465 1667 517 ὅταν
1685 464 1881 536 [ὀρθῶς

2062 467 2408 538 Supplicium
2439 463 2586 525 enim
2622 454 2879 540 irrogabo
2918 470 2965 526 ei
3004 486 3165 541 quem
3196 474 3363 543 pedes
3398 478 3480 533 sui
3517 479 3589 534 ad

285 550 368 623 μὴ
400 550 599 605 Θέλωσι
633 549 860 621 βαίνειν,
890 552 1064 626 ἀλλὰ]
1107 555 1207 625 τῆς
1246 556 1462 617 εὐθείας
1501 558 1881 631 παρατραπῶ-

2006 557 2378 615 effundendum
2409 562 2739 633 sanguinem
2771 562 3145 619 iueitaveriut.

284 657 377 692 σιν
405 638 547 706 ὀδοῦ,
573 641 672 695 καὶ
707 642 877 711 ἐγγὺς
902 643 1171 709 γένωνται
1197 643 1290 698 τοῦ
1320 646 1505 717 ἐκχέαι
1536 641 1695 716 αἷμα.

358 733 380 753 '
416 730 508 805 Τῷ
564 734 890 807 προφητικῷ
941 735 1215 807 πνεύματι
1260 739 1330 791 τά
1385 738 1605 803 πολλοῖς
1658 735 1887 805 ὕστερον

283 828 527 899 ὲσζμενα
562 827 801 899 χρόνοις,
821 827 898 892 ὡς
924 831 1170 902 παρόντα
1208 831 1308 885 καὶ
1335 830 1625 899 ἐγγίζοντα
1656 829 1887 902 θεωρεῖ-

281 936 379 973 ται
407 920 543 992 (18),
578 921 747 990 ἐγγὺς
773 921 950 991 λέγων
974 924 1073 994 τῆς
1097 923 1375 986 ἀπωλείας
1405 922 1588 977 αὐτῶν
1610 924 1711 994 τὴν
1739 922 1884 993 ὴμέ-

286 1029 412 1083 ραν,
447 1012 541 1066 καὶ
592 1014 692 1086 τὴν
738 1014 932 1085 κλῆσιν
976 1012 1085 1069 τῶν
1137 1014 1312 1071 ἐθνῶν
1354 1015 1714 1087 ἑτοιμοτάτην
1759 1015 1881 1068 ἔσε-

286 1102 440 1158 σθαι.

357 1196 376 1215 ‘
419 1195 861 1266 Καταψηφιείται
904 1197 1015 1266 γάρ
1044 1197 1139 1251 τοῦ
1174 1198 1309 1252 ἰδίου
1340 1199 1498 1264 λαοῦ,
1529 1200 1685 1269 φησι,
1724 1217 1743 1249 ι
1776 1198 1886 1252 Καὶ

282 1290 537 1360 ἐγκρινεῖ
580 1291 808 1356 αὐτοὺς,
850 1290 946 1344 καὶ
985 1291 1080 1344 ἐπὶ
1109 1293 1223 1355 τοῖς
1265 1293 1324 1358 ἐξ
1360 1290 1536 1346 ἐθνῶν
1572 1291 1887 1345 πιστεύουσι

283 1379 784 1452 παρακληθήσεται
807 1399 821 1413 ⁸
854 1400 872 1433 ι
908 1381 1129 1446 δούλους
1160 1383 1269 1454 γὰρ
1300 1382 1467 1438 αὐτοῦ
1507 1383 1753 1447 ἐκείνους
1786 1401 1889 1454 φη-

286 1470 372 1525 σίν
395 1488 409 1502 ·
438 1471 470 1542 ἥ
499 1474 596 1525 καὶ
620 1473 749 1537 τοὺς
779 1473 1124 1545 Ἰσραηλίτας
1151 1474 1388 1546 ἐλεήσει,
1414 1476 1510 1529 καὶ
1543 1475 1643 1529 οὐκ
1681 1475 1763 1538 είς
1796 1475 1887 1528 τέ·-

284 1561 376 1628 lo;
408 1562 694 1617 ἀπώσεται
723 1565 813 1618 τὸν
842 1566 968 1619 λαὸν
994 1566 1184 1620 αὐτοῦ.

354 1742 585 1812 Μήποτε
605 1740 662 1795 δὲ
698 1738 777 1795 ἔτι
814 1742 944 1815 περὶ
978 1742 1089 1797 τῶν
1123 1742 1231 1814 πρὸ
1257 1741 1357 1814 τῆς
1383 1742 1682 1813 ἐπιδημίας
1721 1744 1750 1796 ὁ
1793 1741 1883 1796 λό-

2060 737 2139 793 Ac
2186 738 2399 794 idcirco
2446 754 2583 805 sane
2628 737 2829 807 spiritu
2878 738 3121 795 vatidico
3164 756 3228 796 ea
3262 758 3386 814 qua:
3427 744 3591 818 longe

1988 836 2115 897 post
2144 836 2378 883 ventura
2412 835 2607 895 erant,
2643 844 2830 885 coram
2859 833 3017 901 quasi
3045 846 3112 887 ac
3140 847 3314 905 prope
3340 847 3589 894 contem-

1989 922 2193 992 piatur.
2225 919 2475 989 Ipsorum
2504 920 2795 977 interitum
2831 939 3002 995 prope
3035 940 3162 983 esse
3198 927 3424 995 dicens,
3454 946 3587 987 nec-

1988 1025 2101 1065 non
2134 1011 2379 1082 gentium
2407 1025 2631 1085 quoque
2656 1014 3005 1071 vocationem
3031 1018 3088 1072 in
3121 1020 3410 1089 procinctu
3437 1037 3583 1080 esse.

2062 1186 2417 1261 QuaprOpter
2442 1190 2742 1247 subintulit
2773 1209 2787 1246 :
2828 1212 2847 1246 ‹
2875 1192 3150 1261 Quoniam
3187 1200 3586 1256 condemnabit

1989 1281 2249 1352 populum
2301 1298 2505 1347 suum,
2544 1280 2728 1356 470
2765 1294 2821 1341 et
2859 1286 2913 1342 in
2957 1288 3024 1343 iis
3072 1291 3164 1360 qui
3212 1307 3277 1347 ex
3321 1296 3585 1365 gentibus

1987 1374 2244 1441 credunt,
2267 1376 2634 1431 recreabitur.
2662 1396 2681 1428 ι
2718 1376 2911 1433 Posset
2941 1395 3076 1436 vero
3109 1382 3276 1438 etiam
3305 1399 3402 1440 eos
3430 1386 3585 1455 ipsos

1989 1480 2184 1521 servos
2238 1481 2475 1533 vocare,
2526 1468 2786 1538 quoniam
2840 1486 2947 1525 non
2999 1471 3255 1543 stirpitus
3308 1476 3583 1532 exstinxit

1990 1574 2150 1613 suum
2186 1560 2478 1630 populum,
2512 1577 2610 1616 eos
2644 1563 2739 1633 qui
2772 1579 2838 1618 ex
2866 1565 2988 1634 ipso
3019 1566 3397 1635 crediderant,
3429 1584 3583 1626 reve-

1989 1651 2154 1717 ritus,
2194 1667 2405 1707 necnon
2439 1660 2658 1724 patrum
2695 1654 2989 1727 primitias.

2064 1741 2184 1800 Non
2214 1745 2452 1815 amplius
2486 1762 2618 1802 vero
2653 1762 2838 1803 sermo
2872 1749 3055 1806 est‘de
3090 1748 3159 1807 iis
3191 1750 3286 1823 qui
3320 1760 3449 1807 ante
3488 1751 3588 1807 ad-

278 1849 401 1905 γος,
433 1835 635 1906 ὅτεπερ
696 1835 897 1898 αὐτοὺς
946 1836 1012 1889 ἐκ
1054 1836 1156 1907 τῆς
1202 1834 1591 1905 αἰχμαλωσίας
1620 1833 1881 1889 ἀνεκαλέ-

2006 1842 2220 1890 ventum
2252 1834 2460 1891 Christi
2503 1836 2727 1893 fuerunt
2749 1880 2764 1906 ,
2791 1854 2855 1894 ex
2888 1856 2999 1911 quo
3030 1856 3125 1897 eos
3157 1857 3223 1897 ex
3263 1843 3589 1913 captivitate

279 1941 454 1993 σατος
501 1927 596 1981 καὶ
639 1927 801 1999 δῆλον
850 1928 915 1981 ὲκ
953 1925 1049 1983 τοῦ
1097 1927 1385 1993 ὀνειδίζειν
1425 1927 1611 1990 αὐτοῖς
1643 1924 1743 1997 τὴν
1782 1926 1889 1998 πρὸ

274 2021 489 2086 ταύτης
511 2019 983 2093 εἰδωλολατρείαν,
1023 2019 1232 2090 λέγων·
1285 2039 1303 2072 ι
1329 2016 1439 2074 Ποῦ
1485 2020 1625 2073 εἰσιν
1667 2019 1718 2073 οἱ
1763 2018 1888 2073 Θεοὶ

275 2110 500 2179 abeam;
535 2132 557 2165 ι
592 2113 749 2168 Μετὰ
779 2113 889 2185 γάρ
933 2113 1154 2185 ἐκείνην
1183 2113 1245 2166 ού
1274 2112 1558 2182 φαίνονται
1589 2113 1775 2167 λοιπὸν
1803 2113 1886 2167 etv

272 2202 595 2275 δωλολατρή
604 2221 822 2267 σαντες.

365 2295 841 2362 Ἀναστήτωσαν
871 2296 972 2350 καὶ
999 2298 1491 2367 βοηθησάτωσαν
1511 2298 1698 2369 ὑμῖν.⁹
1728 2299 1878 2352 Ταῦ-

273 2402 348 2440 τα
393 2385 512 2458 [καὶ
541 2387 592 2441 of
623 2388 803 2442 λοιποὶ
831 2391 1132 2461 προφῆται,
1169 2390 1265 2444 καὶ
1306 2389 1566 2463 μάλιστα]
1604 2391 1879 2461 Ἱερεμίας

276 2480 388 2554 [εἰς
430 2480 655 2552 ἔλεγχον
697 2483 794 2551 τῆς
837 2481 1095 2548 ἁσεὸεἱας
1139 2482 1391 2556 [αὐτῶν],
1426 2484 1704 2547 ὀνειδὶζων
1738 2499 1876 2555 προ-

274 2573 449 2642 έφερε
468 2572 631 2645 ti9)]'
650 2578 784 2645 φησι
813 2575 983 2645 γάρ’(
1004 2576 1101 2629 Διὰ
1134 2575 1292 2629 τοῦτο
1312 2575 1437 2629 τάδε
1468 2575 1619 2645 λέγει
1645 2575 1871 2648 Κύριος·

288 2664 423 2718 Ἰδοὺ
464 2664 575 2732 ἐγὼ
602 2665 690 2718 ἐπ’
728 2666 931 2730 αὐτοὺς
966 2668 1160 2733 ἐπάγω
1193 2668 1375 2733 κακὰ,
1408 2668 1467 2734 ἐξ
1507 2662 1582 2721 ὧν
1621 2669 1682 2721 ού
1710 2669 1873 2741 δυνή-

274 2771 468 2809 σονται
503 2755 742 2821 ἐξελθεῖν
775 2758 836 2823 ἐξ
868 2759 1079 2813 αὐτῶν·
1114 2761 1209 2813 καὶ
1233 2760 1594 2831 κεκράξονται
1620 2761 1756 2833 πρός
1780 2748 1873 2833 με,

273 2851 370 2903 καὶ
396 2849 497 2902 οὐκ
539 2850 936 2922 εἰσακούσομαι
968 2852 1169 2907 αὐτῶν.
1203 2852 1312 2907 Καὶ
1350 2852 1710 2924 πορεύσονται
1736 2853 1873 2925 πρὸς

1992 1928 2292 1983 revocavit.
2328 1925 2397 1983 Ut
2443 1931 2587 1985 satis
2633 1940 2852 1988 constat
2881 1932 3315 2003 exprobratione
3344 1936 3583 1992 idolola-

1990 2020 2111 2074 triae
2142 2036 2249 2091 qua
2281 2028 2408 2077 ante
2437 2022 2809 2092 captivitatem
2843 2040 2978 2080 usus
3006 2041 3135 2098 erga
3166 2042 3263 2084 eos
3287 2068 3303 2094 ,
3338 2028 3530 2085 dicens
3565 2048 3580 2086 :

1997 2132 2016 2165 ι
2048 2111 2152 2168 Ubi
2180 2123 2306 2168 sunt
2332 2114 2406 2168 dii
2432 2116 2765 2170 eorum"?»
2792 2115 2927 2172 Post
2951 2130 3071 2172 eam
3105 2118 3251 2173 enim
3285 2119 3432 2175 idola
3464 2137 3580 2177 non

1988 2204 2225 2275 amplius
2260 2205 2501 2262 coluisse
2532 2207 2809 2264 videntur.

2048 2296 2284 2369 Surgam
2300 2306 2349 2353 et
2366 2298 2845 2368 opilulenturvobis
2873 2298 3235 2373 [XXXILSSJ
3254 2298 3579 2371 Hujusmodi

1987 2407 2085 2463 per
2114 2391 2403 2448 Jeremiam
2426 2406 2646 2463 quoque
2661 2391 2821 2449 dicit:
2850 2393 3021 2451 «Ecce
3050 2408 3152 2466 ego
3170 2395 3572 2469 injungoipsis.

1987 2481 2128 2536 mala
2155 2497 2185 2539 e
2215 2483 2414 2553 quibus
2451 2498 2734 2557 emergere
2780 2501 2889 2541 non
2927 2496 3223 2557 poterunt,
3260 2497 3315 2544 et
3366 2489 3576 2545 elauta-

1985 2576 2122 2631 hunt
2151 2576 2219 2630 ad
2253 2591 2359 2643 me,
2391 2593 2570 2648 neque
2604 2578 2824 2634 audiam
2857 2592 2975 2636 eos.
3002 2577 3069 2635 Et
3115 2580 3275 2637 ibunt
3320 2581 3576 2638 civitates

1983 2668 2122 2724 Juda
2168 2675 2221 2724 et
2268 2669 2466 2725 incolae
2508 2668 2840 2737 Jerusalem,
2873 2677 2929 2727 et
2981 2672 3304 2728 clamabunt
3335 2674 3401 2727 ad
3440 2674 3576 2730 deos

1986 2761 2187 2831 quibus
2255 2760 2365 2831 ipsi
2417 2759 2598 2817 suffita
2655 2762 2909 2828 adolent,
2970 2774 3076 2819 nec
3124 2764 3424 2820 servabunt
3476 2781 3574 2823 eos

1984 2864 2352 2908 aerumnarum
2384 2868 2610 2909 suarum
2646 2862 2895 2925 tempore
2912 2854 2977 2909 ⁸⁸.

274 2944 437 2997 πόλιν
480 2944 651 2998 Ἰούδα
682 2946 777 2998 καὶ
821 2948 868 2999 o!
910 2946 1295 3012 κατοικοῦντες
1326 2946 1702 3019 Ἰερουσαλὴμ,
1761 2948 1856 3000 καὶ
1894 2947 2255 3020 κεκράξονται
2288 2947 2424 3017 πρὸς
2457 2948 2584 3011 τοὺς
2643 2946 2801 3011 θεοὺς
2854 2946 3056 3014 αὐτῶν,
3093 2947 3189 3002 καὶ
3226 2950 3287 3003 ού
3342 2950 3418 3021 μὴ
3462 2949 3572 3004 σώ-

275 3048 467 3089 σουσιν
520 3037 717 3101 αὐτοὺς
774 3040 833 3091 ἐν
890 3039 1071 3111 καιρῷ
1122 3040 1312 3093 κακῶν
1358 3038 1561 3102 αὐτῶν,
1593 3057 1611 3089 ι
1651 3039 1748 3092 καὶ
1798 3038 1866 3093 τά
1905 3040 2056 3110 ἑξῆς.

349 3129 560 3194 Ἴδετε,
602 3130 779 3195 ἴδετε,
801 3132 891 3186 ὅτι
925 3133 1041 3203 ἐγώ
1081 3136 1219 3204 εἰμι.
1264 3134 1524 3187 Τουτέστι
1547 3175 1560 3197 ,
1590 3131 1870 3187 παιδεύσει

277 3240 338 3277 σε
368 3226 401 3294 ἡ
436 3225 743 3279 ἀποστασία
792 3243 884 3279 σου
909 3266 924 3291 ,
953 3227 1051 3281 καὶ
1097 3228 1131 3298 ἡ
1179 3226 1349 3281 κακία
1394 3244 1488 3280 σου
1533 3224 1745 3294 ἐλέγξει
1786 3241 1867 3279 σε.

2013 3225 2088 3280 tio
2115 3235 2207 3280 tua
2233 3234 2286 3281 te
2312 3225 2546 3291 erudiet,
2571 3234 2624 3280 et
2646 3227 2858 3281 malitia
2891 3235 2983 3282 tua
3012 3236 3067 3282 te
3096 3229 3412 3299 redarguet.
3430 3231 3569 3284 Cum

273 3317 389 3370 Καὶ
419 3317 718 3389 ἐπειδήπερ
748 3315 833 3391 [εὖ
860 3318 1142 3392 πράττων]
1169 3322 1268 3374 οὐκ
1327 3319 1501 3389 ἔγνως
1526 3319 1616 3372 τὸν
1647 3318 1871 3389 εὔεργὲ-

2006 3319 2124 3371 uim
2168 3319 2331 3373 rebus
2365 3318 2627 3374 secundis
2650 3317 3059 3375 benefactorem
3114 3328 3267 3374 tuum
3317 3337 3425 3376 non
3474 3338 3571 3378 coo

272 3424 398 3479 την,
439 3410 536 3463 καὶ
582 3409 692 3464 τῶν
741 3409 961 3479 ἀγαθῶν
1006 3411 1099 3463 τὸν
1146 3411 1404 3482 χορηγὸν,
1452 3408 1871 3481 τιμωρούμενος

2014 3409 2234 3464 noveris
2254 3447 2269 3468 .
2302 3409 2539 3463 afﬂictus
2570 3409 2752 3479 ipsum
2788 3409 2965 3465 disce.

276 3501 521 3573 μάνθανε
552 3501 665 3575 [τὸν
692 3502 1106 3575 ἀπαραιτήτους
1137 3503 1267 3573 ὑμῖν
1289 3502 1566 3569 ἐπάγοντα
1596 3499 1697 3563 τὰς
1730 3498 1968 3570 πληγάς,
1999 3498 2058 3565 ἐξ
2093 3493 2169 3553 ὧν
2201 3501 2345 3570 ὑμᾶς
2375 3500 2551 3563 οὐδεὶς
2605 3499 2878 3572 ἐρρύσατο
2932 3499 3043 3553 τῶν
3106 3500 3377 3566 δοξάντων
3438 3502 3569 3574 ὑμῖν

274 3591 420 3649 εἶναι
461 3594 649 3668 θεῶν].

349 3691 555 3747 Verum
605 3708 715 3748 non
757 3693 857 3748 abs
893 3708 951 3748 re
986 3701 1038 3748 te
1069 3693 1276 3764 punio,
1310 3693 1367 3747 in
1416 3700 1507 3746 ttta
1541 3690 1685 3746 enim
1736 3690 1913 3761 gratia
1959 3688 2012 3742 id
2057 3688 2239 3759 ipsum
2282 3700 2505 3757 quoque
2533 3684 2696 3742 facio.
2730 3684 2991 3742 Occidam
3029 3688 3175 3743 enim
3211 3697 3269 3743 ut
3300 3698 3351 3744 te
3382 3689 3566 3745 vivum

274 3780 542 3849 reddam;
577 3781 908 3847 vulnerabo,
942 3790 1001 3836 ut
1029 3782 1268 3837 medear.
1307 3779 1427 3852 Ipse
1456 3781 1605 3836 enim
1638 3780 1884 3834 dolorem
1914 3778 2046 3832 ciet.
2081 3775 2145 3830 Et
2175 3775 2375 3829 iterum
2408 3775 2462 3829 in
2492 3774 2763 3846 integrum
2806 3775 3053 3831 restituit
3090 3775 3178 3830 ubi
3208 3777 3377 3830 animi
3417 3793 3568 3833 mor-

276 3867 383 3923 bos
412 3868 651 3924 curavit.
684 3867 959 3925 Caeterum
996 3868 1280 3924 medicinae
1305 3875 1523 3938 tempus
1567 3866 1866 3932 invehitur,
1902 3880 2028 3920 cum
2057 3863 2113 3917 in
2144 3863 2347 3918 cadum
2395 3878 2621 3916 manum
2672 3877 2829 3918 suam
2881 3862 3198 3919 sustulerit.
3232 3862 3385 3919 More
3417 3864 3566 3919 enim

273 3959 527 4012 humano
552 3956 822 4013 exaltavit
858 3956 1061 4013 Filium
1094 3970 1255 4014 suum
1288 3958 1383 4028 qui
1418 3957 1614 4012 dextra
1650 3955 1771 4025 ejus
1800 3963 1854 4010 et
1882 3964 1966 4008 est
2011 3958 2067 4007 et
2112 3949 2342 4015 dicitur,
2372 3963 2439 4006 eo
2473 3950 2625 4020 quod
2680 3950 2931 4021 ejusdem
2967 3952 3227 4006 essentia:
3278 3952 3442 4023 eique
3470 3967 3566 4008 co-

273 4052 527 4100 aeternus
555 4052 663 4100 est.
696 4045 1050 4117 Quapropter
1078 4059 1178 4115 per
1208 4045 1383 4115 ipsam
1413 4057 1633 4114 quoque
1659 4039 2048 4111 jusjurandum
2086 4037 2237 4093 facit.
2272 4035 2391 4091 Non
2425 4038 2572 4092 enim
2612 4054 2707 4109 per
2733 4039 2999 4108 majorem
3034 4041 3216 4110 potuit
3244 4049 3384 4096 teste
3414 4042 3565 4112 Apo-

276 4132 505 4187 stola”.
546 4133 620 4188 De
648 4133 839 4189 eadem
875 4133 1047 4187 David
1078 4148 1299 4204 quoque
1325 4131 1461 4187 dicit
1491 4148 1505 4185 :
1544 4149 1563 4182 ι
1592 4128 1795 4185 Dextra
1827 4127 2042 4185 Domini
2086 4126 2260 4182 edidit
2296 4126 2557 4181 virtutem
2575 4128 2639 4179 ".
2676 4145 2695 4179 ι
2738 4126 2804 4180 Et
2838 4126 3038 4181 iterum
3067 4144 3080 4179 :
3121 4144 3139 4179 ι
3172 4127 3256 4184 Me
3297 4144 3430 4184 vero
3463 4144 3562 4200 ap-

274 4221 578 4292 prehendit
609 4222 804 4278 dextra
834 4229 931 4277 tua
952 4223 1019 4277 ³³.
1046 4240 1071 4275 r
1097 4222 1235 4277 Cum
1269 4237 1376 4292 qtta
1412 4220 1469 4274 in
1497 4228 1765 4275 aeternum
1788 4216 1973 4273 vivere
2001 4216 2226 4271 dicitur.
2258 4214 2329 4270 At
2356 4214 2550 4269 dextra
2582 4215 2673 4270 illa
2706 4215 2930 4270 tolletur
2960 4217 3013 4271 in
3052 4217 3312 4286 sublime,
3338 4220 3573 4297 quando

277 4310 410 4366 fi-uis
447 4320 761 4368 vestrarum
795 4311 848 4365 in
881 4326 1002 4367 eam
1037 4309 1505 4366 contumeliarum
1536 4308 1664 4364 erit.
1699 4306 1776 4360 lta
1807 4306 1954 4361 enim
1996 4302 2314 4372 intelligetis
2359 4302 2509 4372 quod
2557 4318 2681 4358 sese
2715 4304 3044 4359 submiserit
3077 4302 3271 4371 Filius,
3307 4306 3565 4376 ultroque

272 4410 512 4455 mortem
562 4400 897 4470 susceperit,
927 4399 1314 4469 judiciumque
1366 4406 1563 4452 contra
1614 4411 1808 4452 onmes
1860 4390 2157 4461 acceperit.
2201 4407 2221 4441 ι
2251 4387 2455 4455 Quare,
2489 4390 2690 4460 inquit,
2725 4406 2922 4447 manus
2967 4407 3086 4446 mea
3127 4393 3563 4463 retinebitjudi-

271 4488 447 4543 cium.
474 4506 494 4540 ο
547 4485 827 4543 Iudicium
885 4488 1035 4542 enim
1088 4487 1231 4542 Filio
1283 4485 1531 4553 tradidit,
1569 4495 1630 4540 ut
1682 4483 1752 4538 ab
1799 4496 1865 4538 eo
1909 4480 2120 4534 dictum
2152 4487 2353 4532 exstat.
2384 4477 2463 4532 Ac
2495 4487 2625 4533 tunc
2657 4493 2792 4534 sane
2826 4478 3129 4534 ulciscendi
3160 4479 3281 4549 ejus
3312 4480 3560 4551 efﬁcacia

273 4575 581 4646 conspicua
629 4575 772 4639 erit,
808 4590 976 4645 quam
1009 4574 1253 4645 gladium
1290 4580 1490 4647 vocat,
1525 4573 1595 4627 de
1636 4586 1747 4642 quo
1782 4569 2049 4641 propheta
2081 4568 2219 4622 dixit
2253 4586 2267 4621 :
2306 4585 2325 4618 ι
2352 4567 2581 4623 Gladius
2618 4566 2835 4622 Domini
2872 4568 2926 4623 in
2959 4569 3100 4624 ccelo
3134 4569 3506 4625 incanduit“.
3533 4591 3551 4623 ο

271 4662 356 4717 De
385 4679 492 4733 qua
525 4679 674 4718 nunc
709 4662 999 4733 subjungit
1037 4678 1051 4717 :
1090 4680 1109 4713 ι
1137 4658 1272 4715 Nam
1302 4660 1517 4733 gladius
1548 4670 1702 4716 meus
1736 4657 2023 4714 devorabit
2052 4671 2248 4713 carnes
2269 4696 2286 4721 ,
2317 4665 2371 4713 et
2411 4658 2519 4712 tela
2554 4670 2672 4712 mea
2709 4657 3028 4712 imbuentur
3057 4658 3411 4730 sanguine".
3435 4659 3556 4717 Ca:-

272 4752 389 4805 sari
421 4752 568 4807 enim
600 4766 696 4807 eos
728 4750 980 4814 tradidit,
1009 4762 1173 4820 quem
1211 4760 1397 4819 regem
1426 4760 1588 4802 suum
1616 4745 2058 4817 designaverant.
2086 4743 2264 4800 Gladii
2295 4760 2515 4816 quoque
2540 4747 2914 4800 Romanorum
2943 4761 3040 4802 eos
3070 4746 3349 4803 animatas
3371 4750 3561 4819 utique

272 4853 475 4895 carnes
540 4838 954 4910 deglutierunt,
1024 4852 1089 4892 ac
1149 4837 1380 4907 quosvis
1448 4835 1642 4891 obvios
1713 4837 2177 4905 absumpserunt,
2248 4831 2470 4902 quando
2540 4840 2594 4887 et
2661 4832 2835 4888 saucii
2885 4843 2937 4888 et
2988 4834 3216 4905 captivii
3244 4834 3374 4890 facti
3406 4847 3557 4893 sunt.

272 4926 356 4983 Ita
386 4926 609 4998 quidem
646 4926 838 4983 sensili
875 4926 1073 4997 partim
1103 4937 1199 4980 eos
1229 4923 1435 4994 objecit
1470 4923 1657 4993 gladio
1678 4962 1694 4987 ,
1726 4922 1925 4992 partim
1955 4934 2087 4974 vero
2119 4920 2397 4989 spirituali
2428 4934 2649 4993 quoque
2670 4962 2685 4987 ,
2730 4920 2823 4992 qui
2856 4934 2991 4978 sane
3021 4921 3251 4978 verbum
3275 4921 3372 4979 Dei
3398 4922 3561 4979 Pauli

272 5022 361 5067 est
392 5011 738 5078 testimonio,
769 5012 862 5082 qui
895 5012 1027 5065 dicit
1055 5027 1069 5063 :
1110 5028 1128 5061 ι
1161 5007 1228 5062 Ει
1255 5007 1438 5080 gladio
1473 5006 1702 5077 spiritus
1725 5002 1789 5060 ³³.
1822 5024 1841 5057 ι
1873 5003 2051 5076 Caput
2076 5007 2342 5077 gentium,
2371 5008 2474 5062 hoc
2506 5015 2609 5072 est,
2643 5008 2939 5076 Satanam;
2981 5016 3174 5081 gentes
3201 5010 3348 5063 enim
3379 5011 3564 5082 impia:

272 5100 451 5169 copiae
480 5099 585 5170 ipsi
621 5098 856 5167 subjecti
883 5104 1033 5153 sunt.
1065 5094 1157 5151 Ait
1184 5095 1333 5151 enim
1382 5092 1552 5150 lsaias
1585 5110 1598 5147 :
1641 5111 1660 5145 ι
1690 5090 1750 5147 ln
1787 5093 2092 5151 novissimo
2119 5095 2207 5149 die
2238 5094 2476 5150 adducet
2522 5094 2788 5152 Dominus
2832 5095 3075 5167 gladium
3128 5105 3405 5164 sauctmn,
3440 5115 3559 5153 ma-

272 5203 442 5259 guum
477 5195 531 5243 et
581 5187 869 5243 robustum
917 5192 1112 5241 contra
1157 5184 1455 5240 draconem
1504 5189 1817 5251 serpentem
1865 5181 2249 5253 malignum”.
2282 5199 2300 5233 ι
2338 5181 2533 5237 Vivum
2562 5183 2706 5237 enim
2749 5181 2844 5239 Dei
2882 5184 3107 5239 verbum
3153 5186 3352 5254 quovis
3378 5186 3561 5257 gladio

272 5278 516 5348 ancipite
543 5286 631 5333 est
656 5277 878 5333 acutius
898 5276 967 5332 ⁸ο.
1005 5275 1127 5347 Ipse
1162 5274 1331 5349 igitur
1361 5286 1489 5328 cum
1526 5273 1770 5328 venisset
1804 5272 1860 5326 in
1895 5280 2097 5326 terram
2122 5270 2312 5341 copias
2346 5267 2656 5325 invisibiles
2678 5268 2993 5339 debellavit,
3022 5270 3479 5344 triumphumque
3502 5274 3558 5328 in

272 5381 440 5424 cruce
469 5367 538 5422 ab
566 5369 648 5423 eis
679 5365 983 5438 reportavit
1007 5403 1023 5428 .
1062 5365 1489 5433 libertatemque
1518 5359 1891 5431 recuperavit.
1925 5358 2101 5415 Porro
2136 5358 2225 5413 hic
2253 5358 2473 5429 gladius
2500 5367 2690 5414 nostra
2722 5373 2945 5449 quoque
2967 5360 3217 5415 carnalia
3252 5362 3560 5433 amputavit

2063 3132 2266 3198 Videte,
2287 3135 2456 3188 ridete
2488 3133 2629 3205 quod
2659 3149 2753 3205 ego
2787 3151 2926 3189 sum.
2960 3134 3098 3207 [δελ]
3140 3134 3255 3190 lloc
3287 3145 3392 3203 est,
3426 3135 3574 3193 defe—

342 5522 385 5555 “
426 5522 588 5577 Deut.
644 5523 834 5589 ιιιιιι,Ι
866 5516 956 5576 '57.
1064 5520 1110 5581 θ’
1151 5518 1354 5589 Jerem.
1382 5508 1471 5585 si,
1520 5518 1607 5582 11,
1648 5518 1737 5572 12.
1815 5515 1880 5589 ³ξ-

2006 5530 2068 5571 η’.
2117 5532 2193 5579 vt,
2254 5516 2342 5589 15.
2424 5516 2481 5589 {ﬁ
2507 5514 2653 5589 Dsal.
2683 5532 2854 5581 exvit,
2886 5517 2979 5589 16.
3059 5518 3105 5551 ³⁸
3145 5518 3291 5576 Psal.
3329 5535 3463 5588 uti,
3498 5529 3556 5583 9.

280 5587 328 5620 ³⁸
358 5592 462 5651 lsa.
495 5609 684 5659 χχχιιι,
714 5593 769 5647 5.
803 5584 815 5589 ⁷
850 5592 892 5624 ³⁷
932 5591 1069 5647 ibid.
1107 5591 1159 5647 6.
1239 5590 1282 5624 ³⁸
1325 5584 1526 5659 Ephes.
1564 5603 1640 5655 vr,
1677 5589 1764 5643 l7.
1840 5587 1881 5618 ”

2006 5610 2034 5642 ι.
2078 5602 2281 5653 ,χινιῃ
2314 5587 2363 5640 1.
2440 5586 2487 5617 ⁸⁸
2529 5584 2694 5641 Hebr.
2733 5587 2927 5654 H312.

1793 5697 2029 5773 NOTAE.

339 5796 454 5871 (18)
493 5796 719 5870 Θεωρεῖ.
749 5796 881 5853 Δύτ.
1796 5864 1817 5871 _
2044 5791 2155 5863 (19)
2196 5791 2666 5863 11ροσέιρερεν.Ὲν
2690 5792 2768 5863 τῷ
2805 5792 2994 5863 εἰρημ.
3030 5793 3160 5863 τόμ.
