3956 6414
398 310 518 374 ’975
1724 308 1960 369 PROCO

2138 310 2366 370 ΞΑΖίΕΙ
3603 312 3700 378 9⁷76

406 434 599 492 opera,
629 418 786 490 juxta
839 417 970 473 illud
1011 436 1021 470 :
1063 436 1080 469 ι
1110 416 1230 473 Non
1279 425 1493 472 maneat
1538 408 1768 488 spiritus
1816 433 1970 472 meus
2013 419 2066 470 in
2108 421 2210 486 eis,
2244 433 2308 474 eo
2353 417 2497 488 quod
2535 417 2639 488 ipsi
2671 417 2780 474 sint
2828 420 3112 486 carnes“,
3158 437 3178 471 ι
3226 416 3702 490 quemadmodum

409 523 557 562 nunc
583 515 669 562 est
699 507 930 562 dictum.

477 593 939 662 Laztamini,cozli,
971 608 1088 646 cum
1108 591 1242 660 ipso.
1266 589 1636 662 [XXXIIJSJ
1661 591 1718 646 Si
1749 593 1895 646 enim
1926 599 2150 662 propter
2179 606 2348 646 unum
2369 601 2716 662 peccatorem
2747 593 2845 664 qui
2877 600 3136 650 servatur
3169 591 3457 664 gaudium
3487 592 3542 646 in
3576 595 3707 648 coelo

411 683 668 746 oritur",
707 689 914 752 quanto
945 679 1120 749 magis
1150 679 1221 733 ob
1254 679 1486 734 salutem
1521 679 2275 748 publicam,diabolisublata
2314 679 2627 749 tyrannide.
2658 679 2764 736 Pro
2783 683 2988 752 quibus
3023 697 3138 736 una
3164 694 3308 735 cum
3343 679 3562 750 angelis
3588 697 3707 752 sup-

407 771 680 840 plicantur
713 773 984 840 qu0tquot
1032 764 1089 821 in
1135 767 1277 822 ﬁlios
1315 766 1407 821 Dei
1461 778 1593 824 sunt
1645 769 1826 834 relati,
1856 777 1911 824 et
1959 782 2084 823 cum
2140 767 2360 821 civitate
2391 767 2607 822 caelesti
2651 768 3014 840 participant.
3045 768 3308 839 Insuper
3347 767 3464 821 alia
3497 783 3710 838 quoque

409 860 715 932 Scriptura,
747 878 766 911 ι
799 855 1004 912 Omnes
1035 857 1212 927 angeli
1258 855 1376 921 Dei,
1406 875 1425 908 ι
1463 858 1644 912 habet.
1676 858 2148 925 Quemadmodum
2208 856 2411 911 Paulus
2463 856 2519 911 id
2569 873 2791 928 quoque
2841 859 3090 926 addidit,
3119 858 3342 914 dicens
3377 873 3394 910 :
3431 874 3452 908 ‹
3484 855 3710 923 Quando

406 961 536 1002 vero
569 945 934 1002 introduxerit
967 943 1398 1015 primogenitum
1432 945 1486 996 in
1521 954 1794 998 terrarum
1823 945 2014 999 orbem
2058 944 2195 999 dicit
2223 962 2236 998 ε
2268 943 2331 998 Et
2362 944 2596 1000 adorent
2625 961 2752 1001 eum
2781 961 2974 1003 omnes
3023 947 3216 1019 angeli
3247 945 3354 1001 Dei
3377 945 3451 997 ”.
3489 943 3710 1014 Semper

405 1021 623 1103 quidem
673 1040 932 1103 tanquam
969 1029 1140 1086 Deum
1181 1038 1236 1086 et
1280 1031 1622 1088 conditorem
1660 1048 1821 1087 suum
1866 1033 2134 1098 adorant,
2185 1040 2316 1087 tunc
2349 1047 2488 1088 vero
2537 1033 2726 1091 Iaudes
2775 1049 2879 1106 pro
2921 1035 3294 1090 humanitate
3339 1031 3528 1102 ipsius
3569 1029 3710 1088 dele-

409 1127 558 1176 runt.

470 1227 777 1296 Laztamini,
799 1237 997 1300 gentes,
1021 1245 1138 1284 cum
1171 1231 1364 1299 populo
1391 1229 1530 1300 ejus.
1573 1228 1816 1286 Tametsi
1850 1244 1980 1300 pro-
2012 1237 2032 1293 Α

2158 1235 2567 1302 Εὐφράνθητε,
2594 1235 2760 1302 ἔθνη,
2776 1234 2925 1304 μετὰ
2949 1235 3057 1290 τοῦ
3085 1235 3260 1290 λαοῦ
3279 1235 3509 1290 αὐτοῦ.
3527 1237 3590 1291 El
3613 1236 3712 1307 γὰρ

401 1329 523 1392 pter
546 1337 676 1378 oves
702 1321 950 1392 perditas
967 1321 1164 1378 domus
1190 1321 1356 1377 lsrael
1381 1337 1439 1377 se
1459 1317 1754 1377 advenisse
1777 1321 1913 1376 dicit
1931 1322 1963 1354 ἰ’

2147 1326 2182 1378 ti
2213 1325 2300 1378 διὰ
2323 1327 2390 1379 τὰ
2419 1326 2670 1398 πρόϐατα
2695 1330 2762 1380 τὰ
2785 1327 3108 1382 ἀπολωλότα
3135 1327 3312 1382 οἴκου
3359 1327 3588 1398 Ἰσραὴλ
3613 1347 3709 1382 πα-

401 1419 518 1484 ipse
551 1422 732 1470 tamen
761 1422 874 1498 met
904 1415 1046 1470 dixit
1075 1434 1089 1470 :
1129 1435 1147 1468 ι
1171 1414 1324 1487 Alias
1355 1429 1576 1486 quoque
1629 1429 1761 1468 oves
1807 1413 1963 1467 habet

2147 1417 2492 1488 ιγεγενῆσὺαί
2525 1436 2710 1488 φησιν,
2745 1419 2854 1490 (9.0)
2895 1418 3010 1474 ἀλλ’
3038 1421 3068 1473 6
3103 1419 3290 1482 αὐτὸς
3322 1418 3501 1472 πάλιν
3528 1420 3586 1471 ὲν
3611 1419 3709 1474 Εὑ-

305 1545 310 1552 -
399 1523 523 1580 quae
544 1523 652 1564 non
687 1517 819 1578 sunt,
845 1509 913 1564 de
939 1509 1098 1565 caule
1125 1510 1258 1573 hac,
1286 1524 1425 1579 quas
1453 1524 1540 1563 me
1569 1509 1733 1562 etiam
1764 1523 1867 1577 opo

2147 1505 2368 1574 (γελῐοις
2396 1508 2538 1579 ἐρεῖ·
2567 1529 2585 1560 ‹
2614 1509 2784 1562 ΙἈλλα
2813 1511 3062 1580 πρόϐατα
3089 1511 3233 1582 ἔχω,
3268 1513 3308 1566 ἂ
3341 1515 3452 1568 οὐκ
3480 1513 3628 1570 ἔστιν
3655 1519 3709 1570 ἐκ

399 1599 686 1656 ducere“.
719 1618 737 1651 ι
783 1599 968 1672 lnquit
1008 1615 1177 1672 porro
1211 1601 1378 1655 etiam
1408 1599 1568 1655 divus
1595 1599 1961 1670 Apostolus“

2146 1599 2188 1666 ις
2215 1597 2384 1669 αὐλῆς
2417 1597 2644 1670 ταΰτης,
2679 1601 2913 1654 κάκεῖνά
2939 1618 3008 1670 με
3047 1602 3129 1656 δεῖ
3173 1603 3454 1673 ἀγαγεῖν,
3487 1606 3586 1660 καὶ
3619 1607 3708 1678 τῆς

398 1691 577 1764 471
621 1700 680 1747 ut
713 1707 781 1748 ex
815 1691 1034 1748 duobus
1070 1707 1240 1748 unum
1287 1707 1488 1747 novum
1534 1691 1813 1747 hominem
1847 1706 1953 1746 con

2144 1691 2274 1760 υνῆς
2307 1707 2408 1760 μου
2435 1689 2754 1758 ἀκούσουσι,
2787 1692 2883 1746 καὶ
2911 1695 3210 1764 γενήσεται
3240 1695 3354 1765 μία
3381 1696 3620 1766 ποίμνη,
3635 1691 3706 1760 εἷς

399 1785 591 1848 deret,
619 1797 920 1856 pacemque
953 1782 1174 1840 faceret.
1202 1782 1360 1852 Quod
1397 1790 1455 1837 ut
1491 1783 1726 1854 Aquilas
1763 1797 1961 1853 quoqtn

2145 1781 2316 1853 ημήν.
2356 1799 2375 1833 ι
2415 1782 2562 1852 Ἔφη
2606 1781 2663 1835 δὲ
2713 1783 2810 1837 καὶ
2859 1786 2888 1837 6
2931 1784 3071 1848 θεῖος
3107 1783 3496 1850 Ἀπόστολος·
3556 1804 3576 1837 ι
3605 1785 3707 1843 Ἵνα

401 1877 690 1944 indicaret,
711 1876 967 1948 exposuit
997 1897 1009 1932 :
1050 1875 1205 1932 Unite
1226 1877 1371 1932 vobis
1391 1884 1569 1948 gentes
1616 1874 1784 1944 ipsius
1807 1891 1963 1946 popw

2141 1874 2214 1939 ὡς
2255 1874 2368 1930 δύω
2419 1875 2582 1950 κτίσῃ
2631 1877 2796 1942 λαοὺς
2829 1880 2910 1943 εἰς
2959 1879 3060 1934 ἕνα
3109 1881 3320 1935 καινὸν
3371 1881 3703 1953 ἄνθρωπον,

403 1971 504 2025 lus.
2086 1967 2256 2023 ποιῶν
2275 1969 2520 2041 εἰρήνην,
2539 1971 2636 2024 καὶ
2663 1971 3172 2028 ἀποκαταλλάσσων
3194 1973 3336 2038 τοὺς
3361 1975 3705 2046 ἀμφοτέρους

401 2065 462 2118 ἐν
497 2063 578 2118 ἐνὶ
606 2060 879 2132 πνεῦματι
910 2060 1045 2132 πρὸς
1073 2059 1164 2113 τὸν
1195 2059 1436 2130 Πατέρα.
1469 2078 1486 2110 ι
1523 2057 1753 2122 Ἀκύλας
1778 2056 1834 2110 δὲ
1868 2057 1989 2111 ἀντὶ
2036 2059 2154 2125 τοῦ,
2185 2061 2551 2133 εὐφράνθητε,
2603 2062 2791 2133 φησιν,
2828 2063 3278 2131 Ἐνοποιήσατε
3327 2063 3486 2134 ἔθνη
3525 2067 3702 2133 λαοὺς

399 2154 613 2210 αὐτοῦ.

473 2269 788 2340 Conforlent
819 2285 908 2324 eos
934 2283 1116 2324 omnes
1148 2270 1326 2340 angeli
1357 2269 1496 2338 ejus.
1539 2267 1687 2322 Dicit
1716 2267 1918 2324 alicubi
1959 2267 2162 2324 Paulus
2193 2268 2360 2324 etiam
2395 2287 2410 2324 :
2447 2288 2466 2322 ι
2493 2269 2698 2326 Annon
2763 2285 2961 2328 omnes
2991 2281 3126 2329 sunt
3165 2272 3701 2330 comministrantes

403 2359 655 2432 spiritus,
694 2357 764 2413 ad
804 2356 1180 2414 ministerium
1214 2356 1476 2428 ablegati,
1533 2365 1759 2426 propter
1787 2371 1882 2411 eos
1933 2355 2139 2425 quibus
2184 2356 2380 2412 salutis
2436 2357 2734 2412 hacreditas
2785 2357 3092 2414 obventura
3123 2367 3214 2416 est
3240 2360 3314 2412 ⁸⁷.
3357 2377 3378 2412 s
3437 2355 3703 2416 Similiter

396 2457 460 2504 et
489 2445 662 2502 David
693 2445 810 2500 ait:
847 2462 866 2498 ι
897 2437 1148 2500 Excubat
1169 2445 1413 2516 Angelus
1443 2441 1663 2499 Domini
1707 2443 1918 2498 circum
1951 2443 2112 2513 ,circa
2165 2443 2425 2498 timentes
2455 2443 2601 2513 ejus,
2649 2450 2710 2498 ut
2742 2443 2890 2514 ipsos
2919 2453 3139 2501 asserat
3161 2445 3239 2500 “.
3281 2464 3302 2498 ι
3361 2445 3549 2501 Habet
3577 2461 3698 2501 vero

399 2536 512 2592 alia
540 2535 863 2606 scriptura:
901 2533 1099 2590 Omnes
1136 2534 1239 2604 ﬁlii
1291 2533 1414 2598 Dei,
1461 2541 1572 2588 etc.
1628 2531 1753 2599 Quo
1795 2533 2075 2588 indicatur
2129 2531 2408 2601 apostolos
2454 2531 2664 2588 divinis
2708 2547 2806 2589 eos
2841 2531 3036 2604 juvare
3085 2534 3355 2604 potuisse
3385 2535 3694 2604 praeceptis,

403 2638 548 2696 pane
575 2621 850 2695 spirituali
885 2623 978 2693 qui
1005 2637 1104 2678 cor
1138 2621 1385 2677 hominis
1411 2623 1722 2686 coniirmat,
1760 2621 2033 2691 apposito.

477 2732 746 2800 Quoniam
794 2731 1108 2802 sanguinem
1159 2730 1398 2800 ﬁliorum
1433 2729 1742 2794 ulciscelur,
1792 2740 1843 2784 et
1875 2729 1991 2784 vin.
2025 2721 2039 2776 Ι

2166 2726 2298 2779 Ὅτι
2330 2725 2396 2779 τὸ
2430 2720 2574 2796 αἷμα
2609 2725 2729 2781 τῶν
2769 2725 2918 2780 vltor
2948 2727 3136 2782 αὐτοῦ
3168 2727 3518 2783 ἐκδικεῒται
3539 2743 3554 2758 ο
3602 2725 3691 2782 καὶ

405 2823 608 2878 dictum
657 2832 848 2878 sumet.
898 2821 991 2876 Ait
1027 2821 1184 2898 enim
1235 2821 1291 2875 in
1333 2819 1646 2890 Evangeliis
1684 2819 1940 2874 Chrisws

2149 2815 2406 2883 ιδικήσει
2453 2817 2554 2871 καὶ
2603 2817 3020 2872 ἀνταποδὼσει
3085 2817 3300 2888 δίκην.
3350 2821 3368 2843 ⁶
3441 2819 3588 2890 Ἔφη
3637 2820 3711 2872 ἐν’

411 2935 430 2969 ι
457 2915 600 2970 Ecce
631 2928 733 2986 ego
783 2913 945 2969 mitto
991 2911 1060 2968 ad
1094 2927 1190 2967 vos
1229 2911 1550 2982 prophetas,
1605 2910 1907 2980 sapientes,
1937 2923 1973 2964 e=

2125 2909 2454 2977 ξύαγγελιοις
2485 2909 2514 2961 6
2545 2907 2750 2981 Κύριος
2779 2911 2892 2974 τοῖς
2939 2908 3221 2974 Ἰουδαίοις
3251 2910 3650 2981 διαλεγόμενος
3675 2925 3687 2940 ’

407 3009 642 3072 scribas,
668 3016 723 3062 et
747 3021 941 3062 eorum
973 3003 1258 3066 occidetis,
1301 3003 1468 3072 inque
1497 3015 1718 3056 crucem
1755 2999 1969 3072 adigeti:

2161 3001 2270 3053 Καὶ
2293 3001 2459 3070 ὑμεῖς
2491 2999 2906 3072 [ὲ]πληρὼσατε
2938 3001 3000 3055 τὸ
3030 3001 3236 3073 μέτρον
3271 3001 3390 3056 τῶν
3447 3001 3687 3073 πατέρων

407 3099 620 3169 aliquos
653 3097 734 3162 “';
770 3116 789 3149 ι
825 3097 916 3152 cui
949 3095 1233 3166 subjungit
1265 3114 1278 3148 :
1319 3111 1338 3145 ι
1373 3093 1496 3160 Quo
1538 3107 1702 3162 super
1727 3108 1828 3148 vos
1849 3107 1969 3146 cun

2126 3097 2276 3167 υμῶν.
2321 3099 2532 3166 Ὄφεις,
2553 3099 2871 3169 γεννήματα
2903 3099 3154 3170 ἐχιδνῶν,
3191 3098 3320 3164 πῶς
3345 3098 3562 3170 φύγητε
3591 3096 3688 3152 ἀπὸ

410 3203 534 3245 ctus
583 3187 857 3257 iustorum
897 3189 1147 3258 sanguis,
1194 3188 1263 3241 ab
1297 3185 1485 3240 Abelis
1526 3184 1664 3254 justi
1699 3184 1967 3256 sanguine

2124 3191 2198 3260 ἥς
2231 3175 2465 3259 κρίσεως
2513 3189 2614 3260 τῆς
2665 3189 2930 3260 γεέννης;
2980 3190 3080 3244 Διὰ
3118 3191 3311 3257 τοῦτο,
3367 3211 3387 3243 t
3419 3191 3554 3255 ἰδοὺ,
3585 3184 3686 3255 ἐγὼ

409 3283 476 3336 ad
527 3279 808 3336 Zachariae
853 3279 953 3334 lilii
999 3277 1287 3332 Barachia:
1337 3291 1514 3346 usque
1563 3277 1890 3346 sanguinem
1935 3275 1971 3330 it

2124 3279 2414 3332 ιποστὲλλω
2460 3281 2539 3344 εἰς
2594 3280 2740 3350 ὑμᾶς
2787 3281 3112 3352 προφήτας,
3162 3283 3267 3336 καὶ
3319 3283 3546 3352 σοφοὺς,
3601 3279 3686 3332 καὶ

411 3386 614 3428 terram
650 3371 858 3428 eﬂ‘usus
887 3369 1096 3426 recidat
1127 3369 1194 3422 ⁵ο.
1237 3387 1254 3419 ι

2120 3373 2483 3442 Γραμματεῖς·
2517 3371 2611 3425 καὶ
2643 3372 2704 3438 ἐξ
2751 3373 2930 3428 αὐτῶν
2973 3375 3341 3428 ἀποκτενεῖτε
3388 3375 3485 3427 καὶ
3533 3385 3682 3425 σταυ·

412 3465 638 3534 ρώσετε,
681 3465 775 3518 καὶ
813 3464 874 3530 ἐξ
909 3462 1088 3517 αὐτῶν
1130 3459 1516 3532 μαστιγώσετε
1588 3461 1648 3515 ὲν
1695 3463 1817 3525 ταῖς
1859 3461 2214 3531 Συναγωγαϊς
2282 3463 2461 3537 ὑμῶν,
2519 3465 2616 3518 καὶ
2657 3465 2876 3532 διώξετε
2921 3466 3032 3520 ἀπὸ
3076 3466 3294 3532 πόλεως
3365 3469 3450 3531 εἰς
3517 3465 3680 3519 πόλιν·

407 3562 558 3624 ὅπως
585 3559 716 3634 ἔλθῃ
746 3558 832 3628 ἐφ’
865 3560 1011 3630 ὑμᾶς
1049 3558 1158 3612 πᾶν
1191 3552 1331 3626 αἷμα
1375 3555 1589 3612 δίκαιον
1631 3557 1993 3628 ἐκχυνόμενον
2031 3559 2126 3611 ἐπὶ
2159 3557 2258 3628 τὴν
2295 3559 2421 3630 γῆν,
2477 3559 2587 3613 ἀπὸ
2624 3560 2718 3613 τοῦ
2762 3559 2998 3631 αἵματος
3066 3560 3238 3614 Ἀϐελ
3309 3559 3412 3614 τοῦ
3459 3559 3678 3643 δικαίου,

407 3654 512 3717 ἓως
546 3652 778 3723 αἵματος
816 3648 1090 3721 Ζαχαρίου
1139 3647 1257 3701 υἱοῦ
1301 3647 1603 3718 Βαραχίου,
1657 3647 1716 3702 ὃν
1761 3648 2094 3718 ἐφονεύσατε
2133 3649 2339 3722 μεταξὺ
2367 3653 2464 3703 τοῦ
2490 3648 2622 3704 ναοῦ
2652 3650 2750 3706 καὶ
2779 3649 2874 3704 τοῦ
2903 3651 3324 3724 θυσιαστηρίου.
3365 3671 3386 3705 s

491 3768 624 3834 Qua:
649 3781 786 3824 sane
813 3777 1006 3822 cuncta
1040 3772 1166 3835 post
1201 3763 1443 3820 furorem
1471 3779 1594 3819 cum
1627 3766 1850 3822 Christo
1887 3769 2174 3838 agitatum,
2204 3769 2412 3839 templo
2440 3768 2560 3839 ipso
2591 3783 2810 3840 quoque
2849 3768 2932 3824 eis
2963 3781 3160 3823 everso
3186 3767 3531 3840 supplicium
3559 3771 3678 3822 sunt

408 3864 730 3911 consecuta.

480 3945 703 4004 Necnon
753 3945 996 4000 vindicta
1041 3945 1110 4000 ab
1166 3943 1422 3998 hostibus
1483 3943 1855 4000 invisibiiibus
1908 3954 1995 4002 est

2109 3999 2124 4014 ,
2182 3946 2558 4017 Ἐκδεδῐκηται
2594 3946 2652 4000 δὲ
2692 3946 2790 4002 καὶ
2839 3948 2950 4003 ἀπὸ
2993 3949 3105 4003 τῶν
3157 3948 3414 4019 ἀοράτων
3455 3944 3671 4018 ὲχθρῶνι

410 4045 558 4098 illata
599 4060 612 4095 :
645 4051 840 4097 contra
875 4053 1017 4109 quos
1065 4037 1256 4093 divino
1297 4037 1586 4106 rcpurgati
1631 4040 1899 4108 sanguine
1936 4055 1972 4092 e

2111 4039 2220 4092 καθ’
2251 4032 2328 4092 ὧν
2361 4037 2424 4091 τὸ
2450 4037 2652 4110 θάρσος
2679 4037 3008 4110 εἰλήφαμεν,
3043 4038 3122 4110 τῷ
3147 4039 3283 4110 θείῳ
3324 4033 3673 4108 καθαρισθέν-

412 4139 654 4200 lavacro,
709 4133 952 4186 animum
1011 4129 1396 4200 sumpsimus,
1451 4144 1563 4199 quo
1609 4137 1759 4184 terra
1809 4131 1974 4186 simus

2112 4147 2183 4193 :e;
2233 4129 2432 4200 αἵματι
2486 4129 2580 4183 καὶ
2623 4129 2868 4200 λουτρῷ⁶
2911 4130 2988 4194 ὡς
3035 4129 3102 4184 ἂν
3146 4132 3219 4200 γῆ
3271 4129 3557 4199 γενόμενοι
3586 4138 3674 4176 κα-

411 4241 549 4296 pura
611 4231 667 4280 et
726 4222 966 4278 fructum
1024 4221 1266 4276 feramus
1323 4221 1522 4290 partim
1587 4222 1950 4291 trigecupiunt

2113 4221 2266 4292 iapa,
2298 4221 2745 4292 καρποφορῶμεν
2773 4221 2879 4275 ἀνὰ
2899 4220 2944 4274 λ’
2977 4221 3073 4275 καὶ
3098 4221 3140 4288 ε’
3165 4223 3264 4278 καὶ
3297 4219 3367 4293 ρ’,
3399 4219 3500 4272 οὐκ
3521 4215 3675 4271 ἀκάν-

411 4313 859 4386 sexagecuplum,
891 4321 946 4368 et
981 4308 1298 4380 centuplum
1316 4309 1386 4372 ⁸³,
1437 4323 1544 4363 non
1591 4310 1803 4380 spinas.
1837 4310 1973 4364 insu-

2109 4313 2204 4376 θας
2239 4313 2336 4366 καὶ
2355 4313 2642 4384 τριϐόλους
2675 4311 2755 4366 ἔτι
2781 4313 3197 4384 βλαστάνοντες,
3233 4311 3523 4383 γεγονότες
3547 4303 3671 4375 ἀρᾶς

416 4423 512 4477 per
536 4408 698 4462 etiam
727 4405 820 4476 qui
853 4403 1088 4460 tribulos
1116 4399 1416 4456 edebamus
1445 4399 1575 4456 lacti
1610 4415 1801 4457 sumus
1835 4417 1978 4458 esse

1235 4414 1416 4456 sanius
1445 4399 1575 4456 lacti
1610 4415 1801 4457 sumus
1835 4417 1996 4458 exse-
2103 4406 2205 4476 τῆς
2236 4405 2472 4478 ἀρχαίας
2501 4405 2797 4475 ἐλεύθεροι.

413 4500 663 4554 cratione
698 4496 927 4567 antiqua
961 4493 1144 4550 liberi.

491 4614 558 4669 Et
587 4616 863 4685 ingressus
903 4621 982 4668 est
1059 4610 1264 4678 Moses,
1317 4624 1367 4670 et
1411 4615 1620 4670 loculus
1681 4621 1760 4666 est
1807 4621 2024 4666 cunctos
2069 4627 2336 4665 sermones
2381 4611 2512 4682 legis
2557 4609 2715 4679 hujus
2753 4609 2812 4663 in
2855 4624 3013 4664 aures
3041 4606 3226 4678 populi
3283 4607 3396 4676 ipse
3433 4609 3483 4657 el
3519 4596 3668 4654 Iosue

422 4704 570 4774 filius
597 4701 768 4756 Nave.
787 4699 932 4774 με]
950 4699 1083 4755 Post
1113 4701 1393 4772 principes
1416 4701 1485 4756 ad
1509 4699 1770 4770 populum
1791 4698 2030 4768 denique
2055 4699 2297 4755 delatum
2328 4706 2433 4766 est,
2461 4697 2529 4752 ad
2556 4713 2717 4768 quem
2746 4695 2926 4752 Moses
2958 4695 3012 4750 in
3051 4705 3236 4750 castra
3263 4702 3350 4750 est
3375 4691 3660 4761 ingressus.

417 4791 588 4845 Josue
618 4787 749 4844 item
786 4787 880 4856 qui
909 4801 1204 4857 personam
1235 4787 1380 4858 gerit
1411 4786 1618 4842 Christi
1651 4786 1744 4855 qui
1792 4786 1966 4857 legem
1995 4795 2049 4843 et
2079 4788 2380 4859 prophetas
2428 4785 2696 4856 implevit.
2741 4783 3017 4840 Jubentur
3047 4797 3178 4838 vero
3203 4797 3330 4838 cum
3359 4778 3463 4849 ipsi
3485 4775 3642 4866 polisef

417 4893 570 4944 vare,
610 4885 728 4931 tum
761 4875 962 4930 docere
989 4889 1124 4930 suos
1167 4885 1448 4944 posteros,
1474 4875 1636 4946 juxta
1673 4873 1848 4944 illud:
1897 4891 1917 4926 ι
1947 4875 2272 4946 Quicunque
2300 4890 2432 4930 vero
2482 4875 2695 4939 iecerit,
2747 4880 2802 4928 et
2847 4869 3103 4929 docuerit
3131 4886 3300 4926 unum
3331 4883 3400 4924 ex
3425 4861 3651 4920 minimis

421 4969 600 5032 hisce,
637 4966 726 5020 hic
756 4979 1020 5036 magnum
1056 4977 1258 5018 nomen
1301 4963 1356 5018 in
1382 4978 1552 5036 regno
1585 4963 1854 5018 calorum
1880 4963 2212 5032 adipiscetur
2239 4965 2311 5020 ⁸².
2349 4984 2366 5016 ι

494 5052 607 5110 Nec
638 5053 709 5108 sit
737 5052 882 5106 vobis
914 5050 998 5106 hic
1033 5065 1204 5104 sermo
1237 5067 1426 5116 vanus,
1451 5051 1700 5122 quoniam
1745 5051 1856 5104 lucc
1898 5060 1978 5105 est
2011 5052 2121 5106 vita
2156 5062 2350 5120 vestra,
2381 5062 2486 5110 etc.
2537 5052 2678 5126 [η]
2733 5053 2909 5110 Verax
2944 5052 3091 5109 enim
3122 5065 3310 5109 sermo
3340 5047 3502 5101 vitam
3535 5051 3654 5130 et)":

425 5144 566 5209 fert;
595 5143 753 5214 juxta
787 5141 922 5197 illud
960 5159 974 5194 :
1009 5159 1029 5193 ι
1065 5139 1126 5208 In.
1159 5139 1263 5195 hoc
1317 5155 1450 5196 vero
1501 5139 1760 5196 consistit
1791 5140 1919 5206 vita,
1969 5149 2031 5195 ut
2067 5149 2372 5211 agnoscant
2417 5150 2470 5197 te
2513 5123 2692 5197 solum
2727 5155 2919 5198 verum
2952 5139 3146 5205 Deum,
3177 5147 3232 5196 et
3260 5148 3423 5210 quem
3463 5123 3642 5185 misisti

423 5231 614 5288 .Icsum
650 5231 932 5288 Christum
957 5229 1025 5284 ⁸³.
1060 5247 1079 5281 ι
1111 5227 1288 5294 Quam
1321 5227 1416 5299 qui
1447 5241 1640 5282 verum
1677 5225 1974 5284 Jordanem
2005 5227 2452 5299 pertransierunt
2485 5237 2617 5284 sunt
2648 5229 2912 5286 assecuti.

498 5389 541 5420 "
583 5387 721 5444 Gen.
752 5403 832 5451 vr,
861 5387 917 5441 5.
996 5387 1042 5420 ι’
1082 5385 1217 5441 an.
1255 5399 1346 5448 xv,
1375 5385 1428 5447 7,
1505 5382 1552 5416 “
1593 5382 1758 5454 Hebr.
1793 5401 1832 5450 r,
1863 5385 1918 5441 6.
1993 5386 2060 5441 “l

2083 5386 2237 5442 iatth.
2271 5403 2364 5454 xv,
2397 5387 2488 5441 Si.
2568 5386 2616 5420 "
2658 5386 2820 5442 Joan.
2878 5401 2934 5446 κ,
2972 5386 3060 5442 t6.
3137 5384 3184 5417 ’⁵⁸
3225 5381 3456 5454 EphesL
3475 5387 3530 5454 [1,.

424 5459 470 5490 ι’
503 5435 731 5522 Hebr-Tr,
763 5435 916 5510 l1."
951 5455 998 5488 ‘3
1028 5435 1486 5520 psitifiiitiufs.
1589 5435 2301 5528 λεί-Μει-ιίιῖίίκηι,ῠξῖίωυῖ
2323 5435 2589 5524 iiii—(1:35,
2628 5435 2856 5512 NH"
2880 5435 3090 5510 hlattli.
3124 5435 3363 5522 smn—r8.
3409 5446 3456 5479 ⁸²
3475 5435 3644 5498 Nam"

425 5545 477 5594 ν,
516 5528 598 5582 19.
675 5527 722 5560 ⁸³
751 5525 912 5580 Joan.
957 5541 1088 5591 xvn,
1122 5527 1175 5579 5.

1938 5620 2172 5676 ΝΟΤΛΕ.

495 5717 607 5790 (20)
646 5718 1084 5790 Παραγεγονέναι
1133 5719 1320 5787 φησὶν,
1360 5719 1474 5773 ἀλλ’
1498 5714 1590 5774 οὖν
1630 5719 1790 5783 αὐτὸς
1824 5718 1997 5788 ἔλεγε,
2037 5718 2132 5771 καὶ
2163 5716 2319 5782 ἄλλα,
2346 5732 2432 5772 κτ.
2466 5716 2493 5769 6
2523 5715 2621 5787 τῆς
2649 5716 2784 5786 Αὐγ.
2813 5714 2944 5770 κώδ.
