3956 6412
379 422 496 488 977
817 431 828 444 “
1319 440 1858 502 (ῘΟΜΜΕΝΤΜΗΙ
1917 446 1994 504 1N
2032 445 2734 507 DEUTERONUMIUM.
3553 443 3660 505 978

455 538 563 591 Kal
607 540 856 594 τελεύτα
882 543 951 596 ἐν
993 542 1072 610 τῷ
1109 547 1228 616 (’per.
1263 552 1349 615 εἰς
1395 551 1425 602 ὃ
1453 551 1793 619 ἀναϐαίνεις
1825 555 1966 610 ἐκεῖ.
2008 573 2020 610 Α

2152 553 2222 608 Et
2279 572 2481 610 morere
2530 559 2586 612 in
2626 567 2798 612 monte
2843 559 2896 612 in
2933 573 3082 627 quem
3133 565 3186 609 tu
3231 555 3490 609 ascendis.
3526 555 3661 627 [Μὴ]

379 628 493 721 Τοῦ
537 629 647 703 γὰρ
692 632 823 686 λαοῦ
881 636 1170 704 μέλλοντος
1215 641 1484 714 διαπερᾷν
1523 644 1614 698 τὸν
1678 647 1970 718 Ἰορδάνην,

2095 646 2216 702 Cum
2268 651 2413 704 enim
2464 651 2698 720 populus
2749 651 2863 720 jam
2934 666 3029 721 per
3082 648 3377 704 Iordanem
3431 650 3666 703 tt'ansite

380 720 540 784 τέλος
566 723 846 794 ἐπιτίθησι
869 725 947 796 τῷ
979 727 1130 799 νόμῳ
1159 731 1310 794 Θεός.

2095 741 2265 808 vellet,
2298 744 2458 798 linem
2506 744 2610 814 legi
2643 720 3100 815 imponereiDeus
3133 741 3326 798 voluit.

467 827 720 928 limo-est
753 833 1045 928 benedictio
1076 855 1186 928 qurt
1215 839 1482 896 benedixit
1531 841 1706 898 Moses
1755 847 1832 898 vir
1863 845 1961 900 Dei
2006 849 2135 912 ﬁliis
2191 850 2392 911 Israel.
2427 852 2694 925 [XXXIIL
2725 852 2805 926 L}
2840 853 2958 908 Non
3002 853 3179 909 solum
3217 851 3537 906 hominibus
3573 869 3663 920 pe~

387 920 568 1010 c"_"i_m
610 920 962 1010 Ιξπτθίίίίδνίυ
994 924 1319 992 σὺνυιιίυηῑν
1354 945 1544 982 verum
1573 933 1740 984 etiam
1775 944 2097 988 sanctorum
2127 953 2316 993 eorum
2354 920 2449 1010 qui
2482 957 2513 996 e
2569 941 2711 996 vivis
2741 920 3016 997 exceduni
3041 941 3191 1004 liliis,
3249 938 3660 994 benedictiones

389 1004 731 1102 spirituallas.
775 1009 1122 1102 Quapmpter
1153 1030 1276 1067 eum
1311 1017 1377 1069 ad
1409 1025 1623 1072 :etatem
1655 1029 1904 1073 exactam
1929 1025 2274 1090 pervenisset
2308 1004 2483 1093 Isaac,
2513 1029 2614 1096 ipsi
2651 1027 2800 1084 Esau
2833 1029 3156 1084 benedicere
3184 1027 3457 1098 cupiebat.
3488 1025 3662 1080 Jacob

389 1095 521 1146 item
554 1095 799 1186 moriens
827 1096 1051 1186 Jpsephi
1095 1102 1308 1168 liberis,
1339 1105 1575 1174 aliisque
1603 1117 1873 1176 quotquot
1931 1109 2082 1178 digni
2112 1120 2294 1176 erant,
2337 1095 2644 1170 benedixit.
2670 1115 2916 1186 Denique
2971 1130 3102 1170 vero
3131 1095 3278 1169 nunc
3309 1113 3491 1169 Moses
3523 1129 3664 1182 quo-

389 1196 501 1272 quc
531 1183 806 1240 tribubus.
841 1185 1036 1243 Patres
1067 1191 1216 1243 enim
1243 1192 1574 1246 decedentes
1607 1191 1812 1247 donum
1852 1194 1904 1248 id
1943 1197 2090 1266 quod
2124 1199 2258 1268 ipsis
2293 1201 2573 1272 peculiare
2599 1214 2742 1267 erat,
2773 1183 2838 1258 ini
2858 1219 3153 1258 commune
3186 1201 3658 1258 transmittebant.

389 1266 528 1322 Nam
563 1286 628 1324 ex
663 1272 830 1328 unico
869 1277 1144 1346 principio
1176 1280 1229 1332 in
1280 1279 1572 1335 universos
1612 1279 1756 1338 Deus
1785 1297 1941 1336 suam
1989 1266 2242 1354 provehit
2293 1266 2549 1357 gratiam,
2591 1266 2740 1360 quod
2770 1305 2957 1345 verum
3008 1288 3343 1361 principium
3376 1289 3658 1344 Christum

392 1369 589 1449 nempe
614 1368 994 1449 reprtcsentat,
1033 1364 1126 1432 qui
1164 1366 1366 1418 donum
1397 1381 1558 1418 suum
1606 1382 1636 1420 a
1678 1384 1738 1423 se
1775 1369 1828 1422 in
1881 1385 2013 1427 suos
2041 1376 2391 1442 transmittit,
2427 1389 2717 1448 postquam
2756 1379 2811 1433 in
2842 1379 3047 1434 cmlum
3084 1377 3359 1449 migravit,
3409 1377 3659 1432 divinum

389 1449 522 1540 Ρηξίξ
549 1442 968 1540 δνίπίίυιυιηυειξ
995 1452 1610 1540 quenteshominibus
1644 1453 1740 1510 Dei
1790 1455 1935 1514 lilios
1965 1459 2149 1525 cllicit,
2183 1478 2249 1519 ac
2297 1442 2602 1535 discipulos
2639 1466 2723 1522 sui
2773 1466 3040 1536 imagines
3070 1442 3268 1532 reddit,
3301 1473 3361 1520 ut
3421 1482 3518 1534 per
3565 1480 3661 1519 eos

389 1529 552 1628 nobis
586 1540 788 1628 praesto
819 1535 908 1628 sit.
940 1534 1108 1628 Juxta
1144 1538 1320 1628 illud:
1364 1558 1382 1592 ι
1415 1539 1520 1628 Qui
1553 1555 1652 1596 vos
1679 1543 1898 1612 recipit,
1933 1562 2018 1602 me
2047 1549 2247 1620 recipit
2274 1551 2340 1606 ³⁸.
2385 1571 2404 1606 ι
2441 1529 2792 1624 Quapropter
2844 1529 3007 1608 aratri
3039 1529 3264 1623 quoque?
3291 1553 3359 1608 de
3384 1529 3660 1622 discipulo

391 1631 498 1670 suo
532 1619 585 1670 in
618 1619 732 1710 hare
769 1622 935 1678 verba
965 1622 1099 1678 dicit
1131 1643 1144 1679 :
1197 1645 1216 1678 ι
1249 1625 1390 1682 Ecce
1423 1627 1567 1684 [ilius
1601 1636 1731 1686 tuus
1761 1631 1862 1685 ⁵³.»
1899 1632 2034 1687 Nam
2065 1634 2143 1692 illi
2169 1619 2434 1710 tanquam
2465 1619 2708 1710 seipsum
2748 1619 3182 1708 commendavit,
3205 1657 3368 1710 quam
3398 1641 3451 1695 in
3484 1619 3662 1709 ipsius

393 1718 617 1774 quoque
651 1706 806 1762 ﬁdem
851 1726 960 1764 non
991 1713 1152 1767 aliter
1179 1730 1342 1784 quam
1393 1716 1478 1770 sui
1519 1717 1772 1783 tradidit,
1808 1735 1873 1774 ac
1930 1722 2173 1780 vicissim
2226 1706 2300 1780 ad
2335 1706 2670 1797 discipulum
2727 1728 2878 1783 dixit
2915 1745 2931 1782 :
2979 1746 2997 1779 ι
3025 1706 3168 1783 Ecce
3205 1706 3376 1782 mater
3409 1706 3602 1782 tua”.
3639 1747 3657 1779 ι

393 1797 692 1868 Qniigitur
727 1801 944 1856 unicam
977 1803 1201 1858 domum
1240 1805 1567 1870 fundarunt,
1621 1808 1678 1862 in
1707 1823 1829 1864 eam
1866 1797 2021 1865 suam
2069 1825 2168 1866 sua
2211 1810 2351 1865 bona
2395 1810 2834 1876 translundunt;
2888 1811 2982 1880 qui
3037 1811 3267 1882 insuper
3318 1818 3560 1881 gentem,
3607 1811 3662 1864 in

393 1894 614 1956 gentem
651 1888 1019 1947 transierunt.
1047 1893 1123 1946 Ita
1163 1893 1422 1950 Christus
1455 1896 1510 1949 in
1545 1910 1671 1950 eum
1707 1912 1932 1969 quoque
1961 1901 2053 1966 qui
2081 1901 2131 1955 ei
2160 1899 2398 1954 maxime
2431 1898 2598 1954 fuerit
2629 1899 2851 1965 similis,
2890 1899 2984 1969 qui
3019 1913 3129 1953 non
3163 1913 3426 1953 carneum
3459 1913 3659 1969 genus,

392 1989 588 2030 verum
623 1977 904 2032 subditmu
941 1980 1214 2035 condidit.
1243 1979 1414 2037 Jacob
1442 1983 1629 2052 itaque
1653 1985 1898 2040 moriens
1951 1986 2138 2042 futura
2185 1989 2581 2059 praedictorum
2635 1987 2916 2058 promisit,
2950 2001 3050 2042 nec
3096 1985 3278 2040 fausta
3308 1987 3418 2042 illis
3447 2001 3664 2041 nuncu-

395 2065 566 2134 pavit.
605 2065 897 2136 Aliquibus
932 2069 1077 2122 enim
1113 2069 1355 2124 tribuum
1383 2070 1506 2126 dira
1537 2080 1622 2126 est
1645 2072 2000 2143 imprecatus,
2027 2083 2215 2145 utpote
2270 2074 2400 2129 Levi
2442 2088 2508 2128 ac
2562 2075 2832 2130 Simeoni.
2874 2073 2984 2128 Sua
3047 2088 3176 2129 vero
3215 2075 3382 2129 verba
3435 2074 3664 2129 benedi-

395 2153 611 2208 ctiones
642 2163 803 2210 vocat
831 2155 1028 2222 Moses,
1061 2159 1155 2226 qui
1185 2156 1375 2213 Jacobi
1407 2161 1820 2217 exsecrationes
1852 2163 2157 2218 enervavit.
2184 2163 2254 2217 At
2293 2163 2604 2218 benedictio
2632 2163 2762 2232 quid
2796 2162 2944 2216 aliud
2977 2170 3082 2226 est,
3117 2176 3286 2231 quam
3318 2161 3662 2218 exsecratio)

396 2240 487 2294 nis
519 2241 862 2296 dissolutio?
888 2243 965 2298 Ac
997 2245 1100 2299 hoc
1141 2246 1364 2314 quidem
1397 2245 1562 2318 472
1590 2248 1819 2319 figuram
1847 2252 1970 2304 tulit
1995 2251 2206 2306 Christi
2246 2252 2338 2321 qui
2363 2249 2624 2304 lsraelem
2653 2264 2683 2302 a
2712 2250 2849 2319 legis
2883 2248 3270 2302 maledictione
3303 2258 3424 2304 erat
3455 2247 3662 2303 libera-

396 2336 576 2382 turus.
621 2330 680 2383 ln
715 2329 837 2400 ipso
885 2331 1089 2386 etenim
1129 2333 1302 2402 copia:
1332 2348 1502 2388 cornu
1551 2345 1656 2390 est.
1693 2336 1976 2406 Siquidem
2027 2339 2081 2393 in
2119 2339 2258 2408 lege,
2295 2347 2354 2392 ut
2386 2337 2564 2407 inquit
2598 2338 2665 2401 ⁵⁷,
2703 2336 2853 2390 nulla
2889 2345 2972 2390 est
3007 2333 3289 2404 perfectio.
3325 2334 3482 2401 Quod
3531 2348 3667 2391 sane

398 2415 652 2474 Israelem
679 2420 825 2474 seire
860 2422 1267 2486 conveniebat,
1300 2425 1445 2493 quod
1482 2427 1794 2480 exsecratio
1838 2428 1892 2481 in
1945 2426 2382 2482 benedictionem
2425 2431 2672 2480 transeat
2707 2423 2982 2487 videlicet,
3037 2437 3138 2478 nec
3170 2423 3397 2478 Christo
3433 2426 3524 2493 qui
3568 2437 3667 2480 eos

397 2506 454 2559 in
510 2505 950 2560 benedictionem
1006 2509 1313 2572 transtulit,
1352 2520 1598 2578 crucem,
1654 2526 1718 2566 ac
1761 2527 1792 2566 e
1838 2513 1984 2584 ligno
2050 2513 2470 2582 suspensionem
2539 2511 2893 2582 exprobrare.
2941 2509 3214 2577 Quocirca
3273 2511 3325 2564 in
3375 2511 3666 2581 principiis

399 2607 626 2646 suarum
705 2593 1154 2650 benedictionnm
1226 2597 1581 2652 Servatorem
1661 2598 1842 2656 Moses
1901 2601 2211 2655 constituit.
2289 2599 2396 2666 Qui
2468 2606 2635 2669 caput
2713 2607 2770 2654 et
2845 2599 3092 2670 priorum
3164 2608 3218 2654 et
3295 2599 3666 2668 posteriorum

398 2679 848 2736 benedictionum
899 2691 1029 2746 est,
1079 2699 1190 2738 non
1238 2699 1429 2740 earum
1483 2686 1662 2742 solum
1718 2703 1840 2756 qua:
1893 2686 2146 2745 lsraelem
2197 2695 2486 2756 spectant,
2535 2702 2726 2742 verum
2783 2686 3114 2757 etiam'qute
3169 2700 3336 2758 regna
3381 2687 3484 2740 alia
3539 2686 3665 2740 uni-

399 2783 585 2824 versa.

476 2876 736 2932 Dominus
762 2879 827 2932 de
857 2879 990 2934 Sina
1026 2881 1189 2945 venit,
1219 2890 1267 2936 et
1305 2885 1608 2952 comparuit
1653 2883 1805 2940 nobis
1855 2885 1918 2939 de
1950 2885 2088 2942 Seir.
2116 2885 2223 2958 [2.]
2255 2885 2332 2940 De
2369 2885 2717 2957 apparitione
2747 2884 2963 2941 Domini
2998 2899 3061 2940 ea
3093 2884 3360 2951 loquitur,
3415 2897 3580 2953 quam
3611 2883 3666 2937 in

400 2974 590 3018 monte
611 2979 736 3019 cum
757 2967 930 3036 legem
968 2967 1160 3030 ferret,
1187 2985 1312 3024 cum
1345 2971 1594 3025 exercitu
1621 2973 1943 3041 angelorum
1979 2971 2128 3038 fecit,
2162 2989 2257 3042 per
2287 2988 2428 3043 quos
2477 2973 2651 3043 legem
2689 2972 3082 3042 promulgavit,
3115 2971 3362 3041 Mosique
3405 2970 3665 3025 eximiam

398 3047 623 3107 lsraelis
652 3064 857 3108 sortem
899 3056 1326 3111 commendavit.
1363 3056 1437 3110 De
1468 3074 1577 3127 qua
1606 3059 1875 3129 scriptum
1919 3068 2006 3115 est
2035 3079 2050 3116 :
2087 3079 2104 3112 ι
2134 3059 2252 3115 Νοιι
2288 3069 2574 3131 tantopere
2605 3060 2774 3115 ullam
2819 3059 3003 3114 all'ecit
3031 3069 3276 3130 gentem,
3329 3073 3432 3112 nec
3459 3057 3669 3128 judicia

401 3154 504 3194 sua
533 3148 667 3195 nota
700 3141 827 3196 fecit
855 3142 938 3198 eis
960 3143 1026 3199 ⁸⁸³.
1064 3163 1082 3196 ι
1133 3143 1341 3200 Deinde
1383 3146 1704 3200 vaticinium
1737 3147 1805 3201 de
1831 3145 2055 3204 Christo
2089 3151 2198 3204 tale
2221 3149 2418 3214 edidit,
2445 3149 2592 3218 quod
2627 3148 2746 3219 ipse
2781 3147 3046 3202 Dominus
3077 3147 3147 3204 sit
3175 3147 3268 3216 qui
3302 3146 3476 3216 legem
3500 3145 3662 3200 dede~

401 3229 495 3294 rit,
518 3244 584 3284 ac
616 3245 714 3285 rex
752 3230 940 3287 dilecti
972 3233 1159 3304 populi
1189 3233 1450 3298 exsistat,
1479 3249 1607 3290 cum
1643 3250 1754 3305 quo
1783 3236 2043 3290 omnibus
2071 3250 2293 3306 quoque
2341 3236 2632 3291 benedicet
2683 3234 2924 3306 populis,
2973 3233 3066 3303 qui
3103 3235 3415 3304 principum
3447 3231 3672 3286 nomine

399 3315 813 3386 signiﬁcantur.
871 3318 1343 3384 Quemadmodum
1397 3321 1570 3378 David
1624 3338 1845 3393 quoque
1894 3324 2090 3378 dixit:
2148 3323 2486 3394 «Principes
2546 3323 2874 3394 populorum
2926 3322 3144 3377 collecti
3203 3331 3333 3378 sunt
3389 3319 3456 3374 ad
3495 3318 3668 3374 Deum

398 3405 682 3461 Abraham
713 3408 782 3463 ⁵³.
817 3426 837 3460 ι
881 3407 1130 3464 Nondum
1160 3411 1306 3464 enim
1335 3425 1460 3465 cum
1493 3411 1577 3466 lex
1615 3413 1928 3467 sanciretur
1955 3413 2176 3466 sincere
2218 3411 2341 3481 ejus
2373 3427 2544 3482 regno
2576 3411 2894 3481 parebatur.
2927 3408 3063 3464 Nam
3097 3425 3221 3466 cum
3253 3411 3335 3466 lex
3389 3408 3669 3478 paedagogi

399 3495 555 3550 vices
579 3495 801 3561 habeat,
834 3513 944 3553 non
977 3498 1115 3554 satis
1141 3513 1269 3553 cum
1318 3497 1428 3554 Deo
1455 3498 1791 3554 conciliandi
1821 3499 1924 3554 fuit
1955 3499 2172 3564 idonea,
2227 3498 2406 3553 donec
2452 3499 2697 3567 seipsum
2731 3498 2963 3568 ipsemet
2994 3497 3146 3553 dedit
3177 3497 3444 3551 Dominus
3477 3510 3669 3565 regno.

401 3596 468 3636 ac
497 3581 970 3640 administrationi
1007 3599 1188 3639 rerum
1226 3582 1583 3638 Judaicarum
1625 3583 2209 3654 Grtecanicarumqne.
2259 3585 2418 3652 Quod
2484 3602 2613 3640 vero
2643 3586 2894 3656 quaedam
2948 3586 3084 3640 dicit
3132 3585 3200 3640 de
3229 3585 3372 3654 ipso,
3419 3584 3668 3654 qnaadam

399 3684 536 3724 vero
560 3669 628 3725 ad
656 3670 860 3741 ipsum,
894 3671 978 3727 vel
1011 3673 1114 3726 hoc
1145 3671 1476 3742 simpliciter
1508 3671 1665 3737 fecit,
1698 3673 1785 3726 vel
1810 3671 2091 3742 duplicem
2122 3674 2243 3744 ejus
2279 3689 2571 3744 personam
2604 3675 2991 3730 demonstrare
3028 3676 3166 3738 vult,
3194 3689 3256 3727 ac
3291 3672 3434 3726 l’atri
3468 3672 3668 3726 Filium

401 3773 508 3812 ceu
531 3758 961 3814 coessentialem
987 3758 1332 3830 conjungere
1375 3775 1389 3813 :
1422 3761 1884 3830 quemadmodum
1911 3759 2210 3816 Zacharias
2241 3777 2464 3831 quoque
2504 3776 2566 3817 ex
2613 3776 2851 3832 persona
2886 3760 2981 3816 Dei
3034 3761 3287 3832 loquens.
3320 3759 3669 3814 alllictionem

402 3865 468 3906 ac
493 3860 727 3906 mortem
759 3850 884 3922 ejus
908 3851 1196 3917 indicavit,
1237 3850 1374 3906 dicit
1405 3851 1551 3906 enim
1583 3870 1596 3906 :
1638 3874 1656 3904 ι
1686 3853 1971 3922 Aspieient
1994 3865 2153 3920 quem
2189 3857 2634 3918 compunxerunt
2657 3849 2720 3902 ⁸ο.
2753 3867 2773 3900 ι
2810 3848 2932 3902 Alio
2956 3849 3084 3903 item
3134 3848 3279 3911 loco,
3307 3849 3413 3901 alia
3450 3846 3672 3916 quidem

403 3953 640 4008 persona
674 3954 796 4010 quae
842 3938 1010 3993 mittit
1070 3938 1404 4005 ostenditur,
1443 3939 1548 3994 alia
1590 3955 1718 3995 vero
1768 3955 1891 4012 quae
1928 3937 2186 3994 mittitur.
2241 3936 2506 3991 Dominus
2572 3936 2699 3990 item
2749 3936 3071 4007 angelorum
3120 3937 3522 4005 promulgatur.
3576 3950 3674 4001 per

405 4042 546 4096 quos
604 4028 778 4098 legem
841 4043 1064 4098 quoque
1131 4027 1324 4093 dedit,
1379 4028 1538 4099 juxta
1605 4029 1738 4083 illud
1796 4046 1808 4081 :
1872 4047 1904 4080 ι·
1939 4026 2202 4080 Ordinata
2259 4024 2372 4094 'per
2430 4023 2670 4092 Angelos
2727 4023 2782 4076 in
2858 4038 3023 4076 manu
3092 4025 3482 4078 intercessuris
3521 4022 3588 4076 σί.
3649 4039 3668 4071 ι

407 4113 727 4184 Stephanus
759 4113 892 4168 item
929 4115 1112 4184 inquit
1149 4127 1164 4166 :
1207 4131 1226 4164 ι
1257 4111 1569 4184 Accepistis
1602 4115 1775 4186 legem
1805 4115 1964 4186 juxta
1997 4113 2316 4184 praescripta
2347 4112 2696 4182 angelorum,
2737 4127 2840 4168 nec
2870 4112 3137 4168 servastis
3171 4112 3236 4163 ⁶³·.
3280 4129 3300 4162 ι

474 4243 549 4297 Τὸ
581 4244 734 4312 Σινᾶ,
783 4243 908 4314 ὅρος
955 4245 1075 4298 ἐστὶ
1119 4245 1219 4315 τῆς
1271 4245 1497 4316 Φαράνο
1538 4248 1658 4318 ἥτις
1719 4247 1839 4302 ἐστὶ
1888 4247 1988 4316 τῆς

2167 4242 2341 4298 Porro
2389 4241 2519 4298 Sina
2546 4257 2704 4297 mons
2745 4243 2799 4298 in
2850 4243 3076 4298 deserto
3121 4241 3356 4297 Pharam
3389 4285 3401 4306 ,
3435 4242 3580 4312 quod
3621 4242 3674 4296 in

417 4333 697 4406 Ἀραϐίας,
729 4334 806 4398 ὡς
829 4335 858 4387 ὁ
883 4333 1094 4398 Παῦλός
1126 4335 1393 4406 φησιν.Ἡ
1424 4335 1479 4389 δὲ
1510 4335 1694 4406 Φαράν
1744 4340 1860 4390 ἐστι.
1887 4337 1994 4390 Κά-

403 4427 524 4498 δης,
583 4426 658 4490 ὥς
713 4443 878 4496 φησιν
931 4428 990 4480 ὲν
1045 4430 1161 4491 τοῖς
1206 4427 1506 4498 Ἀριθμοῖς.
1565 4429 1732 4498 Σηεὶρ
1783 4429 1842 4482 δὲ
1897 4427 1992 4482 καὶ

417 4517 598 4588 Ἐδώμ
631 4519 781 4571 ἐστιν
823 4519 851 4571 ὁ
892 4517 1084 4572 Ἠσαῦ.
1129 4511 1204 4572 υῦ
1239 4519 1300 4573 τὸ
1351 4518 1476 4592 ὅρος
1522 4519 1756 4590 πλησίον
1779 4519 1988 4591 Φαράν.

413 4631 432 4664 ι
462 4612 563 4665 Ἐκ
596 4610 728 4664 Σινὰ
760 4611 836 4675 δὲ,
887 4613 1076 4681 φησιν,
1129 4611 1254 4682 ἥκει
1309 4613 1534 4684 Κύριος,
1565 4633 1582 4666 ι
1632 4612 1748 4666 ἀλλ’
1783 4614 1882 4666 οὐκ
1912 4614 1992 4676 εἰς

407 4705 560 4770 Σινὰ,
599 4705 695 4759 καὶ
717 4705 993 4775 ὲπὲφανεν
1040 4707 1104 4758 ὲκ
1141 4705 1333 4776 Σηεὶρ,
1373 4707 1689 4775 ὑποφαίνων
1719 4705 1820 4776 τὴν
1854 4706 1994 4759 κατὰ

408 4799 591 4869 σάρκα
616 4797 783 4850 αὐτοῦ
817 4797 1095 4868 γέννησιν,
1133 4797 1230 4851 τοῦ
1267 4800 1360 4853 καὶ
1386 4799 1444 4851 ὲν
1473 4800 1602 4852 Σινὰ
1633 4798 1895 4870 φκνέντος
1936 4801 1994 4853 ὲν

403 4889 536 4942 εἴδει
570 4890 764 4958 πυρὸς,
812 4890 906 4942 καὶ
945 4889 1240 4952 δεδωκότος
1311 4889 1494 4954 αὐτοῖς
1546 4889 1638 4943 τὸν
1681 4889 1864 4961 νόμον.
1907 4891 1994 4955 Ὠς

405 4984 710 5050 ἀναγκαῖον
740 4980 852 5052 γὰρ
878 4981 1062 5044 αὐτοῖς
1093 4980 1188 5032 καὶ
1239 4981 1508 5050 σωτήριον
1539 4979 1698 5033 τοῦτο
1727 4980 1788 5033 τὸ
1817 4981 1993 5051 μάθη-

409 5091 488 5141 μα
519 5072 908 5143 παραδίδωσιν,
945 5072 1028 5124 ὃτι
1075 5071 1372 5142 ὀφθήσεται
1415 5073 1478 5125 ἐκ
1510 5071 1678 5142 Σηεῐρ
1704 5088 1716 5101 ·
1759 5073 1818 5136 ὃς
1845 5072 1995 5124 ἐστιν

418 5165 595 5235 Ἐῖώμ
616 5181 629 5193 ·
650 5163 829 5234 Ἐδὼμ
851 5164 932 5229 δὲ,
963 5167 991 5217 ό
1018 5166 1226 5234 γήϊνος.
1253 5184 1271 5216 ι
1299 5165 1409 5217 Καὶ
1425 5164 1785 5228 κατέσπευσε,
1802 5165 1990 5234 φησὶν,

404 5259 462 5320 ἐξ
480 5258 642 5331 ὅρους
671 5257 878 5328 Φαρὰν,
911 5275 930 5308 ι
955 5255 1050 5310 τοῦ
1084 5257 1252 5326 νόμου
1301 5258 1400 5327 τὴν
1430 5256 1646 5309 παῦλαν
1683 5255 1882 5325 δηλῶν.
1916 5257 1991 5308 Οὐ

406 5347 518 5418 γὰρ
548 5347 630 5401 ἔτι
675 5348 824 5418 μόνῳ
874 5347 1210 5418 χρηματίζει
1253 5348 1332 5418 τῷ
1374 5348 1627 5418 προτέρῳ
1676 5347 1810 5418 λαῷ,
1857 5347 1992 5402 ἀλλὰ

408 5441 506 5494 καὶ
531 5441 703 5495 πᾶσιν
727 5441 830 5512 ἥδη
862 5443 977 5505 τοῖς
1015 5439 1216 5495 ἔθνεσι.
1251 5442 1528 5512 Γράφεται
1555 5441 1612 5494 δὲ
1649 5440 1762 5507 καὶ,
1805 5460 1823 5492 ι
1856 5458 1993 5494 κατ-

409 5533 703 5600 incusati,»
727 5533 863 5604 ὅπερ
881 5531 1032 5602 δηλοί
1052 5533 1112 5586 τὸ
1137 5533 1462 5598 σπουδάζειν
1486 5533 1649 5586 αὐτὸν
1671 5532 1993 5588 καταλιπεῖν

487 5713 534 5745 ³⁵
565 5709 757 5768 Matth.
792 5729 845 5774 x.
881 5711 968 5766 40.
1048 5712 1091 5743 ⁵⁵
1121 5711 1282 5768 Joan.
1328 5728 1440 5775 xIx,
1472 5711 1580 5766 "26.
1659 5711 1705 5742 ⁵⁸
1743 5711 1878 5766 ibid.
1924 5711 2012 5764 Ἦ.

787 5785 832 5813 ⁶⁰
863 5781 1093 5838 Zarhar.
1135 5799 1226 5851 xu,
1273 5783 1385 5852 10-,
1433 5781 1588 5839 Joan.
1632 5799 1745 5852 xix,
1771 5783 1862 5836 '57.
1940 5783 1981 5813 “
2017 5781 2193 5837 Galat.
2228 5796 2309 5846 nl,
2347 5781 2427 5834 l9.

409 5801 556 5847 Im,
595 5783 680 5838 10-.

411 5857 460 5888 “
490 5854 656 5910 Num.
702 5869 820 5922 xm,
839 5853 932 5908 27.

2093 4337 2321 4400 Arabia,
2350 4336 2522 4392 Paulo
2551 4353 2773 4408 quoque
2805 4347 2942 4392 teste
2973 4339 3040 4401 “,
3085 4335 3250 4392 situm
3287 4344 3392 4391 est.
3443 4336 3512 4390 At
3541 4333 3682 4389 Pha-

2097 4446 2193 4484 ran
2242 4429 2424 4486 Gades
2479 4437 2564 4485 est
2621 4429 3087 4500 quemadmodum
3148 4429 3314 4482 tradit
3375 4429 3428 4481 in
3479 4426 3682 4483 Nume-

2097 4523 2172 4578 ris
2199 4521 2265 4576 “.
2299 4520 2476 4577 Porro
2501 4521 2624 4576 Seir
2647 4530 2700 4577 et
2733 4521 2903 4575 Edoni
2932 4521 3078 4574 Esau
3108 4527 3260 4583 sunt,
3294 4517 3458 4586 cujus
3491 4519 3681 4572 termi-

2095 4631 2202 4670 nus
2236 4629 2407 4684 prope
2467 4613 2682 4668 Pharon
2716 4622 2822 4668 est.
2863 4612 3002 4666 Dicit
3037 4626 3162 4665 vero
3197 4629 3211 4665 :
3258 4630 3276 4662 ι
3307 4610 3384 4664 Ex
3423 4608 3557 4664 Sina
3587 4626 3681 4665 ve—

2095 4704 2178 4757 nit
2222 4702 2513 4768 Dominus,
2549 4722 2568 4754 »
2607 4718 2730 4766 nec,
2781 4701 2837 4755 ln
2897 4700 3054 4767 Sina,
3098 4702 3225 4754 item
3263 4710 3418 4754 ortus
3451 4708 3556 4755 est.
3601 4699 3679 4752 Ex

2097 4795 2222 4849 Seir
2282 4794 2404 4865 ejus
2442 4809 2698 4856 eameam
2747 4791 3161 4864 generationem
3212 4789 3492 4855 declarat,
3535 4788 3679 4858 ejus,

2097 4885 2346 4954 inquam,
2383 4883 2474 4953 qui
2507 4886 2560 4937 in
2599 4890 2784 4938 monte
2828 4896 3050 4952 quoque
3087 4881 3232 4950 ignis
3282 4879 3454 4950 ﬁgura
3485 4880 3681 4945 eluxit,

2096 4979 2384 5046 legemque
2427 4977 2561 5046 ipsis
2593 4977 2842 5038 tradidit,
2881 4991 3045 5045 quam
3083 4973 3389 5044 disciplinae
3421 4986 3684 5026 necessa-

2095 5072 2192 5124 riae
2235 5086 2298 5123 ac
2339 5069 2601 5124 salutaris
2653 5069 2772 5123 vice
2826 5069 2934 5124 illis
2979 5067 3352 5121 commendat.
3403 5063 3679 5130 Quoniam

2095 5163 2468 5233 conspicietur
2496 5179 2562 5217 ex
2595 5161 2737 5224 Seir,
2783 5161 2876 5232 qui
2937 5168 3190 5214 terrenus
3233 5155 3400 5210 Edoni
3447 5165 3554 5212 est.
3616 5157 3682 5208 Et

2096 5257 2266 5309 movit
2302 5270 2366 5309 ex
2419 5265 2605 5308 monte
2657 5253 2896 5314 Pharan,
2943 5267 3054 5322 quo
3095 5250 3229 5321 legis
3265 5251 3428 5304 linem
3482 5249 3680 5304 subin-

2096 5348 2236 5410 nnit,
2275 5363 2384 5400 non
2424 5349 2569 5401 enim
2599 5346 2778 5416 primo
2811 5345 3014 5416 populo
3039 5343 3263 5398 oracula
3301 5353 3516 5412 promet
3553 5342 3678 5403 soli,

2096 5457 2282 5494 verum
2331 5439 2548 5494 cunctis
2597 5454 2760 5508 porro
2803 5438 3082 5508 gentibus.
3135 5434 3410 5490 Scribitur
3444 5437 3594 5496 item,
3629 5443 3683 5487 et

2097 5529 2413 5594 festinavit,
2450 5541 2559 5598 quo
2620 5526 2898 5582 indicatur
2945 5526 3190 5582 studium
3238 5540 3350 5596 quo
3393 5523 3682 5578 contendit

2114 5711 2168 5760 ,⁵⁷
2206 5708 2372 5764 Hebr.
2406 5726 2499 5778 vn,
2547 5707 2630 5762 19.
2747 5707 2792 5739 ⁵⁸
2823 5707 2968 5762 l’sal.

2120 5789 2193 5832 at.
2228 5796 2309 5832 ιιι.
2347 5781 2427 5832 19.
2541 5780 2584 5810 θ’
2625 5780 2747 5832 Act.
2783 5794 2882 5832 vn.
2917 5777 2980 5832 55

2677 5793 2747 5832 ct.
2783 5794 2882 5846 vn,
2917 5793 3004 5832 oo.

2747 5707 2792 5739 ³⁵⁸
2823 5705 2968 5762 l’sal.
3036 5721 3238 5768 chvu,
3282 5705 3373 5760 20.
3452 5705 3497 5735 ⁵⁸
3527 5703 3678 5760 i’sal.

2783 5794 2882 5830 vn.
2917 5777 3004 5830 5'5.
3108 5776 3153 5807 ⁸³
3201 5775 3380 5830 Galut.
3453 5789 3538 5830 IV.
3583 5773 3678 5830 ‘15.

3250 5787 3380 5830 alat.
3453 5789 3508 5830 IV
3524 5813 3538 5837 υ
3583 5787 3679 5833 ’Ζῧι
