3956 6414
899 325 965 346 ν..

316 382 423 448 981
1278 382 1820 446 COMMENTARII
1856 377 1939 440 IN
1978 379 2678 446 DEUTERONOMIUM.
3496 385 3601 447 98?.

316 519 423 571 την
444 498 864 558 ἀποδεκατώσω.
901 520 919 553 ι
957 501 1195 565 Δέκατος
1225 500 1283 554 δὲ
1318 502 1427 556 ἀπὸ
1452 499 1549 556 τοῦ
1601 499 1897 556 τελευταίοι

2020 496 2169 552 nium
2203 514 2543 570 quaecunque
2573 500 2707 553 mihi
2731 500 2946 558 dederis
2969 500 3214 555 decimas
3237 498 3468 569 pendam
3491 500 3559 554 ".
3576 519 3593 551 ιι

316 592 510 665 παιδὸς
538 594 566 645 6
593 592 748 658 Λευῖ,
778 594 876 648 τοῦ
905 594 1095 658 τέλους
1117 595 1197 659 είς
1230 593 1407 665 ἀρχὴν
1427 593 1802 657 καταστάντος
1820 592 1897 646 διά

2011 585 2107 641 Est
2130 603 2263 643 vero
2288 589 2357 644 ab
2413 590 2611 644 ultimo
2648 589 2759 643 tilio
2801 590 2930 644 Levi
2985 590 3255 652 decimus,
3304 602 3369 641 ac
3400 589 3469 641 ita
3504 605 3602 657 per

314 685 578 758 Χριστόν.
606 686 705 749 ⁸ος
729 686 908 758 ἀρχὴν
929 687 992 741 τὸ
1020 686 1177 751 τέλος
1217 685 1520 757 ἀπέφηνεν,
1561 686 1649 740 ἐπ’
1674 685 1908 757 έσχάτου

316 774 415 834 τοῦ
435 778 633 842 αἰῶνος
663 778 856 845 ἐλθὼν,
889 779 984 833 καὶ
1007 778 1107 850 τὴν
1142 778 1400 847 εὐλογίαν
1440 778 1550 833 ἀπὸ
1593 778 1689 834 τοῦ
1722 778 1911 841 τέλους

316 869 656 939 εἰσαγαγών.
697 870 757 925 '0
783 872 841 925 δὲ
870 870 1100 943 Συμεὼν
1134 871 1212 943 τῷ
1233 873 1426 945 Κυρίῳ
1458 871 1907 935 καταλέλειπται,

315 961 472 1031 καὶὴ
518 961 711 1016 τούτου
748 962 1055 1033 διόρθωσις.
1107 965 1205 1029 Ὃς
1237 964 1386 1018 ἆπαν
1418 965 1480 1018 τὸ
1521 963 1803 1034 ἐλλειφθὲν
1832 962 1910 1034 τῷ

314 1053 468 1125 νόμῳ
498 1054 586 1108 διὰ
621 1056 720 1126 τῆς
769 1056 995 1127 χάριτος
1047 1057 1377 1129 ἀναπληροῖ.
1415 1058 1632 1129 ’Ὥσπερ
1684 1057 1911 1122 καὶτὰς

313 1144 450 1200 δέκα
476 1147 668 1216 φυλὰς,
703 1150 947 1220 Ἐφραὶμ
967 1151 1400 1222 ὀνομαζομένας,
1434 1153 1537 1206 οὐκ
1557 1151 1854 1221 ἀναγαγὼν
1880 1151 1911 1204 6

311 1237 450 1302 Θεὸς
484 1240 542 1292 έν
588 1240 785 1310 ἀφέσει
834 1245 900 1313 τῇ
936 1243 1091 1315 παρὰ
1118 1245 1349 1318 Κυρίου,
1398 1244 1910 1315 ἐπαγγέλλετσιδιὰ

312 1329 411 1382 τοῦ
457 1328 726 1401 Ἰερεμίου
783 1332 991 1398 ταύτας
1036 1336 1279 1402 ἀνάξειν,
1326 1336 1417 1391 διὰ
1439 1336 1681 1408 Χριστοῦ
1706 1335 1908 1409 δηλαδὴ

311 1421 417 1490 τῆς
447 1422 769 1493 εὐεργεσίας
795 1426 880 1494 ἐφ’
905 1427 1154 1493 ἅπαντας
1184 1428 1558 1500 ἅπλουμένης.
1614 1432 1717 1484 Ἦν
1776 1446 1911 1502 προ-

311 1510 534 1582 εδήλου,
580 1512 795 1583 λέγων’
839 1534 858 1569 ι
900 1517 1124 1572 Ἐκτισε
1159 1518 1368 1590 Κύριος
1392 1521 1579 1577 καινὸν
1610 1523 1668 1577 ὲν
1700 1525 1766 1594 τῇ
1809 1524 1905 1594 γῇ.

310 1599 508 1673 θήλεια
534 1605 941 1675 περικυκλώσει
970 1609 1162 1680 ἄνδρα.
1198 1628 1216 1661 ι
1244 1610 1444 1665 Καινδν
1473 1612 1585 1685 γάρ
1605 1613 1665 1667 τὸ
1693 1612 1906 1684 κυηθῆ-

308 1713 402 1750 ναι
429 1697 601 1768 ἄνδρα
636 1703 807 1772 χωρὶς
833 1703 1066 1773 πατρὸς,
1091 1704 1159 1759 δι’
1182 1699 1245 1761 οὗ
1275 1706 1480 1773 πάντες
1514 1708 1907 1780 ἀνεκαινίσθη-

312 1805 438 1860 μεν.
480 1790 574 1855 Εἰς
597 1792 625 1845 6
648 1794 746 1847 καὶ
782 1795 1012 1866 Συμεὼν
1045 1798 1348 1869 σιωπηθεὶς
1389 1801 1529 1871 μετὰ
1574 1801 1684 1854 τῶν
1730 1801 1906 1855 ἄλλων

310 1882 691 1955 παρεπέμφθη
739 1886 944 1955 φυλῶν.
971 1889 1160 1962 ⁴Κοινὴ
1221 1890 1332 1964 γὰρ
1381 1895 1511 1963 περὶ
1567 1891 1663 1947 τοῦ
1718 1892 1904 1959 ἔθνους

309 1973 620 2043 ἐπαγγελία
648 1977 710 2030 τὸ
740 1977 818 2050 μὴ
851 1980 1166 2036 παύσεσθαι
1193 1982 1289 2037 τὸν
1325 1984 1564 2055 Ἰσραὴλ,
1599 1984 1749 2050 ἔθνος
1773 1985 1905 2040 ὅντα

311 2064 545 2120 ἐνώπιον
582 2066 677 2122 τοῦ
701 2069 861 2127 Θεοῦ.
913 2073 1075 2135 Τινὲς
1099 2073 1156 2127 δέ
1180 2091 1366 2144 φασιν,
1412 2076 1487 2141 ὡς
1527 2077 1771 2147 Μωῡσῆς
1804 2078 1905 2143 τὰς

309 2158 563 2227 εὐλογίας
594 2160 793 2228 διδοὺς,
829 2162 929 2235 τὴν
960 2164 1098 2219 ίδίαν
1130 2167 1305 2238 φυλὴν
1336 2168 1439 2223 οὐκ
1486 2169 1552 2223 ἂν
1612 2171 1903 2225 κατέλιπεν

310 2250 699 2321 ἀνευλόγητον.
736 2254 815 2307 Δι’
841 2255 1005 2312 αὐτὸν
1039 2258 1097 2311 δὲ
1128 2259 1263 2323 Θεὸς
1296 2261 1557 2330 εὐλόγησε
1581 2263 1679 2332 τὴν
1708 2263 1898 2335 φυλὴν,

306 2341 386 2406 ὡς
417 2344 513 2396 καὶ
542 2344 631 2398 διὰ
667 2346 766 2417 τὴν
800 2348 1156 2419 φιλαδελφίαν
1191 2350 1293 2425 τὴν
1328 2353 1422 2406 τοῦ
1466 2354 1712 2425 Ῥουϐίμ.
1759 2356 1816 2407 ’U
1846 2356 1902 2410 δὲ

308 2431 542 2503 Συμεὼν
587 2437 691 2490 οὐκ
743 2437 871 2509 ἔσχε
927 2440 1207 2511 πρόφασιν
1259 2443 1357 2515 τῆς
1396 2444 1648 2514 εὐλογίας
1695 2450 1896 2517 τυχεῖν.

307 2526 673 2596 Στοχάζονται
700 2529 758 2583 δὲ
805 2531 969 2587 αὐτὸν
1013 2534 1109 2587 καὶ
1155 2535 1472 2609 ἀρχηγέτην
1504 2538 1602 2610 τῆς
1636 2540 1780 2595 κατὰ
1806 2541 1899 2596 τοῦ

320 2615 519 2689 Ἰωσὴφ
551 2619 850 2691 ἐπιϐουλῆς
871 2623 1224 2693 γεγενῆσθαι,
1244 2626 1339 2680 καὶ
1369 2629 1432 2681 ἐκ
1458 2628 1552 2683 τοῦ
1580 2630 1670 2685 τὸν
1697 2631 1898 2704 Ἰωσὴφ

305 2708 437 2770 τοὺς
472 2709 571 2779 μὲν
606 2710 801 2775 ἄλλους
839 2714 1144 2782 ἀπολῦσαι,
1172 2717 1339 2772 αὐτὸν
1380 2719 1437 2772 δὲ
1467 2720 1775 2791 καθεῖρξαι.
1805 2728 1899 2780 Τι-

304 2796 396 2861 νὲς
421 2799 479 2851 δὲ
508 2799 605 2854 καὶ
626 2803 685 2853 έν
705 2805 770 2873 τῇ
800 2804 909 2857 τῶν
938 2805 1252 2875 ἀλλοφύλων
1299 2811 1527 2884 πορνείᾳ
1564 2815 1727 2882 φασὶν
1762 2816 1897 2885 ἀρχ-

304 2889 442 2959 ηγὸν
474 2891 807 2962 γεγενῆσθαι
836 2894 928 2947 τὸν
956 2896 1241 2966 Συμεῶνα,
1263 2898 1351 2953 ὅτε
1373 2899 1462 2954 διὰ
1493 2902 1652 2972 ζῆλον
1673 2905 1899 2969 ὁΦινεὲς
1940 2930 1947 2933 -

301 2981 674 3037 δεδικαίωται.
709 2985 869 3051 Τινὲς
900 2988 958 3041 δέ
989 3006 1176 3059 φασιν,
1208 2991 1284 3055 ὡς
1327 2995 1394 3064 τῇ
1426 2993 1567 3066 φυλῇ
1600 2995 1733 3049 Λευῖ
1773 3015 1899 3052 συν-

303 3072 618 3143 ευλόγηται.
670 3077 756 3141 Ὠς
796 3079 906 3149 γάρ
948 3081 1017 3134 τὰ
1048 3082 1150 3154 τῆς
1196 3084 1358 3154 ἀρᾶς,
1393 3083 1538 3140 οὐτω
1578 3088 1673 3141 καὶ
1698 3090 1767 3143 τὰ
1799 3091 1899 3162 τῆς

2010 679 2291 735 Christum
2345 680 2468 736 nnis
2512 695 2638 735 cum
2695 681 2972 752 principio
3018 681 3452 749 redintegratur.
3505 678 3599 749 qui

2011 786 2137 826 cum
2163 779 2407 828 extrema
2445 773 2895 836 venissettetate.
2922 780 3340 841 extremamque
3367 770 3602 825 felicita—

2014 874 2121 920 tem
2148 864 2442 947 attulisset,
2474 864 2634 920 finem
2663 866 2720 919 in
2742 864 3085 934 principium.
3107 861 3399 918 convertit.
3426 860 3599 915 Porro

2013 955 2237 1012 Simeon
2265 972 2387 1012 cum
2416 956 2758 1012 correctione
2785 972 2885 1013 sua
2932 956 3043 1012 Dee
3082 962 3169 1011 est
3215 955 3463 1019 relictus,
3501 954 3599 1023 qui

2010 1057 2187 1107 totum
2217 1050 2352 1122 legis
2380 1050 2575 1106 vitium
2606 1050 2781 1121 gratia
2809 1065 2907 1105 sua
2933 1050 3184 1107 resarcit.
3214 1049 3598 1115 Quemadmo—

2012 1141 2140 1197 dum
2170 1156 2296 1197 cum
2341 1142 2530 1197 decem
2571 1142 2748 1197 tribus
2776 1140 3037 1211 Ephraim
3081 1140 3304 1196 nomine
3352 1141 3597 1210 insignes

2011 1233 2167 1303 copia
2194 1231 2432 1288 abeundi
2471 1247 2502 1287 a
2551 1231 2695 1305 Cyro
2746 1232 2883 1302 ipsis
2935 1232 3062 1286 data
3110 1246 3223 1287 non
3282 1231 3599 1287 reduxisset

2011 1323 2177 1390 Deus,
2206 1339 2304 1395 per
2331 1322 2626 1380 Jeremiam
2651 1340 2682 1378 a
2707 1323 2932 1379 Christo
2957 1324 3244 1379 reductum
3273 1323 3450 1378 ituras
3469 1337 3596 1377 esse
3624 1356 3631 1359 -

2010 1419 2304 1490 promittit,
2326 1426 2388 1474 ut
2412 1419 2464 1475 id
2497 1418 2825 1475 beneﬁcium
2855 1433 3020 1489 super
3049 1433 3243 1474 omnes
3268 1419 3599 1473 extendatur

2008 1511 2281 1567 videlicet.
2304 1509 2379 1565 De
2396 1526 2506 1581 quo
2523 1511 2981 1583 significationem
3001 1513 3286 1582 praemisit,
3306 1514 3559 1583 inquiens
3580 1530 3593 1566 :

2016 1622 2035 1656 ι
2075 1601 2227 1659 Fecit
2252 1618 2366 1660 rem
2403 1619 2601 1659 novam
2635 1603 2903 1661 Dominus
2931 1644 2947 1670 ,
2988 1604 3191 1660 femina
3230 1606 3615 1662 circumdabit

2009 1695 2186 1751 virum
2210 1695 2277 1752 ".
2319 1714 2338 1748 ι
2378 1694 2592 1751 Novum
2626 1696 2775 1751 enim
2836 1695 2940 1751 fuit
2994 1696 3251 1753 videlicet
3282 1699 3426 1770 gigni
3479 1698 3609 1755 sine

2008 1794 2184 1855 patre,
2212 1799 2313 1856 per
2349 1801 2511 1856 quem
2565 1788 2816 1842 renovati
2856 1803 3050 1843 sumus
3098 1803 3311 1846 omnes.
3349 1789 3600 1861 Quapro-

1939 1856 1982 1911 Β
2008 1886 2129 1949 pter
2152 1892 2285 1935 sane
2313 1877 2535 1934 Simeon
2557 1879 2703 1934 inter
2725 1879 2863 1935 alias
2895 1881 3072 1935 tribus
3094 1880 3315 1936 silentio
3346 1888 3429 1936 est
3459 1856 3597 1951 pra:-

2007 1971 2223 2027 teritus.
2273 1969 2596 2027 Communis
2638 1970 2785 2025 enim
2847 1971 3143 2040 promissio
3193 1972 3337 2026 hanc
3380 1982 3595 2041 gentem

2006 2066 2212 2124 manet,
2254 2058 2405 2129 quod
2437 2059 2608 2114 lsrael
2646 2075 2780 2130 gens
2812 2059 2923 2116 Deo
2961 2070 3111 2131 grata
3151 2061 3361 2116 nullum
3399 2062 3473 2117 sit
3505 2076 3599 2115 ca~

2004 2162 2166 2225 plura
2192 2153 2376 2210 finem.
2406 2156 2575 2209 Aiunt
2599 2169 2731 2212 vero
2759 2156 3004 2226 quidam,
3027 2156 3073 2212 si
3097 2155 3314 2212 cancris
3337 2157 3595 2212 tribubus

2004 2249 2187 2305 fausta
2220 2258 2369 2306 esset
2420 2249 2756 2318 imprecatus
2782 2291 2797 2314 ,
2849 2264 3004 2304 suam
3055 2258 3204 2305 certe
3245 2250 3446 2305 tribum
3481 2266 3591 2304 non

2004 2342 2304 2397 immunem
2339 2342 2652 2413 reliquisset
2675 2358 2762 2399 eo.
2790 2343 3059 2400 leerum
3086 2343 3287 2399 tribum
3316 2358 3434 2398 cam
3462 2358 3591 2413 pro-

2001 2443 2124 2506 pter
2158 2436 2338 2504 ipsum
2373 2436 2710 2491 fortunatam
2747 2454 2869 2495 esse
2900 2437 3089 2509 jussit,
3126 2436 3591 2507 quemadmodum

2003 2527 2253 2584 Rubenis
2279 2543 2497 2600 quoque
2526 2537 2753 2601 propter
2796 2546 3039 2585 amorem
3089 2545 3215 2602 erga
3252 2530 3501 2585 fratrem.
3532 2529 3590 2584 in

1999 2619 2120 2687 ipso
2178 2619 2416 2693 denique
2453 2620 2710 2679 Simeone
2761 2622 2912 2676 nulla
2974 2622 3076 2676 fuit
3120 2637 3287 2677 causa
3326 2637 3489 2693 quam
3521 2622 3594 2677 ob

2002 2709 2239 2767 faustam
2304 2713 2546 2784 aliquam
2616 2713 3070 2784 imprccationem
3132 2721 3591 2785 consequeretur.

2000 2800 2174 2858 Porro
2199 2803 2393 2858 ducem
2427 2804 2828 2873 conjurationis
2867 2814 3054 2858 contra
3085 2801 3384 2874 Joseplmm
3421 2801 3594 2860 fuisse

2000 2895 2336 2963 conjectanl,
2356 2905 2409 2950 et
2434 2895 2642 2949 idcirco
2669 2893 2966 2965 Joscphum
2990 2895 3113 2950 aliis
3146 2893 3367 2964 quidem
3399 2894 3593 2952 dimis’

2000 2989 2100 3048 sis,
2135 2987 2314 3057 ipsmn
2342 2987 2659 3043 retinuisse.
2695 2985 2919 3043 Necnon
2944 3002 3074 3042 vero
3118 2986 3341 3057 quidam
3377 2994 3592 3042 scorta-

2000 3077 2170 3134 tionis
2219 3077 2664 3143 Palzcstinorum,
2695 3077 2920 3148 quando
2965 3076 3184 3133 fervore
3233 3092 3335 3132 suo
3358 3076 3611 3132 Phinccs.

302 3166 561 3236 εὐλογίας
591 3170 768 3224 κοινά.
817 3172 924 3226 Τὸν
958 3171 1002 3226 δ’
1033 3168 1127 3229 οὖν
1154 3175 1422 3245 Συμεῶνα
1453 3182 1897 3251 παρασιωπήσας

2002 3172 2230 3238 Ῑιιειίιίω
2263 3187 2464 3228 nomen
2499 3173 2735 3243 adeptus
2756 3180 2862 3237 est,
2893 3170 3091 3227 ducem
3140 3171 3313 3227 fuisse
3343 3171 3589 3226 tradunt.

300 3260 331 3313 6
362 3259 605 3330 Μωῦσῆς
630 3302 645 3328 ,
700 3262 801 3317 οὐκ
850 3264 943 3318 ἐπὶ
988 3266 1081 3319 τὸν
1110 3267 1242 3321 Λευῒ
1268 3269 1412 3323 κατὰ
1462 3270 1617 3336 τάξιν
1651 3271 1894 3343 ἔρχεται,

299 3350 420 3405 ἀλλ’
448 3353 544 3405 ἐπὶ
593 3354 683 3407 τὸν
717 3354 943 3421 Ἰούδαν,
988 3358 1069 3411 ὅτι
1110 3359 1184 3434 μὴ
1221 3362 1601 3433 ἀπδκατάρας
1634 3367 1714 3428 είς
1741 3365 1893 3418 εὐλοο

298 3445 430 3513 γίαν
458 3446 663 3517 ταύτην
683 3448 806 3517 ἄγει
840 3448 938 3519 τὴν
970 3452 1167 3523 φυλὴν,
1200 3452 1276 3517 ὡς
1304 3454 1404 3525 τὴν
1435 3456 1732 3528 Λευῖτικήν
1755 3474 1766 3487 ·
1800 3460 1895 3512 καὶ

298 3539 386 3593 ὅτι
410 3540 511 3593 οὐκ
540 3541 600 3605 ἐξ
630 3541 844 3613 ἱερέων,
875 3543 991 3596 ἀλλ’
1018 3546 1082 3598 ὲκ
1114 3544 1384 3615 βασιλέων
1416 3548 1617 3618 ἧμελλε
1657 3548 1893 3620 βλαστὴ-

302 3646 421 3682 σειν
445 3631 505 3684 τὸ
536 3631 699 3701 σῶμα
735 3632 796 3685 τὸ
830 3634 1184 3690 Δεσποτικόν.
1235 3637 1345 3689 Καὶ
1368 3637 1478 3691 δύω
1519 3638 1695 3691 οὐσῶν
1733 3643 1789 3694 ὲν
1814 3641 1892 3712 τῷ

297 3721 454 3792 νόμῳ
475 3723 676 3792 τιμῶν,
712 3723 812 3793 τῆς
843 3726 1129 3796 ἱερατικῆς
1158 3728 1190 3798 ή
1227 3727 1482 3799 βασιλικὴ
1509 3730 1579 3783 δι’
1607 3730 1737 3785 αὐτὸ
1761 3750 1892 3804 προ-

297 3812 615 3884 τετίμηται.
640 3817 920 3887 Διεσπάρη
947 3816 1003 3870 δὲ
1022 3818 1160 3871 κατὰ
1182 3818 1278 3891 τὴν
1321 3819 1517 3873 Ἰακὼϐ
1552 3823 1892 3894 προφητείαν

296 3904 377 3969 ὡς
401 3907 429 3958 6
453 3905 588 3958 Λευῖ
621 3907 714 3961 καὶ
741 3910 769 3961 6
806 3907 1057 3979 Συμεὼν,
1086 3909 1321 3978 πλάγιον
1366 3912 1532 3965 τόπον
1569 3912 1771 3979 λαϐὼν,
1803 3914 1892 3968 διὰ

297 3996 494 4050 πασῶν
544 3998 653 4052 τῶν
685 3999 871 4068 φυλῶν
924 4000 1126 4071 ἐφεξῆς
1162 4001 1539 4073 διατρέχοντα.
1593 4004 1674 4058 Τὰ
1705 4005 1762 4059 δὲ
1795 4005 1892 4060 νῦν

296 4084 430 4155 περὶ
465 4084 633 4140 ’ἰούδα
656 4087 807 4159 παρὰ
837 4088 1124 4154 Μωῦσέως
1155 4090 1449 4161 λεγόμενα,
1481 4092 1751 4163 σύμφωνα
1778 4098 1892 4159 τοῖς

297 4180 428 4247 παρ’
470 4178 669 4233 Ἰακὼϐ
729 4181 1001 4253 πρότερον
1047 4182 1382 4254 εἰρημένοις.
1425 4185 1511 4249 Ὦς
1543 4186 1653 4257 γὰρ
1684 4186 1894 4257 βασιλεῖ

293 4266 481 4322 δίδωσι
509 4269 607 4341 τὴν
634 4273 691 4324 έν
714 4273 977 4344 πολέμοις
1003 4274 1285 4346 βοήθειαν,
1314 4276 1460 4330 καθά
1484 4294 1647 4349 φησιν
1675 4280 1702 4331 6
1725 4280 1891 4333 Aa6i6

292 4358 327 4411 6
355 4359 456 4429 τὴν
494 4358 772 4429 βασιλείαν
806 4362 1235 4435 κληρωσάμενος
1254 4382 1267 4396 ·
1300 4385 1318 4417 ι
1362 4366 1420 4419 ’0
1446 4367 1773 4423 ὐποτάσσων
1797 4372 1889 4425 τδν

291 4448 423 4503 λαόν
456 4467 558 4520 μου
578 4453 669 4507 ὐπ’
697 4454 818 4525 ἐμέ.
854 4474 874 4507 ι
897 4457 1124 4525 Ὅμοιον
1153 4458 1209 4512 δὲ
1250 4458 1348 4528 τῷ,
1378 4478 1397 4510 ι
1422 4459 1617 4524 Ἰούδα,
1648 4461 1709 4513 σὲ
1743 4463 1889 4517 αἰνέ-

2000 3263 2232 3331 Quidam
2266 3264 2505 3335 denique
2537 3280 2661 3319 cum
2688 3263 2832 3319 tribu
2860 3263 2991 3320 Levi
3024 3263 3462 3318 benedictionem
3495 3278 3593 3319 ac-

1999 3360 2213 3427 cepisse
2235 3358 2426 3425 aiunt;
2446 3355 2909 3428 quemadmodum
2929 3357 3075 3411 enim
3101 3357 3413 3412 maledictio
3438 3371 3611 3411 com--

1998 3451 2182 3503 n'umis
2213 3457 2315 3515 cst,
2352 3450 2426 3503 ita
2454 3449 2764 3504 benedictio
2808 3463 3029 3518 quoque
3068 3464 3190 3503 esse
3235 3458 3437 3518 poteSt.
3468 3449 3590 3506 Ca:-

1997 3550 2174 3596 terum
2203 3540 2383 3596 Moses
2406 3539 2664 3596 Simeone
2697 3540 2923 3594 silentio
2949 3540 3344 3610 praetermisso,
3377 3555 3487 3595 non
3520 3539 3588 3594 ad

1995 3632 2148 3699 Levi,
2180 3640 2241 3688 ut
2271 3632 2409 3688 ordo
2432 3633 2772 3704 postulabat,
2816 3647 3006 3687 verum
3031 3632 3096 3687 ad
3128 3632 3325 3687 Judam
3360 3633 3595 3689 transit.

1995 3724 2074 3780 Eo
2103 3725 2253 3796 quod
2285 3739 2396 3780 non
2424 3740 2451 3780 a
2480 3723 2649 3798 474
2693 3722 3106 3787 maledictione,
3138 3723 3206 3778 ad
3245 3723 3599 3778 benedictio;

1994 3832 2155 3882 nem,
2217 3817 2678 3887 quemadmodum
2740 3814 3040 3871 [.eviticam
3107 3816 3281 3871 ducit.
3335 3817 3578 3887 Denique

1994 3907 2139 3978 quod
2170 3908 2336 3962 etiam
2395 3922 2504 3961 non
2536 3922 2602 3962 ex
2650 3905 3065 3971 sacerdotibus,
3104 3922 3292 3962 verum
3354 3907 3575 3978 regibus

1995 4013 2198 4070 corpus
2229 3997 2578 4053 Dominicum
2612 3996 3011 4068 pullulaturum
3044 4006 3182 4053 erat.
3217 3997 3281 4053 Et
3309 4014 3435 4053 cum
3471 3999 3576 4055 du-

1993 4092 2123 4164 plex
2176 4092 2230 4146 in
2270 4091 2389 4163 lege
2439 4090 2681 4163 dignitas
2731 4091 2988 4158 exsistat,
3031 4091 3104 4147 ob
3137 4091 3188 4146 id
3222 4091 3369 4160 regia
3404 4091 3580 4147 tribus

1994 4187 2320 4242 sacerdotali
2346 4194 2430 4242 est
2459 4187 2707 4257 praelata.
2753 4186 3015 4256 Dispersa
3046 4200 3177 4241 vero
3206 4185 3469 4255 estjuxta
3501 4185 3593 4241 Ja-

1993 4280 2117 4336 cobi
2148 4279 2490 4352 prophetiam
2520 4279 2982 4352 quemadmodum
3010 4278 3162 4345 Levi,
3193 4285 3247 4332 ct
3274 4277 3583 4350 Beniamin,

1991 4371 2173 4425 locum
2210 4370 2517 4440 obliquum,
2557 4377 2612 4425 et
2673 4384 2771 4441 per
2823 4384 3017 4425 omnes
3061 4367 3239 4423 tribus
3289 4384 3355 4423 ex
3387 4368 3584 4424 ordine

1990 4463 2375 4519 decurrentem
2405 4472 2584 4517 nacta.
2618 4459 2793 4516 Porro
2820 4476 2885 4517 ea
2929 4476 3052 4531 qua:
3078 4475 3107 4513 a
3138 4459 3289 4515 Mose
3327 4475 3476 4516 nunc
3515 4459 3585 4514 de

296 4556 492 4595 σαισαν
524 4545 573 4597 οἱ
603 4544 820 4613 ἀδελφοὶ
858 4564 978 4613 σου,
1020 4567 1038 4600 ι
1083 4550 1145 4602 τό
1171 4566 1184 4578 ·
1216 4550 1349 4604 Ἐπὶ
1379 4550 1487 4606 τὸν
1507 4553 1663 4607 λαὸν
1697 4556 1887 4610 αὐτοῦ

2002 4552 2132 4609 Iuda
2177 4551 2460 4618 dicuntur,
2503 4551 2572 4607 iis
2601 4566 2722 4620 quae
2746 4567 2776 4607 a
2817 4549 3028 4606 Jacobo
3057 4550 3215 4621 prius
3239 4550 3387 4605 dicta
3431 4561 3579 4614 sunt,

292 4632 534 4702 ἐξάξεις
555 4638 765 4715 αὑτὸν,
794 4642 936 4696 κατὰ
978 4641 1070 4697 τὸν
1105 4642 1406 4715 Σύμμαχον
1427 4660 1443 4676 ·
1498 4646 1594 4700 καὶ
1626 4645 1726 4717 τῷ,
1763 4665 1782 4699 ι
1818 4650 1886 4703 Ai

2002 4644 2351 4700 conveniunt.
2389 4642 2660 4698 Similiter
2681 4643 2829 4698 enim
2866 4642 2981 4712 regi
3029 4641 3294 4697 auxilium
3332 4644 3385 4698 in
3422 4643 3582 4698 bellis

292 4725 475 4796 χεῖρές
506 4744 599 4780 σου
629 4730 721 4783 ἐπὶ
744 4730 919 4786 νώτου
950 4732 1063 4788 τῶν
1090 4733 1306 4806 ἐχθρῶν
1339 4752 1457 4797 σου.
1489 4735 1572 4800 τὸ,
1599 4738 1665 4791 Al
1686 4737 1886 4807 χεῖρες

2002 4735 2138 4791 ferre
2183 4735 2397 4799 tribuit,
2428 4734 2888 4805 quemadmodum
2925 4734 3097 4790 David
3149 4735 3377 4807 inquit:
3416 4756 3435 4789 ι
3476 4736 3578 4803 Qui

290 4817 482 4873 αὐτοῦ
502 4821 1052 4891 ὐπερμαχήσουσιν
1079 4826 1288 4882 αὐτοῦ.
1322 4845 1342 4879 ι
1378 4827 1490 4899 Τὴν
1519 4827 1577 4882 δὲ
1612 4830 1745 4901 παρ’
1773 4830 1882 4883 Ία-

2002 4842 2223 4900 regnum
2275 4826 2629 4882 haereditarin
2683 4827 2918 4899 accepit,
2973 4827 3067 4899 qui
3100 4828 3289 4885 subdit
3319 4830 3579 4900 populum

292 4907 411 4962 κὼϐ
461 4910 801 4983 δηλωθεϊσαν
860 4915 1120 4988 βοήθειαν
1178 4917 1239 4986 ἐξ
1290 4918 1521 4992 οὐρανοῦ
1580 4920 1819 4977 συνελὼν
1852 4924 1882 4977 6

2002 4934 2170 4975 meum
2202 4917 2337 4973 mihi
2362 4917 2464 4973 ".r
2494 4917 2689 4976 Simile
2711 4934 2839 4976 vero
2871 4918 3040 4976 huic:
3067 4939 3087 4973 ι
3115 4917 3278 4985 Juda,
3306 4931 3358 4976 te
3386 4920 3580 4975 lauda-

290 4999 536 5072 Μωῦσῆς
600 5004 702 5077 ἔφη
730 5023 744 5037 ο
798 5025 819 5060 ι
860 5008 1065 5082 Βοηθὸς
1115 5011 1209 5064 έπὶ
1250 5012 1380 5075 τοὺς
1409 5013 1883 5086 ἐπανισταμένους

2002 5016 2129 5069 bunt
2157 5011 2356 5069 fratres
2378 5011 2459 5068 tui
2485 5012 2556 5079 ⁸⁸,
2595 5029 2616 5064 ι
2649 5012 2756 5069 hoc
2784 5030 2799 5068 :
2829 5013 3004 5085 Super
3037 5015 3288 5084 populum
3312 5013 3430 5084 ejus
3449 5014 3580 5067 edu-

289 5089 438 5162 αὐτῷ
460 5091 580 5165 ἔσῃ.
615 5114 637 5149 ι
675 5098 812 5169 Περὶ
841 5100 1079 5172 Χριστοῦ
1108 5101 1166 5154 δὲ
1193 5101 1256 5155 τὸ
1285 5101 1579 5173 λεγόμενον
1615 5106 1756 5160 κατὰ
1779 5102 1882 5162 Ζά.

2002 5125 2072 5163 res
2098 5122 2256 5171 eum,
2295 5105 2761 5177 quemadmodum
2803 5106 2965 5163 habet
3003 5106 3391 5176 Symmachus.
3443 5105 3577 5161 Item

289 5182 490 5252 χαρίαν
518 5186 775 5253 εἰπόντα*
820 5208 838 5242 t
880 5191 1167 5262 Σωτηρίαν
1196 5192 1259 5258 ἐξ
1292 5193 1504 5263 ἐχθρῶν
1531 5194 1710 5264 ἡμῶν.
1747 5216 1766 5249 ι

2002 5202 2120 5256 huic
2150 5216 2166 5254 :
2207 5217 2227 5251 ι
2251 5198 2448 5255 Manus
2469 5206 2578 5254 tuae
2605 5214 2776 5270 super
2810 5206 2965 5270 tergo
2995 5200 3235 5255 hostium
3278 5207 3525 5261 tuorum,
3553 5217 3571 5248 ι

288 5275 465 5331 illud:
503 5278 699 5335 Manus
742 5282 914 5352 ipsius
959 5285 1269 5355 pugnabunt
1324 5302 1421 5352 pro
1476 5305 1557 5342 eo.
1599 5289 1873 5348 Caeterum
1914 5296 2183 5352 auxilium
2240 5294 2462 5351 coalitus
2512 5309 2543 5348 a
2592 5291 2803 5350 Jacoho
2876 5304 3267 5361 monstratum,
3336 5296 3578 5352 breviter

287 5368 470 5427 Moses
512 5374 771 5430 enuntiat
805 5393 818 5430 :
876 5395 894 5429 ι
932 5378 1242 5434 Auxiliator
1281 5389 1475 5435 contra
1530 5380 1718 5438 hostes
1750 5384 1875 5457 ejus
1913 5392 2043 5446 erit.
2069 5409 2093 5444 ι
2116 5387 2274 5456 Quod
2305 5390 2483 5459 ipsum
2506 5387 2786 5443 Christum
2810 5396 3024 5458 spectat
3083 5388 3351 5444 Zacharia
3412 5399 3574 5457 teste,

285 5478 413 5519 cum
448 5463 628 5536 inquit
661 5483 676 5521 :
712 5486 732 5518 ι
775 5466 1019 5527 Salutem
1054 5484 1122 5526 ex
1152 5472 1406 5528 hostibus
1442 5474 1648 5530 nostris
1676 5476 1744 5528 ⁸⁸.
1780 5496 1799 5529 ι

356 5557 502 5612 Δότε
517 5560 667 5613 Λευῖ
681 5558 914 5630 δήλους
951 5564 1162 5629 αὐτοῦ,
1200 5566 1298 5620 καὶ
1339 5566 1633 5632 ἀλήθειαν
1682 5569 1872 5626 αὐτοῦ

2051 5567 2191 5623 Date
2220 5567 2346 5623 Levi
2368 5568 2602 5639 fulgores
2630 5586 2756 5626 suos
2779 5579 2828 5625 et
2863 5571 3139 5627 veritatem
3161 5575 3277 5646 ejus
3308 5579 3419 5634 viro
3442 5597 3569 5635 san-

284 5646 368 5717 τῷ
396 5649 574 5720 ἀνδρὶ
621 5649 702 5718 τῷ
746 5656 916 5719 ὁσίῳ.
972 5657 1169 5710 Μέσων
1203 5656 1311 5710 τῶν
1361 5657 1430 5728 ιβ’
1456 5658 1619 5713 λίθων
1642 5661 1752 5714 τῶν
1776 5662 1872 5715 ἐπὶ

2002 5674 2084 5730 :to,
2104 5672 2210 5719 etc.
2233 5655 2500 5736 [XXXllL
2522 5663 2578 5718 8.
2624 5664 2769 5720 Inter
2797 5664 3085 5720 duodecim
3104 5667 3250 5722 enim
3280 5668 3491 5740 lapides
3517 5672 3577 5727 in

349 5832 397 5871 "
427 5834 566 5894 Gen.
597 5851 791 5904 xxvm,
823 5835 910 5890 22.
1000 5804 1277 5897 ".Jerem.
1313 5855 1463 5909 xxxi,
1494 5843 1585 5900 22.
1662 5846 1708 5879 5°
1748 5846 1896 5905 Psal.

2002 5864 2075 5916 'u,
2106 5848 2201 5905 48.
2271 5848 2314 5882 ⁸⁸
2353 5845 2493 5904 Gen.
2526 5863 2676 5917 xux,
2714 5853 2766 5908 8.
2844 5853 2889 5886 "
2930 5853 3065 5910 Luc.
3100 5870 3137 5916 ι.
3173 5855 3263 5911 7i.
