3956 6448
399 382 506 449 983

1713 390 2064 452 PROCOPU
2105 390 2348 452 GAZ/EI

3579 397 3676 463 984

398 499 662 571 pectorali
694 498 856 565 sitos,
872 498 1095 554 claritas
1116 508 1298 554 eratet
1317 502 1542 567 veritas,
1559 518 1655 574 per
1676 505 1815 558 alios
1833 500 1972 558 duos

2080 502 2169 567 τοῦ
2198 504 2383 571 λὀγίου
2429 503 2664 575 δήλωσις
2713 499 2781 575 ἦν
2817 506 2912 559 καὶ
2939 503 3202 576 ἀλήθεια,
3234 505 3308 561 δι’
3339 506 3546 580 ἑτέρων
3572 511 3673 569 δύω

396 590 608 659 lapides
629 596 1049 661 repraesentata.
1071 588 1193 645 Prae
1225 606 1284 647 se
1311 590 1494 648 ferunt
1526 602 1707 650 autem
1740 596 1974 665 prophe-

396 682 505 737 ti‘as
552 697 648 752 per
697 682 842 737 hanc
888 682 1092 737 tribum
1132 683 1423 750 revelatas,
1461 687 1828 742 ministerium
1857 688 1976 743 sive

395 773 689 828 consilium
730 774 860 828 item
892 787 1113 827 sacrum
1145 786 1409 844 perpetuo
1446 776 1496 831 ei
1517 776 1822 842 decretum,
1852 793 1975 848 qua:

399 863 780 933 cognationem
807 877 965 917 suam
990 862 1258 930 deseruit,
1286 864 1563 938 Deumque
1590 884 1703 939 prae
1727 870 1844 941 ipsa
1869 869 1972 924 sibi

396 957 579 1025 elegit,
608 956 789 1025 legum
821 954 1058 1024 denique
1087 956 1342 1012 notitiam
1385 970 1660 1025 exactam,
1685 977 1793 1032 qua
1825 960 1974 1029 judi-

398 1063 488 1101 ωε
514 1061 704 1100 earum
755 1044 1052 1116 aliquando
1102 1045 1388 1117 imperitos
1432 1051 1832 1106 instruxerunt.
1892 1052 1974 1106 Ad

397 1154 537 1205 quos
598 1136 806 1193 dictum
859 1149 984 1195 est:
1033 1160 1053 1193 ι
1106 1141 1333 1195 Summo
1358 1141 1544 1198 studio
1580 1143 1783 1197 dictata
1815 1142 1971 1213 legis,

397 1244 560 1296 quam
588 1229 1037 1287 denuntiaverint
1056 1232 1214 1289 vobis
1240 1232 1558 1289 sacerdotes
1580 1233 1802 1299 chitaa,
1824 1250 1975 1291 exse-

397 1322 580 1386 qnitor
610 1321 677 1375 ⁸³.
702 1340 721 1372 ι
756 1321 929 1377 Porro
953 1338 1119 1393 opere
1152 1339 1254 1378 suo
1275 1338 1436 1379 sacro
1456 1340 1485 1378 a
1524 1326 1723 1395 populo
1752 1342 1974 1397 quoque

399 1413 732 1481 supplicium
763 1415 1083 1471 incumbens
1115 1426 1450 1472 averterunt.
1505 1415 1854 1487 Quapropter
1883 1433 1973 1472 sa-

400 1520 465 1555 ne
495 1520 508 1555 :
555 1522 574 1555 (
612 1503 849 1561 Benedic
878 1507 1093 1564 viribus
1114 1509 1255 1575 ejus,
1283 1527 1300 1559 ι
1325 1509 1538 1576 inquit;
1568 1509 1804 1563 victimae
1828 1510 1972 1564 enim

399 1593 653 1648 t-llicaciaz
675 1604 804 1650 sunt
827 1606 1098 1667 expertes.
1132 1595 1235 1652 Per
1260 1613 1401 1667 quos
1431 1597 1596 1652 etiam
1623 1598 1863 1653 hostium
1898 1601 1973 1653 vi-

399 1700 488 1740 res
523 1701 912 1757 nonnunquam
960 1698 1092 1743 sunt
1124 1689 1369 1758 dejectae.
1425 1689 1779 1759 Quaecunque
1827 1692 1971 1745 enim

400 1776 656 1830 accidunt
702 1777 927 1848 pupnlo,
990 1778 1059 1833 ad
1110 1795 1282 1850 genus
1320 1781 1576 1851 princeps
1630 1780 1970 1837 referuntur.

2077 594 2240 650 λίθων
2263 594 2635 666 δεικνύμεναι.
2666 598 2828 666 Δηλοϊ
2857 599 2903 650 δ’
2929 596 3023 651 οὖν
3072 600 3442 669 προφητείας
3472 601 3572 666 τὰς
3592 604 3673 659 διὰ

2075 686 2177 754 τῆς
2193 686 2364 757 φυλῆς
2388 688 2682 756 γινομένας
2702 687 2844 741 κατὰ
2863 689 3226 759 ἀποκάλυψιν
3250 689 3353 743 καὶ
3379 729 3444 745 ...
3460 689 3559 760 λην
3570 695 3670 767 (21)

2079 775 2235 845 ίεράν
2279 775 2572 839 διαπαντὸς
2623 776 3063 848 ἀπονεμηθεῖσαν
3101 780 3283 850 αὐτῇ,
3330 782 3671 851 καταλιμπα-

2077 862 2243 936 νούσῃ
2275 864 2337 918 τὸ
2368 866 2526 934 γένος
2581 868 2677 919 καὶ
2719 867 2853 919 Θεὸν
2904 870 3242 940 αἱρουμένη,
3303 871 3403 923 καὶ
3455 871 3673 943 τὴντῶν

2076 955 2259 1024 νόμων
2286 955 2596 1026 ἀκρίϐειαν.
2631 957 2736 1009 Ἧν
2763 956 3049 1025 ἀγνοοῦσιν
3088 957 3213 1011 ἐσθ’
3253 959 3350 1011 ὅτε
3386 961 3504 1021 τοῖς
3531 960 3673 1014 δικα-

2078 1048 2231 1110 σταῖς
2274 1046 2657 1118 παρεδίδοσαν,
2721 1047 2859 1118 πρδς
2899 1046 2993 1111 οὓς
3039 1048 3307 1119 εἴρηται·
3356 1067 3378 1100 ι
3420 1049 3674 1116 cum“;

2077 1139 2288 1209 σφόδρα
2311 1141 2487 1192 ποιεῖν
2512 1139 2657 1192 κατὰ
2680 1139 2860 1192 πάντα
2878 1140 2970 1194 τὸν
2995 1140 3190 1210 νόμον,
3241 1140 3307 1193 ὃν
3340 1141 3674 1209 ἀναγγείλω-

2078 1248 2162 1283 σιν
2192 1232 2319 1298 ὑμῖν
2348 1231 2398 1284 οί
2433 1231 2599 1297 ἱερεῖς
2630 1231 2681 1283 οἱ
2703 1228 2948 1287 Λευῖται.
2981 1251 3001 1283 ι
3021 1232 3120 1285 Διά
3158 1232 3225 1285 δὲ
3248 1233 3358 1301 τῆς
3385 1232 3542 1296 θείας
3570 1233 3674 1304 ἱερ-

2075 1320 2303 1391 ουργίας
2331 1362 2346 1387 ,
2408 1322 2503 1374 καὶ
2549 1321 2626 1391 τῷ
2675 1321 2789 1391 λαῷ
2844 1323 3115 1394 τιμωρίαν
3157 1322 3533 1393 ἐπαγομένην
3577 1326 3675 1377 ἀπ·

2076 1414 2363 1486 έστρεφον.
2395 1416 2487 1468 Διὸ
2514 1416 2631 1481 καὶ,
2674 1434 2692 1466 ι
2724 1415 3057 1485 Εὐλόγησον,
3093 1415 3305 1486 “gnat,
3352 1415 3553 1487 Κύριε,
3585 1414 3676 1486 τὴν

2081 1506 2233 1574 ἰσχὺν
2259 1505 2444 1558 αὑτοῦ,
2462 1524 2480 1557 ι
2508 1506 2727 1559 Δέονται
2748 1505 2859 1575 γὰρ
2887 1508 2943 1558 αἱ
2974 1506 3158 1560 θυσίαι
3178 1505 3504 1575 δυνάμεως,
3525 1505 3590 1559 δι’
3607 1500 3674 1560 ὧν

2079 1595 2173 1647 καὶ
2208 1596 2240 1663 ή
2275 1594 2385 1648 τῶν
2416 1594 2627 1665 ἐχθρῶν
2670 1596 2825 1665 ἰσχὺς
2854 1595 3249 1648 κατεὸάλλετο.
3283 1593 3372 1647 Τὰ
3399 1594 3513 1664 γάρ
3544 1610 3667 1665 συμ-

2079 1683 2349 1737 πίπτοντα
2379 1684 2457 1754 τῷ
2482 1683 2598 1756 λαῷ
2626 1685 2762 1755 πρὸς
2795 1685 2856 1737 τὸ
2888 1685 3228 1755 ἡγεμονικὸν
3274 1684 3550 1753 ἀνάγεται
3591 1687 3672 1752 γέ-

2079 1792 2170 1837 νος
2190 1792 2203 1805 ·
2231 1775 2376 1828 καθά
2411 1776 2505 1829 καὶ
2527 1775 2606 1843 τῷ
2635 1777 2860 1829 Μωῦσεί
2889 1776 2997 1829 τῶν
3025 1774 3284 1829 Λευῖτῶν
3326 1774 3558 1845 ἄρχοντι
3592 1774 3673 1828 λέ-

400 1866 872 1931 Quemadmodum
922 1867 1053 1925 Mosi
1094 1884 1312 1939 quoque
1370 1869 1685 1925 Levitarnm
1737 1870 1970 1941 principi

2080 1881 2232 1934 γεται
2259 1866 2323 1921 τό
2347 1885 2358 1896 ·
2401 1884 2418 1916 ι
2476 1868 2557 1919 Οὐ
2591 1867 2666 1937 μὴ
2703 1866 2989 1919 συναναϐῶ
3014 1866 3154 1936 μετὰ
3190 1864 3316 1930 σοῦ,
3343 1865 3437 1918 διά
3468 1866 3528 1918 τὸ
3555 1864 3669 1918 λαὸν

399 1958 601 2011 dicitur
635 1977 648 2012 :
693 1979 712 2010 ι
752 1955 1104 2029 Nequaquam
1150 1961 1444 2018 ascendam
1492 1969 1695 2026 tecum,
1731 1978 1796 2017 eo
1825 1964 1969 2033 quod

400 2051 631 2118 populus
648 2051 965 2120 praefractus
987 2054 1216 2108 exsistat
1239 2054 1307 2108 “.
1347 2072 1365 2104 ι
1396 2051 1610 2107 Rursus
1633 2059 1816 2106 autem
1843 2052 1970 2107 huic

398 2143 801 2212 quoqnetribui
831 2142 1033 2198 ducunt
1056 2160 1220 2201 casus
1254 2144 1495 2215 impegit,
1525 2143 1630 2198 hoc
1655 2144 1799 2198 enim
1827 2145 1971 2199 clare

399 2234 761 2302 Symmachus
810 2236 882 2289 ita
940 2237 1219 2293 reddendo
1279 2238 1497 2291 innuit:
1554 2236 1818 2307 Perfectio
1854 2245 1967 2300 tua,

398 2339 598 2377 necnon
659 2326 907 2379 doctrina
935 2326 1045 2380 viro
1080 2336 1266 2380 sancto
1297 2341 1451 2395 quem
1486 2325 1776 2394 omnigenis
1800 2327 1968 2379 modis

394 2416 708 2480 exploraui.
766 2416 1019 2472 Probasti
1064 2433 1182 2472 eum
1215 2417 1378 2487 juxta
1429 2433 1596 2487 aquas
1648 2416 1969 2472 rebellionis.

394 2505 512 2560 Non
539 2508 730 2577 puduit
757 2508 903 2565 enim
931 2508 1113 2565 Mosen
1147 2520 1256 2564 tam
1282 2510 1349 2563 de
1367 2524 1426 2564 se
1448 2508 1571 2578 ipso
1587 2523 1752 2579 quam
1775 2507 1842 2563 de
1865 2508 1973 2563 fra-

396 2608 480 2653 tre
512 2598 726 2662 cﬂ‘erre,
761 2600 908 2671 quod
942 2601 1258 2672 exploratus
1303 2601 1376 2658 sit
1416 2615 1579 2670 super
1607 2601 1765 2671 aquis
1795 2601 1972 2656 rebel-

396 2693 584 2752 lionis,
616 2693 871 2765 quodque
897 2694 978 2749 eis
1010 2696 1065 2747 in
1105 2702 1308 2749 terram
1349 2692 1739 2762 promissionis
1760 2691 1972 2764 ingredi

396 2787 469 2839 sit
511 2786 885 2841 interdictum.
913 2785 969 2841 ld
992 2801 1120 2840 vero
1147 2786 1293 2857 quod
1320 2785 1461 2855 apud
1487 2783 1839 2855 Septuaginta
1863 2793 1969 2849 est,

397 2874 464 2928 de
490 2876 708 2929 Christo
734 2890 957 2945 quoque
987 2875 1195 2928 dictum
1240 2889 1362 2929 esse
1413 2873 1709 2943 cogitetur.
1749 2870 1821 2926 De
1862 2888 1972 2940 quo

396 2963 602 3018 Paulus
624 2965 805 3034 inquit
841 2984 853 3018 :
891 2986 909 3016 ι
943 2963 1128 3018 Talem
1161 2964 1311 3018 enim
1341 2962 1704 3017 conveniebat
1727 2970 1973 3016 nostrum

400 3069 522 3109 esse
544 3052 863 3109 Pontiﬁcem
889 3061 1164 3118 sanctum,
1190 3052 1605 3107 immaculatum
1632 3052 1698 3115 ⁸⁸,
1734 3070 1754 3102 ι
1781 3057 1834 3105 et
1855 3066 1976 3120 quze

399 3147 680 3214 deinceps.
716 3144 784 3201 Et
836 3146 1031 3201 itermn
1073 3161 1086 3199 :
1147 3165 1165 3198 ι
1200 3145 1561 3202 Considerate
1615 3142 1876 3215 Legatum
1922 3154 1977 3199 et

400 3238 719 3293 Pontiﬁcem
762 3239 1127 3295 confessionis
1190 3246 1393 3294 nostra:
1449 3236 1636 3294 Jesum
1672 3237 1974 3302 Christum,

401 3329 548 3397 quod
591 3328 765 3384 fidelis
794 3329 868 3383 sit
911 3329 961 3384 ei
1015 3329 1110 3399 qui
1143 3331 1320 3398 ipsum
1372 3329 1665 3385 constituit
1697 3328 1765 3381 ⁸⁸.
1807 3346 1825 3378 ι
1865 3327 1979 3382 lloc

400 3422 545 3473 enim
599 3421 926 3490 cognomine
980 3430 1205 3491 propter
1257 3421 1652 3476 humanitatem
1699 3420 1979 3488 dignatur.

401 3512 508 3580 lpsi
543 3510 728 3581 igitur,
753 3512 951 3583 inquit,
979 3513 1206 3568 tribuite
1260 3513 1565 3569 claritatem
1595 3520 1650 3568 et
1675 3513 1978 3568 veritatem.

402 3608 748 3676 Quapropter
786 3607 936 3662 hunc
984 3622 1203 3677 quoque
1255 3608 1494 3678 posteris
1562 3608 1772 3661 clar’um
1827 3606 1979 3668 fecit,

401 3712 548 3760 cum,
592 3714 612 3747 ι
652 3695 782 3751 Viro
815 3705 1042 3765 sancto,
1083 3717 1101 3749 ι
1134 3697 1308 3765 dixit;
1360 3712 1470 3752 non
1514 3697 1658 3752 enim
1695 3705 1980 3766 peccatum

360 3834 365 3839 .
403 3788 702 3850 commisit,
749 3790 1210 3860 quemadmodum
1246 3790 1491 3860 Apostoli
1543 3806 1765 3860 quoque
1795 3789 1982 3844 verbis

404 3878 577 3947 liquet
610 3880 671 3933 ⁸⁷.
703 3880 762 3933 Ει
797 3881 967 3935 virum
991 3880 1058 3934 de
1084 3896 1194 3950 quo
1213 3879 1374 3946 dixit,
1402 3880 1570 3933 Deum
1600 3894 1726 3934 esse
1756 3879 1985 3933 demon—

406 3980 566 4038 strat,
631 3988 755 4027 cum
827 3974 1048 4042 inquit:
1113 3992 1133 4024 ι
1186 3970 1320 4025 Nam
1383 3978 1669 4026 tentarunt
1722 3970 1923 4040 ipsum.
1961 3987 1979 4020 ι

405 4062 873 4127 Quemadmodum
913 4064 1081 4117 David
1107 4078 1329 4134 quoque
1352 4062 1428 4117 ait
1457 4082 1469 4116 :
1527 4082 1546 4114 ι
1599 4061 1729 4120 Post
1755 4062 1980 4117 ductum

407 4168 674 4221 aquarum
718 4153 786 4207 ⁸⁸.
831 4171 850 4204 ι
885 4151 1020 4207 Item
1057 4168 1069 4203 :
1114 4171 1133 4203 ι
1180 4151 1486 4208 Tentarunt
1518 4153 1699 4221 ipsum
1735 4154 1787 4205 in
1817 4152 1985 4205 corde

409 4261 531 4308 suo,
575 4244 1156 4315 etDeooggannicrunt
1184 4244 1251 4307 θ’,
1293 4262 1311 4294 ι
1351 4252 1404 4298 et
1447 4258 1568 4313 qua“:
1599 4244 1883 4311 deinceps.
1927 4240 1984 4294 In

408 4354 569 4409 quam
621 4338 948 4393 sententiam
996 4334 1200 4391 Paulus
1244 4350 1465 4406 quoque
1496 4334 1582 4390 his
1622 4334 1804 4390 verbis
1861 4335 1981 4388 ait:

2075 1955 2567 2027 σκληροτράχηλόν-
2590 1973 2649 2008 σε
2699 1952 2857 2010 εἶναι.
2905 1976 2924 2008 ι
2969 1956 3077 2009 Καὶ
3099 1954 3390 2008 ἀνάπαλιν
3425 1956 3495 2025 τῇ
3542 1955 3669 2024 φυλῇ

2072 2047 2322 2118 προσῆψε
2340 2048 2407 2101 τὰ
2429 2050 2543 2110 τοῖς
2564 2048 2799 2119 ἡγεμόσι
2817 2047 3107 2118 γενόμενα.
3133 2046 3321 2099 Τοῦτο
3347 2046 3461 2117 γὰρ
3492 2047 3667 2114 σαφῶς

2073 2140 2304 2204 ἐξέδωκε
2342 2139 2662 2210 Σύμμαχος,
2695 2138 2870 2193 είπών
2893 2157 2906 2171 ·
2944 2141 3259 2205 Τελειότης
3292 2150 3417 2191 σου
3453 2137 3553 2190 καὶ
3591 2136 3672 2190 δι-

2073 2231 2228 2300 δαχή
2252 2248 2369 2285 σου
2401 2228 2482 2297 τῷ
2510 2229 2684 2299 ἀνδρὶ
2724 2228 2805 2296 τῷ
2833 2231 3003 2297 ὁσίῳ,
3027 2230 3100 2284 ὃν
3128 2229 3564 2297 ἐπείβασαςέν
3583 2228 3668 2283 δο-

2073 2324 2341 2392 κιμασίᾳ.
2384 2323 2782 2389 Ἔδοκίμασας
2818 2324 3006 2377 αὑτὸν
3050 2323 3148 2375 ἐπὶ
3174 2322 3291 2376 τοῦ
3318 2321 3545 2387 ὕδατος
3572 2320 3670 2388 τῆς

2072 2416 2441 2484 ἀντιλογίας.
2480 2416 2596 2468 Οὐκ
2634 2413 2848 2487 ὤκνησε
2894 2414 3004 2486 γάρ
3048 2415 3221 2479 αὐτὸς
3263 2414 3517 2485 Μωῦσῆς
3550 2415 3666 2484 περὶ

2073 2506 2269 2559 ἑαυτοῦ
2296 2509 2388 2559 καὶ
2418 2505 2512 2559 τοῦ
2544 2506 2776 2575 ἀδελφοῦ
2802 2506 2983 2575 λέγειν
3009 2547 3023 2570 ,
3071 2508 3157 2559 ὅτι
3201 2505 3550 2576 ἐδοκιμάσθη
3583 2506 3668 2557 ἐπὶ

2073 2598 2166 2652 τοῦ
2202 2598 2394 2662 ὓδατος
2426 2598 2528 2668 τῆς
2567 2598 2898 2667 ἀντιλογίας,
2918 2598 3026 2651 ’καὶ
3065 2597 3560 2670 κατεδικάσθησαν
3596 2596 3663 2666 μή

2074 2689 2339 2743 εἰσελθεῖν
2364 2691 2445 2753 είς
2468 2691 2566 2760 τὴν
2594 2691 2699 2761 γῆν
2742 2692 2841 2762 τῆς
2874 2689 3239 2759 ἐπαγγελίας.
3269 2688 3519 2759 Νοηθείη
3542 2688 3584 2741 δ’
3604 2685 3664 2739 ἂν

2075 2781 2216 2835 κατὰ
2248 2782 2374 2844 τοὺς
2400 2781 2456 2833 0⁸
2478 2782 2573 2834 καὶ
2603 2783 2695 2834 ἐπὶ
2724 2779 2965 2852 Χριστοῦ
2987 2781 3051 2835 τὸ
3079 2780 3412 2852 λεγόμενον.
3447 2779 3581 2850 Περὶ
3607 2772 3663 2832 οὗ

2076 2891 2242 2943 φησιν
2283 2876 2312 2928 ὁ
2353 2874 2595 2938 Παῦλοςο
2649 2892 2669 2926 ι
2713 2873 2965 2939 Τοιοῦτος
3002 2875 3108 2945 γὰρ
3133 2873 3390 2946 ἔπρεπεν
3415 2875 3546 2944 ἡμῖν
3573 2873 3666 2942 ἀρα

2077 2966 2319 3038 χιερεὺς,
2353 2967 2520 3032 ὅσιος,
2552 2967 2787 3031 ἄκακος,
2832 2987 2850 3020 ι
2893 2966 3077 3020 καὶτὰ
3112 2966 3269 3038 ἑξῆς.
3303 2965 3421 3020 Καὶ
3471 2964 3657 3019 πάλιν

2085 3078 2103 3112 ι
2139 3059 2534 3128 Κατανοήσατε
2573 3059 2666 3112 τὸν
2711 3060 3036 3114 Ἀπόστολον
3087 3061 3186 3114 καὶ
3255 3058 3552 3131 Ἀρχιερέα
3573 3057 3662 3125 τῆς

2077 3150 2366 3220 ὁμολογίας
2397 3150 2575 3221 ἡμῶν,
2608 3152 2798 3204 πιστὸν
2822 3151 2954 3205 ὄντα
2992 3150 3071 3221 τῷ
3111 3152 3416 3222 ποιήσαντι
3446 3148 3615 3202 αὐτόν.
3634 3166 3659 3198 ιη

2076 3238 2422 3312 Χρηματίζει
2438 3240 2560 3313 ’γὰρ
2602 3240 2744 3295 οὕτω
2763 3241 2849 3296 διὰ
2875 3242 2935 3295 τὸ
2958 3241 3327 3313 ἀνθρώπινον.
3377 3239 3535 3311 Αὐτῷ
3556 3231 3658 3301 οὖν,

2079 3333 2239 3401 φησὶ,
2265 3331 2385 3385 δότε
2435 3332 2535 3403 τὴν
2565 3332 2798 3403 δήλωσιν
2835 3333 2930 3386 καὶ
2963 3333 3062 3402 τὴν
3107 3332 3406 3404 ἀλήθειαν.
3463 3330 3551 3383 Διὸ
3576 3328 3659 3381 καὶ

2074 3421 2264 3476 τοῦτον
2284 3425 2399 3487 τοῖς
2428 3422 2555 3493 ἑξῆς
2599 3424 2930 3494 ὲσαφήνισε.
2974 3444 2993 3476 ι
3023 3423 3114 3496 Τῷ
3152 3424 3315 3496 ἀνδρὶ
3343 3421 3425 3494 τῷ
3452 3421 3594 3489 ὁσίῳ,
3633 3437 3650 3468 ι

2079 3512 2272 3569 εἰπών.
2302 3514 2377 3568 οὐ
2412 3514 2522 3585 γὰρ
2544 3515 2800 3583 ἐποίησεν
2833 3514 3131 3586 ἁμαρτίαν,
3160 3515 3240 3580 ὡς
3269 3516 3369 3568 καὶ
3400 3512 3657 3568 τοῦἈπο-

2083 3605 2273 3659 στόλου
2312 3606 2586 3678 δεδήλωκε
2612 3606 2680 3660 τὰ
2710 3606 2871 3678 ρητά.
2915 3608 3023 3661 Καὶ
3046 3607 3104 3660 ὃν
3127 3603 3289 3661 εἶπεν
3314 3605 3502 3676 ἄνδρα,
3537 3600 3659 3655 Θεὸν

2079 3698 2485 3762 ἀποδείκνυσιν,
2521 3698 2725 3752 εἰπών’
2779 3719 2797 3750 ι
2845 3699 2931 3762 Ὠς
2974 3699 3351 3770 ἐξεπείρασαν
3404 3694 3598 3752 αὐτὸν.
3633 3710 3653 3743 ι

2081 3788 2228 3841 καθά
2275 3806 2407 3859 φησι
2463 3790 2560 3843 καὶ
2618 3790 2789 3844 Δαϐὶδ
2862 3793 3000 3861 μετά
3060 3790 3158 3860 τὴν
3220 3789 3489 3863 χορηγίαν
3560 3783 3653 3836 τῶν

2087 3877 2296 3936 ὑδάτων
2320 3895 2333 3909 ·
2375 3897 2393 3929 ι
2429 3880 2541 3932 Καὶ
2568 3879 2931 3950 ἐξεπείρασαν
2960 3880 3119 3935 αὐτὸν
3158 3882 3217 3935 ἐν
3244 3884 3314 3952 τῇ
3347 3878 3541 3950 καρδίᾳ
3570 3875 3661 3927 αὑ-’

2081 3969 2210 4035 τῶν,
2241 3971 2336 4022 καὶ
2364 3971 2743 4043 κατελάλησαν
2769 3972 2864 4026 τοῦ
2894 3971 3051 4038 Θεοῦ,
3084 3993 3104 4025 ι
3137 3975 3236 4027 καὶ
3260 3971 3334 4027 τὰ
3360 3967 3575 4041 ἑξῆςιὈ
3596 3964 3651 4031 δὴ

2083 4062 2177 4113 καὶ
2205 4062 2403 4131 νοήσας
2438 4065 2465 4115 ὁ
2485 4063 2700 4126 nam;
2732 4081 2900 4136 φησιν
2922 4083 2937 4097 ο
2971 4083 2991 4117 ι
3039 4065 3270 4119 Ἐπινον
3303 4064 3399 4118 καὶ
3420 4065 3482 4115 ἐκ
3502 4074 3652 4112 πνευ-

2086 4157 2325 4227 ματικῆς
2384 4158 2787 4231 ἀκολουθούσης
2843 4161 3052 4232 πέτρας
3077 4179 3091 4192 ·
3134 4164 3167 4230 ἡ
3221 4162 3282 4215 δὲ
3325 4160 3499 4229 πέτρα
3524 4149 3587 4225 ἦν
3626 4152 3650 4203 ὃ

2084 4246 2340 4315 Χριστός.
2384 4266 2401 4298 ι
2448 4247 2506 4302 ’0
2553 4250 2715 4313 αὐτὸς
2748 4251 2856 4322 γὰρ
2901 4252 3007 4323 πρὸ
3049 4253 3251 4322 σαρκός
3295 4268 3357 4305 τε
3397 4249 3488 4303 καὶ
3528 4243 3650 4316 μετὰ

2086 4332 2289 4411 ταύτης
2329 4341 2615 4412 ἐτύγχανε.

413 4450 432 4480 ι
472 4432 737 4485 Biberunt
788 4431 933 4484 enim
962 4445 1025 4485 ex
1062 4427 1366 4498 spirituali,
1406 4442 1529 4498 quae
1563 4426 1692 4481 illos
1751 4427 2140 4497 comitabatur,
2169 4443 2353 4501 petra;
2395 4442 2545 4503 petra
2584 4449 2711 4487 vero
2743 4433 3003 4490 Christus
3040 4442 3157 4489 erat
3184 4434 3250 4490 θ’.
3280 4455 3299 4487 ι
3346 4433 3461 4503 Ipse
3519 4428 3647 4483 enim

408 4537 462 4582 ct
497 4537 625 4583 ante
653 4542 873 4583 carnem
912 4534 964 4583 et
999 4533 1121 4596 post
1150 4540 1270 4582 eam
1299 4525 1423 4582 fuit.

483 4648 658 4716 Atque
689 4647 792 4700 hoc
821 4645 1125 4708 declarato,
1159 4643 1344 4698 intulit
1380 4641 1558 4697 Moses
1598 4657 1610 4693 :
1642 4659 1661 4694 ι
1700 4640 1803 4707 Qui
1839 4642 1981 4711 patri
2023 4647 2068 4706 ο

413 4756 535 4801 suo,
568 4748 621 4793 et
654 4740 811 4793 matri
837 4754 949 4793 sua:
976 4738 1110 4792 dicit
1140 4757 1153 4791 :
1189 4735 1305 4791 Non
1330 4735 1438 4790 vidi
1472 4742 1544 4799 te,
1563 4741 1617 4788 ct
1641 4733 1838 4789 fratres
1862 4750 1996 4787 suos

412 4849 520 4885 non
553 4832 829 4901 cognovit.
872 4849 888 4879 ι
920 4829 1263 4883 Vaticinatur
1295 4827 1487 4882 cadent
1519 4840 1640 4895 qua:
1665 4825 1718 4878 in
1751 4824 1998 4894 Evange-

415 4926 503 4978 liis
532 4930 819 4987 constant;
845 4936 969 4975 cum
995 4920 1139 4974 enim
1163 4919 1561 4989 discipulorum
1585 4916 1806 4988 quidam
1829 4917 1999 4970 dixis-

417 5029 497 5072 set
537 5019 758 5073 Christo
795 5034 807 5069 :
852 5036 871 5068 ι
915 5017 1055 5070 Ecce
1088 5025 1262 5068 mater
1297 5023 1389 5068 tua
1423 5014 1733 5084 fratresque
1763 5013 1839 5066 tui
1865 5012 2000 5065 foris

419 5124 589 5179 stant,
621 5124 783 5184 teque
819 5112 1004 5166 videre
1027 5110 1260 5178 cupiunt
1289 5107 1373 5172 ⁹¹;
1415 5125 1433 5157 ι
1458 5105 1747 5175 respondit
1773 5122 1786 5157 :
1834 5122 1851 5155 ι
1875 5104 1990 5158 Ma-

417 5217 500 5262 ter
527 5221 642 5260 mea
670 5206 979 5274 fratresque
1009 5202 1112 5257 mei
1143 5201 1180 5255 ii
1213 5208 1362 5265 sunt,
1386 5198 1477 5268 qui
1507 5197 1737 5252 audiunt
1766 5196 1991 5251 verbum

421 5300 541 5360 Dei,
579 5307 634 5353 et
658 5298 867 5352 faciunt
893 5299 961 5350 θ’.
1002 5316 1022 5347 ι

2175 4642 2454 4711 Ἑπήγαγε
2480 4642 2719 4713 Μωῡσῆς
2739 4685 2753 4709 ,
2794 4662 2814 4695 ι
2867 4642 2925 4697 ’0
2964 4644 3138 4711 λέγων
3167 4643 3245 4714 τῷ
3285 4622 3452 4711 πατρὶ
3479 4635 3566 4690 καὶ
3589 4632 3642 4700 τῇ

2096 4736 2288 4804 μητρὶ,
2305 4738 2418 4805 Οὐχ
2449 4734 2677 4804 ἑώρακά
2698 4751 2778 4801 σε,
2811 4735 2909 4787 καὶ
2931 4737 3058 4797 τοὺς
3081 4734 3346 4804 ἀδελφοὺς
3373 4726 3533 4785 αὐτοῦ
3559 4724 3645 4779 οὐκ

2096 4827 2257 4895 ἔγνω,
2297 4845 2316 4878 ι
2368 4824 2730 4896 προφητεύων
2758 4824 2827 4878 τά
2878 4827 2936 4878 ὲν
2966 4825 3354 4895 Εὐαγγελίοις·
3404 4822 3487 4875 ὅτε
3518 4813 3645 4873 τινὲς

2095 4917 2205 4971 τῶν
2236 4917 2494 4987 μαθητῶν
2523 4916 2770 4979 εἰπόντες
2797 4916 3020 4987 Χριστῷ
3042 4956 3058 4982 ,
3091 4934 3109 4967 ι
3148 4917 3282 4970 Ἰδοὺ
3307 4918 3340 4986 ἡ
3367 4912 3540 4984 μήτηρ
3562 4919 3639 4959 σον

2097 5009 2190 5062 καὶ
2216 5011 2263 5061 oi
2293 5008 2510 5078 ἀδελφοί
2541 5024 2635 5061 σου
2659 5008 2957 5078 ἑστήκασιν
2985 5005 3111 5073 ἔξω,
3133 5007 3261 5061 ἰδεῖν
3284 5023 3342 5060 σε
3363 5002 3635 5059 θέλοντεςςυ

2100 5100 2302 5171 ἔφησεν
2323 5118 2337 5133 ο
2384 5118 2404 5152 ι
2459 5100 2523 5153 Ἦ
2554 5101 2736 5172 μήτηρ
2768 5117 2869 5171 μου
2900 5099 2994 5152 κοιλ⁴
3024 5101 3075 5152 οἱ
3117 5097 3336 5169 ἀδελφοί
3373 5110 3470 5167 μου
3510 5080 3637 5143 οὗτοι

2098 5191 2240 5242 εἰσιν
2272 5191 2321 5243 οἱ
2352 5188 2641 5253 ἀκούοντες
2690 5189 2782 5243 τὸν
2818 5188 2974 5258 λόγον
3018 5186 3114 5242 τοῦ
3140 5188 3298 5257 Θεοῦ,
3332 5186 3423 5242 καὶ
3448 5176 3637 5236 ποιοῦν·

2096 5299 2209 5347 τες.
2245 5301 2264 5332 ι

496 5482 543 5513 ³³
576 5479 732 5535 Deut.
761 5493 908 5536 xstv,
931 5480 990 5540 8.
1064 5477 1115 5529 ⁸⁸η
1145 5474 1311 5529 Exod.
1340 5489 1534 5535 χχχιιι,
1559 5469 1615 5529 ’5.
1685 5470 1730 5502 ⁸⁵
1764 5469 1925 5540 Hebr.
1957 5485 1981 5521 v

2080 5508 2087 5529 ι
2122 5466 2237 5540 ἳεξα,
2290 5463 2535 5540 “light;
2561 5482 2652 5540 Il].
2677 5468 2730 5536 l,
2759 5468 2814 5525 2.
2891 5469 2935 5500 ⁸⁷
2960 5470 2978 5524 l
3006 5467 3151 5527 Petr.
3182 5482 3246 5535 ιι,
3276 5464 3364 5523 22.
3435 5455 3479 5493 ⁸⁸
3500 5446 3625 5509 P531-

423 5564 631 5617 Lxxvn,
673 5549 763 5604 18.

872 5535 917 5579 ”
936 5535 1076 5602 ibid.
1105 5545 1192 5601 l9.
1271 5544 1317 5576 ’°
1343 5544 1363 5598 l
1386 5543 1516 5599 Cor.
1544 5556 1597 5607 κ,
1628 5542 1682 5594 4.
1761 5541 1804 5573 ⁹¹
1843 5538 1978 5594 Luc.

2080 5553 2139 5602 ιι,
2177 5537 2265 5591 20.
2344 5538 2390 5569 ⁹¹
2422 5535 2557 5593 ibid.
2591 5537 2684 5594 21.

1947 5670 2175 5730 NOTAE.

504 5806 615 5877 (ΩΙ)
648 5802 751 5857 "lc.
780 5801 840 5856 τὸ
866 5799 1111 5855 ἐλλεῖπὸν
1134 5800 1272 5865 ἐστι,
1300 5798 1416 5867 βου.
1467 5795 1607 5849 ὥστε
1657 5795 1835 5863 λέγειν
1875 5791 2091 5863 βουλήν.
