  <div class='ocr_page' id='page_1' title='image "/cluster/home/n/w/nwhite01/storage/ocr_20150623/87:pt.1/coo.31924054869882/503.png"; bbox 0 0 3956 6418; ppageno 0'>
   <div class='ocr_carea' id='block_1_1' title="bbox 223 363 324 431">
    <p class='ocr_par' dir='ltr' id='par_1_1' title="bbox 223 363 324 431">
     <span class='ocr_line' id='line_1_1' title="bbox 223 363 324 431; baseline 0.03 -3"><span class='ocrx_word' id='word_1_1' title='bbox 223 363 324 431; x_wconf 79' lang='grc'><strong>985</strong></span> 
     </span>
    </p>
   </div>
   <div class='ocr_carea' id='block_1_2' title="bbox 1148 367 2545 433">
    <p class='ocr_par' dir='ltr' id='par_1_2' title="bbox 1148 367 2545 433">
     <span class='ocr_line' id='line_1_2' title="bbox 1148 367 2545 433; baseline -0.001 0"><span class='ocrx_word' id='word_1_2' title='bbox 1148 370 1683 433; x_wconf 72' lang='lat' dir='ltr'><strong>COMMENTARII</strong></span> <span class='ocrx_word' id='word_1_3' title='bbox 1717 367 1800 430; x_wconf 81' lang='lat' dir='ltr'><strong>IN</strong></span> <span class='ocrx_word' id='word_1_4' title='bbox 1836 368 2545 433; x_wconf 81' lang='lat' dir='ltr'><strong>DEUTERONOMIUM.</strong></span> 
     </span>
    </p>
   </div>
   <div class='ocr_carea' id='block_1_3' title="bbox 3380 369 3489 433">
    <p class='ocr_par' dir='ltr' id='par_1_3' title="bbox 3380 369 3489 433">
     <span class='ocr_line' id='line_1_3' title="bbox 3380 369 3489 433; baseline 0 -1"><span class='ocrx_word' id='word_1_5' title='bbox 3380 369 3489 433; x_wconf 78' lang='lat'><strong>986</strong></span> 
     </span>
    </p>
   </div>
   <div class='ocr_carea' id='block_1_4' title="bbox 288 481 1812 557">
    <p class='ocr_par' dir='ltr' id='par_1_4' title="bbox 288 481 1791 557">
     <span class='ocr_line' id='line_1_4' title="bbox 288 481 1791 557; baseline 0.001 -21"><span class='ocrx_word' id='word_1_6' title='bbox 288 481 472 547; x_wconf 87' lang='grc' dir='ltr'>Τύπος</span> <span class='ocrx_word' id='word_1_7' title='bbox 494 483 547 537; x_wconf 75' lang='grc' dir='ltr'><strong>οἱ</strong></span> <span class='ocrx_word' id='word_1_8' title='bbox 576 483 744 539; x_wconf 81' lang='grc' dir='ltr'>πάλαι</span> <span class='ocrx_word' id='word_1_9' title='bbox 773 484 1022 549; x_wconf 70' lang='grc' dir='ltr'><strong>Λευῖται,</strong></span> <span class='ocrx_word' id='word_1_10' title='bbox 1043 487 1396 556; x_wconf 79' lang='grc' dir='ltr'><strong>σχολάζοντες</strong></span> <span class='ocrx_word' id='word_1_11' title='bbox 1418 487 1496 557; x_wconf 84' lang='grc' dir='ltr'>τῷ</span> <span class='ocrx_word' id='word_1_12' title='bbox 1524 486 1663 556; x_wconf 75' lang='grc' dir='ltr'>Θεῷ,</span> <span class='ocrx_word' id='word_1_13' title='bbox 1682 486 1791 538; x_wconf 79' lang='grc' dir='ltr'>τῶν</span> 
     </span>
    </p>
   </div>
   <div class='ocr_carea' id='block_1_5' title="bbox 1917 481 3487 557">
    <p class='ocr_par' dir='ltr' id='par_1_5' title="bbox 1964 483 3487 555">
     <span class='ocr_line' id='line_1_5' title="bbox 1964 483 3487 555; baseline 0 -18"><span class='ocrx_word' id='word_1_14' title='bbox 1964 484 2235 539; x_wconf 66' lang='lat' dir='ltr'><strong>Caeterum</strong></span> <span class='ocrx_word' id='word_1_15' title='bbox 2269 486 2480 555; x_wconf 75' lang='lat' dir='ltr'><strong>antiqui</strong></span> <span class='ocrx_word' id='word_1_16' title='bbox 2504 483 2712 540; x_wconf 63' lang='lat' dir='ltr'><strong>Levita:</strong></span> <span class='ocrx_word' id='word_1_17' title='bbox 2739 484 2830 555; x_wconf 88' lang='lat' dir='ltr'><strong>qui</strong></span> <span class='ocrx_word' id='word_1_18' title='bbox 2866 485 2979 539; x_wconf 81' lang='lat' dir='ltr'><strong>Deo</strong></span> <span class='ocrx_word' id='word_1_19' title='bbox 3025 483 3316 548; x_wconf 82' lang='lat' dir='ltr'><strong>vacabant,</strong></span> <span class='ocrx_word' id='word_1_20' title='bbox 3346 483 3487 553; x_wconf 83' lang='lat' dir='ltr'><strong>ligu-</strong></span> 
     </span>
    </p>
   </div>
   <div class='ocr_carea' id='block_1_6' title="bbox 224 574 1793 650">
    <p class='ocr_par' dir='ltr' id='par_1_6' title="bbox 224 574 1793 650">
     <span class='ocr_line' id='line_1_6' title="bbox 224 574 1793 650; baseline 0.002 -24"><span class='ocrx_word' id='word_1_21' title='bbox 224 574 382 644; x_wconf 74' lang='grc' dir='ltr'>ἱερῶν</span> <span class='ocrx_word' id='word_1_22' title='bbox 413 574 764 641; x_wconf 81' lang='grc' dir='ltr'><strong>ἀποστόλων,</strong></span> <span class='ocrx_word' id='word_1_23' title='bbox 792 577 1002 649; x_wconf 79' lang='grc' dir='ltr'><strong>Πέτρου</strong></span> <span class='ocrx_word' id='word_1_24' title='bbox 1034 579 1283 648; x_wconf 80' lang='grc' dir='ltr'><strong>λέγοντος</strong></span> <span class='ocrx_word' id='word_1_25' title='bbox 1302 596 1318 611; x_wconf 90' lang='grc'><strong>·</strong></span> <span class='ocrx_word' id='word_1_26' title='bbox 1361 597 1381 632; x_wconf 79' lang='grc' dir='ltr'>ι</span> <span class='ocrx_word' id='word_1_27' title='bbox 1423 581 1616 650; x_wconf 84' lang='grc' dir='ltr'><strong>Ἡμεῖς</strong></span> <span class='ocrx_word' id='word_1_28' title='bbox 1653 579 1710 632; x_wconf 83' lang='grc' dir='ltr'>δὲ</span> <span class='ocrx_word' id='word_1_29' title='bbox 1730 581 1793 649; x_wconf 78' lang='grc' dir='ltr'>τῇ</span> 
     </span>
    </p>
   </div>
   <div class='ocr_carea' id='block_1_7' title="bbox 222 668 1798 743">
    <p class='ocr_par' dir='ltr' id='par_1_7' title="bbox 222 668 1798 743">
     <span class='ocr_line' id='line_1_7' title="bbox 222 668 1798 743; baseline 0.003 -26"><span class='ocrx_word' id='word_1_30' title='bbox 222 668 496 739; x_wconf 82' lang='grc' dir='ltr'>προσευχῇ</span> <span class='ocrx_word' id='word_1_31' title='bbox 519 669 612 722; x_wconf 82' lang='grc' dir='ltr'><strong>καὶ</strong></span> <span class='ocrx_word' id='word_1_32' title='bbox 636 671 704 740; x_wconf 83' lang='grc' dir='ltr'>τῇ</span> <span class='ocrx_word' id='word_1_33' title='bbox 731 669 981 742; x_wconf 70' lang='grc' dir='ltr'>διακονίᾳ</span> <span class='ocrx_word' id='word_1_34' title='bbox 1000 670 1276 741; x_wconf 76' lang='grc' dir='ltr'>τοῦλόγου</span> <span class='ocrx_word' id='word_1_35' title='bbox 1300 672 1769 743; x_wconf 80' lang='grc' dir='ltr'>προσκαρτερήσω</span> <span class='ocrx_word' id='word_1_36' title='bbox 1784 701 1798 711; x_wconf 88' lang='lat'><strong>-</strong></span> 
     </span>
    </p>
   </div>
   <div class='ocr_carea' id='block_1_8' title="bbox 227 761 1799 835">
    <p class='ocr_par' dir='ltr' id='par_1_8' title="bbox 227 761 1799 835">
     <span class='ocr_line' id='line_1_8' title="bbox 227 761 1799 835; baseline 0.003 -26"><span class='ocrx_word' id='word_1_37' title='bbox 227 774 344 827; x_wconf 82' lang='grc' dir='ltr'>μεν,</span> <span class='ocrx_word' id='word_1_38' title='bbox 385 778 404 811; x_wconf 76' lang='grc' dir='ltr'>ι</span> <span class='ocrx_word' id='word_1_39' title='bbox 443 761 539 813; x_wconf 58' lang='grc' dir='ltr'><strong>ἐπὶ⁵</strong></span> <span class='ocrx_word' id='word_1_40' title='bbox 558 761 622 813; x_wconf 83' lang='grc' dir='ltr'>τὸ</span> <span class='ocrx_word' id='word_1_41' title='bbox 648 763 1162 835; x_wconf 87' lang='grc' dir='ltr'>πνευματικώτερον</span> <span class='ocrx_word' id='word_1_42' title='bbox 1188 762 1668 835; x_wconf 76' lang='grc' dir='ltr'>μετενηνεγμένων</span> <span class='ocrx_word' id='word_1_43' title='bbox 1690 763 1799 815; x_wconf 78' lang='grc' dir='ltr'>τῶν</span> 
     </span>
    </p>
   </div>
   <div class='ocr_carea' id='block_1_9' title="bbox 224 847 1801 922">
    <p class='ocr_par' dir='ltr' id='par_1_9' title="bbox 224 847 1801 922">
     <span class='ocr_line' id='line_1_9' title="bbox 224 847 1801 922; baseline 0.003 -24"><span class='ocrx_word' id='word_1_44' title='bbox 224 847 365 899; x_wconf 84' lang='grc' dir='ltr'>κατὰ</span> <span class='ocrx_word' id='word_1_45' title='bbox 392 848 485 902; x_wconf 83' lang='grc' dir='ltr'>τὸν</span> <span class='ocrx_word' id='word_1_46' title='bbox 515 849 700 920; x_wconf 86' lang='grc' dir='ltr'>νόμον.</span> <span class='ocrx_word' id='word_1_47' title='bbox 727 850 868 919; x_wconf 61' lang='lat' dir='ltr'><strong>Dirce</strong></span> <span class='ocrx_word' id='word_1_48' title='bbox 890 851 1002 920; x_wconf 82' lang='grc' dir='ltr'><strong>γὰρ</strong></span> <span class='ocrx_word' id='word_1_49' title='bbox 1029 856 1058 907; x_wconf 81' lang='grc' dir='ltr'>ὁ</span> <span class='ocrx_word' id='word_1_50' title='bbox 1084 853 1244 920; x_wconf 81' lang='grc' dir='ltr'>λόγος</span> <span class='ocrx_word' id='word_1_51' title='bbox 1282 855 1469 917; x_wconf 79' lang='grc' dir='ltr'>αὐτοῖς</span> <span class='ocrx_word' id='word_1_52' title='bbox 1509 852 1639 922; x_wconf 77' lang='grc' dir='ltr'>περὶ</span> <span class='ocrx_word' id='word_1_53' title='bbox 1677 851 1801 921; x_wconf 73' lang='grc' dir='ltr'>κρε-</span> 
     </span>
    </p>
   </div>
   <div class='ocr_carea' id='block_1_10' title="bbox 226 940 1804 1015">
    <p class='ocr_par' dir='ltr' id='par_1_10' title="bbox 226 940 1804 1015">
     <span class='ocr_line' id='line_1_10' title="bbox 226 940 1804 1015; baseline 0.004 -25"><span class='ocrx_word' id='word_1_54' title='bbox 226 954 337 1002; x_wconf 89' lang='grc' dir='ltr'>σεις</span> <span class='ocrx_word' id='word_1_55' title='bbox 376 940 469 993; x_wconf 77' lang='grc' dir='ltr'><strong>καὶ</strong></span> <span class='ocrx_word' id='word_1_56' title='bbox 497 940 656 1005; x_wconf 80' lang='grc' dir='ltr'>δίκας</span> <span class='ocrx_word' id='word_1_57' title='bbox 688 944 1053 1013; x_wconf 82' lang='grc' dir='ltr'>πραγμάτων,</span> <span class='ocrx_word' id='word_1_58' title='bbox 1101 945 1230 1015; x_wconf 76' lang='grc' dir='ltr'>περὶ</span> <span class='ocrx_word' id='word_1_59' title='bbox 1262 945 1319 998; x_wconf 80' lang='grc' dir='ltr'>δὲ</span> <span class='ocrx_word' id='word_1_60' title='bbox 1361 944 1679 1015; x_wconf 79' lang='grc' dir='ltr'><strong>μυστηρίων</strong></span> <span class='ocrx_word' id='word_1_61' title='bbox 1717 944 1804 1009; x_wconf 77' lang='grc' dir='ltr'><strong>ἐξ-</strong></span> 
     </span>
    </p>
   </div>
   <div class='ocr_carea' id='block_1_11' title="bbox 225 1030 1798 1108">
    <p class='ocr_par' dir='ltr' id='par_1_11' title="bbox 225 1030 1798 1108">
     <span class='ocr_line' id='line_1_11' title="bbox 225 1030 1798 1108; baseline -0.005 -10"><span class='ocrx_word' id='word_1_62' title='bbox 225 1030 453 1101; x_wconf 81' lang='grc' dir='ltr'><strong>ηγήσεις</strong></span> <span class='ocrx_word' id='word_1_63' title='bbox 471 1032 583 1086; x_wconf 78' lang='grc' dir='ltr'>τῶν</span> <span class='ocrx_word' id='word_1_64' title='bbox 613 1034 1127 1106; x_wconf 77' lang='grc' dir='ltr'>ἀποκεκρυμμένων</span> <span class='ocrx_word' id='word_1_65' title='bbox 1156 1036 1216 1104; x_wconf 82' lang='grc' dir='ltr'>ἐξ</span> <span class='ocrx_word' id='word_1_66' title='bbox 1243 1037 1439 1101; x_wconf 78' lang='grc' dir='ltr'>αἰῶνος</span> <span class='ocrx_word' id='word_1_67' title='bbox 1482 1036 1635 1108; x_wconf 77' lang='grc' dir='ltr'>παρὰ</span> <span class='ocrx_word' id='word_1_68' title='bbox 1658 1034 1798 1106; x_wconf 79' lang='grc' dir='ltr'><strong>Θεῷ.</strong></span> 
     </span>
    </p>
   </div>
   <div class='ocr_carea' id='block_1_12' title="bbox 293 1291 1804 1368">
    <p class='ocr_par' dir='ltr' id='par_1_12' title="bbox 293 1291 1804 1368">
     <span class='ocr_line' id='line_1_12' title="bbox 293 1291 1804 1368; baseline 0.003 -22"><span class='ocrx_word' id='word_1_69' title='bbox 293 1291 406 1346; x_wconf 83' lang='grc' dir='ltr'><strong>Καὶ</strong></span> <span class='ocrx_word' id='word_1_70' title='bbox 433 1291 513 1358; x_wconf 86' lang='grc' dir='ltr'><strong>τῷ</strong></span> <span class='ocrx_word' id='word_1_71' title='bbox 531 1296 816 1364; x_wconf 76' lang='grc' dir='ltr'><strong>Βενιαμὶν</strong></span> <span class='ocrx_word' id='word_1_72' title='bbox 841 1291 1016 1349; x_wconf 75' lang='grc' dir='ltr'>εἶπεν</span> <span class='ocrx_word' id='word_1_73' title='bbox 1037 1312 1051 1326; x_wconf 83' lang='lat'><strong><em>°</em></strong></span> <span class='ocrx_word' id='word_1_74' title='bbox 1092 1296 1507 1368; x_wconf 71' lang='grc' dir='ltr'><strong>Ἠταπημένος</strong></span> <span class='ocrx_word' id='word_1_75' title='bbox 1536 1299 1656 1353; x_wconf 79' lang='grc' dir='ltr'><strong>ὑπὸ</strong></span> <span class='ocrx_word' id='word_1_76' title='bbox 1687 1301 1735 1351; x_wconf 83' lang='grc' dir='ltr'><strong><em>Κ</em></strong></span> <span class='ocrx_word' id='word_1_77' title='bbox 1741 1317 1804 1351; x_wconf 85' lang='grc' dir='ltr'><strong>υ-</strong></span> 
     </span>
    </p>
   </div>
   <div class='ocr_carea' id='block_1_13' title="bbox 216 1374 1807 1455">
    <p class='ocr_par' dir='ltr' id='par_1_13' title="bbox 216 1374 1807 1455">
     <span class='ocr_line' id='line_1_13' title="bbox 216 1374 1807 1455; baseline 0.005 -21"><span class='ocrx_word' id='word_1_78' title='bbox 216 1385 357 1451; x_wconf 82' lang='grc' dir='ltr'>ρίου</span> <span class='ocrx_word' id='word_1_79' title='bbox 390 1385 851 1453; x_wconf 81' lang='grc' dir='ltr'><strong>κατασκηνώσει</strong></span> <span class='ocrx_word' id='word_1_80' title='bbox 898 1388 1218 1454; x_wconf 77' lang='grc' dir='ltr'>πεποιθὼς,</span> <span class='ocrx_word' id='word_1_81' title='bbox 1255 1389 1404 1443; x_wconf 81' lang='grc' dir='ltr'><strong>καὶὸ</strong></span> <span class='ocrx_word' id='word_1_82' title='bbox 1446 1390 1593 1455; x_wconf 83' lang='grc' dir='ltr'><strong>Θεὸς</strong></span> <span class='ocrx_word' id='word_1_83' title='bbox 1635 1374 1807 1442; x_wconf 67' lang='grc' dir='ltr'>σκιᾶ-</span> 
     </span>
    </p>
   </div>
   <div class='ocr_carea' id='block_1_14' title="bbox 224 1474 1808 1549">
    <p class='ocr_par' dir='ltr' id='par_1_14' title="bbox 224 1474 1808 1549">
     <span class='ocr_line' id='line_1_14' title="bbox 224 1474 1808 1549; baseline 0.003 -20"><span class='ocrx_word' id='word_1_84' title='bbox 224 1474 613 1542; x_wconf 83' lang='grc' dir='ltr'><strong>σειέπάὐτῷ</strong></span> <span class='ocrx_word' id='word_1_85' title='bbox 649 1476 854 1545; x_wconf 82' lang='grc' dir='ltr'>πάσας</span> <span class='ocrx_word' id='word_1_86' title='bbox 903 1480 1011 1545; x_wconf 79' lang='grc' dir='ltr'><strong>τὰς</strong></span> <span class='ocrx_word' id='word_1_87' title='bbox 1041 1479 1287 1549; x_wconf 76' lang='grc' dir='ltr'>ἡμέρας,</span> <span class='ocrx_word' id='word_1_88' title='bbox 1348 1481 1447 1535; x_wconf 79' lang='grc' dir='ltr'><strong>καὶ</strong></span> <span class='ocrx_word' id='word_1_89' title='bbox 1496 1482 1808 1549; x_wconf 67' lang='grc' dir='ltr'><strong>ἀναμέσων</strong></span> 
     </span>
    </p>
   </div>
   <div class='ocr_carea' id='block_1_15' title="bbox 224 1561 1807 1647">
    <p class='ocr_par' dir='ltr' id='par_1_15' title="bbox 224 1561 1807 1647">
     <span class='ocr_line' id='line_1_15' title="bbox 224 1561 1807 1647; baseline 0.004 -29"><span class='ocrx_word' id='word_1_90' title='bbox 224 1565 347 1647; x_wconf 83' lang='grc' dir='ltr'><strong>τῶν</strong></span> <span class='ocrx_word' id='word_1_91' title='bbox 376 1566 549 1637; x_wconf 85' lang='grc' dir='ltr'>ὤμων</span> <span class='ocrx_word' id='word_1_92' title='bbox 571 1570 759 1624; x_wconf 80' lang='grc' dir='ltr'>αὐτοῦ</span> <span class='ocrx_word' id='word_1_93' title='bbox 797 1561 1155 1627; x_wconf 65' lang='grc' dir='ltr'>κὰτέπαυσε.</span> <span class='ocrx_word' id='word_1_94' title='bbox 1208 1572 1629 1643; x_wconf 86' lang='grc' dir='ltr'>Προφητεύεται</span> <span class='ocrx_word' id='word_1_95' title='bbox 1678 1572 1807 1642; x_wconf 76' lang='grc' dir='ltr'>περὶ</span> 
     </span>
    </p>
   </div>
   <div class='ocr_carea' id='block_1_16' title="bbox 224 1657 1809 1735">
    <p class='ocr_par' dir='ltr' id='par_1_16' title="bbox 224 1657 1809 1735">
     <span class='ocr_line' id='line_1_16' title="bbox 224 1657 1809 1735; baseline 0.006 -26"><span class='ocrx_word' id='word_1_96' title='bbox 224 1657 329 1726; x_wconf 75' lang='grc' dir='ltr'>τῆς</span> <span class='ocrx_word' id='word_1_97' title='bbox 370 1659 731 1732; x_wconf 82' lang='grc' dir='ltr'>Ἰερουσαλὴμ</span> <span class='ocrx_word' id='word_1_98' title='bbox 764 1661 876 1731; x_wconf 89' lang='grc'>(22)</span> <span class='ocrx_word' id='word_1_99' title='bbox 906 1663 939 1733; x_wconf 80' lang='grc' dir='ltr'>ἡ</span> <span class='ocrx_word' id='word_1_100' title='bbox 969 1664 1102 1735; x_wconf 84' lang='grc' dir='ltr'>τιμὴ</span> <span class='ocrx_word' id='word_1_101' title='bbox 1149 1663 1245 1717; x_wconf 79' lang='grc' dir='ltr'><strong>τοῦ</strong></span> <span class='ocrx_word' id='word_1_102' title='bbox 1303 1664 1587 1735; x_wconf 84' lang='grc' dir='ltr'>Βενιαμίν.</span> <span class='ocrx_word' id='word_1_103' title='bbox 1632 1665 1721 1718; x_wconf 90' lang='grc' dir='ltr'>Ἐν</span> <span class='ocrx_word' id='word_1_104' title='bbox 1751 1664 1809 1717; x_wconf 76' lang='grc' dir='ltr'>δὲ</span> 
     </span>
    </p>
   </div>
   <div class='ocr_carea' id='block_1_17' title="bbox 224 1755 1805 1830">
    <p class='ocr_par' dir='ltr' id='par_1_17' title="bbox 224 1755 1805 1830">
     <span class='ocr_line' id='line_1_17' title="bbox 224 1755 1805 1830; baseline 0.001 -22"><span class='ocrx_word' id='word_1_105' title='bbox 224 1757 296 1826; x_wconf 79' lang='grc' dir='ltr'>τῇ</span> <span class='ocrx_word' id='word_1_106' title='bbox 329 1755 691 1829; x_wconf 79' lang='grc' dir='ltr'>Ἰερουσαλὴμ</span> <span class='ocrx_word' id='word_1_107' title='bbox 712 1758 741 1811; x_wconf 85' lang='grc' dir='ltr'><em>ὁ</em></span> <span class='ocrx_word' id='word_1_108' title='bbox 776 1758 901 1822; x_wconf 80' lang='grc' dir='ltr'>ναὸς</span> <span class='ocrx_word' id='word_1_109' title='bbox 930 1759 1027 1814; x_wconf 77' lang='grc' dir='ltr'><strong>καὶ</strong></span> <span class='ocrx_word' id='word_1_110' title='bbox 1057 1761 1089 1830; x_wconf 85' lang='grc' dir='ltr'>ή</span> <span class='ocrx_word' id='word_1_111' title='bbox 1122 1760 1216 1813; x_wconf 83' lang='grc' dir='ltr'><strong>τοῦ</strong></span> <span class='ocrx_word' id='word_1_112' title='bbox 1260 1759 1397 1813; x_wconf 75' lang='grc' dir='ltr'>Θεοῦ</span> <span class='ocrx_word' id='word_1_113' title='bbox 1438 1760 1805 1823; x_wconf 85' lang='grc' dir='ltr'>κατάπαυσις,</span> 
     </span>
    </p>
   </div>
   <div class='ocr_carea' id='block_1_18' title="bbox 1904 573 3487 646">
    <p class='ocr_par' dir='ltr' id='par_1_18' title="bbox 1904 573 3487 646">
     <span class='ocr_line' id='line_1_18' title="bbox 1904 573 3487 646; baseline 0.003 -20"><span class='ocrx_word' id='word_1_114' title='bbox 1904 590 2016 627; x_wconf 90' lang='lat' dir='ltr'><strong>ram</strong></span> <span class='ocrx_word' id='word_1_115' title='bbox 2071 584 2389 631; x_wconf 90' lang='lat' dir='ltr'><strong>sanctorum</strong></span> <span class='ocrx_word' id='word_1_116' title='bbox 2442 577 2819 645; x_wconf 74' lang='lat' dir='ltr'><strong>apostolorum</strong></span> <span class='ocrx_word' id='word_1_117' title='bbox 2870 577 3270 646; x_wconf 65' lang='lat' dir='ltr'><strong>praatulernnt,</strong></span> <span class='ocrx_word' id='word_1_118' title='bbox 3326 573 3487 630; x_wconf 84' lang='lat' dir='ltr'><strong>Petro</strong></span> 
     </span>
    </p>
   </div>
   <div class='ocr_carea' id='block_1_19' title="bbox 1900 667 3485 730">
    <p class='ocr_par' dir='ltr' id='par_1_19' title="bbox 1900 667 3485 730">
     <span class='ocr_line' id='line_1_19' title="bbox 1900 667 3485 730; baseline 0.001 -10"><span class='ocrx_word' id='word_1_119' title='bbox 1900 667 2163 723; x_wconf 88' lang='lat' dir='ltr'><strong>dicente:</strong></span> <span class='ocrx_word' id='word_1_120' title='bbox 2223 685 2244 720; x_wconf 80' lang='grc' dir='ltr'>ι</span> <span class='ocrx_word' id='word_1_121' title='bbox 2294 667 2407 723; x_wconf 88' lang='lat' dir='ltr'><strong>Nos</strong></span> <span class='ocrx_word' id='word_1_122' title='bbox 2456 683 2587 722; x_wconf 85' lang='lat' dir='ltr'><strong>vero</strong></span> <span class='ocrx_word' id='word_1_123' title='bbox 2629 667 2877 730; x_wconf 84' lang='lat' dir='ltr'><strong>orationi</strong></span> <span class='ocrx_word' id='word_1_124' title='bbox 2907 676 2959 721; x_wconf 90' lang='lat' dir='ltr'><strong>et</strong></span> <span class='ocrx_word' id='word_1_125' title='bbox 2995 667 3306 724; x_wconf 88' lang='lat' dir='ltr'><strong>ministerio</strong></span> <span class='ocrx_word' id='word_1_126' title='bbox 3336 669 3485 723; x_wconf 85' lang='lat' dir='ltr'><strong>verbi</strong></span> 
     </span>
    </p>
   </div>
   <div class='ocr_carea' id='block_1_20' title="bbox 1901 758 3487 830">
    <p class='ocr_par' dir='ltr' id='par_1_20' title="bbox 1901 758 3487 830">
     <span class='ocr_line' id='line_1_20' title="bbox 1901 758 3487 830; baseline -0.001 -17"><span class='ocrx_word' id='word_1_127' title='bbox 1901 759 2288 815; x_wconf 83' lang='lat' dir='ltr'><strong>incumbamus</strong></span> <span class='ocrx_word' id='word_1_128' title='bbox 2314 761 2383 826; x_wconf 77' lang='grc'><strong>³³,</strong></span> <span class='ocrx_word' id='word_1_129' title='bbox 2414 777 2432 810; x_wconf 76' lang='grc' dir='ltr'>ι</span> <span class='ocrx_word' id='word_1_130' title='bbox 2468 760 2727 830; x_wconf 85' lang='lat' dir='ltr'><strong>quoniam</strong></span> <span class='ocrx_word' id='word_1_131' title='bbox 2762 759 2813 813; x_wconf 91' lang='lat' dir='ltr'><strong>id</strong></span> <span class='ocrx_word' id='word_1_132' title='bbox 2844 758 3009 830; x_wconf 63' lang='grc'><strong>475</strong></span> <span class='ocrx_word' id='word_1_133' title='bbox 3035 758 3259 828; x_wconf 86' lang='lat' dir='ltr'><strong>propius</strong></span> <span class='ocrx_word' id='word_1_134' title='bbox 3281 758 3348 813; x_wconf 85' lang='lat' dir='ltr'><strong>ad</strong></span> <span class='ocrx_word' id='word_1_135' title='bbox 3373 759 3487 825; x_wconf 84' lang='lat' dir='ltr'><strong>Spi-</strong></span> 
     </span>
    </p>
   </div>
   <div class='ocr_carea' id='block_1_21' title="bbox 1902 847 3485 920">
    <p class='ocr_par' dir='ltr' id='par_1_21' title="bbox 1902 847 3485 920">
     <span class='ocr_line' id='line_1_21' title="bbox 1902 847 3485 920; baseline -0.001 -18"><span class='ocrx_word' id='word_1_136' title='bbox 1902 850 2089 914; x_wconf 90' lang='lat' dir='ltr'><strong>ritum,</strong></span> <span class='ocrx_word' id='word_1_137' title='bbox 2116 866 2287 920; x_wconf 87' lang='lat' dir='ltr'><strong>quam</strong></span> <span class='ocrx_word' id='word_1_138' title='bbox 2318 865 2438 919; x_wconf 73' lang='lat' dir='ltr'><strong>qua:</strong></span> <span class='ocrx_word' id='word_1_139' title='bbox 2472 864 2502 903; x_wconf 88' lang='lat' dir='ltr'><strong>a</strong></span> <span class='ocrx_word' id='word_1_140' title='bbox 2524 851 2642 919; x_wconf 87' lang='lat' dir='ltr'><strong>lege</strong></span> <span class='ocrx_word' id='word_1_141' title='bbox 2678 847 3071 913; x_wconf 78' lang='lat' dir='ltr'><strong>aﬂ‘erebantur,</strong></span> <span class='ocrx_word' id='word_1_142' title='bbox 3094 848 3341 913; x_wconf 90' lang='lat' dir='ltr'><strong>accedit;</strong></span> <span class='ocrx_word' id='word_1_143' title='bbox 3377 863 3485 901; x_wconf 88' lang='lat' dir='ltr'><strong>non</strong></span> 
     </span>
    </p>
   </div>
   <div class='ocr_carea' id='block_1_22' title="bbox 1901 940 3487 1010">
    <p class='ocr_par' dir='ltr' id='par_1_22' title="bbox 1901 940 3487 1010">
     <span class='ocr_line' id='line_1_22' title="bbox 1901 940 3487 1010; baseline -0.002 -14"><span class='ocrx_word' id='word_1_144' title='bbox 1901 941 2050 996; x_wconf 90' lang='lat' dir='ltr'><strong>enim</strong></span> <span class='ocrx_word' id='word_1_145' title='bbox 2077 942 2253 995; x_wconf 83' lang='lat' dir='ltr'><strong>oratio</strong></span> <span class='ocrx_word' id='word_1_146' title='bbox 2288 941 2532 1010; x_wconf 85' lang='lat' dir='ltr'><strong>ipsorum</strong></span> <span class='ocrx_word' id='word_1_147' title='bbox 2565 942 2710 995; x_wconf 88' lang='lat' dir='ltr'><strong>circa</strong></span> <span class='ocrx_word' id='word_1_148' title='bbox 2748 940 2958 1010; x_wconf 85' lang='lat' dir='ltr'><strong>iudicia</strong></span> <span class='ocrx_word' id='word_1_149' title='bbox 2989 950 3051 996; x_wconf 87' lang='lat' dir='ltr'><strong>eL</strong></span> <span class='ocrx_word' id='word_1_150' title='bbox 3067 955 3264 995; x_wconf 87' lang='lat' dir='ltr'><strong>causas</strong></span> <span class='ocrx_word' id='word_1_151' title='bbox 3301 940 3487 993; x_wconf 81' lang='lat' dir='ltr'><strong>foren-</strong></span> 
     </span>
    </p>
   </div>
   <div class='ocr_carea' id='block_1_23' title="bbox 1904 1032 3489 1102">
    <p class='ocr_par' dir='ltr' id='par_1_23' title="bbox 1904 1032 3489 1102">
     <span class='ocr_line' id='line_1_23' title="bbox 1904 1032 3489 1102; baseline -0.004 -15"><span class='ocrx_word' id='word_1_152' title='bbox 1904 1048 1993 1087; x_wconf 87' lang='lat' dir='ltr'><strong>ses</strong></span> <span class='ocrx_word' id='word_1_153' title='bbox 2020 1033 2472 1094; x_wconf 81' lang='lat' dir='ltr'><strong>consumebatur,</strong></span> <span class='ocrx_word' id='word_1_154' title='bbox 2503 1047 2697 1087; x_wconf 90' lang='lat' dir='ltr'><strong>verum</strong></span> <span class='ocrx_word' id='word_1_155' title='bbox 2745 1032 2898 1088; x_wconf 89' lang='lat' dir='ltr'><strong>circa</strong></span> <span class='ocrx_word' id='word_1_156' title='bbox 2937 1032 3340 1102; x_wconf 77' lang='lat' dir='ltr'><strong>explicationes</strong></span> <span class='ocrx_word' id='word_1_157' title='bbox 3372 1045 3489 1101; x_wconf 78' lang='lat' dir='ltr'><strong>my-</strong></span> 
     </span>
    </p>
   </div>
   <div class='ocr_carea' id='block_1_24' title="bbox 1905 1124 3486 1198">
    <p class='ocr_par' dir='ltr' id='par_1_24' title="bbox 1905 1124 3486 1198">
     <span class='ocr_line' id='line_1_24' title="bbox 1905 1124 3486 1198; baseline -0.001 -17"><span class='ocrx_word' id='word_1_158' title='bbox 1905 1125 2201 1181; x_wconf 90' lang='lat' dir='ltr'><strong>steriorum</strong></span> <span class='ocrx_word' id='word_1_159' title='bbox 2234 1142 2356 1197; x_wconf 84' lang='lat' dir='ltr'><strong>quae</strong></span> <span class='ocrx_word' id='word_1_160' title='bbox 2383 1126 2452 1181; x_wconf 88' lang='lat' dir='ltr'><strong>ab</strong></span> <span class='ocrx_word' id='word_1_161' title='bbox 2480 1135 2690 1183; x_wconf 86' lang='lat' dir='ltr'><strong>aeterno</strong></span> <span class='ocrx_word' id='word_1_162' title='bbox 2737 1126 2882 1198; x_wconf 87' lang='lat' dir='ltr'><strong>apud</strong></span> <span class='ocrx_word' id='word_1_163' title='bbox 2930 1125 3099 1181; x_wconf 90' lang='lat' dir='ltr'><strong>Deum</strong></span> <span class='ocrx_word' id='word_1_164' title='bbox 3142 1124 3366 1180; x_wconf 73' lang='lat' dir='ltr'><strong>fuerunt</strong></span> <span class='ocrx_word' id='word_1_165' title='bbox 3398 1140 3486 1179; x_wconf 86' lang='lat' dir='ltr'><strong>rc-</strong></span> 
     </span>
    </p>
   </div>
   <div class='ocr_carea' id='block_1_25' title="bbox 1905 1215 2150 1269">
    <p class='ocr_par' dir='ltr' id='par_1_25' title="bbox 1905 1215 2150 1269">
     <span class='ocr_line' id='line_1_25' title="bbox 1905 1215 2150 1269; baseline -0.008 0"><span class='ocrx_word' id='word_1_166' title='bbox 1905 1215 2150 1269; x_wconf 87' lang='lat' dir='ltr'><strong>condita.</strong></span> 
     </span>
    </p>
   </div>
   <div class='ocr_carea' id='block_1_26' title="bbox 1979 1304 3484 1375">
    <p class='ocr_par' dir='ltr' id='par_1_26' title="bbox 1979 1304 3484 1375">
     <span class='ocr_line' id='line_1_26' title="bbox 1979 1304 3484 1375; baseline 0.001 -16"><span class='ocrx_word' id='word_1_167' title='bbox 1979 1306 2063 1359; x_wconf 79' lang='lat' dir='ltr'><strong>Ad</strong></span> <span class='ocrx_word' id='word_1_168' title='bbox 2101 1305 2388 1375; x_wconf 84' lang='lat' dir='ltr'><strong>Benjamm</strong></span> <span class='ocrx_word' id='word_1_169' title='bbox 2421 1305 2599 1359; x_wconf 72' lang='lat' dir='ltr'><strong>dixit:</strong></span> <span class='ocrx_word' id='word_1_170' title='bbox 2639 1304 2952 1361; x_wconf 72' lang='lat' dir='ltr'><strong>Benedictus</strong></span> <span class='ocrx_word' id='word_1_171' title='bbox 3005 1308 3213 1360; x_wconf 79' lang='lat' dir='ltr'><strong>Domini</strong></span> <span class='ocrx_word' id='word_1_172' title='bbox 3271 1321 3484 1360; x_wconf 78' lang='lat' dir='ltr'><strong>securus</strong></span> 
     </span>
    </p>
   </div>
   <div class='ocr_carea' id='block_1_27' title="bbox 1906 1396 3484 1465">
    <p class='ocr_par' dir='ltr' id='par_1_27' title="bbox 1906 1396 3484 1465">
     <span class='ocr_line' id='line_1_27' title="bbox 1906 1396 3484 1465; baseline 0 -16"><span class='ocrx_word' id='word_1_173' title='bbox 1906 1397 2170 1450; x_wconf 79' lang='lat' dir='ltr'><strong>habitabit</strong></span> <span class='ocrx_word' id='word_1_174' title='bbox 2218 1397 2381 1465; x_wconf 78' lang='lat' dir='ltr'><strong>juxta</strong></span> <span class='ocrx_word' id='word_1_175' title='bbox 2411 1411 2556 1461; x_wconf 84' lang='lat' dir='ltr'><strong>eum,</strong></span> <span class='ocrx_word' id='word_1_176' title='bbox 2588 1406 2637 1449; x_wconf 85' lang='lat' dir='ltr'><strong>et</strong></span> <span class='ocrx_word' id='word_1_177' title='bbox 2673 1396 2930 1451; x_wconf 77' lang='lat' dir='ltr'><strong>Dominus</strong></span> <span class='ocrx_word' id='word_1_178' title='bbox 2978 1397 3301 1451; x_wconf 77' lang='lat' dir='ltr'><strong>inuinbrabit</strong></span> <span class='ocrx_word' id='word_1_179' title='bbox 3362 1413 3484 1452; x_wconf 79' lang='lat' dir='ltr'><strong>eum</strong></span> 
     </span>
    </p>
   </div>
   <div class='ocr_carea' id='block_1_28' title="bbox 1910 1485 3484 1559">
    <p class='ocr_par' dir='ltr' id='par_1_28' title="bbox 1910 1485 3484 1559">
     <span class='ocr_line' id='line_1_28' title="bbox 1910 1485 3484 1559; baseline 0 -18"><span class='ocrx_word' id='word_1_180' title='bbox 1910 1497 2019 1541; x_wconf 90' lang='lat' dir='ltr'><strong>tota</strong></span> <span class='ocrx_word' id='word_1_181' title='bbox 2040 1488 2145 1554; x_wconf 86' lang='lat' dir='ltr'><strong>die,</strong></span> <span class='ocrx_word' id='word_1_182' title='bbox 2170 1497 2218 1542; x_wconf 89' lang='lat' dir='ltr'><strong>et</strong></span> <span class='ocrx_word' id='word_1_183' title='bbox 2242 1488 2380 1542; x_wconf 85' lang='lat' dir='ltr'><strong>inter</strong></span> <span class='ocrx_word' id='word_1_184' title='bbox 2398 1488 2642 1540; x_wconf 81' lang='lat' dir='ltr'><strong>humeros</strong></span> <span class='ocrx_word' id='word_1_185' title='bbox 2662 1488 2776 1556; x_wconf 85' lang='lat' dir='ltr'><strong>ejus</strong></span> <span class='ocrx_word' id='word_1_186' title='bbox 2795 1488 3064 1557; x_wconf 79' lang='lat' dir='ltr'><strong>requievit.</strong></span> <span class='ocrx_word' id='word_1_187' title='bbox 3084 1487 3350 1559; x_wconf 74' lang='lat' dir='ltr'><strong>[XXXIIL</strong></span> <span class='ocrx_word' id='word_1_188' title='bbox 3371 1485 3484 1558; x_wconf 67' lang='lat'><strong>12.]</strong></span> 
     </span>
    </p>
   </div>
   <div class='ocr_carea' id='block_1_29' title="bbox 1911 1578 3485 1651">
    <p class='ocr_par' dir='ltr' id='par_1_29' title="bbox 1911 1578 3485 1651">
     <span class='ocr_line' id='line_1_29' title="bbox 1911 1578 3485 1651; baseline -0.001 -18"><span class='ocrx_word' id='word_1_189' title='bbox 1911 1578 2247 1635; x_wconf 83' lang='lat' dir='ltr'><strong>Vaticinium</strong></span> <span class='ocrx_word' id='word_1_190' title='bbox 2277 1579 2347 1635; x_wconf 90' lang='lat' dir='ltr'><strong>de</strong></span> <span class='ocrx_word' id='word_1_191' title='bbox 2372 1581 2542 1651; x_wconf 88' lang='lat' dir='ltr'><strong>gloria</strong></span> <span class='ocrx_word' id='word_1_192' title='bbox 2573 1580 2875 1636; x_wconf 80' lang='lat' dir='ltr'><strong>Jerusalem</strong></span> <span class='ocrx_word' id='word_1_193' title='bbox 2896 1590 3001 1636; x_wconf 89' lang='lat' dir='ltr'><strong>est.</strong></span> <span class='ocrx_word' id='word_1_194' title='bbox 3029 1580 3086 1634; x_wconf 91' lang='lat' dir='ltr'><strong>In</strong></span> <span class='ocrx_word' id='word_1_195' title='bbox 3104 1590 3307 1635; x_wconf 88' lang='lat' dir='ltr'><strong>sortem</strong></span> <span class='ocrx_word' id='word_1_196' title='bbox 3338 1580 3485 1635; x_wconf 89' lang='lat' dir='ltr'><strong>enim</strong></span> 
     </span>
    </p>
   </div>
   <div class='ocr_carea' id='block_1_30' title="bbox 1911 1671 3485 1744">
    <p class='ocr_par' dir='ltr' id='par_1_30' title="bbox 1911 1671 3485 1744">
     <span class='ocr_line' id='line_1_30' title="bbox 1911 1671 3485 1744; baseline -0.002 -18"><span class='ocrx_word' id='word_1_197' title='bbox 1911 1672 2200 1743; x_wconf 87' lang='lat' dir='ltr'><strong>Beniamin</strong></span> <span class='ocrx_word' id='word_1_198' title='bbox 2245 1673 2415 1728; x_wconf 86' lang='lat' dir='ltr'><strong>cadit.</strong></span> <span class='ocrx_word' id='word_1_199' title='bbox 2459 1671 2558 1727; x_wconf 86' lang='lat' dir='ltr'><strong>Est</strong></span> <span class='ocrx_word' id='word_1_200' title='bbox 2588 1688 2724 1729; x_wconf 86' lang='lat' dir='ltr'><strong>vero</strong></span> <span class='ocrx_word' id='word_1_201' title='bbox 2775 1671 3135 1744; x_wconf 74' lang='lat' dir='ltr'><strong>Jerosolyma:</strong></span> <span class='ocrx_word' id='word_1_202' title='bbox 3197 1672 3485 1741; x_wconf 82' lang='lat' dir='ltr'><strong>lcmpittttl.</strong></span> 
     </span>
    </p>
   </div>
   <div class='ocr_carea' id='block_1_31' title="bbox 1913 1762 3491 1835">
    <p class='ocr_par' dir='ltr' id='par_1_31' title="bbox 1913 1762 3491 1835">
     <span class='ocr_line' id='line_1_31' title="bbox 1913 1762 3491 1835; baseline -0.004 -15"><span class='ocrx_word' id='word_1_203' title='bbox 1913 1780 1978 1821; x_wconf 91' lang='lat' dir='ltr'><strong>ac</strong></span> <span class='ocrx_word' id='word_1_204' title='bbox 2006 1766 2101 1820; x_wconf 89' lang='lat' dir='ltr'><strong>Dei</strong></span> <span class='ocrx_word' id='word_1_205' title='bbox 2133 1767 2294 1822; x_wconf 86' lang='lat' dir='ltr'><strong>sedes</strong></span> <span class='ocrx_word' id='word_1_206' title='bbox 2329 1784 2343 1819; x_wconf 92' lang='lat'><strong>:</strong></span> <span class='ocrx_word' id='word_1_207' title='bbox 2385 1765 2462 1820; x_wconf 87' lang='lat' dir='ltr'><strong>De</strong></span> <span class='ocrx_word' id='word_1_208' title='bbox 2490 1781 2597 1835; x_wconf 89' lang='lat' dir='ltr'><strong>qua</strong></span> <span class='ocrx_word' id='word_1_209' title='bbox 2635 1765 2807 1820; x_wconf 87' lang='lat' dir='ltr'><strong>David</strong></span> <span class='ocrx_word' id='word_1_210' title='bbox 2868 1765 3048 1835; x_wconf 85' lang='lat' dir='ltr'><strong>inquit</strong></span> <span class='ocrx_word' id='word_1_211' title='bbox 3078 1783 3090 1818; x_wconf 90' lang='lat'><strong>:</strong></span> <span class='ocrx_word' id='word_1_212' title='bbox 3133 1784 3153 1817; x_wconf 72' lang='grc' dir='ltr'>ι</span> <span class='ocrx_word' id='word_1_213' title='bbox 3184 1763 3357 1833; x_wconf 80' lang='lat' dir='ltr'><strong>Elegit</strong></span> <span class='ocrx_word' id='word_1_214' title='bbox 3386 1762 3491 1814; x_wconf 88' lang='lat' dir='ltr'><strong>Do-</strong></span> 
     </span>
    </p>
   </div>
   <div class='ocr_carea' id='block_1_32' title="bbox 226 1830 1812 1927">
    <p class='ocr_par' dir='ltr' id='par_1_32' title="bbox 226 1846 1809 1924">
     <span class='ocr_line' id='line_1_32' title="bbox 226 1846 1809 1924; baseline 0.004 -26"><span class='ocrx_word' id='word_1_215' title='bbox 226 1846 373 1901; x_wconf 80' lang='grc' dir='ltr'>καθά</span> <span class='ocrx_word' id='word_1_216' title='bbox 403 1848 501 1903; x_wconf 72' lang='grc' dir='ltr'><strong>καὶ</strong></span> <span class='ocrx_word' id='word_1_217' title='bbox 528 1849 635 1920; x_wconf 79' lang='grc'><strong>(25)</strong></span> <span class='ocrx_word' id='word_1_218' title='bbox 664 1848 848 1904; x_wconf 77' lang='grc' dir='ltr'>Δαϐίδ·</span> <span class='ocrx_word' id='word_1_219' title='bbox 888 1870 907 1903; x_wconf 81' lang='grc' dir='ltr'>ι</span> <span class='ocrx_word' id='word_1_220' title='bbox 929 1850 1268 1918; x_wconf 80' lang='grc' dir='ltr'><strong>Ἐξελέξατο,</strong></span> <span class='ocrx_word' id='word_1_221' title='bbox 1291 1854 1450 1924; x_wconf 78' lang='grc' dir='ltr'>φησὶ,</span> <span class='ocrx_word' id='word_1_222' title='bbox 1474 1852 1683 1924; x_wconf 85' lang='grc' dir='ltr'>Κύριος</span> <span class='ocrx_word' id='word_1_223' title='bbox 1708 1851 1809 1923; x_wconf 72' lang='grc' dir='ltr'><strong>τὴν</strong></span> 
     </span>
    </p>
   </div>
   <div class='ocr_carea' id='block_1_33' title="bbox 1917 1830 3490 1927">
    <p class='ocr_par' dir='ltr' id='par_1_33' title="bbox 1917 1830 3490 1927">
     <span class='ocr_line' id='line_1_33' title="bbox 1917 1830 3490 1927; baseline -0.004 -16"><span class='ocrx_word' id='word_1_224' title='bbox 1917 1859 2099 1914; x_wconf 87' lang='lat' dir='ltr'><strong>minus</strong></span> <span class='ocrx_word' id='word_1_225' title='bbox 2132 1859 2291 1922; x_wconf 88' lang='lat' dir='ltr'><strong>Sion,</strong></span> <span class='ocrx_word' id='word_1_226' title='bbox 2325 1830 2528 1927; x_wconf 76' lang='lat' dir='ltr'><strong>delegit</strong></span> <span class='ocrx_word' id='word_1_227' title='bbox 2579 1872 2700 1911; x_wconf 89' lang='lat' dir='ltr'><strong>eam</strong></span> <span class='ocrx_word' id='word_1_228' title='bbox 2760 1830 3078 1912; x_wconf 75' lang='lat' dir='ltr'><strong>habitacnlo</strong></span> <span class='ocrx_word' id='word_1_229' title='bbox 3139 1869 3243 1911; x_wconf 90' lang='lat' dir='ltr'><strong>suo</strong></span> <span class='ocrx_word' id='word_1_230' title='bbox 3264 1830 3375 1907; x_wconf 46' lang='grc' dir='ltr'><strong>ὖ.»</strong></span> <span class='ocrx_word' id='word_1_231' title='bbox 3421 1852 3490 1905; x_wconf 82' lang='lat' dir='ltr'><strong>Et</strong></span> 
     </span>
    </p>
   </div>
   <div class='ocr_carea' id='block_1_34' title="bbox 227 1936 1809 2011">
    <p class='ocr_par' dir='ltr' id='par_1_34' title="bbox 227 1936 1809 2011">
     <span class='ocr_line' id='line_1_34' title="bbox 227 1936 1809 2011; baseline 0.002 -21"><span class='ocrx_word' id='word_1_232' title='bbox 227 1938 390 2003; x_wconf 73' lang='grc' dir='ltr'>Σιὼν,</span> <span class='ocrx_word' id='word_1_233' title='bbox 426 1936 742 2010; x_wconf 77' lang='grc' dir='ltr'><strong>[ᾑρετίσατο</strong></span> <span class='ocrx_word' id='word_1_234' title='bbox 775 1939 947 2011; x_wconf 83' lang='grc' dir='ltr'>αὐτὴν</span> <span class='ocrx_word' id='word_1_235' title='bbox 974 1942 1055 2006; x_wconf 77' lang='grc' dir='ltr'>εἰς</span> <span class='ocrx_word' id='word_1_236' title='bbox 1087 1941 1370 1996; x_wconf 80' lang='grc' dir='ltr'><strong>κατοικίαν</strong></span> <span class='ocrx_word' id='word_1_237' title='bbox 1403 1941 1604 2011; x_wconf 81' lang='grc' dir='ltr'>ἑαυτῷ.</span> <span class='ocrx_word' id='word_1_238' title='bbox 1642 1960 1661 1994; x_wconf 79' lang='grc' dir='ltr'>ι</span> <span class='ocrx_word' id='word_1_239' title='bbox 1697 1940 1809 1995; x_wconf 72' lang='grc' dir='ltr'><strong>Καὶ</strong></span> 
     </span>
    </p>
   </div>
   <div class='ocr_carea' id='block_1_35' title="bbox 228 2028 1804 2105">
    <p class='ocr_par' dir='ltr' id='par_1_35' title="bbox 228 2028 1804 2105">
     <span class='ocr_line' id='line_1_35' title="bbox 228 2028 1804 2105; baseline 0.001 -20"><span class='ocrx_word' id='word_1_240' title='bbox 228 2028 465 2100; x_wconf 81' lang='grc' dir='ltr'>ἀλλαχοῦ</span> <span class='ocrx_word' id='word_1_241' title='bbox 490 2045 506 2060; x_wconf 85' lang='grc'>⁶</span> <span class='ocrx_word' id='word_1_242' title='bbox 543 2048 562 2082; x_wconf 76' lang='grc' dir='ltr'>ι</span> <span class='ocrx_word' id='word_1_243' title='bbox 593 2030 652 2084; x_wconf 84' lang='lat'><strong>&#39;0</strong></span> <span class='ocrx_word' id='word_1_244' title='bbox 683 2029 815 2095; x_wconf 82' lang='grc' dir='ltr'>Θεὸς</span> <span class='ocrx_word' id='word_1_245' title='bbox 847 2031 1215 2103; x_wconf 77' lang='grc' dir='ltr'>ἐθεμελίωσεν</span> <span class='ocrx_word' id='word_1_246' title='bbox 1269 2032 1441 2105; x_wconf 74' lang='grc' dir='ltr'>αὐτὴν</span> <span class='ocrx_word' id='word_1_247' title='bbox 1482 2036 1564 2097; x_wconf 74' lang='grc' dir='ltr'><strong>εἰς</strong></span> <span class='ocrx_word' id='word_1_248' title='bbox 1591 2033 1683 2086; x_wconf 74' lang='grc' dir='ltr'><strong>τὸν</strong></span> <span class='ocrx_word' id='word_1_249' title='bbox 1716 2035 1804 2087; x_wconf 80' lang='grc' dir='ltr'><strong>αἱ·</strong></span> 
     </span>
    </p>
   </div>
   <div class='ocr_carea' id='block_1_36' title="bbox 228 2116 1812 2196">
    <p class='ocr_par' dir='ltr' id='par_1_36' title="bbox 228 2116 1812 2196">
     <span class='ocr_line' id='line_1_36' title="bbox 228 2116 1812 2196; baseline 0.003 -22"><span class='ocrx_word' id='word_1_250' title='bbox 228 2119 365 2176; x_wconf 84' lang='grc' dir='ltr'>ῶνα.</span> <span class='ocrx_word' id='word_1_251' title='bbox 397 2140 416 2174; x_wconf 80' lang='grc' dir='ltr'>ι</span> <span class='ocrx_word' id='word_1_252' title='bbox 458 2116 583 2176; x_wconf 79' lang='grc' dir='ltr'>Οἴον</span> <span class='ocrx_word' id='word_1_253' title='bbox 608 2124 848 2177; x_wconf 76' lang='grc' dir='ltr'>ἐνταῦθα</span> <span class='ocrx_word' id='word_1_254' title='bbox 877 2124 961 2187; x_wconf 79' lang='grc' dir='ltr'>τὸ,</span> <span class='ocrx_word' id='word_1_255' title='bbox 1006 2125 1261 2179; x_wconf 81' lang='grc' dir='ltr'><strong>ιΣκιάσει</strong></span> <span class='ocrx_word' id='word_1_256' title='bbox 1317 2127 1405 2179; x_wconf 74' lang='grc' dir='ltr'><strong>ἐπ’</strong></span> <span class='ocrx_word' id='word_1_257' title='bbox 1446 2126 1597 2196; x_wconf 79' lang='grc' dir='ltr'>αὐτῷ</span> <span class='ocrx_word' id='word_1_258' title='bbox 1630 2125 1812 2190; x_wconf 85' lang='grc' dir='ltr'>πάσας</span> 
     </span>
    </p>
   </div>
   <div class='ocr_carea' id='block_1_37' title="bbox 226 2215 1813 2290">
    <p class='ocr_par' dir='ltr' id='par_1_37' title="bbox 226 2215 1813 2290">
     <span class='ocr_line' id='line_1_37' title="bbox 226 2215 1813 2290; baseline 0.002 -22"><span class='ocrx_word' id='word_1_259' title='bbox 226 2215 329 2278; x_wconf 84' lang='grc' dir='ltr'><strong>τὰς</strong></span> <span class='ocrx_word' id='word_1_260' title='bbox 359 2215 593 2287; x_wconf 80' lang='grc' dir='ltr'><strong>ἡμέρας.</strong></span> <span class='ocrx_word' id='word_1_261' title='bbox 626 2235 645 2267; x_wconf 73' lang='grc' dir='ltr'>ι</span> <span class='ocrx_word' id='word_1_262' title='bbox 668 2215 831 2270; x_wconf 85' lang='grc' dir='ltr'><strong>Ἀλλὰ</strong></span> <span class='ocrx_word' id='word_1_263' title='bbox 855 2217 973 2279; x_wconf 70' lang='grc' dir='ltr'>καὶ,</span> <span class='ocrx_word' id='word_1_264' title='bbox 1003 2218 1356 2288; x_wconf 78' lang='grc' dir='ltr'>«Ἀνάστηθι,</span> <span class='ocrx_word' id='word_1_265' title='bbox 1388 2218 1685 2290; x_wconf 78' lang='grc' dir='ltr'>Κύριε,εἱς</span> <span class='ocrx_word' id='word_1_266' title='bbox 1714 2218 1813 2289; x_wconf 83' lang='grc' dir='ltr'><strong>τὴν</strong></span> 
     </span>
    </p>
   </div>
   <div class='ocr_carea' id='block_1_38' title="bbox 227 2306 1810 2380">
    <p class='ocr_par' dir='ltr' id='par_1_38' title="bbox 227 2306 1810 2380">
     <span class='ocr_line' id='line_1_38' title="bbox 227 2306 1810 2380; baseline 0.002 -21"><span class='ocrx_word' id='word_1_267' title='bbox 227 2306 538 2360; x_wconf 78' lang='grc' dir='ltr'>ἀνάπαυσιν</span> <span class='ocrx_word' id='word_1_268' title='bbox 572 2324 690 2371; x_wconf 90' lang='grc' dir='ltr'>σου,</span> <span class='ocrx_word' id='word_1_269' title='bbox 724 2309 790 2362; x_wconf 81' lang='grc' dir='ltr'><strong>σὺ</strong></span> <span class='ocrx_word' id='word_1_270' title='bbox 834 2310 929 2361; x_wconf 76' lang='grc' dir='ltr'><strong>καὶ</strong></span> <span class='ocrx_word' id='word_1_271' title='bbox 953 2310 987 2379; x_wconf 82' lang='grc' dir='ltr'><strong>ἡ</strong></span> <span class='ocrx_word' id='word_1_272' title='bbox 1022 2309 1255 2373; x_wconf 79' lang='grc' dir='ltr'>κιϐωτὸς</span> <span class='ocrx_word' id='word_1_273' title='bbox 1311 2309 1408 2363; x_wconf 82' lang='grc' dir='ltr'><strong>τοῦ</strong></span> <span class='ocrx_word' id='word_1_274' title='bbox 1457 2310 1810 2380; x_wconf 80' lang='grc' dir='ltr'><strong>ἁγιάσματὸς</strong></span> 
     </span>
    </p>
   </div>
   <div class='ocr_carea' id='block_1_39' title="bbox 231 2398 1815 2472">
    <p class='ocr_par' dir='ltr' id='par_1_39' title="bbox 231 2398 1815 2472">
     <span class='ocr_line' id='line_1_39' title="bbox 231 2398 1815 2472; baseline 0.002 -21"><span class='ocrx_word' id='word_1_275' title='bbox 231 2414 348 2452; x_wconf 92' lang='grc' dir='ltr'>σου.</span> <span class='ocrx_word' id='word_1_276' title='bbox 374 2417 393 2450; x_wconf 70' lang='grc' dir='ltr'>ι</span> <span class='ocrx_word' id='word_1_277' title='bbox 428 2398 966 2467; x_wconf 80' lang='grc' dir='ltr'>Συγκεκλήρωταιδὲ</span> <span class='ocrx_word' id='word_1_278' title='bbox 999 2402 1064 2471; x_wconf 78' lang='grc' dir='ltr'>τῇ</span> <span class='ocrx_word' id='word_1_279' title='bbox 1105 2400 1465 2472; x_wconf 81' lang='grc' dir='ltr'><strong>Ἰερουσαλὴμ</strong></span> <span class='ocrx_word' id='word_1_280' title='bbox 1497 2402 1530 2471; x_wconf 83' lang='grc' dir='ltr'>ὴ</span> <span class='ocrx_word' id='word_1_281' title='bbox 1564 2399 1815 2471; x_wconf 77' lang='grc' dir='ltr'>βασιλεία</span> 
     </span>
    </p>
   </div>
   <div class='ocr_carea' id='block_1_40' title="bbox 230 2486 1816 2563">
    <p class='ocr_par' dir='ltr' id='par_1_40' title="bbox 230 2486 1816 2563">
     <span class='ocr_line' id='line_1_40' title="bbox 230 2486 1816 2563; baseline 0.002 -21"><span class='ocrx_word' id='word_1_282' title='bbox 230 2490 268 2558; x_wconf 79' lang='grc' dir='ltr'><strong>ἡ</strong></span> <span class='ocrx_word' id='word_1_283' title='bbox 295 2491 354 2543; x_wconf 78' lang='grc' dir='ltr'>ὲν</span> <span class='ocrx_word' id='word_1_284' title='bbox 383 2489 575 2559; x_wconf 81' lang='grc' dir='ltr'>Κυρίῳ</span> <span class='ocrx_word' id='word_1_285' title='bbox 603 2490 942 2561; x_wconf 77' lang='grc' dir='ltr'>κυρουμένη.</span> <span class='ocrx_word' id='word_1_286' title='bbox 974 2492 1114 2562; x_wconf 75' lang='grc' dir='ltr'>Περὶ</span> <span class='ocrx_word' id='word_1_287' title='bbox 1142 2486 1202 2547; x_wconf 76' lang='grc' dir='ltr'>οὗ</span> <span class='ocrx_word' id='word_1_288' title='bbox 1235 2510 1403 2563; x_wconf 84' lang='grc' dir='ltr'>φησιν</span> <span class='ocrx_word' id='word_1_289' title='bbox 1435 2491 1563 2562; x_wconf 78' lang='grc' dir='ltr'><strong>ἑξῆς</strong></span> <span class='ocrx_word' id='word_1_290' title='bbox 1604 2494 1634 2546; x_wconf 79' lang='grc' dir='ltr'>ὁ</span> <span class='ocrx_word' id='word_1_291' title='bbox 1678 2493 1816 2562; x_wconf 75' lang='grc' dir='ltr'>ψαλ-</span> 
     </span>
    </p>
   </div>
   <div class='ocr_carea' id='block_1_41' title="bbox 237 2580 1816 2654">
    <p class='ocr_par' dir='ltr' id='par_1_41' title="bbox 237 2580 1816 2654">
     <span class='ocr_line' id='line_1_41' title="bbox 237 2580 1816 2654; baseline 0.003 -22"><span class='ocrx_word' id='word_1_292' title='bbox 237 2580 339 2650; x_wconf 76' lang='grc' dir='ltr'>μὸς</span> <span class='ocrx_word' id='word_1_293' title='bbox 363 2595 376 2611; x_wconf 93' lang='grc'><strong>·</strong></span> <span class='ocrx_word' id='word_1_294' title='bbox 424 2598 443 2632; x_wconf 78' lang='grc' dir='ltr'>ι</span> <span class='ocrx_word' id='word_1_295' title='bbox 467 2580 616 2633; x_wconf 86' lang='grc' dir='ltr'>Ἐκεῖ</span> <span class='ocrx_word' id='word_1_296' title='bbox 648 2580 956 2645; x_wconf 80' lang='grc' dir='ltr'><strong>ὲξανατελῶ</strong></span> <span class='ocrx_word' id='word_1_297' title='bbox 986 2581 1158 2653; x_wconf 83' lang='grc' dir='ltr'>κέρας</span> <span class='ocrx_word' id='word_1_298' title='bbox 1189 2582 1268 2653; x_wconf 78' lang='grc' dir='ltr'><strong>τῷ</strong></span> <span class='ocrx_word' id='word_1_299' title='bbox 1294 2582 1492 2650; x_wconf 68' lang='grc' dir='ltr'>Δαϐὶδ,</span> <span class='ocrx_word' id='word_1_300' title='bbox 1538 2584 1816 2654; x_wconf 79' lang='grc' dir='ltr'>ήτοίμασα</span> 
     </span>
    </p>
   </div>
   <div class='ocr_carea' id='block_1_42' title="bbox 234 2670 1819 2747">
    <p class='ocr_par' dir='ltr' id='par_1_42' title="bbox 234 2670 1819 2747">
     <span class='ocr_line' id='line_1_42' title="bbox 234 2670 1819 2747; baseline 0.006 -24"><span class='ocrx_word' id='word_1_301' title='bbox 234 2671 430 2740; x_wconf 85' lang='grc' dir='ltr'>λύχνον</span> <span class='ocrx_word' id='word_1_302' title='bbox 450 2670 531 2741; x_wconf 82' lang='grc' dir='ltr'><strong>τῷ</strong></span> <span class='ocrx_word' id='word_1_303' title='bbox 563 2671 790 2744; x_wconf 79' lang='grc' dir='ltr'>Χριστῷ</span> <span class='ocrx_word' id='word_1_304' title='bbox 822 2691 947 2744; x_wconf 91' lang='grc' dir='ltr'>μου.</span> <span class='ocrx_word' id='word_1_305' title='bbox 971 2693 990 2726; x_wconf 75' lang='grc' dir='ltr'>ι</span> <span class='ocrx_word' id='word_1_306' title='bbox 1036 2675 1149 2728; x_wconf 78' lang='grc' dir='ltr'><strong>Καὶ</strong></span> <span class='ocrx_word' id='word_1_307' title='bbox 1183 2675 1259 2739; x_wconf 86' lang='grc' dir='ltr'><strong>ὡς</strong></span> <span class='ocrx_word' id='word_1_308' title='bbox 1288 2675 1568 2739; x_wconf 81' lang='grc' dir='ltr'><strong>ἄπαυστος</strong></span> <span class='ocrx_word' id='word_1_309' title='bbox 1596 2678 1630 2747; x_wconf 78' lang='grc' dir='ltr'>ἡ</span> <span class='ocrx_word' id='word_1_310' title='bbox 1662 2675 1819 2746; x_wconf 86' lang='grc' dir='ltr'>βασι-</span> 
     </span>
    </p>
   </div>
   <div class='ocr_carea' id='block_1_43' title="bbox 233 2762 1814 2839">
    <p class='ocr_par' dir='ltr' id='par_1_43' title="bbox 233 2762 1814 2839">
     <span class='ocr_line' id='line_1_43' title="bbox 233 2762 1814 2839; baseline 0.004 -24"><span class='ocrx_word' id='word_1_311' title='bbox 233 2762 380 2826; x_wconf 84' lang='grc' dir='ltr'>λεία,</span> <span class='ocrx_word' id='word_1_312' title='bbox 417 2782 436 2815; x_wconf 82' lang='grc' dir='ltr'>ι</span> <span class='ocrx_word' id='word_1_313' title='bbox 457 2762 530 2817; x_wconf 82' lang='grc' dir='ltr'>Τὸ</span> <span class='ocrx_word' id='word_1_314' title='bbox 554 2764 779 2835; x_wconf 84' lang='grc' dir='ltr'>σπέρμα</span> <span class='ocrx_word' id='word_1_315' title='bbox 814 2764 980 2820; x_wconf 82' lang='grc' dir='ltr'>αὐτοῦ</span> <span class='ocrx_word' id='word_1_316' title='bbox 1014 2767 1097 2830; x_wconf 72' lang='grc' dir='ltr'><strong>εἰς</strong></span> <span class='ocrx_word' id='word_1_317' title='bbox 1119 2766 1209 2821; x_wconf 74' lang='grc' dir='ltr'>τὸν</span> <span class='ocrx_word' id='word_1_318' title='bbox 1240 2766 1415 2822; x_wconf 81' lang='grc' dir='ltr'>αἰῶνα</span> <span class='ocrx_word' id='word_1_319' title='bbox 1451 2770 1657 2839; x_wconf 76' lang='grc' dir='ltr'>μενεῖ.)</span> <span class='ocrx_word' id='word_1_320' title='bbox 1683 2767 1814 2833; x_wconf 74' lang='grc' dir='ltr'><strong>Καὶ,</strong></span> 
     </span>
    </p>
   </div>
   <div class='ocr_carea' id='block_1_44' title="bbox 243 2855 1814 2931">
    <p class='ocr_par' dir='ltr' id='par_1_44' title="bbox 243 2855 1814 2931">
     <span class='ocr_line' id='line_1_44' title="bbox 243 2855 1814 2931; baseline 0.004 -23"><span class='ocrx_word' id='word_1_321' title='bbox 243 2873 263 2908; x_wconf 78' lang='grc' dir='ltr'>ι</span> <span class='ocrx_word' id='word_1_322' title='bbox 305 2856 364 2909; x_wconf 83' lang='grc'><strong>’0</strong></span> <span class='ocrx_word' id='word_1_323' title='bbox 387 2855 574 2928; x_wconf 85' lang='grc' dir='ltr'>Θρόνος</span> <span class='ocrx_word' id='word_1_324' title='bbox 613 2858 781 2913; x_wconf 81' lang='grc' dir='ltr'>αὑτοῦ</span> <span class='ocrx_word' id='word_1_325' title='bbox 815 2859 891 2923; x_wconf 85' lang='grc' dir='ltr'>ὡς</span> <span class='ocrx_word' id='word_1_326' title='bbox 922 2860 1074 2931; x_wconf 76' lang='grc' dir='ltr'>ἥλιος</span> <span class='ocrx_word' id='word_1_327' title='bbox 1101 2859 1345 2914; x_wconf 79' lang='grc' dir='ltr'>ἐναντιον</span> <span class='ocrx_word' id='word_1_328' title='bbox 1403 2877 1526 2931; x_wconf 86' lang='grc' dir='ltr'>μου,</span> <span class='ocrx_word' id='word_1_329' title='bbox 1558 2862 1651 2914; x_wconf 75' lang='grc' dir='ltr'><strong>καὶ</strong></span> <span class='ocrx_word' id='word_1_330' title='bbox 1679 2861 1754 2923; x_wconf 85' lang='grc' dir='ltr'>ὡς</span> <span class='ocrx_word' id='word_1_331' title='bbox 1781 2862 1814 2930; x_wconf 86' lang='grc' dir='ltr'><strong>ή</strong></span> 
     </span>
    </p>
   </div>
   <div class='ocr_carea' id='block_1_45' title="bbox 1913 1943 3491 2004">
    <p class='ocr_par' dir='ltr' id='par_1_45' title="bbox 1913 1943 3491 2004">
     <span class='ocr_line' id='line_1_45' title="bbox 1913 1943 3491 2004; baseline -0.005 -1"><span class='ocrx_word' id='word_1_332' title='bbox 1913 1950 2042 2004; x_wconf 85' lang='lat' dir='ltr'><strong>alibi</strong></span> <span class='ocrx_word' id='word_1_333' title='bbox 2084 1967 2098 2004; x_wconf 89' lang='lat'><strong>:</strong></span> <span class='ocrx_word' id='word_1_334' title='bbox 2136 1949 2323 2004; x_wconf 68' lang='lat' dir='ltr'><strong>«Deus</strong></span> <span class='ocrx_word' id='word_1_335' title='bbox 2383 1948 2647 2004; x_wconf 79' lang='lat' dir='ltr'><strong>stabilivit</strong></span> <span class='ocrx_word' id='word_1_336' title='bbox 2702 1962 2823 2002; x_wconf 90' lang='lat' dir='ltr'><strong>eam</strong></span> <span class='ocrx_word' id='word_1_337' title='bbox 2850 1948 2905 2001; x_wconf 93' lang='lat' dir='ltr'><strong>in</strong></span> <span class='ocrx_word' id='word_1_338' title='bbox 2940 1946 3291 2002; x_wconf 66' lang='lat' dir='ltr'><strong>aeternum&quot;.</strong></span> <span class='ocrx_word' id='word_1_339' title='bbox 3322 1963 3341 1995; x_wconf 73' lang='grc' dir='ltr'>ι</span> <span class='ocrx_word' id='word_1_340' title='bbox 3389 1943 3491 1997; x_wconf 74' lang='lat' dir='ltr'><strong>Cui</strong></span> 
     </span>
    </p>
   </div>
   <div class='ocr_carea' id='block_1_46' title="bbox 1914 2034 3489 2113">
    <p class='ocr_par' dir='ltr' id='par_1_46' title="bbox 1914 2034 3489 2113">
     <span class='ocr_line' id='line_1_46' title="bbox 1914 2034 3489 2113; baseline -0.006 -17"><span class='ocrx_word' id='word_1_341' title='bbox 1914 2043 2016 2097; x_wconf 91' lang='lat' dir='ltr'><strong>hoc</strong></span> <span class='ocrx_word' id='word_1_342' title='bbox 2046 2057 2268 2113; x_wconf 86' lang='lat' dir='ltr'><strong>quoque</strong></span> <span class='ocrx_word' id='word_1_343' title='bbox 2300 2040 2580 2104; x_wconf 81' lang='lat' dir='ltr'><strong>convenit,</strong></span> <span class='ocrx_word' id='word_1_344' title='bbox 2610 2048 2666 2094; x_wconf 91' lang='lat' dir='ltr'><strong>ct</strong></span> <span class='ocrx_word' id='word_1_345' title='bbox 2700 2038 3054 2094; x_wconf 89' lang='lat' dir='ltr'><strong>obumbrabit</strong></span> <span class='ocrx_word' id='word_1_346' title='bbox 3099 2052 3224 2091; x_wconf 89' lang='lat' dir='ltr'><strong>eum</strong></span> <span class='ocrx_word' id='word_1_347' title='bbox 3273 2034 3489 2089; x_wconf 83' lang='lat' dir='ltr'><strong>cunctis</strong></span> 
     </span>
    </p>
   </div>
   <div class='ocr_carea' id='block_1_47' title="bbox 1912 2126 3491 2199">
    <p class='ocr_par' dir='ltr' id='par_1_47' title="bbox 1912 2126 3491 2199">
     <span class='ocr_line' id='line_1_47' title="bbox 1912 2126 3491 2199; baseline -0.006 -10"><span class='ocrx_word' id='word_1_348' title='bbox 1912 2134 2127 2189; x_wconf 90' lang='lat' dir='ltr'><strong>diebus.</strong></span> <span class='ocrx_word' id='word_1_349' title='bbox 2164 2131 2308 2199; x_wconf 86' lang='lat' dir='ltr'><strong>Quin</strong></span> <span class='ocrx_word' id='word_1_350' title='bbox 2331 2131 2499 2186; x_wconf 89' lang='lat' dir='ltr'><strong>etiam</strong></span> <span class='ocrx_word' id='word_1_351' title='bbox 2537 2130 2668 2185; x_wconf 91' lang='lat' dir='ltr'><strong>illud</strong></span> <span class='ocrx_word' id='word_1_352' title='bbox 2711 2147 2727 2185; x_wconf 94' lang='lat'><strong>:</strong></span> <span class='ocrx_word' id='word_1_353' title='bbox 2768 2148 2788 2181; x_wconf 77' lang='grc' dir='ltr'>ι</span> <span class='ocrx_word' id='word_1_354' title='bbox 2822 2127 3028 2199; x_wconf 81' lang='lat' dir='ltr'><strong>Surge,</strong></span> <span class='ocrx_word' id='word_1_355' title='bbox 3064 2127 3316 2190; x_wconf 88' lang='lat' dir='ltr'><strong>Domine,</strong></span> <span class='ocrx_word' id='word_1_356' title='bbox 3354 2134 3407 2177; x_wconf 86' lang='lat' dir='ltr'><strong>ct</strong></span> <span class='ocrx_word' id='word_1_357' title='bbox 3435 2126 3491 2179; x_wconf 90' lang='lat' dir='ltr'><strong>in</strong></span> 
     </span>
    </p>
   </div>
   <div class='ocr_carea' id='block_1_48' title="bbox 1914 2220 3495 2295">
    <p class='ocr_par' dir='ltr' id='par_1_48' title="bbox 1914 2220 3495 2295">
     <span class='ocr_line' id='line_1_48' title="bbox 1914 2220 3495 2295; baseline -0.008 -16"><span class='ocrx_word' id='word_1_358' title='bbox 1914 2225 2158 2295; x_wconf 87' lang='lat' dir='ltr'><strong>requiem</strong></span> <span class='ocrx_word' id='word_1_359' title='bbox 2191 2231 2341 2278; x_wconf 88' lang='lat' dir='ltr'><strong>tuam</strong></span> <span class='ocrx_word' id='word_1_360' title='bbox 2371 2222 2560 2291; x_wconf 86' lang='lat' dir='ltr'><strong>recipe</strong></span> <span class='ocrx_word' id='word_1_361' title='bbox 2589 2229 2665 2285; x_wconf 91' lang='lat' dir='ltr'><strong>te,</strong></span> <span class='ocrx_word' id='word_1_362' title='bbox 2703 2228 2791 2286; x_wconf 87' lang='lat' dir='ltr'><strong>tu,</strong></span> <span class='ocrx_word' id='word_1_363' title='bbox 2824 2220 3075 2290; x_wconf 87' lang='lat' dir='ltr'><strong>inquam,</strong></span> <span class='ocrx_word' id='word_1_364' title='bbox 3098 2226 3156 2272; x_wconf 88' lang='lat' dir='ltr'><strong>et</strong></span> <span class='ocrx_word' id='word_1_365' title='bbox 3211 2232 3338 2272; x_wconf 89' lang='lat' dir='ltr'><strong>arca</strong></span> <span class='ocrx_word' id='word_1_366' title='bbox 3363 2232 3495 2271; x_wconf 89' lang='lat' dir='ltr'><strong>san-</strong></span> 
     </span>
    </p>
   </div>
   <div class='ocr_carea' id='block_1_49' title="bbox 1914 2310 3492 2381">
    <p class='ocr_par' dir='ltr' id='par_1_49' title="bbox 1914 2310 3492 2381">
     <span class='ocr_line' id='line_1_49' title="bbox 1914 2310 3492 2381; baseline -0.009 -8"><span class='ocrx_word' id='word_1_367' title='bbox 1914 2317 2118 2373; x_wconf 90' lang='lat' dir='ltr'><strong>ctuarii</strong></span> <span class='ocrx_word' id='word_1_368' title='bbox 2137 2314 2333 2373; x_wconf 69' lang='lat' dir='ltr'><strong>tui“.i</strong></span> <span class='ocrx_word' id='word_1_369' title='bbox 2362 2312 2539 2369; x_wconf 88' lang='lat' dir='ltr'><strong>Porro</strong></span> <span class='ocrx_word' id='word_1_370' title='bbox 2563 2314 2629 2369; x_wconf 89' lang='lat' dir='ltr'><strong>ad</strong></span> <span class='ocrx_word' id='word_1_371' title='bbox 2646 2312 2785 2369; x_wconf 89' lang='lat' dir='ltr'><strong>alias</strong></span> <span class='ocrx_word' id='word_1_372' title='bbox 2810 2310 3031 2370; x_wconf 89' lang='lat' dir='ltr'><strong>lsraelis</strong></span> <span class='ocrx_word' id='word_1_373' title='bbox 3051 2316 3236 2381; x_wconf 90' lang='lat' dir='ltr'><strong>partes</strong></span> <span class='ocrx_word' id='word_1_374' title='bbox 3263 2323 3492 2379; x_wconf 88' lang='lat' dir='ltr'><strong>rcgmnn</strong></span> 
     </span>
    </p>
   </div>
   <div class='ocr_carea' id='block_1_50' title="bbox 1915 2398 3493 2479">
    <p class='ocr_par' dir='ltr' id='par_1_50' title="bbox 1915 2398 3493 2479">
     <span class='ocr_line' id='line_1_50' title="bbox 1915 2398 3493 2479; baseline -0.008 -17"><span class='ocrx_word' id='word_1_375' title='bbox 1915 2423 2133 2479; x_wconf 90' lang='lat' dir='ltr'><strong>quoque</strong></span> <span class='ocrx_word' id='word_1_376' title='bbox 2161 2416 2247 2462; x_wconf 88' lang='lat' dir='ltr'><strong>est</strong></span> <span class='ocrx_word' id='word_1_377' title='bbox 2281 2404 2627 2475; x_wconf 87' lang='lat' dir='ltr'><strong>adiunctum,</strong></span> <span class='ocrx_word' id='word_1_378' title='bbox 2658 2403 2808 2475; x_wconf 92' lang='lat' dir='ltr'><strong>quod</strong></span> <span class='ocrx_word' id='word_1_379' title='bbox 2858 2400 3075 2458; x_wconf 91' lang='lat' dir='ltr'><strong>Domini</strong></span> <span class='ocrx_word' id='word_1_380' title='bbox 3134 2398 3355 2469; x_wconf 87' lang='lat' dir='ltr'><strong>proprie</strong></span> <span class='ocrx_word' id='word_1_381' title='bbox 3386 2405 3493 2452; x_wconf 90' lang='lat' dir='ltr'><strong>est.</strong></span> 
     </span>
    </p>
   </div>
   <div class='ocr_carea' id='block_1_51' title="bbox 1918 2489 3496 2569">
    <p class='ocr_par' dir='ltr' id='par_1_51' title="bbox 1918 2489 3496 2569">
     <span class='ocr_line' id='line_1_51' title="bbox 1918 2489 3496 2569; baseline -0.01 -14"><span class='ocrx_word' id='word_1_382' title='bbox 1918 2499 1994 2555; x_wconf 90' lang='lat' dir='ltr'><strong>De</strong></span> <span class='ocrx_word' id='word_1_383' title='bbox 2022 2512 2133 2569; x_wconf 92' lang='lat' dir='ltr'><strong>quo</strong></span> <span class='ocrx_word' id='word_1_384' title='bbox 2167 2496 2427 2567; x_wconf 89' lang='lat' dir='ltr'><strong>deinceps</strong></span> <span class='ocrx_word' id='word_1_385' title='bbox 2476 2496 2722 2566; x_wconf 86' lang='lat' dir='ltr'><strong>psalmus</strong></span> <span class='ocrx_word' id='word_1_386' title='bbox 2767 2493 2950 2565; x_wconf 91' lang='lat' dir='ltr'><strong>inquit</strong></span> <span class='ocrx_word' id='word_1_387' title='bbox 2980 2510 2994 2547; x_wconf 89' lang='lat'><strong>:</strong></span> <span class='ocrx_word' id='word_1_388' title='bbox 3027 2510 3045 2545; x_wconf 85' lang='grc' dir='ltr'>ι</span> <span class='ocrx_word' id='word_1_389' title='bbox 3072 2490 3149 2546; x_wconf 90' lang='lat' dir='ltr'><strong>lbi</strong></span> <span class='ocrx_word' id='word_1_390' title='bbox 3195 2489 3496 2559; x_wconf 82' lang='lat' dir='ltr'><strong>producam</strong></span> 
     </span>
    </p>
   </div>
   <div class='ocr_carea' id='block_1_52' title="bbox 1916 2579 3491 2658">
    <p class='ocr_par' dir='ltr' id='par_1_52' title="bbox 1916 2579 3491 2658">
     <span class='ocr_line' id='line_1_52' title="bbox 1916 2579 3491 2658; baseline -0.01 -13"><span class='ocrx_word' id='word_1_391' title='bbox 1916 2604 2093 2646; x_wconf 91' lang='lat' dir='ltr'><strong>cornu</strong></span> <span class='ocrx_word' id='word_1_392' title='bbox 2128 2588 2336 2655; x_wconf 89' lang='lat' dir='ltr'><strong>Davidi,</strong></span> <span class='ocrx_word' id='word_1_393' title='bbox 2366 2586 2555 2658; x_wconf 90' lang='lat' dir='ltr'><strong>paravi</strong></span> <span class='ocrx_word' id='word_1_394' title='bbox 2607 2587 2890 2641; x_wconf 85' lang='lat' dir='ltr'><strong>lucernam</strong></span> <span class='ocrx_word' id='word_1_395' title='bbox 2952 2583 3179 2640; x_wconf 85' lang='lat' dir='ltr'><strong>Christo</strong></span> <span class='ocrx_word' id='word_1_396' title='bbox 3239 2595 3362 2634; x_wconf 90' lang='lat' dir='ltr'><strong>meo</strong></span> <span class='ocrx_word' id='word_1_397' title='bbox 3381 2579 3491 2631; x_wconf 76' lang='grc'><strong>⁸⁷.»</strong></span> 
     </span>
    </p>
   </div>
   <div class='ocr_carea' id='block_1_53' title="bbox 1916 2672 3498 2752">
    <p class='ocr_par' dir='ltr' id='par_1_53' title="bbox 1916 2672 3498 2752">
     <span class='ocr_line' id='line_1_53' title="bbox 1916 2672 3498 2752; baseline -0.007 -15"><span class='ocrx_word' id='word_1_398' title='bbox 1916 2681 1984 2737; x_wconf 86' lang='grc' dir='ltr'><strong>Ει</strong></span> <span class='ocrx_word' id='word_1_399' title='bbox 2014 2696 2124 2752; x_wconf 93' lang='lat' dir='ltr'><strong>quo</strong></span> <span class='ocrx_word' id='word_1_400' title='bbox 2152 2680 2305 2750; x_wconf 87' lang='lat' dir='ltr'><strong>regni</strong></span> <span class='ocrx_word' id='word_1_401' title='bbox 2336 2680 2502 2750; x_wconf 83' lang='lat' dir='ltr'><strong>hujus</strong></span> <span class='ocrx_word' id='word_1_402' title='bbox 2528 2678 2845 2735; x_wconf 89' lang='lat' dir='ltr'><strong>constantia</strong></span> <span class='ocrx_word' id='word_1_403' title='bbox 2868 2678 3165 2733; x_wconf 90' lang='lat' dir='ltr'><strong>denotetur</strong></span> <span class='ocrx_word' id='word_1_404' title='bbox 3198 2692 3212 2730; x_wconf 87' lang='lat'><strong>:</strong></span> <span class='ocrx_word' id='word_1_405' title='bbox 3249 2691 3267 2723; x_wconf 79' lang='grc' dir='ltr'>ι</span> <span class='ocrx_word' id='word_1_406' title='bbox 3295 2672 3498 2727; x_wconf 81' lang='lat' dir='ltr'><strong>Semen</strong></span> 
     </span>
    </p>
   </div>
   <div class='ocr_carea' id='block_1_54' title="bbox 1916 2764 3500 2845">
    <p class='ocr_par' dir='ltr' id='par_1_54' title="bbox 1916 2764 3500 2845">
     <span class='ocr_line' id='line_1_54' title="bbox 1916 2764 3500 2845; baseline -0.009 -15"><span class='ocrx_word' id='word_1_407' title='bbox 1916 2776 2039 2845; x_wconf 88' lang='lat' dir='ltr'><strong>ejus</strong></span> <span class='ocrx_word' id='word_1_408' title='bbox 2081 2776 2134 2828; x_wconf 90' lang='lat' dir='ltr'><strong>in</strong></span> <span class='ocrx_word' id='word_1_409' title='bbox 2165 2781 2433 2827; x_wconf 57' lang='lat' dir='ltr'><strong>aeternum</strong></span> <span class='ocrx_word' id='word_1_410' title='bbox 2481 2771 2815 2834; x_wconf 75' lang='lat' dir='ltr'><strong>manebit&quot;,</strong></span> <span class='ocrx_word' id='word_1_411' title='bbox 2854 2787 2872 2821; x_wconf 75' lang='grc' dir='ltr'>ι</span> <span class='ocrx_word' id='word_1_412' title='bbox 2930 2768 3112 2839; x_wconf 82' lang='lat' dir='ltr'><strong>inquit</strong></span> <span class='ocrx_word' id='word_1_413' title='bbox 3154 2785 3168 2821; x_wconf 87' lang='lat'><strong>:</strong></span> <span class='ocrx_word' id='word_1_414' title='bbox 3207 2785 3225 2818; x_wconf 82' lang='grc' dir='ltr'>ι</span> <span class='ocrx_word' id='word_1_415' title='bbox 3251 2764 3315 2818; x_wconf 85' lang='grc' dir='ltr'>Ει</span> <span class='ocrx_word' id='word_1_416' title='bbox 3347 2764 3500 2818; x_wconf 84' lang='lat' dir='ltr'><strong>thro-</strong></span> 
     </span>
    </p>
   </div>
   <div class='ocr_carea' id='block_1_55' title="bbox 1919 2857 3497 2935">
    <p class='ocr_par' dir='ltr' id='par_1_55' title="bbox 1919 2857 3497 2935">
     <span class='ocr_line' id='line_1_55' title="bbox 1919 2857 3497 2935; baseline -0.01 -13"><span class='ocrx_word' id='word_1_417' title='bbox 1919 2883 2026 2923; x_wconf 89' lang='lat' dir='ltr'><strong>nus</strong></span> <span class='ocrx_word' id='word_1_418' title='bbox 2063 2866 2183 2935; x_wconf 88' lang='lat' dir='ltr'><strong>ejus</strong></span> <span class='ocrx_word' id='word_1_419' title='bbox 2217 2874 2479 2933; x_wconf 86' lang='lat' dir='ltr'><strong>tanquam</strong></span> <span class='ocrx_word' id='word_1_420' title='bbox 2506 2863 2588 2919; x_wconf 90' lang='lat' dir='ltr'><strong>sol</strong></span> <span class='ocrx_word' id='word_1_421' title='bbox 2626 2861 2896 2931; x_wconf 83' lang='lat' dir='ltr'><strong>perstabit</strong></span> <span class='ocrx_word' id='word_1_422' title='bbox 2915 2873 3102 2915; x_wconf 89' lang='lat' dir='ltr'><strong>coram</strong></span> <span class='ocrx_word' id='word_1_423' title='bbox 3132 2873 3240 2921; x_wconf 88' lang='lat' dir='ltr'><strong>me,</strong></span> <span class='ocrx_word' id='word_1_424' title='bbox 3278 2857 3497 2910; x_wconf 82' lang='lat' dir='ltr'><strong>ﬁrmum</strong></span> 
     </span>
    </p>
   </div>
   <div class='ocr_carea' id='block_1_56' title="bbox 237 2949 1812 3029">
    <p class='ocr_par' dir='ltr' id='par_1_56' title="bbox 237 2949 1812 3029">
     <span class='ocr_line' id='line_1_56' title="bbox 237 2949 1812 3029; baseline 0.001 -26"><span class='ocrx_word' id='word_1_425' title='bbox 237 2949 435 3021; x_wconf 83' lang='grc' dir='ltr'>σελήνη</span> <span class='ocrx_word' id='word_1_426' title='bbox 459 2951 869 3023; x_wconf 81' lang='grc' dir='ltr'>κατηρτισμένη</span> <span class='ocrx_word' id='word_1_427' title='bbox 923 2953 1004 3016; x_wconf 82' lang='grc' dir='ltr'><strong>εἰς</strong></span> <span class='ocrx_word' id='word_1_428' title='bbox 1034 2951 1130 3029; x_wconf 78' lang='grc' dir='ltr'>τδν</span> <span class='ocrx_word' id='word_1_429' title='bbox 1181 2950 1381 3008; x_wconf 80' lang='grc' dir='ltr'>αἰῶνα.</span> <span class='ocrx_word' id='word_1_430' title='bbox 1408 2969 1427 3004; x_wconf 78' lang='grc' dir='ltr'>ι</span> <span class='ocrx_word' id='word_1_431' title='bbox 1456 2952 1742 3021; x_wconf 79' lang='grc' dir='ltr'><strong>Συνῆπται</strong></span> <span class='ocrx_word' id='word_1_432' title='bbox 1762 2952 1812 3006; x_wconf 77' lang='grc' dir='ltr'>δὲ</span> 
     </span>
    </p>
   </div>
   <div class='ocr_carea' id='block_1_57' title="bbox 1917 2949 3501 3029">
    <p class='ocr_par' dir='ltr' id='par_1_57' title="bbox 1920 2951 3501 3018">
     <span class='ocr_line' id='line_1_57' title="bbox 1920 2951 3501 3018; baseline -0.007 -4"><span class='ocrx_word' id='word_1_433' title='bbox 1920 2968 1982 3014; x_wconf 83' lang='grc' dir='ltr'><strong>ιιι</strong></span> <span class='ocrx_word' id='word_1_434' title='bbox 2017 2960 2146 3014; x_wconf 86' lang='lat' dir='ltr'><strong>luna</strong></span> <span class='ocrx_word' id='word_1_435' title='bbox 2172 2958 2496 3014; x_wconf 82' lang='lat' dir='ltr'><strong>manebit”.</strong></span> <span class='ocrx_word' id='word_1_436' title='bbox 2527 2975 2547 3008; x_wconf 72' lang='grc' dir='ltr'>ι</span> <span class='ocrx_word' id='word_1_437' title='bbox 2588 2955 2768 3010; x_wconf 87' lang='lat' dir='ltr'><strong>Porro</strong></span> <span class='ocrx_word' id='word_1_438' title='bbox 2797 2956 2951 3009; x_wconf 83' lang='lat' dir='ltr'><strong>locus</strong></span> <span class='ocrx_word' id='word_1_439' title='bbox 2978 2951 3287 3008; x_wconf 80' lang='lat' dir='ltr'><strong>Jerusalem</strong></span> <span class='ocrx_word' id='word_1_440' title='bbox 3330 2963 3501 3018; x_wconf 87' lang='lat' dir='ltr'><strong>regno</strong></span> 
     </span>
    </p>
   </div>
   <div class='ocr_carea' id='block_1_58' title="bbox 234 3038 1812 3115">
    <p class='ocr_par' dir='ltr' id='par_1_58' title="bbox 234 3038 1812 3115">
     <span class='ocr_line' id='line_1_58' title="bbox 234 3038 1812 3115; baseline 0.003 -23"><span class='ocrx_word' id='word_1_441' title='bbox 234 3038 327 3093; x_wconf 82' lang='grc' dir='ltr'>διὰ</span> <span class='ocrx_word' id='word_1_442' title='bbox 352 3038 515 3093; x_wconf 81' lang='grc' dir='ltr'>τοῦτο</span> <span class='ocrx_word' id='word_1_443' title='bbox 535 3041 604 3112; x_wconf 77' lang='grc' dir='ltr'>τῇ</span> <span class='ocrx_word' id='word_1_444' title='bbox 631 3040 885 3113; x_wconf 76' lang='grc' dir='ltr'><strong>βασιλείᾳ</strong></span> <span class='ocrx_word' id='word_1_445' title='bbox 919 3043 1017 3097; x_wconf 75' lang='grc' dir='ltr'>καὶ</span> <span class='ocrx_word' id='word_1_446' title='bbox 1034 3044 1101 3112; x_wconf 82' lang='grc' dir='ltr'><strong>τῇ</strong></span> <span class='ocrx_word' id='word_1_447' title='bbox 1135 3042 1408 3114; x_wconf 77' lang='grc' dir='ltr'>ἱερωσύνῃ</span> <span class='ocrx_word' id='word_1_448' title='bbox 1438 3044 1467 3096; x_wconf 83' lang='grc' dir='ltr'><strong>ὁ</strong></span> <span class='ocrx_word' id='word_1_449' title='bbox 1500 3044 1665 3107; x_wconf 84' lang='grc' dir='ltr'>τόπος</span> <span class='ocrx_word' id='word_1_450' title='bbox 1715 3046 1812 3115; x_wconf 76' lang='grc' dir='ltr'>τῆς</span> 
     </span>
    </p>
   </div>
   <div class='ocr_carea' id='block_1_59' title="bbox 1917 3038 3500 3115">
    <p class='ocr_par' dir='ltr' id='par_1_59' title="bbox 1921 3042 3500 3112">
     <span class='ocr_line' id='line_1_59' title="bbox 1921 3042 3500 3112; baseline -0.009 -4"><span class='ocrx_word' id='word_1_451' title='bbox 1921 3051 2086 3108; x_wconf 89' lang='lat' dir='ltr'><strong>simul</strong></span> <span class='ocrx_word' id='word_1_452' title='bbox 2114 3057 2169 3106; x_wconf 89' lang='lat' dir='ltr'><strong>et</strong></span> <span class='ocrx_word' id='word_1_453' title='bbox 2197 3046 2656 3105; x_wconf 88' lang='lat' dir='ltr'><strong>sacerdotioideo</strong></span> <span class='ocrx_word' id='word_1_454' title='bbox 2687 3046 3011 3100; x_wconf 89' lang='lat' dir='ltr'><strong>destinatus</strong></span> <span class='ocrx_word' id='word_1_455' title='bbox 3069 3053 3177 3106; x_wconf 90' lang='lat' dir='ltr'><strong>est,</strong></span> <span class='ocrx_word' id='word_1_456' title='bbox 3225 3042 3356 3112; x_wconf 88' lang='lat' dir='ltr'><strong>quia</strong></span> <span class='ocrx_word' id='word_1_457' title='bbox 3411 3056 3500 3094; x_wconf 89' lang='lat' dir='ltr'><strong>re-</strong></span> 
     </span>
    </p>
   </div>
   <div class='ocr_carea' id='block_1_60' title="bbox 247 3130 1812 3221">
    <p class='ocr_par' dir='ltr' id='par_1_60' title="bbox 247 3130 1812 3207">
     <span class='ocr_line' id='line_1_60' title="bbox 247 3130 1812 3207; baseline 0.003 -22"><span class='ocrx_word' id='word_1_458' title='bbox 247 3130 630 3204; x_wconf 81' lang='grc' dir='ltr'><strong>Ἰερουσαλήμ.</strong></span> <span class='ocrx_word' id='word_1_459' title='bbox 672 3132 739 3187; x_wconf 87' lang='grc' dir='ltr'>Ἠ</span> <span class='ocrx_word' id='word_1_460' title='bbox 787 3134 887 3205; x_wconf 77' lang='grc' dir='ltr'>μὲν</span> <span class='ocrx_word' id='word_1_461' title='bbox 932 3134 1043 3206; x_wconf 79' lang='grc' dir='ltr'><strong>γὰρ</strong></span> <span class='ocrx_word' id='word_1_462' title='bbox 1086 3134 1468 3207; x_wconf 69' lang='grc' dir='ltr'>’βασιλεία,τῇ</span> <span class='ocrx_word' id='word_1_463' title='bbox 1499 3135 1594 3189; x_wconf 84' lang='grc' dir='ltr'><strong>τοῦ</strong></span> <span class='ocrx_word' id='word_1_464' title='bbox 1641 3135 1812 3190; x_wconf 78' lang='grc' dir='ltr'>Ἰούδα</span> 
     </span>
    </p>
   </div>
   <div class='ocr_carea' id='block_1_61' title="bbox 1917 3130 3501 3221">
    <p class='ocr_par' dir='ltr' id='par_1_61' title="bbox 1922 3131 3501 3216">
     <span class='ocr_line' id='line_1_61' title="bbox 1922 3131 3501 3216; baseline -0.008 -18"><span class='ocrx_word' id='word_1_465' title='bbox 1922 3159 2087 3216; x_wconf 87' lang='lat' dir='ltr'><strong>gnum</strong></span> <span class='ocrx_word' id='word_1_466' title='bbox 2123 3140 2341 3213; x_wconf 89' lang='lat' dir='ltr'><strong>quidem</strong></span> <span class='ocrx_word' id='word_1_467' title='bbox 2382 3139 2553 3194; x_wconf 91' lang='lat' dir='ltr'><strong>tribui</strong></span> <span class='ocrx_word' id='word_1_468' title='bbox 2577 3136 2740 3202; x_wconf 81' lang='lat' dir='ltr'><strong>Juda,</strong></span> <span class='ocrx_word' id='word_1_469' title='bbox 2791 3135 3160 3193; x_wconf 84' lang='lat' dir='ltr'><strong>sacerdotium</strong></span> <span class='ocrx_word' id='word_1_470' title='bbox 3212 3149 3342 3189; x_wconf 82' lang='lat' dir='ltr'><strong>vero</strong></span> <span class='ocrx_word' id='word_1_471' title='bbox 3374 3131 3501 3187; x_wconf 83' lang='lat' dir='ltr'><strong>Levi</strong></span> 
     </span>
    </p>
   </div>
   <div class='ocr_carea' id='block_1_62' title="bbox 236 3222 1812 3297">
    <p class='ocr_par' dir='ltr' id='par_1_62' title="bbox 236 3222 1812 3297">
     <span class='ocr_line' id='line_1_62' title="bbox 236 3222 1812 3297; baseline 0.002 -21"><span class='ocrx_word' id='word_1_472' title='bbox 236 3223 383 3295; x_wconf 76' lang='grc' dir='ltr'>φυλῇ</span> <span class='ocrx_word' id='word_1_473' title='bbox 406 3240 419 3253; x_wconf 90' lang='grc'><strong>·</strong></span> <span class='ocrx_word' id='word_1_474' title='bbox 441 3225 474 3295; x_wconf 83' lang='grc' dir='ltr'><strong>ἡ</strong></span> <span class='ocrx_word' id='word_1_475' title='bbox 493 3223 550 3277; x_wconf 83' lang='grc' dir='ltr'>δὲ</span> <span class='ocrx_word' id='word_1_476' title='bbox 583 3224 874 3296; x_wconf 75' lang='grc' dir='ltr'>ἱερωσύνη,</span> <span class='ocrx_word' id='word_1_477' title='bbox 899 3228 966 3296; x_wconf 80' lang='grc' dir='ltr'>τῇ</span> <span class='ocrx_word' id='word_1_478' title='bbox 994 3224 1129 3280; x_wconf 76' lang='grc' dir='ltr'><strong>Λευῖ</strong></span> <span class='ocrx_word' id='word_1_479' title='bbox 1184 3226 1412 3281; x_wconf 85' lang='grc' dir='ltr'>δέδοται.</span> <span class='ocrx_word' id='word_1_480' title='bbox 1444 3222 1547 3281; x_wconf 79' lang='grc' dir='ltr'>Ὧν</span> <span class='ocrx_word' id='word_1_481' title='bbox 1574 3228 1812 3297; x_wconf 78' lang='grc' dir='ltr'><strong>ἀμφοτέ-</strong></span> 
     </span>
    </p>
   </div>
   <div class='ocr_carea' id='block_1_63' title="bbox 1917 3222 3504 3297">
    <p class='ocr_par' dir='ltr' id='par_1_63' title="bbox 1921 3224 3504 3297">
     <span class='ocr_line' id='line_1_63' title="bbox 1921 3224 3504 3297; baseline -0.011 -3"><span class='ocrx_word' id='word_1_482' title='bbox 1921 3247 2008 3294; x_wconf 85' lang='lat' dir='ltr'><strong>est</strong></span> <span class='ocrx_word' id='word_1_483' title='bbox 2071 3235 2361 3290; x_wconf 89' lang='lat' dir='ltr'><strong>tributum.</strong></span> <span class='ocrx_word' id='word_1_484' title='bbox 2427 3230 2675 3297; x_wconf 84' lang='lat' dir='ltr'><strong>Quorum</strong></span> <span class='ocrx_word' id='word_1_485' title='bbox 2739 3229 3028 3282; x_wconf 88' lang='lat' dir='ltr'><strong>amborum</strong></span> <span class='ocrx_word' id='word_1_486' title='bbox 3087 3240 3194 3279; x_wconf 89' lang='lat' dir='ltr'><strong>una</strong></span> <span class='ocrx_word' id='word_1_487' title='bbox 3242 3224 3504 3291; x_wconf 88' lang='lat' dir='ltr'><strong>deinceps</strong></span> 
     </span>
    </p>
   </div>
   <div class='ocr_carea' id='block_1_64' title="bbox 241 3310 1821 3386">
    <p class='ocr_par' dir='ltr' id='par_1_64' title="bbox 241 3310 1821 3386">
     <span class='ocr_line' id='line_1_64' title="bbox 241 3310 1821 3386; baseline 0.002 -20"><span class='ocrx_word' id='word_1_488' title='bbox 241 3328 351 3382; x_wconf 85' lang='grc' dir='ltr'><strong>ρων</strong></span> <span class='ocrx_word' id='word_1_489' title='bbox 380 3310 497 3382; x_wconf 68' lang='grc' dir='ltr'><strong>ἅμα</strong></span> <span class='ocrx_word' id='word_1_490' title='bbox 526 3314 669 3368; x_wconf 72' lang='grc' dir='ltr'>κατὰ</span> <span class='ocrx_word' id='word_1_491' title='bbox 701 3313 761 3368; x_wconf 73' lang='grc' dir='ltr'>τὸ</span> <span class='ocrx_word' id='word_1_492' title='bbox 793 3314 921 3385; x_wconf 80' lang='grc' dir='ltr'><strong>ἑξῆς</strong></span> <span class='ocrx_word' id='word_1_493' title='bbox 955 3314 1095 3386; x_wconf 83' lang='grc' dir='ltr'>ὲμνη</span> <span class='ocrx_word' id='word_1_494' title='bbox 1107 3314 1358 3386; x_wconf 83' lang='grc' dir='ltr'>μόνευσε.</span> <span class='ocrx_word' id='word_1_495' title='bbox 1421 3316 1579 3370; x_wconf 83' lang='grc' dir='ltr'><strong>Μετὰ</strong></span> <span class='ocrx_word' id='word_1_496' title='bbox 1603 3316 1661 3370; x_wconf 83' lang='grc' dir='ltr'>δὲ</span> <span class='ocrx_word' id='word_1_497' title='bbox 1686 3316 1821 3369; x_wconf 88' lang='grc' dir='ltr'>ταύ-</span> 
     </span>
    </p>
   </div>
   <div class='ocr_carea' id='block_1_65' title="bbox 236 3405 1819 3479">
    <p class='ocr_par' dir='ltr' id='par_1_65' title="bbox 236 3405 1819 3479">
     <span class='ocr_line' id='line_1_65' title="bbox 236 3405 1819 3479; baseline 0.004 -23"><span class='ocrx_word' id='word_1_498' title='bbox 236 3420 340 3467; x_wconf 89' lang='grc' dir='ltr'><strong>τας</strong></span> <span class='ocrx_word' id='word_1_499' title='bbox 385 3405 705 3477; x_wconf 83' lang='grc' dir='ltr'><strong>ἀμφοτέρας</strong></span> <span class='ocrx_word' id='word_1_500' title='bbox 768 3406 867 3471; x_wconf 76' lang='grc' dir='ltr'><strong>τὰς</strong></span> <span class='ocrx_word' id='word_1_501' title='bbox 913 3407 1137 3478; x_wconf 82' lang='grc' dir='ltr'>φυλὰςὸ</span> <span class='ocrx_word' id='word_1_502' title='bbox 1164 3408 1429 3479; x_wconf 77' lang='grc' dir='ltr'>Βενιαμὶν</span> <span class='ocrx_word' id='word_1_503' title='bbox 1489 3409 1819 3479; x_wconf 83' lang='grc' dir='ltr'><strong>εὐλογεῖται,</strong></span> 
     </span>
    </p>
   </div>
   <div class='ocr_carea' id='block_1_66' title="bbox 237 3494 1819 3571">
    <p class='ocr_par' dir='ltr' id='par_1_66' title="bbox 237 3494 1819 3571">
     <span class='ocr_line' id='line_1_66' title="bbox 237 3494 1819 3571; baseline 0.003 -22"><span class='ocrx_word' id='word_1_504' title='bbox 237 3494 418 3550; x_wconf 78' lang='grc' dir='ltr'>καίτοι</span> <span class='ocrx_word' id='word_1_505' title='bbox 437 3495 531 3550; x_wconf 81' lang='grc' dir='ltr'>τοῦ</span> <span class='ocrx_word' id='word_1_506' title='bbox 566 3496 762 3550; x_wconf 83' lang='grc' dir='ltr'>Ἰακὼὸ</span> <span class='ocrx_word' id='word_1_507' title='bbox 779 3497 1114 3563; x_wconf 75' lang='grc' dir='ltr'>τελευταῖον,</span> <span class='ocrx_word' id='word_1_508' title='bbox 1136 3497 1283 3553; x_wconf 87' lang='grc' dir='ltr'>κατὰ</span> <span class='ocrx_word' id='word_1_509' title='bbox 1304 3500 1403 3571; x_wconf 77' lang='grc' dir='ltr'>τὴν</span> <span class='ocrx_word' id='word_1_510' title='bbox 1428 3499 1606 3565; x_wconf 80' lang='grc' dir='ltr'><strong>τάξιν,</strong></span> <span class='ocrx_word' id='word_1_511' title='bbox 1632 3500 1819 3553; x_wconf 86' lang='grc' dir='ltr'>Βενια-</span> 
     </span>
    </p>
   </div>
   <div class='ocr_carea' id='block_1_67' title="bbox 243 3588 1817 3662">
    <p class='ocr_par' dir='ltr' id='par_1_67' title="bbox 243 3588 1817 3662">
     <span class='ocr_line' id='line_1_67' title="bbox 243 3588 1817 3662; baseline 0.002 -22"><span class='ocrx_word' id='word_1_512' title='bbox 243 3588 337 3655; x_wconf 66' lang='grc' dir='ltr'><strong>μὶν</strong></span> <span class='ocrx_word' id='word_1_513' title='bbox 385 3592 899 3659; x_wconf 83' lang='grc' dir='ltr'>προφητεύσαντος·</span> <span class='ocrx_word' id='word_1_514' title='bbox 969 3590 1276 3660; x_wconf 73' lang='grc' dir='ltr'>«Βενιαμὶν</span> <span class='ocrx_word' id='word_1_515' title='bbox 1334 3589 1500 3655; x_wconf 85' lang='grc' dir='ltr'>λύκος</span> <span class='ocrx_word' id='word_1_516' title='bbox 1560 3589 1817 3662; x_wconf 74' lang='grc' dir='ltr'>ἆρπαξ,ι</span> 
     </span>
    </p>
   </div>
   <div class='ocr_carea' id='block_1_68' title="bbox 240 3679 1824 3754">
    <p class='ocr_par' dir='ltr' id='par_1_68' title="bbox 240 3679 1824 3754">
     <span class='ocr_line' id='line_1_68' title="bbox 240 3679 1824 3754; baseline 0.003 -23"><span class='ocrx_word' id='word_1_517' title='bbox 240 3680 339 3732; x_wconf 78' lang='grc' dir='ltr'><strong>καὶ</strong></span> <span class='ocrx_word' id='word_1_518' title='bbox 370 3679 439 3733; x_wconf 80' lang='grc' dir='ltr'>τὰ</span> <span class='ocrx_word' id='word_1_519' title='bbox 465 3679 612 3750; x_wconf 78' lang='grc' dir='ltr'><strong>ἑξῆς.</strong></span> <span class='ocrx_word' id='word_1_520' title='bbox 650 3681 794 3734; x_wconf 84' lang='grc' dir='ltr'>Ἀλλ’</span> <span class='ocrx_word' id='word_1_521' title='bbox 825 3685 853 3735; x_wconf 83' lang='grc' dir='ltr'><em>ὁ</em></span> <span class='ocrx_word' id='word_1_522' title='bbox 890 3679 990 3751; x_wconf 78' lang='grc' dir='ltr'>μὲν</span> <span class='ocrx_word' id='word_1_523' title='bbox 1022 3680 1224 3735; x_wconf 81' lang='grc' dir='ltr'><strong>Ἰακὼΰ</strong></span> <span class='ocrx_word' id='word_1_524' title='bbox 1253 3683 1335 3745; x_wconf 77' lang='grc' dir='ltr'>εἰς</span> <span class='ocrx_word' id='word_1_525' title='bbox 1368 3684 1494 3747; x_wconf 79' lang='grc' dir='ltr'>τοὺς</span> <span class='ocrx_word' id='word_1_526' title='bbox 1530 3683 1824 3754; x_wconf 74' lang='grc' dir='ltr'>οἰκήτορας</span> 
     </span>
    </p>
   </div>
   <div class='ocr_carea' id='block_1_69' title="bbox 242 3772 1826 3845">
    <p class='ocr_par' dir='ltr' id='par_1_69' title="bbox 242 3772 1826 3845">
     <span class='ocr_line' id='line_1_69' title="bbox 242 3772 1826 3845; baseline 0.004 -21"><span class='ocrx_word' id='word_1_527' title='bbox 242 3772 605 3843; x_wconf 85' lang='grc' dir='ltr'>προφητεύει,</span> <span class='ocrx_word' id='word_1_528' title='bbox 628 3774 656 3826; x_wconf 88' lang='grc' dir='ltr'><strong>ὀ</strong></span> <span class='ocrx_word' id='word_1_529' title='bbox 677 3774 734 3827; x_wconf 83' lang='grc' dir='ltr'>δὲ</span> <span class='ocrx_word' id='word_1_530' title='bbox 769 3774 1014 3845; x_wconf 81' lang='grc' dir='ltr'><strong>Μωῦσῆς</strong></span> <span class='ocrx_word' id='word_1_531' title='bbox 1049 3775 1129 3839; x_wconf 79' lang='grc' dir='ltr'>εις</span> <span class='ocrx_word' id='word_1_532' title='bbox 1158 3774 1252 3829; x_wconf 75' lang='grc' dir='ltr'><strong>τὸν</strong></span> <span class='ocrx_word' id='word_1_533' title='bbox 1295 3774 1486 3841; x_wconf 81' lang='grc' dir='ltr'>τόπον,</span> <span class='ocrx_word' id='word_1_534' title='bbox 1517 3775 1593 3840; x_wconf 85' lang='grc' dir='ltr'><strong>ὡς</strong></span> <span class='ocrx_word' id='word_1_535' title='bbox 1625 3776 1683 3829; x_wconf 82' lang='grc' dir='ltr'>ὲν</span> <span class='ocrx_word' id='word_1_536' title='bbox 1698 3773 1826 3830; x_wconf 85' lang='grc' dir='ltr'>τού·</span> 
     </span>
    </p>
   </div>
   <div class='ocr_carea' id='block_1_70' title="bbox 241 3863 1827 3936">
    <p class='ocr_par' dir='ltr' id='par_1_70' title="bbox 241 3863 1827 3936">
     <span class='ocr_line' id='line_1_70' title="bbox 241 3863 1827 3936; baseline 0.002 -20"><span class='ocrx_word' id='word_1_537' title='bbox 241 3879 323 3934; x_wconf 86' lang='grc' dir='ltr'>τῳ</span> <span class='ocrx_word' id='word_1_538' title='bbox 347 3863 800 3929; x_wconf 84' lang='grc' dir='ltr'>καταπαύσαντος</span> <span class='ocrx_word' id='word_1_539' title='bbox 858 3864 1019 3929; x_wconf 80' lang='grc' dir='ltr'>Θεοῦ,</span> <span class='ocrx_word' id='word_1_540' title='bbox 1050 3865 1194 3920; x_wconf 79' lang='grc' dir='ltr'><strong>καθὰ</strong></span> <span class='ocrx_word' id='word_1_541' title='bbox 1240 3866 1334 3920; x_wconf 74' lang='grc' dir='ltr'><strong>ἐπὶ</strong></span> <span class='ocrx_word' id='word_1_542' title='bbox 1397 3865 1509 3919; x_wconf 84' lang='grc' dir='ltr'>τῶν</span> <span class='ocrx_word' id='word_1_543' title='bbox 1555 3865 1827 3936; x_wconf 80' lang='grc' dir='ltr'>οὐρανίων</span> 
     </span>
    </p>
   </div>
   <div class='ocr_carea' id='block_1_71' title="bbox 241 3956 1823 4029">
    <p class='ocr_par' dir='ltr' id='par_1_71' title="bbox 241 3956 1823 4029">
     <span class='ocr_line' id='line_1_71' title="bbox 241 3956 1823 4029; baseline -0.001 -19"><span class='ocrx_word' id='word_1_544' title='bbox 241 3956 532 4028; x_wconf 78' lang='grc' dir='ltr'>Χερουϐὶμ</span> <span class='ocrx_word' id='word_1_545' title='bbox 566 3958 987 4028; x_wconf 78' lang='grc' dir='ltr'>ὲπεζευγμένων</span> <span class='ocrx_word' id='word_1_546' title='bbox 1004 3957 1176 4029; x_wconf 81' lang='grc' dir='ltr'>αὐτῷ.</span> <span class='ocrx_word' id='word_1_547' title='bbox 1210 3959 1469 4012; x_wconf 84' lang='grc' dir='ltr'><strong>Τοιοῦτον</strong></span> <span class='ocrx_word' id='word_1_548' title='bbox 1491 3958 1600 4029; x_wconf 76' lang='grc' dir='ltr'>γὰρ</span> <span class='ocrx_word' id='word_1_549' title='bbox 1623 3959 1719 4012; x_wconf 78' lang='grc' dir='ltr'><strong>καὶ</strong></span> <span class='ocrx_word' id='word_1_550' title='bbox 1742 3958 1823 4023; x_wconf 80' lang='grc' dir='ltr'><strong>τὸ,</strong></span> 
     </span>
    </p>
   </div>
   <div class='ocr_carea' id='block_1_72' title="bbox 250 4049 1826 4122">
    <p class='ocr_par' dir='ltr' id='par_1_72' title="bbox 250 4049 1826 4122">
     <span class='ocr_line' id='line_1_72' title="bbox 250 4049 1826 4122; baseline 0 -19"><span class='ocrx_word' id='word_1_551' title='bbox 250 4069 272 4103; x_wconf 75' lang='grc' dir='ltr'>ι</span> <span class='ocrx_word' id='word_1_552' title='bbox 310 4051 439 4105; x_wconf 81' lang='grc' dir='ltr'><strong>Ἀνὰ</strong></span> <span class='ocrx_word' id='word_1_553' title='bbox 454 4051 617 4122; x_wconf 80' lang='grc' dir='ltr'>μέσον</span> <span class='ocrx_word' id='word_1_554' title='bbox 633 4049 744 4105; x_wconf 82' lang='grc' dir='ltr'>τῶν</span> <span class='ocrx_word' id='word_1_555' title='bbox 759 4050 928 4122; x_wconf 79' lang='grc' dir='ltr'>ὤμων</span> <span class='ocrx_word' id='word_1_556' title='bbox 953 4050 1119 4105; x_wconf 74' lang='grc' dir='ltr'>αὐτοῦ</span> <span class='ocrx_word' id='word_1_557' title='bbox 1137 4049 1506 4105; x_wconf 82' lang='grc' dir='ltr'>κατέπαυσεν.</span> <span class='ocrx_word' id='word_1_558' title='bbox 1540 4070 1558 4103; x_wconf 73' lang='grc' dir='ltr'>ι</span> <span class='ocrx_word' id='word_1_559' title='bbox 1594 4051 1826 4118; x_wconf 89' lang='grc' dir='ltr'>Ὅμοιον</span> 
     </span>
    </p>
   </div>
   <div class='ocr_carea' id='block_1_73' title="bbox 243 4140 1824 4215">
    <p class='ocr_par' dir='ltr' id='par_1_73' title="bbox 243 4140 1824 4215">
     <span class='ocr_line' id='line_1_73' title="bbox 243 4140 1824 4215; baseline -0.001 -19"><span class='ocrx_word' id='word_1_560' title='bbox 243 4140 328 4211; x_wconf 78' lang='grc' dir='ltr'>τῷ</span> <span class='ocrx_word' id='word_1_561' title='bbox 354 4141 505 4214; x_wconf 75' lang='grc' dir='ltr'>παρὰ</span> <span class='ocrx_word' id='word_1_562' title='bbox 532 4142 613 4215; x_wconf 80' lang='grc' dir='ltr'><strong>τῷ</strong></span> <span class='ocrx_word' id='word_1_563' title='bbox 642 4142 823 4213; x_wconf 77' lang='grc' dir='ltr'><strong>Ὢσηέο</strong></span> <span class='ocrx_word' id='word_1_564' title='bbox 863 4161 881 4195; x_wconf 85' lang='grc' dir='ltr'>ι</span> <span class='ocrx_word' id='word_1_565' title='bbox 919 4142 1164 4215; x_wconf 74' lang='grc' dir='ltr'>Ἐφραὶμ</span> <span class='ocrx_word' id='word_1_566' title='bbox 1194 4142 1430 4211; x_wconf 85' lang='grc' dir='ltr'>δάμαλις</span> <span class='ocrx_word' id='word_1_567' title='bbox 1464 4140 1824 4212; x_wconf 80' lang='grc' dir='ltr'>δεδιδαγμένη</span> 
     </span>
    </p>
   </div>
   <div class='ocr_carea' id='block_1_74' title="bbox 246 4233 1828 4306">
    <p class='ocr_par' dir='ltr' id='par_1_74' title="bbox 246 4233 1828 4306">
     <span class='ocr_line' id='line_1_74' title="bbox 246 4233 1828 4306; baseline -0.001 -17"><span class='ocrx_word' id='word_1_568' title='bbox 246 4235 417 4306; x_wconf 80' lang='grc' dir='ltr'>ἀλοᾷν</span> <span class='ocrx_word' id='word_1_569' title='bbox 449 4248 464 4262; x_wconf 87' lang='grc'>⁶</span> <span class='ocrx_word' id='word_1_570' title='bbox 499 4235 610 4303; x_wconf 78' lang='grc' dir='ltr'><strong>ἐγὼ</strong></span> <span class='ocrx_word' id='word_1_571' title='bbox 653 4235 710 4288; x_wconf 81' lang='grc' dir='ltr'>δὲ</span> <span class='ocrx_word' id='word_1_572' title='bbox 750 4234 1087 4305; x_wconf 76' lang='grc' dir='ltr'>ἐπιϐήσομαι</span> <span class='ocrx_word' id='word_1_573' title='bbox 1140 4235 1234 4288; x_wconf 74' lang='grc' dir='ltr'>ἐπὶ</span> <span class='ocrx_word' id='word_1_574' title='bbox 1272 4234 1333 4288; x_wconf 78' lang='grc' dir='ltr'>τὸ</span> <span class='ocrx_word' id='word_1_575' title='bbox 1381 4233 1673 4288; x_wconf 82' lang='grc' dir='ltr'>κάλλιστον</span> <span class='ocrx_word' id='word_1_576' title='bbox 1733 4235 1828 4288; x_wconf 82' lang='grc' dir='ltr'><strong>τοῦ</strong></span> 
     </span>
    </p>
   </div>
   <div class='ocr_carea' id='block_1_75' title="bbox 1924 3315 3504 3387">
    <p class='ocr_par' dir='ltr' id='par_1_75' title="bbox 1924 3315 3504 3387">
     <span class='ocr_line' id='line_1_75' title="bbox 1924 3315 3504 3387; baseline -0.01 -3"><span class='ocrx_word' id='word_1_577' title='bbox 1924 3327 2197 3384; x_wconf 79' lang='lat' dir='ltr'><strong>meminit.</strong></span> <span class='ocrx_word' id='word_1_578' title='bbox 2230 3323 2360 3380; x_wconf 87' lang='lat' dir='ltr'><strong>Post</strong></span> <span class='ocrx_word' id='word_1_579' title='bbox 2381 3323 2574 3378; x_wconf 84' lang='lat' dir='ltr'><strong>ambas</strong></span> <span class='ocrx_word' id='word_1_580' title='bbox 2596 3337 2724 3377; x_wconf 80' lang='lat' dir='ltr'><strong>vero</strong></span> <span class='ocrx_word' id='word_1_581' title='bbox 2751 3320 2935 3375; x_wconf 86' lang='lat' dir='ltr'><strong>tribus</strong></span> <span class='ocrx_word' id='word_1_582' title='bbox 2963 3316 3251 3387; x_wconf 87' lang='lat' dir='ltr'><strong>Beniamin</strong></span> <span class='ocrx_word' id='word_1_583' title='bbox 3275 3315 3504 3370; x_wconf 85' lang='lat' dir='ltr'><strong>benedi-</strong></span> 
     </span>
    </p>
   </div>
   <div class='ocr_carea' id='block_1_76' title="bbox 1924 3405 3506 3485">
    <p class='ocr_par' dir='ltr' id='par_1_76' title="bbox 1924 3405 3506 3485">
     <span class='ocr_line' id='line_1_76' title="bbox 1924 3405 3506 3485; baseline -0.012 -8"><span class='ocrx_word' id='word_1_584' title='bbox 1924 3421 2090 3477; x_wconf 90' lang='lat' dir='ltr'><strong>citnr.</strong></span> <span class='ocrx_word' id='word_1_585' title='bbox 2121 3417 2385 3485; x_wconf 85' lang='lat' dir='ltr'><strong>Quamvis</strong></span> <span class='ocrx_word' id='word_1_586' title='bbox 2414 3413 2586 3470; x_wconf 87' lang='lat' dir='ltr'><strong>Jacob</strong></span> <span class='ocrx_word' id='word_1_587' title='bbox 2609 3420 2894 3482; x_wconf 91' lang='lat' dir='ltr'><strong>postremo</strong></span> <span class='ocrx_word' id='word_1_588' title='bbox 2934 3410 2988 3463; x_wconf 92' lang='lat' dir='ltr'><strong>in</strong></span> <span class='ocrx_word' id='word_1_589' title='bbox 3017 3407 3213 3463; x_wconf 89' lang='lat' dir='ltr'><strong>ordine</strong></span> <span class='ocrx_word' id='word_1_590' title='bbox 3244 3405 3506 3459; x_wconf 83' lang='lat' dir='ltr'><strong>vaticinia</strong></span> 
     </span>
    </p>
   </div>
   <div class='ocr_carea' id='block_1_77' title="bbox 1925 3498 3504 3578">
    <p class='ocr_par' dir='ltr' id='par_1_77' title="bbox 1925 3498 3504 3578">
     <span class='ocr_line' id='line_1_77' title="bbox 1925 3498 3504 3578; baseline -0.013 -10"><span class='ocrx_word' id='word_1_591' title='bbox 1925 3513 1992 3568; x_wconf 90' lang='lat' dir='ltr'><strong>de</strong></span> <span class='ocrx_word' id='word_1_592' title='bbox 2014 3510 2302 3578; x_wconf 86' lang='lat' dir='ltr'><strong>Beniamin</strong></span> <span class='ocrx_word' id='word_1_593' title='bbox 2327 3506 2534 3563; x_wconf 85' lang='lat' dir='ltr'><strong>edidit:</strong></span> <span class='ocrx_word' id='word_1_594' title='bbox 2569 3524 2588 3556; x_wconf 78' lang='grc' dir='ltr'>ι</span> <span class='ocrx_word' id='word_1_595' title='bbox 2621 3503 2906 3572; x_wconf 88' lang='lat' dir='ltr'><strong>Beniamin</strong></span> <span class='ocrx_word' id='word_1_596' title='bbox 2937 3501 3099 3569; x_wconf 89' lang='lat' dir='ltr'><strong>lupus</strong></span> <span class='ocrx_word' id='word_1_597' title='bbox 3125 3498 3370 3567; x_wconf 65' lang='lat' dir='ltr'><strong>rapax‘,»</strong></span> <span class='ocrx_word' id='word_1_598' title='bbox 3395 3504 3504 3548; x_wconf 86' lang='lat' dir='ltr'><strong>etc.</strong></span> 
     </span>
    </p>
   </div>
   <div class='ocr_carea' id='block_1_78' title="bbox 1928 3587 3505 3669">
    <p class='ocr_par' dir='ltr' id='par_1_78' title="bbox 1928 3587 3505 3669">
     <span class='ocr_line' id='line_1_78' title="bbox 1928 3587 3505 3669; baseline -0.012 -11"><span class='ocrx_word' id='word_1_599' title='bbox 1928 3603 2127 3658; x_wconf 84' lang='lat' dir='ltr'><strong>Verum</strong></span> <span class='ocrx_word' id='word_1_600' title='bbox 2158 3599 2328 3655; x_wconf 73' lang='lat' dir='ltr'><strong>Iacob</strong></span> <span class='ocrx_word' id='word_1_601' title='bbox 2354 3598 2575 3669; x_wconf 86' lang='lat' dir='ltr'><strong>quidem</strong></span> <span class='ocrx_word' id='word_1_602' title='bbox 2607 3595 2674 3649; x_wconf 89' lang='lat' dir='ltr'><strong>ad</strong></span> <span class='ocrx_word' id='word_1_603' title='bbox 2709 3596 2953 3648; x_wconf 90' lang='lat' dir='ltr'><strong>locorum</strong></span> <span class='ocrx_word' id='word_1_604' title='bbox 2987 3591 3197 3645; x_wconf 85' lang='lat' dir='ltr'><strong>incolas</strong></span> <span class='ocrx_word' id='word_1_605' title='bbox 3224 3604 3327 3643; x_wconf 91' lang='lat' dir='ltr'><strong>suo</strong></span> <span class='ocrx_word' id='word_1_606' title='bbox 3360 3587 3505 3640; x_wconf 77' lang='lat' dir='ltr'><strong>vati-</strong></span> 
     </span>
    </p>
   </div>
   <div class='ocr_carea' id='block_1_79' title="bbox 1926 3679 3505 3764">
    <p class='ocr_par' dir='ltr' id='par_1_79' title="bbox 1926 3679 3505 3764">
     <span class='ocr_line' id='line_1_79' title="bbox 1926 3679 3505 3764; baseline -0.014 -12"><span class='ocrx_word' id='word_1_607' title='bbox 1926 3696 2077 3753; x_wconf 90' lang='lat' dir='ltr'><strong>cinio</strong></span> <span class='ocrx_word' id='word_1_608' title='bbox 2132 3700 2367 3764; x_wconf 82' lang='lat' dir='ltr'><strong>spectat,</strong></span> <span class='ocrx_word' id='word_1_609' title='bbox 2414 3681 2610 3744; x_wconf 52' lang='lat' dir='ltr'><strong>&#39;Moscs</strong></span> <span class='ocrx_word' id='word_1_610' title='bbox 2642 3700 2774 3741; x_wconf 86' lang='lat' dir='ltr'><strong>vero</strong></span> <span class='ocrx_word' id='word_1_611' title='bbox 2814 3684 2882 3738; x_wconf 89' lang='lat' dir='ltr'><strong>ad</strong></span> <span class='ocrx_word' id='word_1_612' title='bbox 2913 3684 3092 3736; x_wconf 90' lang='lat' dir='ltr'><strong>locum</strong></span> <span class='ocrx_word' id='word_1_613' title='bbox 3115 3722 3131 3746; x_wconf 91' lang='lat'><strong>,</strong></span> <span class='ocrx_word' id='word_1_614' title='bbox 3168 3679 3316 3748; x_wconf 86' lang='lat' dir='ltr'><strong>quod</strong></span> <span class='ocrx_word' id='word_1_615' title='bbox 3349 3679 3402 3732; x_wconf 92' lang='lat' dir='ltr'><strong>in</strong></span> <span class='ocrx_word' id='word_1_616' title='bbox 3437 3693 3505 3732; x_wconf 86' lang='lat' dir='ltr'><strong>eo</strong></span> 
     </span>
    </p>
   </div>
   <div class='ocr_carea' id='block_1_80' title="bbox 1926 3771 3506 3858">
    <p class='ocr_par' dir='ltr' id='par_1_80' title="bbox 1926 3771 3506 3858">
     <span class='ocr_line' id='line_1_80' title="bbox 1926 3771 3506 3858; baseline -0.011 -17"><span class='ocrx_word' id='word_1_617' title='bbox 1926 3787 2168 3858; x_wconf 90' lang='lat' dir='ltr'><strong>quietem</strong></span> <span class='ocrx_word' id='word_1_618' title='bbox 2207 3784 2278 3837; x_wconf 89' lang='lat' dir='ltr'><strong>sit</strong></span> <span class='ocrx_word' id='word_1_619' title='bbox 2310 3789 2557 3846; x_wconf 90' lang='lat' dir='ltr'><strong>acturus,</strong></span> <span class='ocrx_word' id='word_1_620' title='bbox 2610 3774 3073 3848; x_wconf 82' lang='lat' dir='ltr'><strong>quemadmodum</strong></span> <span class='ocrx_word' id='word_1_621' title='bbox 3108 3773 3165 3826; x_wconf 90' lang='lat' dir='ltr'><strong>in</strong></span> <span class='ocrx_word' id='word_1_622' title='bbox 3190 3771 3506 3827; x_wconf 72' lang='lat' dir='ltr'><strong>cmlestibns</strong></span> 
     </span>
    </p>
   </div>
   <div class='ocr_carea' id='block_1_81' title="bbox 1928 3861 3507 3943">
    <p class='ocr_par' dir='ltr' id='par_1_81' title="bbox 1928 3861 3507 3943">
     <span class='ocr_line' id='line_1_81' title="bbox 1928 3861 3507 3943; baseline -0.011 -12"><span class='ocrx_word' id='word_1_623' title='bbox 1928 3875 2205 3931; x_wconf 87' lang='lat' dir='ltr'><strong>Cherubin</strong></span> <span class='ocrx_word' id='word_1_624' title='bbox 2239 3874 2341 3943; x_wconf 92' lang='lat' dir='ltr'><strong>ipsi</strong></span> <span class='ocrx_word' id='word_1_625' title='bbox 2377 3869 2788 3940; x_wconf 86' lang='lat' dir='ltr'><strong>subjugalibns.</strong></span> <span class='ocrx_word' id='word_1_626' title='bbox 2818 3863 3150 3935; x_wconf 82' lang='lat' dir='ltr'><strong>Huiusmodi</strong></span> <span class='ocrx_word' id='word_1_627' title='bbox 3182 3864 3328 3917; x_wconf 90' lang='lat' dir='ltr'><strong>enim</strong></span> <span class='ocrx_word' id='word_1_628' title='bbox 3371 3861 3507 3916; x_wconf 90' lang='lat' dir='ltr'><strong>illud</strong></span> 
     </span>
    </p>
   </div>
   <div class='ocr_carea' id='block_1_82' title="bbox 1928 3952 3506 4039">
    <p class='ocr_par' dir='ltr' id='par_1_82' title="bbox 1928 3952 3506 4039">
     <span class='ocr_line' id='line_1_82' title="bbox 1928 3952 3506 4039; baseline -0.011 -15"><span class='ocrx_word' id='word_1_629' title='bbox 1928 3983 2189 4039; x_wconf 89' lang='lat' dir='ltr'><strong>quoque:</strong></span> <span class='ocrx_word' id='word_1_630' title='bbox 2230 3984 2248 4018; x_wconf 79' lang='grc' dir='ltr'>ι</span> <span class='ocrx_word' id='word_1_631' title='bbox 2284 3965 2430 4019; x_wconf 88' lang='lat' dir='ltr'><strong>Inter</strong></span> <span class='ocrx_word' id='word_1_632' title='bbox 2461 3962 2723 4016; x_wconf 90' lang='lat' dir='ltr'><strong>bnmeros</strong></span> <span class='ocrx_word' id='word_1_633' title='bbox 2746 3958 2895 4013; x_wconf 90' lang='lat' dir='ltr'><strong>illius</strong></span> <span class='ocrx_word' id='word_1_634' title='bbox 2946 3955 3241 4024; x_wconf 85' lang='lat' dir='ltr'><strong>requievit,</strong></span> <span class='ocrx_word' id='word_1_635' title='bbox 3266 3972 3287 4007; x_wconf 71' lang='grc' dir='ltr'>ι</span> <span class='ocrx_word' id='word_1_636' title='bbox 3323 3952 3506 4009; x_wconf 84' lang='lat' dir='ltr'><strong>simile</strong></span> 
     </span>
    </p>
   </div>
   <div class='ocr_carea' id='block_1_83' title="bbox 1929 4045 3514 4127">
    <p class='ocr_par' dir='ltr' id='par_1_83' title="bbox 1929 4045 3514 4127">
     <span class='ocr_line' id='line_1_83' title="bbox 1929 4045 3514 4127; baseline -0.009 -13"><span class='ocrx_word' id='word_1_637' title='bbox 1929 4059 2061 4114; x_wconf 89' lang='lat' dir='ltr'><strong>huic</strong></span> <span class='ocrx_word' id='word_1_638' title='bbox 2124 4056 2268 4127; x_wconf 89' lang='lat' dir='ltr'><strong>apud</strong></span> <span class='ocrx_word' id='word_1_639' title='bbox 2326 4056 2521 4111; x_wconf 83' lang='lat' dir='ltr'><strong>Oscam</strong></span> <span class='ocrx_word' id='word_1_640' title='bbox 2560 4072 2574 4109; x_wconf 89' lang='lat'><strong>:</strong></span> <span class='ocrx_word' id='word_1_641' title='bbox 2613 4071 2632 4105; x_wconf 82' lang='grc' dir='ltr'>ι</span> <span class='ocrx_word' id='word_1_642' title='bbox 2667 4050 2922 4122; x_wconf 85' lang='lat' dir='ltr'><strong>Ephraim</strong></span> <span class='ocrx_word' id='word_1_643' title='bbox 2976 4046 3149 4102; x_wconf 86' lang='lat' dir='ltr'><strong>vitula</strong></span> <span class='ocrx_word' id='word_1_644' title='bbox 3203 4045 3367 4100; x_wconf 86' lang='lat' dir='ltr'><strong>docta</strong></span> <span class='ocrx_word' id='word_1_645' title='bbox 3415 4045 3514 4099; x_wconf 90' lang='lat' dir='ltr'><strong>tri-</strong></span> 
     </span>
    </p>
   </div>
   <div class='ocr_carea' id='block_1_84' title="bbox 1931 4138 3514 4221">
    <p class='ocr_par' dir='ltr' id='par_1_84' title="bbox 1931 4138 3514 4221">
     <span class='ocr_line' id='line_1_84' title="bbox 1931 4138 3514 4221; baseline -0.011 -11"><span class='ocrx_word' id='word_1_646' title='bbox 1931 4163 2151 4219; x_wconf 89' lang='lat' dir='ltr'><strong>turare,</strong></span> <span class='ocrx_word' id='word_1_647' title='bbox 2212 4167 2315 4221; x_wconf 85' lang='lat' dir='ltr'><strong>ego</strong></span> <span class='ocrx_word' id='word_1_648' title='bbox 2358 4149 2585 4206; x_wconf 90' lang='lat' dir='ltr'><strong>transivi</strong></span> <span class='ocrx_word' id='word_1_649' title='bbox 2648 4161 2816 4218; x_wconf 88' lang='lat' dir='ltr'><strong>super</strong></span> <span class='ocrx_word' id='word_1_650' title='bbox 2867 4141 3335 4215; x_wconf 87' lang='lat' dir='ltr'><strong>pulchritudinem</strong></span> <span class='ocrx_word' id='word_1_651' title='bbox 3385 4138 3514 4193; x_wconf 91' lang='lat' dir='ltr'><strong>colli</strong></span> 
     </span>
    </p>
   </div>
   <div class='ocr_carea' id='block_1_85' title="bbox 1930 4230 3516 4313">
    <p class='ocr_par' dir='ltr' id='par_1_85' title="bbox 1930 4230 3516 4313">
     <span class='ocr_line' id='line_1_85' title="bbox 1930 4230 3516 4313; baseline -0.013 -11"><span class='ocrx_word' id='word_1_652' title='bbox 1930 4246 2111 4313; x_wconf 66' lang='lat' dir='ltr'><strong>eius”.</strong></span> <span class='ocrx_word' id='word_1_653' title='bbox 2160 4263 2180 4298; x_wconf 72' lang='grc' dir='ltr'>ι</span> <span class='ocrx_word' id='word_1_654' title='bbox 2228 4244 2494 4299; x_wconf 91' lang='lat' dir='ltr'><strong>Dominus</strong></span> <span class='ocrx_word' id='word_1_655' title='bbox 2540 4255 2670 4296; x_wconf 87' lang='lat' dir='ltr'><strong>vero</strong></span> <span class='ocrx_word' id='word_1_656' title='bbox 2721 4238 2880 4294; x_wconf 89' lang='lat' dir='ltr'><strong>asino</strong></span> <span class='ocrx_word' id='word_1_657' title='bbox 2942 4237 3191 4291; x_wconf 87' lang='lat' dir='ltr'><strong>insidens</strong></span> <span class='ocrx_word' id='word_1_658' title='bbox 3234 4230 3516 4302; x_wconf 86' lang='lat' dir='ltr'><strong>Jerosoly-</strong></span> 
     </span>
    </p>
   </div>
   <div class='ocr_carea' id='block_1_86' title="bbox 245 4326 1812 4402">
    <p class='ocr_par' dir='ltr' id='par_1_86' title="bbox 245 4326 1812 4402">
     <span class='ocr_line' id='line_1_86' title="bbox 245 4326 1812 4402; baseline -0.002 -18"><span class='ocrx_word' id='word_1_659' title='bbox 245 4331 527 4402; x_wconf 83' lang='grc' dir='ltr'><strong>τραχήλου</strong></span> <span class='ocrx_word' id='word_1_660' title='bbox 551 4329 740 4400; x_wconf 80' lang='grc' dir='ltr'>αὐτῆς.</span> <span class='ocrx_word' id='word_1_661' title='bbox 768 4347 786 4380; x_wconf 72' lang='grc' dir='ltr'>ι</span> <span class='ocrx_word' id='word_1_662' title='bbox 835 4326 894 4383; x_wconf 81' lang='grc' dir='ltr'><strong>Ὀ</strong></span> <span class='ocrx_word' id='word_1_663' title='bbox 922 4328 979 4382; x_wconf 80' lang='grc' dir='ltr'>δὲ</span> <span class='ocrx_word' id='word_1_664' title='bbox 998 4327 1206 4396; x_wconf 81' lang='grc' dir='ltr'>Κύριος</span> <span class='ocrx_word' id='word_1_665' title='bbox 1239 4329 1332 4381; x_wconf 78' lang='grc' dir='ltr'><strong>ὲπὶ</strong></span> <span class='ocrx_word' id='word_1_666' title='bbox 1365 4327 1487 4380; x_wconf 76' lang='grc' dir='ltr'>ὄνου</span> <span class='ocrx_word' id='word_1_667' title='bbox 1519 4327 1812 4398; x_wconf 67' lang='grc' dir='ltr'>καθήμενος</span> 
     </span>
    </p>
   </div>
   <div class='ocr_carea' id='block_1_87' title="bbox 1917 4326 3517 4402">
    <p class='ocr_par' dir='ltr' id='par_1_87' title="bbox 1935 4326 3517 4401">
     <span class='ocr_line' id='line_1_87' title="bbox 1935 4326 3517 4401; baseline -0.011 -8"><span class='ocrx_word' id='word_1_668' title='bbox 1935 4353 2036 4393; x_wconf 80' lang='lat' dir='ltr'><strong>mae</strong></span> <span class='ocrx_word' id='word_1_669' title='bbox 2073 4336 2370 4393; x_wconf 87' lang='lat' dir='ltr'><strong>invehitur.</strong></span> <span class='ocrx_word' id='word_1_670' title='bbox 2425 4332 2793 4401; x_wconf 88' lang='lat' dir='ltr'><strong>Gentiumque</strong></span> <span class='ocrx_word' id='word_1_671' title='bbox 2850 4326 3257 4385; x_wconf 86' lang='lat' dir='ltr'><strong>immundarum</strong></span> <span class='ocrx_word' id='word_1_672' title='bbox 3310 4337 3517 4395; x_wconf 66' lang='grc' dir='ltr'><strong>μικτο-</strong></span> 
     </span>
    </p>
   </div>
   <div class='ocr_carea' id='block_1_88' title="bbox 246 4420 1812 4501">
    <p class='ocr_par' dir='ltr' id='par_1_88' title="bbox 246 4420 1812 4494">
     <span class='ocr_line' id='line_1_88' title="bbox 246 4420 1812 4494; baseline -0.003 -17"><span class='ocrx_word' id='word_1_673' title='bbox 246 4425 335 4487; x_wconf 70' lang='lat' dir='ltr'><strong>ei;</strong></span> <span class='ocrx_word' id='word_1_674' title='bbox 364 4424 463 4494; x_wconf 85' lang='grc' dir='ltr'><strong>τὴν</strong></span> <span class='ocrx_word' id='word_1_675' title='bbox 499 4421 854 4494; x_wconf 81' lang='grc' dir='ltr'>Ἰερουσαλὴμ</span> <span class='ocrx_word' id='word_1_676' title='bbox 876 4421 1075 4493; x_wconf 78' lang='grc' dir='ltr'>εἰσῄει,</span> <span class='ocrx_word' id='word_1_677' title='bbox 1098 4420 1197 4492; x_wconf 78' lang='grc' dir='ltr'>τὴν</span> <span class='ocrx_word' id='word_1_678' title='bbox 1224 4420 1335 4474; x_wconf 84' lang='grc' dir='ltr'>τῶν</span> <span class='ocrx_word' id='word_1_679' title='bbox 1369 4420 1542 4474; x_wconf 73' lang='grc' dir='ltr'>ἐθνῶν</span> <span class='ocrx_word' id='word_1_680' title='bbox 1584 4421 1812 4492; x_wconf 67' lang='grc' dir='ltr'>ἁκαθάρι</span> 
     </span>
    </p>
   </div>
   <div class='ocr_carea' id='block_1_89' title="bbox 1917 4420 2434 4501">
    <p class='ocr_par' dir='ltr' id='par_1_89' title="bbox 1936 4427 2434 4501">
     <span class='ocr_line' id='line_1_89' title="bbox 1936 4427 2434 4501; baseline -0.002 -18"><span class='ocrx_word' id='word_1_681' title='bbox 1936 4430 2174 4501; x_wconf 87' lang='lat' dir='ltr'><strong>gativam</strong></span> <span class='ocrx_word' id='word_1_682' title='bbox 2203 4427 2434 4482; x_wconf 86' lang='lat' dir='ltr'><strong>indicat.</strong></span> 
     </span>
    </p>
   </div>
   <div class='ocr_carea' id='block_1_90' title="bbox 247 4492 1908 4584">
    <p class='ocr_par' dir='ltr' id='par_1_90' title="bbox 247 4492 1908 4584">
     <span class='ocr_line' id='line_1_90' title="bbox 247 4492 1908 4584; baseline -0.001 -16"><span class='ocrx_word' id='word_1_683' title='bbox 247 4530 362 4568; x_wconf 86' lang='grc' dir='ltr'><strong>των</strong></span> <span class='ocrx_word' id='word_1_684' title='bbox 389 4492 559 4567; x_wconf 77' lang='grc' dir='ltr'>ὄντων</span> <span class='ocrx_word' id='word_1_685' title='bbox 576 4492 853 4566; x_wconf 84' lang='grc' dir='ltr'>δεικνύων</span> <span class='ocrx_word' id='word_1_686' title='bbox 887 4492 1269 4584; x_wconf 75' lang='grc' dir='ltr'>προτιμησιν.]</span> <span class='ocrx_word' id='word_1_687' title='bbox 1866 4492 1908 4545; x_wconf 72' lang='grc' dir='ltr'><strong>θ</strong></span> 
     </span>
    </p>
   </div>
   <div class='ocr_carea' id='block_1_91' title="bbox 325 4609 3513 4694">
    <p class='ocr_par' dir='ltr' id='par_1_91' title="bbox 325 4609 3513 4694">
     <span class='ocr_line' id='line_1_91' title="bbox 325 4609 3513 4694; baseline -0.004 -19"><span class='ocrx_word' id='word_1_688' title='bbox 325 4619 457 4675; x_wconf 84' lang='lat' dir='ltr'><strong>Post</strong></span> <span class='ocrx_word' id='word_1_689' title='bbox 480 4622 660 4675; x_wconf 88' lang='lat' dir='ltr'><strong>locum</strong></span> <span class='ocrx_word' id='word_1_690' title='bbox 682 4634 817 4675; x_wconf 89' lang='lat' dir='ltr'><strong>vero</strong></span> <span class='ocrx_word' id='word_1_691' title='bbox 843 4619 911 4675; x_wconf 88' lang='lat' dir='ltr'><strong>de</strong></span> <span class='ocrx_word' id='word_1_692' title='bbox 937 4619 1173 4689; x_wconf 88' lang='lat' dir='ltr'><strong>ipsamet</strong></span> <span class='ocrx_word' id='word_1_693' title='bbox 1194 4618 1342 4674; x_wconf 92' lang='lat' dir='ltr'><strong>tribu</strong></span> <span class='ocrx_word' id='word_1_694' title='bbox 1379 4619 1733 4685; x_wconf 89' lang='lat' dir='ltr'><strong>vaticinatur,</strong></span> <span class='ocrx_word' id='word_1_695' title='bbox 1772 4627 1827 4674; x_wconf 90' lang='lat' dir='ltr'><strong>et</strong></span> <span class='ocrx_word' id='word_1_696' title='bbox 1859 4623 2032 4694; x_wconf 88' lang='lat' dir='ltr'><strong>ipsius</strong></span> <span class='ocrx_word' id='word_1_697' title='bbox 2064 4623 2143 4678; x_wconf 91' lang='lat' dir='ltr'><strong>rei</strong></span> <span class='ocrx_word' id='word_1_698' title='bbox 2176 4620 2438 4675; x_wconf 89' lang='lat' dir='ltr'><strong>militaris</strong></span> <span class='ocrx_word' id='word_1_699' title='bbox 2482 4618 2740 4688; x_wconf 86' lang='lat' dir='ltr'><strong>peritiam</strong></span> <span class='ocrx_word' id='word_1_700' title='bbox 2796 4616 3058 4674; x_wconf 91' lang='lat' dir='ltr'><strong>illustrat.</strong></span> <span class='ocrx_word' id='word_1_701' title='bbox 3125 4625 3250 4681; x_wconf 63' lang='lat' dir='ltr'><strong>quae</strong></span> <span class='ocrx_word' id='word_1_702' title='bbox 3277 4625 3343 4665; x_wconf 73' lang='lat' dir='ltr'><strong>ex</strong></span> <span class='ocrx_word' id='word_1_703' title='bbox 3392 4609 3513 4663; x_wconf 89' lang='lat' dir='ltr'><strong>bel-</strong></span> 
     </span>
    </p>
   </div>
   <div class='ocr_carea' id='block_1_92' title="bbox 250 4700 3513 4777">
    <p class='ocr_par' dir='ltr' id='par_1_92' title="bbox 250 4700 3513 4777">
     <span class='ocr_line' id='line_1_92' title="bbox 250 4700 3513 4777; baseline -0.004 -16"><span class='ocrx_word' id='word_1_704' title='bbox 250 4708 525 4764; x_wconf 88' lang='lat' dir='ltr'><strong>latoribus</strong></span> <span class='ocrx_word' id='word_1_705' title='bbox 551 4708 607 4761; x_wconf 91' lang='lat' dir='ltr'><strong>in</strong></span> <span class='ocrx_word' id='word_1_706' title='bbox 640 4710 830 4772; x_wconf 78' lang='lat' dir='ltr'><strong>Rama,</strong></span> <span class='ocrx_word' id='word_1_707' title='bbox 885 4722 1009 4777; x_wconf 62' lang='lat' dir='ltr'><strong>quas</strong></span> <span class='ocrx_word' id='word_1_708' title='bbox 1037 4705 1235 4763; x_wconf 88' lang='lat' dir='ltr'><strong>civitas</strong></span> <span class='ocrx_word' id='word_1_709' title='bbox 1277 4707 1329 4760; x_wconf 92' lang='lat' dir='ltr'><strong>in</strong></span> <span class='ocrx_word' id='word_1_710' title='bbox 1367 4707 1509 4761; x_wconf 91' lang='lat' dir='ltr'><strong>tribu</strong></span> <span class='ocrx_word' id='word_1_711' title='bbox 1544 4706 1826 4776; x_wconf 89' lang='lat' dir='ltr'><strong>Beniamin</strong></span> <span class='ocrx_word' id='word_1_712' title='bbox 1878 4720 1982 4773; x_wconf 83' lang='lat' dir='ltr'><strong>est,</strong></span> <span class='ocrx_word' id='word_1_713' title='bbox 2007 4709 2201 4765; x_wconf 84' lang='lat' dir='ltr'><strong>eluxit.</strong></span> <span class='ocrx_word' id='word_1_714' title='bbox 2232 4706 2582 4775; x_wconf 83' lang='lat' dir='ltr'><strong>QuaprOpter</strong></span> <span class='ocrx_word' id='word_1_715' title='bbox 2611 4717 2731 4758; x_wconf 87' lang='lat' dir='ltr'><strong>eam</strong></span> <span class='ocrx_word' id='word_1_716' title='bbox 2786 4702 2933 4769; x_wconf 71' lang='lat' dir='ltr'><strong>lupo,</strong></span> <span class='ocrx_word' id='word_1_717' title='bbox 2967 4700 3148 4768; x_wconf 86' lang='lat' dir='ltr'><strong>rapaci</strong></span> <span class='ocrx_word' id='word_1_718' title='bbox 3208 4703 3513 4765; x_wconf 85' lang='lat' dir='ltr'><strong>comparat,</strong></span> 
     </span>
    </p>
   </div>
   <div class='ocr_carea' id='block_1_93' title="bbox 251 4785 3517 4870">
    <p class='ocr_par' dir='ltr' id='par_1_93' title="bbox 251 4785 3517 4870">
     <span class='ocr_line' id='line_1_93' title="bbox 251 4785 3517 4870; baseline -0.004 -21"><span class='ocrx_word' id='word_1_719' title='bbox 251 4810 380 4866; x_wconf 73' lang='lat' dir='ltr'><strong>qua:</strong></span> <span class='ocrx_word' id='word_1_720' title='bbox 428 4793 666 4850; x_wconf 85' lang='lat' dir='ltr'><strong>hostium</strong></span> <span class='ocrx_word' id='word_1_721' title='bbox 699 4796 840 4849; x_wconf 89' lang='lat' dir='ltr'><strong>bona</strong></span> <span class='ocrx_word' id='word_1_722' title='bbox 872 4791 1082 4863; x_wconf 85' lang='lat' dir='ltr'><strong>diripit,</strong></span> <span class='ocrx_word' id='word_1_723' title='bbox 1113 4800 1168 4847; x_wconf 84' lang='lat' dir='ltr'><strong>et</strong></span> <span class='ocrx_word' id='word_1_724' title='bbox 1202 4793 1507 4849; x_wconf 86' lang='lat' dir='ltr'><strong>distribuit.</strong></span> <span class='ocrx_word' id='word_1_725' title='bbox 1540 4793 1654 4849; x_wconf 89' lang='lat' dir='ltr'><strong>Etsi</strong></span> <span class='ocrx_word' id='word_1_726' title='bbox 1712 4812 1840 4853; x_wconf 90' lang='lat' dir='ltr'><strong>vero</strong></span> <span class='ocrx_word' id='word_1_727' title='bbox 1874 4815 2096 4870; x_wconf 87' lang='lat' dir='ltr'><strong>parvam</strong></span> <span class='ocrx_word' id='word_1_728' title='bbox 2136 4798 2288 4851; x_wconf 89' lang='lat' dir='ltr'><strong>illam</strong></span> <span class='ocrx_word' id='word_1_729' title='bbox 2322 4794 2781 4865; x_wconf 78' lang='lat' dir='ltr'><strong>signiﬁcationem</strong></span> <span class='ocrx_word' id='word_1_730' title='bbox 2824 4804 2921 4845; x_wconf 88' lang='lat' dir='ltr'><strong>seu</strong></span> <span class='ocrx_word' id='word_1_731' title='bbox 2970 4785 3294 4859; x_wconf 87' lang='lat' dir='ltr'><strong>mysterium</strong></span> <span class='ocrx_word' id='word_1_732' title='bbox 3346 4786 3517 4840; x_wconf 82' lang='lat' dir='ltr'><strong>relin-</strong></span> 
     </span>
    </p>
   </div>
   <div class='ocr_carea' id='block_1_94' title="bbox 252 4875 3513 4953">
    <p class='ocr_par' dir='ltr' id='par_1_94' title="bbox 252 4875 3513 4953">
     <span class='ocr_line' id='line_1_94' title="bbox 252 4875 3513 4953; baseline -0.003 -15"><span class='ocrx_word' id='word_1_733' title='bbox 252 4885 398 4953; x_wconf 89' lang='lat' dir='ltr'><strong>quit,</strong></span> <span class='ocrx_word' id='word_1_734' title='bbox 426 4882 560 4937; x_wconf 90' lang='lat' dir='ltr'><strong>illud</strong></span> <span class='ocrx_word' id='word_1_735' title='bbox 584 4892 765 4938; x_wconf 90' lang='lat' dir='ltr'><strong>tamen</strong></span> <span class='ocrx_word' id='word_1_736' title='bbox 801 4900 815 4936; x_wconf 88' lang='lat'><strong>:</strong></span> <span class='ocrx_word' id='word_1_737' title='bbox 856 4899 873 4932; x_wconf 85' lang='grc' dir='ltr'>ι</span> <span class='ocrx_word' id='word_1_738' title='bbox 897 4879 1042 4935; x_wconf 89' lang='lat' dir='ltr'><strong>Inter</strong></span> <span class='ocrx_word' id='word_1_739' title='bbox 1067 4879 1322 4935; x_wconf 86' lang='lat' dir='ltr'><strong>humeros</strong></span> <span class='ocrx_word' id='word_1_740' title='bbox 1358 4880 1530 4951; x_wconf 79' lang='lat' dir='ltr'><strong>ipsius</strong></span> <span class='ocrx_word' id='word_1_741' title='bbox 1566 4885 1855 4953; x_wconf 87' lang='lat' dir='ltr'><strong>requievit,</strong></span> <span class='ocrx_word' id='word_1_742' title='bbox 1890 4906 1908 4937; x_wconf 76' lang='grc' dir='ltr'>ι</span> <span class='ocrx_word' id='word_1_743' title='bbox 1946 4895 2128 4943; x_wconf 87' lang='lat' dir='ltr'><strong>mente</strong></span> <span class='ocrx_word' id='word_1_744' title='bbox 2151 4886 2218 4940; x_wconf 84' lang='lat' dir='ltr'><strong>ad</strong></span> <span class='ocrx_word' id='word_1_745' title='bbox 2244 4884 2472 4939; x_wconf 83' lang='lat' dir='ltr'><strong>Paulum</strong></span> <span class='ocrx_word' id='word_1_746' title='bbox 2512 4880 2723 4935; x_wconf 81' lang='lat' dir='ltr'><strong>referre</strong></span> <span class='ocrx_word' id='word_1_747' title='bbox 2756 4878 2961 4941; x_wconf 87' lang='lat' dir='ltr'><strong>licebit,</strong></span> <span class='ocrx_word' id='word_1_748' title='bbox 2999 4876 3093 4946; x_wconf 91' lang='lat' dir='ltr'><strong>qui</strong></span> <span class='ocrx_word' id='word_1_749' title='bbox 3126 4892 3156 4931; x_wconf 92' lang='lat' dir='ltr'><strong>e</strong></span> <span class='ocrx_word' id='word_1_750' title='bbox 3186 4877 3335 4931; x_wconf 87' lang='lat' dir='ltr'><strong>tribu</strong></span> <span class='ocrx_word' id='word_1_751' title='bbox 3374 4875 3513 4929; x_wconf 82' lang='lat' dir='ltr'><strong>Ben-</strong></span> 
     </span>
    </p>
   </div>
   <div class='ocr_carea' id='block_1_95' title="bbox 250 4962 3514 5042">
    <p class='ocr_par' dir='ltr' id='par_1_95' title="bbox 250 4962 3514 5042">
     <span class='ocr_line' id='line_1_95' title="bbox 250 4962 3514 5042; baseline -0.002 -19"><span class='ocrx_word' id='word_1_752' title='bbox 250 4970 502 5042; x_wconf 85' lang='lat' dir='ltr'><strong>iamitiea</strong></span> <span class='ocrx_word' id='word_1_753' title='bbox 531 4978 708 5036; x_wconf 91' lang='lat' dir='ltr'><strong>ortus,</strong></span> <span class='ocrx_word' id='word_1_754' title='bbox 738 4968 1039 5025; x_wconf 87' lang='lat' dir='ltr'><strong>Ecclesiam</strong></span> <span class='ocrx_word' id='word_1_755' title='bbox 1072 4967 1294 5038; x_wconf 89' lang='lat' dir='ltr'><strong>quidem</strong></span> <span class='ocrx_word' id='word_1_756' title='bbox 1320 4968 1569 5039; x_wconf 89' lang='lat' dir='ltr'><strong>diripuit,</strong></span> <span class='ocrx_word' id='word_1_757' title='bbox 1594 4971 1793 5027; x_wconf 89' lang='lat' dir='ltr'><strong>deinde</strong></span> <span class='ocrx_word' id='word_1_758' title='bbox 1818 4989 1947 5029; x_wconf 89' lang='lat' dir='ltr'><strong>vero</strong></span> <span class='ocrx_word' id='word_1_759' title='bbox 1976 4987 2099 5028; x_wconf 91' lang='lat' dir='ltr'><strong>cum</strong></span> <span class='ocrx_word' id='word_1_760' title='bbox 2132 4970 2474 5026; x_wconf 67' lang='lat' dir='ltr'><strong>daemonibus</strong></span> <span class='ocrx_word' id='word_1_761' title='bbox 2500 4966 2724 5021; x_wconf 91' lang='lat' dir='ltr'><strong>indictis</strong></span> <span class='ocrx_word' id='word_1_762' title='bbox 2773 4966 3027 5020; x_wconf 87' lang='lat' dir='ltr'><strong>hostibus</strong></span> <span class='ocrx_word' id='word_1_763' title='bbox 3067 4964 3244 5033; x_wconf 90' lang='lat' dir='ltr'><strong>spolia</strong></span> <span class='ocrx_word' id='word_1_764' title='bbox 3285 4962 3514 5017; x_wconf 81' lang='lat' dir='ltr'><strong>divisit:</strong></span> 
     </span>
    </p>
   </div>
   <div class='ocr_carea' id='block_1_96' title="bbox 258 5049 3516 5130">
    <p class='ocr_par' dir='ltr' id='par_1_96' title="bbox 258 5049 3516 5130">
     <span class='ocr_line' id='line_1_96' title="bbox 258 5049 3516 5130; baseline -0.005 -15"><span class='ocrx_word' id='word_1_765' title='bbox 258 5061 369 5116; x_wconf 88' lang='lat' dir='ltr'><strong>hoc</strong></span> <span class='ocrx_word' id='word_1_766' title='bbox 396 5067 503 5127; x_wconf 89' lang='lat' dir='ltr'><strong>est,</strong></span> <span class='ocrx_word' id='word_1_767' title='bbox 532 5059 785 5116; x_wconf 90' lang='lat' dir='ltr'><strong>homines</strong></span> <span class='ocrx_word' id='word_1_768' title='bbox 810 5075 877 5115; x_wconf 81' lang='lat' dir='ltr'><strong>ex</strong></span> <span class='ocrx_word' id='word_1_769' title='bbox 911 5058 1142 5129; x_wconf 88' lang='lat' dir='ltr'><strong>imperio</strong></span> <span class='ocrx_word' id='word_1_770' title='bbox 1192 5057 1503 5113; x_wconf 68' lang='lat' dir='ltr'><strong>daemonum</strong></span> <span class='ocrx_word' id='word_1_771' title='bbox 1556 5067 1860 5124; x_wconf 84' lang='lat' dir='ltr'><strong>extractos,</strong></span> <span class='ocrx_word' id='word_1_772' title='bbox 1896 5069 1952 5115; x_wconf 92' lang='lat' dir='ltr'><strong>et</strong></span> <span class='ocrx_word' id='word_1_773' title='bbox 1999 5058 2342 5130; x_wconf 82' lang='lat' dir='ltr'><strong>principibus</strong></span> <span class='ocrx_word' id='word_1_774' title='bbox 2371 5055 2634 5110; x_wconf 67' lang='lat' dir='ltr'><strong>Ecclesiae</strong></span> <span class='ocrx_word' id='word_1_775' title='bbox 2665 5054 2987 5109; x_wconf 81' lang='lat' dir='ltr'><strong>attributes.</strong></span> <span class='ocrx_word' id='word_1_776' title='bbox 3042 5049 3516 5117; x_wconf 85' lang='lat' dir='ltr'><strong>Quemadmodum</strong></span> 
     </span>
    </p>
   </div>
   <div class='ocr_carea' id='block_1_97' title="bbox 258 5137 3522 5217">
    <p class='ocr_par' dir='ltr' id='par_1_97' title="bbox 258 5137 3522 5217">
     <span class='ocr_line' id='line_1_97' title="bbox 258 5137 3522 5217; baseline -0.004 -16"><span class='ocrx_word' id='word_1_777' title='bbox 258 5147 534 5202; x_wconf 89' lang='lat' dir='ltr'><strong>Dominus</strong></span> <span class='ocrx_word' id='word_1_778' title='bbox 568 5162 786 5217; x_wconf 89' lang='lat' dir='ltr'><strong>quoque</strong></span> <span class='ocrx_word' id='word_1_779' title='bbox 811 5146 1146 5201; x_wconf 73' lang='lat' dir='ltr'><strong>declaravit&#39;</strong></span> <span class='ocrx_word' id='word_1_780' title='bbox 1175 5161 1234 5201; x_wconf 90' lang='lat' dir='ltr'><strong>se</strong></span> <span class='ocrx_word' id='word_1_781' title='bbox 1265 5143 1459 5200; x_wconf 79' lang='lat' dir='ltr'><strong>fortem</strong></span> <span class='ocrx_word' id='word_1_782' title='bbox 1528 5146 1759 5211; x_wconf 91' lang='lat' dir='ltr'><strong>vincire,</strong></span> <span class='ocrx_word' id='word_1_783' title='bbox 1787 5159 1838 5203; x_wconf 91' lang='lat' dir='ltr'><strong>et</strong></span> <span class='ocrx_word' id='word_1_784' title='bbox 1863 5148 2037 5217; x_wconf 88' lang='lat' dir='ltr'><strong>spolia</strong></span> <span class='ocrx_word' id='word_1_785' title='bbox 2065 5146 2184 5216; x_wconf 88' lang='lat' dir='ltr'><strong>eius</strong></span> <span class='ocrx_word' id='word_1_786' title='bbox 2208 5145 2473 5202; x_wconf 81' lang='lat' dir='ltr'><strong>dividere.</strong></span> <span class='ocrx_word' id='word_1_787' title='bbox 2505 5146 2582 5198; x_wconf 77' lang='lat' dir='ltr'><strong>Eo</strong></span> <span class='ocrx_word' id='word_1_788' title='bbox 2614 5144 2758 5212; x_wconf 89' lang='lat' dir='ltr'><strong>quod</strong></span> <span class='ocrx_word' id='word_1_789' title='bbox 2794 5139 3048 5195; x_wconf 85' lang='lat' dir='ltr'><strong>videlicet</strong></span> <span class='ocrx_word' id='word_1_790' title='bbox 3073 5140 3126 5191; x_wconf 92' lang='lat' dir='ltr'><strong>in</strong></span> <span class='ocrx_word' id='word_1_791' title='bbox 3159 5137 3311 5193; x_wconf 84' lang='lat' dir='ltr'><strong>Actis</strong></span> <span class='ocrx_word' id='word_1_792' title='bbox 3342 5147 3522 5191; x_wconf 76' lang='lat' dir='ltr'><strong>exstat</strong></span> 
     </span>
    </p>
   </div>
   <div class='ocr_carea' id='block_1_98' title="bbox 258 5234 2057 5307">
    <p class='ocr_par' dir='ltr' id='par_1_98' title="bbox 258 5234 2057 5307">
     <span class='ocr_line' id='line_1_98' title="bbox 258 5234 2057 5307; baseline -0.002 -15"><span class='ocrx_word' id='word_1_793' title='bbox 258 5234 472 5292; x_wconf 85' lang='lat' dir='ltr'><strong>dictum</strong></span> <span class='ocrx_word' id='word_1_794' title='bbox 504 5250 519 5291; x_wconf 91' lang='lat'><strong>:</strong></span> <span class='ocrx_word' id='word_1_795' title='bbox 562 5254 580 5286; x_wconf 86' lang='grc' dir='ltr'>ι</span> <span class='ocrx_word' id='word_1_796' title='bbox 605 5234 729 5306; x_wconf 87' lang='lat' dir='ltr'><strong>ipse</strong></span> <span class='ocrx_word' id='word_1_797' title='bbox 748 5235 893 5291; x_wconf 88' lang='lat' dir='ltr'><strong>enim</strong></span> <span class='ocrx_word' id='word_1_798' title='bbox 921 5234 1160 5305; x_wconf 86' lang='lat' dir='ltr'><strong>portabit</strong></span> <span class='ocrx_word' id='word_1_799' title='bbox 1191 5247 1391 5289; x_wconf 89' lang='lat' dir='ltr'><strong>nomen</strong></span> <span class='ocrx_word' id='word_1_800' title='bbox 1418 5248 1599 5289; x_wconf 90' lang='lat' dir='ltr'><strong>meum</strong></span> <span class='ocrx_word' id='word_1_801' title='bbox 1631 5234 1775 5292; x_wconf 90' lang='lat' dir='ltr'><strong>inter</strong></span> <span class='ocrx_word' id='word_1_802' title='bbox 1799 5244 1991 5307; x_wconf 82' lang='lat' dir='ltr'><strong>gentes</strong></span> <span class='ocrx_word' id='word_1_803' title='bbox 2016 5234 2057 5289; x_wconf 76' lang='grc'><strong>⁸.</strong></span> 
     </span>
    </p>
   </div>
   <div class='ocr_carea' id='block_1_99' title="bbox 333 5407 2072 5475">
    <p class='ocr_par' dir='ltr' id='par_1_99' title="bbox 333 5407 2072 5475">
     <span class='ocr_line' id='line_1_99' title="bbox 333 5407 2072 5475; baseline -0.001 -10"><span class='ocrx_word' id='word_1_804' title='bbox 333 5411 385 5447; x_wconf 72' lang='grc'><strong>³³</strong></span> <span class='ocrx_word' id='word_1_805' title='bbox 420 5410 652 5475; x_wconf 77' lang='lat' dir='ltr'><strong>Act.vr,</strong></span> <span class='ocrx_word' id='word_1_806' title='bbox 688 5411 739 5464; x_wconf 77' lang='grc' dir='ltr'><strong>ι.</strong></span> <span class='ocrx_word' id='word_1_807' title='bbox 815 5409 862 5441; x_wconf 66' lang='grc'><strong>³⁸</strong></span> <span class='ocrx_word' id='word_1_808' title='bbox 902 5407 1253 5472; x_wconf 72' lang='lat' dir='ltr'><strong>Psal.cxxxu,</strong></span> <span class='ocrx_word' id='word_1_809' title='bbox 1319 5408 1407 5463; x_wconf 79' lang='lat' dir='ltr'><strong>l3.</strong></span> <span class='ocrx_word' id='word_1_810' title='bbox 1486 5409 1531 5441; x_wconf 71' lang='lat'><strong>9&quot;</strong></span> <span class='ocrx_word' id='word_1_811' title='bbox 1588 5409 1732 5465; x_wconf 87' lang='lat' dir='ltr'><strong>Psal.</strong></span> <span class='ocrx_word' id='word_1_812' title='bbox 1792 5426 1956 5473; x_wconf 68' lang='lat' dir='ltr'><strong>XLVII,</strong></span> <span class='ocrx_word' id='word_1_813' title='bbox 2015 5412 2072 5468; x_wconf 89' lang='lat'><strong>9.</strong></span> 
     </span>
    </p>
   </div>
   <div class='ocr_carea' id='block_1_100' title="bbox 263 5478 2101 5550">
    <p class='ocr_par' dir='ltr' id='par_1_100' title="bbox 263 5478 2101 5550">
     <span class='ocr_line' id='line_1_100' title="bbox 263 5478 2101 5550; baseline -0.003 -9"><span class='ocrx_word' id='word_1_814' title='bbox 263 5495 538 5550; x_wconf 75' lang='lat' dir='ltr'><strong>Lxxxvm,</strong></span> <span class='ocrx_word' id='word_1_815' title='bbox 576 5480 673 5536; x_wconf 79' lang='lat'><strong>57.</strong></span> <span class='ocrx_word' id='word_1_816' title='bbox 738 5479 783 5512; x_wconf 83' lang='lat'>”</span> <span class='ocrx_word' id='word_1_817' title='bbox 808 5478 942 5534; x_wconf 87' lang='lat' dir='ltr'><strong>ibid.</strong></span> <span class='ocrx_word' id='word_1_818' title='bbox 986 5478 1074 5534; x_wconf 85' lang='lat'><strong>58.</strong></span> <span class='ocrx_word' id='word_1_819' title='bbox 1158 5480 1172 5510; x_wconf 78' lang='grc'>³</span> <span class='ocrx_word' id='word_1_820' title='bbox 1207 5479 1508 5545; x_wconf 69' lang='grc' dir='ltr'><strong>ϐειι.χι.ιι,</strong></span> <span class='ocrx_word' id='word_1_821' title='bbox 1533 5479 1622 5533; x_wconf 76' lang='grc' dir='ltr'><strong>2Ἱ.</strong></span> <span class='ocrx_word' id='word_1_822' title='bbox 1737 5478 1915 5535; x_wconf 79' lang='lat' dir='ltr'><strong>&#39;Osce</strong></span> <span class='ocrx_word' id='word_1_823' title='bbox 1939 5498 1992 5545; x_wconf 84' lang='lat' dir='ltr'><strong>x,</strong></span> <span class='ocrx_word' id='word_1_824' title='bbox 2021 5482 2101 5536; x_wconf 87' lang='lat' dir='ltr'><strong>ll.</strong></span> 
     </span>
    </p>
   </div>
   <div class='ocr_carea' id='block_1_101' title="bbox 1785 5616 2016 5676">
    <p class='ocr_par' dir='ltr' id='par_1_101' title="bbox 1785 5616 2016 5676">
     <span class='ocr_line' id='line_1_101' title="bbox 1785 5616 2016 5676; baseline 0.013 -3"><span class='ocrx_word' id='word_1_825' title='bbox 1785 5616 2016 5676; x_wconf 67' lang='lat' dir='ltr'><strong>NOTAE.</strong></span> 
     </span>
    </p>
   </div>
   <div class='ocr_carea' id='block_1_102' title="bbox 338 5729 2915 5875">
    <p class='ocr_par' dir='ltr' id='par_1_102' title="bbox 338 5729 2915 5875">
     <span class='ocr_line' id='line_1_102' title="bbox 338 5729 2915 5875; baseline -0.002 -88"><span class='ocrx_word' id='word_1_826' title='bbox 338 5733 459 5875; x_wconf 55' lang='lat'><strong>(22;</strong></span> <span class='ocrx_word' id='word_1_827' title='bbox 485 5731 596 5803; x_wconf 76' lang='grc' dir='ltr'><strong>Τῆς</strong></span> <span class='ocrx_word' id='word_1_828' title='bbox 635 5731 989 5804; x_wconf 79' lang='grc' dir='ltr'>Ἰερουσαλὴμ</span> <span class='ocrx_word' id='word_1_829' title='bbox 1031 5733 1065 5801; x_wconf 79' lang='grc' dir='ltr'><strong>ἡ</strong></span> <span class='ocrx_word' id='word_1_830' title='bbox 1113 5733 1266 5803; x_wconf 85' lang='grc' dir='ltr'>τιμή.</span> <span class='ocrx_word' id='word_1_831' title='bbox 1315 5732 1422 5787; x_wconf 86' lang='grc' dir='ltr'><strong>Τοῦ</strong></span> <span class='ocrx_word' id='word_1_832' title='bbox 1476 5731 1681 5804; x_wconf 83' lang='grc' dir='ltr'>κλήρου</span> <span class='ocrx_word' id='word_1_833' title='bbox 1736 5731 1844 5803; x_wconf 79' lang='grc' dir='ltr'>γὰρ</span> <span class='ocrx_word' id='word_1_834' title='bbox 1883 5732 2020 5811; x_wconf 76' lang='grc' dir='ltr'>αὕτη</span> <span class='ocrx_word' id='word_1_835' title='bbox 2049 5738 2141 5793; x_wconf 77' lang='grc' dir='ltr'><strong>τοῦ</strong></span> <span class='ocrx_word' id='word_1_836' title='bbox 2170 5739 2289 5792; x_wconf 79' lang='grc' dir='ltr'>Βεν.</span> <span class='ocrx_word' id='word_1_837' title='bbox 2323 5754 2406 5791; x_wconf 82' lang='grc' dir='ltr'><strong>κτ,</strong></span> <span class='ocrx_word' id='word_1_838' title='bbox 2440 5737 2466 5789; x_wconf 83' lang='grc' dir='ltr'>ὀ</span> <span class='ocrx_word' id='word_1_839' title='bbox 2490 5734 2587 5803; x_wconf 79' lang='grc' dir='ltr'><strong>τῆς</strong></span> <span class='ocrx_word' id='word_1_840' title='bbox 2620 5731 2755 5801; x_wconf 82' lang='grc' dir='ltr'><strong>Λύγ.</strong></span> <span class='ocrx_word' id='word_1_841' title='bbox 2787 5729 2915 5783; x_wconf 79' lang='grc' dir='ltr'><strong>κώδ.</strong></span> 
     </span>
     <span class='ocr_line' id='line_1_103' title="bbox 344 5798 1099 5875; baseline -0.004 -17"><span class='ocrx_word' id='word_1_842' title='bbox 344 5803 435 5875; x_wconf 77' lang='grc'><strong>(25</strong></span> <span class='ocrx_word' id='word_1_843' title='bbox 488 5803 624 5875; x_wconf 77' lang='grc' dir='ltr'>Περὶ</span> <span class='ocrx_word' id='word_1_844' title='bbox 644 5798 709 5874; x_wconf 77' lang='grc' dir='ltr'>ἧς</span> <span class='ocrx_word' id='word_1_845' title='bbox 741 5800 855 5856; x_wconf 77' lang='grc' dir='ltr'>καί.</span> <span class='ocrx_word' id='word_1_846' title='bbox 894 5801 952 5854; x_wconf 80' lang='grc' dir='ltr'>Ὀ</span> <span class='ocrx_word' id='word_1_847' title='bbox 977 5802 1099 5855; x_wconf 85' lang='grc' dir='ltr'>αὐτ.</span> 
     </span>
    </p>
   </div>
   <div class='ocr_carea' id='block_1_103' title="bbox 344 5798 1099 5876">
    <p class='ocr_par' dir='ltr' id='par_1_103' title="bbox 344 5798 1099 5876">
     <span class='ocr_line' id='line_1_104' title="bbox 344 5798 1099 5876; baseline -0.004 -18"><span class='ocrx_word' id='word_1_848' title='bbox 344 5798 459 5876; x_wconf 72' lang='grc'>(25)</span> <span class='ocrx_word' id='word_1_849' title='bbox 488 5798 624 5875; x_wconf 77' lang='grc' dir='ltr'>Περὶ</span> <span class='ocrx_word' id='word_1_850' title='bbox 644 5798 720 5874; x_wconf 75' lang='grc' dir='ltr'><strong>ἦς’</strong></span> <span class='ocrx_word' id='word_1_851' title='bbox 741 5800 855 5856; x_wconf 77' lang='grc' dir='ltr'>καί.</span> <span class='ocrx_word' id='word_1_852' title='bbox 894 5798 963 5854; x_wconf 63' lang='grc'><strong>’0⁷</strong></span> <span class='ocrx_word' id='word_1_853' title='bbox 977 5798 1099 5855; x_wconf 80' lang='grc' dir='ltr'>αὐτ.</span> 
     </span>
    </p>
   </div>
   <div class='ocr_carea' id='block_1_104' title="bbox 2176 5404 3202 5467">
    <p class='ocr_par' dir='ltr' id='par_1_104' title="bbox 2176 5404 3202 5467">
     <span class='ocr_line' id='line_1_105' title="bbox 2176 5404 3202 5467; baseline -0.009 1"><span class='ocrx_word' id='word_1_854' title='bbox 2176 5411 2220 5444; x_wconf 80' lang='grc'><strong>⁹⁶</strong></span> <span class='ocrx_word' id='word_1_855' title='bbox 2270 5412 2418 5467; x_wconf 80' lang='lat' dir='ltr'><strong>Psal.</strong></span> <span class='ocrx_word' id='word_1_856' title='bbox 2455 5425 2641 5466; x_wconf 77' lang='lat' dir='ltr'><strong>cxm.</strong></span> <span class='ocrx_word' id='word_1_857' title='bbox 2696 5408 2748 5459; x_wconf 81' lang='lat'><strong>8.</strong></span> <span class='ocrx_word' id='word_1_858' title='bbox 2861 5407 2905 5437; x_wconf 69' lang='lat'><strong>9&#39;</strong></span> <span class='ocrx_word' id='word_1_859' title='bbox 2940 5404 3073 5458; x_wconf 86' lang='lat' dir='ltr'><strong>ibid.</strong></span> <span class='ocrx_word' id='word_1_860' title='bbox 3113 5405 3202 5459; x_wconf 82' lang='grc' dir='ltr'><strong>Π.</strong></span> 
     </span>
    </p>
   </div>
   <div class='ocr_carea' id='block_1_105' title="bbox 2208 5476 3160 5544">
    <p class='ocr_par' dir='ltr' id='par_1_105' title="bbox 2208 5476 3160 5544">
     <span class='ocr_line' id='line_1_106' title="bbox 2208 5476 3160 5544; baseline -0.011 -5"><span class='ocrx_word' id='word_1_861' title='bbox 2208 5482 2228 5513; x_wconf 86' lang='grc'>³</span> <span class='ocrx_word' id='word_1_862' title='bbox 2252 5483 2440 5538; x_wconf 84' lang='lat' dir='ltr'><strong>Matth.</strong></span> <span class='ocrx_word' id='word_1_863' title='bbox 2475 5498 2568 5544; x_wconf 77' lang='lat' dir='ltr'><strong>xu,</strong></span> <span class='ocrx_word' id='word_1_864' title='bbox 2604 5478 2691 5531; x_wconf 71' lang='lat'><strong>25).</strong></span> <span class='ocrx_word' id='word_1_865' title='bbox 2776 5478 2796 5509; x_wconf 60' lang='grc' dir='ltr'>δ</span> <span class='ocrx_word' id='word_1_866' title='bbox 2828 5478 2945 5531; x_wconf 77' lang='lat' dir='ltr'><strong>Act.</strong></span> <span class='ocrx_word' id='word_1_867' title='bbox 2971 5492 3047 5541; x_wconf 75' lang='lat' dir='ltr'><strong>Ix,</strong></span> <span class='ocrx_word' id='word_1_868' title='bbox 3077 5476 3160 5530; x_wconf 79' lang='lat' dir='ltr'><strong>l5.</strong></span> 
     </span>
    </p>
   </div>
   <div class='ocr_carea' id='block_1_106' title="bbox 3304 5400 3526 5459">
    <p class='ocr_par' dir='ltr' id='par_1_106' title="bbox 3304 5400 3526 5459">
     <span class='ocr_line' id='line_1_107' title="bbox 3304 5400 3526 5459; baseline -0.005 -3"><span class='ocrx_word' id='word_1_869' title='bbox 3304 5402 3349 5435; x_wconf 68' lang='grc'><strong>⁸⁸</strong></span> <span class='ocrx_word' id='word_1_870' title='bbox 3382 5400 3526 5459; x_wconf 81' lang='lat' dir='ltr'><strong>Psat.</strong></span> 
     </span>
    </p>
   </div>
  </div>
