3956 6432
187 385 294 451 7193

1320 378 1472 438 COM
1485 373 1862 437 MENTARH
1899 373 1981 432 ΙΝ
2021 372 2276 435 JOSUE.

3355 373 3424 434 99
3433 369 3463 430 -1ι

191 509 412 558 παυσιν,
468 487 561 541 τοῦ
613 486 780 558 νόμου
836 485 998 558 μέχρι
1061 487 1218 558 μόνον
1278 486 1570 558 προθύρων
1620 485 1770 552 ἄγειν

1884 482 1944 534 ad
1977 495 2141 549 quam
2172 481 2323 536 solus
2355 479 2506 534 ducit
2532 495 2692 536 verus
2717 478 2902 544 Josue,
2929 479 3022 550 qui
3062 494 3161 536 nos
3195 477 3458 538 instituit.

195 585 495 658 ισχύοντος.

135 806 140 810 .
175 778 186 788 ~
259 754 524 822 illwt‘vo'ﬁc
553 755 585 808 ὁ
606 749 884 820 θεράπων
902 765 1022 818 μου
1061 748 1466 814 τετελεύτηκε.
1503 747 1632 802 Νῦν
1661 745 1774 805 οὖν

187 844 454 910 ἀναστὰς
493 883 509 908 ,
554 843 789 910 διάϐηθι
841 839 952 893 τὸν
995 838 1327 907 Ἰορδάνην.
1405 837 1774 908 Τετελεύτηκε

187 937 446 1007 Μωῦσῆς,
479 935 756 989 ἀπέθανεν
812 932 841 984 ὁ
885 933 1073 1002 νόμος,
1109 931 1350 1001 Μωῦσῆς
1387 931 1772 1003 χρηματίζων,

190 1029 325 1084 κατὰ
352 1027 416 1080 τό
453 1043 466 1057 ·
506 1046 524 1078 ι
566 1027 793 1096 Ἔχουσι
835 1021 1042 1076 Μωσέα
1095 1021 1188 1074 καὶ
1242 1022 1368 1084 τοὺς
1401 1023 1710 1094 προφήτας.
1749 1039 1768 1072 ι

186 1121 318 1175 Μεθ’
346 1119 405 1171 ὃν
439 1120 467 1170 ὁ
495 1118 587 1172 τὸν
621 1117 787 1187 νόμον
825 1113 1185 1168 τῶνὲντολῶν
1213 1115 1272 1167 ὲν
1303 1113 1540 1184 δόγμασι
1565 1131 1775 1182 καταρ-

184 1213 360 1282 γήσας
410 1207 722 1272 διαὸιϐἀζει
771 1207 865 1259 τὸν
925 1205 1223 1276 Ἰορδάνην,
1283 1205 1427 1260 καθά
1473 1223 1605 1276 φησι
1635 1207 1774 1277 πρὸς

183 1303 534 1372 Νικόδημον·
567 1320 586 1352 ι
638 1299 762 1353 Ἐὰν
799 1299 872 1370 μή
927 1315 1013 1362 τις
1061 1298 1405 1370 ἀναγεννηϐῇ
1467 1298 1525 1366 ἐξ
1582 1297 1774 1363 ὕδατος

183 1395 276 1450 καὶ
338 1391 676 1462 πνεύματος,
717 1390 779 1442 οὐ
850 1389 926 1460 μὴ
983 1388 1205 1462 εἰσέλθῃ
1255 1390 1337 1450 είς
1369 1389 1470 1459 τὴν
1491 1389 1774 1460 βασιλείαν

181 1487 288 1540 τῶν
322 1484 596 1556 οὐρανῶν.
630 1501 648 1534 ι
689 1474 798 1544 Ἧς
824 1481 985 1544 αὐτὸς
1017 1481 1465 1553 προκατήρξατο,
1489 1483 1552 1535 οὐ
1579 1482 1774 1553 δεόμε-

184 1597 294 1644 νος,
318 1579 438 1633 ἀλλ’
469 1575 716 1645 ἁγιάζων
745 1575 816 1628 τὰ
841 1573 1033 1629 ὕδατα.

254 1671 382 1736 Πᾶς
405 1673 442 1724 ὁ
470 1671 680 1736 τόπος,
734 1669 828 1738 ἐφ’
861 1668 934 1721 ὃν
966 1667 1042 1722 ἂν·
1090 1667 1336 1737 ἐπιϐἦτε
1375 1667 1454 1734 τῷ
1482 1669 1638 1738 ίχνει
1659 1669 1774 1723 τῶν

183 1765 385 1819 ποδῶν
412 1762 604 1833 ὑμῶν,
635 1761 782 1832 ὑμῖν
809 1760 982 1814 δώσω
1011 1763 1218 1816 αὐτόν.
1258 1761 1323 1814 Ἡ
1347 1762 1445 1833 μὲν
1467 1763 1773 1832 ἐπαγγελία

183 1856 344 1928 αὕτη,
386 1857 414 1909 ὁ
441 1829 498 1909 δὲ
517 1829 687 1924 ἀγὼν⁷
708 1852 904 1924 μέγας,
939 1852 1067 1926 ἔθνη
1095 1853 1316 1923 νικῆσαι
1340 1829 1409 1906 τὰ
1435 1829 1638 1925 νοητά.-
1660 1856 1770 1908 Καὶ
1808 1829 1846 1884 Β

185 1949 266 2002 δεῖ
296 1947 532 2003 ἐνταῦθα
563 1947 624 2001 τὺ
653 1945 910 2001 τοσοῦτον
940 1945 1302 2010 διανύσαντας
1333 1945 1548 2002 στάδιον
1571 1948 1768 2018 ἐπιϐῆ-

185 2059 273 2096 ναι
303 2042 412 2094 τῶν
441 2041 553 2096 ἄνω
595 2039 769 2110 μονῶν
788 2055 804 2070 °
833 2037 1033 2109 μᾶλλον
1065 2037 1120 2091 δὲ
1171 2037 1280 2109 πρὸ
1313 2037 1542 2107 τούτων,
1567 2040 1770 2110 ἀρετῆς

185 2149 244 2185 τε
281 2133 374 2186 καὶ
397 2130 676 2202 ἀληθείας,
727 2131 1052 2202 ὀδηγοῦντος
1102 2131 1252 2200 ἡμᾶς
1295 2130 1471 2200 Ἰησοῦ
1525 2131 1606 2194 είς
1653 2132 1771 2184 ὁδὸν

187 2225 434 2296 εἰρήνης,
472 2223 567 2277 τοῦ
607 2225 704 2277 καὶ
746 2223 933 2286 δόντος
991 2223 1186 2274 πατεῖν
1232 2220 1420 2276 ἐπάνω
1469 2221 1646 2290 ὄφεων
1675 2224 1772 2275 καὶ

187 2313 486 2385 σκορπίων,
508 2315 602 2368 καὶ
619 2313 991 2386 χαρισαμένου
1018 2313 1385 2384 κληρονομίαν
1407 2312 1600 2367 ἐθνῶν.
1618 2314 1772 2366 Ἐπι-

187 2405 376 2474 6ῶμεν
410 2405 466 2458 δὲ
495 2405 589 2459 καὶ
613 2405 809 2476 ῥητῶν,
845 2404 922 2470 ὡς
947 2404 1056 2472 δεῖ,
1077 2403 1394 2476 Γραφικῶν,
1420 2405 1516 2458 καὶ
1551 2405 1614 2458 τὸ
1645 2421 1770 2476 νοη-

191 2498 285 2551 θέν
315 2484 465 2551 ἐστιν
487 2496 780 2566 ἡμέτερον.
824 2495 886 2550 '0
939 2496 1037 2568 μὲν
1059 2493 1155 2549 οὖν
1191 2494 1324 2558 Θεὸς
1349 2494 1457 2556 ἓως
1481 2493 1770 2566 Εὐφράτου

193 2587 389 2642 δώσειν
415 2589 598 2649 αὐτοῖς
622 2584 1006 2656 ἐπηγγείλατο,
1035 2585 1276 2650 ἀναξίοις
1305 2583 1362 2638 δὲ
1393 2587 1640 2654 φανεῖσιν
1671 2584 1773 2638 οὐκ

194 2677 486 2748 ἐπλήρωσε
517 2676 616 2748 τὴν
647 2676 964 2746 ὑπόσχεσιν,
986 2674 1127 2730 ἀλλὰ
1157 2670 1326 2729 Δαϐὶδ
1379 2675 1474 2728 καὶ
1494 2671 1770 2747 Σολομῶνί

188 2769 500 2840 γενομένοις
529 2768 670 2834 ἀξίοι
681 2785 722 2833 ῖ.

257 3037 379 3106 Τὴν
401 3037 630 3108 ἔρημον
649 3037 748 3092 καὶ
793 3037 904 3092 τὸν
926 3037 1355 3093 Ἀντιλίϐανον.
1391 3035 1507 3110 Τὴν
1561 3036 1770 3109 ἔρημον

179 3129 452 3196 ὑπέταξεν
484 3131 516 3184 ὁ
564 3130 754 3202 Πατὴρ
807 3129 886 3199 τῷ
935 3129 1178 3202 Χριστῷ.
1232 3130 1370 3201 Περὶ
1409 3123 1478 3202 ἦς
1530 3127 1769 3202 εἴρηται,

187 3181 206 3273 ξ
237 3181 904 3294 ειφράνόητῖζέρῗιμοῖἦ
937 3181 1176 3292 ὲὶέιὶῖᾷᾅῖιζ
1218 3181 1372 3276 »ἶὲὲιὲ
1399 3181 1476 3273 σ”ἱ
1497 3181 1678 3273 nata.
1696 3181 1771 3272 .3;
1797 3181 1841 3240 C

177 3315 338 3366 τέκνα
366 3313 470 3382 τῆς
497 3314 734 3385 ἐρήμου,
762 3313 1012 3384 μᾶλλονῆ
1034 3315 1133 3382 τῆς
1159 3311 1389 3382 ἐχούσης
1419 3311 1512 3365 τὸν
1533 3309 1722 3380 ἄνδρα.
1745 3328 1765 3360 ι

177 3403 284 3457 Καὶ
314 3403 377 3458 οὐ
419 3404 524 3458 τὸν
571 3404 808 3459 Λίϐανον
844 3402 1116 3470 ὑπέταξεν
1161 3401 1362 3474 Ἰησοῦ,
1397 3401 1492 3455 τὸν
1535 3400 1770 3472 Ἰσραὴλ,

174 3495 340 3560 οὕτως
365 3497 424 3551 ὲν
457 3497 792 3568 προφήταις
833 3497 1193 3566 καλούμενον,
1221 3494 1280 3558 ὃς
1309 3494 1405 3550 καὶ
1437 3494 1772 3559 καλλιέλαιος

172 3589 410 3661 εἴρηταιο
467 3590 624 3645 ἀλλὰ
677 3589 748 3644 τὰ
799 3590 950 3661 ἔθνη,
989 3589 1080 3644 τὸν
1145 3591 1534 3656 Ἀντιλίϐανον,
1585 3590 1776 3658 ἐγκεν-

168 3677 465 3745 τρισθέντα
540 3677 641 3748 μὲν
681 3679 739 3732 ὲν
773 3677 1011 3748 Ἰσραὴλ,
1051 3677 1354 3731 ἀντάὺτοῦ
1395 3677 1452 3732 δὲ
1483 3677 1772 3747 γενόμενα.

245 3766 354 3820 Καὶ
395 3767 616 3834 ὥσπερ
643 3765 808 3837 ἤμην
847 3768 1000 3837 μετὰ
1055 3767 1303 3837 Μωῦσῆ,
1345 3769 1532 3836 οὕτως
1560 3769 1776 3839 ἔσομαι

180 3853 272 3906 καί
299 3855 454 3924 μετὰ
483 3853 632 3909 σοῦ.
673 3855 808 3908 Οὐδὲ
835 3857 945 3926 γὰρ
979 3857 1222 3927 Μωῦσῆς
1253 3857 1359 3928 ίδίᾳ
1388 3857 1617 3927 δυνάμει
1646 3859 1777 3922 τοὺς

179 3931 403 4015 ἐχθροὺς
435 3945 819 4012 έτροπώσατο.
853 3947 1107 4001 Τοιοῦτον
1165 3947 1263 4002 καὶ
1299 3949 1360 4002 τό
1381 3964 1395 3979 °
1425 3967 1444 4000 ι
1485 3949 1616 4004 Ἰδοῦ
1665 3945 1776 4018 ἐγὼ

177 4036 294 4104 μεθ’
318 4037 481 4108 ὑμῶν
506 4040 630 4106 εἰμι
663 4038 769 4102 ἕως
789 4039 887 4109 τῆς
919 4039 1228 4104 συντελείας
1259 4039 1352 4094 τοῦ
1385 4040 1604 4106 αίῶνος.
1643 4060 1662 4094 ι

245 4153 458 4222 Ἴσχυε,
479 4151 644 4222 φησὶ,
675 4151 770 4205 καὶ
797 4151 1070 4223 ἀνδρίζου.
1109 4154 1253 4224 Ἐγὼ
1285 4155 1394 4226 γάρ
1419 4171 1480 4208 σε
1509 4155 1778 4227 ὲνισχύσω

174 4241 458 4314 ὑπομονὴν
489 4241 596 4297 καὶ
613 4241 844 4314 δύναμιν
873 4243 1254 4315 χαριζόμενος,
1275 4245 1352 4310 ὡς
1373 4245 1440 4300 ἂν
1459 4247 1552 4299 καὶ
1581 4246 1778 4310 διέλοις

172 4337 278 4400 τοῖς
303 4336 602 4408 ἐσομένοις
636 4337 735 4404 τὴν
773 4337 898 4407 γῆν.

1878 571 2236 642 requiemque
2256 571 2534 638 concedit,
2557 588 2680 627 cum
2701 575 2785 626 lex
2806 571 2872 626 ad
2895 571 3228 628 vestibulum
3244 578 3456 625 tantum

1879 664 2151 718 deducere
2186 665 2383 732 possit.

1951 753 2124 808 Moses
2149 754 2388 822 famulus
2419 771 2566 808 meus
2591 765 2834 810 mortuus
2859 764 2956 809 est.
2977 754 3135 808 Nunc
3155 755 3318 824 igitur
3341 769 3459 824 age,

1879 845 2050 896 transi
2105 859 2200 912 per
2247 840 2560 898 Iordanem.
2587 843 2652 916 [1,
2686 843 2766 918 2.]
2795 844 2943 900 Obiit
2987 845 3189 910 Moses,
3215 847 3319 900 hoc
3348 853 3458 908 est,

1877 932 2136 987 defuncta
2159 943 2246 988 est
2274 934 2358 987 lex
2377 950 2495 1002 qum
2513 933 2693 991 Moses
2711 947 3088 1007 mincupatur,
3109 938 3267 1006 juxta
3289 938 3418 992 illud
3444 957 3458 991 :

1881 1042 1900 1075 ι
1940 1024 2124 1078 Mosen
2181 1025 2382 1080 habent
2422 1033 2477 1079 et
2534 1028 2828 1096 prOphetas
2861 1031 2926 1083 η.
2977 1050 2996 1083 ι
3030 1029 3203 1100 Cujus
3245 1032 3367 1086 loco
3413 1033 3461 1084 is

1876 1117 1970 1188 qui
2011 1119 2182 1189 legero
2229 1119 2346 1174 suis
2401 1121 2688 1190 praeceptis
2739 1136 2803 1175 ac
2857 1121 3096 1178 decretis
3144 1123 3456 1194 abrogavit.

1874 1208 2170 1263 Jordancm
2209 1209 2438 1278 trajicit,
2470 1219 2530 1263 ut
2557 1209 2733 1280 ipsius
2771 1213 2839 1266 ad
2887 1212 3246 1269 Nicodemum
3275 1214 3459 1268 verbis

1875 1308 2092 1357 constat
2122 1319 2135 1356 :
2179 1319 2196 1353 ι
2231 1301 2347 1356 Nisi
2373 1303 2500 1372 quis
2568 1304 2849 1374 regenitus
2885 1321 2950 1359 ex
2991 1321 3131 1376 aqua
3165 1316 3220 1360 et
3251 1307 3456 1378 spiritu

1878 1391 2065 1458 fuerit,
2123 1393 2178 1447 in
2235 1409 2465 1464 regnum
2533 1395 2800 1450 caelorum
2850 1413 2958 1450 non
3005 1397 3344 1468 ingredietur
3385 1399 3455 1458 ’⁸,

1875 1484 2036 1556 cujus
2061 1485 2178 1555 ipse
2215 1485 2484 1541 tinctione
2511 1502 2618 1557 qua
2671 1503 2781 1544 non
2812 1487 3090 1559 indigebat
3121 1499 3329 1556 tamen,
3362 1507 3456 1546 ve-

1876 1593 1999 1632 rum
2029 1579 2373 1634 consecravit
2397 1594 2589 1648 aquas,
2623 1581 2843 1634 initium
2875 1581 3020 1635 fecit.

1949 1669 2170 1726 Omnem
2195 1669 2368 1725 locum
2390 1686 2546 1740 super
2562 1687 2713 1740 quem
2735 1671 2921 1736 planta
2944 1671 3135 1738 pedum
3165 1681 3456 1725 vestrorum

1876 1761 2250 1826 calcaveritis,
2304 1761 2450 1816 vobis
2509 1761 2670 1817 dabo.
2725 1760 2825 1834 [5.]
2881 1759 3187 1816 Promissio
3236 1762 3456 1832 quidem

1877 1862 2030 1908 tanta
2053 1861 2155 1909 est.
2187 1854 2256 1908 At
2321 1861 2511 1924 gentes
2558 1853 2882 1924 spirituales
2919 1853 3142 1920 vincere
3170 1855 3272 1909 hoc
3297 1869 3458 1924 opus,

1877 1946 1968 2002 hic
1996 1947 2172 2002 labor.
2201 1944 2304 2001 Ubi
2355 1946 2638 2002 curriculo
2680 1954 2877 2003 exacto
2923 1945 2991 2002 ad
3038 1962 3273 2016 superas
3302 1947 3462 2002 sedes

1877 2036 2359 2093 conscendendum
2384 2044 2486 2092 est.
2549 2037 2668 2093 lmo
2703 2052 2834 2093 vero
2863 2037 2966 2092 has
3011 2047 3143 2093 ante
3172 2038 3241 2092 ad
3277 2037 3461 2092 virtu-

1877 2135 1987 2180 tem
2041 2142 2104 2181 ac
2155 2128 2462 2188 veritatem,
2507 2127 2563 2181 in
2623 2129 2768 2180 viam
2804 2127 2958 2198 pacis
3001 2129 3105 2182 iter
3133 2127 3296 2182 nobis
3318 2143 3462 2198 prte-

1878 2219 2038 2274 bente
2110 2215 2282 2285 Jesu;
2325 2219 2414 2289 qui
2469 2225 2760 2288 serpentes
2813 2219 2980 2272 etiam
3031 2225 3088 2272 et
3137 2218 3460 2288 scorpiones

1879 2311 2038 2366 nobis
2076 2311 2376 2367 calcandos
2399 2310 2634 2381 praebuit
2663 2312 2730 2377 ²¹,
2774 2311 3134 2384 gentiumque
3164 2310 3459 2366 haeredita-

1878 2411 1985 2457 tem
2010 2402 2258 2457 donavit.
2295 2401 2750 2458 Conscendamus
2773 2402 3001 2472 insuper
3035 2401 3250 2457 decenti
3282 2401 3458 2472 gradu

1877 2509 2042 2566 super
2093 2493 2242 2549 dicta
2303 2494 2360 2548 in
2419 2492 2726 2562 Scripturis
2789 2495 3208 2565 comprehensa.
3235 2493 3316 2550 Ad
3355 2511 3459 2551 nos

1876 2585 2022 2639 enim
2055 2585 2374 2641 intellectus
2433 2587 2693 2654 pertinet.
2732 2585 2878 2640 Deus
2929 2585 3114 2656 itaque
3149 2595 3354 2641 terram
3389 2587 3456 2641 ad

1877 2676 2214 2748 Euphratem
2281 2684 2346 2732 se‘
2405 2677 2668 2732 daturum
2717 2677 2833 2733 illis
2883 2685 2969 2734 est
3002 2678 3323 2747 pollicitus,
3371 2678 3460 2734 in-

1875 2763 2058 2834 dignis
2109 2781 2240 2822 vero
2289 2765 2428 2822 visis
2489 2766 2952 2836 promissionibus
2998 2781 3107 2821 non
3140 2766 3312 2822 stetit.
3349 2765 3459 2820 Da-

1875 2859 1984 2913 vidi
2048 2865 2261 2912 tantum
2301 2867 2356 2912 et
2409 2856 2695 2914 Salomoni
2729 2859 2822 2928 qui
2847 2857 2998 2928 digni
3043 2857 3287 2924 fuerunt,
3316 2873 3458 2929 pra:-

1872 2951 2040 3006 stitit.

1949 3041 2222 3096 Desertum
2250 3051 2298 3096 et
2329 3039 2723 3096 Antilibanum.
2759 3039 2860 3114 [4.]
2897 3042 3183 3098 Desertum
3229 3043 3457 3098 Christo

1877 3131 2161 3201 subjunxit
2191 3129 2373 3196 Pater,
2399 3113 2604 3201 dequo
2638 3113 2954 3187 dictumiest
2981 3148 2995 3184 :
3037 3151 3056 3184 ι
3101 3131 3332 3199 ιωιοτο,
3361 3132 3458 3187 de-

1873 3232 2082 3278 sertum
2119 3221 2337 3277 aridum
2359 3224 2427 3278 ".
2461 3241 2479 3274 ι
2503 3221 2640 3278 Item
2679 3239 2694 3275 :
2735 3241 2754 3274 ι
2795 3221 2990 3278 Plures
3059 3221 3223 3278 habet
3252 3223 3458 3279 liberos

1871 3315 2034 3370 vidua
2067 3329 2232 3383 quam
2277 3315 2532 3368 maritata
2565 3314 2630 3368 ".
2669 3331 2686 3366 ι
2720 3311 2834 3370 Nec
2883 3331 3017 3370 vero
3060 3313 3332 3369 Libanum
3357 3313 3456 3369 Jo-

1873 3421 1972 3461 sue
2000 3404 2312 3476 subiunxit,
2345 3407 2622 3471 lsraelem,
2643 3407 2889 3475 inquam,
2923 3405 3018 3476 qui
3045 3405 3188 3475 apud
3214 3405 3456 3476 prophe-

1873 3506 1959 3554 tas
2009 3498 2116 3554 boc
2175 3498 2417 3554 nominis
2475 3499 2658 3553 habet.
2685 3497 2791 3563 Qui
2817 3498 2946 3552 item
2999 3499 3248 3554 olearum
3301 3499 3457 3554 ferax

1873 3591 2056 3647 dictus
2107 3597 2212 3656 est,
2270 3604 2462 3645 verum
2519 3590 2923 3651 Antilibanum.
2979 3599 3169 3658 gentes
3209 3589 3359 3659 ipsas
3397 3591 3456 3645 in

1871 3681 2126 3740 lsraelem
2153 3681 2370 3745 insitas,
2403 3681 2835 3752 inqueipsorum
2866 3681 3046 3735 locum
3081 3681 3314 3736 ascitas.

1945 3773 2017 3828 Et
2065 3771 2518 3844 quemadmodum
2589 3788 2710 3826 cum
2767 3769 2917 3826 Mosa
2965 3769 3080 3839 fui,-
3137 3771 3220 3824 ita
3283 3778 3452 3825 tecum

1876 3882 1988 3931 ero,
2023 3871 2134 3920 etc.
2156 3861 2266 3935 [5.]
2299 3862 2422 3916 Νοιι
2445 3861 2590 3916 enim
2619 3861 2840 3932 pro'pria
2867 3860 3077 3915 virtute
3100 3859 3291 3916 hostes
3323 3859 3456 3913 vicit

1877 3954 2076 4009 Moses.
2127 3950 2456 4020 Hujusmodi
2517 3949 2652 4005 illud
2702 3965 2923 4020 quoque
2969 3957 3056 4005 est
3088 3967 3101 4003 :
3134 3967 3154 4001 ι
3196 3949 3339 4005 Ecce
3363 3963 3472 4008 vo-,

1881 4046 2094 4100 biscum
2131 4055 2251 4097 sum
2291 4056 2466 4110 usque
2495 4039 2565 4094 ad
2592 4039 2758 4094 ﬁnem
2794 4039 2984 4094 mundi
3009 4041 3077 4094 ".
3115 4057 3136 4090 ι

1951 4153 2127 4209 Macte
2180 4159 2394 4207 tantum
2449 4151 2653 4207 virtute
2696 4152 2797 4218 sis,
2830 4134 3034 4232 inquit,
3069 4151 3362 4224 virumque
3407 4159 3462 4208 te

1880 4253 2100 4313 praesta,
2133 4259 2232 4315 ego
2261 4244 2408 4299 enim
2457 4249 2510 4298 te
2539 4243 2905 4308 conﬁrmabo,
2941 4243 3375 4314 patientiamque
3399 4259 3463 4300 ac

1881 4337 2028 4393 vires
2079 4313 2192 4408 quo
2243 4343 2450 4392 terram
2501 4335 2614 4390 tuis
2674 4335 2904 4392 asseclis
2965 4313 3295 4392 distribuas
3328 4352 3465 4394 con-

1883 4428 2080 4484 feram.

249 4539 416 4593 Ἀλλὰ
449 4539 720 4608 φύλαττε,
750 4539 846 4591 καὶ
871 4539 1019 4592 ποίει
1061 4527 1211 4593 κατα
1250 4539 1430 4593 πάντα
1464 4539 1555 4594 τὸν
1586 4541 1770 4610 νόμον.

1960 4541 2158 4597 Verum
2211 4557 2404 4598 omnes
2453 4547 2580 4595 tuas
2628 4540 2878 4594 actiones
2910 4538 3068 4608 juxta
3090 4537 3262 4609 legem
3289 4551 3462 4593 accu-

169 4633 328 4705 Αὑτῷ
363 4634 425 4686 δὲ
457 4631 802 4704 προστάττει
859 4632 1004 4702 ειπερ
1055 4634 1146 4686 καὶ
1196 4632 1287 4685 τδν
1315 4631 1446 4686 λαὸν
1494 4632 1770 4687 διδάσκειν

1884 4641 2000 4690 rate
2033 4647 2328 4704 compone,
2351 4647 2527 4702 eaque
2559 4631 2609 4686 ei
2640 4629 2910 4700 praacipit,
2955 4627 3156 4698 quibus
3191 4628 3453 4698 populum
3504 4705 3511 4712 .

167 4725 360 4796 ἐχρῆν.
399 4745 419 4775 ι
452 4727 583 4788 Πᾶς
640 4723 771 4794 γὰρ,
805 4723 992 4794 φησιν,
1029 4724 1180 4787 ὅστις
1223 4725 1440 4796 ποιήσει
1469 4725 1610 4779 κατὰ
1651 4725 1778 4796 μίαν

165 4817 274 4870 τῶν
300 4817 546 4873 ἐντολῶν
571 4815 780 4868 τούτων
801 4816 910 4869 τῶν
937 4815 1256 4887 ἐλαχίστων,
1306 4816 1405 4869 καὶ
1429 4816 1631 4884 διδάξει
1651 4817 1778 4878 τοὺς

169 4909 500 4980 ἀνθρώπους
557 4906 759 4977 ὁμοίως
793 4911 992 4974 ποιεῖν,
1047 4907 1220 4979 μέγας
1251 4906 1588 4979 κληθήσεται
1617 4911 1676 4962 ὲν
1705 4911 1772 4979 τῇ

171 5000 428 5072 βασιλείᾳ
479 4999 596 5052 τῶν
647 4999 916 5070 οὐρανῶν.
959 5018 979 5052 ι
1007 5002 1118 5054 Καὶ
1171 5001 1389 5064 Λουκᾶς
1426 5000 1484 5054 δὲ
1525 5000 1773 5070 περὶτοῦ

169 5090 432 5159 ἀληθινοῦ
457 5105 633 5160 φησιν
673 5089 848 5158 Ἰησοῦ
873 5106 887 5120 ·
925 5109 944 5142 ι
981 5085 1083 5143 Ὦν
1123 5090 1329 5161 ἤρξατο
1371 5093 1548 5144 ποιεῖν
1585 5107 1647 5144 τε
1680 5091 1774 5144 καὶ

167 5181 473 5238 διδάσκειν.
506 5200 526 5233 ι
568 5181 760 5234 Πᾶσαν
799 5181 910 5253 γὰρ
948 5182 1241 5254 ἐπλήρωσε
1266 5181 1638 5253 δικαιοσύνην,
1664 5183 1772 5236 ὑπὸ

168 5271 333 5341 νόμον
374 5271 684 5340 γενόμενος
726 5270 800 5334 ὡς
841 5271 1153 5342 ἄνθρωπος.
1185 5273 1296 5326 Καὶ
1322 5273 1423 5326 ὅσα
1467 5272 1774 5326 ἐνετείλατο

169 5363 318 5435 αὑτῷ
353 5361 616 5432 Μωῦσῆς
641 5362 967 5432 πεποίηκεν,
987 5363 1076 5416 ἵνα
1103 5365 1231 5426 τοὺς
1261 5363 1368 5418 ὑπὸ
1395 5364 1558 5434 νόμον
1589 5363 1776 5432 ἐξαγο-

175 5455 336 5528 ράσῃ,
371 5455 476 5510 καὶ
497 5453 606 5524 τὴν
627 5453 900 5508 υἱοθεσίαν
933 5451 1323 5522 ἀπολαύωμεν.
1361 5453 1478 5507 Οὐκ
1499 5453 1774 5520 ἐξέκλινεν

170 5549 266 5604 ἀπ’
288 5548 482 5603 αὐτῶν
500 5544 659 5610 δεξιὰ
679 5545 714 5616 ἢ
742 5546 1032 5618 ἀριστερὰ,
1081 5545 1312 5616 φάσκων
1335 5561 1350 5576 ·
1389 5565 1409 5598 ι
1443 5545 1602 5600 Ἶῶτα
1631 5543 1710 5614 ἓν,
1735 5545 1768 5617 ἢ

1877 4741 2100 4796 quoque
2155 4724 2431 4780 instruere
2487 4721 2813 4793 Oportebat:
2852 4735 2874 4772 ι
2906 4717 3232 4788 Quicunque
3289 4718 3458 4784 enim,

1885 4818 2086 4888 inquit,
2121 4815 2268 4872 facto
2337 4813 2562 4868 unicum
2600 4819 2996 4884 prteceptorum
3051 4810 3484 4890 levissimorum

1881 4910 2249 4979 expresserit,
2277 4915 2330 4962 et
2357 4905 2550 4961 eodem
2584 4903 2748 4960 modo
2790 4902 2973 4960 facere
3003 4901 3253 4958 docuerit
3277 4902 3458 4957 homi-

1882 5013 2000 5061 nes,
2030 5009 2288 5066 magnum
2329 5007 2530 5048 nomen
2575 4993 2628 5046 in
2661 5006 2831 5062 regno
2861 4991 3128 5046 emlorum
3169 4983 3458 5060 compara;

1881 5089 1961 5144 bit
1988 5050 2060 5144 λ’.
2091 5050 2322 5141 »υιυοοε
2373 5085 2504 5140 item
2535 5085 2604 5140 de
2637 5050 2769 5138 vet-vo
2805 5081 2972 5138 Josue
3004 5083 3183 5152 inquit
3213 5096 3230 5134 :
3271 5050 3458 5147 {Quae
3547 5077 3552 5083 ’

1879 5183 2046 5250 coepit
2067 5193 2192 5234 cum
2224 5177 2408 5234 facere
2437 5185 2552 5231 tum
2601 5177 2799 5232 docere
2834 5175 2901 5229 ’⁸.
2933 5193 2952 5226 ι
2986 5174 3124 5228 Cum
3161 5173 3305 5228 enim
3355 5173 3458 5242 legi

1876 5285 1999 5326 sese
2037 5271 2214 5324 instar
2249 5267 2495 5324 hominis
2517 5264 2880 5328 subdidisset,
2911 5278 3129 5319 omnem
3161 5263 3455 5332 complevit

1874 5361 2164 5434 justitiam.
2213 5359 2568 5429 Quaecunque
2629 5358 2796 5412 etiam
2844 5355 2894 5412 ei
2939 5356 3200 5426 praacepit
3252 5353 3463 5418 Moses,

1880 5453 2030 5518 fecit,
2059 5465 2169 5522 quo
2201 5451 2304 5520 legi
2366 5465 2468 5504 nos
2519 5447 2794 5502 obnoxios
2856 5446 3148 5500 redimeret
3192 5445 3260 5511 ’⁷,
3299 5444 3468 5515 inque

1881 5543 2120 5598 ﬁliorum
2155 5544 2335 5597 locum
2363 5545 2666 5611 adoptaret.
2693 5536 2816 5593 Non
2843 5535 3066 5593 deﬂexit
3086 5537 3154 5592 ab
3173 5537 3264 5594 eis
3287 5550 3466 5606 neque

241 5727 284 5761 "
326 5725 471 5781 Luc.
502 5723 729 5786 “1,29.
804 5725 850 5756 ὀ
887 5723 1040 5777 Joan.
1068 5739 1151 5788 lii,
1177 5723 1231 5778 5.
1295 5723 1338 5754 ’ί
1369 5721 1497 5776 Luc.
1529 5737 1584 5784 x,
1616 5720 1704 5776 19.

1884 5735 1962 5778 sa.
1990 5734 2156 5786 xxxv,
2185 5717 2237 5772 1.
2317 5715 2362 5748 ⁸³
2394 5714 2518 5788 15η.
2552 5730 2640 5770 Ltv
2661 5757 2678 5784 ,
2719 5717 2774 5770 1.
2847 5715 2896 5749 ’⁵
2925 5713 3115 5772 Matth.
3144 5726 3332 5774 xxvm.
3371 5707 3466 5765 20.

169 5799 214 5832 ³⁸
240 5797 437 5853 Matth.
480 5809 536 5862 ν,
575 5792 664 5852 19.
747 5795 791 5826 ’⁸
832 5794 954 5848 Act.
982 5810 1020 5860 ι,
1052 5796 1102 5864 ip.
1183 5796 1225 5826 ’⁷
1252 5793 1522 5862 Galat.tv,
1557 5792 1612 5848 5.
