3956 6448
500 381 605 444 995
1252 381 1261 387 ’
1790 376 2147 436 PROCOPII
2188 376 2435 435 GAZﬁl
3692 370 3785 435 996

498 492 567 547 ad
630 490 878 545 dextram
946 500 1125 557 neque
1167 485 1476 550 sinistram,
1504 485 1597 555 qui
1652 486 1864 556 inquit:
1894 506 1912 537 ι
1951 485 2067 540 Non

2184 487 2275 554 μία
2302 487 2500 554 κεραία
2532 482 2593 536 οὐ
2634 482 2710 553 μὴ
2737 480 2980 552 παρέλθῃ
3008 482 3072 534 ὲκ
3108 479 3200 533 τοῦ
3223 480 3438 549 νόμου,
3467 479 3583 543 ἓως
3619 476 3678 535 οὗ
3703 486 3784 550 γέ-

498 592 607 637 tota
660 594 828 636 unum
896 587 991 633 aut
1045 593 1182 649 apex
1227 594 1372 634 unus
1420 594 1448 633 ιι
1493 579 1608 649 lege
1631 578 1869 643 decidet,
1900 579 2076 635 donec

2184 593 2359 647 νηται.
2402 595 2422 628 ι
2459 574 2550 627 Διὸ
2580 574 2672 626 καὶ
2717 573 2952 634 Ἡσαΐας
2981 571 3133 640 λέγει
3165 572 3296 644 *περὶ¹
3328 570 3521 628 αὐτοῦ
3549 589 3564 602 ·
3604 591 3622 624 ι
3665 573 3783 628 Ἰδοὺ

499 675 592 728 liat
621 673 685 727 ".
718 691 737 723 ι
771 670 1116 741 Quapropter
1168 671 1235 725 de
1278 670 1400 740 ipso
1449 668 1619 726 Isaias
1661 686 1883 740 quoque
1942 672 2019 725 ait
2058 687 2073 725 :

2184 670 2404 738 συνήσει
2437 670 2609 730 ὀπαῖς
2636 683 2760 738 μου,
2795 665 2888 719 καὶ
2913 664 3284 736 ὑψωθήσεται,
3321 664 3435 718 καὶ
3459 663 3788 737 δοξασθήσεε

503 783 523 817 ι
563 764 700 819 Ecce
756 764 1053 834 prudenter
1092 761 1260 835 479
1324 772 1448 833 aget
1487 778 1680 819 servus
1713 780 1887 829 meus,
1922 764 2074 819 exal-

2184 778 2289 827 ται,
2338 760 2434 813 καὶ
2495 758 3002 830 μετεωρισθήσεται
3080 757 3317 829 σφόδρα,
3394 775 3419 809 ι
3493 756 3786 828 θεοπρεπεί

501 857 728 921 labitur,
758 856 1043 918 evehetur,
1076 863 1130 907 ct
1182 869 1348 923 supra
1383 854 1604 910 modum
1646 855 1905 911 sublimis
1942 855 2074 922 erit,

2184 852 2340 922 σοφίᾳ
2361 851 2539 906 πάντα
2567 848 2758 913 ποιῶν,
2790 850 2887 903 καὶ
2907 848 3302 920 φθεγγόμενος.

499 947 627 1016 quia
660 946 841 998 omnia
867 944 1052 999 divina
1084 945 1354 1013 sapientia
1395 946 1508 1015 agit
1534 954 1588 1000 et
1615 946 1886 1015 loquitur.

570 1037 663 1091 Est
695 1052 822 1091 vero
876 1051 1015 1106 opus
1075 1036 1437 1105 intelligentia
1490 1036 1538 1091 ei
1590 1036 1684 1105 qui
1724 1039 1898 1107 legem
1939 1038 2076 1108 legit

498 1129 753 1196 inprimis
807 1143 938 1183 vero
986 1128 1112 1181 ﬁde.
1161 1146 1181 1178 ι
1219 1125 1534 1199 Nisi‘enim
1571 1128 1947 1193 credideritis,
1985 1129 2074 1183 in-

500 1222 639 1290 quit,
682 1234 1028 1290 nequaquam
1084 1218 1405 1288 intelligetis
1439 1219 1508 1272 ”.
1547 1239 1564 1270 ι
1600 1220 1900 1275 Assidnnm
1946 1235 2077 1275 nec-

503 1329 609 1365 non
643 1312 888 1366 studium
940 1311 1263 1380 requiritur,
1305 1311 1451 1380 quod
1488 1312 1580 1381 qui
1615 1312 1777 1367 habet
1805 1329 1834 1365 a
1870 1312 2076 1368 Davidc

500 1403 696 1457 beatus
749 1401 1132 1471 praedicatur:
1192 1420 1210 1452 ι
1246 1401 1443 1455 Omnia
1494 1402 1641 1456 cnim
1695 1419 1819 1472 qua:
1852 1403 2067 1467 fecerit,

503 1496 699 1565 inquit,
731 1509 994 1565 prospere
1024 1494 1322 1549 succedent
1347 1492 1534 1546 ".i—
1570 1513 1586 1544 ι
1619 1492 1869 1549 Lucerna
1903 1495 2072 1560 enim,

2246 1029 2522 1090 Συνέσεως
2553 1027 2711 1100 χρεία
2740 1026 2817 1098 τῷ
2853 1027 2946 1080 τὸν
2976 1026 3140 1097 νόμον
3170 1025 3660 1097 ἀναγινώσκοντι,
3699 1031 3780 1084 καὶ

2179 1120 2285 1191 πρὸ
2314 1119 2538 1188 ταύτης,
2567 1118 2824 1181 πίστεως.
2863 1137 2882 1169 ι
2907 1118 3033 1172 Ἐὰν
3065 1119 3197 1188 γὰρ,
3230 1118 3379 1189 φησὶ
3400 1158 3420 1184 ,
3456 1120 3542 1188 μὴ
3571 1122 3779 1174 πιστεύ-

2177 1227 2309 1282 σητε
2330 1251 2346 1276 ,
2375 1210 2483 1264 οὐδ’
2510 1210 2570 1263 οὐ
2605 1210 2680 1281 μὴ
2718 1209 2938 1280 συνῆτε.
2979 1229 2997 1262 ι
3033 1211 3127 1262 Δεῖ
3150 1209 3211 1262 δὲ
3241 1209 3344 1263 καὶ
3384 1209 3640 1279 μελέτης
3672 1229 3781 1264 συν-

2154 1301 2600 1374 .εχεστέρας.⁹ον
2629 1301 2720 1355 καὶ
2754 1299 3076 1372 μακαρίζων
3104 1299 3270 1371 φησὶν
3314 1300 3349 1352 ὁ
3376 1298 3563 1352 Δαόίδ
3582 1316 3596 1331 ’
3636 1318 3655 1351 ι
3682 1302 3775 1354 Καὶ

2179 1394 2358 1447 πάντα
2397 1395 2494 1446 ὅσα
2526 1393 2594 1447 ἂν
2623 1395 2749 1464 ποιῇ
2785 1390 3312 1464 κατευοδωθήσεται.
3350 1410 3373 1443 ι
3406 1422 3487 1432 —
3528 1412 3548 1443 ι
3586 1394 3772 1462 Λύχνος

2176 1484 2304 1553 γὰρ,
2339 1485 2493 1554 φησι,
2528 1486 2636 1547 τοῖς
2670 1484 2795 1538 ποσί
2828 1498 2930 1555 μου
2963 1482 2992 1535 ὁ
3018 1483 3181 1553 νόμος
3221 1500 3346 1546 σου⁹
3397 1484 3503 1536 καὶ
3531 1483 3647 1553 φῶς
3671 1491 3770 1548 ταῖς

2174 1575 2383 1646 τρίϐοις
2412 1592 2536 1645 μου.
2570 1595 2587 1627 ι
2608 1576 2682 1629 Δι’
2705 1569 2767 1631 οὗ
2801 1575 3057 1646 ῥωσθεὶς,
3088 1569 3315 1629 ἐκϐαλεῖ
3348 1577 3550 1628 πᾶσαν
3589 1576 3769 1629 δειλίαν

2177 1668 2274 1723 καὶ
2302 1668 2488 1739 φόϐον.

502 1585 632 1638 alibi
667 1585 767 1647 ait,
804 1583 1004 1653 pedum
1049 1595 1296 1636 meorum
1338 1582 1425 1636 lex
1455 1589 1572 1645 tua,
1602 1592 1654 1637 et
1690 1583 1871 1638 lumen
1906 1586 2077 1639 semi-

502 1683 685 1731 tarum
721 1690 966 1730 mearum
1000 1675 1069 1729 “.
1108 1693 1127 1725 ι
1162 1673 1280 1739 Qua
1313 1675 1672 1730 ccullrmatus
1708 1691 1925 1732 omnem
1963 1692 2076 1734 me-

502 1778 619 1822 tum
661 1781 725 1822 ac
752 1767 1002 1821 timorem
1040 1767 1214 1836 ejiclt.

575 1859 779 1913 Parate
820 1857 963 1913 vobis
985 1859 1258 1926 viaticum,
1291 1858 1464 1913 adhuc
1490 1862 1630 1915 enim
1655 1861 1799 1915 intra
1830 1869 1934 1916 tres
1959 1860 2073 1917 dies
2108 1844 2151 1900 Β

507 1951 790 2018 trajicietis
824 1950 961 2005 hunc
982 1948 1295 2004 Iordanem.
1319 1949 1385 2022 [|,
1411 1949 1670 2024 Η.]11ιεο
1700 1967 1800 2023 per
1832 1954 2074 2024 scripto-

507 2054 594 2094 res
624 2049 748 2095 nota
798 2038 929 2093 fecit
968 2039 1194 2108 populo,
1241 2054 1382 2108 quos
1423 2040 1653 2108 Aquilae
1699 2038 1921 2109 quidem
1949 2054 2079 2094 exa-

504 2141 673 2185 ctores
733 2131 1007 2186 nominat.
1069 2130 1437 2201 Symmachus
1479 2145 1609 2185 vero
1659 2130 1961 2199 ιιι-(ηεσιοδ,
1992 2131 2076 2186 vl-

505 2228 703 2278 dentur
740 2231 925 2277 autem
972 2230 1439 2277 commentatores
1474 2226 1671 2293 quales
1703 2223 1847 2291 apud
1884 2222 2078 2277 Roma-

508 2333 605 2370 nos
666 2316 914 2381 fuerunt,
970 2330 1115 2370 esse.
1150 2315 1253 2370 Per
1282 2326 1423 2384 quos
1474 2316 1695 2386 populis
1725 2316 1947 2371 decreta
1976 2331 2077 2371 sua

505 2409 937 2478 promulgarunt
990 2407 1292 2477 principes.
1344 2403 1620 2463 Viaticum
1656 2422 1822 2478 porro
1853 2423 1916 2463 ex
1948 2422 2075 2463 man

504 2501 768 2570 colligere
791 2499 1083 2568 iubentur,
1117 2514 1220 2554 nec
1251 2501 1430 2554 solum
1465 2500 1557 2568 qui
1592 2500 1647 2554 in
1684 2499 1853 2565 diem,
1886 2515 2075 2555 verum

506 2594 559 2645 in
594 2593 834 2646 triduum
874 2592 1124 2661 adeoque
1158 2590 1225 2646 ad
1259 2599 1434 2646 totum
1481 2593 1829 2662 trajectionis
1860 2601 2079 2662 tempus

506 2680 796 2737 sufficeret.
833 2682 979 2736 lnter
1002 2682 1244 2737 eundum
1296 2682 1443 2736 enim
1490 2697 1600 2736 non
1631 2682 1804 2736 otium
1839 2682 2074 2751 conqui-

504 2774 664 2827 rendi
700 2780 1066 2827 commeatum
1104 2771 1514 2842 suppeditabat.
1560 2770 1667 2826 Pro
1700 2772 1880 2827 tribus
1910 2773 2080 2844 igitur

506 2864 700 2918 diebus
733 2864 897 2916 unico
953 2862 1185 2931 adjectis
1224 2862 1583 2932 colligebant,
1626 2878 1750 2917 cum
1789 2863 2081 2932 trajectio-

508 2955 594 3009 nis
645 2956 755 3010 die.
814 2956 932 3009 Non
981 2954 1208 3024 quidem
1263 2954 1411 3024 quod
1488 2956 1635 3008 inter
1682 2956 2077 3010 transeundum

508 3061 636 3100 man
668 3047 852 3114 inepia
889 3054 1078 3100 essent
1116 3044 1443 3110 laboraturi,
1502 3060 1690 3100 verum
1736 3057 1792 3099 ut
1821 3047 2080 3103 omnibus

2262 1841 2676 1912 Ἑτοιμάζεσθέ
2702 1829 3107 1911 ἐπισιτισμὸν,
3130 1841 3219 1897 ὅτι
3238 1844 3329 1898 ἔτι
3360 1842 3533 1912 τρεῖς
3550 1844 3756 1913 ἠμέχιαι,

2176 1932 2275 1985 καί
2315 1930 2679 1997 διαϐήσεσθε
2706 1931 2816 1985 τὸν
2848 1929 3157 1999 Ἰορδάνην
3194 1932 3449 1986 τοῦτον.
3477 1934 3659 1988 Ταῦτα
3683 1935 3759 1988 διὰ

2174 2022 2283 2076 τῶν
2329 2022 2708 2095 Γραμματέων
2744 2019 2950 2092 Ἰησοῦς
2993 2021 3263 2092 δεδήλωκε
3310 2023 3398 2094 τῷ
3451 2024 3595 2093 λαῷ·
3627 2026 3752 2088 οῦςό

2179 2114 2280 2185 μὲν
2315 2112 2565 2178 Ἀκύλας,
2609 2111 2965 2179 ἐκϐιϐαστάς
3021 2128 3221 2184 φησιν’
3266 2116 3297 2168 ὁ
3347 2116 3409 2169 δὲ
3456 2117 3743 2187 Σύμμαχος,

2176 2204 2521 2272 ἐπιστάτας.
2540 2205 2781 2259 Ἐοίκασι
2816 2206 2873 2259 δὲ
2921 2206 3064 2261 κατά
3106 2209 3235 2269 τοὺς
3277 2210 3446 2281 παρὰ
3485 2210 3739 2281 Ῥωμαῖοις

2178 2295 2558 2366 ἀκσκέπτορας
2610 2292 2773 2362 εῖναι,
2828 2295 2898 2350 δι’
2936 2290 3013 2351 ὧν
3043 2298 3265 2370 δηλοῦσι
3312 2303 3439 2365 τοῖς
3488 2303 3653 2373 δήμοις
3686 2307 3727 2356 σί

2179 2387 2437 2458 ἄρχοντες
2487 2387 2548 2441 τὸ
2595 2386 2806 2443 δοκοῦν.
2825 2388 3205 2461 Ἑπισιτισμδν
3233 2390 3595 2462 δῂσυλλέγειν
3630 2394 3717 2448 ἀπὸ

2177 2478 2273 2531 τοῦ
2310 2480 2485 2550 μάννα
2509 2481 3113 2553 προστάττονται,πρὺς
3139 2484 3220 2555 τῷ
3251 2488 3394 2557 πρὸς
3425 2486 3620 2558 ἡμέραν
3640 2486 3722 2556 ἁρ-

2180 2571 2366 2625 κοῦντι
2395 2573 2488 2626 ἐπὶ
2524 2576 2673 2646 τρεῖς
2697 2573 2913 2646 ἡμέρας
2944 2575 3041 2630 καὶ¹
3068 2576 3159 2630 τὸν
3186 2578 3495 2649 ἀρκέσοντα
3518 2579 3640 2651 πρὸς
3658 2579 3733 2632 τὸν

2179 2666 2277 2737 τῆς
2311 2665 2612 2731 διαδάσεως
2643 2670 2853 2739 χρόνον.
2884 2669 2959 2722 Οὐ
2990 2669 3099 2740 γὰρ
3129 2670 3393 2741 ἠδύναντο
3424 2674 3540 2726 τότε
3565 2672 3732 2725 συλλέ-

2192 2772 2320 2824 γειν,
2346 2756 2485 2827 πρὸς
2505 2758 2605 2827 τὴν
2630 2758 2882 2813 διάϐασιν
2906 2760 3136 2831 ἁσχολού
3145 2779 3321 2831 μενοι.
3343 2763 3440 2818 Διά
3464 2764 3565 2817 τῶν
3584 2762 3735 2836 τριῶν

2179 2844 2273 2902 οὖν
2317 2850 2540 2921 ἡμερῶν
2590 2851 2654 2905 ὲκ
2707 2853 3027 2923 προσθήκης
3059 2855 3348 2925 συνέλεγον
3380 2859 3470 2912 καὶ
3511 2857 3598 2910 τὸν
3643 2858 3732 2927 τῆς

2181 2939 2393 3011 ἡμέρας
2438 2941 2537 3010 τῆς
2584 2941 2908 3008 διαδάσεως.
2945 2946 3055 2998 Καὶ
3086 2946 3206 3015 μετ’
3230 2947 3413 3018 ὀλίγα·
3439 2949 3541 3001 Καὶ
3566 2946 3731 3009 ἄλλως

2181 3031 2260 3096 δὲ,
2297 3032 2377 3102 τῷ
2408 3034 2655 3104 μέλλοντι
2681 3036 2931 3108 διαϐῆναι
2976 3039 3067 3093 τδν
3106 3039 3364 3114 Ἰορδάνην
3394 3040 3717 3109 ἐπισιτισμοῦ

510 3138 700 3191 missis
751 3137 821 3191 ad
873 3144 1079 3190 terram
1131 3136 1464 3221 promissam
1496 3137 1939 3193 contenderent.
1998 3139 2078 3193 Ad

2184 3124 2361 3195 χρεία,
2397 3127 2495 3180 καὶ
2540 3127 2653 3181 τῶν
2694 3130 2759 3183 ἐκ
2806 3130 3096 3200 μετανοίας
3143 3133 3325 3205 ἔργων,
3354 3133 3423 3198 ὡς
3469 3133 3531 3187 ἂν
3578 3132 3713 3185 εἴποι

509 3233 626 3281 tres
672 3227 816 3281 enim
866 3226 985 3282 dies
1024 3226 1289 3295 deinceps
1326 3212 1430 3283 eos
1469 3228 1651 3282 adhuc
1686 3230 1909 3294 mansit,
1946 3229 2077 3285 dum

2184 3214 2323 3283 μετὰ
2351 3215 2589 3285 Χριστοῦ
2615 3233 2630 3247 ο
2667 3215 2874 3290 ιἘμόν
2916 3222 3034 3275 ἐστι
3084 3220 3272 3294 βρῶμα
3314 3224 3369 3276 τὸ
3414 3223 3622 3293 ποιῆσαι
3656 3222 3713 3273 τὸ

508 3317 802 3373 Paschatis
848 3319 956 3372 ritu
1017 3326 1241 3389 peracto
1270 3332 1474 3387 azyma
1511 3319 1891 3375 comederunt.
1922 3319 2080 3378 Tunc

508 3411 656 3464 enim
698 3417 857 3465 terra:
895 3417 1164 3480 proventu
1202 3409 1457 3465 victitare
1494 3411 1731 3479 primum
1767 3422 2078 3483 cmperunt.

510 3503 682 3556 Porro
710 3502 888 3555 cuivis
935 3500 1229 3556 Iordanem
1274 3500 1574 3570 trajecturo
1601 3514 1949 3559 commeatus
1978 3519 2078 3561 ne-

508 3593 744 3647 cessitas
794 3592 1116 3660 imponitur,
1169 3606 1397 3661 operum
1449 3592 1702 3649 videlicet
1744 3596 2081 3665 resipiscen-

508 3684 616 3743 tize.
677 3698 789 3754 quo
838 3697 962 3736 cum
1011 3682 1236 3737 Christo
1303 3691 1469 3751 queat
1532 3685 1749 3740 dicere:
1807 3705 1828 3738 ι
1889 3686 2081 3744 Victus

510 3789 669 3829 meus
720 3782 807 3829 est
853 3773 1194 3827 voluntatem
1247 3774 1367 3842 ejus
1419 3775 1510 3844 qni
1576 3789 1663 3830 me
1726 3776 1875 3831 misit
1923 3788 2083 3831 ettse-

509 3865 695 3933 (μήθ’.
733 3883 753 3915 ι
808 3863 941 3917 Nam
994 3862 1124 3918 Elia:
1173 3878 1392 3933 quoque
1441 3865 1679 3936 dicitur:
1716 3883 1734 3917 ι
1774 3863 1971 3936 Surge,
2026 3875 2082 3920 et

508 3955 760 4020 comede,
791 3954 1054 4024 quoniam
1111 3955 1213 4007 iter
1242 3934 1605 4023 longinquum
1640 3963 1694 4009 te
1728 3934 1913 4010 manet
1941 3956 2011 4011 ³³.
2056 3975 2074 4008 ι

509 4041 610 4099 Via
662 4045 808 4098 enim
863 4042 955 4097 Dei
1005 4042 1231 4098 virtutis
1280 4043 1659 4111 operationem
1706 4043 1962 4112 requirit.
1996 4043 2080 4098 Ad

508 4147 672 4202 quam
703 4133 834 4186 item
883 4130 1114 4200 pedibus
1154 4145 1263 4185 non
1302 4130 1477 4186 illotis
1508 4131 1960 4202 aggrediendum,
1989 4149 2084 4187 ve-

509 4237 635 4277 rum
679 4228 809 4274 ante
855 4219 1048 4274 divino
1099 4221 1318 4274 lavacro
1377 4221 1629 4275 ablutum
1681 4229 1767 4276 est
1814 4224 2077 4278 eundum.

510 4313 741 4381 PrOpter
766 4310 821 4365 id
854 4310 910 4363 in
960 4309 1148 4363 multis
1183 4308 1452 4364 Ecclesiis
1504 4324 1639 4365 usus
1671 4307 1907 4367 fortasse
1933 4313 2081 4368 obti-

509 4404 653 4468 nuit,
708 4409 766 4457 ut
800 4410 1001 4472 quarto
1049 4402 1246 4471 quovis
1282 4407 1491 4456 sanctae
1541 4402 1865 4471 septimanae
1891 4404 1979 4459 die
2011 4402 2105 4458 ad-

2182 3303 2393 3375 θέλημα
2416 3305 2511 3359 τοῦ
2541 3307 2860 3379 πέμψαντός
2892 3328 2984 3382 με.
3012 3331 3032 3364 ι
3063 3310 3172 3367 Καὶ
3204 3313 3279 3384 τῷ
3300 3314 3441 3385 Ἠλία
3465 3314 3518 3368 δὲ
3542 3313 3715 3378 λέγει’

2186 3415 2206 3448 ι
2230 3400 2495 3464 Ἀναστὰς
2535 3401 2696 3471 φάγε,
2728 3404 2810 3457 ὅτι
2845 3406 3064 3478 μακρὰν
3093 3408 3126 3479 ή
3162 3409 3281 3472 ὁδὸς
3308 3408 3406 3462 ἀπὸ
3430 3406 3536 3461 σοῦ.
3556 3425 3575 3457 ι
3601 3405 3723 3458 Θεοῦ

2180 3493 2290 3562 γὰρ
2337 3492 2456 3557 ὁδὸς
2483 3495 2745 3565 ἐργασίαν
2775 3497 2980 3569 ἀρετῆς
3014 3500 3268 3553 ἁπαιτεῖο
3305 3503 3396 3554 καὶ
3424 3501 3499 3554 δεῖ
3542 3499 3611 3569 μὴ
3637 3498 3726 3550 αἰ-

2180 3582 2571 3653 τοσχεδιάζειν,
2603 3584 2738 3639 ἀλλὰ
2789 3587 2884 3640 τοῦ
2927 3588 3073 3642 θείου
3123 3591 3351 3660 λουτροῦ
3399 3587 3731 3660 προκαθαῐρε-

2184 3675 2328 3728 σθαι.
2360 3674 2514 3746 Τάχα
2565 3674 2655 3730 διὰ
2694 3676 2855 3731 τοῦτο
2901 3680 3250 3751 κεκράτηκεν
3293 3685 3349 3735 ἐν
3384 3681 3592 3742 πολλαῖς
3620 3676 3731 3730 Ἐκο

2182 3763 2432 3836 κλησίαις
2475 3769 2542 3837 τῇ
2574 3768 2805 3839 ςτετράδι
2854 3769 2957 3840 τῆς
3004 3770 3166 3839 ἁγίας
3202 3773 3493 3843 ἑϐδομάδος
3525 3785 3733 3836 προκατ-

2180 3856 2430 3926 ηχεῖσθαι
2460 3856 2528 3911 τὰ
2554 3857 2667 3924 νῦν,
2695 3860 2771 3923 ὡς
2797 3860 2972 3915 εἰπεῖν
3014 3863 3312 3928 ἀκούοντας
3335 3882 3349 3896 ·
3403 3884 3421 3917 ι
3443 3860 3732 3932 Ἐτοιμάζε-

2185 3947 2277 4001 σθε
2317 3950 2530 4012 ἑαυτοῖς
2575 3952 3072 4022 ὲπισιτισμόν.Ἔτι
3104 3956 3213 4026 γὰρ
3260 3963 3307 4023 γ’
3343 3958 3556 4028 ἠμέρας
3598 3952 3732 4021 ὑμεῖς

2180 4039 2507 4110 διαϐήσεσθε
2544 4042 2636 4096 τὸν
2671 4044 2962 4116 Ἰορδάνην.
2997 4064 3017 4096 ι
3052 4048 3142 4116 Μὴ
3174 4047 3383 4118 κώμοις
3422 4050 3515 4102 καὶ
3543 4044 3728 4116 μέθαιζν

2186 4131 2260 4202 μὴ
2287 4131 2497 4196 κοίταις
2524 4138 2622 4186 καὶ
2645 4136 2959 4203 ἀσελγείαις
2980 4176 2994 4200 ,
3034 4138 3211 4191 πάντα
3244 4140 3626 4211 εὐσχημόνως,
3656 4131 3729 4185 παὶ

2182 4224 2324 4275 κατὰ
2373 4222 2527 4288 τάξιν
2575 4224 2830 4293 γινέσθω.
2863 4244 2882 4278 ι
2917 4228 3012 4290 Εἰς
3055 4227 3334 4297 βασιλείαν
3364 4227 3606 4299 οὐρανῶν
3634 4225 3728 4277 δισ-

2183 4310 2526 4378 6αίνεις,ούκ
2558 4316 2829 4387 αἰσθητῶν
2860 4317 2943 4370 δεῖ
2972 4334 3054 4371 σοι
3088 4317 3398 4391 βρωμάτων
3422 4337 3438 4350 ο
3471 4321 3546 4382 ὡς
3571 4316 3633 4371 ἂν
3658 4311 3730 4365 καὶ

2181 4396 2226 4472 ᾧ
2260 4405 2628 4485 συνάπτεσθαι
2667 4407 2882 4476 μέλλεις
2924 4410 3147 4481 νυμφίῳ
3189 4411 3479 4483 ἀπολαύσῃ
3524 4406 3612 4462 τοῦ
3656 4400 3732 4456 σοῦ

510 4511 630 4552 eam
668 4496 824 4566 prius
870 4495 1221 4548 instruentur
1255 4492 1450 4558 sacris,
1493 4496 1653 4560 quasi
1687 4493 1942 4549 videlicet
1962 4495 2077 4564 jam

2185 4493 2458 4565 σιτισμοῦ,
2492 4495 2586 4548 καὶ
2630 4489 2706 4550 ὧν
2750 4497 2989 4571 ἐπιφέρῃ
3041 4501 3295 4570 καρπῶν.
3335 4501 3499 4555 Ἀλλά
3547 4497 3653 4559 πῶς
3688 4490 3737 4544 τδ

510 4603 659 4642 nunc
711 4585 1010 4640 audirent:
1069 4602 1088 4635 ι
1124 4582 1322 4638 Parate
1364 4583 1521 4638 vobis
1552 4592 1943 4650 commeatum,
1981 4584 2078 4638 ad-

510 4679 620 4733 huc
661 4678 807 4731 enim
860 4676 1005 4730 intra
1039 4674 1291 4728 triduum
1337 4673 1634 4743 trajicietis
1675 4671 2019 4740 Iordanem;
2053 4692 2073 4725 ›

509 4770 596 4823 vel
645 4768 776 4822 illud
830 4784 845 4820 :
884 4785 902 4818 ι
957 4764 1078 4820 Νοιι
1119 4764 1639 4830 comessationibus,
1687 4780 1798 4819 non
1848 4766 2085 4839 ebrieta-

512 4860 686 4925 tibus,
745 4872 854 4912 non
910 4856 1211 4921 cubilibus,
1270 4872 1382 4910 non
1434 4856 1843 4920 salacitatibus,
1892 4872 2083 4910 verum

2190 4585 2366 4654 μάννα
2392 4586 2518 4650 τοὺς
2547 4585 2945 4658 διαϐεϐηκότας
2986 4590 3079 4643 τὸν
3114 4590 3388 4662 Ἰορδάνην
3414 4592 3731 4647 ἐκλέλοιπε-ις

2190 4677 2310 4730 Ὅτι
2339 4678 2389 4729 οἱ
2422 4677 2523 4747 μὲν
2544 4679 2600 4731 ὲν
2625 4678 2849 4750 Χριστῷ
2880 4682 3062 4751 νήπιοι
3086 4681 3149 4735 τὸ
3169 4683 3277 4736 πᾶν
3299 4682 3358 4748 ἐξ
3381 4679 3607 4754 οὐρανοῦ
3631 4691 3735 4728 συν-

2191 4766 2478 4837 εργοῦνται
2504 4783 2519 4799 ο
2555 4770 2605 4822 οἱ
2635 4768 2692 4823 δὲ
2727 4770 3156 4843 προὸεὸηκότες,
3178 4774 3276 4827 καὶ
3304 4773 3365 4840 ἐξ
3390 4774 3542 4828 ἰδίων
3584 4768 3735 4839 ἔργων

2192 4856 2600 4923 ἐπισιτίζονται.

512 4952 618 5007 rite
661 4957 718 5005 et
745 4947 941 5004 ordine
971 4947 1104 5002 fiant
1149 4948 1332 5001 omnia
1357 4948 1423 5002 “.
1462 4966 1480 4999 ι
1558 4947 1616 5003 Si
1688 4949 1743 5003 in
1812 4963 2040 5021 regnum
2110 4950 2337 5005 cceleste
2388 4953 2736 5010 transcendis
2792 4968 2900 5009 non
2951 4953 3096 5010 cibis
3147 4955 3452 5012 sensilibus
3495 4966 3628 5024 opus
3667 4948 3736 4999 est

515 5043 639 5108 tibi,
671 5056 784 5111 quo
813 5055 1053 5111 sponsus
1083 5053 1304 5112 quoque
1338 5038 1427 5093 cui
1457 5040 1709 5109 copulari
1740 5040 1899 5110 cupis
1931 5048 2084 5095 tuum
2126 5042 2427 5113 percipere
2478 5045 2655 5115 possit
2684 5055 3077 5113 commeatum,
3108 5056 3166 5105 et
3194 5048 3406 5104 fructus
3482 5060 3613 5118 quos
3670 5035 3738 5091 ιῐο

519 5139 643 5189 fert.
674 5135 743 5187 At
794 5148 924 5188 man
995 5147 1093 5188 eos
1165 5131 1258 5202 qui
1309 5127 1607 5187 Iordanem
1675 5133 2020 5203 trajecerunt
2086 5133 2287 5188 defecit
2338 5137 2772 5207 quodammodo,
2831 5140 3088 5210 quoniam
3145 5139 3390 5197 infantes
3442 5138 3649 5212 quidem
3691 5128 3737 5182 in

514 5226 736 5282 Christo
787 5224 974 5280 omnia
1031 5222 1245 5278 caelesti
1294 5235 1399 5289 ope
1428 5219 1746 5291 perficiunt.
1798 5222 1905 5288 Qui
1956 5237 2087 5278 vero
2124 5236 2529 5294 praecesserunt
2579 5245 2679 5285 sua
2731 5231 2897 5286 etiam
2948 5246 3118 5302 opera
3186 5244 3556 5288 commeatum
3618 5235 3738 5282 nan-

515 5321 821 5385 ciscnntur.
846 5316 921 5372 De
949 5332 1061 5387 quo
1094 5319 1259 5373 etiam
1286 5317 1416 5372 alibi
1447 5315 1686 5371 dicetur.

602 5407 670 5460 Et
698 5407 895 5474 Ruben,
941 5418 991 5463 et
1048 5407 1186 5469 ϐοά,
1227 5419 1276 5463 et
1321 5407 1560 5463 dimidim
1603 5406 1764 5461 tribui
1827 5405 2085 5461 Mariane

520 5498 651 5550 dixit
709 5496 876 5551 Josue
929 5500 986 5553 in
1021 5499 1133 5555 lucc
1169 5501 1344 5556 verba.
1399 5498 1539 5571 [12.1
1571 5497 1668 5555 Isti
1701 5497 1871 5555 Mosis
1901 5498 2085 5555 verbis

426 5668 431 5672 ι
593 5612 641 5644 ’⁸
672 5609 859 5661 .llatth.
894 5627 947 5673 v,
996 5612 1082 5666 18.

525 5696 642 5740 xix.
679 5686 737 5739 7.
809 5679 851 5711 "'
889 5679 1047 5735 llom.
1082 5698 1206 5747 xm,
1243 5682 1332 5736 l5.

1193 5610 1380 5685 ”_l_sa.
1413 5627 1515 5680 vn,
1583 5611 1677 5667 9.‘
1713 5611 1761 5644 ”
1786 5609 1950 5685 ‘Psal.
1979 5626 2019 5679 ι,
2055 5611 2110 5667 5.

2266 5407 2375 5459 Καὶ
2424 5403 2506 5470 τῷ
2546 5404 2808 5474 Ῥουόίμ,
2843 5407 2939 5460 καί
2980 5407 3063 5472 τῷ
3104 5409 3254 5474 Γὰδ,
3297 5412 3397 5467 καὶ
3441 5411 3521 5479 τῷ
3568 5402 3738 5477 ἡμίσει

2191 5496 2396 5566 φυλῆς
2437 5496 2742 5565 Μανασσῆ
2776 5494 2946 5553 εἶπεν
2976 5498 3235 5569 Ἰησοῦς.
3276 5498 3459 5575 [Οὗτοι
3490 5500 3572 5556 διά
3600 5492 3736 5553 Mur-7‘

2200 5612 2243 5642 λι
2293 5592 2653 5677 ιἐειέαιγιιι,
2703 5608 2823 5665 ιοδ.
2900 5612 2944 5643 δ’
2983 5611 3143 5669 Joan.
3182 5632 3254 5681 ιν,
3306 5617 3395 5670 at.
3461 5611 3592 5669 ³³ιιι
3626 5610 3734 5673 ποια
