3956 6412
218 369 329 436 ὩῊ

1352 367 1894 430 COMMENTARII
1936 364 2017 426 IN
2060 365 2324 427 JOSUE.

3388 376 3494 440 938

229 481 360 546 σέως
394 479 791 553 ὲκληρώθησαν
823 480 926 551 τὴν
960 481 1099 550 γῆν,
1135 479 1326 550 ἐπειδὴ
1356 480 1548 533 πολλοὶ
1591 479 1679 533 διὰ
1712 478 1789 532 τοί

1914 487 2120 531 terram
2177 488 2307 531 sunt
2366 475 2571 532 sortiti.
2632 475 2907 543 Quoniam
2963 479 3122 533 multi
3176 495 3273 550 per
3319 483 3491 554 legem

222 573 386 644 νόμου
410 572 516 644 πρὸ
544 576 644 644 τῆς
667 573 887 644 χάριτος
917 569 1333 642 ἐτελειώθησαν.
1367 574 1478 623 Καὶ
1500 570 1626 624 ἐπεὶ
1652 588 1804 642 πρω-

219 665 438 728 τότοκος
458 664 690 735 -Ἰσραὴλ
719 664 1067 734 ὀνομάζεται,
1090 663 1178 716 διὰ
1207 663 1488 726 Μωῦσέως
1515 665 1565 715 οἱ
1591 665 1804 733 πρωτό-

219 773 365 810 τοκοι
402 760 530 821 τοὺς
579 758 814 828 κλήρους
854 754 1394 825 ὲδέξαντο,”Ρου6ὴν,
1422 757 1519 808 καὶ
1549 757 1678 818 Γὰδ,
1706 757 1801 809 καὶ

218 847 565 921 Μανασσῆς.]
607 847 955 901 Διαόαίνουσι
1009 847 1193 918 μέντοι
1241 847 1339 901 καὶ
1384 842 1530 902 οὗτοι
1576 846 1800 912 εὔζωνοι

218 940 323 1011 πρὸ
354 940 464 993 τῶν
493 940 691 994 ἄλλων.
729 941 791 993 Οί
818 939 927 1009 γὰρ
952 937 1014 1004 ἐξ
1049 939 1316 992 Ἰουδαίων
1345 940 1796 1003 πεπιστευκότες,

217 1033 493 1101 ἡγήσαντο
520 1031 619 1101 τῆς
652 1030 760 1083 τῶν
799 1028 971 1082 ἐθνῶν
1000 1029 1292 1099 σωτηρίας.
1327 1030 1484 1082 Διατὶ
1521 1030 1594 1101 μὴ
1627 1027 1677 1096 γ’
1707 1029 1801 1084 καὶ

217 1122 260 1175 θ’
293 1122 481 1191 φυλαὶ,
524 1120 662 1174 ἀλλὰ
694 1119 806 1174 δύω
833 1121 1009 1190 ἥμισυ
1042 1121 1208 1190 φυλαὶ
1240 1120 1346 1173 ὑπὸ
1369 1122 1674 1184 Μωῦσέως,
1704 1121 1801 1175 καὶ

215 1215 370 1267 ἐννέα
401 1215 574 1285 ἥμισυ
608 1214 1059 1283 κληροδοτοῦνται
1085 1213 1191 1266 ὑπὸ
1232 1214 1447 1282 ’1ησοῦ;
1498 1214 1584 1277 Ὠς
1606 1213 1672 1268 ἂν
1702 1215 1802 1285 ἁρ-

218 1301 372 1377 μονίά
401 1307 630 1376 γένηται
662 1311 773 1360 τῶν
802 1305 911 1359 δύω
944 1303 1090 1357 λαῶν
1121 1304 1541 1374 σημαινομένων
1584 1305 1673 1358 διὰ
1703 1322 1801 1374 φυ-

213 1397 330 1465 λῆς,
360 1398 393 1468 ἢ
425 1397 486 1451 τὸ
516 1396 771 1470 μητρῷον
798 1396 952 1466 γένος
978 1398 1060 1459 εἰς
1085 1396 1443 1464 Αἰγυπτίους,
1476 1398 1558 1458 είς
1581 1396 1800 1467 Ἰσραὴλ

210 1487 266 1541 δὲ
289 1489 348 1541 τὸ
379 1488 634 1560 πατρῷον
661 1487 1135 1559 ἁνέπεμπε.Τάχα
1165 1487 1244 1554 δὲ,
1280 1489 1436 1556 φασὶ,
1457 1488 1553 1541 καὶ
1585 1489 1634 1541 ot
1665 1489 1801 1559 πρό-

210 1598 359 1651 τεροι
406 1581 614 1653 ἥψαντο
660 1581 762 1653 μὲν
806 1582 907 1652 τῆς
956 1581 1210 1650 Τριὰδος,
1249 1581 1311 1633 ού
1364 1580 1470 1652 μὴν
1515 1578 1796 1652 καθαρῶς.

212 1671 376 1726 Οὔπω
422 1674 532 1744 γὰρ
577 1674 638 1727 τὸ
683 1673 783 1741 τῆς
832 1672 1147 1743 οἰκονομίας
1191 1673 1553 1744 προσέκειτο,
1600 1674 1650 1725 εί
1704 1672 1799 1725 καὶ

204 1765 446 1835 Χριστὸν
492 1766 938 1837 προεκήρυττονο
987 1765 1104 1819 ἀλλ’
1149 1764 1514 1836 ἠρμόσθησαν
1557 1764 1647 1819 διὰ
1700 1763 1795 1819 τοῦ

1907 578 2037 623 ante
2066 567 2300 638 gratiam
2339 567 2575 638 perfecti
2612 580 2931 633 evaserunt,
2984 572 3239 642 interque
3283 577 3492 644 primo-

1904 660 2123 728 genitos
2142 657 2368 712 lsraelis
2398 670 2788 713 numerantur.
2812 657 2915 713 Per
2931 659 3119 714 Mosen
3141 664 3490 733 primogenii

1906 759 2087 803 sortes
2110 758 2449 816 acceperunt
2483 751 2700 816 Ruben,
2729 747 2846 804 Gad
2879 761 2932 806 et
2964 753 3269 808 Mannsss
3294 754 3428 809 Nam
3456 759 3489 810 ii

1903 856 2123 910 quoque
2162 843 2433 896 succincti
2466 857 2575 909 pra:
2611 844 2737 899 aliis
2771 853 3082 901 transeunt.
3114 844 3218 913 Qui
3246 847 3392 902 enim
3421 840 3493 904 ex

1900 932 2107 988 Judaeis
2126 933 2384 987 ﬁduciam
2400 934 2734 1001 habuerunt,
2750 941 3007 1005 auspices
3024 949 3269 1008 gentium
3293 943 3489 999 salut's

1902 1027 2257 1082 exstiterunt.
2282 1027 2461 1081 Eccur
2481 1043 2610 1083 vero
2636 1045 2748 1084 non
2783 1030 2961 1085 tribus
2994 1042 3046 1085 et
3077 1047 3274 1085 novem
3310 1036 3490 1088 tribu-

1902 1119 2007 1173 bus
2034 1118 2218 1186 potius
2243 1135 2408 1189 quam
2442 1119 2658 1175 duabus
2689 1121 2936 1177 dimidiis
2973 1138 3004 1176 a
3031 1123 3271 1190 Mose,et
3290 1140 3486 1181 novem

1902 1210 2147 1266 dimidiis
2169 1227 2199 1265 a
2223 1210 2394 1267 Josue
2411 1222 2593 1269 sortes
2619 1212 2950 1270 deferuntur
2968 1217 2993 1270 ?
3013 1215 3131 1283 Quo
3157 1223 3428 1288 composit
3454 1236 3489 1276 ο

1902 1301 1998 1355 ﬁat
2028 1301 2264 1357 duorum
2295 1306 2625 1374 populorum
2677 1304 3114 1375 signiﬁcatorum
3155 1325 3250 1378 per
3282 1312 3484 1364 tribum

1899 1407 2022 1448 eam
2054 1409 2180 1463 quae
2236 1405 2549 1451 maternum
2605 1412 2779 1467 genus
2831 1397 2899 1452 ad
2951 1397 3264 1469 Egyptios,
3301 1411 3487 1470 pater-

1902 1499 2033 1537 num
2091 1499 2225 1539 vero
2278 1487 2345 1539 ad
2419 1485 2680 1542 lsraelem
2737 1489 2946 1542 retulit.
3017 1489 3277 1546 Fortasee
3328 1507 3483 1556 vero,

1901 1577 2079 1644 aiunt,
2116 1580 2334 1649 priores
2387 1580 2610 1649 quidem
2663 1579 2991 1635 Trinitatem
3026 1583 3352 1652 attigerunt,
3389 1600 3487 1639 ve-

1901 1685 2025 1723 rum
2066 1669 2289 1723 sincere
2339 1671 2548 1735 minus,
2582 1673 2829 1726 nondum
2860 1673 3007 1727 enim
3053 1674 3486 1740 dispensationis

1903 1771 2123 1829 tempus
2169 1761 2439 1826 instabat,
2492 1763 2750 1830 quamvis
2797 1762 3083 1817 Christum
3133 1764 3307 1819 multo
3353 1774 3485 1820 ante

206 1855 506 1920 λείποντος,
530 1856 865 1927 δηλουμένου
888 1856 976 1911 διὰ
996 1855 1093 1910 τοῦ
1116 1856 1362 1927 ἡμίσεως
1389 1856 1484 1910 τοῦ
1513 1858 1789 1921 τελοῦντος

1904 1852 2256 1907 sermonibus
2309 1853 2582 1907 terebant.
2627 1851 2823 1908 Verum
2876 1856 3209 1920 cointegrati
3261 1870 3356 1926 per
3388 1872 3485 1926 po-

205 1947 313 2000 ύπδ
354 1949 447 2002 τὸν
481 1949 709 2019 Ἰησοῦν.
722 1949 948 2004 Ἔλειπε
978 1949 1091 2020 (51)
1121 1950 1180 2004 δὲ
1211 1949 1306 2003 καὶ
1339 1953 1459 2012 ταῖς
1503 1951 1662 2006 ἐννέα
1697 1952 1794 2005 καὶ

205 2040 397 2111 ἡμίσει
432 2041 630 2111 φυλαῖς
660 2044 743 2105 είς
772 2042 835 2095 τὸ
862 2042 963 2113 τῆς
992 2043 1216 2108 δεκάδος
1245 2044 1460 2097 τέλειον
1488 2045 1537 2096 οξ
1590 2044 1651 2109 ἐξ
1698 2047 1798 2098 ἰσ-

208 2132 348 2203 ροίὴλ
375 2136 488 2196 τοῖς
521 2134 629 2187 ἀπὸ
657 2133 767 2188 τῶν
790 2134 985 2189 ὲθνῶν.
1006 2133 1426 2205 Ἀρμοζομένων
1460 2134 1517 2188 δὲ
1557 2136 1798 2204 ἀμφοτέ-

204 2241 339 2294 ρων,
376 2224 660 2296 σύμφωνοι
714 2227 771 2281 αἱ
821 2227 890 2297 ιβ’
919 2226 1088 2296 φυλαὶ
1125 2228 1182 2281 αἱ
1233 2226 1340 2280 ὑπὸ
1370 2228 1579 2299 Μωῦσῆ
1610 2244 1669 2281 τε
1700 2228 1797 2281 καὶ

215 2315 413 2388 Ἰησοῦ.

1905 1945 2091 2014 pulum
2142 1959 2253 1998 non
2313 1945 2612 2014 integrum,
2672 1961 2884 2015 perque
2934 1946 3218 2001 dimidiam
3281 1949 3485 2004 tribum

1899 2040 2004 2090 sub
2037 2035 2205 2091 Josue
2261 2040 2596 2093 rccensitam
2649 2047 3134 2108 repraesentantur,
3178 2051 3329 2094 sunt.
3383 2040 3486 2095 De-

1900 2129 2004 2184 fuit
2053 2145 2218 2205 ροηνο
2249 2132 2416 2184 etiam
2452 2146 2648 2184 novem
2685 2133 2941 2186 tribubus
2989 2147 3114 2185 cum
3154 2134 3379 2187 dimidia
3416 2136 3483 2188 ad

1898 2223 2111 2277 denarii
2165 2224 2380 2278 numeri
2436 2222 2859 2292 perfectionem,
2920 2226 3183 2279 Israelita:
3231 2227 3484 2282 Videlicet

1899 2317 2221 2385 gentilibus.
2278 2317 2563 2371 Ambobus
2612 2327 2793 2372 autem
2845 2319 3175 2372 combinatis
3218 2334 3483 2372 numerus

1902 2408 2147 2462 tribuum
2194 2407 2572 2465 duodenurius
2619 2418 2672 2464 et
2722 2410 2824 2464 sub
2877 2409 3027 2465 Mose
3078 2418 3133 2464 et
3180 2411 3284 2465 sub
3311 2409 3483 2466 Iosue

1901 2509 2137 2556 constat.

276 2617 477 2674 Omnia
506 2635 831 2692 quwcunque
888 2619 1166 2676 mandarit
1199 2622 1354 2679 nobis
1403 2624 1692 2694 faciemus,
1748 2636 1797 2683 et
1827 2647 2136 2701 quocunque
2180 2631 2421 2685 locorum
2448 2649 2544 2685 nos
2585 2633 2792 2687 miseris
2831 2633 3000 2705 580
3049 2635 3474 2704 proﬁciscemur.

200 2701 270 2774 [1,
314 2705 404 2777 16]
449 2703 686 2761 Tantdm
750 2723 861 2762 non
898 2708 1066 2764 verba
1098 2709 1303 2766 Christi
1363 2713 1759 2783 discipulorum
1814 2729 2228 2787 sunt,quorum
2273 2734 2439 2788 opera
2475 2729 2664 2789 gentes
2718 2721 2781 2773 ad
2817 2701 2983 2775 ﬁdem
3013 2701 3465 2777 suntadduetw.

217 2792 413 2858 Qualis
445 2803 565 2847 erat
621 2793 850 2860 Paulus,
882 2797 978 2865 qui
1033 2797 1170 2867 legis
1204 2802 1547 2866 auctoritati,
1583 2817 1706 2867 quia:
1748 2803 1925 2874 ipsius
1980 2821 2203 2878 quoque
2249 2808 2436 2863 verbis
2480 2808 2637 2862 lucro
2691 2810 2739 2862 ei
2766 2809 2892 2875 fuit,
2926 2827 3049 2864 cum
3087 2812 3466 2868 renuntiasset

201 2897 223 2932 ‹
257 2894 326 2935 ea
360 2895 474 2949 prae
503 2882 742 2938 Christo
772 2884 1004 2937 multam
1033 2898 1157 2940 esse
1186 2886 1343 2954 duxi,
1378 2906 1398 2939 ι
1436 2891 1616 2959 inquit
1640 2889 1708 2945 ”.

268 3009 728 3074 Διαϐιδασθέντες
761 3010 817 3065 δὲ
840 3013 932 3067 τὸν
965 3012 1239 3084 Ἰορδάνην
1280 3006 1459 3081 οὗτοι,
1489 3016 1783 3089 παλινδρο-

196 3102 388 3176 μοῦσι.
422 3102 533 3157 Καὶ
582 3103 759 3168 εἴποις
800 3104 868 3158 ἂν
901 3106 1024 3158 κατ’
1049 3106 1358 3171 ἰδιάζουσαν
1408 3107 1645 3181 θεωρίαν
1678 3113 1787 3163 ὲοι-

190 3194 354 3250 κέναι
379 3195 589 3259 τούτοις
616 3197 744 3259 τοὺς
769 3195 911 3267 μετὰ
930 3196 1028 3267 τὴν
1055 3198 1216 3268 χάριν
1246 3199 1676 3269 εἰσηγουμένους
1696 3199 1787 3254 τὸν

189 3287 382 3355 νόμον.
414 3286 573 3341 Κατὰ
601 3284 659 3338 δὲ
684 3284 784 3357 τὴν
807 3287 1214 3359 προρρηθεῖσαν
1237 3287 1591 3360 ἀλληγορίαν,
1617 3290 1788 3360 χωρὶς

187 3374 223 3444 ή
235 3371 356 3443 μῶν
387 3373 449 3425 ού
479 3373 811 3443 τυγχάνουσι
846 3373 957 3427 τῶν
1006 3375 1430 3453 ὲπαγγελιῶνγοί
1460 3375 1554 3429 τοῦ
1585 3378 1787 3448 προτέ-

192 3482 292 3537 ρου
324 3451 479 3531 λαοῦ,
515 3465 613 3519 τοῦ
648 3465 786 3520 Θεοῦ
824 3468 1075 3539 κρεῖττόν
1123 3485 1175 3522 τι
1214 3471 1342 3540 περὶ
1370 3451 1532 3539 ’ἡμῶν
1563 3471 1790 3539 προϐλε-

182 3558 467 3629 ψαμένου,
498 3559 587 3612 ἵνα
619 3558 694 3630 μὴ
721 3559 893 3631 χωρὶς
940 3559 1100 3631 ἡμῶν
1139 3561 1496 3616 τελειωθῶσι.
1528 3563 1790 3626 Γυναῖκες

182 3649 302 3721 γὰρ
334 3649 514 3704 αὐτῶν
551 3652 646 3704 καὶ
676 3651 865 3712 παῖδες
909 3652 1289 3706 ἀνεπαύσαντο
1343 3654 1495 3725 μόνοι
1545 3654 1652 3726 πρὸ
1693 3654 1787 3708 τοῦ

197 3741 475 3812 Ἰορδάνου
499 3758 513 3772 ·
552 3744 706 3798 αὐτοὶ
734 3743 791 3796 δὲ
819 3743 911 3796 τὸν
936 3743 1067 3796 λαὸν
1096 3744 1353 3812 ὁδηγοῦσι
1397 3747 1786 3817 περιζωσάμε-

181 3849 274 3886 νοι
302 3834 403 3906 τὴν
426 3833 602 3903 ὀσφῦν
632 3836 812 3889 αὐτῶν
844 3836 901 3891 ὲν
932 3837 1182 3909 ἀληθείᾳ.
1219 3839 1329 3892 Καὶ
1359 3841 1500 3910 μετὰ
1530 3840 1646 3910 βίον
1678 3823 1787 3911 γὰρ

181 3925 653 3995 συναγωνίζονται
684 3931 794 3991 τοῖς
822 3932 1035 3993 πιστοῖς
1067 3930 1182 3983 ὅσοι
1216 3932 1409 4003 ἄνδρες
1436 3932 1695 4000 γεγόνασι
1718 3933 1789 3984 τὰ

176 4016 287 4072 τοῦ
332 4019 527 4090 νηπίου
574 4020 1067 4090 καταργήσαντες,
1119 4021 1263 4085 οἴους
1311 4023 1339 4074 ὁ
1391 4022 1606 4085 Παῦλος
1659 4023 1787 4086 τοὺς

192 4111 491 4180 Ἐφεσίους
542 4113 701 4182 φησὶ,
732 4113 1038 4184 Κορινθίων
1075 4113 1532 4184 χρηματιζόντων
1582 4113 1786 4185 παρθέ-

176 4217 324 4258 νων.
354 4203 600 4274 Διαφορά
629 4204 737 4275 γὰρ
769 4204 828 4256 ἐν
859 4205 974 4268 τοῖς
1004 4203 1356 4275 σωζομένοις.

258 4471 377 4525 Καὶ
407 4470 580 4536 ὅστις
600 4468 688 4539 μὴ
719 4468 957 4541 ἀκούσῃ
978 4468 1097 4524 τῶν
1118 4467 1405 4539 ῥημάτων
1430 4448 1568 4523 σίου.
1589 4468 1785 4523 Τοιαῦ-

171 4576 254 4615 τα
279 4561 377 4615 καὶ
406 4560 455 4613 oi
483 4559 579 4613 τοῦ
606 4558 845 4629 Χριστοῦ
876 4557 1119 4628 μαθηται
1139 4573 1152 4588 ·
1194 4577 1214 4610 ι
1238 4558 1378 4621 Τοὺς
1409 4558 1508 4628 μὲν
1526 4553 1621 4612 οὖν
1649 4558 1780 4629 χρό-

173 4668 319 4716 νους
366 4651 466 4722 τῆς
515 4651 741 4719 ἀγνοίας
772 4647 1044 4722 ὑπεριδὼν
1071 4651 1099 4702 δ
1129 4649 1282 4713 Θεὸς,
1316 4668 1335 4701 ι
1383 4652 1480 4703 καὶ
1520 4649 1588 4703 τὰ
1629 4650 1778 4722 ἑξῆς.

1962 3021 2133 3076 Porro
2166 3021 2406 3077 traducti
2442 3038 2538 3092 per
2585 3021 2882 3076 Jordanem
2937 3023 3127 3091 pedem
3165 3027 3479 3081 retulerunt

1894 3114 1992 3168 illi.
2031 3115 2185 3180 Quos
2233 3116 2436 3184 aliquis
2491 3115 2771 3184 privatum
2810 3122 3039 3170 secutus
3066 3117 3364 3186 judicium,
3406 3119 3479 3175 iis

1893 3218 2017 3257 esse
2070 3206 2279 3258 similes
2324 3204 2420 3273 qui
2497 3214 2627 3275 post
2674 3206 2907 3276 gratiam
2958 3207 3134 3278 legem
3186 3210 3474 3273 invehunt,

1897 3295 2072 3363 possit
2118 3293 2327 3350 dicere.
2385 3296 2660 3352 Cancrum
2695 3297 2855 3367 juxta
2909 3300 3230 3368 praedictam
3273 3301 3479 3372 allego-

1895 3389 2032 3439 riam
2081 3391 2099 3457 (
2148 3387 2251 3441 hoc
2309 3395 2395 3442 est
2446 3389 2840 3445 similitudinis
2894 3391 3159 3458 sensum)
3210 3393 3479 3462 antiquus

1893 3476 2126 3544 pupulus
2151 3475 2321 3538 .nobis
2347 3478 2583 3531 seorsim
2618 3479 3051 3547 promissionum
3093 3494 3200 3534 non
3232 3480 3290 3535 ﬁt
3320 3497 3476 3537 com-

1891 3581 1988 3633 pos
2018 3565 2082 3631 ³⁸,
2124 3564 2265 3620 Deus
2295 3565 2443 3620 enim
2479 3566 2661 3620 adhuc
2691 3567 2760 3622 de
2805 3571 3178 3637 praestantiori
3212 3573 3472 3642 quopiam

1890 3656 2051 3711 nobis
2106 3657 2366 3727 dispexit,
2417 3671 2488 3710 ne
2531 3660 2765 3712 scorsim
2819 3660 3201 3729 perﬁciantur,
3264 3665 3476 3734 absum:

1890 3747 2159 3803 uxoribus
2209 3748 2470 3803 videlicet
2515 3756 2571 3803 et
2606 3748 2800 3805 liberis
2831 3751 2925 3820 qui
2975 3753 3078 3806 soli
3113 3763 3241 3809 ante
3277 3754 3476 3811 Jorda.

1888 3847 2010 3887 nem
2039 3831 2379 3887 resederant.
2412 3831 2525 3902 Ipsi
2561 3847 2692 3887 vero
2741 3834 2964 3889 lumbos
2998 3835 3055 3889 in
3089 3838 3323 3894 veritate
3354 3839 3478 3893 cin-

1887 3923 1962 3979 cti
2016 3923 2236 3978 itineris
2289 3924 2496 3994 populo
2567 3932 2700 3981 sunt
2746 3934 3030 3980 auctores.
3084 3925 3299 3982 Etenim
3349 3938 3478 3998 post

1886 4014 2054 4068 vitam
2095 4029 2223 4068 cum
2255 4012 2515 4071 ﬁdelibus
2542 4022 2763 4069 certant
2816 4022 3096 4086 quotquot
3130 4018 3341 4075 relictis
3367 4037 3475 4075 nu-

1886 4106 2047 4160 cibus
2074 4106 2229 4161 viros
2277 4120 2400 4161 sese
2434 4105 2838 4175 praestiterunt,
2891 4109 3210 4177 cuiusmodi
3263 4110 3475 4168 Paulus

1885 4199 1953 4255 de
2002 4198 2263 4269 Ephesiis
2311 4207 2554 4255 testatur
2585 4198 2659 4265 ⁸⁷,
2713 4199 2808 4269 qui
2862 4199 3196 4259 Corinthios
3227 4205 3474 4275 virgines

1888 4297 2176 4358 nuncupat
2235 4288 2303 4345 ³⁸.
2336 4287 2436 4345 Est
2481 4289 2631 4345 enim
2680 4288 2998 4347 dill'erentia
3053 4295 3204 4350 inter
3232 4312 3331 4353 eos
3377 4298 3476 4368 qui

1885 4388 2202 4435 servantur.

1946 4470 2017 4525 Et
2038 4474 2339 4543 quicunque
2370 4489 2475 4527 non
2512 4473 2798 4529 obedioerit
2819 4474 2989 4530 verbis
3016 4481 3143 4532 tuis.
3177 4477 3319 4551 [18.]
3355 4480 3472 4536 Hu-

1879 4563 2122 4635 jusmodi
2198 4566 2364 4620 etiam
2441 4564 2677 4653 Christi,
2712 4567 2994 4636 discipuli,
3061 4569 3228 4637 quale
3312 4570 3467 4625 hoc:

1891 4677 1911 4709 ε
1976 4658 2115 4713 Cum
2175 4659 2345 4729 igitur
2410 4668 2658 4731 tempora
2735 4660 3065 4731 ignorantia:
3131 4663 3472 4732 neglexisset

169 4743 303 4797 Καὶ
337 4742 366 4794 ὁ
392 4741 630 4813 Χριστὸς
656 4741 712 4795 δέ
743 4757 909 4812 φησιν
928 4756 943 4771 ’
986 4760 1005 4794 ί
1026 4740 1203 4812 Ἀμὴν
1224 4739 1368 4807 λέγω
1397 4741 1527 4812 ὑμῖν
1563 4741 1657 4795 ἐὰν
1700 4741 1776 4814 μὴ

1899 4747 2031 4804 Deus
2069 4749 2139 4815 ³³,
2179 4766 2199 4801 ι
2258 4757 2314 4803 et
2341 4749 2550 4819 reliqua
2612 4749 2900 4820 deinceps.
2951 4748 3177 4807 Necnon
3212 4752 3469 4812 Christus

173 4833 568 4905 πιστεύσητε,
630 4834 689 4887 ἐν
742 4834 864 4897 ταῖς
922 4832 1227 4905 ἁμαρτίαις
1280 4833 1439 4904 ὑμῶν
1488 4831 1780 4888 ἀποθανεῖ-

1908 4839 2066 4909 nquit
2099 4858 2112 4893 :
2148 4857 2167 4892 ι
2219 4840 2399 4894 Amen
2433 4839 2560 4895 dico
2604 4840 2786 4906 vobis,
2838 4843 2883 4896 si
2924 4858 3035 4898 non
3082 4844 3444 4903 credideritis

173 4926 304 4981 σθε.
335 4946 355 4980 ι

251 5036 375 5093 Καὶ
393 5035 761 5092 ἀπέστειλεν
797 5034 1031 5104 Ἰησοῦς
1053 5035 1187 5102 υἱὸς
1210 5036 1317 5092 τοῦ
1331 5035 1503 5107 Ναυῆ
1535 5038 1606 5092 ἐκ
1631 5038 1778 5093 Σάτ-

170 5144 313 5183 τειν
345 5127 458 5199 (32)
498 5126 621 5181 δύω
661 5125 890 5194 ἄνδρας
929 5127 1427 5183 κατασκοπεῦσαι
1472 5128 1591 5198 τὴν
1631 5128 1770 5199 γῆν.

169 5219 452 5292 Ιιρθλέγει
480 5218 571 5272 τὸν
596 5217 817 5290 πρῶτον
838 5215 953 5287 βίον
1017 5218 1120 5289 τῆς
1178 5219 1409 5290 πόρνης,
1437 5219 1525 5274 ενα
1555 5219 1771 5291 θαυμά-

1882 4927 1937 4982 in
1972 4929 2216 4998 peccatis
2256 4928 2462 4985 vestris
2491 4930 2837 4986 occumbetis
2878 4930 2949 4986 ⁸ο.
2987 4951 3007 4984 ι

1955 5041 2023 5095 Et
2075 5042 2390 5099 amandavit
2433 5041 2604 5099 Iosue
2662 5044 2812 5115 ﬁlius
2852 5044 3004 5121 Nare
3038 5062 3067 5100 e
3100 5045 3262 5101 Sitim
3330 5047 3464 5103 duci

1868 5133 2090 5203 juvenes
2188 5134 2390 5189 occulte
2461 5135 2822 5205 exploratum,
2894 5146 2951 5193 et
3032 5137 3244 5207 reliqua
3304 5137 3434 5194 dein

1877 5239 2029 5296 ceps.
2084 5223 2287 5298 [11,1.]
2353 5226 2639 5298 Proponit.
2681 5229 2975 5299 pristinam
3024 5229 3455 5285 meretricis‘vi‘

170 5304 286 5384 σῇς
309 5311 411 5382 τὴν
436 5311 502 5364 ὲκ
532 5307 726 5363 τούτου
767 5312 1125 5379 μετάστασιν.
1154 5310 1229 5365 Τὸ
1255 5310 1359 5383 μὲν
1386 5309 1482 5367 οὖν
1513 5312 1768 5379 δέξασθαι

1899 5331 2011 5382 ain,
2066 5330 2179 5387 quo
2235 5317 2413 5388 magis
2470 5319 2642 5389 ipsius
2720 5319 3078 5376 mutationem
3144 5319 3460 5379 admireris.

236 5485 288 5519 ³⁸
332 5486 564 5560 fhilipp.
593 5505 674 5552 ιιι,
717 5490 771 5543 7.

165 5572 298 5621 \‘ttt,
329 5556 421 5611 24.

875 5490 920 5523 ³⁸
954 5487 1120 5547 llehr.
1152 5504 1229 5560 ιι,
1262 5490 1354 5548 40.
1419 5491 1464 5525 ³⁷
1492 5488 1697 5563 Ephcs.
1762 5506 1789 5546 r

1909 5492 1956 5547 t.
2036 5487 2083 5520 ³⁸
2134 5490 2177 5547 11
2206 5493 2335 5550 Cor.
2364 5510 2461 5563 xu,
2487 5496 2544 5551 2.
2635 5496 2681 5529 ³⁹
2718 5497 2844 5555 Act.
2897 5511 3032 5564 xvn,
3065 5496 3159 5559 50.
3197 5493 3246 5529 “
3284 5498 3447 5558 Joau.

1703 5671 1937 5730 NOTIE.

243 5785 362 5861 (5|)
406 5786 679 5838 Ἕλειπον.
699 5784 910 5853 Ἀνάγν.

1947 5786 2060 5860 (52)
2103 5788 2231 5854 Υἱὸς
2258 5789 2416 5861 Ναυῆ
2454 5792 2513 5845 ὲν
2541 5793 2759 5850 Σαττίν.
2795 5794 2867 5849 Αἱ
2895 5796 3017 5851 αὐτ.
