3956 6440
499 373 610 438 999

1803 365 2160 428 PROCOPII
2185 365 2425 428 GAZ/El

3655 353 3776 432 1000

503 493 773 548 Catieer
827 488 934 544 hoc
989 485 1135 558 quod
1185 486 1336 542 viros
1387 485 1644 554 excipere
1690 495 1776 538 est
1826 484 2076 556 dignata,

2202 486 2308 546 τοὺς
2355 484 2576 555 ἄνδρας,
2610 483 2922 555 θαυμαστὸν
2959 481 3146 536 οὐδέν’
3193 478 3660 554 πανδοκευτρίας
3691 495 3787 555 γάρ

507 581 892 636 admirationis
941 579 1077 634 nihil
1131 579 1316 642 habet,
1363 577 1498 654 qui'd
1529 577 1677 631 enim
1707 591 1888 646 caupo
1922 591 2075 646 qua:-

507 672 592 727 vis
625 674 736 744 agit
771 672 992 727 minus?
1019 669 1184 727 Fides
1227 678 1412 725 autem
1453 667 1576 738 ejus
1601 675 1689 723 est
1719 667 1974 722 miriﬁca.

571 765 862 818 Dominum
924 765 1072 820 enim
1126 763 1196 819 ad
1242 764 1390 818 hunc
1457 759 1757 816 conﬁtetur
1809 757 2080 814 modum:

512 863 532 907 ι
568 854 836 909 Dominus
891 854 1036 910 Deus
1081 863 1212 911 tuus
1266 855 1534 910 Dominus
1583 861 1673 908 est
1714 852 1911 908 unicus
1958 853 2024 907 δι,
2060 871 2080 905 ι

505 947 662 1013 Quod
723 948 992 1004 lsraelitae
1059 964 1125 1003 ex
1183 963 1294 1018 quo
1366 945 1658 1000 Dominum
1714 945 1810 1015 qui
1871 945 1982 1000 illis
2029 945 2084 998 in

509 1043 695 1090 monte
745 1034 877 1088 Sina
925 1037 1258 1104 comparuit,
1300 1049 1442 1105 eque
1477 1034 1621 1103 ignis
1673 1033 1858 1088 medio
1886 1042 1972 1089 est
2002 1034 2100 1089 10--

509 1137 695 1192 cutus,
747 1125 1097 1193 audiverant,
1153 1127 1326 1180 vitulo
1371 1125 1647 1216 fabricato
1695 1134 1822 1196 post
1872 1139 2084 1196 tergum

509 1217 858 1287 rejecerunt;
905 1233 994 1284 ac,
1037 1236 1058 1270 ι
1093 1219 1189 1274 lsti
1233 1227 1364 1274 sunt
1399 1217 1482 1272 Dii
1537 1219 1639 1282 tui,
1669 1219 1853 1283 lsrael,
1880 1235 1900 1268 ι
1937 1219 2091 1274 dixe-

509 1318 638 1362 runt
667 1307 734 1362 “.
772 1309 865 1364 Est
895 1325 1028 1364 vero
1057 1311 1175 1364 hmc
1225 1309 1422 1363 mulier
1448 1307 1746 1376 cuiusdam
1782 1308 2090 1379 margaritae

508 1396 563 1448 in
627 1395 738 1449 luto
788 1395 1021 1451 defossae
1073 1397 1270 1460 instar,
1322 1411 1444 1466 quae
1491 1396 1698 1450 exitum
1761 1395 1984 1452 lsraelis
2019 1412 2087 1451 ex

511 1482 752 1554 Egypto
803 1499 914 1539 non
960 1483 1190 1539 ascribit
1219 1483 1348 1546 diis,
1399 1496 1589 1538 verum
1615 1480 1928 1536 audivimus
1953 1498 2092 1552 qua-

510 1578 631 1632 lia:
691 1597 710 1629 ί
751 1577 1022 1634 Dominus
1073 1577 1220 1633 Deus
1267 1585 1449 1632 vester
1493 1577 1607 1647 egit
1635 1591 1760 1631 cum
1789 1575 2088 1648 Egyptiis,

511 1663 713 1733 inquit.
761 1663 841 1718 Ac
901 1666 1048 1734 quod
1103 1664 1249 1720 fama
1299 1679 1411 1720 non
1439 1665 1710 1736 percepit,
1762 1666 1952 1721 divina
1987 1682 2092 1738 ope

512 1769 613 1825 per
641 1755 798 1809 ﬁdem
827 1756 1092 1827 abripuit.

2183 577 2244 629 τὺ
2273 575 2434 646 ἔργον
2456 593 2470 606 ·
2497 577 2560 630 τὸ
2587 577 2644 630 δὲ
2674 577 2773 646 τῆς
2800 575 3037 641 πίστεως
3063 576 3432 648 ὑπερϐάλλει.

2257 755 2460 826 Κύριον
2505 754 2758 825 ὁμολογεί
2795 753 2888 806 τὸν
2943 753 3100 816 Θεὸν,
3137 754 3280 808 κατὰ
3327 753 3439 808 τόο
3478 772 3502 806 ’1
3536 753 3734 826 Κύριος
3761 757 3786 808 ό

2184 851 2316 914 Θεός
2347 865 2462 911 σου,
2491 847 2694 918 Κύριος
2723 841 2804 910 εἷς
2835 849 3004 899 ἐστιν.
3035 865 3053 896 ι
3083 846 3259 917 Ὅπερ
3281 847 3313 897 ὁ
3347 845 3590 916 Ἰσραὴλ
3617 848 3682 900 ὲκ
3701 849 3785 902 τοῦ

2185 945 2245 994 ὲν
2271 941 2350 1011 τῷ
2376 939 2509 1010 Σινᾷ
2541 938 2804 1009 φανέντος
2835 936 3168 1002 ἀκούσαντες
3211 938 3276 990 ὲκ
3311 937 3502 1008 μέσου
3557 935 3782 1007 φθεγγο-

2191 1037 2354 1106 μένου
2402 1033 2596 1104 πυρδς,
2631 1032 2830 1087 αὐτίκα
2872 1031 3198 1103 παρέϐησαν
3245 1035 3781 1104 μοσχοποιήσαντες,

2185 1127 2338 1194 καὶ,ι
2361 1120 2544 1191 Οὗτοι,
2564 1125 2923 1196 φήσαντες,οἱ
2954 1123 3064 1178 θεοί
3085 1123 3473 1197 σου,Ἰσραήλ.
3491 1145 3513 1178 ι
3543 1127 3692 1197 Αὕτη
3709 1127 3775 1196 δὲ,
3857 1161 3871 1180 ι

2187 1214 2277 1275 οἷά
2321 1237 2403 1283 τις
2462 1219 2812 1290 μαργαρίτης
2859 1219 2919 1271 ἐν
2973 1217 3224 1290 βορϐόρῳ
3267 1219 3699 1290 κρυπτόμενος,
3727 1221 3779 1274 οὐ

2187 1309 2332 1372 θεοῖς
2362 1309 2658 1380 ἐπιγράφει
2685 1309 2784 1377 τὴν
2817 1307 2997 1373 ἔξοδον
3015 1309 3250 1381 Ἰσραὴλ,
3271 1309 3422 1370 ἀλλ’.
3443 1309 3778 1382 Ἡκούσαμεν

2189 1394 2279 1453 οἷα
2334 1398 2744 1468 Κύριοςὸθεὸς
2800 1397 2954 1468 ὑμῶν
2987 1399 3214 1470 εποίησε
3268 1401 3391 1464 τοῖς
3445 1399 3774 1468 Αἰγυπτίοις.

2193 1493 2302 1546 Καὶ
2345 1493 2375 1546 ὃ
2409 1493 2484 1564 μὴ
2525 1491 2802 1564 παρέλαϐε
2834 1491 2900 1544 δι’
2927 1491 3118 1562 ἀκοῆς,
3159 1493 3225 1546 ὲκ
3253 1491 3398 1546 Θεοῦ
3437 1491 3532 1546 διὰ
3565 1492 3775 1560 πίστεως

2191 1586 2432 1657 ἥρπασε.

575 1847 838 1916 Adeoque
889 1826 1226 1903 luculentam
1271 1847 1506 1920 ﬁguram
1557 1847 1818 1907 Ecclesiae
1861 1852 2089 1922 gentilis

2263 1854 2443 1916 Τῦπος
2470 1852 2639 1917 ὅντως
2665 1853 2766 1925 τῆς
2799 1849 3129 1924 Ἑκκλησίας
3149 1893 3166 1920 ,
3191 1852 3228 1924 ἢ
3258 1851 3541 1924 πρότερον
3571 1851 3766 1924 zopst

514 1938 749 2008 praetulit
785 1955 802 2006 ;
837 1938 979 2009 ejus,
1018 1939 1269 2010 inquam,
1314 1956 1439 2010 quae
1477 1941 1634 2010 prius
1665 1941 1719 1997 in
1751 1945 2092 2000 scortatione

515 2030 826 2086 daemonum
880 2031 1332 2102 pervolvebatur.
1387 2031 1551 2088 Juxta
1586 2033 1720 2088 illud
1753 2053 1768 2090 :
1805 2055 1823 2087 ι
1859 2034 2092 2092 Eramus

513 2129 570 2176 et
605 2135 707 2176 nos
739 2121 1016 2189 quondam
1072 2121 1348 2176 increduli
1380 2122 1445 2177 “.
1502 2142 1522 2176 ι
1559 2123 1692 2190 Quae
1727 2123 1856 2178 item
1884 2123 2093 2180 Christi

513 2211 890 2281 exploratores
923 2209 1157 2266 Domino
1205 2212 1469 2282 populum
1502 2212 1840 2268 destinatum
1869 2229 2094 2283 compa-

516 2309 706 2358 rantes
737 2301 1004 2371 suscepit,
1055 2316 1265 2371 eosque
1300 2303 1357 2357 in
1386 2305 1608 2356 domum
1639 2301 1930 2358 subduxit.
1962 2302 2097 2358 Nul-

520 2395 606 2448 lus
635 2393 783 2448 enim
813 2391 945 2449 Jesu
996 2393 1318 2464 explorator
1351 2409 1474 2450 esse
1500 2402 1682 2464 potest
1726 2393 1902 2461 humi,
1934 2395 2095 2461 nihil,

518 2487 768 2556 inquam,
799 2485 946 2555 quod
999 2485 1073 2540 sit
1106 2485 1270 2540 infra.
1318 2487 1399 2541 Ac
1432 2489 1482 2543 si
1535 2488 1662 2558 quis
1719 2502 1815 2544 eos
1846 2489 1978 2544 velit
2014 2505 2099 2545 re-

519 2574 710 2648 cipere
757 2576 811 2633 ei
859 2575 1060 2632 domus
1108 2576 1365 2632 absoluta
1415 2588 1502 2634 est
1545 2579 1904 2644 exstruenda,
1936 2578 2099 2634 cubi-

519 2659 906 2726 culo'corona
978 2670 1227 2740 praedita,
1287 2665 1399 2741 quo
1443 2685 1562 2740 eos,
1585 2669 1872 2727 commode
1922 2673 2100 2742 possit

519 2763 823 2832 suscipere,
859 2775 1197 2832 sursumque
1243 2763 1576 2820 subducere.

584 2851 798 2921 Hospes
846 2865 1013 2922 porro
1060 2851 1178 2906 haec
1233 2852 1544 2908 meretricis
1595 2853 1720 2908 loco
1769 2861 1924 2910 vates
1957 2868 2102 2925 quo-

521 2958 632 3013 que
675 2941 873 2997 evasit.
928 2959 946 2992 ι
979 2939 1114 2996 Novi
1155 2943 1327 3008 enim,
1399 2943 1602 3013 inquit,
1643 2943 1790 3014 quod
1838 2945 2106 3003 Dominus

521 3032 668 3088 Deus
695 3043 880 3088 vester
911 3033 1142 3087 tradidit
1174 3036 1318 3089 hanc
1355 3041 1565 3088 terram
1599 3035 1778 3090 vobis.
1817 3053 1836 3087 ι

589 3123 865 3190 Quocirca
897 3140 1010 3180 non
1040 3127 1249 3196 inepte,
1273 3125 1384 3180 imo
1413 3125 1586 3180 divini
1623 3125 1867 3197 Spiritus
1898 3127 2102 3184 instin-
2129 3152 2174 3212 ο

519 3224 612 3273 ctu
687 3216 887 3284 suasit,
963 3225 1026 3272 ut
1071 3217 1128 3272 in
1195 3226 1522 3272 montanum
1590 3219 2100 3289 proﬁciscerentur.

521 3308 707 3375 Quare
735 3323 854 3364 eam
882 3309 1190 3365 admiratus
1217 3309 1450 3376 Paulus,
1483 3310 1665 3380 inquit
1696 3327 1710 3366 :
1745 3329 1767 3362 ι
1804 3310 1908 3366 Per
1939 3311 2102 3367 ﬁdem

523 3417 632 3456 non
667 3416 794 3457 cum
838 3402 1144 3458 incredulis
1194 3402 1362 3474 periit
1407 3403 1586 3468 Raab,
1631 3419 1754 3474 quae
1786 3405 2107 3474 explorato-

522 3506 614 3546 res
645 3493 896 3562 suscepit
921 3491 988 3546 δ’.
1045 3509 1066 3542 ι
1106 3489 1355 3563 Eamque
1399 3492 1457 3547 in
1516 3505 1808 3548 numerum
1858 3495 2105 3550 omnium

523 3592 852 3640 sanctorum
886 3581 1079 3638 rel‘ert.

597 3693 771 3750 Porro
823 3693 1098 3764 sapientia
1167 3708 1391 3764 quoque
1441 3703 1877 3768 quantacunque
1936 3697 1991 3752 in
2041 3713 2107 3753 ea

521 3787 726 3852 elucet,
767 3787 836 3842 ab
886 3787 1318 3856 inquisitoribus
1367 3787 1516 3843 enim
1570 3790 1910 3860 interrOgata
1941 3791 2010 3846 ad
2047 3807 2108 3848 se

525 3877 811 3948 ingressos
857 3875 1241 3946 exploratores
1277 3889 1404 3930 esse
1441 3891 1550 3930 non
1585 3884 1870 3946 pernegat,
1909 3877 2108 3932 immo-

526 3967 712 4022 dicum
766 3967 914 4022 enim
961 3965 1310 4019 mendacium
1357 3964 1684 4020 incredibile
1743 3973 1850 4031 est,
1915 3980 2106 4020 verum

529 4074 653 4115 cum
679 4059 1008 4112 aliirmasset
1049 4054 1208 4120 illud,
1241 4055 1532 4112 mendacio
1571 4059 1734 4114 ﬁdem
1765 4059 2106 4114 conciliavit.

533 4150 843 4206 Subintulit
874 4149 1019 4204 enim
1058 4164 1074 4202 :
1112 4165 1132 4199 ι
1184 4147 1320 4201 Nam
1351 4150 1598 4218 perviam
1633 4150 1781 4204 hanc
1829 4151 2112 4207 discesse-

533 4250 682 4298 runt.
719 4259 740 4294 ι
794 4239 1025 4310 Negatio
1069 4238 1217 4294 enim
1243 4254 1366 4309 quae
1400 4240 1674 4312 principio
1725 4243 1784 4296 lit
1817 4243 2112 4297 scrutatio-

535 4336 624 4390 nis
661 4347 830 4388 causa
861 4331 1080 4387 fuisset.

602 4449 782 4513 Quare
817 4414 1012 4500 Salutis
1054 4443 1362 4499 mercedem
1413 4459 1538 4500 cum
1605 4453 1716 4500 tota
1762 4461 1863 4501 sua
1902 4444 2109 4502 familia

539 4539 800 4610 percepit,
837 4553 963 4592 cum
1021 4535 1181 4608 signo
1231 4533 1377 4591 funis
1427 4538 1673 4592 coccinei
1725 4537 1930 4594 Christi
1978 4555 2110 4594 sau-

2191 1947 2256 2016 τῇ
2283 1945 2398 1999 τῶν
2420 1943 2690 2016 δαιμόνων
2719 1945 2970 2017 ἐφέρετο,
2995 1944 3139 1998 κατὰ
3165 1944 3248 1997 τό·
3278 1940 3504 2014 «Ἦμεν
3528 1945 3632 2014 γάρ
3655 1959 3762 1998 ποτε

2193 2037 2289 2090 καὶ¹
2313 2037 2475 2107 ἡμεῖς
2503 2036 2771 2104 ἀπειθεῖς,
2796 2055 2815 2088 ι
2855 2037 2948 2090 καὶ⁵
2971 2036 3068 2090 τοῦ
3098 2035 3344 2106 Χριστοῦ
3372 2037 3506 2099 τοὺς
3528 2035 3762 2090 κατασκό·

2195 2145 2334 2190 πους
2381 2127 2714 2192 ἀποστόλους
2743 2127 2982 2193 ἐδέξατο,
3011 2128 3415 2198 ἑτοιμάζοντας
3443 2127 3626 2199 Κυρίῳ
3650 2127 3754 2180 λαὸν

2195 2221 2727 2292 κατεσκευασμένον,
2763 2221 2860 2274 καὶ
2889 2221 2984 2274 ἐπὶ
3025 2219 3088 2273 τὸ
3127 2219 3286 2291 δῶμα
3319 2218 3552 2282 τούτους
3576 2219 3748 2289 ἀνήγα·

2196 2331 2315 2382 γεν.
2353 2312 2542 2376 Οὐδεὶς
2589 2311 2699 2384 γὰρ
2749 2312 3100 2376 κατάσκοπος
3141 2311 3322 2382 Ἰησοῦ
3381 2310 3590 2366 δύναται
3624 2305 3734 2364 εἶναι

2197 2406 2396 2479 χαμαὶ,
2431 2405 2554 2462 οὐδὲ
2606 2408 2787 2478 μεῖναι
2820 2407 2990 2460 κάτω.
3032 2405 3146 2460 Καὶ
3175 2407 3225 2459 εί
3259 2403 3548 2476 μέλλοιμεν
3570 2403 3730 2463 αὐτοὺς

2201 2498 2590 2567 ὑποδέξασθαι,
2622 2498 2837 2552 τελείαν
2881 2497 3271 2570 οἰκοδομητέον
3315 2497 3521 2563 οἰκίαν,
3546 2495 3732 2564 ἔχουσαι

2199 2593 2360 2663 δῶμα
2385 2593 2480 2646 καὶ
2519 2593 2814 2662 στεφάνην,
2844 2591 2934 2645 ἵνα
2967 2589 3336 2659 ὐποδέξασθαι
3369 2589 3585 2653 τούτους
3605 2585 3747 2642 δυνώ-

2206 2687 2367 2758 μεθα,
2404 2685 2502 2740 καὶ⁸
2525 2683 2858 2740 ἀναϐιϐάσαι
2891 2683 3027 2740 ἅνω.

2277 2863 2555 2934 Προφῆτις
2593 2863 2716 2918 ἀντὶ
2761 2863 2968 2936 πόρνης
3013 2863 3260 2934 ἐγένετο,
3298 2883 3317 2914 ι
3339 2863 3644 2932 Ἐπίσταμαι
3669 2858 3747 2913 λέ-

2204 2973 2401 3026 γουσα,
2431 2959 2514 3010 ὃτι
2541 2955 2750 3029 Κύριος
2773 2957 2802 3010 ό
2830 2955 2964 3021 Θεὸς
3009 2956 3164 3027 ὑμῶν
3208 2957 3478 3028 παρέδωκε
3517 2953 3608 3024 τὴν
3649 2951 3744 3020 γῆν

2205 3049 2412 3118 ταύτην
2441 3049 2593 3122 ὑμῖν.
2628 3069 2649 3104 ι

2281 3142 2444 3210 ’Δξια
2476 3141 2572 3196 τοῦ
2609 3141 2756 3196 θείου
2789 3139 3142 3197 συνεϐούλευε
3168 3140 3488 3212 Πνεύματος·
3514 3134 3730 3209 Πορεύε-

2206 3234 2299 3289 σθε
2347 3235 2426 3299 εἰς
2463 3233 2562 3305 τὴν
2609 3235 2851 3304 ὀρεινήν.
2878 3235 2969 3288 Διὸ
2996 3233 3284 3305 θαυμάζων
3317 3232 3470 3304 αὒτὴν
3491 3232 3518 3284 ὁ
3542 3227 3736 3289 Παῦλος

2209 3325 2344 3397 φησί
2371 3341 2384 3355 ·
2422 3345 2441 3378 ι
2472 3326 2660 3379 Πίστει
2693 3325 2866 3380 Ῥαὰϐ
2908 3328 2942 3398 ἡ
2994 3327 3168 3398 πόρνη
3205 3325 3266 3380 οὐ
3302 3322 3615 3380 συναπώλετο
3640 3319 3743 3380 τοῖς

2207 3418 2574 3490 ἀπειθήσασι,
2625 3415 2896 3490 δεξαμένη
2939 3420 3067 3484 τοὺς
3107 3417 3513 3480 κατασκόπους,
3537 3430 3558 3466 ι
3599 3409 3746 3465 πᾶσιν

2207 3513 2376 3585 αὐτὴν
2415 3513 2530 3576 τοῖς
2571 3511 2748 3582 ἁγίοις
2787 3512 3227 3586 συναριθμήσας.

2281 3691 2391 3744 Καὶ
2423 3692 2457 3761 ἡ
2505 3690 2670 3760 σοφία
2715 3689 2774 3744 δὲ
2827 3690 3330 3762 ὅση.Ἐρωτωμένη
3373 3688 3479 3762 γὰρ
3523 3681 3618 3740 ὺπδ
3659 3677 3750 3734 τῶν

2211 3782 2636 3854 ἐπιζητούντων,
2676 3783 2776 3836 οὐκ
2826 3783 3070 3854 ἀρνεῖται
3120 3779 3230 3836 τῶν
3287 3778 3640 3838 κατασκόπων
3671 3771 3754 3842 τὴν

2211 3875 2436 3928 εἴσοδον.
2447 3876 2724 3946 ’Ἄκρατον
2745 3874 2856 3947 γὰρ
2869 3873 3064 3948 ψεῦδος
3079 3875 3366 3929 ἀπίθανον.
3385 3872 3524 3927 Ἀλλ’
3535 3865 3752 3927 εἰποῦσα,

2210 3965 2339 4029 Ναὶ,
2364 3966 2424 4018 τὸ
2440 3965 2638 4036 ψεῦδος
2664 3966 2966 4037 πεποίηκεν
2984 3966 3317 4033 ἀξιόπιστον.
3335 3967 3628 4036 Ἐπήνεγκε
3647 3957 3753 4026 γὰρ.

2215 4077 2234 4108 ι
2261 4057 2348 4122 Ὠς
2380 4057 2536 4128 τήνδε
2573 4058 2674 4128 τὴν
2727 4057 2844 4112 ὁδὸν
2889 4059 3272 4130 ἀνεχώρησαν.
3303 4077 3322 4111 ι
3369 4057 3437 4112 Ἦ
3467 4055 3570 4126 γὰρ
3599 4049 3654 4116 ἒξ
3674 4048 3754 4118 ἀρ·

2210 4149 2313 4222 χῆς
2344 4149 2575 4223 ἄρνησις
2606 4149 2780 4205 ἐκίνει
2808 4151 2944 4222 πρὸς
2972 4149 3220 4223 ἔρευναν.

2285 4433 2498 4488 Μισθὸν
2543 4437 2769 4490 πανοικὶ
2804 4434 2905 4507 τὴν
2937 4434 3210 4506 σωτηρίαν
3237 4431 3460 4498 ἐδέξατο
3488 4428 3562 4500 τῷ
3585 4419 3752 4495 σημείῳ

2220 4527 2314 4582 τοῦ
2356 4527 2612 4582 κοκκίνου
2647 4527 3008 4594 πιστεύσασα,
3041 4528 3136 4582 τοῦ
3176 4526 3416 4599 Χριστοῦ
3453 4528 3516 4580 τὸ
3544 4517 3668 4590 αἷμα
3689 4531 3760 4580 σι’

539 4633 758 4701 guinem
802 4629 1142 4700 signiﬁcanti
1195 4629 1548 4684 credidisset.
1629 4629 1802 4695 Quem
1850 4629 2103 4688 Pharisaei

2227 4619 2498 4688 μαίνοντι.
2536 4621 2602 4672 Ὃ
2638 4618 2712 4692 μὴ
2745 4619 3061 4690 δεξαμένοις
3096 4619 3416 4690 Φαρισαίοις
3460 4613 3685 4701 φησιν’]
3710 4603 3755 4657 ί)ἱ

539 4740 666 4778 cum
699 4725 948 4791 recipere
975 4721 1304 4789 noluissent,
1333 4737 1362 4776 a
1391 4721 1620 4775 Christo
1648 4723 1880 4778 audiunt
1911 4742 1924 4778 :
1958 4743 1976 4776 ‹
2009 4724 2118 4778 Ριι-

540 4815 743 4872 hlicani
795 4823 850 4868 et
903 4815 1225 4869 meretrices
1273 4813 1589 4883 praecedent
1637 4827 1733 4868 vos
1771 4811 1828 4867 in
1883 4828 2114 4884 regnum

537 4909 806 4964 caelorum
831 4906 896 4959 ⁸⁵.
924 4922 943 4954 ι
1126 4921 1132 4926 ·

2223 4709 2452 4765 τελῶναι
2489 4710 2584 4764 καὶ
2627 4711 2824 4780 πόρναι
2861 4711 3196 4780 προάγουσιν
3227 4710 3373 4780 ὑμᾶς
3401 4709 3486 4772 εἰς
3519 4703 3612 4776 τὴν
3637 4697 3758 4794 βασις

2224 4801 2376 4854 λείαν
2404 4799 2512 4854 τῶν
2537 4800 2802 4872 οὐρανῶν.
2826 4817 2844 4851 ι
2878 4799 3064 4853 Ἔοικε
3091 4799 3150 4853 δὲ
3176 4799 3334 4854 τοῦτο
3361 4797 3424 4854 τὸ
3453 4797 3682 4853 κόκκινον
3698 4797 3760 4853 τφ

2225 4893 2527 4948 ἐπιδεθέντι
2559 4895 2626 4963 τῇ
2651 4891 2799 4962 χειρὶ
2821 4889 2980 4944 τοῦτο
3019 4931 3033 4946 .
3059 4931 3073 4946 .
3100 4929 3117 4948 .
3157 4891 3296 4955 (55).

614 5043 681 5098 Et
709 5042 958 5098 dixerunt
972 5043 1021 5098 ei
1049 5042 1147 5098 viri
1171 5041 1258 5094 illi
1283 5057 1302 5096 :
1327 5041 1576 5094 Animam
1597 5050 1840 5096 nostram
1863 5055 1958 5110 pro
1983 5041 2130 5098 vobis
2168 5041 2331 5096 morti
2365 5039 2704 5093 devovemus.
2727 5031 2824 5106 [[1,
2850 5032 2968 5104 “.1
2999 5031 3078 5088 Ita
3101 5045 3322 5103 quoque
3343 5028 3579 5088 carceris
3605 5026 3760 5078 cus“)!

538 5151 664 5192 cum
701 5132 1048 5202 suscepisset
1098 5129 1328 5184 Paulum
1357 5137 1414 5184 et
1442 5128 1636 5195 Silam,
1665 5131 1873 5200 quibus
1899 5129 2161 5200 credidit,
2195 5129 2456 5197 forasque
2485 5123 2862 5196 produxisset,
2917 5121 3140 5191 inquit:
3175 5139 3195 5172 ι
3239 5119 3385 5186 Quid
3425 5114 3557 5173 mihi
3591 5117 3646 5166 ut
3668 5117 3762 5202 set-

539 5240 636 5279 ver
670 5221 816 5278 iacto
862 5199 950 5276 est
980 5233 1122 5290 opus
1149 5217 1236 5270 “‘1
1263 5235 1281 5268 ι
1319 5217 1422 5272 Cui
1463 5217 1542 5272 illi
1581 5233 1596 5271 :
1647 5199 1924 5274 (Conﬁde
1947 5217 2016 5274 de
2057 5217 2290 5273 Domino
2318 5213 2450 5271 Jcsu
2474 5211 2699 5268 Christo
2735 5229 2748 5266 :
2795 5210 2870 5265 ita
2901 5209 3049 5266 enim
3087 5218 3144 5264 tu
3169 5217 3226 5264 et
3255 5216 3456 5264 cuncta
3482 5205 3662 5290 domus
3687 5199 3760 5290 ω

538 5309 970 5369 εει-νοιιίιυιιδν.
1006 5286 1035 5358 ι’
1099 5306 1164 5362 Et
1190 5306 1481 5362 confestim
1537 5307 1815 5376 capitibus
1869 5321 2043 5364 sacrae
2092 5305 2254 5378 48],
2317 5300 2573 5359 tinctioni
2618 5297 2936 5362 submissis,
2964 5311 3156 5352 verum
3204 5300 3532 5364 receperunt
3557 5286 3758 5378 signulllv

539 5399 867 5472 sanguinem
897 5395 1159 5453 videlicet
1185 5396 1514 5452 coccineum
1574 5369 1788 5452 Christi
1820 5410 1922 5467 pro
1961 5369 2138 5452 nobis
2153 5369 2351 5450 Briau.
2407 5388 2683 5446 Obtestati
2734 5401 2900 5458 porro
2925 5386 3091 5441 etiam
3147 5390 3282 5440 sunt
3324 5381 3574 5438 ﬁdelibus
3598 5369 3760 5426 TW‘

631 5554 674 5586 ⁶¹
715 5551 870 5620 Deut.
905 5570 984 5620 vr,
1013 5556 1067 5612 4.
1127 5555 1175 5586 ’⁸⁸
1221 5553 1400 5610 Exod.
1447 5567 1620 5620 xxx",
1654 5551 1710 5609 4.
1801 5549 1846 5585 ⁴³
1887 5547 1998 5604 Tit.
2040 5563 2126 5616 ιιι,
2165 5550 2222 5606 '5.

543 5641 657 5689 xvi,
688 5618 781 5679 50.
890 5618 1118 5682 “'ibid.
1136 5622 1226 5679 3i.

2335 5545 2383 5578 “
2418 5543 2584 5602 Hebr.
2628 5560 2706 5612 xl,
2745 5543 2837 5600 5|.
2917 5543 2966 5576 “
2987 5541 3178 5600 Matth.
3243 5537 3490 5614 1x515].
3593 5519 3754 5575 “Aci-

2056 5701 2292 5761 NO'LE.

619 5823 746 5897 (δί)
782 5827 998 5884 Λείπει.
1039 5825 1353 5898 Ἐννοητέον
1403 5827 1461 5882 δὲ
1509 5826 1748 5894 πάντως,
1794 5822 1888 5878 τοῦ
1941 5792 2151 5894 κυρίου
2202 5819 2378 5892 Ἰησοῦ
2411 5815 2670 5888 Χριστοῦ.
