3956 6408
435 397 564 465 1001

1579 395 2119 459 COMMENTARII
2159 394 2242 455 IN
2273 393 2536 458 JOSUE.

3567 395 3700 460 1002

429 515 627 572 Ionica:
644 512 715 584 ι’,
746 521 970 584 paratos
1003 525 1129 568 esse
1159 523 1270 566 non
1301 507 1483 565 solum
1528 508 1665 580 ipsis
1696 510 1980 582 impertire
2030 508 2417 580 Evangelium,
2443 523 2637 564 verum
2692 505 2856 562 etiam
2904 519 3034 564 suas
3073 507 3322 578 ipsorum
3353 509 3568 565 animas
3601 527 3701 582 pro

424 605 566 676 ipsis
591 616 890 672 exponere.

493 715 607 770 Καὶ
635 713 947 784 ὲχάλασεν
993 711 1217 777 αὐτοὺς
1250 709 1322 763 ἐν
1353 709 1606 778 σχοινίφ
1635 709 1735 764 διὰ
1765 712 1878 780 τῆς
1907 715 2009 766 θυ-

2187 707 2411 762 Demisit
2458 708 2638 776 itaque
2690 724 2776 762 eos
2828 707 2958 776 fune
3001 721 3093 775 per
3135 705 3446 776 fenestram,
3495 707 3708 775 quando

417 807 590 872 ρίδος
620 822 636 839 ο
679 806 768 859 ὅτι
813 806 846 859 ό
897 799 1066 868 οἶκος
1112 799 1306 867 αὐτῆς
1349 799 1419 853 ἐν
1457 795 1538 866 τῷ
1584 801 1788 869 τειχει,
1823 799 1920 853 καὶ
1946 801 2016 852 ἐν

425 896 506 963 τῷ
524 898 708 965 τείχει
739 895 891 960 αὕτη
921 892 1198 961 ἐκάθητο.
1230 893 1427 961 Τεῖχος
1465 891 1728 963 Ἱεριχοῦς
1753 892 1856 962 τῆς
1884 894 2015 946 ἀσε-

428 993 581 1053 ϐείας
610 988 786 1057 αὐτῆς
826 988 886 1040 τὸ
926 986 1214 1057 ὀχύρωμα,
1257 987 1343 1053 ἐφ’
1385 975 1431 1052 ᾧ
1471 983 1642 1039 Ῥαὰϐ
1683 985 2012 1050 ὲκαθέζετο’

427 1084 564 1139 ἀλλὰ
590 1081 955 1147 πιστεύσασα,
992 1077 1268 1133 εὐάλωτον
1298 1077 1468 1148 αὐτῆς
1505 1077 1762 1144 ἀπέδειξε
1799 1077 1862 1131 τὸ
1891 1077 2018 1148 ὀχύ-

430 1189 610 1243 ρωμα.

500 1347 577 1401 Τὸ
635 1347 694 1401 δὲ
738 1345 1008 1416 σπαρτίον
1051 1345 1112 1399 τὸ
1153 1344 1397 1416 ἕντριτον
1431 1343 1493 1397 οὐ
1536 1343 2015 1417 διαρραγήσεται,

428 1442 496 1495 δι’
521 1436 582 1496 οὗ
612 1440 706 1493 καὶ
735 1439 1026 1509 διέδρασαν
1061 1439 1113 1490 οἱ
1155 1438 1520 1492 κατάσκοποι.
1564 1438 1643 1490 Δι’
1671 1430 1733 1490 οὗ
1775 1438 2016 1508 σχοινίου

431 1531 528 1584 καὶ
549 1530 642 1583 τδν
684 1529 886 1599 Ἰωσὴφ
911 1531 976 1582 ὲκ
1003 1527 1101 1580 τοῦ
1141 1528 1350 1581 λάκκου
1407 1531 1708 1600 ἀνήγαγον,
1744 1529 2020 1600 Ἱερεμίαν

430 1639 489 1675 τε
522 1621 618 1673 καὶ
662 1620 753 1673 τὸν
791 1619 1028 1689 Δανιήλ·
1075 1618 1144 1671 δι’
1187 1613 1248 1674 οὗ
1285 1619 1384 1672 καὶ
1435 1620 1605 1674 Δαϐὶδ
1659 1621 1750 1673 διὰ
1802 1620 2021 1691 θυρίδος

432 1712 604 1782 ἔφυγε
639 1711 956 1783 χαλασθεὶς,
997 1711 1095 1764 καὶ
1139 1709 1355 1774 Παῦλος
1381 1711 1472 1766 διὰ
1498 1713 1786 1784 σαργάνης
1815 1715 1874 1766 ὲν
1913 1715 2023 1767 Δα-

436 1803 637 1874 μασκῷ
663 1821 678 1835 ·
708 1803 761 1856 οἶ
777 1820 838 1856 τε
868 1805 1208 1874 πατριάρχαι
1238 1804 1444 1868 πάντες
1472 1803 1566 1858 διὰ
1599 1804 1792 1858 τούτου
1821 1805 1883 1858 τὸ
1913 1801 2022 1870 ζῶν

434 1895 580 1967 ὕδωρ
605 1899 670 1949 ὲκ
690 1896 800 1950 τῶν
839 1897 1093 1967 φρεάτων
1125 1896 1416 1967 ἀνέφερον.

2116 795 2328 867 quidem
2353 797 2538 851 domus
2569 797 2684 866 ejus
2711 807 2824 851 erat
2843 797 3003 866 juxta
3025 801 3236 863 mwnia,
3263 797 3538 853 habitabat
3571 799 3710 853 enim

2118 891 2237 957 ipsa
2299 898 2514 958 propter
2573 906 2804 943 murum.
2836 887 2904 960 [II
2932 929 2947 955 ,
2978 887 3096 959 15.]
3128 887 3330 944 Maenia
3365 889 3710 947 Jerichuntis

2118 981 2424 1049 impietatis
2491 981 2668 1050 ipsius
2719 989 2886 1037 erant
2945 983 3467 1054 propugnaculum,
3533 1000 3705 1056 super

2119 1073 2325 1144 quibus
2427 1073 2592 1129 sedes
2662 1081 2784 1127 erat
2864 1071 3082 1128 Rahab.
3172 1073 3375 1128 Verum
3445 1078 3710 1146 quoniam

2121 1166 2382 1221 ﬁduciam
2414 1166 2738 1226 obtinuerat
2779 1166 3147 1220 munitionem
3180 1165 3303 1236 ejus
3333 1169 3593 1238 capiendi
3629 1170 3712 1224 fa-

2120 1259 2390 1315 cilitatem
2433 1258 2672 1328 aperuit.
3698 1305 3708 1315 ,

2188 1349 2261 1402 At
2309 1348 2460 1404 funis
2513 1348 2876 1417 quantumvis
2922 1349 3124 1406 debilis
3174 1364 3282 1405 non
3318 1352 3713 1428 disrumpitur,

2120 1456 2218 1512 per
2253 1455 2419 1510 quam
2468 1435 2768 1496 evaserunt
2821 1441 3233 1511 exploratores.
3280 1443 3386 1498 Per
3421 1461 3584 1515 quam
3620 1447 3714 1502 Jo-

2121 1533 2356 1602 sepltum
2409 1547 2631 1601 quoque
2657 1547 2725 1587 ex
2751 1531 2952 1586 lacuna
2982 1532 3388 1600 subduxerunt,
3418 1534 3714 1594 Jeremiam

2122 1627 2254 1680 item
2283 1633 2337 1682 et
2363 1624 2678 1688 Danielem,
2715 1639 2816 1695 per
2848 1639 3016 1694 quam
3047 1623 3220 1680 David
3254 1642 3474 1696 quoque
3506 1645 3604 1699 per
3638 1630 3719 1684 fe-

2122 1727 2370 1773 nestram
2398 1716 2680 1772 demissus
2715 1715 2956 1789 aufugit.
2993 1716 3200 1774 Paulus
3227 1720 3395 1773 etiam
3425 1735 3526 1789 per
3555 1736 3717 1792 spor-

2122 1817 2236 1863 tam
2273 1807 2593 1863 submissus
2642 1806 2926 1863 Damasci.
2963 1808 3072 1863 Per
3118 1825 3288 1880 quam
3335 1811 3577 1882 denique
3616 1829 3718 1877 pa-

2123 1903 2386 1957 triarchae
2435 1916 2634 1958 omnes
2675 1901 2856 1958 vivam
2885 1917 2915 1958 e
2953 1903 3136 1973 puteis
3196 1919 3399 1975 aquam
3427 1907 3718 1962 subduxe—

2127 2001 2283 2047 runt.
2912 2020 2914 2022 '

503 2074 611 2138 Εἰς
654 2071 770 2138 τὴν
809 2073 1054 2140 ὀρεινὴν
1105 2071 1419 2127 ἀπέλθετε.
1469 2073 1827 2147 Ὠφεληθεῖσα
1879 2075 2017 2148 γὰρ,

2193 2083 2432 2140 Montem
2465 2101 2646 2140 versus
2679 2084 2957 2142 discedite.
2999 2085 3139 2160 [16.]
3173 2086 3377 2159 Adjuta
3405 2090 3557 2145 enini
3598 2091 3719 2163 ipsa

433 2162 505 2217 τὰ
549 2163 733 2233 ὑψηλὰ
788 2163 1149 2234 μεταδιώκειν
1217 2163 1453 2218 ὑπέθετο
1496 2167 1863 2222 καταλιποῦσι
1921 2168 2022 2237 τῆς

437 2255 701 2319 ἀσεϐείας
747 2256 817 2309 τὰ
863 2255 1186 2325 χαμαίζηλα
1229 2256 1499 2325 δόγματα.
1552 2258 1664 2312 Καὶ
1707 2260 1736 2312 ὁ
1765 2259 1934 2314 Δαϐὶδ
1966 2260 2024 2313 δέ

438 2364 630 2418 φησιν,
689 2367 707 2400 ι
738 2344 891 2417 Ἦρα
922 2347 1052 2410 τοὺς
1080 2347 1396 2418 ὀφθαλμούς
1429 2366 1531 2420 μου
1559 2352 1640 2413 εἰς
1679 2350 1749 2403 τὰ
1773 2351 1898 2421 ὅρη,
1926 2353 2024 2406 πό-

438 2438 532 2491 θεν
559 2438 681 2509 ἥξει
712 2440 746 2508 ἡ
776 2439 1002 2508 βοήθειά
1032 2456 1156 2508 μου.
1187 2458 1206 2490 ι
1252 2441 1364 2494 Καὶ
1404 2441 1653 2507 Ἡσαΐας,
1703 2462 1721 2496 t
1752 2446 1869 2498 Ἐπ’
1899 2444 2025 2516 ὄρος

441 2529 643 2599 ὑψηλὸν
667 2530 902 2600 ἀνάϐηθι
931 2533 960 2583 ὁ
1000 2532 1496 2604 εὐαγγελιζόμενος
1524 2536 1624 2606 τὴν
1670 2536 1832 2602 Σιὼν,
1872 2537 2024 2607 soo-

442 2637 596 2684 σατε,
634 2621 709 2690 μὴ
746 2620 1021 2690 φοϐεῖσθε.
1055 2641 1075 2674 ι
1111 2625 1225 2678 Οὐκ
1257 2627 1343 2696 ἐφ’
1378 2626 1436 2679 ἓν
1474 2626 1534 2680 δὲ
1575 2627 1705 2699 ὅρος
1735 2630 2024 2698 φευκτέον,

439 2710 556 2765 ἀλλ’
590 2715 685 2764 ἐπὶ
713 2713 913 2778 πάντα,
949 2717 1077 2779 τοὺς
1115 2716 1305 2784 ἁγίους
1353 2718 1641 2788 προφήτας
1671 2720 1767 2773 καὶ
1795 2721 2031 2776 ἀποστό-

441 2801 588 2868 λους,
625 2805 700 2874 μὴ
751 2806 848 2857 καὶ
893 2808 1308 2876 συναντήσωσιν
1352 2810 1488 2879 ἡμῖν
1526 2811 1577 2862 οἱ
1623 2810 1716 2863 τοῦ
1758 2811 2028 2882 βασιλέως

453 2891 715 2962 Ἱεριχοῦς
749 2893 843 2946 τοῦ
871 2897 1080 2966 κόσμου
1108 2897 1300 2950 τούτου
1334 2898 1615 2968 ἄρχοντες.
1649 2901 1740 2952 Διὸ
1763 2903 2028 2969 φευκτέον

440 2984 536 3036 ἐπὶ
577 2988 677 3054 τὴν
721 2985 978 3056 ὀρεινὴν,
1012 2989 1190 3040 πάντα
1223 2987 1445 3058 ἔχοντας
1475 2989 1607 3042 ἄνω.
1661 2991 1882 3063 Ταύτην
1926 2995 2030 3048 οὐκ

445 3073 592 3127 ῖσασι
616 3074 718 3144 τὴν
749 3076 867 3128 ὁδὸν
906 3079 954 3129 οἱ
998 3076 1286 3141 διώκοντες
1320 3081 1490 3150 ἡμᾶς.
1530 3081 1704 3152 Ὁρῶν
1731 3082 1839 3155 γάρ
1880 3085 2030 3138 ἐστιν

441 3166 636 3230 δθεὸς
680 3167 776 3221 τοῦ
829 3167 1074 3239 Ἰσραὴλ,
1135 3173 1230 3226 καὶ
1282 3174 1343 3225 οὐ
1399 3174 1685 3230 κοιλὰδων.
1724 3176 1890 3231 Ὅθεν
1928 3179 2030 3232 οὐκ

443 3258 812 3326 ἀναϐήσονται
841 3262 923 3323 εἰς
964 3260 1032 3313 τὰ
1059 3261 1163 3333 ὅρη
1185 3280 1198 3294 ο
1234 3263 1330 3316 ἐπὶ
1358 3264 1415 3318 δὲ
1455 3265 1556 3336 τὴν
1586 3268 1865 3337 προτέραν
1893 3269 2028 3323 ἀνα-

446 3350 734 3422 στρέψουσι
755 3355 986 3426 πλάνην.
1006 3357 1117 3409 Καὶ
1137 3355 1279 3409 οὕτω
1291 3357 1481 3426 φησὶν,
1502 3376 1522 3410 t
1556 3359 1747 3429 Ὑμεῖς
1795 3359 2031 3414 ἀπελεύ-

447 3446 609 3495 σεσθε
647 3444 745 3516 τὴν
773 3445 890 3499 ὁδὸν
921 3447 1126 3518 ὑμῶν,ο
1159 3447 1250 3501 τὸν
1284 3448 1544 3503 εἰπόντα·
1585 3469 1604 3502 ι
1638 3449 1782 3520 Ἐγώ
1832 3452 1949 3521 εἰμι
1993 3452 2028 3520 ἡ

445 3533 585 3601 ὁδὸς,
625 3555 645 3587 ι
677 3536 743 3590 δι’
768 3533 836 3610 ἧς
866 3538 1068 3593 ὁδεύων
1112 3556 1219 3606 τις,
1269 3540 1370 3611 τὴν
1403 3541 1568 3610 ἁγίαν
1596 3541 1805 3611 Τριάδα
1838 3541 2030 3596 θεάσεο

445 3641 560 3680 ται.

529 3802 742 3858 Ἀθῶοι
791 3802 983 3872 ἐσμεν
1033 3803 1114 3870 τῷ
1168 3804 1326 3872 ὅρκῳ
1377 3820 1495 3862 σου
1543 3807 1751 3874 τούτῳ.
1804 3807 2031 3872 Τούτοις

446 3896 606 3967 ὅμοια
646 3897 741 3949 καὶ
801 3897 1042 3966 Μωῦσῆς
1094 3897 1423 3963 ἐνετείλατο,
1459 3899 1651 3969 χρῖσαι
1703 3898 1782 3970 τῷ
1833 3901 2038 3972 αἵματι,

449 3986 724 4058 σταθμοὺς
753 3988 848 4041 καὶ
877 3987 1059 4057 φλιὰς,
1087 3988 1182 4042 καὶ
1215 3989 1291 4060 μὴ
1328 3989 1534 4055 ἐξιέναι
1561 3989 1769 4061 μηδένα
1797 3991 1900 4062 τῆς
1933 3991 2029 4045 θύ-

447 4096 568 4150 ρας,
609 4081 758 4142 ὅπως
805 4078 1018 4148 φύγωσι
1051 4079 1143 4133 τὺν
1186 4080 1532 4152 ὀλοθρευτήν.
1575 4083 1756 4136 Κάκεῖ
1780 4083 1889 4154 γὰρ
1930 4082 2030 4154 τὴν

459 4172 792 4243 Ἐκκλησίαν
849 4173 1073 4240 έτύπου,
1126 4173 1203 4237 ὡς
1252 4174 1536 4229 κάνταῦθα
1587 4177 1677 4230 διὰ
1719 4178 1822 4248 τῆς
1850 4179 2030 4244 οἰκίας

460 4261 655 4327 Ῥαὰϐ,
695 4263 753 4316 ἐν
861 4262 936 4326 ὡς
960 4265 1020 4316 ὲν
1066 4262 1223 4334 τύπῳ
1246 4265 1343 4317 καὶ
1367 4265 1430 4318 τὸ
1454 4267 1510 4320 έν
1535 4267 1799 4339 Αἰγύπτῳ
1841 4268 2031 4324 ὲθύετο

447 4353 744 4424 πρόϐατον.
795 4355 903 4408 Καὶ
927 4353 1022 4408 νῦν
1049 4357 1148 4426 τῆς
1183 4354 1424 4421 πίστεως
1460 4358 1495 4428 ἡ
1525 4359 1788 4429 ὁμολογία
1815 4360 1904 4415 διὰ
1933 4361 2028 4415 τοῦ

447 4447 713 4514 σπαρτίου
744 4447 1095 4516 σημαίνεται.

517 4536 631 4598 Πᾶς
678 4531 771 4590 οὖν
805 4537 996 4600 πιστὸς
1027 4540 1086 4590 ἐν
1115 4537 1180 4609 τῇ
1217 4539 1430 4613 μάνδρᾳ
1459 4540 1573 4594 τῶν
1608 4542 1899 4618 προϐάτων
1927 4563 2028 4618 με-

443 4627 618 4691 νέτω,
655 4626 734 4696 τῷ
780 4627 991 4699 σημείῳ
1029 4627 1106 4699 τῷ
1138 4627 1232 4682 τοῦ
1274 4631 1512 4699 Χριστοῦ
1559 4637 2024 4705 σφραγιζόμενος.

2122 2178 2384 2234 sublimia
2412 2177 2676 2248 persequi
2718 2186 2930 2244 monet,
2967 2180 3206 2235 terrenis
3247 2181 3550 2251 impietatis
3584 2183 3722 2254 dog-

2126 2270 2292 2326 matis
2322 2269 2561 2326 relictis.
2611 2269 2735 2339 Ipse
2764 2285 2991 2341 quoque
3037 2270 3207 2326 David
3249 2272 3431 2343 inquit
3467 2291 3482 2329 :
3524 2293 3544 2327 ι
3573 2273 3720 2330 Ocu-

2125 2361 2211 2419 los
2251 2377 2406 2420 meos
2457 2363 2515 2418 in
2558 2371 2776 2418 montes
2835 2363 3087 2430 sustuli,
3137 2378 3204 2419 ac
3258 2367 3404 2421 unde
3449 2366 3718 2421 auxilium

2124 2465 2422 2510 venturum
2451 2467 2598 2512 esset
2629 2456 2764 2511 mihi
2823 2455 3040 2528 dispexi
3067 2457 3136 2511 “.
3164 2477 3184 2511 ι
3220 2457 3397 2514 Isaias
3426 2458 3561 2514 item
3590 2461 3668 2514 ait
3702 2477 3718 2515 :

2131 2563 2152 2598 ι
2185 2543 2364 2618 Super
2401 2555 2646 2603 montem
2679 2547 2968 2604 excelsum
3004 2549 3324 2605 conscende
3365 2559 3422 2605 tu
3465 2550 3722 2621 quisquis

2125 2638 2312 2694 laetum
2341 2640 2604 2696 nuntium
2650 2641 2704 2695 in
2741 2640 2879 2697 Sion
2912 2639 3100 2708 aﬂ‘ers,
3133 2642 3331 2713 erigite
3365 2658 3486 2711 vos,
3520 2660 3622 2700 nec
3651 2646 3718 2700 ti-

2127 2739 2273 2787 mete
2298 2731 2366 2791 ".
2407 2750 2426 2784 ι
2465 2730 2578 2786 Nec
2609 2747 2741 2786 vero
2787 2747 2956 2802 super
3001 2747 3171 2786 unum
3201 2741 3445 2789 montem
3477 2742 3719 2799 tantum.

2127 2839 2320 2880 verum
2351 2839 2520 2894 super
2549 2838 2748 2880 omnes
2785 2825 2999 2880 sanctis
3027 2825 3320 2895 prophetis
3346 2841 3412 2882 ac
3455 2829 3722 2896 aposmlis

2129 2924 2214 2971 est
2249 2915 2598 2988 fugiendum,
2637 2933 2706 2972 ne
2739 2919 2902 2974 nobis
2922 2935 3148 2989 quoque
3179 2922 3328 2991 regis
3356 2919 3722 2988 Jerichuntis,

2130 3006 2297 3076 hujus
2336 3009 2528 3062 mundi
2576 3007 2856 3078 principes
2905 3008 3124 3064 obviam
3172 3009 3324 3066 ﬁant.
3370 3011 3723 3081 Quapropter

2133 3112 2304 3168 super
2334 3097 2594 3167 quemvis
2627 3107 2871 3154 montem
2903 3100 3168 3169 supernis
3198 3099 3608 3157 habitatoribus
3637 3112 3723 3160 est

2059 3247 2063 3250 ι
2132 3189 2477 3260 fugiendum,
2533 3205 2654 3246 eam
2721 3191 2868 3246 enim
2914 3192 3058 3247 viam
3109 3201 3218 3248 non
3277 3203 3481 3249 norunt
3533 3194 3724 3251 hostes

2133 3285 2336 3340 nostri.
2368 3283 2508 3339 Nam
2537 3282 2682 3340 Deus
2713 3284 2904 3349 Israel,
2944 3285 3088 3340 Deus
3125 3286 3426 3354 montium,
3459 3303 3570 3344 non
3602 3291 3717 3343 val-

2134 3375 2268 3430 lium
2298 3384 2384 3430 est
2413 3374 2484 3428 '°.
2524 3373 2682 3430 Unde
2734 3390 2905 3444 super
2956 3385 3180 3434 montes
3233 3394 3346 3434 non
3398 3381 3721 3447 ascenderit,

2133 3480 2327 3519 verum
2381 3464 2450 3519 ad
2498 3480 2750 3541 errorem
2799 3465 3098 3536 pristinum
3152 3479 3522 3526 revertentur.
3583 3474 3720 3529 Dicit

2132 3557 2303 3628 igitur
2333 3575 2346 3611 :
2388 3575 2406 3609 ι
2429 3557 2593 3612 Abite
2628 3574 2728 3613 vos
2756 3575 2853 3626 per
2885 3562 3032 3614 viam
3077 3567 3343 3626 vestram,
3390 3563 3542 3618 vobis
3579 3563 3722 3620 indi-

2132 3653 2396 3704 catam.)
2428 3679 2500 3691 --
2559 3668 2579 3701 ι
2609 3648 2726 3720 Ego
2779 3666 2901 3706 sum
2961 3652 3048 3705 via
3087 3651 3156 3718 εί,
3208 3671 3226 3704 ι
3283 3669 3382 3724 per
3427 3672 3590 3727 quam
3625 3659 3718 3728 qui

2132 3741 2240 3796 iter
2265 3740 2421 3808 facit,
2465 3751 2717 3797 sanctam
2751 3741 3090 3799 Trinitatem
3125 3749 3614 3817 contemplabitur.

2202 3831 2475 3886 Immunes
2508 3849 2604 3887 nos
2637 3833 2835 3887 erimus
2872 3833 2938 3886 ab
2961 3835 3060 3889 hoc
3082 3835 3412 3904 juramento.
3463 3839 3602 3915 βα]
3625 3841 3723 3897 His

2132 3921 2346 3976 similia
2406 3921 2590 3977 Moses
2652 3923 2939 3978 mandavit
3004 3939 3280 3996 quoque,
3324 3935 3385 3982 ut
3446 3931 3722 3999 sanguipe

2131 4021 2320 4082 postes
2354 4020 2568 4084 ungant
2602 4021 2658 4068 et
2715 4015 2927 4082 limina,
2979 4031 3159 4087 neque
3203 4018 3500 4089 quisquam
3554 4022 3721 4078 domo

2131 4112 2315 4171 exeat,
2352 4121 2464 4175 quo
2507 4113 2846 4163 vastatorem
2885 4107 3074 4164 evitet.
3114 4108 3218 4165 Ubi
3249 4111 3515 4170 Ecclesia:
3547 4114 3722 4186 ﬁgura

2131 4205 2273 4262 erat,
2308 4198 2771 4267 quemadmodum
2802 4199 2894 4254 hic
2939 4215 3163 4272 quoque
3190 4203 3244 4256 in
3278 4204 3445 4260 domo
3501 4205 3719 4276 Ilahab,

2133 4285 2190 4341 in
2218 4302 2326 4357 qua
2359 4294 2623 4357 tanquam
2664 4289 2718 4344 in
2765 4289 2940 4359 figura
2993 4306 3171 4359 agnus
3203 4291 3569 4366 Egyptiacus
3615 4298 3721 4353 im-

2131 4378 2464 4444 molabatur,
2493 4394 2754 4451 nuncque
2788 4380 2912 4435 lidei
2945 4380 3231 4440 confessio
3283 4400 3381 4456 per
3423 4386 3610 4443 funem
3641 4391 3716 4445 si-

2131 4467 2446 4536 gniﬁcatur.

2206 4557 2542 4630 Quicunque
2567 4560 2739 4632 igitur
2764 4560 3026 4617 ﬁduciam
3059 4562 3227 4618 habet
3251 4563 3305 4618 in
3333 4564 3487 4631 ovili,
3510 4566 3715 4624 Christi

2132 4651 2298 4721 signo
2328 4661 2560 4708 notatus
2586 4660 2831 4708 maneat.
2862 4652 2920 4707 Si
2944 4654 3089 4709 enim
3106 4653 3228 4722 quis
3241 4653 3452 4724 exierit,
3474 4660 3716 4730 seipsum

457 4719 651 4783 Ἐξιὼν
680 4719 790 4788 γάρ
815 4737 920 4782 τις,
957 4721 1139 4792 ἔνοχος
1164 4723 1344 4792 έαυτῷ
1392 4725 1625 4793 γίνεται.
1653 4728 1894 4784 Τοιαῦτα
1932 4732 2026 4786 καὶ

2134 4719 2296 4816 culpa
2347 4747 2672 4816 obstringit.
2703 4745 3034 4814 Hujusmodi
3082 4719 3292 4805 Paulus
3323 4719 3489 4804 etiam
3546 4719 3718 4809 hlileti

447 4810 660 4874 Παῦλος
685 4813 740 4864 ὲν
770 4811 1001 4884 Μιλήτῳ
1034 4815 1150 4875 τοῖς
1175 4815 1573 4892 πρεσϐυτέροις
1606 4819 1834 4888 Ἐφέσου
1865 4822 2022 4892 φησί’

449 4919 468 4952 ι
508 4900 598 4954 Διὸ
630 4901 981 4972 μαρτύρομαι
1027 4904 1158 4972 ὑμῖν
1197 4907 1258 4956 ὲν
1307 4908 1374 4976 τῇ
1415 4891 1658 4981 σήμερον
1702 4912 1904 4984 ἡμέρᾳ,
1939 4915 2024 4968 ὅτι

444 4991 688 5061 καθαρός
733 4995 849 5063 εἰμι
893 4993 1002 5046 ἀπὸ
1037 4993 1132 5048 τοῦ
1180 4995 1404 5050 πάντων
1449 4997 1710 5069 αἵματος,
1752 5021 1772 5054 ι
1810 5007 1907 5058 καὶ
1956 5004 2028 5058 τὰ

443 5083 594 5152 ἑξῆς.

516 5179 662 5234 Ἐὰν
703 5179 770 5234 δέ
816 5174 907 5246 τιςἰ
938 5181 1095 5250 ἡμᾶς
1117 5184 1405 5254 ἀδικήσῃ,
1435 5184 1474 5254 ἣ
1511 5185 1607 5240 καὶ
1656 5186 2029 5262 ἀποκαλύψῃ

443 5269 589 5336 τοὺς
617 5272 840 5340 λόγους
886 5273 1053 5342 ήμῶν
1098 5276 1385 5342 τούτους,
1433 5276 1694 5347 ἐσόμεθα
1717 5280 1896 5336 ἀθῶοι
1950 5283 2032 5350 τῷ

448 5361 604 5431 ὅρκῳ
644 5365 857 5431 τούτῳ.
923 5364 1261 5419 Ἀδικοῦνται
1308 5368 1419 5438 γὰρ
1468 5371 1518 5423 oi
1551 5373 1649 5441 τῆς
1701 5373 2032 5446 Ἐκκλησίας

445 5455 795 5520 διδάσκαλοι,
858 5457 969 5510 τῶν
1033 5459 1293 5528 μαθητῶν
1359 5462 1739 5518 ἐκλαλούντων
1797 5469 1865 5520 τὰ
1915 5468 2027 5524 τῶν

447 5547 734 5616 δογμάτων
769 5549 1078 5619 ἀπόρρητα.
1121 5551 1402 5605 Ῥίπτουσι
1440 5556 1547 5626 γὰρ
1587 5557 1714 5619 τοὺς
1757 5559 2031 5632 μαργαρι-
2062 5597 2065 5601 -

447 5655 548 5700 τας
580 5638 888 5712 ἔμπροσθεν
916 5642 1025 5695 τῶν
1063 5645 1284 5714 χοίρων.
1327 5645 1418 5699 Διὸ
1459 5648 1552 5700 καὶ
1589 5647 1727 5719 πρὸς
1761 5650 2029 5721 Τιμόθεον

522 5813 615 5871 "I
651 5817 846 5874 Thess.
881 5833 942 5885 ιι,
968 5820 1002 5875 8
1097 5821 1143 5854 ⁸⁸
1173 5822 1318 5878 Psal.
1352 5839 1480 5890 cxx,
1509 5827 1561 5882 l.

739 5910 1011 5975 Panos.
1055 5915 1171 5980 Gn.
1213 5918 1598 5986 LXXXVII.

2132 4839 2198 4892 ad
2237 4840 2490 4894 seniores
2528 4838 2735 4909 Ephesi
2767 4837 2949 4908 inquit
2983 4856 2996 4892 :
3039 4857 3058 4890 ι
3082 4839 3300 4898 Idcirco
3330 4843 3582 4900 obtestor
3619 4861 3718 4900 vo-

2132 4930 2220 4986 bis
2253 4930 2526 4987 lmdierno
2572 4931 2865 5003 die,quod
2914 4948 3017 5004 ego
3064 4949 3262 5004 expers
3306 4950 3428 4992 sum
3467 4936 3715 4993 omnium

2133 5023 2421 5092 sanguinis
2453 5023 2524 5090 δ’,
2560 5041 2582 5075 ι
2617 5037 2726 5079 etc.

2207 5196 2362 5262 Quod
2400 5198 2449 5252 'si
2481 5215 2602 5254 vero
2637 5200 2835 5271 aliquis
2856 5218 2993 5262 ms.
3034 5202 3214 5265 aiunt,
3266 5201 3487 5273 laeserit,
3521 5215 3571 5261 et
3603 5223 3718 5260 ser-

2136 5305 2314 5344 mones
2341 5290 2436 5344 hos
2469 5303 2682 5347 nostros
2718 5294 3043 5361 revelaverit,
3079 5296 3316 5352 insontes
3345 5300 3565 5355 erimus.
3599 5298 3718 5356 ιω-

2137 5381 2347 5436 duntur
2381 5385 2528 5438 enim
2558 5385 2820 5441 Ecclesia!
2846 5389 3123 5459 magistri,
3154 5388 3200 5444 si
3223 5389 3485 5461 discipuli
3516 5408 3717 5450 arcana

2136 5489 2329 5529 eorum
2397 5475 2657 5531 eﬂ'utiunt
2716 5478 3016 5550 dogmata,
3074 5481 3325 5554 adeoque
3389 5485 3718 5557 margaritas

2139 5573 2268 5620 ante
2300 5581 2501 5635 porcos
2530 5569 2856 5640 projiciunt.
2888 5571 3241 5644 Quapropter
3269 5576 3336 5631 ad
3364 5575 3714 5635 Timotheum

2136 5656 2442 5726 Epistolam
2469 5660 2724 5716 scribens
2754 5662 2977 5729 Paulus,
3005 5666 3252 5722 secundo
3284 5666 3462 5738 inquit
3497 5688 3509 5722 :
3536 5691 3553 5721 ι
3583 5669 3718 5736 Qua

1662 5829 1706 5863 ⁸³
1745 5828 1957 5904 Isa.xr.,
1983 5834 2037 5892 9.
2111 5838 2158 5872 ”
2185 5839 2252 5894 IIl
2282 5837 2416 5912 Reg.
2453 5855 2543 5909 xx,
2568 5840 2658 5926 2_8.
2736 5843 2778 5876 "
2804 5843 2962 5904 Joan.
2997 5863 3105 5916 xiv,
3138 5847 3191 5904 6.
3268 5849 3314 5881 ”
3345 5849 3466 5908 Act.
3505 5866 3597 5920 xx,
3625 5859 3713 5917 '26.

3271 5941 3350 6002 32
