3956 6426
411 389 430 451 l
442 392 547 455 003

1716 385 2071 450 PROCOPII
2109 385 2355 450 GAZEI

3563 396 3693 462 1004

403 533 433 569 a
481 524 568 566 me
600 506 869 565 audivisti
927 506 1191 579 frequens
1241 507 1430 573 testis,
1482 507 1682 563 eadem
1744 505 1994 562 ﬁdelibus

2108 508 2443 563 ἐπιστέλλων
2492 510 2524 564 ὁ
2582 508 2795 577 Παῦλος
2839 509 2903 566 τδ
2959 508 3234 585 δεύτερον,
3285 510 3477 585 ἔλεγεν
3500 529 3517 544 '
3581 534 3604 571 ι
3628 518 3693 574 Ἀ

394 618 654 677 propone
689 600 1009 657 hominibus
1039 602 1118 669 ⁸³,
1150 620 1168 654 ι
1210 602 1280 658 iis
1302 601 1559 659 videlicet
1592 601 1687 675 qui
1723 601 2003 656 exercita-

394 698 562 751 tione
590 707 858 751 sensuum
889 707 1090 757 usum,
1134 702 1198 747 ut
1245 693 1455 749 bonum
1510 707 1540 747 a
1589 691 1738 750 maio
1787 691 2005 766 possint

402 790 747 855 discernere,
777 794 1197 856 compararunt.

476 969 575 1027 His
602 967 960 1041 itaqueapnd
987 960 1182 1025 Rabab
1215 968 1284 1024 ab
1312 969 1771 1040 exploratoribus
1795 969 2002 1026 confir~

404 1063 593 1129 matis,
623 1061 835 1127 reversi
901 1061 1090 1116 omnia
1146 1069 1208 1115 ut
1247 1071 1553 1117 evenerant
1607 1065 2003 1119 renuntiarunt

404 1153 591 1211 Josue.
625 1152 1105 1221 Quemadmodum
1150 1152 1362 1211 Paulus
1412 1169 1636 1225 quoque
1687 1161 1745 1210 et
1792 1154 2000 1208 Barna-

404 1249 505 1304 bas
529 1232 678 1304 cum
702 1245 992 1303 venissent
1028 1244 1408 1314 Antiochiam,
1451 1248 1640 1304 omnia
1689 1247 2001 1303 retulerunt

405 1339 697 1407 fratribus,
733 1354 798 1394 ac
832 1339 886 1394 in
917 1337 1117 1409 primis
1161 1337 1315 1410 quod
1360 1338 1509 1396 Deus
1538 1340 1801 1413 gentibus
1830 1339 1898 1394 ad
1932 1339 1999 1394 fl-

403 1433 528 1491 dem
558 1433 913 1505 patefecisset
948 1432 1162 1488 aditum
1193 1433 1261 1488 “.

479 1526 766 1587 Utuiatis
815 1541 923 1597 qua
974 1518 1060 1580 uia
1088 1526 1233 1580 vobis
1264 1526 1337 1582 sit
1369 1526 1741 1582 incedendum.
1771 1525 1881 1600 [lli,
1914 1525 1998 1599 4.]

403 1619 641 1675 Causam
682 1617 863 1673 reddit
894 1617 1016 1687 ejus
1037 1619 1190 1689 quod
1222 1633 1331 1673 non
1360 1619 1634 1674 continuo
1664 1634 1768 1676 nec
1792 1621 1998 1690 stipato

403 1704 604 1765 ordine
636 1707 877 1764 debeant
906 1708 1192 1773 incedere,
1234 1723 1427 1765 verum
1466 1709 1647 1767 donec
1676 1726 1822 1780 aqua
1852 1708 1998 1766 divi-

404 1815 468 1856 sa
524 1800 939 1872 pertransiisset
1009 1814 1139 1858 arca
1220 1800 1447 1872 illisque
1513 1802 1841 1874 praebuisset
1894 1804 1997 1859 iter

404 1899 750 1961 exspectare.
806 1890 1081 1946 Caeterum
1124 1905 1252 1947 cum
1305 1891 1491 1949 Moses
1543 1907 1643 1949 eos
1694 1908 1793 1963 per
1846 1907 1999 1949 mare

401 1996 561 2053 aquae
603 1983 767 2037 salsa:
814 1980 1069 2049 duceret,
1127 1997 1243 2037 non
1287 1983 1420 2040 talis
1473 1982 1581 2038 fuit
1613 1982 1751 2039 ordo
1778 1984 1999 2054 qualem

398 2089 550 2131 nunc
579 2073 750 2132 insue
765 2075 907 2131 duce
934 2073 1283 2148 dominoque
1318 2076 1497 2147 ipsius
1524 2076 1684 2150 signo
1714 2085 1999 2134 annuente

397 2170 678 2227 videmus.

470 2264 647 2321 Porro
676 2279 822 2338 aqua
850 2280 919 2321 ex
951 2279 1110 2336 sequo
1137 2266 1403 2339 utrinque
1420 2267 1610 2324 divisa
1661 2268 1840 2325 instar
1865 2268 1995 2324 valli

396 2358 655 2429 perstitit.
690 2356 1007 2414 Adfuerunt
1033 2366 1216 2415 autem
1270 2358 1475 2415 ibidem
1523 2358 1745 2416 Domini
1795 2362 1993 2417 litterae

398 2465 498 2506 seu
526 2450 756 2506 tabulae.
795 2451 902 2520 Qui
946 2451 1093 2507 enim
1123 2468 1190 2508 ex
1233 2456 1491 2524 utrisque
1531 2469 1703 2508 unum
1752 2455 1905 2516 fecit,
1937 2460 1994 2510 et

396 2540 762 2597 interstitium
795 2543 1056 2599 maceria:
1081 2543 1390 2613 quassavit,
1426 2544 1519 2601 ille
1543 2545 1656 2600 duo
1679 2545 1788 2601 scit
1810 2558 2000 2616 quam-

396 2632 482 2688 vis
510 2633 575 2687 in
615 2646 787 2689 unum
830 2632 1057 2705 aliquod
1084 2649 1406 2706 congruere
1444 2636 1685 2708 po‘ssint.
1745 2636 1826 2691 En
1863 2651 1999 2692 vero

394 2731 631 2797 utaqua
661 2734 939 2797 tanquam
964 2742 1150 2783 arcam
1205 2730 1440 2784 reverita
1468 2730 1634 2786 cedit.
1673 2728 1870 2786 Iisdem
1903 2744 1999 2785 ve-

396 2831 462 2874 ro
525 2818 807 2891 mysteriis
855 2819 1122 2890 praeditos
1175 2821 1433 2878 traduxit
1491 2823 1815 2879 sacerdotes
1871 2838 1995 2879 eam

392 2918 868 2981 mnsportantes.
894 2912 1236 2969 Continebat
1266 2914 1417 2969 enim
1467 2915 1691 2972 tabulas
1721 2925 1778 2970 et
1801 2930 1995 2971 urnam

393 3018 547 3068 man,
579 3012 635 3058 et
657 3018 831 3059 cornu
884 3007 1174 3076 unguenti,
1231 3013 1288 3061 et
1339 3005 1555 3078 virgam
1596 3007 1784 3064 Aaron
1818 3024 1997 3080 usque

394 3093 707 3152 ﬂorentem.
737 3096 904 3169 583
935 3096 1068 3165 Quae
1100 3112 1237 3155 sane
1261 3099 1578 3157 sacerdotis
1608 3115 1833 3173 quoque
1875 3103 1996 3159 ani.

2111 601 2356 672 ἤκουσας
2397 603 2530 676 παρ’
2577 603 2714 677 ιμοῦ
2771 605 2913 678 μετά
2959 603 3174 659 πολλῶν
3213 606 3534 680 μαρτύρων,
3567 610 3689 667 ταῦ-

2109 710 2180 748 τα
2219 694 2468 766 παράθου
2505 699 2723 761 πιστοῖς
2768 696 3107 770 ἀνθρώποις,
3127 716 3149 751 ι
3192 697 3394 771 δηλαδὴ
3446 703 3565 767 τοῖς
3608 704 3692 758 διὰ

2108 789 2210 860 τὴν
2235 789 2351 855 ἕξιν
2378 790 2448 844 τὰ
2486 790 2823 862 αἰσθητήρια
2862 792 3297 864 γεγυμνασμένα
3346 792 3536 867 ἔχουσι
3564 796 3690 868 πρὸς

2108 880 2383 953 διάκρισιν
2412 881 2580 936 καλοῦ
2608 898 2665 936 τε
2698 883 2796 937 καὶ
2827 883 3024 939 κακοῦ.

2178 972 2364 1027 Ταῦτα
2411 971 2845 1049 βεϐαιωσάμενοι
2890 974 3043 1046 παρὰ
3071 975 3171 1045 τῆς
3213 974 3383 1030 Ῥαὰϐ
3438 978 3490 1032 οἱ
3528 980 3691 1036 κατά-

2110 1083 2324 1132 σκοποι,
2360 1067 2805 1139 ὑποστρέψαντες
2834 1069 3179 1141 ἀπήγγειλαν
3202 1070 3272 1125 τά
3307 1072 3693 1144 συμϐεϐηκότα

2105 1158 2186 1231 τῷ
2220 1158 2524 1233 Ἰησοῦ.⁹Ως
2558 1162 2654 1214 καὶ
2672 1161 2884 1226 Παῦλος
2917 1162 3014 1215 καὶ
3041 1162 3326 1232 Βαρνάϐας
3349 1163 3597 1230 ἐλθόντες
3616 1167 3692 1230 εις

2119 1249 2453 1320 Ἀντιόχειαν
2479 1250 2657 1305 πάντα
2687 1250 2893 1321 ἔλεγον,
2923 1253 3019 1307 καὶ
3044 1252 3120 1317 ὡς
3143 1252 3323 1325 ἤνοιξε
3347 1268 3464 1319 “tot:
3492 1255 3689 1313 ἔθνεσιν

2103 1343 2135 1397 δ
2163 1342 2296 1407 Θεὸς
2326 1342 2500 1415 θύραν
2527 1342 2788 1408 πίστεως.

2175 1520 2303 1577 Ἵνα
2343 1520 2676 1589 ἐπίστησθε
2716 1521 2832 1591 τὴν
2877 1521 3041 1589 ὁδὸν,
3090 1524 3172 1594 ἣν
3200 1528 3585 1598 πορεύησθε
3623 1533 3685 1588 ἐν

2104 1613 2283 1684 αὐτῇ.
2318 1615 2510 1669 Αίτίαν
2546 1616 2878 1671 ἀποδίδωσιν
2929 1618 2992 1671 ού
3027 1618 3166 1690 πρὸς
3214 1620 3278 1674 τὸ
3329 1624 3602 1694 προσεχὲς
3629 1627 3685 1678 τὸ

2108 1712 2184 1782 μὴ
2212 1710 2325 1764 δεῖν
2359 1709 2705 1781 πλησιάζειν,
2735 1710 2874 1765 ἀλλά
2903 1704 3043 1780 πρὸς
3075 1714 3139 1766 τὸ
3170 1718 3495 1786 περιμεῖναι
3529 1715 3683 1788 μέχρι

2103 1803 2387 1860 διελθοῦσα
2415 1804 2632 1870 τούτοις
2671 1805 3048 1877 όδοποιήσειεν
3087 1808 3120 1877 ἡ
3152 1807 3415 1872 κιϐωτὸς,
3457 1808 3681 1879 διαιρου-

2028 1878 2071 1936 B
2105 1899 2267 1972 μένου
2292 1896 2389 1953 τοῦ
2426 1897 2640 1964 ὕδατος.
2688 1898 2814 1952 Ἐπὶ
2867 1900 2967 1971 μὲν
3008 1893 3106 1954 οῦν
3143 1901 3432 1965 Μωῦσέως
3472 1878 3678 1970 ἄγοντος

2101 1993 2188 2048 διὰ
2215 1992 2509 2064 θαλάττης,
2560 1990 2754 2057 ὕδατος
2804 1991 3074 2064 ἁλμυροῦ,
3122 1993 3357 2064 οὐδεμία
3388 1995 3539 2062 τάξις
3575 1996 3674 2065 ἐγί-

2100 2098 2245 2149 νετο,
2275 2081 2343 2152 ἢν
2377 2079 2473 2134 νῦν
2509 2080 2726 2151 ὁρῶμεν
2750 2120 2766 2147 ,
2818 2078 2999 2151 Ἰησοῦ
3037 2079 3545 2155 στρατηγήσαντος,
3591 2084 3671 2139 καὶ

2099 2172 2196 2228 τοῦ
2224 2172 2434 2245 Κυρίου
2469 2171 2809 2243 πληροῦντος
2852 2173 2915 2226 τὸ
2949 2172 3245 2244 σύμϐολον.

2171 2262 2245 2318 Τὸ
2279 2264 2341 2318 δὲ
2377 2262 2524 2337 ὕδωρ
2550 2262 2758 2335 ὁμοίως
2798 2264 3108 2336 διαιρεθὲν,
3157 2265 3508 2339 ἑκατέρωθεν
3530 2266 3664 2338 πῆξιν

2100 2353 2399 2426 ὑπέμενεν,
2438 2354 2570 2409 ἔνθα
2607 2355 2803 2425 γέγονε
2849 2356 2946 2411 τοῦ
2997 2357 3206 2430 Κυρίου
3250 2357 3322 2412 τὰ
3362 2359 3649 2431 γράμματα.

2111 2448 2170 2502 '0
2195 2446 2307 2518 γὰρ
2343 2447 2581 2519 ποιήσας
2609 2447 2680 2503 τά
2700 2447 2996 2521 ἀμφότερα
3025 2447 3108 2512 ἓν.
3141 2451 3239 2503 καὶ
3277 2449 3341 2501 τὸ
3380 2453 3646 2521 μεσότειχον

2098 2540 2194 2595 τοῦ
2223 2540 2483 2611 φραγμοῦ
2517 2540 2707 2606 λύσας,
2751 2542 2960 2605 ἐκεῖνος
2991 2541 3104 2597 δύω
3120 2538 3296 2607 οἶδεν,
3332 2544 3389 2596 ei
3428 2544 3515 2596 καὶ
3550 2540 3655 2611 πρὸς

2097 2635 2157 2690 ἰν
2185 2620 2241 2688 τι
2262 2634 2598 2699 συνέλθοιεν.
2628 2634 2773 2707 Ὀρα
2809 2634 2869 2690 δὲ
2898 2635 2961 2688 τὸ
2986 2634 3136 2707 ὕδωρ
3153 2630 3339 2720 εἶκον,
3374 2635 3557 2706 ῶσπερ
3586 2634 3662 2688 al.
3708 2614 3719 2625 ’

2096 2727 2361 2798 δούμενον
2397 2726 2500 2800 τὴν
2533 2725 2792 2791 κιϐωτὸν,
2827 2725 2952 2797 μεθ’
2986 2720 3066 2781 ῶν
3102 2730 3425 2798 μυστηρίων
3448 2728 3660 2798 iniusto

2098 2820 2194 2874 καὶ
2222 2818 2350 2882 τοὺς
2389 2816 2811 2888 διακομίζοντας
2831 2818 3020 2886 ἱερεῖς.
3054 2816 3310 2887 Περιεῑχε
3331 2816 3391 2870 δὲ
3420 2817 3509 2879 τὰς
3537 2814 3659 2868 πλά-

2097 2927 2221 2976 κας,
2255 2913 2352 2965 καὶ
2383 2908 2479 2963 τοῦ
2517 2909 2695 2981 μάννα
2727 2908 2829 2980 τὴν
2859 2909 3122 2981 στάμνον,
3158 2909 3256 2962 καὶ
3301 2909 3362 2961 τὸ
3393 2908 3549 2979 κέρας
3571 2904 3654 2959 τοῦ

2100 3001 2303 3075 μύρου,
2336 3000 2434 3055 καὶ
2466 3000 2566 3073 τὴν
2624 2999 2824 3072 ῥάϐδον
2868 2999 3083 3072 ’Δαρὼν
3123 3001 3225 3070 τὴν
3276 2999 3643 3072 βλαστήσασαν.

2102 3094 2171 3146 ’Δ
2195 3093 2261 3163 δὴ
2292 3092 2542 3164 περιέχει
2575 3091 2672 3146 καὶ
2704 3093 2738 3163 ἠ
2777 3089 2875 3145 τοῦ
2901 3090 3207 3163 ἀρχιερέως
3240 3091 3396 3161 ψυχὴ,
3436 3088 3640 3153 δύναμιν

394 3202 522 3245 mus
549 3189 818 3257 continet,
851 3190 951 3261 qui
979 3191 1125 3247 vires
1165 3205 1196 3246 a
1249 3191 1364 3248 Deo
1409 3194 1651 3265 accepit,
1684 3204 1747 3249 ut
1797 3195 1991 3251 eadem

2108 3184 2341 3239 λαϐοῦσα
2375 3185 2524 3256 παρά
2553 3182 2693 3238 Θεοῦ
2727 3182 2957 3238 τοιαῦτα
2999 3186 3197 3250 ποιεῖν,
3232 3183 3299 3236 δι’
3329 3180 3634 3249 έπικλήσεως

388 3282 571 3341 οῶείε
603 3287 781 3356 possit
823 3287 1072 3359 explere,
1113 3301 1178 3343 ac
1213 3290 1401 3344 omnia
1430 3304 1535 3361 per
1582 3291 1991 3347 invocationem

388 3382 639 3439 divinam
700 3387 1075 3442 sanetiticare.
1132 3385 1616 3454 Quemadmodum
1670 3389 1818 3446 enim
1860 3404 1993 3445 arca

390 3477 612 3534 tabulas
643 3479 910 3546 continet,
950 3481 1025 3534 ita
1056 3481 1282 3538 animus
1311 3481 1436 3553 ejus
1465 3481 1672 3537 dictata
1722 3482 1992 3537 divinitus

392 3572 667 3643 inspirata
722 3572 850 3629 fert.
885 3573 945 3628 Si
978 3573 1107 3643 quis
1159 3573 1335 3646 igitur
1384 3589 1482 3645 per
1519 3572 1819 3630 Iordanem
1872 3575 1990 3631 vult

389 3666 677 3735 trajicere,
713 3682 826 3722 non
859 3677 1066 3724 temere
1098 3667 1207 3723 iter
1236 3676 1520 3738 capessat,
1556 3680 1748 3747 verum
1776 3680 1989 3740 praepa-

380 3761 665 3815 rationem
700 3767 990 3830 exspectet
1021 3759 1377 3816 sacerdotum
1412 3761 1507 3830 qui
1539 3775 1686 3815 arca:
1710 3760 1991 3816 constitu-

391 3853 544 3909 tione
571 3866 746 3922 aquas
779 3860 1138 3920 consecrant,
1180 3854 1563 3922 transitusque
1633 3854 1988 3909 securitatem

387 3944 654 4014 przebent.
676 3942 853 4010 Quam
888 3944 1312 4016 ignoraruntilli
1344 3945 1439 4015 qui
1473 3944 1650 4001 istbac
1678 3945 1787 4000 iter
1818 3944 1989 4001 facie-

386 4036 522 4092 bant
548 4045 564 4105 ;
593 4038 742 4108 leges
770 4039 918 4092 enim
955 4034 1228 4092 Ecclesiae
1258 4037 1801 4108 ignorabant,eaque
1832 4037 1989 4109 prius

382 4132 727 4197 cegnoscere
761 4126 1060 4185 debebant.

456 4219 638 4276 Porro
666 4220 779 4277 duo
820 4220 1138 4277 cubitorum
1186 4220 1386 4288 millia,
1440 4222 1582 4280 duas
1626 4222 1987 4279 circuitiones

383 4312 507 4368 sive
580 4311 1015 4384 praeparationes
1079 4311 1395 4383 signiﬁcare
1475 4313 1690 4379 aiunt,
1756 4315 1985 4368 alteram

390 4404 613 4477 quidem
650 4407 844 4478 primae
877 4404 1281 4474 institutionis,
1316 4406 1552 4462 alteram
1602 4421 1736 4462 vero
1768 4405 1987 4462 unctio-

390 4500 503 4564 nis,
537 4514 646 4571 qua
686 4506 885 4555 contra
916 4512 1138 4555 omnem
1184 4500 1298 4554 vim
1331 4500 1624 4556 adversam
1674 4488 1981 4571 unguntur,

2096 3276 2427 3346 ἀγιάζουσα,
2485 3275 2563 3340 ὡς
2605 3276 2664 3329 ὲν
2694 3274 2858 3340 πλαξὶ
2909 3275 3146 3339 λιθίναις
3191 3272 3497 3346 φέρουσατά
3526 3268 3638 3324 θεό-

2095 3383 2340 3422 πνευστα
2368 3366 2547 3434 λόγια.
2575 3364 2804 3421 Μέλλων
2833 3361 2929 3420 οὖν
2954 3382 3038 3429 τις
3067 3365 3321 3435 διαϐῆναι
3354 3364 3437 3416 τὸν
3468 3359 3647 3431 Ἰορδά-

2094 3478 2212 3532 νην.
2249 3460 2326 3533 μὴ
2351 3459 2646 3531 τολμηρῶς
2682 3459 2955 3529 χωρείτω,
2995 3458 3309 3529 περιμένων
3330 3457 3424 3527 τὴν
3457 3456 3519 3506 ὲκ
3555 3451 3654 3506 τῶν

2094 3551 2291 3625 ἱερέων
2320 3550 2681 3624 παρασκευὴν
2701 3589 2718 3617 ,
2769 3552 2839 3622 τῇ
2868 3550 3075 3605 στάσει
3116 3548 3222 3618 τῆς
3266 3546 3490 3602 κιϐωτοῦ
3519 3544 3656 3613 ἀγιαι

2093 3644 2298 3711 ζόντων
2342 3644 2415 3699 τά
2470 3643 2663 3709 ὕδατα,
2713 3642 2812 3697 καὶ
2860 3645 2929 3714 τῇ
2991 3634 3242 3696 διαϐάσει
3292 3636 3658 3712 παρεχομένων

2090 3738 2192 3810 τὴν
2239 3736 2466 3791 ἄδειανο
2518 3736 2588 3807 ἢν
2616 3734 2848 3805 ἠγνόουν
2878 3735 2930 3787 οἱ
2981 3734 3189 3804 ταύτην
3231 3732 3527 3795 ὁδεύοντες,
3572 3727 3660 3799 τῆς

2102 3814 2436 3900 Ἐκκλησίας
2471 3826 2797 3897 ἀγνοοῦντες
2832 3826 2903 3880 τὰ
2937 3825 3168 3898 νόμιμα,
3206 3823 3506 3879 καὶταῦτα
3540 3836 3660 3892 προ·

2091 3918 2394 3991 μανθάνειν
2422 3917 2757 3987 ὀφείλοντες.

2161 4207 2424 4282 Δισχίλιοι
2444 4208 2507 4264 δὲ
2538 4206 2757 4279 πήχεις,
2790 4205 2928 4277 φασὶ
2947 4247 2964 4273 ,
2993 4205 3089 4260 δύο
3134 4205 3430 4278 trepidam;
3479 4203 3667 4277 σημαί-

2068 4288 2265 4365 νουσι,
2300 4298 2400 4371 τὴν
2448 4296 2549 4367 μὲν
2584 4294 2967 4367 κατηχήσεως,
3023 4295 3125 4367 τὴν
3169 4293 3228 4349 δὲ
3278 4294 3385 4367 τῆς
3428 4297 3666 4367 χρίσεως,

2088 4392 2216 4448 καθ’
2255 4392 2324 4465 ἢν
2354 4389 2678 4460 ἀλείφονται
2724 4387 2866 4444 κατά
2899 4388 3085 4459 πάσης
3115 4387 3507 4459 ἀντικειμένης
3530 4385 3672 4441 δυνά-

2095 4502 2265 4556 μεως,
2309 4482 2472 4554 βατὸν
2519 4482 2703 4545 αὐτοῖς
2729 4480 2793 4534 τὸ
2830 4478 2978 4552 ὕδωρ
3023 4477 3366 4549 ποιούμενοι.
3417 4478 3671 4533 Δύνανται

390 4568 709 4668 γοᾶοεοηιιο
744 4595 862 4652 illis
893 4609 1037 4667 aqua
1074 4592 1334 4651 efﬁcitur.
1366 4592 1553 4651 Potest
1599 4605 1732 4647 vero
1759 4568 1987 4663 signiﬁ-

2108 4577 2150 4631 ἳὲ
2176 4575 2469 4648 σημαίνειν
2505 4572 2606 4627 καὶ
2640 4572 2733 4626 τὸν
2781 4569 2892 4626 τῶν
2929 4570 3070 4624 ἐτῶν
3100 4568 3361 4640 ἀριθμὸν,
3412 4570 3543 4640 περί
3578 4582 3671 4621 που

378 4694 519 4739 care
556 4683 724 4740 etiam
773 4700 1069 4740 numerum
1107 4699 1384 4739 annorum
1433 4682 1660 4738 circiter
1697 4682 1785 4737 bis
1838 4682 1989 4738 mille

372 4791 565 4847 usque
608 4777 675 4831 ad
729 4775 1029 4832 adventum
1084 4777 1321 4842 Christi,
1382 4776 1637 4847 adeoque
1689 4761 1991 4831 monstrari

385 4867 713 4939 mysterium
758 4866 827 4926 ad
879 4884 983 4925 nos
1040 4869 1095 4923 in
1142 4883 1368 4924 carnem
1422 4867 1704 4923 venientis
1750 4865 1988 4921 Christi.

2089 4666 2371 4739 δισχιλίων
2421 4665 2594 4720 ϐντων
2659 4662 2824 4736 μέχρι
2880 4661 2945 4716 τὸ
2999 4660 3239 4734 Χριστοῦ
3287 4661 3532 4734 δειχθείη
3581 4676 3673 4731 μυ-

2093 4760 2337 4832 στήριον,
2384 4756 2645 4827 φανέντος
2690 4755 2823 4827 ἡμῖν
2862 4753 2927 4807 ὲν
2962 4752 3146 4823 σαρκί.
3184 4754 3283 4806 Ὃν
3329 4754 3428 4807 καὶ
3461 4752 3541 4825 τῷ
3581 4744 3672 4811 τῆς

2090 4851 2282 4915 δυάδος
2319 4848 2640 4923 ύλικωτέρῳ
2688 4845 2785 4901 καὶ
2827 4843 3128 4918 ἀκαθάρτῳ
3164 4843 3523 4915 παρέστησεν
3564 4842 3674 4913 ἀριο

366 4958 558 5027 :Quem
609 4960 829 5018 binario
877 4977 1103 5033 quoque
1144 4962 1365 5017 minore
1392 4976 1459 5017 ac
1490 4962 1713 5031 impuro
1746 4972 1981 5015 numero
2083 4940 2232 5016 θμῷ·

370 5053 658 5112 exhibuit.

441 5144 776 5202 ‘Consecrate
813 5165 904 5204 vos
928 5147 985 5203 in
1010 5147 1331 5213 crastinum,
1356 5163 1478 5203 cras
1499 5148 1639 5202 enim
1672 5146 1832 5218 faciet
1864 5146 1978 5202 Do-

2165 5142 2534 5213 Ἃγνίσασθε
2559 5141 2648 5206 είς
2669 5138 2787 5209 τὴν
2817 5137 3054 5206 αὔριον,
3075 5134 3167 5189 ὅτι
3203 5134 3421 5203 αὔριον
3446 5128 3678 5199 ποιήσει

386 5238 559 5292 minus
611 5238 754 5293 inter
804 5255 894 5295 vos
953 5239 1210 5310 miriﬁca.
1446 5239 1661 5296 lnitiari
1717 5240 1864 5296 enim
1916 5255 1982 5296 ac

2108 5236 2308 5305 Κύριος
2335 5235 2407 5289 ἐν
2440 5231 2586 5304 ὑμῖν
2637 5229 2965 5299 θαυμάσια.
3007 5227 3399 5297 Προτελεῖσθαι
3449 5225 3559 5294 γὰρ
3606 5222 3678 5274 δεῖ

268 5376 278 5385 .
388 5329 612 5386 lustrari
647 5340 778 5387 ante
829 5333 1016 5388 omnia
1055 5333 1532 5402 contemplaturos
1572 5332 1667 5390 Dei
1714 5332 1981 5388 miracula

2108 5329 2184 5382 ιαὶ
2209 5324 2685 5399 προκαθαίρεσθαι
2713 5321 2841 5385 τοὺς
2878 5319 3173 5392 μέλλοντας
3202 5316 3435 5389 θεωρεῖν
3459 5318 3527 5370 τὰ
3556 5316 3678 5369 θαυ-

385 5430 622 5494 oportet.
659 5422 797 5489 Quid
829 5440 960 5479 vero
997 5439 1067 5480 an
1105 5424 1363 5480 miraculi
1402 5437 1511 5478 non
1562 5432 1649 5479 est.
1676 5424 1857 5479 simile
1885 5440 1981 5480 ve-

2108 5423 2268 5478 ιάσια
2310 5422 2408 5476 τοῦ
2440 5419 2599 5475 Θεοῦ.
2638 5417 2763 5479 Πῶς
2803 5415 2913 5485 γὰρ
2955 5412 3016 5467 ού
3047 5409 3384 5484 θαυμαστὸν,
3409 5407 3676 5466 ἀποδύσα-

383 5524 556 5572 terem
604 5515 827 5587 quidem
856 5517 1141 5573 hominem
1177 5533 1304 5573 cum
1349 5517 1612 5573 omnibus
1643 5519 1761 5574 suis
1806 5519 1982 5574 mori-

2108 5516 2217 5571 τθαι
2264 5515 2366 5587 μὲν
2399 5515 2494 5568 τὸν
2533 5510 2767 5567 παλαιὸν
2797 5507 3087 5579 ἄνθρωπον
3131 5504 3229 5558 σῦν
3270 5504 3388 5566 ταῖς
3423 5498 3677 5572 πράξεσιν

385 5608 490 5666 bus
534 5605 1034 5681 aﬂectionibusqne
1075 5625 1300 5677 exuere,
1353 5626 1419 5665 ac
1462 5624 1670 5666 novum
1700 5611 1980 5668 hominem

2108 5608 2258 5665 ιύτοῦ
2314 5598 2412 5664 καὶ
2470 5604 2816 5677 ἐπιθυμίαις,
2867 5595 3195 5654 ἐνδύσασθαι
3250 5594 3307 5648 δὲ
3357 5593 3452 5648 τδν
3500 5587 3679 5646 καινέιν

378 5703 539 5778 'jnxta
594 5698 696 5755 Dei
768 5702 1018 5756 normam
1072 5701 1438 5759 fabrefactum
1464 5682 1739 5774 induere,
1800 5703 1989 5765 hostes

2108 5702 2386 5777 ivepwmv
2418 5699 2509 5755 τὸν
2548 5698 2690 5755 κατά
2715 5695 2850 5765 Θεὸν
2876 5690 3192 5759 κτισθέντα,
3226 5685 3322 5742 καὶ
3355 5685 3485 5749 τοὺς
3513 5682 3676 5755 ἀορά-

390 5898 397 5903 τ
466 5869 515 5900 ⁸³
553 5866 599 5927 11
650 5869 791 5927 Tim.
823 5884 886 5940 ll,
910 5870 968 5927 2.
1043 5868 1232 5927 “Act.
1263 5885 1376 5940 xw,
1407 5870 1506 5929 26.
