3956 6400
274 365 416 428 1005

1401 361 1945 426 COMMENTARII
1985 361 2068 423 IN
2106 361 2368 424 IOSUE.

3409 361 3545 426 1006

266 503 397 547 τους
427 485 660 559 ἐχθροὺς
681 483 889 555 νοητῶς
918 485 1053 556 όρᾷν
1083 483 1556 552 ἑναποπνιγέντας
1578 479 1851 554 τῴ.’ύδατι;

1980 479 2266 536 nvisibilcs
2290 480 2449 551 aquis
2465 480 2792 538 submersos
2824 487 3007 537 mente
3026 480 3418 550 contemplari,
3434 482 3556 536 loco

283 579 426 632 Ἀπ’
473 580 698 649 ατσχους
739 577 834 642 δὲ,
893 577 1091 641 κάλλος
1142 576 1544 647 ἀνειληφότας,
1601 575 1696 628 καὶ⁹
1750 574 1860 627 πᾶν

1972 569 2332 639 turpitudinis
2369 571 2838 641 pulchritudinem
2865 571 3142 643 accipere,
3177 573 3438 641 omnique
3471 586 3560 626 sa-

271 671 530 741 φρόνημα
594 669 1002 732 καταλιπόντας
1063 667 1268 737 γεῶδες
1298 709 1314 734 ,
1387 669 1716 738 πτεροφυεῖν
1783 665 1859 729 ὡς

267 763 482 831 ἀετοὺς,
531 761 628 816 καὶ
662 763 786 823 ταῖς
828 760 1132 830 ἁμαρτίαις
1174 759 1530 830 γηράσαντας
1568 755 1856 810 ἀνακαινί-

269 852 498 918 ζεσθαι,
551 855 646 908 καὶ
698 852 968 915 πεσόντας
1015 853 1096 915 εἱς
1141 852 1279 920 γῆν,
1335 848 1570 920 ούρανοῦ
1632 847 1860 912 πολίτας

269 944 829 1017 ἐγκαταγράφεσθαι,
886 944 981 997 καὶ
1027 943 1189 1006 ὄντας
1248 941 1528 1013 ἐχθροὺς,
1586 939 1859 1001 υἱοθεσίας

268 1034 614 1107 ἀξιωθῆναι;
687 1035 931 1090 Τοιαῦτα
1006 1033 1318 1100 κατέδειξεν
1385 1034 1413 1085 6
1481 1031 1594 1086 τῶν
1668 1029 1858 1100 ψυχῶν

273 1128 456 1200 ἰατρὸς
497 1129 566 1182 τὰ
608 1128 912 1199 θαυμάσια,
965 1126 1272 1189 συνθλάσας
1313 1125 1412 1190 τὰς
1459 1124 1705 1193 κεφαλὰς
1763 1120 1858 1176 τοῦ

1967 662 2177 730 pientia
2217 670 2439 722 terrena
2473 665 2667 720 relicta
2717 665 2834 721 alas
2881 665 3080 736 aquilie
3112 665 3285 719 instar
3332 664 3558 733 acquire

1966 754 2210 824 peccatis
2277 755 2617 813 inveteratos
2680 758 2962 825 renovari,
3011 759 3063 812 in
3109 765 3311 812 terram
3393 757 3559 828 depo-

1966 849 2106 903 sitos
2142 850 2287 902 inter
2321 849 2470 906 cives
2518 853 2778 908 caelestes
2806 850 3070 918 describi,
3117 850 3358 923 denique
3389 852 3555 907 etiam

1967 941 2162 997 hostes
2191 942 2248 996 in
2279 941 2519 998 ﬁliorum
2569 945 2751 1000 locum
2812 945 3108 1015 adepturi?
3152 944 3258 998 Tot
3293 952 3558 1014 tantaque

1967 1049 2099 1089 vero
2161 1033 2471 1089 animarum
2540 1037 2789 1092 medicus
2843 1053 3008 1092 verus
3066 1035 3235 1092 Josue
3289 1038 3558 1092 miracula

1969 1126 2183 1193 edidit,
2214 1142 2338 1182 cum
2367 1129 2642 1198 serpentis
2671 1130 2850 1198 capita
2889 1145 3056 1200 super
3084 1145 3228 1202 aqua
3259 1129 3557 1202 confregit,

267 1219 563 1290 δράκοντος
585 1218 680 1273 ἐπὶ
712 1217 808 1273 τοῦ
849 1218 1066 1285 ὕδατος,
1103 1217 1481 1288 ἀναγεννήσας
1514 1217 1663 1287 ἡμᾶς
1707 1214 1860 1269 ὕδατι

269 1312 363 1362 καὶ
399 1310 553 1382 πυρί.

1972 1235 2188 1291 nosque
2221 1219 2333 1292 igni
2364 1227 2418 1274 et
2453 1234 2596 1291 aqua
2620 1221 2891 1292 regenuit.

341 1421 410 1476 Et
434 1422 573 1476 dixit
600 1421 854 1476 Dominus
881 1419 1130 1476 adlosue
1151 1437 1170 1475 :
1200 1419 1315 1477 Hoc
1335 1421 1419 1475 die
1435 1429 1484 1474 te
1499 1418 1693 1489 incipio
1717 1419 2066 1482 evehere,ete.
2087 1415 2205 1489 μιι,
2234 1414 2315 1488 7.]
2339 1415 2456 1472 Non
2477 1416 2658 1473 minus
2679 1432 2808 1472 vero
2835 1416 3100 1475 Dominus
3122 1436 3342 1492 quoque
3371 1433 3562 1477 noster

269 1510 432 1566 Jesus
461 1509 721 1565 Christus
756 1509 1014 1565 evehitur
1050 1509 1395 1563 humanitate
1445 1521 1570 1571 sua,
1613 1507 1904 1562 divinitate
1953 1509 2096 1562 enim
2129 1523 2350 1563 onmem
2401 1507 2748 1562 altitudinem
2794 1518 3040 1577 superat.
3081 1511 3139 1564 In
3169 1509 3408 1568 Jordane
3433 1529 3559 1568 eum

271 1599 471 1654 extulit
496 1610 670 1668 pater,
706 1613 832 1653 cum
871 1597 1054 1652 dixit:
1088 1615 1108 1648 ι
1133 1597 1236 1651 llic
1266 1604 1353 1652 est
1386 1595 1534 1652 ﬁlius
1567 1611 1726 1652 meus
1764 1596 2002 1651 dilectus
2045 1596 2099 1649 in
2133 1611 2244 1665 quo
2286 1595 2421 1649 mihi
2469 1595 2662 1666 placeo
2687 1595 2753 1650 ".
2786 1614 2804 1646 ι
2845 1595 2974 1650 Item
3011 1613 3025 1650 :
3085 1615 3103 1649 ι
3137 1597 3405 1660 Quoniam
3467 1618 3555 1655 se—

282 1686 462 1756 ipsum
492 1686 719 1756 abjecit,
761 1685 942 1740 factus
971 1683 1041 1739 ad
1070 1691 1301 1740 mortem
1331 1699 1506 1755 usque
1527 1683 1671 1755 patri
1702 1682 2032 1752 morigerus,
2065 1693 2318 1746 mortem,
2343 1683 2591 1753 inquam,
2619 1685 2826 1749 erucis,
2864 1684 3061 1739 extulit
3095 1701 3220 1739 eum
3253 1685 3395 1741 Deus
3425 1689 3492 1752 ⁵⁸,
3536 1708 3554 1740 ι

273 1783 381 1829 etc.
425 1772 481 1829 In
511 1774 707 1844 primis
737 1787 868 1828 vero
916 1773 970 1826 in
1027 1772 1230 1827 animis
1259 1773 1472 1828 nostris
1526 1776 1794 1827 transitus
1829 1785 1926 1841 per
1974 1769 2272 1826 Iordanem
2296 1778 2547 1842 tempore
2589 1771 2863 1827 evehitur.
2901 1770 2981 1828 Ne
3010 1773 3100 1827 cui
3135 1789 3264 1828 vero
3299 1775 3556 1830 videatur

275 1863 442 1918 alium
477 1863 676 1918 veteris
699 1873 754 1916 et
796 1876 954 1917 novae
993 1875 1119 1916 esse
1157 1858 1420 1916 Ecclesiae
1463 1859 1661 1926 Deum,
1692 1858 1865 1916 Josue
1905 1874 2030 1913 cuni
2073 1857 2222 1915 Mose
2263 1859 2571 1930 conjungit,
2606 1867 2667 1914 ut
2707 1860 2874 1914 unius
2907 1859 2999 1914 Dei
3047 1877 3239 1918 curam
3275 1865 3560 1918 amborum
3617 1915 3624 1922 .

273 1966 398 2006 esse
424 1951 788 2006 demonstret.
820 1953 1004 2017 Quare
1046 1948 1254 2004 Paulus
1288 1964 1514 2020 quoque
1541 1947 1609 2002 ad
1669 1947 1928 2003 Hebraeos
1952 1948 2028 2002 ait
2061 1964 2076 2002 :
2109 1967 2126 1999 ι
2153 1947 2219 2002 Ει
2253 1946 2433 2002 Moses
2463 1947 2685 2017 quidem
2721 1947 2899 2002 lidelis
2940 1949 2994 2002 in
3023 1961 3224 2004 cuncta
3255 1950 3374 2020 ejus
3398 1951 3564 2008 domo

273 2039 426 2093 velut
455 2037 717 2105 famulus,
746 2037 1007 2094 Christus
1039 2051 1175 2094 vero
1209 2037 1360 2093 velut
1386 2037 1536 2094 ﬁlius
1568 2035 1637 2090 ".
1678 2055 1696 2088 ι
1731 2033 1926 2092 Modus
1951 2035 2138 2105 itaque
2184 2036 2475 2090 amborum
2505 2037 2705 2104 variat,
2737 2051 2847 2091 non
2881 2037 3034 2091 omni
3078 2047 3259 2092 tamen
3299 2039 3564 2094 similitu-

272 2130 421 2186 dinis
451 2131 659 2184 evitata
678 2127 891 2200 specie.

355 2237 449 2304 Ὦς
500 2237 578 2292 ἂν
619 2237 933 2305 εἰσέλθητε
966 2237 1067 2291 ἐπὶ
1102 2235 1328 2306 μέρους
1367 2235 1476 2290 τοῦ
1506 2233 1726 2302 ὕδατος
1758 2233 1863 2289 τοῦ

2044 2231 2182 2288 Cum
2213 2234 2459 2288 veneritis
2507 2233 2577 2286 ad
2616 2234 2844 2302 primam
2884 2248 3089 2304 portent
3129 2253 3396 2306 aquarum
3438 2236 3564 2292 Jor-

272 2329 605 2398 Ἰορδάνου,
637 2329 734 2382 καὶ
763 2329 834 2382 ὲν
870 2328 1139 2397 Ἰορδάνῃ
1171 2326 1504 2396 στήσεσθε.
1549 2327 1869 2398 Ὀράτωσαν

273 2425 324 2476 οἱ
385 2421 730 2492 μεμυημένοι
778 2421 906 2485 τοὺς
958 2421 1166 2488 τύπους
1210 2421 1504 2486 ὠδίνοντας
1565 2420 1666 2490 τὴν
1735 2420 1869 2489 ἀλή-

277 2513 453 2566 θειαν.

346 2601 457 2657 Καὶ
516 2601 856 2670 ὀλοθρεύων
922 2602 1274 2670 ὀλοθρεύσει
1340 2601 1461 2657 ἀπὸ
1538 2598 1868 2670 προσώπου

276 2691 446 2762 ὑμῶν
484 2693 592 2746 τὸν
637 2693 1004 2749 Καναναῖον.
1057 2695 1121 2747 Ἦ
1150 2693 1403 2758 διάϐασις
1451 2693 1551 2764 τῆς
1601 2693 1866 2758 κιϐωτοῦ,

277 2787 436 2856 φησὶ,
472 2788 701 2856 σημεῖον
735 2787 866 2855 ὑμῖν
899 2785 1042 2839 ἔστω
1072 2785 1176 2856 τῆς
1205 2778 1315 2839 τῶν
1349 2785 1522 2839 ἐθνῶν
1555 2784 1865 2847 ἀπωλείας⁶

281 2880 354 2940 ὡς
372 2877 458 2944 ἐφ’
483 2879 515 2948 ἡ
527 2877 644 2947 μῶν
677 2876 789 2930 τῶν
826 2876 1222 2947 ἀντικειμένων
1266 2876 1573 2946 δυνάμεων,
1606 2875 1662 2928 εἴ
1697 2892 1780 2938 τις
1810 2876 1868 2929 ὲν

287 2965 528 3038 Ἰορδάνῃ
551 2966 782 3034 γένηται
814 2965 1050 3026 κιϐωτὸς
1081 2966 1174 3020 τοῦ
1211 2965 1370 3031 Θεοῦ,
1409 2965 1478 3020 τά
1501 2966 1601 3033 τῆς
1633 2966 1869 3031 πίστεως

273 3059 334 3112 ὲν
358 3059 538 3130 ἑαυτῷ
585 3059 858 3130 περιέχων
908 3058 1209 3130 μυστήρια,
1256 3059 1358 3127 τῆς
1383 3056 1616 3126 γεώδους
1645 3057 1869 3128 ἀπάρας

272 3150 417 3206 κατά
446 3151 575 3215 τοὺς
613 3151 955 3222 Ἰσραηλίτας
997 3149 1226 3219 σκηνῆς,
1263 3149 1505 3218 γεγονὼς
1542 3152 1607 3222 τῇ
1655 3149 1866 3222 διανοίᾳ

277 3243 579 3315 μετέωρος,
613 3243 918 3312 ἀνεχόντων
939 3241 1156 3312 ἱερέων,
1193 3242 1286 3295 καὶ
1315 3240 1754 3310 προϐαδιζόντων
1785 3242 1866 3314 τῷ

271 3335 429 3408 τύπῳ
457 3336 566 3390 τῶν
603 3335 880 3407 πράξεων,
915 3333 1012 3388 καὶ
1054 3334 1134 3404 τῷ
1175 3334 1330 3388 ὕδατι
1378 3333 1697 3404 βαπτόντων
1740 3335 1865 3399 τοὺς

272 3427 467 3490 πόδας.
510 3445 529 3478 r
556 3427 615 3480 Ὀ
645 3427 752 3497 γὰρ
795 3426 1121 3497 λελουμένος
1149 3426 1211 3479 ού
1250 3425 1444 3497 χρείαν
1473 3425 1587 3495 ἔχει
1617 3425 1714 3478 τοῦ
1743 3424 1866 3478 λού-

269 3520 494 3574 σασθαι.
528 3521 688 3573 Ἔστι
719 3519 827 3590 γὰρ
854 3519 974 3582 ὅλος
1009 3517 1248 3588 καθαρός
1269 3531 1283 3546 ⁸
1327 3517 1444 3570 ἀλλ’
1475 3518 1562 3572 ἴνα
1601 3517 1729 3588 νίψῃ
1765 3518 1862 3586 μό-

1973 2324 2154 2391 donis,
2189 2325 2491 2379 consistetis
2532 2326 2586 2380 in
2617 2327 2730 2395 ipso
2763 2325 3024 2384 Iordane.
3060 2328 3166 2402 [8.]
3207 2328 3438 2385 Videant
3470 2332 3563 2404 qui

1973 2426 2133 2488 typos
2155 2418 2397 2473 veritatis
2431 2427 2635 2474 matres
2679 2416 3096 2478 abstruserunt.

2045 2591 2315 2648 Fimditus
2329 2604 2516 2650 evertet
2539 2595 2793 2652 Dominus
2813 2590 3040 2654 ante-vos
3062 2599 3562 2670 Chanmm'um,etr.

1975 2682 2113 2757 [10.]
2149 2685 2442 2742 Transitus
2477 2701 2619 2743 arcte
2644 2689 2798 2744 vobis
2830 2692 2923 2758 sit,
2969 2693 3171 2764 inquit,
3205 2694 3364 2766 signo
3395 2697 3568 2753 inter-

1973 2778 2224 2834 necionis
2270 2780 2544 2848 gentium.
2597 2781 3075 2848 Quemadmodum
3129 2789 3286 2845 vobis
3345 2807 3567 2863 quoque

1970 2884 2098 2926 esse
2137 2869 2302 2928 debet
2333 2874 2623 2943 copiarum
2680 2878 3064 2948 adversarum,
3107 2882 3154 2938 si
3192 2899 3314 2954 qua:
3353 2885 3407 2940 in
3438 2885 3566 2942 Jor-

1971 2963 2116 3020 dane
2145 2964 2315 3020 fuerit
2342 2981 2498 3031 arca,
2527 2984 2649 3038 quae
2692 2970 2818 3025 ﬁdei
2851 2973 2907 3027 in
2939 2988 3000 3030 se
3051 2977 3440 3047 complectitur
3473 2995 3567 3035 ar-

1969 3069 2130 3109 cana.
2175 3055 2307 3121 Quae
2345 3057 2570 3126 quidem
2621 3059 2771 3130 apud
2821 3060 3104 3120 lsraelilas
3155 3080 3187 3121 e
3237 3075 3457 3125 terreno
3486 3078 3569 3125 ta-

1972 3146 2276 3202 bernaculo
2330 3156 2416 3204 est
2449 3149 2725 3220 profecta,
2760 3153 3073 3211 ministerio
3094 3165 3280 3214 tamen
3307 3161 3568 3217 sublimis

1968 3236 2099 3305 fuit,
2156 3254 2279 3309 quin
2349 3248 2571 3310 portata
2633 3252 2718 3298 est
2770 3260 2800 3299 a
2862 3247 3252 3307 sacerdotibus
3315 3262 3568 3326 exemplo

1969 3331 2255 3386 actionum
2295 3335 2396 3388 toti
2430 3337 2637 3406 populo
2667 3341 3070 3408 praeeuntibus,
3100 3356 3356 3416 aquaque
3399 3349 3567 3418 pedes

1968 3419 2306 3476 lavantibus.
2352 3422 2495 3490 «Qui
2552 3425 2700 3480 enim
2750 3429 2977 3486 ablutus
3035 3442 3141 3498 est,
3195 3434 3406 3492 lotione
3453 3453 3566 3494 non

1969 3511 2203 3583 indiget,
2235 3515 2476 3571 mundus
2517 3518 2665 3571 enim
2702 3525 2856 3574 totus
2905 3530 3012 3586 est,
3050 3539 3240 3580 verum
3285 3536 3342 3582 ut
3398 3529 3566 3600 pedes

271 3628 366 3666 νον
391 3613 517 3674 τοὺς
546 3575 742 3673 πόδαςί
766 3575 807 3663 »⁸
833 3575 1012 3678 Καὶγή
1036 3575 1245 3679 νύμιρην
1277 3608 1334 3662 δέ
1360 3625 1524 3679 φησιν
1550 3625 1564 3640 ·
1595 3626 1616 3658 ι
1642 3575 1863 3678 ’ὲῦιιξνά-

1972 3604 2115 3659 lavet
2141 3606 2320 3660 solum
2347 3605 2447 3661 ⁸⁸.»
2480 3607 2652 3664 Porro
2687 3627 2888 3681 sponsa
2921 3615 3084 3670 etiam
3140 3617 3320 3688 inquit
3357 3575 3432 3674 εἴ
3467 3623 3569 3677 Ρο-

277 3720 388 3775 μην
413 3703 540 3767 τοὺς
570 3703 760 3766 πόδας,
805 3702 924 3764 πῶς
967 3700 1179 3773 μολυνῶ
1220 3699 1456 3766 αύτούςς
1494 3717 1513 3752 ι
1547 3701 1762 3771 ’Ὠσπερ
1807 3701 1865 3752 δὲ

268 3795 352 3866 τῷ
400 3795 714 3865 ἁμαρτωλῷ
760 3795 972 3863 πᾶσαή
1017 3793 1193 3856 κτίσις
1231 3792 1479 3862 πολεμεῖ,
1531 3792 1607 3856 ὡς
1636 3792 1866 3846 ἐπὶτῶν

277 3889 617 3956 Αἰγυπτίων,
664 3885 810 3940 οὕτω
855 3886 1069 3952 γίνεται
1101 3886 1281 3939 πάντα
1329 3885 1407 3954 τῷ
1453 3884 1650 3954 δικαίῳ
1704 3885 1864 3954 βατὰ,

287 3978 557 4049 Ἐρυθρὰν
583 3976 875 4030 διοδεύοντι
915 3975 1210 4040 θάλατταν,
1253 3975 1348 4028 καὶ
1393 3974 1491 4046 τὴν
1538 3974 1745 4045 ἔρημον
1769 3975 1868 4046 τὴν

273 4069 500 4141 πολλὴν,
528 4069 628 4140 τὴν
673 4069 732 4135 ἐξ
759 4067 1011 4137 εούρανοῦ
1052 4066 1444 4138 χορηγουμένῳ
1477 4069 1709 4138 τροφήν.
1755 4067 1865 4121 Καὶ

273 4164 305 4216 6
332 4163 440 4230 ἀὴρ
485 4160 546 4214 δὲ
589 4159 767 4230 τούτῳ
812 4157 996 4229 βατδς,
1030 4158 1175 4212 κατὰ
1217 4159 1300 4223 τὸ,
1356 4178 1374 4210 ι
1399 4159 1868 4230 Ἀρπαγησόμεθα

273 4256 334 4308 ἐν
386 4253 637 4322 νεφέλαις
683 4254 763 4312 εἱς
809 4252 1013 4323 ἀέρα.»
1060 4250 1310 4305 Καθόλου
1354 4249 1464 4323 γὰρ
1506 4251 1744 4322 ἤκουσεν
1790 4251 1865 4322 μὴ

273 4346 583 4415 φοϐεῖσθαι’
620 4365 640 4399 ‹
691 4344 820 4400 Ἐἀν
853 4347 961 4416 γὰρ
999 4345 1217 4417 διέλθῃς
1244 4344 1334 4400 διὰ
1390 4346 1583 4418 πυρὸς,
1619 4345 1752 4415 φλὸξ
1801 4347 1865 4399 οὐ

273 4438 618 4494 κατακαύσει
647 4455 731 4492 σε.
763 4457 783 4491 ι

344 4618 456 4673 Καὶ
483 4619 625 4688 τάχα
650 4619 774 4672 ὅσον
809 4616 910 4687 μὲν
949 4617 1118 4685 ὲγγὺς
1163 4612 1214 4668 εἴ
1250 4615 1559 4686 Αἰγύπτου,
1589 4617 1865 4675 θάλασσαν

271 4710 512 4781 διοδεύῃ.
541 4710 758 4764 οὐδέπω
781 4707 948 4778 οὔσης
996 4705 1255 4770 κιϐωτοῦ,
1307 4707 1428 4762 οὐδὲ
1471 4708 1662 4780 ἱερέων
1710 4727 1862 4780 χειρ-

159 4818 177 4831 σ
272 4802 640 4872 αγωγούντων
685 4818 745 4856 σε
773 4841 788 4867 ,
821 4801 945 4855 οὐδὲ
989 4800 1234 4856 Λευῐτῶν
1258 4817 1274 4833 ⁸
1323 4801 1467 4872 ὲηάν
1505 4801 1562 4854 δὲ
1591 4801 1752 4874 ἔλθῃς
1786 4806 1863 4868 εἰς

1969 3696 2070 3753 des
2099 3698 2230 3764 lavi,
2261 3707 2315 3755 et
2335 3715 2511 3770 quare
2534 3701 2884 3772 inquinarem
2907 3721 3003 3762 eos
3031 3709 3120 3763 ⁸⁸⁸1
3147 3729 3165 3763 ›
3197 3710 3566 3776 Qllemadttm-

1969 3786 2100 3842 dum
2132 3805 2266 3846 vero
2313 3794 2592 3862 peccatori
2622 3797 2804 3852 omnis
2837 3807 3092 3856 creatura
3135 3802 3392 3860 hostilem
3443 3822 3567 3862 sese

1971 3881 2196 3950 praebet,
2263 3885 2413 3939 velut
2465 3901 2597 3956 erga
2656 3887 2947 3960 Egyptios
2999 3890 3203 3948 factum
3241 3913 3256 3950 :
3293 3897 3369 3950 ita
3409 3898 3565 3967 jltsln

1969 3975 2158 4029 omnia
2188 3977 2329 4031 vado
2357 3978 2584 4045 cedunt,
2634 3982 2752 4036 sive
2800 3998 2897 4052 per
2927 3999 3084 4041 mare
3145 3985 3394 4043 Rubrum
3447 3992 3564 4046 sive

1969 4081 2068 4135 per
2099 4067 2382 4125 desertum
2431 4081 2650 4129 vastum
2714 4085 2982 4145 permeat,
3037 4079 3129 4134 cui
3185 4081 3354 4137 etiam
3387 4083 3564 4138 victus

1970 4159 2194 4216 caelitus
2232 4163 2574 4232 suppeditat.
2611 4165 2727 4222 Nec
2750 4183 2859 4224 non
2893 4185 2988 4224 aer
3019 4172 3221 4227 vadum
3255 4185 3362 4236 est,
3405 4177 3564 4247 juxta

1968 4252 2145 4308 illud:
2191 4253 2490 4314 «Nubibus
2541 4259 2595 4314 iii
2643 4275 2826 4316 aerem
2862 4257 3141 4333 rapientur
3167 4268 3231 4322 ⁸ο.
3274 4287 3294 4320 ι
3329 4267 3386 4323 In
3416 4286 3565 4328 sum-

1969 4359 2056 4400 ma
2091 4347 2239 4402 enim
2295 4348 2504 4406 dictum
2555 4362 2640 4408 est
2695 4355 2772 4408 illi
2816 4372 2829 4409 :
2883 4376 2900 4406 ι
2930 4355 3009 4414 Ne
3063 4361 3284 4416 timeas.
3335 4362 3560 4420 Etiamsi

1967 4439 2114 4494 enim
2169 4441 2371 4512 ignem'
2408 4449 2838 4515 pertransieris,
2892 4450 3113 4506 ﬂamma
3195 4469 3304 4509 non
3363 4458 3562 4513 aduret

1969 4539 2020 4585 te
2048 4530 2113 4586 ⁶¹.
2153 4550 2172 4584 ι
2670 4528 2675 4536 ’

2042 4623 2154 4677 Iino
2195 4624 2382 4690 etiam,
2417 4629 2781 4696 quantumvis
2836 4632 3055 4687 vicinus
3104 4632 3344 4706 Egypto
3386 4636 3558 4694 fueris

1966 4728 2231 4784 mareque
2288 4717 2558 4788 trajicias,
2613 4735 2740 4775 cum
2777 4736 2904 4777 arca
2950 4725 3196 4781 nondum
3245 4728 3427 4795 fuerit,
3458 4747 3560 4788 nec

1967 4805 2290 4863 sacerdotes
2319 4824 2422 4864 nec
2448 4808 2653 4867 Levita
2688 4821 2742 4868 te
2773 4813 3128 4873 deduxerint.
3156 4818 3294 4875 Cum
3325 4837 3458 4878 vero
3489 4825 3559 4879 ad

263 4898 342 4951 τὰ
378 4897 504 4968 ὅρια
531 4898 632 4968 τῆς
657 4895 819 4964 ἁγίας
839 4895 966 4965 γῆς,
998 4895 1093 4948 καὶ
1120 4894 1497 4968 παραδέξηται
1522 4912 1584 4948 σε
1629 4896 1859 4968 Ἰησοῦς,

1972 4897 2135 4970 484
2151 4909 2366 4957 montes
2392 4910 2598 4958 sanch
2626 4912 2787 4962 terrae
2809 4909 3185 4980 appuleris,et
3213 4923 3266 4970 te
3292 4931 3555 4987 suscepe-

269 4989 369 5045 καὶ
417 4989 579 5053 αὐτὸς
623 4988 852 5061 γένηταὶ
901 5005 988 5041 σοι
1023 4987 1239 5057 ὀδηγὸς,
1279 4987 1401 5041 τότε
1443 4985 1660 5042 ἵσταται
1709 5005 1792 5042 σαι
1825 4991 1858 5043 6

283 5080 577 5152 Ἰορδάνης.
631 5082 728 5134 Ἂν
778 5081 888 5152 γάρ
933 5080 1146 5149 ἀληθῶς
1192 5077 1259 5152 ᾗς
1298 5079 1538 5150 Ἰησοῦς,
1595 5080 1661 5135 τὸ
1707 5081 1858 5154 ὕδωρ

267 5172 363 5226 τοῦ
417 5173 686 5244 Ἰορδάνου
736 5174 1188 5244 ἐντραπήσεται,
1236 5173 1332 5230 καὶ
1382 5173 1732 5244 ἀναχωρήσει
1779 5175 1856 5238 είς

267 5266 587 5319 τάόπίσωι
635 5265 698 5318 τὸ
741 5265 804 5317 δὲ
854 5264 984 5318 ἄλλο
1029 5263 1177 5336 ὕδωρ
1227 5264 1593 5318 ἀπελεύσεται
1643 5267 1725 5329 εἱς
1758 5265 1858 5331 τὴν

265 5353 550 5408 θάλασσαν
580 5353 692 5408 τῶν
723 5353 894 5407 ἀλῶν.
937 5353 1222 5424 Τῶν-γὰρ
1274 5355 1419 5423 μετὰ
1451 5354 1514 5407 τὸ
1569 5354 1862 5426 βάπτισμα

269 5443 546 5511 ἀπολομέν
565 5462 646 5509 ον,
688 5443 750 5496 τὸ
778 5442 922 5514 ὕδωρ
963 5443 1058 5496 τοῦ
1101 5444 1371 5514 Ἰορδάνου
1407 5447 1488 5507 εἱς
1513 5443 1613 5516 τὴν
1653 5445 1859 5500 Θάλασ-

273 5551 376 5588 σαν
414 5535 601 5589 ᾶπεισι
651 5535 764 5590 τῶδ
807 5535 984 5589 ἀλῶνο
1032 5535 1095 5588 τὸ
1142 5535 1200 5589 δὲ
1250 5536 1422 5602 ἄλλο,
1471 5537 1534 5590 τὸ
1565 5536 1712 5610 ὕδωρ
1743 5540 1863 5593 ἐστὶ

267 5625 381 5678 τῶν
406 5626 650 5691 δικαίων,
692 5627 892 5697 πῆγμα
929 5626 1237 5698 ἐνυπάρχον
1273 5629 1540 5698 ἀνάλογον
1569 5629 1648 5698 τῷ
1676 5647 1862 5702 πεπη-

339 5740 717 5830 "inungi.
908 5744 1219 5830 l'il‘hilipp.
1254 5759 1314 5811 It,
1350 5743 1405 5809 8,
1438 5743 1492 5800 9.
1569 5746 1615 5778 ⁸⁷
1651 5748 1822 5804 Hebr.
1855 5765 1863 5804 l

1977 5754 2028 5808 5.
2122 5759 2168 5790 ⁸⁸
2200 5758 2362 5817 Joan.
2397 5779 2520 5830 xm,
2551 5766 2634 5822 io.

264 5828 343 5882 tv,
382 5811 468 5868 16.
543 5813 585 5845 ⁸⁸
622 5812 725 5867 lsa.
754 5829 907 5878 xuii,
936 5812 990 5869 2.

1963 4991 2037 5045 rit
2058 4989 2226 5048 Jowe
2253 4994 2496 5066 :tibique
2524 4997 2637 5054 dux
2669 5002 2966 5069 exstiterit,
2986 5012 3102 5060 tum
3135 5007 3236 5062 tibi
3287 5011 3558 5065 consistet

1965 5081 2258 5141 Iordanes.
2293 5085 2430 5142 Nam
2472 5090 2518 5145 si
2553 5106 2686 5148 vere
2716 5094 3020 5152 adhaseris
3047 5097 3238 5164 Josue,
3267 5115 3410 5170 aqua
3430 5100 3556 5158 Jor-

1967 5176 2135 5231 danis
2161 5189 2500 5248 revertetur,
2536 5199 2602 5240 ac
2629 5194 2784 5242 retro
2818 5190 3105 5246 concedet.
3143 5193 3377 5264 Reliqua
3425 5212 3557 5252 vero

1967 5283 2110 5362 aqua
2138 5270 2198 5324 in
2231 5287 2384 5329 mare
2413 5276 2620 5332 salsum
2653 5280 2849 5336 abibit.
2893 5281 3094 5339 Eorum
3125 5286 3275 5342 enim
3307 5289 3402 5358 qui
3435 5299 3560 5362 post

1963 5359 2300 5432 baptismum
2333 5379 2595 5436 pereunt,
2628 5386 2770 5441 aqua
2793 5371 3054 5432 Jordanis
3083 5377 3139 5433 in
3167 5393 3319 5437 mare
3343 5359 3558 5440 salsum

1964 5452 2157 5512 el'ﬁuit.
2201 5455 2435 5530 Reliqua
2476 5477 2608 5517 vero
2633 5479 2776 5535 aqua
2819 5467 2981 5524 unica
3005 5469 3287 5540 justorum
3317 5484 3400 5530 est
3433 5490 3555 5532 inu-

1963 5547 2127 5613 nitio,
2195 5566 2319 5622 qua:
2388 5555 2518 5624 pani
2589 5558 2816 5616 caelitus
2888 5561 3118 5634 delapso
3180 5580 3558 5642 concretoque

1966 5645 2268 5712 respondet
2319 5664 2332 5700 :
2384 5645 2659 5718 Quoniam
2721 5661 2778 5707 tu
2854 5670 3076 5728 quoque
3137 5661 3364 5727 unicum
3419 5666 3559 5718 Colis

3240 5779 3283 5809 '°
3314 5777 3554 5838 l-Tl:c:s.

2742 5771 2788 5803 ”
2812 5771 2971 5828 Cant.
3003 5791 3054 5841 ιο,
3079 5776 3132 5829 5.
