3956 6400
396 364 534 434 ίθθθ

1499 367 2045 430 COMMENTARII
2088 369 2170 429 IN
2199 319 2461 432 JOSUE.

3534 369 3676 433 1010

388 482 446 536 δὲ
476 484 569 537 τὸν
605 483 704 554 μὲν
730 482 824 537 τοῦ
879 483 1062 553 Ναυῆ,
1091 483 1232 537 κατὰ
1280 481 1374 536 τὸν
1413 479 1577 550 φόϐον
1628 481 1718 534 τὸν
1755 479 1973 550 νομικὸν

2088 494 2199 548 quo
2237 481 2408 551 legem
2462 482 2880 546 consuevimus,
2918 479 3124 549 quique
3175 477 3348 532 servis
3391 480 3674 534 convenit.

391 576 488 631 καὶ
545 575 758 639 δούλοις
816 576 1198 647 προσήκονταο
1240 573 1331 626 τὸν
1394 572 1450 627 δὲ
1499 571 1770 644 ἡμέτερον
1822 573 1981 642 ἡμεῖς

403 668 640 740 Ἰησοῦν,
666 670 760 723 τὸν
784 669 952 738 ἁγνὸν
969 665 1304 739 ’φοϐούμεθα
1327 665 1513 736 φόϐον,
1538 668 1636 722 καὶ
1655 666 1982 739 διαμένοντα

387 763 472 826 είς
505 763 685 816 αίῶνα
713 761 931 824 αἰῶνος.

461 852 804 920 Διαϐἀντων,
841 852 904 907 τὺ
957 851 1106 924 ὕδωρ
1133 849 1290 918 αὖθις
1325 854 1424 925 τὴν
1463 853 1584 910 ὁδὸν
1616 853 1718 926 τὴν
1746 853 1988 926 ἀρχαίαν

389 945 640 1016 ἐφέρετο,
661 946 792 1016 ὃλην
819 945 928 1014 πλη
940 944 1046 1016 ρῶν
1072 943 1170 1017 τὴν
1192 946 1461 1017 κρηπῖδα,
1478 945 1555 1010 ὡς
1578 946 1606 999 ό
1628 945 1751 1000 τότε
1779 946 1984 1018 ἀπῄτει

391 1036 609 1104 καιρός.
639 1034 808 1100 Αὔξει
837 1035 948 1106 γὰρ
981 1035 1074 1088 καὶ⁴
1101 1037 1129 1088 ὁ
1157 1036 1422 1106 μυστικὸς
1454 1036 1745 1109 Ἰορδάνης,
1772 1039 1863 1092 ὅτε
1889 1056 1988 1092 πο-

387 1129 485 1194 λύς
541 1131 661 1184 ὲστι
714 1129 824 1184 τῶν
866 1130 1232 1184 πιστευόντων
1276 1132 1305 1184 ὁ
1356 1132 1624 1203 ἀριθμὸς,
1688 1131 1836 1186 κατὰ
1888 1133 1981 1200 τὸ,

394 1241 414 1274 ι
438 1222 493 1274 Ἐ
503 1223 714 1294 πάρατε
731 1221 858 1285 τοὺς
875 1221 1192 1292 ὀφθαλμοὺς
1207 1221 1384 1293 ὑμῶν,
1399 1223 1492 1276 καὶ
1511 1222 1672 1288 ἴδετε,
1687 1224 1770 1277 ὅτι
1789 1224 1984 1278 λευκαὶ

389 1313 576 1367 λοιπόν
598 1315 741 1367 είσιν
778 1315 834 1367 αί
873 1313 1055 1384 χῶραι
1097 1314 1235 1384 πρὸς
1277 1313 1562 1386 θερισμόν.
1593 1333 1612 1367 ι
1649 1315 1762 1370 Καὶ
1792 1315 1982 1384 πάλιν,

394 1421 412 1452 ι
451 1402 510 1459 '0
541 1405 640 1467 μὲν
685 1405 947 1477 θερισμὸς
983 1405 1236 1471 πολὺςνοί
1257 1405 1314 1460 δὲ
1333 1407 1565 1478 ἐργάται
1593 1407 1790 1477 ὀλίγοι.
1823 1428 1843 1463 ι
1866 1409 1984 1482 Οὐχ

387 1494 575 1558 ἁπλῶς
613 1495 671 1549 δέ
691 1513 824 1566 φησι
856 1496 1139 1566 θερισμὸν,
1159 1495 1317 1559 ἀλλὰ,
1347 1495 1718 1570 πυρῶν,κατὰ
1746 1500 1875 1566 τοὺς
1901 1501 1982 1556 0'.

392 1589 570 1658 Ὅπερ
601 1588 879 1660 σύμϐολον
902 1588 1113 1662 τροφῆς
1147 1589 1396 1661 λογικῆς.

2087 571 2349 628 Nostrum
2376 587 2506 628 vero
2533 572 2719 628 Jesum
2752 579 2947 627 sancto
2975 586 3076 626 nos
3109 571 3310 625 timore
3341 583 3404 624 ac
3439 571 3491 623 in
3516 578 3678 625 aeter-

2087 681 2220 722 num
2254 673 2550 723 constante
2583 680 2923 722 reveremur.
3745 669 3748 672 ‘

2155 847 2331 904 Porro
2363 864 2487 905 cum
2517 847 3004 918 pertransiissent,
3038 859 3179 914 aqua
3225 843 3279 898 in
3322 851 3564 898 veterem
3615 857 3674 895 sc

2083 942 2295 1011 recepit
2326 942 2566 1006 alveum,
2606 940 2895 1010 ripamque
2928 945 3100 992 totam
3135 945 3196 991 ut
3245 941 3547 1004 tempestas
3584 949 3673 986 re..-

2083 1031 2363 1100 quirebat,
2407 1030 2674 1100 implevit.
2703 1028 2839 1083 Nam
2872 1029 3141 1099 mysticus
3163 1024 3673 1096 quoqueJordanes
3743 1091 3746 1094 ι

2083 1123 2384 1186 increscet,
2416 1120 2641 1191 quando
2671 1135 2940 1174 numerus
2966 1119 3208 1174 ﬁdelium
3240 1117 3457 1187 amplus
3486 1117 3669 1170 fuerit.

2081 1211 2244 1266 Juxta
2295 1212 2474 1266 illud:
2518 1230 2536 1263 ι
2566 1210 2824 1265 Extollite
2885 1210 3081 1265 oculos
3124 1217 3341 1264 vestros
3395 1219 3447 1263 et
3491 1208 3674 1262 videte

2082 1313 2144 1362 ut
2174 1305 2406 1376 posthac
2429 1304 2688 1374 regiones
2723 1315 2956 1356 messem
2994 1316 3186 1356 versus
3215 1310 3520 1356 canescunt
3545 1301 3610 1352 το.
3648 1319 3666 1350 ι

2083 1396 2210 1453 Item
2238 1416 2257 1453 ς
2291 1418 2307 1451 ι
2344 1397 2540 1453 Messis
2569 1395 3066 1466 quidem‘uber‘est
3087 1432 3102 1459 ,
3137 1395 3510 1464 cperariorutn
3545 1409 3672 1447 vero

2079 1490 2244 1562 pauci
2278 1497 2410 1546 sunt
2430 1490 2502 1543 '“.
2540 1507 2560 1542 ι
2596 1487 2718 1543 Non
2750 1486 3078 1555 simpliciter
3113 1503 3244 1540 vero
3274 1501 3536 1551 messem,
3570 1487 3668 1547 ait,

2078 1597 2271 1638 verum
2303 1580 2471 1635 tritici
2527 1595 2764 1650 messem
2815 1577 3281 1650 quemadmodum
3315 1576 3670 1645 Septuaginta

2079 1672 2311 1728 habent.
2428 1669 2586 1737 Quod
2619 1669 2839 1740 signum
2871 1683 2980 1724 seu
2999 1675 3127 1722 nota
3158 1667 3336 1721 victus
3368 1664 3670 1741 spiritualis

2023 1826 2027 1829 λ
2080 1774 2188 1818 est.

455 1852 768 1924 Διαπερῶσι
793 1851 887 1905 τὸν
923 1845 1200 1927 Ἰορδάνην
1228 1854 1294 1926 τῇ
1326 1851 1531 1923 δεκάτῃ
1557 1851 1652 1907 τοῦ
1686 1853 1859 1926 μηνὸς
1882 1855 1973 1910 τοῦ

2149 1853 2450 1910 Iordanem
2487 1866 2620 1908 vero
2642 1850 2854 1907 decima
2876 1851 2968 1907 die
2997 1851 3204 1906 mensis
3227 1849 3389 1918 primi
3426 1849 3478 1903 in
3508 1862 3668 1917 quem

385 1943 630 2012 πρώτου,
672 1947 732 1998 ὲν
760 1938 806 2013 ᾧ
834 1946 928 1999 καὶ
965 1946 1026 2000 τὸ
1059 1947 1278 2018 Πάσχα,
1307 1948 1403 2003 καὶ
1437 1950 1470 2021 ή
1514 1947 1727 2021 μεγάλη
1759 1949 1867 2004 τῶν
1891 1952 1982 2005 At-

384 2053 452 2103 γυ
463 2036 632 2090 πτίων
668 2037 878 2109 πληγή.

384 2141 388 2144 ·
455 2126 668 2198 Ἵστησι
707 2131 835 2194 τοὺς
889 2129 957 2199 ιβ’
1003 2130 1186 2194 λίθους
1229 2132 1324 2184 καὶ
1377 2134 1458 2196 εἰς
1501 2133 1816 2206 ὑπόμνησιν
1864 2138 1978 2199 τοῖς

383 2216 544 2283 υίοῖς,
580 2220 676 2272 καὶ
700 2221 782 2283 εἰς
806 2219 1073 2290 ἔκπληξιν
1101 2223 1214 2283 τοῖς
1243 2219 1442 2286 ἔθνεσι,
1480 2224 1576 2276 καὶ
1603 2225 1701 2294 τὴν
1740 2225 1816 2288 ὼς
1855 2227 1977 2290 ἐνὸς

381 2306 538 2370 δντος
574 2308 668 2361 τοῦ
706 2309 845 2362 Θεοῦ
879 2309 1234 2364 διδασκαλίαν
1257 2328 1270 2340 ·
1304 2313 1513 2384 σύιγὰρ
1544 2303 1684 2385 πρδς
1713 2315 1980 2383 ἐπίδειξιν

380 2399 475 2450 τοῦ
509 2397 668 2464 Θεοῦ,
705 2398 844 2470 πρὸς
871 2400 931 2454 δὲ
966 2402 1066 2474 τὴν
1099 2402 1210 2456 τῶν
1239 2402 1498 2474 δρώντων
1539 2408 1633 2460 καὶ
1667 2407 1982 2466 ἀκουόντων

382 2505 528 2555 σωτη
539 2490 682 2558 ρίαν.

449 2580 863 2654 Θρυλληθέντος
893 2584 987 2639 τοῦ
1019 2586 1322 2658 θαύματος,
1365 2590 1646 2662 ὲτάκησαν
1690 2594 1896 2658 πάντες
1927 2596 1980 2649 oi.

377 2672 448 2741 τῇ
474 2672 683 2745 παλαιᾷ
715 2666 1011 2750 δυ’σσεϐείᾳ
1043 2682 1437 2752 πεποιωμένοι.
1468 2684 1581 2738 Καὶ
1608 2685 1729 2739 δέον
1775 2688 1978 2751 αὐτοὺς

377 2761 754 2834 ἀποθεμένους
782 2768 854 2821 τὰ
881 2769 1045 2836 ὅπλα,
1077 2770 1172 2824 τὸν
1199 2770 1332 2826 Θεὸν
1368 2775 1691 2844 ἐπιγνῶναι,
1711 2778 1808 2830 καὶ
1838 2779 1979 2850 πρὸς

377 2855 605 2926 εἰρήνην
654 2858 816 2911 ἰδεῖν·
853 2861 902 2913 οἱ
955 2861 1015 2914 δὲ
1063 2862 1230 2916 πάλιν
1261 2859 1402 2936 ἦσαν
1453 2866 1698 2937 θρασεῖς.
1735 2869 1884 2940 Πλὴν
1916 2869 1979 2923 τὸ

377 2946 530 3016 παρὰ
570 2949 854 3015 Μωῦσέως
887 2955 1272 3026 προφητευθὲν
1300 2958 1540 3028 πέφηνεν
1563 2960 1783 3032 ἀληθὲς,
1815 2961 1978 3016 Ἐτά-

2087 1945 2299 2002 Pascha
2332 1945 2558 2012 cecidit,
2587 1957 2899 2015 magnaque
2934 1941 3322 2014 :‘Egyptiorum
3357 1941 3667 2001 calamitas,

2084 2040 2370 2108 trajiciunt
2389 2039 2480 2091 τ’..

2154 2132 2330 2203 Erigit
2356 2145 2525 2202 porro
2543 2130 2752 2200 lapides
2776 2129 3065 2184 duodecim
3090 2112 3289 2198 partim
3314 2134 3670 2181 monumento

2084 2225 2232 2289 ﬁliis,
2272 2227 2469 2293 partim
2533 2223 2730 2277 terrori
2789 2221 3065 2285 hostibus,
3117 2218 3312 2288 partim
3373 2224 3556 2270 autem
3601 2217 3671 2271 de

2081 2331 2192 2371 uno
2229 2313 2341 2370 Deo
2389 2311 2736 2376 eruditioni;
2793 2326 2882 2365 res
2912 2311 3059 2365 enim
3109 2308 3310 2363 divinae
3346 2305 3510 2378 485
3562 2322 3668 2362 non

2079 2407 2465 2473 ostentationi,
2515 2421 2710 2461 verum
2750 2403 3094 2460 audientium
3125 2401 3538 2470 videntiumque
3580 2415 3670 2456 sa,

2080 2501 2177 2556 luti
2206 2501 2539 2557 inserviunt.

2152 2595 2286 2649 Cum
2319 2594 2487 2664 igitur
2518 2592 2848 2647 miraculum
2899 2588 3360 2662 percrebruisset,
3396 2593 3671 2656 quotquot

2081 2689 2137 2743 in
2179 2689 2486 2743 inveterata
2518 2687 2806 2757 impietate
2866 2694 2997 2741 sunt
3031 2683 3311 2754 oppressi,
3343 2681 3545 2736 animis
3575 2682 3669 2736 de-

2080 2779 2382 2834 ﬂuxerunt.
2417 2779 2570 2845 Quos
2603 2780 2774 2833 armis
2810 2777 3082 2848 depositis
3119 2775 3287 2830 Deum
3338 2791 3666 2845 agnoscere,

2080 2873 2314 2942 pacique
2340 2865 2594 2926 intentos
2637 2885 2762 2925 esse
2795 2877 3035 2940 oportet.
3081 2867 3250 2921 Porro
3280 2868 3372 2935 qui
3409 2866 3670 2919 audacio-

2080 2979 2170 3019 res
2198 2971 2355 3018 erant
2397 2963 2761 3018 nihilominus
2795 2961 2998 3015 animis
3025 2961 3414 3021 conciderunt.
3448 2975 3670 3013 verutu-

2078 3071 2187 3126 que
2218 3055 2362 3124 quod
2424 3069 2453 3108 a
2506 3053 2658 3109 Mose
2715 3053 3038 3124 praedictum
3071 3053 3303 3116 exstitit,
3341 3053 3434 3123 qui
3490 3051 3668 3108 dixit:

2005 3165 2052 3220 ρ
2087 3166 2105 3199 ι
2137 3145 2345 3202 Omnes
2369 3143 2712 3200 habitatores
2734 3144 2995 3200 Chanaan
3021 3145 3084 3197 ⁷³.
3118 3163 3136 3196 ι

373 3053 590 3108 κησαν,
641 3042 924 3113 λέγοντος,
999 3047 1205 3114 πάντες
1265 3051 1315 3105 οί
1371 3053 1766 3118 κατοικοῦντες
1845 3056 1962 3109 Χα-

386 3149 545 3187 νααν.
586 3153 606 3186 ι

445 3266 553 3322 Fac
596 3269 692 3324 tibi
726 3270 929 3330 cultros
957 3290 1022 3329 ex
1061 3286 1221 3332 acuto
1253 3279 1456 3348 lapide,
1498 3297 1562 3335 ac
1600 3283 1740 3352 eﬂice
1767 3281 1940 3336 denuo
1970 3295 2026 3338 ut
2057 3285 2162 3353 ﬁlii
2203 3282 2380 3338 Israel
2429 3281 2898 3337 circumcidantur
2953 3282 3208 3337 secundo.
3244 3281 3336 3354 [γ.
3373 3281 3457 3353 2.]
3497 3280 3668 3337 Josue

373 3356 612 3426 lapideis
641 3359 999 3418 circumcidit
1022 3366 1245 3423 cultris.
1273 3367 1443 3438 Lapis
1472 3385 1602 3425 vero
1648 3371 1908 3428 Christus
1937 3381 2077 3428 erat.
2111 3373 2202 3428 Bis
2227 3387 2360 3428 vero
2381 3372 2766 3437 circumcidit,
2810 3371 3055 3428 secunda
3106 3372 3450 3441 spiritualetn
3486 3374 3673 3441 potio-

371 3457 602 3540 τεξηίίυε
627 3445 996 3540 signiﬁcante.
1017 3450 1093 3506 De
1127 3469 1235 3523 qua
1267 3454 1474 3510 Paulus
1502 3471 1615 3511 non
1640 3473 1803 3512 manu
1827 3459 2026 3514 factam
2051 3474 2172 3515 esse
2193 3459 2400 3514 indicat
2423 3451 2494 3491 ⁷³⁸
2517 3460 2540 3526 ’,
2564 3475 2687 3529 quae
2717 3466 2958 3514 veterem
2993 3467 3242 3514 nostrqu
3279 3469 3538 3528 repurgat
3562 3458 3664 3513 lto-

371 3532 600 3586 tuinem.
631 3551 650 3584 ι
678 3532 790 3590 Nos
819 3535 922 3604 ipsi
943 3537 1089 3592 enim
1124 3540 1482 3597 circumcisio
1513 3559 1727 3612 sumus,
1763 3547 1962 3616 inquit,
1995 3556 2268 3617 quotquot
2298 3546 2496 3617 spiritu
2527 3547 2637 3602 Deo
2662 3549 2957 3611 servimus,
2992 3558 3045 3601 et
3079 3547 3147 3600 de
3181 3547 3377 3602 tlducia
3432 3545 3521 3600 Dei
3555 3563 3661 3600 non

370 3619 562 3716 carnis
593 3621 901 3716 glﬁoriamur
929 3617 1060 3678 ".3
1104 3624 1467 3684 Peccatorum
1495 3646 1630 3687 vero
1664 3647 1764 3702 per
1800 3648 2022 3690 sacram
2055 3635 2376 3690 tinctionem
2420 3635 2824 3705 depositionem
2860 3635 3110 3690 denotat.
3138 3635 3346 3689 Paulus
3394 3633 3541 3687 enim
3577 3634 3664 3687 in—

367 3707 492 3794 quit
526 3723 542 3760 :
577 3725 596 3758 t
632 3707 768 3763 Dum
803 3712 1041 3766 exuistis
1075 3727 1280 3784 corpus
1307 3727 1669 3786 peccatorum
1703 3721 2012 3775 carnalium
2040 3739 2137 3794 per
2169 3723 2664 3778 circumcisionem
2703 3723 2911 3778 Christi
2939 3725 3007 3775 ⁷⁵.
3043 3741 3062 3775 ι
3097 3722 3171 3777 lis
3216 3723 3384 3790 igitur
3419 3723 3510 3788 qui
3542 3721 3666 3776 Jor-

366 3793 568 3849 dauem
607 3799 953 3866 trajecerunt
992 3803 1312 3872 hujusmodi
1355 3809 1618 3863 convenit
1665 3793 2052 3867 circumcisio.
2097 3811 2450 3881 Quapropter
2483 3827 2608 3866 cum
2657 3812 2939 3882 generatio
2972 3811 3124 3880 prior
3175 3826 3283 3863 non
3329 3808 3663 3865 circumcisa

371 3884 496 3974 fuit,
523 3885 742 3974 signum
779 3887 1123 3959 impuritalis
1154 3893 1342 3974 cordis
1374 3895 1552 3966 ipsius
1581 3899 1820 3966 exstitit,
1853 3900 1920 3954 de
1948 3915 2056 3970 qua
2102 3901 2282 3969 inquit
2321 3917 2333 3952 :
2381 3918 2399 3950 ι
2443 3899 2658 3954 Callutn
2695 3899 2883 3953 cordis
2917 3883 3083 3953 vestri
3111 3897 3513 3952 .circumcidite
3536 3898 3602 3951 ⁷⁸.
3642 3917 3659 3948 ι

362 3967 542 4069 Judaei
598 3973 727 4069 item
763 3975 1101 4032 admonendi
1149 3969 1302 4046 sunt,
1332 3983 1612 4051 quomodo
1645 3967 1982 4041 diderentia'
2005 3967 2194 4058 paenae
2225 3996 2444 4043 servata
2476 4002 2588 4042 non
2629 3987 2952 4042 circumcisi
3005 3988 3058 4040 in
3093 3987 3315 4041 deserto
3349 3987 3660 4054 perierunt,

312 4133 317 4136 _
363 4061 691 4156 circumcisi
732 4077 862 4118 vero
893 4065 1096 4119 servati
1154 4076 1304 4126 sunt.
1365 4078 1419 4122 et
1471 4069 1565 4125 Dei
1605 4074 2031 4142 promissionem
2074 4083 2431 4146 acceperunt.
2485 4075 2760 4132 Caeterum
2808 4090 3029 4130 carneae
3083 4075 3308 4144 quidem
3360 4076 3665 4129 circumci-

363 4145 758 4286 Ziitstittisyltloses
796 4165 863 4205 ne
915 4151 971 4206 in
1021 4153 1252 4224 proprio
1281 4155 1507 4226 quidem
1542 4158 1658 4214 lilio
1713 4162 2052 4218 mentionem
2086 4145 2241 4230 fecit,
2276 4179 2416 4220 uxor
2463 4163 3022 4235 enin..eum.angelo
3070 4158 3373 4234 ωηερεδιο
3420 4162 3664 4218 circum,

360 4247 584 4289 οιαιιυ.

389 4320 722 4418 “Hodierno
759 4327 849 4418 die
901 4330 1079 4384 ademi
1113 4330 1264 4387 vobis
1309 4333 1536 4406 zEgypti
1563 4337 1853 4406 probrum,
1885 4350 1996 4396 etc.
2030 4339 2136 4414 [9.]
2173 4341 2370 4397 Probri
2423 4343 2647 4398 nomine
2704 4341 3032 4398 servitutem
3085 4341 3286 4397 innuit.
3329 4340 3486 4397 Nunc
3513 4342 3661 4396 enim

364 4407 543 4509 “ob?”
577 4413 738 4509 νίξδίε
773 4415 1132 4509 οξνουῐηθίάίο
1170 4435 1280 4475 non
1315 4423 1461 4478 sicut
1492 4425 1546 4478 in
1577 4423 1820 4498 ngypto
1849 4443 1974 4482 cum
2009 4407 2158 4484 metu
2191 4432 2376 4486 servili
2409 4431 2621 4486 licitum
2661 4440 2768 4486 est.
2801 4430 2845 4483 Α
2884 4431 3222 4484 circumacta
3261 4445 3393 4484 vero
3423 4430 3663 4483 circum-

356 4502 574 4598 t-isi'one
626 4502 748 4598 loco
784 4504 976 4576 Galgal
1008 4523 1211 4563 nomen
1251 4511 1662 4581 imposuerunt.
1700 4513 1926 4588 Galgala
1964 4519 2111 4572 enim
2143 4519 2405 4573 revolutio
2439 4530 2543 4574 est.
2594 4517 2690 4573 Est
2725 4533 2856 4573 vero
2886 4519 3042 4573 locus
3077 4518 3166 4572 ille
3198 4517 3404 4587 duplici
3438 4517 3661 4572 nomine

358 4590 618 4658 insignis,
653 4590 783 4647 hinc
813 4595 1036 4662 quidem
1072 4607 1300 4667 propter
1331 4597 1576 4670 Jericho,
1606 4619 1755 4660 nunc
1780 4615 1961 4660 autem
1992 4615 2221 4678 propter
2251 4607 2541 4661 duodecim
2576 4605 2810 4675 lapides.

443 4695 717 4768 Ἐξήγαγε
749 4702 992 4772 Μωῦσῆς
1020 4703 1112 4757 τὸν
1140 4705 1271 4759 λαὸν
1295 4707 1354 4772 ἐξ
1377 4710 1682 4781 Αἰγύπτου,
1715 4714 1831 4769 ἀλλ’
1865 4716 1968 4770 οὑκ

2137 4715 2322 4770 Porro.
2342 4714 2520 4770 Moses
2552 4717 2814 4785 populum
2847 4730 2911 4769 ex
2949 4711 3190 4784 .Jigypto
3216 4713 3431 4768 eduxit.
3459 4714 3526 4766 At
3550 4727 3658 4766 non

353 4787 616 4854 ἤκουσεν,
647 4790 730 4844 ὅτι
781 4795 1022 4865 σήμερον
1061 4796 1286 4864 ἀφεῖλον
1318 4800 1411 4854 τὸν
1437 4803 1744 4875 ὀνειδισμὸν
1777 4807 1946 4877 Αίγύ-

2093 4806 2304 4872 udivit,
2339 4806 2507 4862 Hodie
2561 4806 2759 4861 abstuli
2825 4807 3088 4877 probrum
3145 4804 3366 4878 Aﬂgypti
3407 4823 3435 4861 a
3482 4810 3658 4863 vobis.

351 4892 493 4932 πτου
526 4882 619 4950 ἀφ’
662 4883 838 4950 ὑμῶν.
883 4886 1090 4956 Ἰησοῦς
1137 4889 1246 4960 γὰρ
1292 4893 1320 4945 ὁ
1371 4895 1804 4969 περικαθαίρων,
1845 4899 1945 4969 τῆς

2089 4915 2223 4956 osue
2269 4901 2414 4954 enim
2445 4901 2539 4970 qui
2587 4915 2681 4954 eos
2723 4899 3398 4956 circumcisione-lustrat
3424 4946 3438 4970 ,
3466 4903 3660 4972 dignos

352 4974 521 5039 ἁγίας
547 4975 651 5044 γῆς
682 4977 868 5044 ἀξίους
897 4980 1089 5036 ποιῶν.
1124 4983 1435 5053 Παράδοξον
1468 4987 1547 5054 δὲ,
1577 4987 1696 5044 εἴτε
1738 4992 1948 5061 Ἰησοῦς

2085 5007 2211 5047 erra
2259 5001 2454 5048 sancta
2488 4993 2674 5048 eﬂicit.
2733 4994 3116 5050 Admiratione
3163 5011 3294 5050 vero
3350 5011 3457 5049 non
3514 4995 3660 5049 indi~

348 5065 458 5128 τὰς
487 5067 764 5132 τοσαύτας
805 5071 1053 5140 χιλιάδας
1100 5075 1160 5129 ὲν
1205 5079 1386 5149 τρισὶν
1431 5080 1669 5151 ἡμέραις
1702 5083 1950 5152 περιέτε-

2084 5100 2231 5153 gnum
2281 5094 2366 5140 est
2399 5101 2473 5140 an
2515 5094 2597 5141 tot
2638 5087 2814 5142 millia
2852 5088 3133 5142 hominum
3186 5089 3374 5140 triduo
3411 5089 3659 5142 circum-

353 5175 483 5246 μεν,
515 5158 630 5213 εἴτε
688 5161 903 5217 πολλῶν
933 5169 1399 5237 περιτεμνόντων,
1431 5171 1508 5235 ὡς
1543 5173 1713 5239 εἰκὸς,
1759 5174 1847 5228 διὰ
1892 5175 1953 5228 τὸ

348 5247 448 5305 καὶ
485 5253 868 5324 πληθυντικῶς
917 5259 1200 5329 μαχαίρας
1232 5264 1488 5334 εἰρῆσθαι
1539 5267 1826 5334 πετρίνας,
1859 5267 1950 5321 δυο

346 5343 579 5414 νηθῆναι
607 5349 674 5419 τῇ
701 5348 862 5422 τρίτῃ
891 5351 1095 5425 ἡμέρᾳ,
1125 5353 1158 5423 ἢ
1196 5353 1328 5422 γοῦν
1358 5359 1424 5427 τῇ
1474 5357 1592 5426 μετ’
1618 5358 1792 5429 αὐτὴν
1817 5360 1941 5412 ἐπιδ

342 5436 568 5491 τελέσαι
591 5439 653 5492 τὸ
681 5441 900 5512 Πάσχα’
927 5444 1049 5497 τότε
1095 5445 1332 5514 μάλιστα
1370 5447 1470 5518 τῆς
1504 5448 1698 5519 ὀδύνης
1732 5453 1939 5504 ἐπιτει-

341 5529 607 5601 νομένης,
653 5534 730 5597 ὼς
761 5535 857 5588 ἐπὶ
890 5536 998 5591 τῶν
1042 5537 1355 5608 Σιχεμιτῶν
1402 5539 1604 5610 ἔφησεν
1646 5543 1678 5611 ἡ
1720 5543 1938 5614 Γραφή.

354 5621 660 5696 Ἑκάτερον
715 5625 824 5697 ἄρα
864 5630 965 5699 τῆς
1015 5631 1338 5701 συνεργείας
1369 5632 1467 5703 τῆς
1490 5633 1823 5704 κρείττονος,
1856 5634 1952 5688 τοῦ

410 5762 460 5796 ’⁷ο
483 5761 750 5835 Ιοέιηηιν,
777 5765 862 5821 '55.
905 5768 982 5820 ,τ’
1009 5766 1196 5823 Matth.
1231 5787 1305 5830 Ix,
1342 5770 1431 5824 57.
1511 5773 1555 5803 ⁷¹
1583 5772 1750 5826 .losue
1786 5791 1864 5835 ili,
1904 5775 1989 5830 15.

333 5835 497 5906 ιιι,5.
571 5834 853 5893 "Coloss.
883 5852 943 5905 tt,
979 5840 1057 5893 ll.
1153 5842 1197 5871 ⁷⁸
1227 5840 1340 5896 Jocl
1381 5860 1436 5909 ll,
1486 5843 1567 5898 15.

2060 5177 2262 5232 ciderit
2302 5177 2474 5235 Josue
2518 5181 2741 5249 unicus,
2802 5196 2944 5235 anve
2981 5181 3137 5234 multi
3165 5222 3178 5244 ,
3213 5189 3270 5232 ut
3329 5190 3413 5235 est
3464 5182 3660 5238 verisi—

2061 5269 2228 5335 mile,
2284 5285 2511 5341 operam
2567 5271 2995 5327 circumcidcndi
3048 5271 3472 5339 conjunxeriut,
3533 5290 3656 5328 cum

2061 5375 2296 5415 numero
2348 5363 2618 5432 ampliore
2687 5364 2754 5418 de
2803 5363 3004 5418 cultris
3065 5363 3247 5418 saxeis
3307 5365 3515 5418 dictum
3565 5371 3658 5422 sit.

2047 5456 2206 5508 Auvc
2240 5453 2329 5524 die
2364 5465 2563 5526 quarto
2594 5456 2812 5512 demum
2847 5452 3064 5510 Pascha
3117 5464 3234 5509 tum
3270 5459 3511 5514 maxime
3547 5459 3653 5515 d0-

2055 5545 2174 5601 lore
2227 5548 2669 5618 ingravescente,
2700 5547 3166 5620 quemadmddttm
3216 5549 3283 5604 de
3332 5549 3664 5610 Sichemitis

2069 5637 2358 5710 Scriptura
2393 5643 2468 5696 ait
2527 5636 2591 5702 ",
2631 5637 2981 5695 eclebrarint.
3029 5640 3157 5697 Sive
3211 5642 3380 5714 igitur
3411 5660 3653 5716 .operam

2093 5777 2586 5856 .73Ex_‘_‘tl_.‘xv,15.
2691 5780 3222 5850 "‘Coloss.tt,l!.
3322 5786 3638 5856 “Philipp-

1680 5847 1722 5875 '”
1756 5845 1930 5901 Exod.
1961 5863 2035 5912 tv,
2069 5847 2157 5904 23.
2238 5851 2278 5880 ⁷⁸
2313 5848 2448 5905 ch.
2477 5866 2662 5917 xxxiv,
2695 5857 2784 5913 25,
