3956 6408
485 350 616 416 leti

1769 336 2150 422 .PROCOPII
2195 355 2441 422 eauti

3619 359 3739 430 1012

483 467 902 536 coniunxerint,
963 469 1079 527 sive
1109 483 1329 542 tempus
1381 470 1736 543 prorogarint
1778 481 2073 544 utrumque

2179 472 2352 542 ἐγγὺς
2375 469 2641 524 ἀδυνάτου
2677 465 2815 540 πρὸς
2845 466 2908 522 τδ
2931 465 3026 521 τοῦ
3051 465 3429 539 βαπτίσματος
3460 476 3744 544 μυστήριον

373 581 376 584 ·
483 558 550 612 ad
589 559 845 630 baptismi
875 565 1196 635 mysterium
1234 581 1335 622 nos
1366 564 1614 621 deducit.

557 647 912 706 Comederunt
955 671 1164 724 quoque
1203 657 1267 709 de
1311 656 1580 724 frumento
1607 657 1900 724 superioris
1943 655 2072 710 anni

484 739 646 808 hujus
681 752 857 810 terrm,
878 744 1032 814 idque
1059 747 1317 814 postridie
1361 748 1640 802 Paschatis
1658 791 1670 811 ,
1688 749 1960 815 placentas
1988 749 2072 801 in-

487 832 851 902 {ermentatas,
883 847 929 891 et
959 839 1134 906 spicas
1161 848 1462 904 novas,etc.
1491 837 1581 910 [V,
1601 839 1625 892 1
1645 837 1716 910 1.]
1746 837 1870 894 Post
1900 851 2072 893 sacra:

481 927 628 980 enim
665 929 953 986 tinctionis
989 931 1246 1002 ﬁgurant,
1296 933 1545 1004 mysticae
1597 947 1819 1002 quoque
1869 945 2072 986 mensae

484 1019 733 1075 exhiberi
765 1031 884 1076 erat
917 1037 1166 1078 necesse.

553 1111 633 1166 Ae
690 1113 1162 1182 quemadmodum
1215 1115 1475 1172 Christus
1532 1130 1660 1172 cum
1701 1115 1906 1187 pascha
1955 1115 2071 1171 suis

481 1217 608 1257 cum
658 1203 952 1275 discipulis
987 1208 1344 1275 comedisset,
1403 1209 1537 1280 legis
1566 1209 1803 1280 pascha,
1828 1222 1971 1263 nova
2005 1221 2070 1262 ac

481 1295 758 1364 spirituali
790 1298 1014 1352 victima
1052 1300 1341 1354 exordium
1373 1301 1691 1372 aditumque
1723 1311 2069 1371 capescente,

482 1387 807 1457 abrogavit;
849 1387 924 1442 ita
960 1390 1188 1459 quando
1222 1391 1474 1446 subactis
1507 1391 1719 1462 azymis
1749 1389 1899 1444 Nave
1926 1390 2072 1446 ﬁlius

482 1494 581 1533 ceu
623 1480 675 1533 in
712 1481 887 1550 ﬁgura
929 1478 1143 1538 Pascha
1190 1483 1419 1553 agitavit
1463 1491 1621 1539 vetus
1651 1498 1865 1538 manna
1911 1481 2072 1537 cibus

483 1581 610 1628 ante
647 1574 936 1632 Paschalis
967 1576 1115 1632 diem
1153 1587 1438 1646 postremo
1471 1585 1666 1647 captus
1704 1577 1964 1632 exolevit.

2175 565 2328 636 ἡμᾶς
2356 563 2751 631 ἐπανάγοντος.

2247 656 2357 712 Καί
2389 656 2616 724 ἔρανον
2644 651 2765 707 ἀπὸ
2791 651 2900 706 τοῦ
2928 651 3107 706 σίτου
3134 644 3264 720 ’τῆς
3291 653 3407 722 τῆς
3443 655 3631 726 ἄζυμα
3661 663 3744 715 καί

2177 748 2306 804 νέα.
2329 746 2528 808 Καλῶς
2560 762 2623 814 γε
2663 747 2690 799 6
2714 744 2903 809 τύπος,
2935 744 3074 815 μετὰ
3105 745 3204 816 τὴν
3224 748 3280 799 ἐν
3300 748 3528 820 Χριστῷ
3544 768 3742 822 περιτο-

2181 841 2312 912 μὴν,
2341 841 2440 894 καὶ
2479 840 2578 911 τὴν
2608 839 2698 893 διὰ
2731 837 2826 892 τοῦ
2865 838 3024 907 άγίου
3059 836 3436 910 βαπτίσματος
3472 841 3740 911 λύτρωσιν,

2175 931 2275 1004 τὴν
2306 930 2401 984 τοῦ
2443 931 2635 1001 Πάσχα
2670 931 2805 1001 ἡμῖν
2859 930 3169 998 εἰσηγεῖται
3217 929 3447 1000 τροφὴν,
3502 933 3600 1003 τὴν
3653 952 3740 1005 μυ.

2177 1025 2370 1092 στικὴν
2397 1023 2768 1086 αἰνιττόμενος
2817 1021 3093 1089 εὐλογίαν.
3123 1021 3197 1074 Τὸ
3237 1021 3346 1093 γὰρ
3373 1023 3572 1094 Πάσχα
3603 1027 3739 1097 ἡμῶν

2175 1115 2319 1187 ὑπὲρ
2347 1114 2503 1186 ἡμῶν
2553 1114 2723 1186 ἐτύθη
2755 1116 3014 1184 Χριστός.

2251 1207 2466 1276 ’Ὠσπερ
2505 1207 2536 1261 6
2585 1207 2824 1278 Χριστὸς
2872 1208 3070 1263 ἐσθίων
3096 1209 3158 1263 τδ
3209 1209 3403 1280 Πάσχα
3445 1209 3508 1263 τὸ
3542 1213 3740 1279 νομικὸν

2179 1302 2318 1372 μετὰ
2352 1301 2461 1355 τῶν
2494 1301 2780 1371 μαθητῶν,
2813 1302 2906 1355 καὶ
2941 1301 3145 1372 μεταξὺ
3174 1301 3286 1373 (56)
3317 1301 3414 1354 τοῦ
3457 1303 3619 1372 ἄρτου
3654 1303 3738 1372 τῆς

2176 1395 2530 1465 εὐχαριστίας
2559 1393 2655 1445 καὶ
2683 1393 2744 1447 τὸ
2775 1395 3042 1464 ποτήριον
3076 1395 3408 1465 εὐλογήσας,
3441 1396 3503 1448 τὸ
3540 1397 3737 1464 νομικὸν

2176 1487 2370 1556 Πάσχα
2405 1485 2773 1549 κατέπαυσεν,
2807 1486 2982 1556 ἀρχὴν
3013 1487 3108 1540 καὶ
3162 1487 3402 1558 πάροδον
3435 1489 3536 1558 τῆς
3571 1489 3735 1557 καινῆς

2179 1579 2272 1631 καὶ
2296 1578 2491 1646 νοερᾶς
2531 1576 2722 1640 Θυσίας
2755 1576 3060 1647 λαϐούσης·
3092 1576 3236 1631 οὕτω
3279 1577 3378 1631 καὶ
3418 1580 3448 1632 6
3485 1579 3577 1630 τοῦ
3604 1580 3730 1648 Ναυῆ

483 1667 610 1732 τεαῖς
637 1663 713 1726 ὡς
742 1667 803 1718 ἐν
832 1667 994 1730 τύπῳ
1023 1667 1188 1737 ἡνίκα
1213 1671 1325 1732 τοῖς
1358 1671 1422 1722 ἐκ
1447 1667 1542 1722 τοῦ
1576 1669 1698 1721 νέου
1721 1668 1871 1721 σίτου
1901 1665 2222 1737 φυραθεῖσιν
2246 1665 2480 1737 ἀζύμοις
2510 1667 2783 1738 πεποίηκε
2814 1667 2873 1719 τὸ
2901 1667 3118 1737 Πάσχα,
3151 1668 3185 1738 ἠ
3218 1669 3429 1722 παλαιὰ
3455 1667 3663 1739 βρῶσις,
3685 1671 3731 1723 τὸ

484 1756 680 1826 μάννα,
709 1757 1053 1832 ὑπεχώρησε,
1077 1762 1166 1814 καὶ
1183 1763 1240 1814 ἐν
1265 1761 1447 1832 ἐκείνῃ
1472 1762 1538 1832 τῇ
1556 1760 1740 1831 ἡμέρᾳ
1761 1759 2028 1824 ἐξέλιπεν.

569 1846 715 1902 Vidit
741 1864 1056 1919 comparare
1097 1853 1200 1906 sibi
1227 1851 1489 1906 hommem
1522 1851 1677 1918 cujus
1703 1850 1916 1920 gladius
1955 1848 2070 1902 dis-

2238 1845 2420 1905 Εἷδεν
2471 1849 2788 1919 ἄνθρωπον
2853 1850 3159 1920 ἑστηκότα
3199 1851 3488 1905 ἐναντίον
3531 1853 3726 1907 αὑτοῦ.

485 1939 671 1995 trictus
743 1951 880 2006 erat,
922 1951 1031 1998 etc.
1087 1942 1229 2016 [l3.}
1279 1945 1408 2000 Post
1461 1943 1620 1998 ﬁdem
1678 1943 1732 1997 in
1789 1942 2068 1996 Christum

486 2039 810 2101 conceptam
845 2042 1124 2090 certamen
1175 2051 1298 2091 cum
1351 2035 1605 2091 hostibus
1657 2034 1928 2104 reliquum
1961 2040 2069 2098 est,

482 2126 747 2192 quocirca
782 2126 952 2182 armis
991 2127 1381 2197 spiritualibus
1435 2128 1768 2183 instructum
1815 2140 1960 2189 esse,
1987 2124 2070 2179 di-

481 2215 738 2283 vinisque
769 2215 1237 2285 promissionibus
1263 2215 1496 2270 ﬁrmiter
1519 2216 1680 2269 inniti
1713 2222 1796 2270 est
1819 2226 2066 2268 necesse.

481 2307 550 2372 At
571 2307 857 2376 probabile
889 2315 1010 2362 erat
1041 2305 1208 2364 Iosue
1244 2309 1520 2362 hominem
1551 2321 1677 2362 esse
1710 2305 2072 2374 hostibusque

485 2398 831 2469 unilequavis
862 2400 1127 2462 stipatum
1165 2407 1310 2453 metu
1353 2397 1697 2453 labefactari.
1725 2396 2071 2466 Quapmpter

482 2491 557 2544 illi
592 2489 800 2545 indicat
847 2489 996 2547 Deus
1057 2506 1117 2546 se
1157 2490 1426 2546 invisibili
1474 2504 1574 2545 sua
1623 2489 1871 2560 potentia
1927 2487 2064 2558 ipsis

483 2599 856 2656 prepugnare,
893 2583 1083 2639 habitu
1137 2583 1284 2639 enim
1336 2582 1508 2638 armis
1549 2583 1807 2640 instructi
1842 2592 2067 2650 compa-

483 2677 612 2733 ruit.

549 2772 629 2826 ita
704 2773 839 2830 Mosi
891 2787 1119 2845 quoque
1174 2771 1241 2827 ad
1293 2769 1638 2827 Pharaonem
1712 2769 2068 2825 descendenti

481 2864 626 2921 visio
655 2865 1100 2920 conﬁrmationis
1129 2878 1300 2918 causa
1337 2870 1426 2918 est
1459 2861 1697 2932 objecta.
1727 2859 1808 2915 lta
1862 2859 2071 2916 Iacobo

2174 1941 2271 1996 καί
2320 1940 2359 2009 ἠ
2397 1942 2666 2011 ῥομφαία
2708 1942 3070 2012 ἐσπασμένη
3118 1943 3190 1996 ἐν
3233 1941 3308 2011 τῇ
3348 1943 3503 2012 χειρί
3548 1945 3724 1998 αὑτοῦ.

2173 2032 2328 2086 Μετὰ
2379 2031 2478 2104 τὴν
2514 2034 2596 2096 είς
2652 2033 2891 2103 Χριστὸν
2938 2033 3124 2086 πίστιν
3167 2033 3359 2087 λοιπὸν
3407 2035 3436 2085 6
3467 2035 3594 2105 πρὸς
3620 2039 3723 2098 τοὺς

2173 2123 2469 2195 πολεμίους
2500 2126 2648 2178 ἐστὶν
2693 2123 2846 2192 ἀγὼν
2872 2126 2988 2185 τοῖς
3045 2124 3528 2194 καθωπλισμένοις
3567 2127 3717 2189 ὅπλοις

2172 2217 2693 2289 πνευματικοῖς,καὶ
2711 2217 2829 2280 ταῖς
2854 2217 2948 2269 τοῦ
2974 2215 3113 2268 Θεοῦ
3163 2215 3558 2288 τεθαῤῥηκόσιν
3583 2219 3716 2285 ἐπαγ-

2172 2309 2404 2378 γελίαις.
2447 2307 2587 2361 Ἀλλ’
2620 2309 2769 2372 εἰκὸς
2804 2303 2875 2378 ἦν
2898 2305 3184 2378 ἄνθρωπον
3231 2306 3364 2360 ὄντα
3395 2307 3486 2360 τὸν
3531 2307 3700 2378 Ἰησοῦν,

2173 2400 2268 2453 καὶ
2298 2397 2640 2469 πανταχόθεν
2680 2398 2964 2468 πολεμίοις
3014 2397 3445 2468 κεκυκλωμένον
3489 2401 3596 2467 πρὸς
3616 2398 3694 2448 εει.

2172 2495 2295 2549 λίαν
2332 2493 2586 2548 ὀκλάσαι,
2617 2491 2920 2561 Τοιγαροῦν
2953 2491 3227 2545 δείκνυσιν
3283 2491 3438 2562 αὐτῷ
3489 2491 3614 2553 Θεὸς,
3643 2489 3698 2550 ὡς

2173 2589 2404 2660 ἀόρατος
2474 2584 2657 2640 αὐτῶν
2708 2585 3126 2655 ύπερμαχήσειε
3183 2581 3440 2654 δύναμις.
3498 2581 3706 2636 Ὀπλίτου

2171 2680 2282 2751 γὰρ
2308 2677 2403 2734 καὶ
2433 2677 2532 2732 τοῦ
2565 2677 2830 2748 φανέντος
2855 2675 2917 2729 τὸ
2941 2675 3153 2746 σχῆμα.

2245 2772 2403 2826 Οὕτω
2473 2770 2570 2824 καὶ
2635 2769 2866 2825 Μωῦσεῖ
2911 2768 3053 2837 πρὸς
3111 2763 3314 2838 Φαραὼ
3379 2763 3711 2820 καταϐαίνοντι

2173 2864 2412 2918 όπτασία
2457 2861 2595 2931 πρὸς
2633 2861 2839 2930 θάρσος
2885 2858 3177 2928 ἐφαίνετο·
3223 2857 3368 2912 οὕτω
3411 2858 3495 2910 καὶ
3543 2851 3710 2909 Ἰακὼϐ

481 2971 608 3009 cum
649 2955 791 3011 Esau
835 2955 1246 3010 reformidaret.
1281 2952 1361 3008 Ita
1387 2969 1614 3025 quoque
1641 2953 1862 3008 servulo
1891 2951 2068 3008 Elisaei

2179 2959 2269 3011 ἐπὶ
2290 2955 2383 3009 τοῦ
2425 2953 2597 3025 Ἡσαῦ
2617 2967 2631 2982 ⁸
2656 2953 2799 3007 οὕτω
2827 2951 2923 3006 καὶ
2953 2949 3035 3022 τῷ
3057 2950 3333 3020 παιδαρίῳ
3361 2949 3445 3002 τοῦ
3473 2943 3706 2999 Ἐλισσαιέ

480 3047 778 3102 mul:itudo
829 3063 1096 3103 curruum
1151 3055 1236 3102 est
1293 3058 1537 3102 ostensa.
1589 3044 1862 3100 Caeterum
1899 3042 2071 3100 Iosue

481 3141 684 3197 dubius
715 3143 972 3211 quamvis
1005 3142 1056 3196 ei
1106 3140 1267 3195 ﬁdem
1311 3139 1530 3194 tribuit.
1579 3137 1698 3194 Non
1749 3139 1894 3194 enim
1941 3152 2068 3208 spe—

481 3247 660 3291 ctrum
691 3233 863 3307 486
909 3233 1010 3288 fuit
1046 3234 1155 3288 tale
1201 3233 1404 3303 quibus
1453 3232 1843 3293 dementantur
1897 3228 2066 3285 oculi.

484 3325 768 3382 Fiduciam
815 3340 945 3382 vero
988 3321 1056 3381 de
1106 3340 1170 3380 eo
1229 3334 1491 3394 tanquam
1543 3323 1611 3378 de
1647 3321 1929 3386 familiari,
1978 3321 2070 3391 qui

483 3419 650 3475 modo
697 3404 1010 3474 advenerat
1049 3416 1343 3487 concepit,
1405 3414 1609 3484 alioqui
1663 3414 1811 3468 enim
1869 3428 2069 3467 nomen

484 3513 700 3569 Domini
727 3527 837 3567 non
867 3526 1142 3584 usurpare
1165 3525 1431 3567 ausurum
1463 3506 1902 3581 cogitavit.Cum
1927 3506 2069 3564 alius

480 3608 758 3676 quispiam
820 3607 990 3670 dicat,
1037 3606 1315 3661 daemones
1369 3603 1503 3659 fumi
1541 3604 1717 3659 instar
1749 3601 2069 3674 diﬂ'ugiunt.

481 3700 840 3770 Quapmpter
873 3697 964 3754 Dei
997 3713 1217 3770 quoque
1264 3697 1489 3752 nomine
1532 3694 1912 3752 inclinationis
1971 3694 2072 3749 ho-

481 3808 675 3848 norem
700 3792 922 3847 detulit.
952 3789 1073 3846 Non
1105 3791 1253 3846 enim
1287 3799 1606 3845 creaturam
1635 3789 1810 3844 sancti
1855 3788 2068 3842 colunt.

479 3886 662 3953 Quare
706 3900 808 3940 nec
853 3895 1074 3955 spectro
1102 3884 1206 3947 vel,
1257 3881 1509 3947 Domine,
1541 3881 1623 3936 vel
1672 3900 1690 3933 ι
1719 3881 1861 3950 Quid
1902 3883 2074 3952 impe-

483 3994 575 4034 ras
607 3977 814 4034 famulo
845 3986 962 4039 tuo,
1005 3993 1022 4029 ι
1063 3976 1223 4035 dixit.

553 4069 839 4138 Tanquam
875 4075 1161 4138 promptus
1187 4083 1316 4124 vero
1341 4068 1408 4124 ad
1443 4068 1733 4138 imperium
1774 4081 2075 4135 capessen-

479 4163 610 4216 dum
643 4163 757 4217 haec
791 4163 958 4216 verba
983 4161 1210 4231 protulit
1263 4161 1418 4231 juxta
1472 4160 1604 4216 illud
1642 4179 1656 4214 :
1688 4177 1706 4210 ‹
1751 4157 2072 4229 Promptum

483 4259 569 4306 est
595 4265 690 4304 cor
721 4266 928 4314 meum,
953 4268 985 4305 ο
1013 4249 1157 4306 Deus
1189 4251 1254 4309 ⁷⁹,
1284 4271 1301 4302 ι
1330 4251 1443 4306 Ηοε
1483 4251 1631 4305 enim
1660 4250 1940 4319 ingeniun:
1977 4250 2072 4306 Dei

483 4343 866 4399 ministrorum
904 4351 1010 4399 est.

2180 3045 2386 3114 πλῆθος
2437 3044 2735 3115 ἁρμάτων’
2793 3040 2929 3112 πρὸς
2987 3041 3052 3112 ἢν
3114 3039 3318 3110 Ἰησοῦς
3365 3033 3694 3107 ἀμφιϐάλλων,

2179 3137 2532 3198 πυνθάνεται,
2573 3135 2648 3206 μὴ
2701 3133 2810 3187 τῶν
2860 3132 2927 3185 δι’
2962 3131 3213 3195 ἐναντίας
3261 3126 3617 3200 φενακιζόντων
3662 3124 3691 3192 ἡ

2179 3230 2298 3283 θέα.
2343 3228 2649 3300 Ἐθάρρησε
2685 3226 2766 3291 δέ,
2791 3225 2866 3288 ὡς
2932 3226 3060 3288 ἴδιος
3096 3227 3125 3278 6
3183 3222 3375 3293 φανείς.
3421 3220 3487 3272 Οὐ
3521 3217 3618 3286 γὰρ
3639 3214 3696 3267 ἂν

2177 3320 2417 3392 τοῦνομα
2449 3318 2655 3390 Κυρίου
2689 3317 2884 3390 φέρειν
2919 3317 3220 3388 ἐτόλμησεν
3249 3315 3336 3368 ἐπὶ
3363 3314 3613 3380 στόματος.
3645 3308 3704 3360 Ὃ

2179 3415 2273 3468 καὶ
2305 3413 2465 3469 ἄλλου
2516 3412 2788 3480 λέγοντος,
2845 3411 2896 3464 οἱ
2926 3409 3185 3478 δαίμονες
3229 3408 3361 3460 ὡσεὶ
3393 3403 3575 3466 καπνὸς
3615 3401 3714 3452 δια-

2178 3505 2420 3562 λύονται.
2462 3503 2555 3559 Διὸ
2605 3505 2700 3559 καὶ
2742 3501 2821 3575 τῷ
2861 3501 3090 3574 ὀνόματι
3119 3498 3215 3555 τοῦ
3267 3498 3398 3553 Θεοῦ
3439 3495 3716 3568 προσήγαγε

2179 3600 2278 3672 τὴν
2310 3599 2710 3672 προσκύνησιν.
2740 3598 2816 3651 Οὐ
2845 3597 2956 3668 γὰρ
2985 3598 3050 3667 τῇ
3081 3596 3262 3649 κτίσει
3313 3591 3638 3663 λατρεύουσιν
3675 3587 3717 3638 oi

2181 3695 2346 3764 ἅγιοι.
2374 3692 2449 3746 υὺ
2482 3692 2621 3762 πρὸς
2653 3689 2711 3744 τὸ
2746 3690 2912 3760 φανὲν
2941 3684 3058 3756 οὖν,
3091 3687 3213 3741 οὐδὲ
3235 3686 3319 3751 τὸ,
3341 3687 3592 3748 Δέσποτα,
3619 3677 3721 3732 οὑδὲ

2178 3788 2261 3855 τὸ,
2310 3805 2328 3840 ι
2353 3785 2417 3840 Τί
2451 3783 2818 3857 προστάσσεις
2844 3783 2922 3857 τῷ
2948 3783 3139 3856 οἰκέτῃ
3161 3799 3256 3835 σου
3283 3796 3299 3847 ;
3324 3799 3344 3833 ι

2255 4079 2267 4094 ⁸
2295 4075 2554 4145 Ἔτοιμός
2605 4075 2724 4145 εἰμι
2771 4071 3204 4144 πειθαρχεῖντῷ
3260 4070 3514 4142 ὑμετέρῳ
3584 4080 3727 4137 προσ-

2180 4167 2446 4235 τάγματι.
2481 4163 2640 4219 Οῦτω
2673 4163 3200 4236 παρασκευάζεσθαι
3230 4164 3310 4216 δεῖ
3343 4163 3472 4226 τοὺς
3517 4160 3724 4224 λειτονρ⁹

2182 4255 2412 4323 γοῦντας
2441 4255 2580 4326 Θεῷ,
2611 4257 2705 4310 καὶ
2730 4255 2913 4324 λέγειν
2952 4257 3092 4326 μετὰ
3128 4254 3227 4308 τοῦ
3259 4252 3552 4308 θεσπεσίου
3575 4245 3726 4308 Δαϐίδ,

2101 4341 2146 4397 D
2180 4367 2200 4398 1
2224 4348 2448 4420 Ἐτοίμη
2465 4351 2498 4419 ή
2516 4348 2714 4421 καρδία
2737 4364 2864 4419 μου,
2879 4349 2908 4402 6
2922 4344 3077 4411 Θεὸς,
3099 4346 3294 4417 ἑτοίμη
3314 4347 3348 4416 ἡ
3371 4342 3576 4416 καρδία
3593 4355 3718 4412 μου.)

557 4481 743 4553 Itaque
773 4498 879 4539 non
912 4497 1303 4554 quamcunque
1335 4483 1819 4553 disceptationem,
1854 4483 2178 4556 priusquam
2211 4487 2357 4541 unde
2389 4483 2634 4557 profecta
2671 4485 2744 4540 sit
2776 4482 3230 4556 cognoverimus,
3262 4480 3616 4550 recipiemus.

555 4595 924 4652 Securitatem
980 4595 1273 4667 pollicetur
1335 4593 1546 4662 Iosue,
1602 4595 2069 4666 quemadmodum

481 4687 646 4754 Mosi,
695 4687 987 4756 discipulis
1047 4687 1176 4742 item
1237 4688 1324 4743 his
1366 4688 1594 4742 verbis:
1634 4707 1652 4739 ι
1703 4687 1781 4744 No
1827 4696 2075 4743 assumat

486 4781 717 4851 virgam,
752 4793 855 4834 nec
905 4789 1140 4848 petram,
1193 4795 1295 4834 nec
1344 4780 1560 4835 calceos
1610 4779 1722 4830 ⁸ο.»
1771 4778 1873 4834 Dat
1919 4781 2072 4834 enim

485 4875 566 4929 cis
591 4878 920 4944 potestatem
969 4871 1221 4926 calcandi
1275 4887 1440 4942 super
1493 4885 1781 4942 serpentes
1828 4881 1883 4927 et
1918 4887 2074 4927 scor-

481 4965 674 5036 piones
708 4963 775 5017 ⁸¹.

555 5053 713 5110 Solve
772 5053 1192 5107 calceameutnm
1251 5063 1432 5117 tuum,
1491 5062 1598 5111 etc.
1651 5053 1788 5127 [-l6.]
1840 5052 2074 5120 Quidam

487 5164 613 5204 vero
675 5148 812 5204 illud
879 5165 892 5202 :
962 5167 979 5199 ι
1048 5146 1210 5202 Solve
1287 5147 1720 5204 calceameutnm
1796 5156 1994 5214 tuum,
2051 5165 2070 5198 ι

488 5257 645 5296 move
712 5241 903 5312 pedem
952 5249 1106 5296 tuum
1165 5250 1361 5295 contra
1433 5242 1619 5296 hostes
1678 5251 1802 5296 tuos
1864 5227 2110 5311 signiﬁ-h

487 5348 616 5388 care
656 5342 937 5389 asserunt.
986 5334 1158 5400 Quale
1182 5334 1318 5388 illud
1358 5342 1523 5389 estzc
1561 5332 1737 5404 S‘uper
1786 5334 2074 5388 Idumaeam

487 5425 776 5478 extendam
801 5424 1022 5480 calceos
1048 5440 1198 5479 meos
1225 5425 1293 5490 θ’,
1321 5443 1338 5477 ι
1389 5424 1492 5479 hoc
1522 5431 1628 5489 est,
1675 5443 1692 5476 ι
1725 5424 1910 5495 ipsum
1935 5439 2070 5479 con-

561 5611 604 5640 ⁷⁸
630 5609 773 5665 Psal.
806 5623 936 5676 cvn,
973 5617 1026 5671 2.

2250 4605 2265 4624 ⁶
2291 4601 2504 4673 Θάρσος
2533 4599 2810 4670 δίδωσιτῷ
2842 4597 3044 4670 Ἰησοῦ,
3094 4596 3288 4667 ὥσπερ
3312 4595 3507 4666 καὶτῷ
3536 4587 3728 4655 Μωῦτῇ·

2177 4691 2273 4746 καὶ
2314 4693 2431 4754 τοῖς
2464 4689 2735 4760 μαθηταῖς
2765 4689 2822 4742 δὲ
2852 4691 2880 4742 6
2911 4687 3137 4758 Κύριος,
3174 4686 3372 4754 λέγων,
3416 4704 3436 4737 ι
3469 4684 3560 4754 Μὴ
3589 4679 3732 4748 αἴρειν

2179 4782 2398 4853 ρἀδονν
2435 4781 2574 4850 μηδὲ
2614 4781 2823 4852 πήραν.
2874 4779 3009 4852 μηδέ
3074 4778 3438 4850 ὑποδήματα·
3473 4796 3492 4830 ›
3528 4775 3640 4835 δοὺς
3663 4767 3738 4823 αὖ·

2177 4877 2290 4938 τοῖς
2323 4873 2576 4940 ἐξουσίαν
2624 4876 2818 4928 πατεῖν
2875 4873 3064 4928 ἐπάνω
3115 4871 3294 4942 ὄφεων
3339 4871 3436 4924 καὶ
3468 4864 3736 4938 σκορπίων.

2186 4966 2353 5019 Οὐδὲν
2378 4965 2490 5038 γὰρ
2520 4967 2686 5037 ὑμᾶς,
2725 4965 2915 5037 φησὶν.
2945 4965 3318 5036 ἀδικήσουσιν.

2254 5056 2461 5113 Λῦσον
2483 5059 2550 5112 τὸ
2565 5056 3022 5128 ὑπόδημα.Τινές
3043 5057 3155 5124 τδ,ι
3178 5052 3353 5110 Λῦσαι
3375 5055 3438 5108 τὸ
3460 5052 3735 5118 ὑπόδημα.)

2182 5149 2263 5214 τὸ,
2283 5149 2519 5221 Κίνησον
2543 5149 2636 5204 τὸν
2665 5149 2800 5203 πόδα
2835 5165 2930 5203 σου
2957 5147 3100 5202 κατὰ
3129 5147 3237 5200 τῶν
3266 5145 3500 5216 ἐχθρῶν,
3533 5136 3744 5212 δηλῶσαί

2185 5259 2369 5312 φασιν.
2413 5240 2625 5296 Ὀποῖόν
2655 5243 2771 5294 ἐστι
2814 5239 2896 5306 τὸ,
2957 5259 2976 5292 ι
3023 5238 3148 5293 Ἐπὶ
3190 5239 3284 5310 τὴν
3330 5234 3630 5306 Ἰδουμαίαν
3670 5230 3744 5280 ἕκ-

2182 5335 2320 5390 τενῶ
2377 5335 2438 5389 τὸ
2485 5335 2739 5406 ὑπόδημά
2769 5333 3014 5396 μου.ὲπι
3077 5333 3240 5403 lauri,
3293 5326 3578 5400 dpddtepJ
3629 5319 3742 5379 τοῦ,

2179 5428 2501 5494 καταπατῶ.
2542 5421 2681 5481 Ἀλλ’
2709 5429 2742 5502 ἡ
2770 5427 2918 5484 αἰτία
2947 5425 3176 5494 κωλύει,
3205 5421 3442 5493 λέγουσα
3462 5440 3475 5454 ’
3513 5439 3531 5473 ι
3573 5419 3627 5471 Ὀ
3653 5411 3745 5482 γὰρ

1133 5609 1179 5641 ⁸ο
1209 5606 1402 5662 Matth.
1431 5622 1485 5671 κ,
1516 5605 1600 5661 10.
1694 5607 1738 5638 ⁸⁸
1771 5605 1906 5660 Luc.
1936 5621 1988 5670 χ,
2035 5605 2120 5661 i9.
2197 5605 2242 5637 ⁸⁸
2267 5603 2412 5663 Psal.
2436 5620 2546 5672 th,
2584 5612 2666 5671 10.

1985 5723 2215 5781 NOTE.

565 5816 677 5888 (30)
717 5820 822 5872 "10'.
850 5817 1155 5886 ἀναγνωστ.
1189 5818 1347 5887 οὕτω,
1377 5818 1580 5888 μεταξὺ
1612 5819 1701 5873 τὸν
1733 5819 1914 5891 ἄρτον.
