3956 6428
299 332 433 402 1013
1434 334 1980 397 COMMENTARII
2019 331 2102 392 IN
2130 331 2389 393 JOSUE.
3446 318 3585 382 101i

295 452 480 516 τόπος,
511 451 568 503 ἐν
605 443 650 519 ᾧ
685 453 750 504 σὺ
781 451 1053 521 ἕστηκας,
1092 451 1248 520 ἅγιός
1310 453 1446 506 ἔστι.
1484 471 1503 505 ι
1550 451 1686 507 Θεοῦ
1717 452 1895 505 τοίνυν

2037 446 2254 503 ulcabo.
2290 466 2309 498 ι
2358 446 2556 503 Verum
2609 457 2780 499 causa
2836 455 3000 512 quam
3066 439 3224 508 dicit,
3269 439 3322 493 id
3358 447 3586 493 credere

298 542 688 613 ἐνεργοῦντος,
743 542 1106 598 ὐτοολελύσθαι
1169 547 1435 617 προσήκει
1484 545 1578 599 τὸν
1630 545 1754 617 ὅφιν
1797 546 1892 600 τὸν

2030 541 2254 597 ιιοίιὶὺοι
2292 560 2304 596 :
2332 559 2350 593 ι
2396 538 2577 596 Locus
2606 540 2752 594 enim
2794 538 2851 592 in
2879 551 2989 608 quo
3019 542 3137 590 stas
3169 543 3396 590 sanctus
3419 540 3522 588 est.
3562 552 3580 583 ι
3651 588 3673 602 κ

299 634 563 688 δάκνοντα
606 635 874 706 μηδαμῶς
899 676 914 701 ,
967 635 1353 706 λογιζομένους
1405 637 1495 691 ὅτε
1545 639 1641 692 καὶ
1691 637 1792 710 τὴν
1834 637 1894 706 ἐξ

2030 637 2106 689 ’er
2155 648 2314 703 opem
2370 633 2557 704 itaque
2605 632 2852 687 divinam
2886 636 3199 708 serpentem
3234 629 3328 698 qui
3365 627 3589 680 mininze

301 725 588 798 ἁμαρτιῶν
620 705 1047 798 αποῦαλούμεθα
1075 705 1363 796 νέκρωσιν.
1748 705 1759 710 ⁷

2030 729 2318 800 ιρίιιιιιιιοιη
2345 728 2465 791 icit,
2507 736 2771 783 excutere
2815 724 3100 791 convenit,
3135 705 3244 792 quo
3271 720 3436 777 simul
3465 734 3590 789 pec-

1998 820 2107 875 cati
2137 835 2358 892 quoque
2388 819 2872 875 mortificationem
2903 817 3249 888 abjiciemus.

377 924 612 993 Septima
643 933 820 979 autem
849 926 934 980 dic
996 923 1352 979 circumibilis
1371 924 1641 978 civitatem
1675 925 1890 993 septies,
1922 931 2026 979 etc.
2062 921 2177 995 [VL
2211 921 2295 995 4.]
2332 923 2439 989 Qui
2482 931 2656 978 totam
2704 921 2890 978 mundi
2925 920 3198 976 fabricam
3248 934 3343 975 sex
3389 917 3586 972 diebus

302 1014 560 1082 perfecit,
592 1015 738 1068 lente
770 1014 838 1068 ad
879 1013 1046 1068 unius
1075 1013 1319 1068 civitatis
1341 1012 1692 1068 eversionem
1715 1011 1960 1066 bonitate
1999 1009 2300 1078 impeditus
2341 1011 2682 1080 aggreditur.
2709 1009 2829 1065 Non
2859 1011 3006 1065 enim
3048 1009 3250 1063 virium
3295 1006 3591 1060 imbecilli-

300 1109 419 1156 tate
449 1116 572 1157 esse
605 1102 810 1156 factum
838 1101 1108 1172 propheta
1139 1109 1395 1165 teStatur,
1420 1099 1487 1154 ad
1520 1100 1696 1168 ipsum
1725 1099 1916 1154 dicens
1955 1114 1969 1152 :
2009 1117 2028 1150 ι
2059 1095 2116 1151 Si
2171 1098 2374 1152 cmlum
2411 1098 2760 1168 patefeceris,
2808 1105 3024 1152 montes
3065 1107 3269 1150 tremor
3302 1094 3380 1148 tui
3438 1093 3594 1147 iuva-

299 1188 400 1244 det
427 1189 496 1243 ⁸³.
533 1208 551 1241 ι
586 1188 789 1244 Verum
825 1188 1292 1259 quemadmodum
1319 1187 1513 1243 Ninive
1539 1187 1784 1241 triduum
1836 1184 2232 1256 resipiscentiae
2273 1184 2446 1249 dedit,
2497 1186 2573 1239 ita
2620 1186 2704 1240 his
2735 1200 2959 1256 quoque
2993 1192 3227 1254 septem.
3275 1182 3455 1253 thue
3514 1181 3593 1236 illi

299 1273 503 1328 Jonam
535 1290 842 1344 praeconem
872 1276 1211 1340 habuerunt,
1238 1277 1318 1330 ita
1346 1275 1398 1328 hi
1437 1273 1629 1328 liahab
1671 1273 1901 1328 habent.
1925 1273 2160 1341 insuper
2178 1285 2310 1326 vero
2333 1287 2526 1326 omnes
2555 1280 2805 1344 portenta
2827 1288 2946 1342 qua:
2963 1270 3229 1325 Dominus
3263 1269 3592 1339 designavit,

299 1362 536 1417 auribus
573 1371 920 1432 acceperant.
957 1363 1023 1418 At
1049 1362 1193 1416 idem
1220 1361 1312 1431 qui
1363 1360 1498 1415 dicit
1533 1378 1547 1415 :
1578 1378 1598 1412 ι
1633 1359 1751 1416 Non
1771 1359 2108 1415 scortaberis
2139 1361 2204 1423 ⁸³⁵,
2257 1380 2275 1412 ι
2319 1377 2414 1432 per
2448 1361 2617 1418 Josue
2660 1364 2840 1433 inquit
2874 1381 2888 1417 :
2920 1382 2936 1414 ι
2985 1359 3148 1416 Vivat
3190 1360 3386 1415 llahah
3417 1374 3595 1412 mere-

300 1451 438 1504 trix.
478 1469 498 1502 ι
530 1449 636 1516 Qui
660 1455 827 1507 etiam
851 1452 985 1506 dicit
1018 1467 1032 1502 :
1070 1468 1089 1502 ι
1133 1449 1453 1505 Meretrices
1481 1458 1535 1502 et
1572 1447 1860 1518 publicani
1893 1463 1991 1502 vos
2013 1448 2329 1517 praecedent
2363 1449 2419 1504 in
2450 1466 2680 1522 regnum
2709 1451 2972 1506 caelorum
3007 1448 3073 1501 ⁸⁵.
3112 1467 3128 1498 ι
3163 1447 3424 1516 Prmcipil
3460 1457 3589 1499 vero

305 1539 528 1592 militiae
562 1539 804 1605 idoneis,
839 1554 1047 1608 perque
1078 1547 1300 1593 montes
1330 1536 1626 1604 diepersis,
1673 1545 1733 1590 ut
1773 1534 2006 1593 Domino
2051 1537 2269 1592 obviam
2308 1539 2363 1593 in
2408 1539 2756 1594 obsidionem
2790 1538 3083 1609 prodeant.
3117 1535 3592 1601 Quemadmodum

305 1637 416 1678 nos
446 1637 670 1693 quoque
733 1639 762 1676 a
818 1623 1046 1677 Christo
1090 1637 1192 1692 per
1241 1620 1412 1676 duces
1438 1619 1613 1691 ipsius
1648 1619 1934 1689 jubemur.
1971 1634 2166 1677 contra
2204 1625 2392 1682 hostes
2427 1628 2682 1697 imperia,
2718 1641 2782 1680 ac
2811 1625 3160 1697 principatus
3187 1623 3470 1692 legemque
3538 1623 3596 1673 in

307 1727 485 1766 carne
537 1711 856 1767 saevientem
913 1726 1183 1786 pugnare.
1244 1709 1479 1776 Quando
1530 1718 1586 1764 et
1637 1723 1738 1765 nos
1767 1708 1821 1764 in
1872 1710 2054 1768 oculis
2087 1711 2183 1768 Dei
2230 1716 2462 1783 erimus,
2503 1731 2616 1773 non
2655 1716 2826 1771 armis
2872 1713 3114 1778 carneis,
3153 1725 3340 1768 verum
3380 1709 3598 1780 iustitia

311 1800 598 1855 instructi.

385 1909 538 1962 Διατί
597 1909 856 1978 σάλπιγξι
886 1910 1226 1983 κερατίναις,
1265 1909 1360 1964 καὶ
1409 1911 1528 1974 ταῖς
1560 1909 1657 1964 τοῦ
1710 1909 1902 1980 Ίωὸὴλ

2077 1912 2190 1970 Cur
2203 1930 2332 1972 vero
2351 1917 2499 1973 tubis
2513 1918 2730 1973 corneis
2760 1913 3069 1986 acjubilaeis
3087 1909 3378 1967 classicum
3398 1902 3598 1963 canere

316 1999 604 2066 σαλπίζειν
653 2000 949 2068 ὲκέλευσε;
994 2001 1115 2055 Πᾶν
1179 2000 1320 2065 ζῶον
1381 2001 1724 2072 κερασφόρον
1763 2000 1905 2055 ὅπλα

2039 2008 2215 2062 ussit?
2244 2007 2322 2062 Eo
2353 2011 2500 2079 quod
2545 2009 2878 2064 animalibus
2905 2005 3213 2078 cornigeris
3249 2016 3460 2057 cornua
3495 2015 3598 2054 an-

314 2093 432 2164 ἔχει
461 2093 560 2147 καὶ
609 2095 788 2163 τεῖχος
818 2093 885 2148 τὸ
913 2092 1106 2164 κέρας,
1138 2094 1216 2158 ὡς
1261 2094 1358 2148 καὶ
1387 2095 1522 2165 ἡμῖν
1552 2093 1767 2164 κέραςό
1796 2092 1910 2148 Κύ-

318 2204 456 2256 ριος,
489 2185 634 2242 κατὰ
663 2186 743 2250 τὸ,
775 2205 794 2239 ι
840 2186 1294 2258 ’Υπερασπιστής
1337 2203 1440 2256 μου
1467 2185 1563 2240 καὶ
1601 2185 1770 2258 κέρας
1800 2203 1910 2239 σω-

318 2278 513 2349 τηρίας
551 2295 679 2348 μου.
709 2295 730 2330 ι
763 2308 835 2318 —
866 2296 884 2329 ι
937 2278 1026 2332 Ἐν
1056 2279 1140 2331 σοὶ
1173 2277 1304 2348 γάρ,
1339 2278 1498 2349 φησὶ,
1524 2279 1652 2342 τοὺς
1683 2277 1912 2348 ἐχθροὺς

319 2367 478 2438 ἡμῶν
503 2369 889 2440 κερατιοῦμεν.
930 2389 948 2422 ι
978 2369 1101 2425 Τῶν
1129 2369 1188 2423 δὲ
1222 2370 1503 2441 μαχίμων,
1535 2370 1597 2423 οὐ
1635 2369 1744 2423 τῶν
1770 2371 1911 2425 άπο-

321 2459 734 2516 δεδειλιακότων
786 2465 936 2518 ἐστὶν
975 2463 1118 2518 ἑλεῖν
1172 2463 1275 2535 τὴν
1335 2458 1565 2534 Ἰεριχώ.
1609 2463 1750 2526 Τοὺς
1812 2462 1912 2533 μὲν

326 2549 438 2621 γὰρ
464 2551 794 2622 ἐρεθίζουσι,
818 2555 943 2618 τοὺς
969 2555 1026 2608 δὲ
1059 2554 1467 2610 καταπτοοῦσιν
1495 2555 1554 2608 αί
1587 2554 1910 2623 σάλπιγγες,

327 2643 468 2698 ὅπλα
500 2644 726 2715 ἔχοντας
793 2648 1051 2718 σαρκικὰ.
1108 2647 1348 2702 Τοιαῦτα
1399 2647 1503 2719 τῆς
1552 2647 1817 2718 Ἱεριχοῦς
1846 2646 1914 2700 τὰ

326 2736 506 2807 τείχη,
562 2739 658 2793 καὶ
693 2739 988 2794 πίπτουσιν
1021 2740 1124 2794 ὑπὸ
1169 2741 1452 2809 σάλπιγγι.
1483 2740 1594 2794 Καὶ
1627 2741 1659 2811 ἡ
1693 2755 1916 2811 παρεμ-

327 2827 459 2900 ϐολὴ
491 2829 548 2884 δὲ
579 2830 674 2885 τοῦ
701 2832 934 2902 Μαδιάμ
961 2831 1071 2888 τῶν
1121 2839 1167 2887 τ’
1199 2833 1575 2898 σαλπιξόντων
1608 2831 1912 2901 νενίκηται.

341 2920 430 2973 Ἐν
467 2920 528 2986 ἒξ
556 2922 613 2976 δὲ
644 2923 886 2994 ἡμέραις
911 2924 1267 2989 σαλπίζουσιν
1287 2927 1335 2978 ol
1360 2926 1550 2995 ίερεῖς.
1591 2922 1778 2976 Διόλου
1808 2922 1917 2992 γὰρ

327 3008 423 3062 τοῦ
452 3011 513 3064 ὲν
546 3010 605 3078 ἐξ
654 3012 894 3085 ἡμέραις
952 3013 1152 3078 αἰῶνος
1195 3015 1247 3067 οί
1299 3015 1447 3083 ἃγιοι
1477 3013 1686 3076 πάντες
1719 3013 1917 3081 ἄφεσιν

327 3102 748 3174 ἁμαρτημάτων
775 3105 1117 3176 κηρύττουσι
1137 3123 1151 3138 ’
1186 3106 1346 3161 τοῦτο
1367 3106 1478 3177 γὰρ
1501 3107 1559 3160 ai
1581 3105 1676 3158 τοῦ
1730 3103 1918 3176 Ἰωϐήλ

359 3191 555 3264 δήλουν
608 3195 912 3266 σάλπιγγες
938 3214 953 3230 ο
1011 3201 1070 3253 εν
1126 3193 1415 3268 ᾧπάντων
1441 3199 1638 3269 ἄφεσις
1683 3199 1914 3267 γίνεται,

329 3379 416 3432 δια
427 3381 795 3451 μαρτύρονται
821 3382 1003 3436 τοίνυν
1019 3384 1075 3436 αί
1097 3383 1418 3454 σάλπιγγες·
1449 3403 1468 3437 ι
1490 3385 1881 3456 Μετανοήσατε
1903 3401 1917 3414 ·

329 3473 529 3543 ῆγγικε
560 3473 669 3544 γὰρ
693 3476 728 3545 ἡ
764 3472 1016 3544 βασιλεία
1037 3477 1146 3532 τῶν
1175 3477 1444 3547 οὐρανῶν.
1471 3495 1490 3529 ι
1520 3477 1657 3548 Περὶ
1688 3472 1756 3550 ἦς
1786 3492 1920 3547 φησι

331 3565 412 3632 τῷ
444 3563 580 3633 λαῷ,
627 3583 648 3616 ι
685 3563 983 3618 Ἀκούσατε
1008 3565 1108 3636 τῆς
1131 3569 1317 3637 φωνῆς
1333 3567 1435 3636 τῆς
1465 3567 1796 3635 σάλπιγγος·
1826 3566 1924 3620 καὶ

332 3651 519 3721 εἶπαν,
545 3657 661 3710 Οὐκ
709 3656 1078 3727 ἀκουσόμεθα.
1115 3677 1134 3711 ι
1168 3659 1278 3712 Καὶ
1315 3659 1512 3732 Ἡσαΐᾳ
1575 3659 1634 3712 δὲ
1677 3658 1920 3728 λέγεται,

337 3767 360 3802 ι
402 3747 488 3811 Ὦς
520 3749 786 3817 σάλπιγγι
838 3749 1056 3819 ῦψωσον
1110 3750 1210 3822 τὴν
1253 3752 1441 3822 φωνήν
1483 3768 1602 3814 σου,
1631 3753 1727 3804 καὶ
1755 3751 1925 3818 ἀνάγ-

335 3843 519 3910 γειλον
552 3842 630 3914 τῷ
662 3841 776 3915 λαῷ
807 3842 876 3901 τὰ
902 3844 1283 3915 ἁμαρτήματα
1317 3843 1519 3898 αὐτῶν.
1549 3863 1566 3896 ι
1590 3843 1703 3898 Καὶ¹
1731 3843 1924 3914 πρώην

339 3934 439 4005 μὲν
471 3933 621 3998 ἅπαξ
650 3951 753 3987 που
784 3935 886 4004 τῆς
909 3935 1127 4006 ἡμέρας
1156 3935 1421 3990 ὲκύκλουν
1450 3937 1499 3990 οἱ
1541 3935 1687 4006 ἅγιοι
1719 3936 1927 4009 κηρύτ-

333 4041 518 4088 τοντες
577 4026 749 4080 ἆπασι
815 4026 916 4096 τῆς
974 4027 1260 4092 εὐσεϐείας
1329 4027 1431 4098 τὴν
1490 4028 1727 4098 γνῶσινο
1763 4031 1831 4100 τῇ
1867 4027 1925 4082 δὲ

337 4117 541 4190 ἑϐδόμῃ
599 4117 805 4189 ἡμέρᾳ,
838 4119 1088 4174 τουτέστι
1134 4122 1200 4191 τῇ
1261 4120 1550 4192 συντελείᾳ
1578 4120 1674 4174 τοῦ
1702 4121 1924 4186 αἰῶνος,

338 4209 570 4273 ἑπτάκις
591 4210 931 4278 ἐκύκλωσαν,
975 4213 1224 4266 τουτέστι
1275 4211 1580 4278 πολλάκις,
1637 4213 1928 4266 ἀπόστολοι

335 4319 397 4356 τε
423 4305 520 4356 καὶ
551 4303 794 4374 μαθηταὶ
837 4303 932 4357 τοῦ
989 4304 1222 4377 Κυρίου,
1273 4303 1367 4358 καὶ
1419 4305 1622 4368 πάντες
1649 4306 1699 4357 οί
1728 4302 1930 4374 ἑφεξῆς

336 4398 435 4466 τῆς
478 4394 812 4465 Ἐκκλησίας
869 4394 1185 4448 διδάσκαλοι
1254 4383 1554 4466 μετάνοιαν
1609 4395 1706 4450 καὶ
1733 4396 1929 4465 ἄφεσιν

338 4487 706 4560 κηρύττοντες
750 4486 829 4558 τῷ
857 4485 995 4558 λαῷ,
1029 4480 1111 4550 οἷς
1129 4488 1177 4539 oi
1207 4486 1284 4557 μὴ
1319 4477 1632 4550 πεισοὲντες
1658 4486 1931 4540 ἀπολοῦν-

2013 2115 2212 2155 norum
2264 2116 2663 2172 murorumque
2716 2102 2837 2156 vice
2891 2107 3039 2156 sunt.
3109 2096 3371 2166 Adeoque
3436 2091 3615 2148 nobis

2011 2206 2185 2246 cornu
2220 2191 2343 2248 loco
2372 2191 2640 2248 Dominus
2667 2209 2791 2249 esse
2835 2193 3017 2258 debet,
3039 2191 3196 2260 juxta
3229 2187 3360 2242 illud
3385 2203 3397 2240 :
3427 2205 3444 2237 ι
3467 2182 3601 2240 Pro-

2013 2288 2192 2338 tector
2221 2298 2400 2350 meus,
2445 2293 2499 2339 et
2553 2299 2727 2340 cornu
2779 2282 2976 2338 salutis
3007 2297 3140 2337 mea:
3166 2279 3236 2333 ⁸⁸.
3279 2297 3385 2331 ›-
3423 2295 3440 2328 ι
3480 2274 3604 2330 Τιιιλι

2012 2377 2158 2430 enim
2191 2391 2314 2446 ope,
2340 2377 2539 2446 inquit,
2573 2376 2760 2432 hostes
2812 2373 3178 2430 retundemus
3221 2379 3442 2426 nostros
3477 2368 3543 2421 δ’.
3576 2385 3593 2416 ι

2014 2468 2284 2525 Caeterum
2315 2469 2704 2525 bellicosorum
2740 2484 2852 2523 non
2877 2465 3364 2522 formidolosarum
3404 2475 3604 2530 capere

2015 2566 2098 2615 est
2124 2559 2345 2615 Jericho
2375 2576 2388 2612 :
2415 2560 2538 2616 illos
2555 2559 2701 2614 enim
2755 2559 2998 2626 irritant,
3038 2557 3138 2613 hos
3185 2570 3315 2610 vero
3345 2553 3608 2612 territant

2016 2652 2107 2722 qui
2147 2666 2299 2706 arma
2328 2652 2532 2708 habent
2560 2651 2826 2707 carnalia.
2860 2649 3041 2704 Tanto
3089 2663 3220 2704 vero
3247 2646 3450 2701 muenia
3478 2658 3604 2698 cum

2018 2745 2132 2800 sint
2163 2743 2403 2812 Jericho,
2437 2745 2579 2800 tubae
2627 2752 2809 2800 tamen
2841 2758 2976 2798 voce
3012 2741 3327 2798 concidunt.
3354 2736 3467 2794 Nec
3494 2751 3610 2791 non

2019 2847 2201 2892 castra
2229 2837 2449 2892 Madian
2472 2852 2569 2907 per
2590 2836 2868 2892 tubicines
2897 2841 3027 2891 sunt
3050 2833 3290 2889 devicta.
3322 2829 3456 2900 ipsa:
3479 2843 3607 2884 vero

2019 2927 2165 2983 tubae
2207 2927 2426 3000 signum
2457 2935 2721 2983 extremas
2751 2927 2895 2982 tuba:
2927 2934 3074 2982 sunt.
3096 2924 3218 2994 lpse
3251 2923 3397 2977 enim
3429 2919 3611 2974 Domi-

2021 3034 2128 3074 nus
2186 3033 2311 3073 cum
2347 3018 2700 3074 hortatione
2738 3033 2982 3088 voceque
3016 3013 3355 3086 archangeli,
3383 3026 3446 3068 ac
3478 3009 3612 3066 tuba

2022 3110 2090 3166 de
2123 3109 2264 3166 caelo
2281 3110 2596 3166 descendet.
2631 3110 2707 3165 De
2753 3125 2865 3181 qua
2886 3108 3190 3164 Zacharias
3231 3119 3453 3177 quoque
3487 3104 3564 3156 ait
3595 3120 3610 3156 :

405 3195 555 3264 ᾐλουν
608 3195 912 3266 σάλπιγγες
938 3214 953 3230 ⁸
1011 3201 1070 3253 εν
1126 3195 1172 3268 ᾧ
1195 3200 1415 3254 πάντων
1441 3199 1638 3269 ἄφεσις
1683 3199 1914 3267 γίνεται,

405 3288 425 3339 ‘.
450 3289 544 3341 ἐπὶ
572 3289 698 3347 τοὺς
725 3290 962 3347 οἰκείους
991 3293 1197 3347 τόπους
1243 3293 1719 3347 ἀποκατάστασις.
1773 3293 1918 3347 Προ-

2031 3221 2049 3253 ι
2082 3201 2353 3258 Dominus
2376 3204 2727 3272 omnipotens
2762 3203 2890 3258 tuba
2927 3203 3148 3272 clanget
3181 3199 3248 3253 “.
3293 3217 3311 3250 ι
3346 3195 3453 3258 Sex
3484 3211 3616 3250 vero

2030 3295 2221 3347 diebus
2254 3295 2383 3347 tuba
2401 3295 2721 3347 sacerdotes
2740 3296 3031 3347 clanaunt.
3047 3307 3238 3347 omnes
3256 3293 3403 3347 enim
3436 3289 3614 3347 sancti

333 3289 425 3339 καὶ
450 3289 544 3341 ἐπὶ
572 3289 698 3353 τοὺς
725 3290 962 3355 οἰκείους
991 3293 1197 3356 τόπους
1243 3293 1719 3356 ἀποκατάστασις.
1773 3293 1918 3363 Προ-
1947 3289 1990 3325 ¹λ

2024 3295 2221 3351 diebus
2254 3295 2383 3366 tuba
2401 3295 2721 3351 sacerdotes
2740 3296 3031 3366 clangunt,
3047 3307 3238 3348 omnes
3256 3293 3403 3347 enim
3436 3289 3614 3348 sancti

2025 3403 2122 3460 per
2159 3403 2252 3442 sex
2282 3388 2498 3443 dierum
2534 3388 2804 3443 saeculum
2841 3391 3114 3458 integrum
3137 3390 3493 3456 peccatorum
3525 3394 3616 3434 rc-

2024 3480 2348 3534 missionem
2409 3478 2781 3549 promulgant.
2817 3477 2873 3534 ld
2918 3491 3157 3546 namque
3199 3473 3342 3527 tuba:
3387 3485 3637 3548 quoque

2024 3570 2260 3637 Jubilasi,
2315 3585 2428 3639 quo
2475 3569 2808 3624 universalis
2840 3567 2896 3620 flt
2933 3566 3216 3632 remissio,
3249 3577 3310 3616 ac
3343 3560 3616 3632 cujusque

2026 3662 2080 3716 in
2109 3675 2239 3716 suas
2263 3659 2425 3716 sedes
2446 3658 2750 3723 restitutio,
2787 3655 3200 3736 significabant.
3235 3651 3408 3706 Tubae
3428 3651 3617 3719 itaque

2025 3760 2405 3824 protestantur
2468 3759 2709 3806 mentem
2764 3748 3085 3804 mutandam
3128 3760 3292 3809 esse,
3349 3759 3416 3799 eo
3463 3743 3618 3815 quod

2028 3862 2254 3916 regnum
2283 3845 2548 3900 caelorum
2571 3858 2741 3914 prope
2764 3842 2838 3899 sit
2861 3841 2928 3895 ⁸³.
2950 3838 3024 3895 De
3047 3856 3152 3910 qua
3177 3840 3384 3910 populo
3415 3840 3612 3896 edicit:

2035 3960 2053 3993 ι
2092 3938 2287 3994 Audite
2313 3952 2501 3992 vocem
2529 3937 2689 3991 tubae.
2714 3934 2815 3990 Cui
2864 3933 3274 4006 responderunt
3309 3952 3322 3988 :
3357 3931 3478 3988 Non
3514 3948 3616 3989 au—

2029 4033 2251 4088 diemus
2288 4031 2356 4083 9°.
2401 4049 2419 4082 ι
2447 4029 2604 4083 Isaiae
2629 4028 2760 4084 item
2787 4027 2991 4082 dicitur
3022 4043 3036 4079 :
3081 4044 3099 4078 ι
3139 4026 3322 4081 lnstar
3355 4025 3499 4081 tubae
3524 4040 3620 4084 vo-

2030 4138 2148 4178 cem
2181 4131 2329 4176 tuam
2356 4119 2510 4188 effer,
2538 4128 2590 4176 et
2612 4119 2819 4191 populo
2841 4128 3066 4191 peccata
3093 4134 3191 4175 sua
3223 4117 3485 4174 denuntia
3515 4119 3615 4170 οι.»

2029 4215 2110 4270 Ac
2161 4215 2326 4286 paulo
2358 4224 2487 4269 ante
2523 4211 2745 4285 quidem
2780 4212 2950 4267 semel
2992 4211 3047 4266 in
3079 4210 3170 4266 die
3207 4208 3618 4265 circumierunt

2023 4307 2230 4370 sancti,
2264 4306 2637 4376 omnibusque
2687 4304 2909 4374 pictatis
2951 4303 3321 4373 cognitionem
3353 4300 3624 4371 praedica-

2031 4407 2179 4454 runt.
2203 4398 2451 4469 Septimo
2479 4412 2610 4452 vero
2635 4395 2745 4462 die,
2778 4394 2883 4449 hoc
2903 4403 2986 4449 est
3008 4400 3169 4448 aetate
3187 4403 3378 4448 exacta
3397 4392 3620 4461 septies,

2030 4492 2136 4547 hoc
2168 4498 2274 4558 est,
2305 4504 2686 4561 smpenumero
2720 4486 2960 4560 apostoli
2983 4501 3047 4540 ac
3078 4485 3338 4555 discipuli
3385 4485 3621 4550 Domini,

335 4598 430 4635 ται
465 4579 610 4634 κατὰ
629 4578 920 4652 τὴνμπόλιν
976 4576 1210 4650 Ἰεριχὼ,
1261 4577 1433 4633 τύπον
1458 4581 1558 4651 τῆς
1620 4579 1922 4645 συντελείας

2041 4599 2344 4654 omnesque
2400 4581 2662 4658 deinceps
2711 4578 2977 4633 Ecclesiae
3009 4576 3261 4645 magistri
3293 4575 3624 4630 circumive-

336 4672 721 4743 ὑπάρχουσαν.

2041 4684 2205 4741 runt,
2259 4689 2324 4729 ac
2380 4669 2864 4741 resipiscentiam,
2909 4667 3404 4737 remissionemque
3459 4663 3624 4739 487

338 4766 542 4837 populo
568 4763 1207 4835 renuntiaruntzquibus
1237 4763 1328 4834 qui
1364 4777 1559 4835 parere
1583 4776 1942 4835 recusarunt,
2010 4765 2165 4822 urbis
2225 4761 2471 4826 Jericho,
2521 4775 2644 4832 quae
2707 4757 3102 4815 internecionis
3153 4766 3238 4818 est
3284 4760 3625 4828 exemplum,

340 4871 577 4934 pereunt
606 4862 802 4915 instar.

411 4977 486 5031 Τὸ
519 4975 811 5041 ἀλαλάζειν
861 4975 951 5029 τὸν
979 4977 1131 5040 λαὸν,
1185 4979 1414 5047 σημεῖον
1451 4975 1547 5030 τοῦ
1586 4977 1714 5041 τοὺς
1744 4977 1935 5048 ἁγίους

340 5068 782 5138 ἀναγγέλλοντας
824 5067 1315 5138 ὲπευφραίνεσθαι,
1369 5067 1464 5120 καὶ
1532 5067 1933 5139 διηγουμένους

337 5159 409 5212 τὰ
464 5159 730 5230 μεγαλεῖα
781 5159 878 5214 τοῦ
936 5158 1098 5226 Θεοῦ,
1154 5158 1252 5213 καὶ
1290 5159 1452 5230 νίκην
1490 5158 1590 5230 τὴν
1621 5159 1769 5213 κατὰ
1824 5159 1936 5214 τῶν

340 5257 577 5329 ἐχθρῶν.

413 5353 488 5404 Τὸ
509 5351 860 5424 προϐαδίζειν
898 5350 999 5422 τῆς
1056 5348 1300 5405 κιϐωτοῦ
1349 5348 1478 5412 τοὺς
1527 5346 1825 5418 μαχίμους,
1873 5346 1935 5401 τὸ

341 5443 560 5515 ἕτοιμον
595 5443 840 5498 δείκνυσι
871 5444 966 5498 καὶ
991 5443 1100 5496 τῶν
1155 5444 1328 5512 ἁγίων
1352 5440 1412 5494 τὸ
1436 5439 1720 5512 πρόθυμον
1741 5457 1754 5471 ·
1790 5439 1850 5492 τὸ
1879 5438 1935 5492 δὲ

340 5537 440 5608 τὴν
498 5537 768 5611 οὐραγίαν
819 5535 1162 5604 ἀκολουθεῖν,
1211 5535 1274 5590 τὸ
1305 5533 1511 5607 μηδένα
1555 5532 1668 5587 δεῖν
1708 5531 1811 5602 τῆς
1836 5530 1935 5586 τοῦ

413 5718 460 5752 ⁸⁸
501 5719 606 5776 lsa.
635 5733 784 5782 inv,
812 5718 868 5774 l.
944 5719 992 5750 ⁸³
1014 5717 1190 5774 Exod.
1225 5734 1316 5776 xx.
1353 5719 1439 5772 l4.

1526 5717 1570 5751 ⁸⁸
1599 5714 1940 5782 Μειιιῆκιιι,
1970 5710 2058 5766 51.

2116 4974 2310 5047 Populi
2335 4987 2502 5046 porro
2525 4969 2736 5042 jubilus
2758 4977 2986 5025 sanctos
3019 4964 3260 5030 laetitiam
3285 4964 3632 5024 renuntiare.

2042 5086 2106 5128 ac
2133 5070 2226 5126 Dei
2255 5065 2724 5140 magnificentiam
2758 5072 3194 5120 commemorare
3221 5058 3448 5122 indicat.

2116 5341 2272 5410 Quod
2344 5357 2480 5396 vero
2544 5337 2792 5396 bellicosi
2843 5345 2972 5392 ante
3044 5346 3231 5390 arcam
3306 5329 3638 5388 incedebant

2041 5433 2489 5508 promptitudinis
2513 5430 2785 5486 indicium
2809 5437 2914 5494 est,
2945 5442 3009 5482 ac
3046 5426 3278 5483 fortium
3307 5425 3634 5482 alacritatis.

2042 5529 2101 5585 In
2133 5527 2310 5583 cauda
2341 5526 2472 5582 item
2502 5521 2791 5594 consequi,
2823 5521 3098 5577 neminem
3161 5517 3256 5574 Dei
3304 5520 3476 5573 aciem
3543 5516 3636 5572 ους

3319 5690 3364 5726 ⁸⁸
3400 5690 3631 5747 Zachar.

2137 5710 2182 5742 ⁸⁸
2218 5707 2365 5764 Psal.
2393 5707 2596 5772 xvn,3.
2712 5699 2759 5731 ⁸⁷
2790 5697 2934 5756 Psal.
2968 5714 3122 5764 mu,
3160 5696 3212 5752 6.

343 5806 419 5857 lx,
459 5791 543 5846 M.
618 5791 665 5824 ⁸ο
701 5780 893 5846 Matth.
931 5790 1094 5859 "1,2.
1172 5790 1216 5821 ⁹⁰
1241 5786 1444 5846 Jerem.
1479 5801 1553 5854 γι,
1588 5787 1675 5841 Π.
1752 5780 1922 5840 πιθα

2030 5797 2126 5846 nu,
2163 5780 2211 5835 l.
