3956 6396
425 281 560 347 ΙΟίῦ

1719 299 2077 361 PROCOPII
2117 303 2364 364 GAZxEI

3553 307 3683 374 1016

418 398 543 452 bere
576 399 856 466 deserere,
913 416 1106 458 verum
1163 419 1264 474 pro
1323 406 1472 462 virili
1533 407 1784 467 adversis
1823 415 2000 484 c0piis

2105 414 2240 469 Θεοῦ
2283 417 2649 490 παρατάξεως
2707 418 3126 486 ἀπολείπεσθαι,
3175 420 3314 475 κατά
3362 420 3680 493 δύναμινδὲ

417 490 693 554 resistere,
719 491 834 547 sive
858 494 911 548 in
938 495 1127 550 eadem
1159 507 1307 552 stent
1333 499 1474 566 acie,
1499 500 1619 557 sive
1651 502 2000 562 decertantes

416 590 748 651 sequantur.

485 756 622 812 Cum
652 775 780 814 vero
827 761 964 816 nihil
1015 765 1200 819 vivum
1260 776 1345 823 est
1401 769 1755 839 capiendum,
1804 774 2001 846 impios

417 849 664 907 funditus
703 853 1016 921 perdendos
1038 871 1163 912 esse
1187 859 1486 915 indicatur.

488 943 555 998 In
584 947 934 1016 primogenita
960 965 1056 1002 suo
1074 950 1484 1020 fundamentum
1523 955 1640 1024 ejus
1657 957 1848 1024 jaciet,
1872 969 1921 1014 et
1945 962 1998 1016 in

415 1035 633 1090 minimo
647 1053 741 1090 suo
771 1039 1055 1093 collocabit
1075 1051 1258 1110 partas
1288 1044 1417 1113 ejus.
1447 1045 1565 1118 [V|,
1607 1047 1729 1122 26.]
1752 1049 1866 1105 Hoc
1896 1065 1998 1119 est,

420 1125 464 1180 si
502 1128 629 1196 quis
696 1130 960 1200 inceperit
1017 1132 1221 1188 liberos
1279 1135 1571 1193 inhumare
1618 1139 1836 1196 interim
1869 1143 1998 1198 dum

417 1214 836 1273 fundamentum
872 1221 1039 1277 fuerit
1089 1225 1325 1294 jactum,
1363 1228 1583 1283 tandem
1616 1231 1781 1285 etiam
1820 1228 2030 1290 extre-3

417 1324 566 1363 mum
591 1324 781 1365 eorum
809 1313 1140 1370 inbumabit.
1185 1315 1362 1372 Porro
1417 1335 1620 1376 eversa:
1672 1323 1793 1379 loco
1837 1329 1999 1383 aliam

418 1401 659 1454 radicem
704 1401 821 1458 lliel
853 1405 1152 1462 Bcthelites
1186 1407 1254 1463 de
1301 1411 1447 1466 tribu
1482 1412 1740 1483 Ephraim
1767 1420 2004 1474 suscita-

417 1490 517 1555 vit,
543 1506 706 1561 quam
747 1493 1014 1552 Dominus
1069 1497 1230 1555 Jesus
1271 1501 1529 1559 Christus
1566 1522 1667 1562 sua
1711 1514 2001 1577 praesentia

415 1589 501 1634 est
518 1582 794 1652 dignatus.
821 1586 868 1638 A
908 1587 1172 1645 Romanis
1216 1606 1350 1647 vero
1384 1593 1454 1647 ob
1493 1594 1868 1653 infidelitatem
1902 1600 2002 1655 hac

2101 507 2312 573 πάντας
2339 508 2696 563 ἀνθίστασθαι
2721 512 2840 573 ταῖς
2894 510 3298 582 ἀντικειμέναις
3347 513 3679 584 δυνάμεσιν,

2100 600 2698 673 ἧπαραταττομένους,
2758 602 2792 672 ἢ
2844 605 2957 667 τοῖς
2981 604 3415 674 ἀγωνιζομένοις
3458 605 3683 659 ἀκολου.

2101 689 2350 755 θοῦντας.

2171 781 2248 836 Τὸ
2271 785 2436 855 μηδὲν
2492 785 2868 860 ζωγρηθῆναι,
2898 788 2999 862 τὴν
3053 788 3296 860 παντελῆ
3322 788 3442 842 τῶν
3473 789 3680 844 ἀσεϐῶν

2101 875 2381 931 ἀπώλειαν
2410 878 2679 934 δείκνυσι.

2189 971 2291 1024 Ἐν
2323 969 2402 1036 τῷ
2432 974 2784 1041 πρωτοτόκῳ
2833 973 3020 1029 αὐτοῦ
3088 973 3439 1042 θεμελιώσει
3469 974 3676 1041 αὐτὴν,

2103 1062 2201 1117 καὶ
2232 1063 2302 1118 ἐν
2323 1062 2403 1129 τῷ
2429 1064 2734 1135 ἐλαχίστῳ
2756 1065 2945 1120 αὺτοῦ
2989 1065 3310 1133 ἐπιστήσει
3337 1066 3455 1131 τὰς
3488 1067 3680 1133 πύλας

2101 1155 2294 1224 αὐτῆς
2322 1174 2337 1188 ·
2373 1159 2655 1212 τουτέστιν
2683 1158 2989 1229 ἀρξάμενος
3019 1158 3114 1212 τοῦ
3139 1159 3370 1212 θάπτειν
3403 1160 3534 1223 τοὺς
3562 1163 3680 1213 παῖ-

2101 1248 2199 1312 δας
2233 1247 2349 1319 ἅμα
2381 1249 2460 1321 τῷ
2488 1251 2894 1305 καταϐαλέσθαι
2945 1251 3220 1320 θεμέλιον,
3269 1250 3412 1320 πρὸς
3433 1251 3513 1319 τῷ
3545 1252 3679 1304 τέλει

2100 1339 2193 1392 τὸν
2215 1339 2446 1408 ἔσχατον
2469 1340 2647 1394 αὐτῶν
2675 1340 2858 1410 θάψει.
2917 1340 3063 1393 Ἀντὶ
3095 1340 3154 1392 δὲ
3174 1339 3275 1406 τῆς
3307 1340 3679 1420 κατασκαῳειι

2105 1448 2225 1501 σης,
2283 1432 2479 1500 ἑτέραν
2537 1432 2727 1502 ἧγειρε
2779 1430 2935 1502 ῥίζαν
2984 1433 3014 1484 ό
3076 1432 3141 1483 ὲκ
3213 1430 3428 1500 Βαιθὴλ
3515 1431 3678 1500 φυλῆς

2115 1521 2374 1592 Ἐφραῖμ.
2401 1523 2512 1577 Καὶ
2567 1523 2595 1574 ό
2649 1523 2853 1593 Κύριος
2894 1523 3102 1592 Ἰησοῦς
3153 1523 3394 1594 Χριστὸς
3421 1521 3522 1590 τῆς
3554 1521 3674 1585 ίδίας

2104 1615 2409 1685 παρουσίας
2460 1616 2683 1687 ἠξίωσε.
2731 1617 3183 1687 Καταϐληθείσης
3228 1616 3286 1670 δὲ
3341 1617 3438 1668 καὶ
3459 1616 3671 1683 ταύτης,

417 1689 638 1745 quoque
672 1676 911 1746 dejecta,
971 1681 1138 1736 tertio
1174 1683 1356 1740 denuo
1395 1689 1657 1743 surrexit.
1704 1687 1907 1746 Verum
1938 1710 2000 1749 ea

2105 1676 2211 1760 ὑπδ
2255 1676 2544 1779 Ῥωμαίων
2573 1710 2661 1764 διὰ
2691 1711 2795 1782 τὴν
2823 1676 3079 1764 ἀπιστίαν
3113 1676 3178 1763 ἐκ
3203 1710 3397 1780 τρίτου
3427 1710 3666 1779 συνέστη.

419 1781 656 1834 quorum
692 1769 781 1823 hic
813 1773 1019 1826 mentio
1051 1773 1108 1827 lit
1137 1775 1210 1829 ita
1237 1779 1523 1833 revocabis
1552 1781 1759 1836 animo.
1783 1781 2002 1841 Jericlio
2033 1755 2076 1811 Β

418 1853 608 1908 lunam
663 1857 975 1927 signiﬁcare
1018 1861 1195 1918 aiunt.
1247 1864 1362 1920 Est
1413 1877 1594 1923 autem
1631 1871 1811 1943 imago
1845 1881 2004 1931 teneo

421 1946 646 2000 brarum
716 1950 984 2021 principis
1035 1953 1262 2020 diaboli,
1317 1956 1410 2025 qui
1476 1972 1601 2012 cum
1667 1961 1999 2031 impietatem

422 2037 582 2090 struit
614 2039 981 2107 cogitationes
1033 2045 1214 2113 primo
1244 2046 1348 2100 sibi
1397 2057 1556 2104 natas
1587 2050 1641 2104 in
1663 2053 1836 2122 portis
1867 2055 2001 2109 aedi-

423 2128 530 2183 licii
567 2135 795 2203 spargit.
823 2132 986 2191 Tales
1011 2138 1158 2191 enim
1214 2139 1394 2209 ipsius
1458 2144 1814 2215 primogeniti
1845 2147 1999 2218 cogi-

419 2229 620 2276 tentur.
643 2222 1127 2289 Quemadmodum
1171 2231 1317 2285 enim
1378 2247 1608 2300 serpens
1638 2237 1816 2306 capite
1847 2253 1997 2294 mea-

418 2319 530 2365 tum
562 2316 782 2383 quaerit,
826 2317 1208 2389 reliquumque
1268 2321 1468 2378 deinde
1495 2340 1700 2396 corpus
1732 2329 1797 2382 ad
1815 2340 1994 2386 extre-

415 2418 560 2457 mam
586 2406 817 2461 caudam
840 2409 976 2478 agili'
1003 2421 1153 2465 motu
1206 2419 1592 2486 consequitur.
1619 2418 1697 2473 lta
1733 2423 1824 2490 qui
1854 2422 1998 2479 hunc

414 2498 620 2566 recepit
639 2499 1023 2571 malitiamque
1044 2508 1469 2572 consummavit,
1493 2521 1680 2579 portas
1719 2512 1848 2568 huic
1873 2515 1996 2570 urbi

415 2589 620 2656 posuit.
663 2587 1012 2662 Quapropter
1049 2603 1216 2665 caput
1248 2596 1423 2667 ipsius
1455 2601 1751 2658 observare
1788 2605 1997 2662 Adamo

415 2679 859 2749 praecipiebatur.
912 2682 1027 2740 Hoc
1069 2687 1215 2742 enim
1245 2688 1412 2758 facto,
1443 2690 1627 2746 dolum
1668 2695 1843 2763 ipsius
1880 2697 1999 2752 evi-

415 2777 610 2825 tasset.
631 2769 868 2826 Tantum
896 2774 1042 2828 enim
1100 2777 1318 2833 initium
1371 2780 1583 2838 daemon
1637 2785 1792 2854 petit,
1827 2777 1998 2856 utque

416 2864 626 2918 semina
656 2867 833 2935 possit
891 2883 1175 2940 spargere,
1226 2889 1292 2929 ex
1327 2877 1530 2946 quibus
1570 2881 1662 2949 qui
1690 2884 1884 2952 recipit
1916 2884 1999 2939 in-

410 2952 686 3018 justitiam
727 2959 987 3026 parturit,
1025 2971 1081 3014 et
1111 2963 1364 3019 molestia
1391 2977 1655 3038 concepta
1691 2979 1993 3030 extremam

417 3043 765 3114 iniquitatem
839 3051 1002 3120 parit.
1067 3053 1170 3110 Cui
1233 3057 1370 3112 illud
1423 3075 1643 3132 quoque
1692 3078 1795 3119 con

423 3152 442 3185 ι
486 3133 678 3192 Sultus
711 3147 962 3196 mutatur
996 3152 1055 3197 ut
1088 3145 1218 3200 luna
1244 3149 1312 3202 θ’.
1346 3167 1365 3201 ι
1399 3149 1474 3206 De
1521 3167 1628 3222 qua
1657 3133 1826 3211 David
1861 3172 2000 3227 quo-

417 3238 526 3294 que
555 3225 608 3280 in
649 3229 914 3286 vaticinia
965 3233 1034 3289 de
1101 3236 1327 3295 Christo
1379 3242 1602 3313 inquit:
1649 3265 1669 3297 ι
1713 3225 2003 3306 Exorietur

418 3317 475 3370 in
505 3317 703 3377 diebus
732 3323 853 3392 ejus
873 3323 1115 3395 justitia,
1142 3339 1197 3386 et
1232 3334 1342 3389 alta
1378 3351 1504 3406 pax,
1529 3337 1704 3395 donec
1729 3342 2004 3412 subripie-

397 3403 512 3468 ‘tur
539 3415 668 3471 luna
700 3419 770 3474 ".
811 3437 830 3470 ι
859 3420 1035 3492 Cujus
1065 3437 1283 3480 necnon
1332 3403 1716 3501 primogenita,
1745 3432 1873 3488 item
1907 3450 2000 3490 ca-

418 3509 529 3576 pita
561 3523 1088 3572 commemorantur.
1143 3516 1221 3574 De
1264 3521 1465 3590 quibus
1515 3532 1698 3580 exstat
1747 3527 1996 3584 dictum:

425 3619 444 3651 ι
473 3600 829 3659 Comminuet
854 3607 1035 3677 capita
1068 3608 1312 3665 hostium
1352 3628 1611 3682 suorum,
1657 3626 1712 3671 et
1736 3620 1998 3675 verticem

419 3693 832 3751 obversantium
898 3699 954 3752 in
1011 3704 1253 3771 peccatis
1283 3704 1348 3759 9".
1392 3724 1410 3757 ι
1457 3708 1523 3761 Et
1570 3709 1772 3765 iterum
1810 3729 1824 3766 :
1865 3731 1884 3764 ι
1917 3711 2000 3767 Tu

420 3783 742 3854 confregisti
774 3787 956 3856 capita
986 3789 1248 3847 draconis
1266 3807 1436 3863 super
1462 3810 1607 3866 aqua
1636 3799 1704 3853 νυ.
1749 3819 1768 3852 ι
1807 3799 2000 3872 Capita

421 3873 551 3928 item
579 3890 643 3930 ex
679 3876 997 3946 hujusmodi
1036 3883 1330 3938 structuris
1348 3888 1687 3951 enascentia,
1717 3895 1814 3942 aut
1837 3907 2004 3961 super

424 3965 557 4035 ipsis
596 3969 700 4023 sita
738 3969 989 4026 demoliri
1015 3973 1265 4030 Jeremia:
1319 3977 1632 4033 mandatur.
1666 3980 1741 4037 De
1802 3985 2002 4053 quibus

422 4058 592 4113 David
653 4062 780 4117 item
818 4063 1029 4134 inquit:
1065 4085 1083 4118 ι
1113 4066 1376 4125 Destrues
1431 4087 1545 4135 eos,
1595 4088 1698 4128 nec
1751 4086 2002 4132 exstrucs

421 4153 659 4223 amplius
690 4154 760 4205 ".
804 4172 822 4206 ι
861 4155 1032 4210 Item:
1067 4175 1088 4207 ι
1129 4157 1372 4216 Hostiles
1427 4160 1749 4219 defecerunt
1801 4168 2000 4237 gladii,

421 4252 474 4298 et
505 4244 668 4300 urbes
695 4245 1020 4302 destruxisti
1053 4251 1122 4302 ’⁷.
1157 4269 1177 4303 ι
1200 4251 1306 4306 Tot
1339 4269 1468 4310 vero
1494 4253 1660 4311 urbes
1689 4266 1840 4327 sunt,
1870 4267 2006 4330 quot

420 4336 636 4394 vivendi
692 4341 961 4411 rationes,
1025 4360 1090 4400 ac
1132 4361 1336 4404 mores.
1382 4346 1596 4406 Politiae
1649 4352 1776 4408 item
1834 4354 2003 4409 variae

2115 1800 2357 1866 Ἀνάξεις
2385 1801 2442 1856 δὲ
2464 1801 2606 1856 οὕτω
2627 1803 2737 1856 τῶν
2781 1804 3088 1873 λεγομένων
3114 1803 3205 1856 τὸν
3231 1803 3361 1855 νοῦν
3389 1820 3404 1832 ·
3435 1803 3546 1887 Τὴν
3587 1803 3670 1855 Ἱε-

2104 1893 2263 1964 ριχὼ,
2293 1894 2530 1966 σελήνην
2587 1897 2751 1964 φασὶν
2802 1895 3236 1966 ἑρμηνεύεσθαι·
3291 1895 3450 1963 δηλοῖ
3480 1895 3534 1948 δὲ
3585 1893 3665 1948 τοῦ

2071 1992 2075 1997 '
2103 1985 2329 2047 σκότους
2345 1985 2435 2039 τὸν
2463 1985 2722 2055 ἄρχοντα,
2751 1985 2841 2040 τὸν
2868 1985 3135 2040 διάϐολον.
3161 1979 3336 2047 Οὗτος
3382 1985 3663 2052 οἰκοδομῶν

2099 2075 2199 2146 τὴν
2224 2077 2501 2144 ἀσέϐειαν,
2533 2080 2659 2142 τοὺς
2719 2077 3097 2149 πρωτοτόκους
3143 2075 3342 2130 ἑαυτοῦ
3386 2075 3659 2144 λογισμοὺς

2101 2167 2204 2220 ὑπὸ
2225 2167 2332 2219 τῶν
2353 2167 2574 2221 εἰσόδων
2620 2169 2730 2222 τῶν
2768 2169 2978 2222 ἐκείνου
3009 2167 3267 2231 διόλλυσι,
3295 2166 3398 2219 καὶ
3427 2167 3590 2218 αὐτῶν
3609 2167 3655 2217 έν

2098 2259 2250 2328 αὐτῷ
2279 2260 2639 2330 πρωτοτόκων
2670 2261 2995 2330 νοουμένων.
3041 2261 3126 2323 Ὠς
3171 2260 3282 2331 γὰρ
3323 2261 3472 2328 ὄφις,
3509 2259 3651 2330 ἀρχὴν

2099 2347 2254 2420 ζητεί
2285 2355 2349 2422 τῇ
2382 2352 2590 2422 κεφαλῇ
2627 2352 3054 2417 παρεισδύσεως,
3085 2351 3180 2405 τοῦ
3205 2351 3401 2405 λοιποῦ
3435 2351 3638 2421 σώματος

2098 2442 2520 2507 ἀκολουθοῦντος
2541 2443 2778 2506 εὐκόλως
2807 2443 2967 2514 μέχρι
2991 2442 3083 2496 καὶ
3108 2447 3204 2512 τῆς
3222 2443 3555 2512 λεπτοτάτης
3573 2441 3639 2493 σὺ·

2099 2536 2220 2604 ρᾶς.
2262 2535 2364 2586 Ἦν
2412 2535 2442 2586 ὁ
2495 2533 2790 2604 δεξάμενος
2843 2533 3256 2604 συμπληρώσας
3314 2534 3418 2603 τὴν
3457 2533 3645 2595 κακίαν,

2097 2623 2335 2696 ἐπέθηκε
2354 2625 2550 2689 πύλας.
2582 2626 2673 2680 Διὸ
2695 2627 2884 2696 τηρεῖν
2905 2625 3071 2678 αὑτοῦ
3097 2625 3195 2694 τὴν
3223 2624 3466 2693 κεφαλὴν
3501 2621 3648 2690 Ἀδὰμ

2097 2722 2517 2794 προσετάττετο,
2546 2721 2622 2784 ὡς
2652 2722 2865 2775 ἐκείνου
2900 2721 2999 2793 τὴν
3046 2722 3285 2791 πτέρναν
3310 2721 3640 2791 τηρήσαντος.

2110 2813 2319 2888 Ἀρχὴν
2357 2817 2467 2887 γὰρ
2524 2816 2686 2886 μόνον
2751 2815 2892 2869 θέλει
2937 2816 3035 2870 καὶ
3088 2816 3404 2885 σπέρματα,
3448 2811 3500 2877 ἐξ
3529 2804 3642 2862 ὦνό

2096 2909 2389 2979 δεξάμενος
2411 2909 2594 2962 ὠδίνει
2612 2909 2850 2973 ἀδικίαν,
2879 2909 2975 2961 καὶ
3004 2907 3165 2961 πόνον
3192 2904 3459 2959 συλλαϐὼν
3482 2904 3633 2956 τίκτει

2097 2999 2356 3070 ἀνομίαν,
2411 2999 2574 3071 μέχρι
2625 2999 2735 3054 τῶν
2773 3001 3016 3070 ἐσχάτων
3081 2998 3366 3068 γενόμενος
3411 2995 3619 3063 θήραμα.

1803 3067 1952 3162 ξτυίι
1977 3081 1992 3120 ³
2021 3085 2064 3145 C
2101 3067 2360 3162 ι’Ᾰφρων
2387 3067 3149 3162 γὰρξφησὶνβλλοιοῦταιὼς
3176 3067 3430 3160 ήσελήνη.
3462 3101 3477 3130 ι
3499 3079 3614 3150 Περὶ

2100 3178 2170 3256 ἧς
2217 3183 2314 3236 καὶ
2367 3183 2534 3236 Δαϐὶδ
2598 3182 2728 3254 περὶ
2770 3180 3010 3252 Χριστοῦ
3061 3177 3400 3250 προφητεύων
3436 3171 3613 3242 φησιν’

2107 3295 2127 3328 ι
2180 3274 2455 3330 ’Δνατελεί
2485 3276 2544 3328 ὲν
2567 3275 2690 3336 ταῖς
2724 3273 2962 3343 ἡμέραις
2999 3270 3167 3324 αὑτοῦ
3200 3265 3508 3332 δικαιοσύνη,
3539 3258 3624 3312 καὶ

2102 3365 2307 3437 πλῆθος
2338 3366 2582 3436 εἰρήνης,
2637 3363 2742 3427 ἕως
2797 3359 2858 3416 οὗ
2924 3360 3288 3431 ἀνταναιρεθῇ
3327 3359 3361 3427 ἡ
3395 3353 3629 3419 σελήνη.»

2101 3452 2212 3520 Ἶὶς
2234 3457 2283 3510 οἱ
2314 3455 2651 3528 πρωτότοκοι
2682 3454 2780 3507 καὶ
2813 3452 3052 3522 κεφαλαὶ
3089 3448 3499 3547 χρηματίζουσι.
3521 3440 3639 3511 Περὶ

2099 3541 2176 3601 ὧν
2216 3564 2372 3618 φησι,
2407 3566 2427 3598 ι
2463 3546 2760 3600 Συνθλὰσει
2781 3544 3024 3614 κεφαλὰς
3055 3541 3266 3614 ἐχθρῶν
3284 3540 3466 3598 αὐτοῦ,
3499 3550 3642 3604 κορυο

2103 3639 2212 3707 φὴν
2274 3637 2458 3709 τριχὸς
2513 3637 2990 3708 διαπορευομένων
3049 3637 3108 3688 ὲν
3171 3629 3642 3728 πλημμελείαις.ἰ

2102 3729 2212 3782 Καὶ
2245 3728 2429 3792 πάλιν,
2476 3745 2494 3779 ι
2535 3727 2607 3778 Σὺ
2644 3726 2978 3790 συνέθλασας
3004 3726 3104 3788 τὰς
3138 3723 3384 3792 κεφαλὰς
3416 3717 3504 3772 τοῦ
3539 3717 3650 3783 δρά-

2103 3837 2290 3882 κοντος
2344 3819 2438 3872 ἐπὶ
2500 3817 2594 3872 τοῦ
2651 3817 2864 3882 ὕδατος.
2904 3837 2924 3870 ι
2969 3817 3080 3880 Τὰς
3130 3819 3195 3870 ὲκ
3223 3815 3430 3868 τούτων
3467 3810 3553 3864 καὶ
3579 3809 3650 3858 ἐπ’

2103 3912 2292 3975 αὐταῖς
2346 3911 2657 3981 οἰκοδομίας
2709 3910 2996 3981 καθαιρεῖν
3061 3908 3334 3980 Ἱερεμίας
3397 3903 3653 4006 ,ἐτάττετοῖ

2104 4002 2242 4073 Περὶ
2267 3994 2343 4055 ὧν
2371 4018 2505 4071 φησι
2526 4002 2622 4054 καὶ
2651 4001 2836 4067 Δαϐὶδ,
2868 4019 2886 4052 ι
2925 3999 3193 4062 Καθελεῖς
3253 3997 3478 4060 αὐτοὺς,
3500 3991 3586 4046 καὶ
3605 3991 3655 4042 οὐ

2107 4095 2183 4165 μὴ
2241 4093 2605 4164 οἰκοδομήσης
2665 4093 2882 4155 αὐτούς.
2926 4111 2944 4144 ι
2981 4093 3109 4156 Καὶ,
3165 4109 3183 4142 ι
3231 4090 3337 4143 Τοῦ
3362 4085 3558 4158 ἐχθροῦ
3585 4081 3658 4147 ἐξ·

2104 4185 2288 4238 έλιπον
2357 4187 2414 4238 αἱ
2479 4188 2765 4257 ῥομφαῖαι.
2795 4203 2814 4236 ι
2855 4186 2989 4250 Καὶ,
3030 4203 3048 4236 ι
3093 4183 3285 4246 Πόλεις
3343 4178 3605 4239 καθεῖλες.
3637 4192 3655 4228 ι

2105 4276 2307 4330 Πολλαὶ
2344 4274 2400 4329 δὲ
2417 4278 2472 4330 αἱ
2498 4277 2704 4340 πόλεις,
2758 4278 2874 4329 ὅσοι
2909 4275 3036 4346 βίοι,
3090 4274 3188 4328 καὶ
3216 4274 3432 4344 τρόποι,
3466 4271 3556 4323 καὶ
3579 4284 3660 4320 πο-

2105 4364 2319 4431 λιτεῖαι,
2362 4366 2504 4420 κατὰ
2532 4367 2632 4430 τὰς
2651 4367 2916 4437 διαφορὰς
2965 4364 3072 4419 τῶν
3121 4365 3225 4434 τῆς
3255 4364 3460 4425 κακίας
3490 4360 3656 4414 εἱδῶν·

421 4436 571 4495 sunt,
631 4443 792 4501 prout
824 4435 1080 4507 nequitiae
1115 4436 1306 4494 formae
1336 4455 1476 4510 quas
1507 4442 1777 4498 destruxit
1811 4443 1997 4500 Domi-

2105 4457 2167 4522 ἃς
2189 4427 2438 4512 καθεῖλεν
2499 4459 2530 4512 ὁ
2573 4427 2830 4530 Κύριος..
2857 4427 3102 4512 Τοιοῦτοί
3131 4427 3278 4520 τινες
3327 4451 3472 4526 ἦσαν
3505 4452 3594 4506 καὶ
3623 4448 3662 4502 οἱ

422 4537 549 4587 nus,
587 4535 716 4579 sunt
747 4526 1003 4583 diversae.
1038 4527 1171 4600 Ejus
1221 4532 1441 4601 generis
1488 4533 1836 4604 primogeniti
1859 4549 2001 4605 quo-

421 4629 527 4680 que
564 4613 950 4688 Egyptiorum
1011 4628 1193 4686 erant,
1219 4637 1358 4692 quos
1409 4621 1673 4680 Dominus
1721 4625 1998 4691 abolevit;

422 4718 589 4775 super
642 4707 846 4777 quibus
903 4716 1105 4764 cuncta
1178 4708 1451 4782 Egyptus
1529 4711 1830 4783 impietatis
1886 4730 2002 4770 suae

420 4793 677 4866 dogmata
733 4797 1077 4863 fundaverat,
1129 4800 1390 4869 quocirca
1443 4801 1735 4859 immodice
1781 4819 2003 4874 quoque

420 4903 518 4944 eos
550 4891 828 4946 lamentati
863 4901 1014 4948 sunt.

2102 4547 2212 4602 τῶν
2238 4549 2554 4618 Αἰγυπτίων
2587 4549 2945 4620 πρωτότοκοι,
2983 4546 3078 4610 οὒς
3110 4549 3139 4599 ό
3169 4546 3301 4608 Θεὸς
3333 4543 3662 4613 ὲξηφάνισεν.

2117 4641 2234 4709 Ἐφ’
2269 4635 2351 4706 οἷς
2399 4641 2680 4710 Αἴγυπτος
2711 4641 2898 4695 ἅπασα
2923 4640 3023 4710 τῆς
3049 4639 3300 4700 ἀσεϐείας
3319 4635 3585 4707 ᾠκοδόμει
3609 4629 3664 4681 τὰ

2103 4730 2374 4802 δόγματα.
2408 4733 2500 4786 Διὸ
2537 4733 2634 4788 καὶ
2660 4731 2782 4785 λίαν
2805 4727 3033 4794 τούτους
3063 4730 3401 4800 ὲθρήνησαν.

493 5002 847 5062 Prwvaricati
881 5016 1006 5062 sunt
1045 5014 1223 5062 autem
1255 5007 1358 5077 ﬁlii
1391 5005 1566 5063 Israel
1590 5011 2112 5080 praeuaricationem,
2146 5024 2254 5071 etc.
2288 5013 2428 5088 ΠΗ,
2469 5013 2548 5086 1.]
2585 5013 2718 5069 Nam
2748 5012 2843 5069 Dei
2873 5012 3025 5069 viros
3049 5025 3159 5068 non
3180 5007 3541 5109 divitiarum.t

421 5091 632 5162 gloriae,
670 5109 777 5150 non
808 5096 1088 5166 potentias,
1121 5110 1229 5151 non
1256 5096 1544 5166 sapientia:
1598 5098 1880 5154 saecularis
1915 5101 2142 5170 cupidos
2171 5119 2297 5159 esse
2338 5103 2516 5158 decet.
2559 5101 2656 5157 Est
2705 5109 2890 5194 autem
2933 5114 3130 5194 aurum
3163 5095 3484 5194 divitiartﬂn
3515 5093 3670 5194 98‘}?

423 5195 519 5234 seu
585 5181 787 5252 imago.
841 5183 1145 5252 Argentum
1175 5197 1309 5238 vero
1361 5182 1659 5252 splendore
1699 5200 1802 5240 suo
1833 5187 2060 5257 gloriam
2094 5199 2472 5260 repraesentat,
2501 5188 2905 5260 dignitatisque
2933 5184 3338 5273 excellentiam.
3383 5179 3486 5273 Es
3522 5188 3669 5273 Ροῗτο

423 5267 718 5322 voralitate
757 5284 855 5324 sua
881 5269 1088 5326 Grmcae
1124 5271 1405 5341 sapientiae
1441 5270 1862 5340 loquacitatem.
1907 5272 2135 5330 Ferrum
2162 5278 2401 5346 denique
2433 5278 2603 5332 robur
2627 5285 2682 5331 et
2717 5276 3041 5371 potentiam.
3080 5272 3420 5371 Eccursero
3455 5267 3669 5371 ΒοΤῖᾒο

425 5354 754 5414 deferuntur
779 5360 1040 5427 ea?Quia
1072 5362 1260 5417 omnia
1292 5368 1568 5431 quotquot
1603 5361 1888 5431 praedicta,
1926 5364 2140 5420 Domini
2179 5367 2402 5436 proprie
2455 5366 2754 5429 exsistunt,
2784 5365 2907 5434 ejus
2935 5363 3147 5432 utique,
3193 5359 3284 5429 qui
3316 5372 3391 5456 .ea
3417 5351 3665 5412 condidit,

425 5457 764 5488 nnanrnnlm-
795 5459 984 5488 cnnnla
1031 5448 1282 5488 inelpnnp
1317 5447 1419 5488 inci
1450 5459 1853 5488 nnncpnrnnlnr
1897 5449 2020 5488 nun
2049 5455 2419 5488 :nlalnnonnlc
2448 5470 2475 5488 η
2503 5454 2763 5488 ιιιοειιηιιη
2793 5452 3004 5488 “nmini
3033 5463 3166 5488 nunc
3201 5445 3532 5488 enirllnnles-
3562 5437 3665 5488 ΩῘΟ-

425 5457 764 5514 quapropter
795 5448 1282 5518 sancte,justeque
1317 5447 1420 5517 ipsi
1450 5459 1873 5505 consecrantur.
1897 5449 2020 5517 Quo
2047 5455 2420 5524 intelligamus
2448 5470 2478 5509 c
2503 5454 2763 5509 thesauro
2792 5452 3006 5506 Domini
3033 5463 3166 5519 Opes
3198 5445 3532 5544 spiritualesi
3562 5445 3667 5508 επο-

428 5533 589 5578 riam-
619 5535 788 5578 rnhm-
863 5545 918 5578 ot
977 5538 1408 5578 inlnlliopnlinm
1471 5538 1841 5578 dphrnmnndn
1877 5557 2000 5578 neco
2091 5543 2122 5578 Δ
2155 5540 2360 5578 ηιιηπιη
2390 5541 2535 5578 nnirn
2563 5555 2623 5578 nn
2659 5547 2844 5578 nnlnrp
2867 5538 2982 5578 inca
3029 5535 3371 5578 ahnmmatm
3395 5536 3499 5578 est.
3528 5525 3668 5578 10535

428 5533 590 5601 riam,
619 5535 810 5603 robur,
863 5545 919 5592 et
976 5538 1409 5610 intelligentiam
1445 5538 1843 5608 _depromenda
1877 5557 2022 5598 esse.
2083 5543 2130 5596 A
2154 5540 2360 5596 mundo
2390 5541 2536 5595 enim
2563 5555 2624 5595 ea
2659 5547 2844 5609 petere
2867 5538 2984 5609 ipsa
3029 5533 3371 5589 abominatio
3395 5536 3499 5583 est.
3528 5533 3639 5593 Ipsa

505 5649 552 5679 θ’
588 5649 758 5705 Eccli.
811 5668 980 5716 xxvn,
1019 5652 1104 5706 12.
1210 5656 1254 5687 ³³
1282 5654 1428 5710 Psal.
1473 5670 1622 5716 ικχι,
1655 5655 1708 5707 7.
1818 5657 1863 5690 ³³
1897 5657 1999 5713 Psa

2105 5673 2254 5716 .xvn.
2279 5656 2366 5710 9.2.
2472 5657 2515 5688 "
2547 5653 2693 5710 Psal.
2747 5655 2939 5716 Lxxin,
2980 5650 3065 5706 Η.
3179 5646 3226 5680 ⁸⁸
3255 5643 3398 5700 Psal.
3427 5652 3590 5699 xxvn,
3621 5633 3666 5688 5.

2472 5657 2515 5688 "
2547 5653 2693 5710 Psal.
2747 5655 2939 5716 Lxxin,
2980 5650 3065 5706 Η.

432 5722 473 5752 θ’
504 5718 648 5773 l’sal.
692 5736 767 5788 Ix,
794 5721 847 5776 6.

1210 5656 1254 5687 ⁸³
1282 5654 1428 5710 Psal.
1473 5670 1622 5722 mu,
1655 5655 1708 5707 7.
1818 5657 1863 5690 9‘
1897 5657 2042 5713 Psal.
2085 5673 2254 5724 vau,
2279 5656 2366 5710 9.2.
