3956 6410
329 313 460 382 ίθΠ
1484 317 2032 380 COMMENTARII
2061 316 2148 378 IN
2177 317 2439 379 JOSUE.
3454 309 3589 373 1018

316 442 559 496 namque
593 439 726 496 opes
755 425 930 483 libido
972 427 1358 499 consequitur,
1395 431 1626 499 gloriam
1663 444 1794 485 vero
1829 428 2002 483 animi
2031 428 2200 482 elatio
2251 443 2347 483 seu
2381 426 2680 498 despectio,
2713 424 3013 495 putentiam
3070 422 3319 487 ambitio,
3378 426 3597 492 sapien-

320 519 454 570 tiam
483 528 647 586 porro
689 514 932 572 fucatam
973 516 1292 587 dogmatum
1321 517 1579 572 varietas.
1612 507 2025 583 Quocirca'non
2051 515 2330 570 immerito
2351 515 2558 570 Paulus
2585 533 2598 568 :
2635 533 2654 566 ‹
2693 514 2751 568 Si
2781 513 2906 582 quis
2929 514 3073 566 inter
3095 526 3192 566 vos
3219 523 3305 566 est
3350 512 3596 579 sapiens,

316 604 521 661 stultus
574 603 670 659 ﬁat
716 612 776 659 ut
818 605 1019 660 evadat
1048 606 1292 676 sapiens.
1321 603 1605 674 Sapientia
1629 605 1774 659 enim
1827 604 2020 659 mundi
2078 604 2250 673 hujus
2286 604 2525 658 stultitia
2552 617 2739 656 coram
2780 601 2890 656 Deo
2915 609 3000 655 est
3027 600 3094 652 ⁸⁸.
3144 619 3162 650 ι
3191 600 3380 652 Acbau
3410 601 3597 668 itaque

315 707 476 747 secus
499 691 556 748 in
585 693 826 762 seipsum
860 694 990 764 egit,
1013 709 1138 748 cum
1177 693 1489 762 hujusmodi
1520 692 1801 763 quidpiam
1831 708 1940 746 non
1969 708 2037 747 ex
2066 694 2328 748 thesauro
2345 691 2582 753 Domini,
2607 690 2776 762 488
2821 701 3002 745 rerum
3027 706 3094 744 ex
3119 689 3321 743 mundo
3340 689 3502 742 veluti
3527 702 3594 742 ex

315 778 537 834 Jericho
554 780 893 836 abstulisset.
932 782 1108 836 Porro
1136 781 1343 837 furtum
1383 780 1669 851 Scriptura
1719 783 1796 835 ait
1824 785 2007 836 tenuis
2039 795 2105 836 ac
2151 781 2288 834 varii
2340 778 2483 849 sagi,
2531 779 2842 848 chlamydis
2901 778 3030 831 item
3073 779 3368 846 variegalaa
3400 776 3592 830 fuisse.

320 862 504 922 Vestis
534 868 622 921 illa
647 859 907 923 militaris
933 870 1221 923 avaritiam
1273 870 1522 925 denotat.
1571 869 1874 938 Argentum
1915 885 2048 924 vero
2077 871 2304 934 ﬁguram
2359 867 2599 922 sustinet
2635 866 2971 934 splendoris,
3025 879 3196 922 aurea
3237 866 3368 919 item
3407 865 3594 934 lingua

316 955 604 1023 sapientia:
628 956 831 1011 Graecae
861 965 1088 1027 propter
1113 958 1412 1013 verborum
1443 957 1770 1028 dignitatem
1806 964 1861 1011 et
1893 958 2294 1027 praestantiam,
2318 953 2781 1024 signiﬁcationem
2817 953 3001 1006 habet.

385 1047 491 1100 Σὺν
510 1048 660 1120 πάσῃ
693 1050 987 1121 συγγενείᾳ
1013 1051 1108 1110 καὶ
1146 1053 1344 1122 κτήσει
1383 1051 1578 1106 τοῦτον
1604 1051 1902 1121 ἠφάνισαν,

2081 1051 2349 1104 Caeterum
2385 1062 2510 1102 cum
2549 1056 2662 1102 tota
2719 1063 2819 1102 sua
2857 1047 3190 1118 cognatione
3234 1059 3298 1101 ac
3357 1044 3594 1099 fortunis

315 1140 706 1208 ἀναγαγόντες,
732 1142 919 1212 φησὶν,
943 1144 1025 1207 είς
1065 1143 1395 1216 Ἑμεκαχώρ
1415 1160 1428 1176 ⁸
1459 1146 1599 1216 ὅπερ
1632 1144 1904 1208 ἐξέδωκαν

315 1231 615 1288 Θεοδοτίων
646 1233 741 1287 καὶ
772 1234 1094 1304 Σύμμαχος,
1123 1237 1334 1303 κοιλὰς
1390 1237 1597 1307 Ἀχώρ.
1621 1238 1816 1291 Κεῖται
1846 1235 1906 1290 δὲ

316 1324 375 1376 ὲν
399 1323 632 1395 βορείοις
667 1325 950 1397 Ἱεριχοῦς,
976 1329 1056 1390 είς
1080 1327 1163 1381 ἔτι
1197 1328 1294 1382 νῦν
1315 1328 1458 1381 οὕτω
1485 1329 1622 1401 πρὸς
1655 1329 1764 1382 τῶν
1786 1330 1908 1381 ἐπι-

317 1419 537 1490 χωρίων
565 1419 878 1489 λεγόμενον.
913 1417 1096 1492 Ἀχὼρ
1126 1419 1205 1484 δὲ,
1235 1417 1570 1488 διαστροφὴ
1597 1417 1909 1488 ἑρμηνεύε-

315 1529 430 1565 ται.
458 1512 596 1575 Τοὺς
629 1513 686 1564 δὲ
724 1511 1221 1582 διεστραμμένους,
1265 1511 1357 1564 καὶ
1389 1514 1510 1574 ταῖς
1556 1509 1728 1572 θείαις
1760 1512 1908 1562 ἐντο-

317 1602 438 1666 λαῖς
461 1603 891 1672 ἀπειθήσαντας,
921 1604 949 1656 6
971 1601 1259 1665 ἀποδιδοὺς
1283 1601 1502 1670 ἑκάστῳ
1529 1600 1670 1654 κατὰ
1685 1599 1752 1652 τὰ
1771 1599 1912 1670 ἔργα

320 1695 522 1760 αὑτοῦ,
566 1697 662 1750 καὶ
703 1695 896 1750 τούτου
936 1695 1098 1766 χάριν
1144 1694 1479 1765 ἐρχόμενος,
1515 1695 1597 1755 είς
1647 1693 1910 1762 φάραγγα

319 1786 412 1839 τὸν
461 1786 598 1857 ᾅδην
675 1785 930 1856 ἐμϐαλὼν
985 1785 1245 1838 ἀπολέσει
1295 1784 1504 1847 κακῶς.
1542 1784 1676 1847 Θεὸς
1722 1784 1779 1836 δὲ
1815 1781 1911 1836 καὶ

320 1875 498 1946 τιμῶν
527 1876 786 1944 ἀγαθοὺς,
820 1877 916 1929 καὶ
939 1875 1214 1947 πονηροὺς
1237 1874 1484 1945 τιμωροῦ
1496 1891 1674 1943 μενος,
1707 1873 1774 1925 δι’
1799 1873 1911 1942 ἀμ-

322 1970 446 2037 φοῖν
465 1968 595 2030 τοὺς
630 1967 956 2038 ἀνθρώπους
1008 1967 1404 2036 προτρέπεται.
1451 1967 1593 2028 Τοὺς
1638 1965 1694 2018 δὲ
1737 1981 1911 2034 προσ-

324 2059 560 2128 ήκοντας
589 2059 766 2131 Ἀχαρ
793 2059 868 2122 ὡς
889 2059 1202 2123 συνειδότας
1237 2058 1511 2112 ἀπώλεσε.
1557 2055 1664 2110 Τοῦ
1692 2057 1748 2109 δὲ
1776 2053 1913 2109 Θεοῦ

215 2168 224 2173 ·
325 2151 734 2221 κατακαυθῆναι
787 2152 1235 2221 προστάξαντος,
1295 2151 1645 2212 λιθόλευστος
1701 2149 1912 2217 γίνεται

323 2240 412 2293 διὰ
439 2242 675 2311 σφοδράν
714 2243 890 2311 ὁρμὴν
934 2242 1031 2295 τοῦ
1078 2241 1234 2306 λαοῦ,
1273 2243 1348 2312 μὴ
1382 2243 1779 2310 ἀναμείναντος
1819 2239 1912 2293 τοῦ

327 2331 558 2387 θανάτου
605 2334 697 2386 τὸν
729 2335 934 2404 τρόπον
989 2333 1205 2404 μαθεῖν,
1264 2334 1580 2396 δεικνύντος
1631 2333 1914 2404 ἀλλότριον

329 2425 518 2478 ἑαυτὸν
550 2424 642 2478 τοῦ
675 2425 1173 2494 πλημμελήματος.
1213 2425 1355 2478 Ἀλλ’
1401 2428 1430 2478 ό
1474 2426 1571 2495 μὲν
1617 2425 1804 2478 δίδωσι
1835 2423 1914 2475 δί-
1948 2411 1990 2466 Β

331 2533 454 2579 κην,
488 2518 520 2580 ἡ
563 2516 620 2568 δὲ
675 2518 968 2588 συναγωγὴ
1013 2518 1151 2586 πρὸς
1195 2517 1480 2570 εὐσέϐειαν
1529 2515 1914 2586 ἀσφαλεστέρα

331 2605 674 2668 καθίσταται,
697 2607 1008 2678 φοϐουμένη
1039 2609 1138 2678 τὴν
1168 2608 1496 2679 ἱεροσυλίαν,
1523 2607 1598 2670 ὡς
1620 2607 1718 2678 τὴν
1744 2603 1915 2680 ἦτταν

328 2700 686 2767 γεννήσασαν.
714 2698 862 2770 Αὕτη
897 2699 955 2750 δὲ
981 2701 1093 2761 τοῖς
1135 2699 1236 2768 μὲν
1260 2699 1544 2769 πολεμίοις
1575 2698 1729 2752 οὐδὲν
1771 2699 1915 2769 μέγα

329 2791 704 2862 παρέσχηκεν,
728 2791 928 2863 ἄνδρας
962 2793 1006 2845 λ’
1029 2792 1125 2846 καὶ
1155 2791 1235 2858 ἒξ,
1266 2791 1363 2845 καὶ⁵
1393 2793 1752 2845 ἀποκτείνασι
1782 2792 1916 2846 πάν-

326 2899 435 2946 τως
460 2883 586 2946 τοὺς
625 2884 682 2936 έν
713 2883 1013 2953 ἁμαρτίαις
1045 2883 1294 2954 χείρονας
1320 2923 1335 2946 .
1368 2884 1516 2936 ἰδίων
1555 2883 1916 2953 πταισμάτων

325 2971 630 3043 ὑπέχοντας
655 2976 713 3026 έν
735 2973 914 3045 καιρῷ
939 2974 1230 3045 τιμωρίαν,
1256 2974 1316 3026 οὗ
1340 2975 1790 3044 παραδεδωκότος
1814 2975 1915 3027 αὐ-

323 3065 453 3128 τοὺς
482 3065 576 3118 τοῦ
608 3065 767 3129 Θεοῦ,
801 3065 875 3136 μὴ
913 3065 1164 3135 συνήθως
1186 3065 1243 3118 δὲ
1275 3065 1652 3136 βοηθήσαντος
1674 3066 1739 3119 δι’
1767 3069 1916 3118 οἰκο-

323 3156 545 3227 νομίαν.
595 3155 738 3210 Ἀλλ’
765 3157 888 3210 οὐδὲ
927 3158 1152 3226 παρεῖδε
1187 3157 1492 3220 παντελῶς.
1529 3152 1607 3210 1'H
1652 3158 1764 3228 (57)
1805 3158 1915 3229 γὰρ

324 3246 394 3300 ἂν
427 3247 487 3300 οὑ
547 3246 796 3300 τοσοῦτοι
834 3245 998 3316 μόνον
1031 3244 1334 3300 ἀπώλοντο.
1367 3247 1478 3300 Καὶ
1515 3245 1686 3315 ἄλογα
1726 3246 1784 3300 δὲ
1818 3248 1916 3301 σὺν

322 3339 556 3410 ἀψύχοις
578 3339 865 3409 ἠφάνιστο,
891 3339 967 3402 ὼς
998 3338 1330 3409 μολυνθέντα
1372 3339 1448 3409 τῷ
1490 3339 1794 3410 κλέμματι,
1823 3340 1917 3392 καὶ

326 3430 556 3500 μηδενὸς
582 3429 764 3483 αὐτῶν
815 3430 1068 3500 μετέχειν
1110 3429 1457 3496 ὀφείλοντος,
1512 3429 1607 3482 τοῦ
1653 3430 1753 3500 τῆς
1785 3432 1916 3483 ἀσε-

321 3521 481 3579 ϐείας
530 3522 796 3591 μεγέθους
852 3521 996 3574 οὕτω
1051 3521 1254 3592 μᾶλλον
1298 3521 1750 3590 ἐμφανισθέντος.
1809 3523 1916 3575 Καὶ

327 3613 532 3683 μᾶλλον
563 3610 631 3667 αὖ
670 3614 1020 3684 ἐφοϐήθησαν
1050 3613 1289 3682 ὁρῶντες
1318 3613 1413 3666 τοῦ
1448 3613 1586 3666 Θεοῦ
1616 3613 1717 3682 τὴν
1747 3612 1916 3684 ὀργὴν

321 3707 424 3759 καὶ
453 3705 616 3776 μέχρι
636 3705 840 3759 τούτων
869 3706 1223 3775 χωρήσασαν.
1256 3704 1421 3759 Ἀλλά
1445 3706 1541 3760 καὶ
1567 3705 1677 3758 τῶν
1706 3706 1916 3774 Ἰεριχὼ

324 3796 545 3849 πάντων
574 3795 948 3849 ἀνατεθέντων
981 3788 1124 3864 Θεῷ,
1155 3795 1274 3857 πῶς
1305 3794 1456 3864 αὐτῷ
1487 3795 1558 3848 τὰ
1606 3794 1783 3864 κλοπῇ
1816 3809 1915 3862 μο-

322 3887 590 3941 λυνθέντα
620 3888 994 3959 παρέσχοντο;
1020 3887 1117 3939 καὶ
1143 3884 1336 3954 ἕτερον
1362 3885 1419 3938 δὲ
1450 3885 1617 3938 πάλιν
1649 3884 1920 3954 ᾠκονόμει

322 3979 416 4032 διὰ.
437 3978 644 4030 τούτων
701 3977 856 4041 Θεός.
914 3975 1294 4032 Πεπτωκότων
1346 3975 1457 4046 γὰρ
1507 3975 1619 4027 τῶν
1661 3973 1921 4046 Ἱεριχοῦς

259 4086 267 4093 ’
324 4072 653 4140 αὐτομάτως
681 4071 958 4142 τειχῶν,ἣ
987 4071 1188 4133 πάντες
1212 4071 1260 4122 οί
1297 4069 1673 4138 Παλαιστίνην
1705 4067 1920 4121 οἰκοῦν-

325 4179 420 4225 τες
441 4163 636 4232 τειχῶν
661 4163 792 4216 εἴσω
815 4163 1125 4232 παρέμενον
1171 4160 1347 4213 ταῦτα
1388 4160 1582 4213 παθεῖν
1617 4160 1920 4230 προσδοκή-

331 4273 549 4319 σαντες,
587 4256 684 4308 καὶ
732 4250 801 4324 ἦν
845 4253 1032 4308 λοιπὸν
1064 4253 1299 4323 ὀχληρόν
1327 4269 1387 4305 τε
1422 4253 1514 4305 καὶ
1570 4252 1921 4322 πολυχρόνιον

330 4349 540 4420 ἑκάστῃ
570 4349 724 4401 πόλει
755 4347 846 4400 τὸν
883 4348 1048 4400 αὐτὸν
1075 4345 1395 4414 εἰσάγεσθαι
1443 4343 1647 4414 τρόπον
1671 4359 1686 4372 ·
1713 4345 1746 4415 ἢ
1784 4344 1920 4414 πρὸς

331 4441 570 4494 ἱκετείαν
603 4438 926 4510 χωρούντων
950 4439 1044 4491 ἐπὶ
1067 4438 1145 4509 τῷ
1172 4437 1414 4507 σωθῆναι
1433 4453 1448 4468 ο
1467 4436 1820 4499 δουλεύοντας
1847 4437 1922 4500 ὡς

328 4534 378 4585 οἱ
405 4530 769 4594 Γαϐαωνῖται,
799 4531 922 4593 δέος
947 4526 1015 4601 ἦν
1036 4531 1102 4582 ὲκ
1127 4529 1221 4582 τοῦ
1255 4531 1530 4582 συνοικεῖν
1555 4528 1921 4598 μεταδοθῆναι

329 4623 432 4693 τῆς
465 4622 646 4676 αὐτῶν
678 4621 935 4685 ἀσεϐείας
967 4621 1045 4691 τῷ
1097 4621 1213 4691 λαῷ
1251 4621 1345 4674 τοῦ
1377 4619 1538 4675 Θεοῦ.
1584 4621 1678 4684 El;
1711 4622 1777 4692 ἢν
1826 4621 1923 4673 καὶ

334 4716 563 4788 μηδενὸς
589 4716 930 4779 ἀπατῶντος,
951 4715 1301 4768 ὠλίσθαινον.
1343 4713 1458 4766 Νῦν
1492 4713 1550 4767 δὲ
1595 4713 1683 4766 διὰ
1704 4714 1806 4784 τὴν
1827 4707 1924 4784 ἦτ-

330 4828 431 4863 ταν
461 4809 842 4880 θαρρήσαντες
870 4809 919 4860 οί
953 4807 1268 4876 ἀλλόφυλοι,
1303 4805 1446 4876 τύχῃ
1474 4806 1583 4858 τινὶ
1610 4805 1706 4859 καὶ
1735 4804 1922 4875 ψεύδει

329 4900 401 4954 τὰ
429 4900 693 4969 γεγονότα
723 4899 1080 4970 παρέχοντες,
1117 4898 1215 4951 καὶ
1251 4896 1530 4968 πανδημεὶ
1559 4895 1747 4949 λοιπὸν
1783 4913 1922 4950 παν-

329 4991 559 5062 ταχόθεν
587 4989 824 5056 ἐξιόντες
855 4989 1157 5054 ἀπώλοντο,
1175 4987 1388 5060 μακροῦ
1413 4987 1655 5056 πολέμου
1684 4989 1784 5041 καὶ
1805 5004 1923 5058 τρι-

2007 1140 2266 1196 omnibus
2307 1154 2374 1194 ex
2416 1138 2699 1192 hominum
2731 1139 2998 1192 memoria
3047 1153 3172 1192 eum
3224 1135 3589 1200 sustuierunt,

2009 1232 2331 1294 abductum,
2387 1238 2448 1284 ut
2497 1230 2678 1284 littera
2725 1228 2910 1294 habet,
2961 1229 3015 1281 in
3067 1229 3391 1294 Emccabor,
3443 1224 3592 1297 quod

2009 1322 2350 1377 Theodotion
2382 1328 2435 1375 et
2457 1318 2848 1390 Symmachus,
2875 1335 3128 1373 cavernas
3163 1318 3362 1382 Achar,
3404 1317 3594 1372 reddi-

2009 1414 2230 1470 derunt.
2259 1411 2414 1468 Situs
2443 1428 2575 1468 vero
2599 1413 2754 1466 locus
2796 1421 2881 1467 est
2921 1425 2952 1464 a
2987 1412 3403 1482 septentrionali
3438 1417 3594 1480 parte

2009 1506 2184 1576 ipsius
2237 1491 2494 1560 Jericho.
2529 1505 2630 1570 Qui
2675 1505 2976 1559 etiamnum
3006 1504 3072 1557 ad
3099 1504 3306 1558 incolas
3338 1503 3443 1557 hoc
3491 1517 3594 1556 no-

2010 1600 2178 1655 minis
2209 1599 2444 1653 obtinet.
2482 1596 2638 1651 Licet
2672 1612 2801 1651 vero
2829 1597 3012 1649 Achor
3055 1597 3468 1664 perversitatem
3507 1595 3593 1648 in-

2014 1691 2325 1763 terpretari.
2354 1689 2489 1744 Nam
2523 1703 2833 1759 perversos,
2867 1703 2932 1742 ac
2963 1687 3346 1740 mandatorum
3378 1685 3595 1739 divino-

2011 1800 2133 1840 rum
2165 1784 2544 1847 insidiatores,
2570 1782 2616 1836 is
2641 1783 2732 1851 qui
2758 1780 3057 1853 unicuique
3081 1779 3259 1834 reddit
3291 1778 3596 1833 secundum

2013 1894 2179 1949 opera
2215 1893 2340 1942 sua,
2369 1876 2463 1947 qui
2500 1890 2620 1930 eam
2655 1890 2874 1944 quoque
2924 1875 2998 1929 ob
3055 1888 3279 1928 causam
3333 1873 3388 1926 in
3420 1881 3598 1926 terras

2015 1967 2252 2032 redibit,
2315 1967 2372 2020 in
2427 1964 2856 2035 profunditatem
2908 1964 3264 2018 tenebrarum
3319 1963 3598 2030 proiectos

2015 2061 2158 2114 male
2199 2040 2408 2128 perdet.
2457 2056 2732 2112 Caeterum
2787 2055 2931 2110 Deus
2960 2057 3054 2124 qui
3089 2055 3290 2123 probos
3321 2054 3374 2107 in
3420 2054 3598 2122 pretio

2016 2153 2216 2218 habet,
2255 2150 2537 2220 improbos
2588 2164 2722 2204 vero
2776 2149 2958 2218 punit,
3003 2148 3290 2201 amborum
3347 2147 3599 2216 exemplo

2017 2241 2269 2295 homines
2309 2241 2375 2294 ad
2421 2247 2572 2293 recte
2624 2238 2896 2308 agendum
2945 2235 3198 2304 impellit.
3253 2236 3426 2288 Simul
3467 2251 3597 2290 vero

2017 2350 2142 2389 cum
2176 2334 2366 2388 Achan
2394 2333 2742 2403 propinquos
2774 2331 2953 2399 ipsius
2994 2329 3258 2398 perdidit,
3287 2329 3431 2397 quod
3469 2327 3599 2382 faci-

2018 2425 2169 2479 noris
2214 2424 2388 2491 ipsius
2426 2422 2634 2476 conscii
2688 2421 2946 2475 fuissent.
2987 2421 3056 2472 At
3094 2435 3217 2474 cum
3267 2418 3410 2473 Deus
3444 2422 3598 2472 llam-

2017 2532 2163 2571 mam
2191 2516 2408 2571 absumi
2438 2515 2817 2585 praecepisset,
2865 2512 3140 2582 lapidibus
3179 2512 3456 2564 obruitur.
3490 2509 3596 2564 Po-

2018 2610 2180 2679 pulus
2207 2608 2350 2663 enim
2379 2614 2600 2677 propter
2629 2605 2941 2660 aﬂ‘ectionis
2971 2605 3370 2658 vehementiam
3402 2602 3598 2658 mortis

2017 2717 2191 2772 genus
2221 2714 2557 2770 cognoscere
2578 2714 2687 2753 non
2720 2698 3008 2762 sustinuit,
3051 2711 3219 2764 seque
3249 2697 3319 2750 ab
3343 2696 3444 2750 lfoc
3466 2695 3603 2750 deli-

2017 2804 2106 2850 cto
2143 2795 2382 2848 alienum
2437 2807 2604 2856 esse,
2666 2801 2752 2846 est
2801 2798 3062 2844 testalus.
3111 2790 3603 2844 Verumenimvero

2019 2886 2137 2956 ipse
2165 2886 2387 2954 quidem
2427 2900 2616 2952 ptenas
2656 2885 2772 2946 dat,
2803 2893 2983 2938 cmtus
3011 2897 3142 2938 vero
3172 2882 3359 2951 populi
3391 2881 3456 2934 ad
3483 2881 3602 2950 pie-

2019 2987 2186 3032 tatem
2221 2978 2466 3033 redditur
2504 2977 2852 3039 instructior,
2886 2977 3146 3030 cautione
3175 2974 3449 3044 sacrilegii
3483 2983 3604 3027 tan-

2019 3085 2183 3140 quam
2214 3071 2291 3124 rei
2330 3067 2600 3138 pestilera:
2626 3069 2705 3124 eis
2731 3069 3019 3123 subeunte.
3069 3066 3328 3120 Hostibus
3359 3080 3488 3119 vero
3516 3065 3604 3118 in-

2020 3161 2179 3214 terim
2210 3176 2319 3214 non
2358 3161 2588 3213 multum
2640 3159 2780 3214 lucri
2817 3159 3024 3224 attulit,
3062 3159 3286 3228 triginta
3320 3173 3415 3211 sex
3467 3156 3602 3211 viris

2018 3253 2219 3308 occisis
2246 3252 2392 3316 licet,
2425 3252 2519 3321 qui
2549 3255 2810 3321 quoniam
2847 3251 2987 3306 forte
3018 3251 3322 3305 deteriores
3355 3249 3444 3302 alii
3486 3248 3606 3302 fue-

2017 3355 2164 3409 rant,
2185 3349 2498 3414 Opp'ortuue
2525 3359 2754 3400 suorum
2789 3345 3114 3400 delictorum
3141 3343 3360 3396 luerunt
3394 3339 3606 3410 suppli-

2019 3439 2186 3492 cium.
2212 3437 2401 3506 Itaque
2430 3439 2684 3506 quamvis
2711 3436 2851 3491 Deus
2879 3435 3098 3504 quidem
3125 3437 3277 3502 ipsos
3309 3448 3416 3488 non
3455 3433 3608 3486 abdi-

2019 3528 2180 3591 carit,
2208 3542 2303 3581 seu
2335 3527 2387 3580 in
2419 3527 2724 3595 periculum
2761 3527 2957 3580 mortis
2981 3524 3298 3592 conjeceril,
3335 3531 3489 3576 certo
3523 3531 3606 3574 ta-

2020 3633 2144 3672 men
2175 3619 2413 3673 consilio
2448 3628 2774 3672 consuetum
2818 3618 2900 3672 eis
2959 3618 3229 3670 auxilium
3293 3616 3606 3684 denegavit,
3650 3620 3652 3622 ’

2020 3724 2153 3763 cura
2183 3725 2290 3763 non
2342 3711 2490 3764 omni
2523 3725 2714 3764 eorum
2766 3709 3008 3783 abjecta;
3059 3707 3264 3776 alioqui
3299 3709 3444 3760 enim
3495 3721 3607 3759 non

2025 3811 2130 3854 tam
2167 3817 2338 3870 parvo
2375 3801 2674 3871 periissent
2734 3802 2910 3856 solum
2972 3815 3226 3854 numero.
3262 3799 3434 3853 Porro
3479 3813 3610 3852 vero

2007 3892 2179 3946 .bruta
2209 3908 2430 3962 quoque
2465 3908 2590 3947 cum
2628 3893 2951 3947 inanimatis
2977 3902 3106 3948 sunt
3138 3891 3339 3953 deleta,
3371 3905 3436 3945 eo
3461 3889 3610 3959 quod

2024 3985 2171 4038 furto
2217 3987 2338 4053 ipsa
2393 4001 2615 4053 quoque
2669 3985 2784 4039 sint
2837 3987 3069 4054 polluta,
3113 3991 3167 4038 et
3214 3983 3358 4052 quod
3397 3984 3610 4035 nullum

2023 4091 2213 4131 eorum
2251 4076 2527 4145 particeps
2559 4077 2680 4144 ejus
2715 4091 2837 4131 esse
2871 4076 3149 4141 debuerit,
3201 4075 3443 4144 denique
3484 4089 3613 4129 vero

2023 4176 2082 4221 ut
2106 4167 2409 4236 impietatis
2434 4167 2753 4236 magnitudo
2783 4183 2846 4221 eo
2867 4169 3040 4236 magis
3059 4169 3418 4231 elucesceret,
3443 4167 3613 4222 adeo-

2022 4274 2130 4328 que
2171 4267 2512 4328 spectatores
2553 4262 2628 4315 rei
2673 4262 2806 4313 iram
2854 4260 2972 4323 Dei,
3007 4277 3130 4329 qua:
3167 4263 3234 4314 ad
3291 4276 3355 4313 ea
3393 4275 3613 4328 quoque

2024 4362 2301 4420 serpserat
2342 4353 2722 4407 vehementius
2772 4353 3218 4408 extimescerent.
3268 4353 3430 4420 Atqui
3485 4366 3612 4404 cum

2023 4445 2208 4498 omnia
2239 4446 2380 4499 bona
2409 4443 2635 4500 Jericlto
2686 4445 2798 4500 Deo
2831 4445 2942 4500 sint
2992 4445 3216 4508 donata,
3260 4459 3369 4512 qua
3401 4446 3614 4498 ratione

2023 4549 2087 4588 ea
2130 4552 2352 4606 quoque
2397 4553 2520 4606 quae
2575 4538 2782 4593 furtum
2833 4539 3124 4606 polluerat,
3160 4538 3208 4591 ei
3240 4549 3370 4591 sunt
3395 4537 3615 4590 oblata?

2025 4631 2186 4684 Aliud
2216 4646 2345 4686 vero
2390 4631 2590 4686 iterum
2635 4633 2720 4688 his
2763 4632 3088 4686 instituebat
3126 4632 3304 4697 Deus;
3333 4648 3456 4684 nam
3487 4648 3613 4687 cum

2026 4722 2228 4776 mmuia
2255 4720 2480 4777 Jcricho
2503 4725 2649 4778 ultro
2672 4710 3042 4790 corruissent,
3080 4725 3275 4780 incolae
3313 4724 3617 4781 Palaestinae

2025 4826 2086 4867 se
2114 4812 2201 4867 vel
2236 4813 2381 4866 intra
2428 4813 2632 4868 moenia
2677 4815 3090 4882 continuerunt,
3125 4821 3490 4887 eumdemque
3529 4817 3616 4872 sui

2024 4911 2279 4960 eventum
2324 4915 2739 4975 exspectarunt.
2787 4910 2854 4962 At
2887 4925 3050 4978 quam
3084 4910 3394 4970 molestum.
3428 4909 3616 4964 taedio-

2026 5009 2259 5066 sumque
2309 4995 2490 5052 cuivis
2561 4999 2768 5055 civitati
2829 5001 2980 5056 hunc
3037 5003 3259 5056 modum
3325 5015 3619 5068 capessere

330 5084 437 5153 ϐῆς
468 5083 560 5137 τὸν
603 5081 812 5153 Ἰησοῦν
859 5080 1296 5145 ἀπαλλάξαντες.
1337 5080 1576 5149 Ἔστησε
1625 5079 1734 5150 γὰρ
1771 5079 1915 5151 αὐτῷ

2027 5087 2180 5140 erat?
2208 5091 2318 5143 Aut
2351 5089 2398 5144 si
2423 5091 2705 5160 supplices
2740 5092 2992 5148 servituti
3013 5108 3073 5147 se
3107 5107 3217 5162 quo
3242 5101 3616 5154 servarentur,

331 5175 542 5228 καὶτὸν
563 5174 718 5245 ἥλιον
749 5175 778 5226 6
813 5173 1003 5227 τούτου
1035 5171 1298 5245 ποιητὴς,
1349 5174 1414 5242 τῇ
1459 5171 1587 5244 νίκῃ
1629 5170 1785 5235 τέλος
1810 5171 1918 5224 δω-

331 5265 622 5336 ρούμενος.
654 5266 717 5318 Εἰ
750 5265 933 5317 τοίνυν
960 5264 1072 5335 (58)
1099 5266 1132 5335 ή
1167 5263 1280 5317 τῶν
1322 5263 1521 5332 ὀλίγων
1563 5262 1919 5334 Ἰσραηλιτῶν

332 5353 502 5426 φυγὴ.
525 5353 616 5409 τὸν
642 5354 740 5424 μὲν
760 5353 1037 5425 ίερόσυλον
1060 5355 1158 5408 καί
1184 5354 1313 5418 τοὺς
1333 5353 1643 5418 συνειδότας
1665 5354 1918 5421 ἐκόλασε,

401 5476 422 5507 ⁹
456 5475 469 5527 1
497 5477 624 5532 Cor.
654 5490 740 5544 ιιι,
770 5476 856 5531 18.

2029 5179 2486 5246 obstrinxissent,
2518 5193 2578 5238 ut
2612 5183 2953 5248 Gabaonitm,
2997 5199 3062 5238 ne
3101 5181 3197 5237 Dei
3253 5181 3452 5253 p0pulo
3483 5180 3619 5234 vici-

2029 5268 2198 5329 nitate
2232 5285 2388 5326 suam
2430 5271 2764 5341 impietatem
2795 5275 2849 5328 in
2873 5290 3038 5344 quam
3075 5274 3220 5326 ultro
3265 5271 3619 5326 collabeban-

2030 5367 2119 5414 tur
2148 5366 2667 5434 communicarent,
2724 5375 2843 5424 erat
2900 5368 3226 5437 periculum.
3278 5365 3468 5438 Itaque
3515 5366 3623 5420 ista

1849 5573 2085 5634 ΝΟΤᾸΞ.

411 5663 522 5734 (57)
553 5659 628 5734 ᾜ
659 5664 932 5732 ὀρθόπερ.

414 5733 526 5805 (58)
555 5733 633 5788 Τὰ
655 5735 779 5806 ἑξῆς
811 5735 936 5806 ἄχρι
964 5733 1078 5800 τοῦ,
1105 5734 1379 5802 ἐπέθηκε,
1415 5735 1481 5789 τὰ
1512 5736 1652 5790 αὐτὰ
1679 5739 1788 5800 τοῖς
1829 5736 1921 5791 τοῦ
1963 5738 2344 5807 Μοψουεστῐας
2377 5738 2440 5791 τὰ
2468 5739 2523 5790 ἐν
2568 5737 2678 5792 σελ.
2716 5738 2804 5793 Η.
