3956 6410
388 310 519 376 1021

1509 326 2057 391 CGMMENTARII
2100 332 2182 394 IN
2225 333 2486 399 JOSUE.

3513 337 3658 405 1029,

379 428 552 498 Καὶὴ
608 428 802 503 Γραφὴ
845 434 1138 507 μαρτυρεῖ,
1177 435 1254 501 ὡς
1307 436 1565 492 οὐδέποτε
1604 438 1738 504 Θεδς
1792 439 1970 506 οὕτως

2090 457 2236 513 luam
2266 445 2553 501 hominum
2598 446 2673 502 ita
2700 462 2909 504 morem
2937 447 3182 518 gessisse
3210 446 3404 503 Deum.
3459 447 3660 507 Statuit

380 520 683 596 ἀνθρώπων
725 526 1059 598 ὑπήκουσεν.
1111 529 1386 601 Ἐστησεν
1430 525 1526 584 οῦν
1554 531 1646 585 τὸν
1671 533 1825 604 ἥλιον
1873 532 1970 588 καὶ

379 614 591 688 Ἰησοῦς
613 620 642 672 6
662 619 818 688 ἐμὸς,
850 619 947 674 καὶ
967 622 1064 675 ἐπὶ
1084 621 1186 693 τῆς
1215 620 1520 693 παρουσίας
1543 622 1713 678 αὐτοῦ
1744 624 1968 695 μείζονά

384 727 474 778 μοι
494 711 595 779 τὴν
625 710 842 782 ἡμέραν
881 711 1027 767 κατὰ
1053 710 1166 767 τῶν
1194 712 1470 786 πολεμίοιν
1504 714 1843 785 πεποίηκεν
1881 715 1968 770 ἵνα

2026 598 2033 599 ί
2075 535 2264 606 itaque
2285 545 2340 592 et
2369 553 2527 594 meus
2549 536 2722 595 Josue
2754 540 2951 602 solem,
2976 540 3381 610 praesentiaque
3409 554 3510 596 sua
3540 542 3663 596 lon-
3762 612 3771 621 δ

2076 625 2288 696 giorem
2324 628 2459 682 mihi
2488 628 2633 684 diem
2668 638 2863 686 contra
2892 629 3082 685 hostes
3119 628 3322 697 en‘ecit,
3362 637 3424 684 ut
3466 629 3512 684 si
3556 629 3662 686 sub

2072 716 2242 773 Josue
2270 719 2495 774 militem
2531 720 2717 778 hostes
2745 722 2799 776 in
2841 721 3021 793 fugam
3050 727 3287 778 vertam.

383 803 859 875 στρατηγούμενος
897 804 1006 859 ύπδ
1051 804 1148 858 τοῦ
1201 804 1405 875 Ἰησοῦ,
1464 807 1595 869 τοὺς
1642 803 1975 869 ἀντιπάλους
2012 807 2410 880 τροπώσωμαι.

451 898 559 962 Εἰς
593 896 847 964 Μακηδά
890 897 1092 967 ὑγιής.
1125 897 1316 952 Ἔστιν
1342 896 1481 968 αὕτη
1532 898 1672 967 πρὸς
1702 898 1972 962 ἀνατολὰς

393 988 925 1059 Ἔλευθερουπόλεως
948 990 1056 1044 ἀπὸ
1080 990 1326 1062 σημείων
1350 998 1422 1062 η’.
1450 992 1621 1045 Ἔνθα
1650 991 1970 1045 κατέκλεισε

380 1080 508 1144 τοὺς
538 1087 579 1132 ε’
605 1079 847 1150 βασιλεῖς
874 1081 1114 1151 «Ἰησοῦς,
1157 1083 1330 1138 τύπον
1366 1083 1590 1155 ἔχοντας
1638 1084 1746 1138 τῶν
1774 1083 1972 1154 δαιμό-

381 1190 490 1230 νων
511 1190 525 1203 ·
553 1175 714 1238 οἵπερ
743 1176 893 1246 ἡμᾶς
926 1175 1013 1230 διὰ
1039 1176 1149 1231 τῶν
1178 1183 1219 1231 ε’
1244 1175 1581 1248 πολεμοῦσιν
1636 1178 1971 1249 αἰσθήσεων.

384 1269 519 1339 Περὶ
550 1261 625 1322 ὧν
650 1272 678 1323 6
708 1270 918 1341 Πέτρος
944 1269 1112 1341 φησίν
1138 1287 1152 1301 ο
1205 1289 1223 1322 ι
1258 1270 1324 1325 Et
1368 1271 1480 1342 γὰρ
1501 1272 1530 1324 6
1558 1270 1690 1334 Θεὸς
1720 1270 1970 1339 ἀγγέλων

381 1362 823 1431 ἁμαρτησάντων
857 1363 960 1415 οὐκ
991 1363 1249 1431 ἐφείσατο
1274 1403 1291 1429 ,
1348 1362 1486 1418 ἀλλὰ
1540 1366 1751 1432 σειραῖς
1800 1361 1969 1431 ζόφου

382 1453 765 1524 ταρταρώσας,
816 1454 1138 1525 παρέδωκεν
1187 1457 1270 1520 είς
1302 1454 1487 1526 κρίσιν
1510 1455 1908 1527 τηρουμένους.
1948 1473 1967 1506 ι

384 1544 738 1613 Παρεκάλουν
775 1546 832 1598 δὲ
859 1546 953 1601 τὸν
991 1546 1204 1618 Ἰησοῦν
1230 1547 1290 1602 ἐν
1320 1547 1679 1616 Εὐαγγελίοις
1726 1547 1802 1618 μὴ
1838 1548 1975 1613 ἀπο·

385 1636 594 1689 στεῖλαι
616 1637 814 1702 αὐτοὺς
840 1639 924 1702 είς
948 1639 1050 1710 τὴν
1078 1637 1337 1693 ἄϐυσσον.
1369 1633 1472 1691 Ὧν
1504 1638 1601 1692 καὶ
1625 1640 1740 1701 τοῖς
1765 1639 1972 1709 τραχή-

2148 898 2218 954 In
2256 902 2564 966 speluncam
2591 902 2673 970 {in
2703 899 2950 959 Maceda.
2987 901 3080 976 [Χ,
3119 902 3229 976 16.”Ι
3273 900 3367 958 Est
3404 903 3511 959 sita
3541 908 3659 959 haec

2079 990 2148 1045 ab
2178 991 2394 1046 oriente
2421 991 2862 1063 Eleutheropolis
2886 994 2955 1049 ad
2975 1008 3237 1049 octavum
3267 994 3524 1065 lapidem.
3554 992 3659 1049 Ubi

2077 1083 2354 1139 conclusit
2381 1081 2549 1139 Josue
2582 1100 2740 1155 reges
2767 1087 3034 1156 quinque,
3069 1088 3162 1158 qui
3199 1086 3426 1155 ﬁguram
3454 1088 3658 1140 daemo-

2077 1190 2208 1229 num
2253 1177 2498 1246 quinque
2535 1174 2790 1231 sensibus
2820 1186 2936 1232 inus
2988 1179 3417 1248 oppugnantium
3464 1176 3659 1247 pratl'e-

2076 1275 2224 1322 runt.
2256 1269 2329 1322 De
2354 1268 2556 1338 quibus
2590 1266 2789 1322 Petrus
2818 1268 2995 1339 inquit
3029 1287 3042 1322 :
3084 1289 3101 1320 ι
3139 1268 3275 1324 Nam
3304 1269 3351 1324 si
3384 1268 3529 1325 Deus
3555 1285 3658 1322 an-

2072 1358 2232 1430 gelis,
2266 1359 2360 1428 qui
2414 1367 2784 1428 peccaverant
2829 1374 2937 1412 non
2996 1359 3265 1429 pepercit,
3317 1361 3413 1414 sed
3447 1361 3658 1415 catenis

2075 1448 2331 1517 caliginis
2362 1448 2418 1501 in
2453 1454 2723 1502 tartarum
2758 1445 3139 1517 prrecipitatos
3171 1445 3396 1499 tradidit
3433 1461 3659 1501 servan-

2076 1539 2177 1596 dos
2203 1541 2256 1594 in
2295 1540 2560 1610 judicium
2607 1540 2653 1593 ‘.
2691 1558 2709 1592 ι
2760 1538 2866 1605 Qui
2897 1537 3189 1593 Dominum
3246 1538 3300 1591 in
3348 1536 3658 1607 Evangeliis

2075 1648 2297 1705 quoque
2331 1631 2608 1688 obsecrati
2638 1641 2789 1695 sunt,
2823 1646 2894 1686 ne
2941 1645 3037 1686 eos
3078 1631 3132 1684 in
3171 1629 3428 1701 abyssum
3468 1644 3659 1683 aman-

383 1726 497 1790 λοις
527 1728 838 1783 ἐπιϐαίνειν
863 1730 1143 1801 ἐποίησεν,
1178 1728 1458 1794 ὑποτάξας
1479 1731 1613 1800 ἡμῖν
1644 1729 1829 1792 λαοὺς,
1874 1729 1970 1782 καὶ

2090 1726 2164 1782 let
2186 1727 2225 1780 ³.
2250 1724 2497 1792 Quorum
2523 1724 2685 1779 collis
2710 1724 2873 1778 etiam
2901 1721 3205 1776 insultandi
3234 1720 3446 1790 copiam
3466 1720 3598 1775 fecit
3613 1719 3657 1786 ⁸,

383 1816 513 1890 ἔθνη
547 1820 652 1873 ὑπὸ
666 1820 793 1884 τοὺς
821 1820 993 1885 πόδας
1026 1820 1215 1891 ἡμῶν·
1239 1819 1400 1874 «Ἐπὶ
1422 1818 1626 1873 ἀσπίδα
1641 1820 1738 1872 καὶ
1762 1816 1969 1889 βασιλίο

385 1926 515 1962 σχον
545 1910 808 1982 ὲπιϐήσῃ,
832 1929 852 1962 ι
876 1912 1231 1983 παρεγγυῶν.
1254 1911 1329 1965 Τὸ
1351 1912 1407 1964 δὲ
1439 1911 1644 1983 μηδένα
1669 1910 1870 1982 γρύξαι
1899 1912 1965 1983 τῇ

383 1998 599 2072 γλώττῃ
633 2001 740 2055 τῶν
759 2001 894 2057 υἱῶν
922 2002 1163 2072 Ἰσραὴλ,
1182 2002 1245 2057 τὸ
1273 2003 1349 2075 μὴ
1374 2003 1735 2073 διοιγογγύσαι
1763 2020 1967 2057 παντε-

382 2089 492 2154 λῶς
534 2086 612 2154 ώς
655 2093 751 2145 ἐπὶ
780 2090 953 2164 βλάϐῃ
991 2096 1127 2159 τινὶ,
1161 2093 1304 2146 κατά
1334 2092 1396 2147 τό
1419 2110 1433 2125 ·
1489 2112 1509 2145 ι
1544 2095 1728 2148 Πάντα
1760 2095 1968 2147 ποιεῖτε

381 2184 555 2257 χωρὶς
581 2183 903 2257 γογγυσμοῦ
933 2186 1029 2240 καὶ
1064 2185 1455 2257 διαλογισμῶν.
1494 2204 1513 2238 ι

334 2456 343 2464 ·
453 2446 551 2512 Μὴ
600 2445 874 2514 φοϐῆσθε
922 2445 1039 2518 (59)
1091 2447 1338 2515 αὐτοὺς,
1387 2448 1546 2518 μηδὲ
1599 2448 1965 2519 δειλιάσητε.

385 2536 542 2592 Dii-co)
564 2538 660 2591 καὶ
679 2540 708 2592 6
721 2539 817 2593 τοῦ
845 2540 1221 2611 πνευματικοῦ
1243 2541 1483 2611 πολέμου
1511 2541 1803 2613 ταξίαρχος
1824 2543 1969 2596 Παῦ-

384 2628 496 2692 λος,
533 2648 552 2680 ι
600 2629 707 2683 Τοῦ
746 2629 937 2685 λοιποῦ
959 2671 973 2695 ,
1007 2634 1208 2704 φησιν.
1245 2632 1645 2703 ἐνδυναμοῦσθε
1681 2635 1740 2688 ὲν
1780 2634 1970 2706 Κυρίῳ

384 2717 480 2771 καὶ
510 2720 570 2774 ἐν
602 2720 683 2792 τῷ
707 2721 902 2792 κράτει
932 2724 1034 2794 τῆς
1071 2724 1261 2795 ίσχύος
1306 2724 1473 2779 αὑτοῦ
1495 2741 1509 2757 '
1543 2724 1840 2778 ἐνδύσασθε
1868 2727 1971 2796 τὴν

383 2810 692 2866 πανοπλίαν
719 2814 814 2867 τοῦ
843 2814 1003 2880 Θεοῦ,
1035 2816 1177 2885 πρὸς
1200 2817 1261 2869 τὸ
1287 2814 1553 2870 δύνασθαι
1592 2817 1737 2888 ὑμᾶς
1777 2818 1969 2888 στῆναι

384 2901 522 2969 πρὸς
545 2902 644 2966 τάς
675 2904 957 2973 μεθοδείας
988 2906 1084 2960 τοῦ
1108 2906 1384 2960 διαϐόλουο
1421 2908 1503 2961 ὅτι
1529 2909 1630 2961 οὐκ
1654 2908 1804 2962 ἔστιν
1834 2911 1970 2981 ἡμῖν

382 2990 418 3061 ἡ
452 2990 600 3054 πάλη
621 2993 761 3065 πρὸς
792 2990 934 3065 αἷμα
967 2996 1062 3049 καὶ
1097 2997 1298 3063 σάρκα,
1339 3015 1358 3047 ι
1391 2998 1487 3049 καὶ
1512 2997 1583 3050 τά
1607 2997 1754 3068 ἑξῆς.

457 3079 615 3149 Ἕως
631 3084 919 3155 ἑσπέρας.
947 3088 1243 3142 Τουτέστιν
1267 3087 1374 3150 ἕως
1398 3089 1499 3158 τῆς
1536 3088 1851 3154 συντελείας
1877 3089 1971 3143 τοῦ

384 3174 602 3238 αἰῶνος.
633 3177 760 3241 Τοῖς
810 3178 919 3249 γὰρ
963 3179 1308 3250 ἁμαρτωλοῖς
1345 3180 1443 3248 νύξ
1502 3182 1650 3235 ἐστιν
1680 3183 1711 3236 6
1764 3182 1976 3251 μέλλων

384 3266 540 3321 αἰών.
580 3268 719 3340 Περὶ
758 3263 833 3324 ὧν
869 3274 897 3324 6
939 3273 1227 3344 προφήτης
1270 3273 1413 3344 (ιο),
1451 3291 1470 3326 ι
1502 3273 1619 3328 Ἵνα
1642 3274 1697 3327 τί
1716 3273 1849 3343 ύμῖν
1878 3275 1978 3344 τὴν

385 3360 611 3432 ἡμέραν
637 3363 844 3434 Κυρίου
875 3364 1086 3435 ζητεῖν;
1127 3384 1147 3416 ι
1176 3366 1288 3419 Καὶ
1329 3364 1473 3436 αῦτη
1514 3367 1665 3420 ἐστὶν
1703 3366 1834 3436 ὑμῖν
1856 3365 1973 3431 νὺξ,

386 3453 484 3506 καὶ
505 3453 603 3524 οὐχ
631 3454 836 3525 ἡμέρα.
881 3454 1057 3528 [Ἔφη
1080 3455 1139 3509 δὲ
1178 3456 1316 3526 πρὸς
1364 3456 1657 3520 Ἰουδαίους
1683 3459 1712 3512 6
1739 3454 1974 3529 Κύριοςο

390 3561 412 3594 ι
449 3543 540 3599 Ἐν
573 3545 685 3615 ὅσῳ
713 3546 775 3598 τὺ
823 3546 939 3615 φῶς
987 3546 1165 3616 ἔχετε,
1208 3549 1565 3617 περιπατεῖτε
1596 3550 1655 3600 ὲν
1700 3547 1780 3618 τῷ
1809 3549 1974 3616 φωτὶ,

387 3633 477 3688 ἵνα
507 3635 584 3704 μὴ
622 3639 813 3689 σκοτία
843 3636 991 3707 ὑμᾶς
1030 3637 1340 3711 καταλάϐῃ.
1382 3656 1402 3688 ι
1438 3638 1599 3703 Μετὰ
1622 3636 1680 3690 δὲ
1722 3637 1822 3709 τὴν
1846 3654 1975 3692 συν-

384 3727 604 3783 τέλειαν
638 3730 718 3803 τῷ
738 3731 991 3802 ὲξωτέρῳ
1018 3732 1197 3804 σκότῳ
1216 3730 1763 3805 κατακριθήσονται.]

457 3822 635 3877 Λοϐδά
663 3823 825 3895 κώμη
855 3824 953 3879 νῦν
980 3824 1692 3897 ὲστινἘλευθερουπόλεως
1717 3824 1857 3896 μετά
1878 3824 1978 3896 τὴν

388 3915 594 3971 ἅλωσιν
628 3914 878 3987 ίερατικὴ
905 3915 1197 3988 γενομένη.
1224 3918 1338 3969 Καὶ
1368 3914 1573 3987 Λάχεις
1601 3916 1657 3970 δὲ
1684 3915 1847 3988 κώμη
1876 3917 1977 3989 τῆς

386 4006 562 4075 αὐτῆς
586 4006 814 4071 πόλεως.
842 4009 953 4062 Καὶ
981 4006 1182 4061 πάντα
1205 4007 1274 4061 δὲ
1293 3998 1977 4078 κατεστρέψατο.⁷Ησαν

385 4097 497 4168 γὰρ
526 4096 629 4171 ἥδη
670 4099 1107 4172 πεπληρωμέναι
1150 4100 1261 4154 τῶν
1295 4100 1648 4172 ’Δμορραίων
1691 4102 1747 4155 αἱ
1798 4099 1978 4173 ἀμαρ-

384 4191 519 4247 τίάι.

459 4283 597 4338 Ἀπὸ
622 4283 824 4352 Κάδης
843 4283 1068 4353 Rapit-1i.
1107 4281 1358 4354 Ἔρημός
1380 4285 1495 4337 ἐστι
1519 4285 1584 4355 τῇ
1610 4283 1797 4356 Πέτρᾳ
1820 4283 1975 4338 πόλει

383 4381 483 4449 τῆς
520 4378 784 4450 Ἀραϐίας
815 4378 1227 4450 παρακειμένη.
1261 4378 1434 4432 Ἔνθα
1459 4380 1555 4432 καὶ
1594 4379 1835 4451 Μαριάμ
1867 4380 1977 4433 ὲτε-

383 4469 637 4539 λεύτησε,
669 4469 767 4522 καὶ
797 4467 1038 4537 Μωῦσῆς
1066 4466 1328 4530 διστάσας
1352 4466 1505 4520 παίει
1536 4464 1636 4532 τὴν
1665 4466 1900 4536 πέτραν.

458 4561 673 4634 Μερὼμ
699 4561 756 4616 δὲ
785 4562 952 4633 κώμη
985 4560 1265 4630 Σεύάστης
1293 4560 1576 4631 ἀπέχουσα
1611 4559 1860 4631 σημείοις
1884 4559 1975 4630 ιβ’.

458 4737 910 4809 Παραγγέλλεται
949 4737 1059 4793 τῶν
1105 4735 1519 4793 ὲπισυστάντων
1560 4737 1626 4790 ὲκ
1656 4734 1831 4809 βορρᾶ
1856 4753 1981 4790 vsu-

2069 1817 2161 1889 qui
2192 1816 2423 1889 pedibus
2449 1813 2657 1870 nostris
2697 1815 2930 1883 populos
2964 1818 3018 1865 et
3048 1819 3236 1882 gentes
3270 1807 3585 1878 subiugavit
3611 1806 3660 1871 ⁸,

2069 1911 2162 1982 qui
2188 1908 2427 1979 denique
2456 1915 2635 1961 tutum
2668 1920 2915 1975 gressum
2953 1918 3119 1973 super
3153 1901 3346 1969 aspide
3377 1907 3431 1953 et
3469 1898 3663 1954 basili-

2070 2015 2166 2056 sco
2190 1997 2441 2069 promisit
2463 1996 2507 2050 ⁸.
2543 1994 2697 2061 Quod
2737 2008 2871 2047 vero
2895 2006 3058 2046 netno
3088 2005 3156 2045 ne
3183 1989 3405 2044 mutivit
3432 1989 3659 2057 quidem

2068 2090 2253 2161 lingua
2285 2096 2480 2143 contra
2523 2086 2665 2142 lilios
2695 2084 2888 2148 Israel,
2924 2081 3245 2153 patientiam
3285 2095 3405 2135 eam
3447 2094 3555 2149 qua
3593 2093 3663 2132 ne

2070 2195 2354 2237 murmure
2380 2178 2564 2250 aliquo
2589 2177 2655 2232 de
2679 2175 2880 2231 damno
2910 2177 3020 2230 sint
3064 2171 3353 2241 conquesti
3378 2212 3392 2236 ,
3431 2170 3658 2234 indicat,

2069 2277 2221 2348 juxta
2251 2275 2424 2329 illud:
2463 2290 2482 2324 ι
2524 2271 2722 2327 Omnia
2775 2269 2942 2324 facite
2981 2266 3121 2321 citra
3156 2262 3661 2319 murmurationem

2068 2361 2123 2425 et
2154 2367 2541 2422 contentiones
2565 2365 2607 2417 ⁷.
2635 2383 2654 2417 ι

2142 2458 2266 2514 Non
2291 2458 2523 2512 timeatis
2545 2471 2670 2519 'eos,
2700 2472 2793 2509 nec
2818 2453 3196 2524 reformidatis.
3242 2448 3383 2523 [25.]
3428 2449 3503 2502 Ita
3532 2447 3660 2502 belli

2072 2551 2378 2624 spiritualis
2406 2536 2515 2605 dux
2546 2547 2750 2603 Paulus
2777 2563 2997 2617 quoque
3026 2547 3138 2601 ait:
3176 2543 3362 2611 «Quod
3388 2547 3661 2609 superest,

2072 2641 2275 2696 fratres
2304 2639 2432 2703 mei,
2469 2636 2595 2692 sitis
2633 2636 2810 2693 fortes
2846 2653 2940 2706 per
2968 2635 3284 2702 Dominum,
3318 2646 3525 2704 perque
3573 2644 3671 2699 po-

2071 2733 2301 2787 tentiam
2334 2731 2549 2787 roboris
2601 2730 2771 2785 illius.
2830 2727 3047 2783 induite
3104 2736 3273 2783 totam
3323 2734 3663 2780 armaturam

2074 2821 2191 2887 Dei,
2213 2829 2271 2876 ut
2290 2820 2518 2892 possitis
2548 2826 2701 2873 stare.
2722 2818 2988 2872 adversus
3011 2815 3244 2871 insidias
3272 2812 3500 2868 diaboli.
3518 2810 3669 2878 Quo-

2072 2914 2220 2967 niam
2265 2927 2376 2966 non
2424 2917 2508 2966 est
2562 2909 2724 2964 nobis
2754 2911 2912 2963 lucta
2950 2909 3216 2963 adversus
3261 2899 3586 2975 sanguinem
3611 2908 3665 2958 et

2074 3019 2296 3073 carnem
2337 3005 2383 3070 ⁸,
2423 3022 2441 3055 ι
2481 3009 2691 3072 ct-qua:
2712 3002 2995 3069 deinceps.

2152 3093 2326 3166 Usque
2354 3095 2424 3148 ad
2453 3109 2744 3179 uesperam.
2774 3090 2917 3164 [‘26.]
2955 3089 3070 3145 Hoc
3106 3100 3393 3159 estusque
3422 3086 3489 3142 ad
3528 3100 3666 3142 cou-

2077 3187 2504 3244 summationem
2532 3186 2745 3240 mundi.
2777 3180 3171 3241 Peccatoribus
3217 3183 3363 3238 enim
3418 3181 3664 3235 futurum

2079 3282 2341 3337 sarculum
2375 3295 2482 3336 nox
2510 3287 2617 3342 est,
2647 3276 3113 3350 quemadmodum
3152 3276 3416 3346 prepheta
3451 3274 3664 3343 inquit:

2084 3393 2103 3427 ι
2134 3373 2247 3430 Cur
2268 3374 2425 3428 vobis
2462 3373 2605 3429 diem
2642 3372 2935 3426 Domini’.
2977 3389 2995 3422 ι
3036 3370 3167 3423 Item
3223 3369 3339 3421 haec
3387 3373 3471 3420 est
3508 3364 3666 3420 vobis

2078 3480 2209 3530 nox,
2241 3480 2342 3521 nec
2390 3464 2529 3518 dies.
2582 3464 2769 3532 lnquit
2800 3464 2929 3516 item
2964 3459 3034 3514 ad
3079 3457 3301 3514 Iudaeos
3351 3457 3662 3512 Dominus:

2083 3575 2104 3610 ι
2135 3555 2443 3613 Versamini
2475 3556 2531 3610 in
2564 3554 2687 3609 luce
2732 3569 2801 3607 ne
2854 3567 2952 3606 vos
2991 3551 3235 3605 tenebrae
3258 3549 3500 3602 obruant
3532 3548 3600 3601 ⁸ο.
3642 3565 3662 3599 ι

2077 3648 2208 3705 Post
2256 3630 2420 3702 ﬁnem
2459 3648 2697 3718 denique
2731 3644 3101 3701 exterioribus
3145 3640 3390 3696 tenebris
3408 3634 3668 3694 condem-

2077 3741 2378 3796 nabuntur.

2154 3830 2222 3885 Et
2242 3829 2419 3885 Luda.
2456 3827 2594 3902 [30.]
2626 3814 2794 3885 Vicus
2814 3829 2922 3883 hoc
2951 3835 3202 3897 tempore
3230 3830 3315 3879 est
3348 3820 3671 3877 Eleuthero-

2077 3925 2243 3995 polis,
2276 3931 2403 3994 post
2430 3921 2805 3993 captivitatem
2842 3920 3231 3977 sacerdotibus
3254 3917 3443 3973 cessit.
3467 3913 3668 3970 Lacbis

2078 4030 2213 4071 vero
2247 4014 2404 4069 vicus
2438 4021 2524 4069 est
2567 4012 2811 4081 ejusdem
2854 4012 3030 4067 urbis.
3070 4008 3267 4065 Omnia
3296 4022 3461 4077 porro
3516 4003 3673 4058 sube-

2076 4108 2168 4179 git.
2200 4105 2743 4181 [40].Exuberabaut
2772 4104 2919 4160 enim
2947 4102 3397 4158 Amorrhaeorum
3424 4107 3669 4169 peccata.

2149 4285 2192 4339 Α
2221 4282 2395 4338 Gades
2429 4281 2663 4343 Barnea,
2684 4289 2795 4338 etc.
2824 4280 3110 4335 Desertum
3139 4285 3224 4333 est
3252 4277 3429 4331 Petrae
3459 4275 3675 4329 Arabiae

2080 4377 2202 4431 urbi
2243 4375 2513 4439 vicinum,
2548 4374 2643 4427 ubi
2687 4372 2858 4426 Maria
2891 4373 3002 4425 vita
3031 4369 3293 4425 defuncta
3332 4376 3436 4434 est,
3463 4380 3530 4420 ac
3555 4365 3677 4420 M0.

2082 4481 2174 4524 ses
2198 4467 2472 4521 seditione
2510 4465 2707 4520 oborta
2741 4473 2953 4535 petram
2996 4462 3255 4533 perculit.

2155 4557 2335 4613 Porro
2365 4557 2571 4612 Merom
2590 4558 2747 4612 vicus
2776 4565 2861 4610 est
2883 4554 3150 4617 Sebastaa,
3178 4552 3246 4606 ab
3274 4563 3339 4606 ea
3367 4546 3437 4604 ad
3463 4545 3676 4602 duode-
3701 4617 3711 4633 ‘

2086 4649 2292 4705 cimum
2325 4650 2563 4721 lapidem
2603 4650 2853 4704 dissitus.

2161 4740 2455 4797 Mandatur
2484 4756 2617 4797 vero
2665 4739 2855 4807 Josue,
2916 4745 2978 4794 ut
3018 4751 3212 4793 eorum
3258 4734 3351 4806 qui
3393 4749 3423 4787 a
3456 4740 3677 4800 septen-

386 4831 700 4904 ροκοπῆσαι
724 4830 854 4895 τοὺς
894 4829 1119 4892 ἵππους.
1147 4845 1166 4878 ι
1196 4826 1272 4881 Οὐ
1305 4827 1418 4897 γὰρ
1451 4825 1749 4897 πληθυνεῖς
1772 4826 1971 4898 σεαυτίξ

2090 4834 2266 4891 trioue
2321 4850 2430 4890 una
2484 4835 2933 4897 insurrexerant,
2990 4832 3152 4903 equis
3207 4844 3407 4885 nervos
3449 4824 3676 4881 incidat.

389 4929 578 4989 ἵππον,
610 4929 639 4980 6
665 4925 830 4995 νόμος
873 4923 1033 4994 φησὶ,
1069 4940 1089 4975 ι
1111 4922 1209 4975 καὶ
1237 4921 1307 4975 τὰ
1336 4920 1564 4993 ἅρματα
1604 4919 1981 4986 κατακαῦσαι,

385 5016 464 5080 ώς
487 4998 676 5071 καὶχτὰ
697 5015 806 5070 τῶν
838 5012 1159 5083 Αἰγυπτίων
1190 5011 1417 5081 γέγονεν
1446 5010 1779 5082 ὑποϐρύχια.

457 5195 731 5264 Νικήσας
762 5193 1010 5258 ἐδίωξεν
1051 5191 1165 5258 ἕως
1194 5188 1736 5259 Μαστρεφωθμαΐν.
1791 5178 2001 5262 Ὅπερ

2086 4924 2222 4982 Nam
2276 4924 2389 4993 lex,
2449 4943 2468 4978 ι
2508 4925 2627 4979 Non
2664 4923 3061 4994 multiplicabis
3092 4921 3190 4976 tibi
3221 4933 3395 4989 equos
3418 4918 3461 4950 ἰ
3488 4957 3504 4981 ,
3545 4934 3564 4967 ι
3595 4914 3677 4967 in-

2080 5017 2223 5088 quit.
2248 5016 2477 5073 .Currus
2518 5018 2650 5073 item
2679 5016 2990 5081 comburat,
3017 5008 3478 5084 quemadmodum
3508 5005 3668 5076 Atlgy-

2080 5108 2327 5179 ptiorum
2359 5120 2491 5165 sunt
2520 5109 2821 5166 submersi.
3526 5156 3537 5173 ι

2147 5199 2216 5255 Et
2246 5202 2413 5257 victos
2466 5213 2771 5274 persecutus
2815 5208 2891 5257 est
2938 5190 3441 5267 Mastrephotma'im
3498 5203 3664 5258 usque

460 5336 483 5407 ξ
514 5333 556 5389 ll
590 5333 736 5390 Petr.
769 5350 846 5407 ιι,Δ
871 5332 954 5407 ιλ
1004 5329 1026 5361 ³
1057 5329 1196 5407 Luc.
1220 5345 1343 5407 _vm,
1368 5328 1458 5383 51.
1511 5325 1900 5407 _‘Pspj._xt.tv,
1962 5339 1971 5385 t

2093 5338 2116 5370 ⁸
2142 5336 2290 5396 Psal.
2324 5356 2472 5405 sun,
2514 5341 2568 5395 4.
2649 5338 2837 5396 Ῥειιι.
2879 5356 2966 5407 xc,
2992 5297 3081 5396 l3.
3159 5335 3179 5368 ’¹
3215 5330 3450 5404 Philipp.
3505 5342 3565 5392 ιι,
3594 5323 3687 5380 ιι.

385 5402 410 5435 ⁸
443 5404 645 5476 Epltes.
676 5421 748 5469 Vl,
788 5400 981 5458 10-13.
1054 5402 1076 5435 ⁹
1108 5400 1339 5456 Zachar.
1379 5415 1488 5463 xiv,
1511 5397 1565 5452 7.
1646 5399 1689 5430 ³⁸
1718 5398 1880 5458 Joan.
1936 5420 2034 5475 xu,
2059 5408 2148 5464 55.
2231 5412 2271 5444 ³³
2315 5397 2474 5469 Deut.
2512 5429 2645 5477 xvu,
2676 5414 2762 5466 l6.
2952 5397 2965 5407 ’
3184 5432 3195 5435 ι

1924 5541 2163 5603 ΝΟΤᾸΞ.

456 5686 685 5757 {59)Mi1
712 5684 1018 5757 φοϐηθῆτε.
1052 5682 1117 5735 Δί
1153 5679 1281 5757 αὐτ.

456 5747 568 5829 (40)
597 5747 752 5811 Κοίτᾶ
802 5747 1167 5822 τὸν’λέγοντα
1220 5748 1531 5822 Προφήτην.
1585 5751 1642 5807 Ὀ
1679 5747 1775 5818 τῆς
1825 5747 1962 5818 Αὺγ.
2005 5748 2136 5807 κώδ.
