3956 6442
317 403 454 472 1625

1452 396 1996 464 COMMENTARII
2030 397 2111 459 IN
2149 395 2405 457 JOSUE.

3467 391 3611 455 1036

314 519 552 583 τοῦνται,
583 519 660 582 ὡς
693 519 787 574 καὶ
824 519 914 572 τὸν
944 518 1174 590 ἔσχατον
1207 514 1402 587 ἐχθρὸν
1438 513 1668 570 θάνατον
1694 527 1904 582 καταρ-
1935 545 1944 569 λ

2057 507 2230 562 omini
2258 506 2373 576 jam
2409 504 2693 560 fruuntur.
2728 503 2836 558 Alii
2865 503 3013 558 enim
3051 516 3194 573 quos
3225 502 3466 556 secu‘nda
3511 515 3605 557 ue-

314 613 574 684 γηθῆναι.
599 613 786 667 Πάντα
824 612 880 666 δέ
913 611 1131 684 πρῶτον
1157 609 1228 663 τά
1259 607 1410 678 ἐθνη,
1443 607 1586 660 καθὰ
1619 606 1767 659 δοκεῖ
1794 605 1907 666 τοῖς

2054 598 2338 663 rehendet,
2373 597 2730 653 necessitatis
2785 596 3051 652 violentia
3085 594 3433 664 subigantur.
3461 592 3614 648 Adeo

318 705 654 776 προφήταις.
685 704 792 759 ἀπὸ
824 705 1080 776 περάτων
1108 701 1216 766 ἓως
1244 699 1502 771 περάτων
1527 698 1629 769 τῆς
1656 695 1913 767 οἰκουμέ-

317 814 418 869 νης
445 797 874 867 ὑποταγήσεται.

395 1060 618 1114 Πολλῶν
647 1060 755 1115 τῶν
793 1063 1256 1134 ὑποτασσομένων
1280 1059 1694 1132 ὀνομασθέντων
1720 1057 1916 1125 ἐθνῶν,

327 1154 422 1208 ἐπὶ
451 1156 630 1226 μόνων
670 1155 778 1209 τῶν
809 1157 1081 1212 Σιδωνίων
1127 1158 1315 1229 φησιν,
1349 1156 1424 1220 ὡς
1461 1174 1478 1207 ι
1521 1153 1922 1226 Ἐξολοθρεύσω

331 1249 529 1313 αὑτοὺς
562 1250 672 1303 ἀπὸ
701 1251 1002 1322 προσώπου
1047 1251 1160 1305 τῶν
1187 1252 1322 1304 υἱῶν
1364 1248 1603 1321 Ἰσραήλ.
1648 1267 1668 1300 ι
1723 1249 1794 1300 Ἤ
1817 1263 1925 1300 κοι-

331 1340 421 1395 νὸν
456 1341 620 1394 τοῦτο
653 1342 797 1395 κατὰ
836 1343 1056 1397 πάντων
1090 1343 1421 1414 λαμϐάνωνο
1469 1341 1504 1413 ἢ
1543 1342 1732 1413 ἐπειδὴ
1758 1339 1926 1395 Σιδώ-

332 1450 435 1487 νιοι
492 1433 912 1504 ἐρμηνεύονται,
961 1435 1262 1505 θηρευταί.
1318 1436 1509 1488 Πᾶσαν
1538 1434 1648 1506 γὰρ
1695 1433 1926 1504 δύναμιν

335 1527 676 1599 θηρεύουσαν
706 1527 888 1598 ψυχάς
911 1528 1220 1598 ἀνθρώπων
1245 1527 1427 1592 ἐξολοθ
1438 1527 1642 1597 ρεύσει.
1673 1526 1784 1580 Καὶ
1805 1525 1928 1578 τότε

339 1621 570 1691 μηδενὸς
629 1619 782 1684 ὄντος
855 1619 1210 1691 θηρεύοντος,
1268 1619 1646 1674 ἀναπαύσεται
1698 1618 1930 1682 ἕκαστος

338 1713 600 1766 ὑποκάτω
627 1713 730 1783 τῆς
759 1712 1010 1782 ἀμπέλου
1056 1712 1246 1780 αὑτοῦ,
1284 1713 1382 1766 καὶ
1411 1711 1671 1767 ὑποκάτω
1713 1713 1814 1783 τῆς
1846 1729 1934 1765 συ-

337 1804 441 1876 κῆς
463 1803 658 1858 αὑτοῦτ

2013 700 2077 746 ιιι
2115 705 2217 746 nec
2249 698 2539 746 extremus
2585 690 2760 744 hostis
2808 705 2962 743 mors
2999 704 3117 745 eam
3163 691 3340 758 possit
3378 689 3608 742 evitare.

2014 776 2180 833 Prius
2230 793 2363 832 vero
2392 777 2556 846 juxta
2603 778 3002 848 prophetarum
3051 778 3384 834 sententiam
3421 786 3616 846 gentes

2017 880 2234 925 cuncta:
2267 869 2336 924 ab
2376 871 2636 926 omnibus
2667 881 2829 924 terrae
2869 870 3076 926 tinibus
3109 869 3346 926 Domino
3383 867 3614 938 subjun-

2021 967 2244 1032 gentur.

2091 1053 2387 1108 Multarum
2421 1067 2554 1108 vero
2601 1054 2851 1124 gentium
2906 1053 3253 1108 subditarum
3292 1052 3615 1110 nominibus

2023 1145 2302 1211 adductis,
2355 1146 2425 1201 de
2481 1146 2617 1202 solis
2677 1146 2918 1201 Sidoniis
2965 1147 3187 1217 inquit:
3222 1166 3240 1199 ι
3279 1146 3613 1202 Exscindam

2024 1257 2121 1299 eos
2171 1248 2302 1296 ante
2355 1240 2500 1296 ﬁlios
2541 1239 2732 1302 lsrael,
2770 1258 2790 1290 ›
2844 1241 2959 1294 sive
2991 1242 3138 1309 quod
3183 1242 3237 1295 in
3283 1257 3482 1311 genere
3516 1255 3616 1310 pro

2026 1333 2286 1390 omnibus
2316 1341 2571 1402 usurpat,
2617 1333 2735 1388 sive
2765 1333 2910 1402 quod
2944 1332 3208 1389 Sidonios
3249 1335 3412 1404 vulgo
3443 1337 3619 1388 inter-

2028 1438 2316 1498 pretantur
2370 1438 2668 1481 venatores.
2702 1425 2972 1479 Cnnctam
3022 1427 3168 1479 enim
3223 1441 3445 1480 manum
3497 1440 3622 1496 qua:

2031 1529 2264 1576 venatur
2318 1521 2536 1574 animas
2583 1520 2856 1573 humanas
2889 1519 3196 1573 exscindet.
3245 1519 3401 1574 Nullo
3437 1521 3623 1588 itaque

2033 1620 2296 1665 venatore
2349 1610 2666 1677 superstite,
2719 1608 3106 1679 unusquisque
3155 1609 3260 1663 sub
3299 1611 3463 1665 vinea
3496 1624 3621 1676 sua,

2036 1701 2254 1772 ﬁcuque
2284 1715 2386 1756 sua
2418 1701 2731 1770 requiescet
2753 1699 2818 1752 ¹⁸.

410 1859 553 1949 Ᾰότε
581 1895 650 1960 ἐξ
657 1893 847 1965 -ήμῶν
881 1896 1041 1964 τρεῖς
1066 1895 1292 1964 ἄνδρας
1321 1888 1473 1950 κατὰ
1499 1897 1727 1967 φυλήν.
1766 1895 1932 1968 Δῆλον

2110 1877 2255 1933 Date
2285 1894 2310 1933 ε
2345 1878 2489 1932 vobis
2523 1886 2627 1931 tres
2660 1877 2802 1930 viros
2845 1878 3112 1942 tributim,
3149 1885 3258 1933 etc.
3301 1875 3513 1947 [XVII],
3543 1873 3629 1950 4.]

341 1987 424 2042 ὅτι
458 1989 843 2059 γεωμετρικῆς
869 1990 1264 2060 ἐπιστήμονας,
1293 1991 1388 2044 καὶ
1416 1992 1642 2055 ἱκανοὺς
1671 1991 1934 2061 ποιότητα

341 2082 446 2152 γῆς
481 2083 783 2137 ἀντιθεῖναι
820 2084 1102 2153 ποσότητι.
1133 2083 1244 2137 Καὶ⁵
1279 2085 1419 2139 κατά
1451 2085 1512 2139 τὸ
1545 2083 1778 2154 μέγεθος
1805 2085 1936 2138 ἐκά-

344 2191 476 2245 στης
509 2175 684 2246 φυλῆς
727 2175 978 2249 ἀφώρισε
1017 2176 1147 2239 τοὺς
1180 2177 1418 2248 κλήρους
1456 2177 1485 2228 6
1529 2175 1760 2246 Ἰησοῦς.
1815 2177 1936 2242 Ἐξ-

342 2265 500 2320 έσται
529 2267 588 2320 δὲ
619 2267 699 2337 τῷ
723 2266 1034 2338 βουλομένῳ
1054 2267 1186 2338 παρ’
1211 2268 1478 2339 Ἰωσήπου
1505 2267 1821 2322 λαϐεῖν’άπὺ
1841 2267 1937 2321 τοῦ

346 2357 603 2428 πέμπτου
643 2358 804 2426 λόγου
857 2357 951 2410 τοῦ
1003 2358 1133 2428 περὶ
1179 2358 1571 2428 ἀρχαιολογίας
1618 2359 1673 2412 et
1710 2375 1764 2412 τι
1809 2358 1936 2430 περὶ

343 2450 446 2520 τῆς
476 2451 802 2520 ἐκφράσεως
836 2449 946 2502 τῶν
979 2449 1204 2520 κλήρων
1230 2450 1379 2518 λέγει
1413 2451 1773 2520 σαφέστερον.

419 2539 775 2608 Χειμάῤῥουν
799 2538 857 2591 δέ
886 2537 1165 2606 Αἰγύπτου
1221 2538 1315 2592 τὸν
1363 2538 1793 2610 Ῥινοκορούρων
1831 2555 1939 2609 φη-

351 2628 428 2682 σί.
457 2629 598 2682 Καθ’
639 2628 834 2700 ἑτέραν
857 2629 915 2683 δὲ
952 2630 1108 2697 τάξιν
1137 2632 1267 2694 τοὺς
1319 2632 1562 2703 κλήρους
1609 2632 1938 2704 ἠρίθμησεν.

364 2720 560 2772 Ἰστέον
582 2718 661 2783 δὲ,
691 2720 768 2784 ὡς
803 2720 872 2773 τὰ
897 2724 1029 2791 περὶ
1059 2722 1285 2787 Σιδῶνα,
1307 2724 1403 2777 καὶ
1453 2724 1798 2793 Ἀρυκαίους,
1849 2726 1945 2778 καὶ

361 2809 720 2885 Ἀμαθαίους,
747 2811 844 2864 καὶ
890 2811 1173 2883 Ἀραδίους
1227 2815 1606 2887 ἀδιακόσμητα
1657 2812 1747 2886 ἦν,
1814 2818 1945 2880 ῐσως

353 2899 459 2952 ὑπὸ
487 2902 673 2970 γήρως
702 2902 1125 2972 ἐμποδισθέντος
1162 2904 1362 2973 Ἰησοῦ,
1393 2905 1489 2958 καὶ
1527 2906 1636 2958 τῶν
1687 2907 1804 2977 μετ’
1847 2907 1949 2961 αὑ-

353 2993 446 3046 τὸν
488 2995 588 3063 ὴγε
600 2992 780 3062 μόνων
809 2992 1272 3064 ῥᾳθυμησάντων.

426 3081 672 3135 Καθόλου
711 3082 768 3135 δὲ
800 3082 1008 3153 νοητῶς
1052 3084 1182 3152 περὶ
1215 3083 1327 3136 τῶν
1373 3083 1685 3154 εἰρημένων
1736 3087 1943 3141 εἰπεῖν·

2037 1971 2310 2028 Nimirum
2345 1972 2484 2026 artis
2517 1972 2867 2042 geometricas
2917 1986 3144 2040 gnaros,
3193 1971 3632 2039 qualitatemtu

2041 2074 2201 2120 terrm
2256 2081 2382 2119 cum
2436 2066 2747 2134 quantitate
2801 2064 3124 2118 conferendi
3177 2072 3358 2132 aptos.
3393 2062 3530 2116 Nam
3575 2063 3631 2117 in

2040 2157 2436 2213 distributione
2467 2159 2780 2227 portionum
2814 2157 3088 2227 cujusque
3136 2157 3319 2211 tribus
3351 2157 3633 2225 magnitu-

2040 2251 2229 2306 dinem
2281 2253 2549 2320 respexit.
2605 2249 2759 2306 Licet
2794 2265 2926 2304 vero
2955 2251 3050 2320 qui
3098 2250 3243 2304 volet
3289 2265 3354 2303 ex
3401 2247 3633 2319 .losepbi

2040 2344 2241 2412 quinto
2276 2342 2672 2411 Antiquitatum
2715 2343 2856 2398 libro
2889 2350 3079 2411 petere
3108 2341 3258 2411 quod
3289 2341 3359 2397 de
3407 2341 3634 2411 exposi-

2043 2435 2194 2490 tione
2222 2435 2455 2489 sortium
2495 2436 2700 2489 clarins
2740 2435 2921 2491 habet.

2115 2527 2293 2588 Porro
2323 2540 2619 2583 torrentem
2656 2527 2879 2599 Egypti
2927 2530 3195 2593 nominat,
3233 2542 3356 2598 quae
3394 2527 3638 2582 Rinoco-

2046 2636 2175 2676 rura
2214 2632 2318 2676 est.
2367 2621 2639 2677 Cancrum
2677 2625 2791 2676 alio
2837 2623 3032 2677 ordine
3075 2631 3255 2678 sortes
3292 2621 3636 2691 supputavit.

2050 2711 2348 2769 Sciendum
2407 2731 2511 2770 nec
2561 2731 2672 2769 non
2733 2716 2880 2785 quod
2905 2729 2967 2769 ea
3002 2731 3124 2784 qua:
3151 2715 3300 2769 circa
3349 2714 3635 2774 Sidonem.

2049 2807 2350 2878 Arycaaos,
2412 2807 2765 2874 Amatbmos,
2821 2809 3166 2876 Aradiosque
3222 2816 3372 2872 sunt,
3433 2807 3641 2859 ini-ulta

2048 2913 2232 2956 erant.
2266 2900 2528 2956 Fortasse
2561 2901 2709 2971 quod
2733 2901 2902 2956 Jnsue
2926 2902 3079 2955 senio
3108 2902 3403 2970 impeditus
3435 2898 3638 2964 fuerat,

2051 2992 2343 3060 exterique
2369 3001 2490 3059 post
2524 2992 2700 3059 ipsum
2731 2993 2902 3045 duces
2922 2995 3148 3058 segnius
3171 2993 3435 3058 egissent.

2123 3081 2182 3136 In
2216 3097 2431 3138 summa
2464 3098 2596 3137 vero
2635 3095 2692 3137 ut
2726 3098 2756 3135 a
2796 3085 2962 3136 rebus
2990 3099 3156 3152 Supra
3184 3083 3351 3137 dictis
3384 3082 3450 3136 ad
3481 3081 3646 3150 spiri-

352 3173 717 3244 ύποδείγματι
744 3175 838 3227 καὶ
869 3175 998 3244 σκιᾷ
1021 3173 1129 3227 τῶν
1161 3176 1508 3246 ἐπουρανίων
1529 3177 1577 3229 oi
1608 3177 1750 3232 κατά
1781 3178 1944 3248 νόμον

2055 3181 2170 3229 tum
2188 3191 2411 3244 quoque
2431 3175 2826 3244 digrediamnr,
2850 3176 2903 3228 in
2926 3174 3097 3244 ﬁgura
3118 3190 3182 3228 ac
3221 3177 3412 3229 iiinbra
3459 3190 3642 3228 rerum

353 3267 672 3338 ἐλάτρευον.
732 3268 843 3321 Καὶ
897 3268 974 3330 ὡς
1021 3267 1195 3331 τύπος
1245 3264 1316 3340 ἦν
1363 3269 1745 3347 Ἰερουσαλὴμ,
1783 3273 1878 3325 καὶ
1919 3274 1944 3326 6

2057 3268 2366 3321 cmlestium
2411 3269 2595 3322 cultus
2625 3268 2728 3336 legi
2752 3267 2911 3339 49],
2933 3278 3352 3338 atteniperatus,
3371 3269 3642 3324 constitit.

355 3361 502 3426 ναὸς,
539 3362 636 3415 καὶ
671 3361 732 3414 τὸ
772 3360 1185 3432 θυσιαστήριον,
1221 3361 1516 3434 ἀρχιερεύς
1541 3381 1600 3416 τε
1628 3365 1726 3417 καὶ
1760 3366 1946 3435 ἱερεῖς’

355 3450 503 3506 οὕτω
546 3455 644 3506 καὶ
689 3454 746 3506 αἱ
776 3453 964 3516 πόλεις
996 3453 1092 3506 καὶ
1121 3453 1311 3524 κῶμαι
1356 3455 1459 3525 τῆς
1499 3455 1794 3520 Ἰουδαίαςο
1832 3457 1950 3511 ἀλλ’

356 3545 707 3618 ἐπεδήμησεν
759 3545 789 3596 6
843 3545 1141 3615 καταργῶν
1188 3546 1319 3610 τοὺς
1364 3547 1590 3612 τύπους,
1637 3549 1738 3619 τὴν
1767 3549 1950 3624 ἀληθῆ

355 3639 620 3710 παρέχων
655 3636 1029 3710 προσκύνησιν
1061 3655 1123 3691 τε
1151 3639 1250 3692 καὶ
1279 3639 1658 3710 κληροδοσίαν.

429 3900 552 3954 Τῶν
574 3899 955 3971 κληρονομιῶν
986 3902 1041 3954 αἱ
1076 3899 1174 3970 μὲν
1205 3899 1312 3953 ὑπὸ
1339 3899 1645 3966 Μωῦσέως,
1676 3902 1734 3954 αί
1764 3901 1821 3955 δέ
1847 3902 1953 3955 ὑπὸ

369 3992 550 4066 Ἰησοῦ
571 3991 913 4063 διεδόθησαν.
933 3992 1232 4062 Οὑδέτερος
1253 3993 1314 4050 δὲ
1329 3995 1448 4057 τοῖς
1469 3993 1725 4058 Λευΐταις
1747 3994 1952 4049 δέδωκε

357 4093 749 4167 κληρονομίαν.
786 4092 993 4163 Κύριος
1035 4092 1145 4164 γὰρ
1177 4095 1205 4146 6
1234 4091 1365 4156 Θεὸς
1397 4091 1734 4163 κληρονομία
1772 4091 1954 4146 αὐτῶν

360 4187 500 4239 ἐστι.
547 4183 697 4255 Πλὴν
732 4181 850 4236 ἔστι
895 4182 1154 4254 διαφορά.
1199 4183 1256 4236 '0
1293 4182 1394 4253 μὲν
1426 4181 1536 4252 γὰρ
1571 4183 1814 4253 Μωὺσῆς
1854 4183 1954 4254 τὴν

359 4279 470 4349 πρὸ
499 4276 595 4331 τοῦ
632 4277 902 4348 Ἰορδάνου
932 4275 1037 4346 γῆν
1081 4276 1390 4346 διανείμας,
1418 4275 1479 4327 τὸ
1510 4275 1807 4330 ἐπιϐάλλον
1837 4277 1957 4330 ἐκεῖ

363 4370 530 4444 μέρος
555 4372 668 4434 τοῖς
691 4369 948 4432 Λευΐταις
971 4369 1073 4420 οὑκ
1099 4367 1299 4421 ἔδωκεν
1320 4383 1333 4397 ·
1356 4368 1473 4422 ἀλλ’
1513 4369 1724 4440 Ἰησοῦς
1753 4371 1874 4423 ἐκεῖ
1894 4387 1956 4423 τε

360 4465 457 4519 καὶ
485 4463 626 4535 μετά
655 4462 746 4516 τὸν
775 4461 1052 4533 Ἰορδάνην
1083 4462 1410 4531 παρέσχετο.
1443 4460 1615 4532 Δῆλον
1651 4462 1760 4532 γάρ
1788 4462 1870 4515 ὅτι
1894 4461 1957 4515 τὸ

2053 3358 2531 3425 Quemadmodum
2581 3361 2768 3428 itaque
2811 3361 2944 3414 urbs
2988 3359 3320 3425 Jerusalem,
3358 3362 3644 3430 ten'iplnm,

2054 3453 2251 3516 altare,
2289 3467 2537 3506 summus
2572 3451 2841 3521 pontifex,
2879 3461 2932 3506 et
2970 3454 3292 3507 sacerdotes
3327 3463 3510 3522 typum
3547 3469 3645 3506 seu

2055 3543 2286 3615 ﬁguram
2320 3558 2433 3613 pra:
2464 3558 2524 3598 se
2554 3543 2820 3606 tulerunt,
2857 3547 2935 3598 ita
2969 3545 3167 3614 oppida
3201 3560 3420 3615 quoque
3451 3559 3516 3598 ac
3540 3545 3646 3599 vici
3746 3583 3753 3588 -

2051 3634 2278 3690 Judaeze.
2349 3633 2549 3690 Verum
2607 3635 2656 3690 is
2707 3635 2803 3705 qui
2855 3635 3064 3706 ﬁguras
3109 3638 3306 3701 elevat,
3351 3652 3648 3706 veramque

2054 3723 2462 3790 adorationem,
2513 3732 2570 3779 et
2614 3727 2968 3782 sortitionem
3015 3726 3247 3782 exhibet
3291 3726 3345 3781 in
3379 3728 3644 3782 mundum

2050 3814 2163 3885 jam
2197 3815 2536 3870 adventavit.

2127 3908 2398 3963 Caeterum
2455 3908 2812 3963 sortitionum
2875 3908 2996 3964 alia:
3049 3909 3272 3980 quidem
3325 3911 3426 3965 sub
3473 3909 3646 3975 Mose,

2055 4000 2177 4055 aliae
2210 4015 2342 4056 vero
2377 3993 2675 4056 sub‘Josue
2701 4000 2862 4056 facta:
2896 4009 3057 4069 sunt;
3093 4014 3288 4057 neuter
3319 4018 3451 4058 vero
3487 4003 3646 4058 Levi-

2057 4094 2130 4150 tis
2160 4101 2366 4150 sortem
2393 4094 2634 4164 aliquam
2672 4093 2889 4160 detulit,
2928 4095 3195 4152 Dominns
3219 4098 3364 4157 enim
3397 4098 3646 4166 ipsorum

2057 4202 2182 4244 sors
2211 4196 2299 4243 est
2321 4188 2386 4241 η.
2413 4185 2512 4242 Est
2535 4195 2720 4242 tamen
2754 4188 2938 4257 aliqua
2962 4191 3129 4244 etiam
3167 4191 3280 4246 illic
3301 4189 3649 4245 differentia:

2057 4279 2238 4336 Moses
2269 4281 2479 4337 etenim
2509 4296 2636 4336 cum
2673 4289 2875 4336 terram
2913 4280 2992 4340 cis
3024 4280 3316 4338 Iordanem
3341 4283 3650 4352 divisisset,

2057 4372 2267 4430 Levitis
2303 4374 2726 4430 convenientem
2764 4375 2878 4431 illic
2926 4384 3141 4445 partem
3176 4392 3285 4431 non
3333 4377 3508 4431 dedit.
3542 4375 3651 4432 Ve-

2059 4479 2181 4520 rum
2211 4463 2379 4520 Jusue
2405 4481 2531 4521 cum
2570 4465 2683 4519 illic
2715 4477 2828 4521 tuin
2865 4473 3019 4520 trans
3053 4463 3342 4521 Iordanem
3376 4465 3428 4519 id
3470 4468 3650 4536 ipsum

363 4557 642 4632 ἱερατικὸν
667 4553 886 4624 ἀληθῶς
909 4553 1103 4623 τάγμα
1127 4553 1190 4606 τὸ
1211 4554 1691 4624 ἐπισπειρόμενον,
1716 4553 1812 4606 καὶ
1840 4556 1944 4618 τοῖς

2060 4559 2319 4630 praebuit.
2371 4559 2604 4615 Constat
2637 4563 2784 4613 enim
2823 4559 2969 4629 quod
3006 4558 3146 4612 ordo
3177 4561 3542 4615 sacerdotalis
3567 4563 3651 4614 in-

363 4648 627 4719 πρώτοις,
673 4647 750 4710 ὡς
788 4645 856 4700 ἂν
883 4643 1213 4714 ἀγιασθῶσι,
1261 4644 1358 4697 καὶ
1396 4647 1510 4708 τοῖς
1537 4645 1832 4716 δευτέροις,
1868 4647 1954 4700 ἵνα

364 4740 809 4814 μακαρισθῶσιν,
849 4738 956 4792 ὑπὸ
983 4737 1162 4809 Ἰησοῦ
1194 4736 1432 4808 Χριστοῦ
1464 4737 1804 4808 διανέμεται.
1833 4737 1955 4792 Τῶν

361 4836 423 4890 δὲ
468 4835 545 4906 μὴ
585 4832 1075 4904 κληρονομούντων
1106 4834 1157 4884 οἱ
1202 4831 1301 4902 μὲν
1330 4831 1410 4894 ὡς
1438 4831 1673 4897 ἀνάξιοι,
1721 4833 1771 4884 οἱ
1797 4831 1852 4885 δέ
1879 4833 1957 4897 ὡς

361 4926 675 4996 κρείττονος
722 4921 863 4988 ἄξιοι
910 4923 1280 4993 κληρονομίας
1320 4923 1381 4976 οὑ
1428 4923 1758 4993 τυγχάνουσι
1785 4925 1956 4978 τῶνδε

360 5019 474 5072 τῶν
507 5018 746 5087 κλήρων.
783 5016 881 5080 Τίς
910 5016 966 5070 δέ
991 5018 1024 5084 ή
1055 5017 1324 5086 κρείττων
1353 5016 1446 5070 καὶ
1464 5016 1714 5070 -Λευῖτῶν
1747 5016 1843 5070 καὶ
1875 5019 1956 5071 ἰε-

366 5113 508 5186 ρέων
541 5112 697 5176 ἁξία;
733 5110 895 5174 αὑτὸς
941 5111 970 5161 6
1012 5109 1238 5178 Κύριος,
1269 5108 1326 5172 ὃς
1360 5109 1594 5180 ἐγενήθη
1627 5111 1760 5180 ήμίν
1793 5110 1958 5180 σοφία

363 5205 466 5262 καὶ⁵
493 5204 808 5274 δικαιοσύνη
839 5205 933 5257 καὶ
955 5203 1252 5272 ἁγιασμὸς,
1280 5205 1473 5274 εἰρήνη
1497 5220 1555 5256 τε
1584 5204 1678 5258 καὶ
1705 5203 1954 5274 ἀλήθεια.

364 5299 516 5371 Πλὴν
547 5302 575 5353 6
611 5297 968 5372 κληρονομῶν
1015 5296 1190 5350 ταῦτα
1230 5299 1487 5368 παροικεῖ
1530 5300 1645 5361 τοῖς
1691 5297 1958 5368 κληρονο-

367 5395 533 5467 μοῦσι
559 5395 658 5466 τὴν
691 5394 816 5465 γῆν,
851 5392 928 5456 ὡς
957 5391 1024 5446 ἂν
1051 5392 1146 5446 καὶ
1177 5392 1332 5448 αὐτοὶ
1356 5391 1460 5462 τῆς
1489 5391 1798 5464 κρείττονος
1829 5392 1957 5464 κλη-

365 5487 628 5561 ρονομίας
675 5487 976 5558 μετέχοιεν,
1015 5485 1063 5538 εἰ
1096 5485 1193 5538 καὶ
1242 5483 1318 5555 μὴ
1355 5485 1807 5556 προηγουμένως,
1840 5485 1958 5540 ἀλλ’

369 5579 459 5632 ἵνα
484 5579 736 5650 γένηται,
759 5595 778 5630 ι
803 5577 862 5631 '0
878 5577 940 5630 τὸ
957 5574 1115 5640 πολὺ,
1131 5576 1233 5630 οὑκ
1255 5575 1553 5630 ἐπλεόνασε
1573 5591 1586 5604 ·
1612 5577 1706 5630 καὶ
1721 5579 1748 5631 6
1763 5576 1824 5631 τὸ
1847 5577 1959 5632 ὀλί-

365 5687 487 5741 γον,
517 5671 618 5725 οὑκ
647 5669 996 5742 ἐλαττόνησε.
1035 5687 1056 5723 ι
1092 5668 1234 5740 Φησὶ
1277 5667 1335 5722 δέ
1381 5668 1479 5721 καὶ
1521 5667 1735 5734 Παῦλος
1765 5685 1778 5698 ⁸
1827 5687 1852 5725 ι
1888 5668 1962 5725 Τὸ

2064 4662 2149 4707 ter
2201 4651 2340 4706 alios
2387 4651 2694 4722 dispersus,
2732 4650 3011 4720 prioribus
3043 4651 3262 4719 quidem
3311 4651 3653 4715 hominibus,

2065 4755 2124 4798 ut
2170 4759 2266 4814 per
2317 4758 2416 4798 eos
2474 4741 2913 4805 sanctiﬁcenlur,
2976 4743 3238 4798 secundis
3295 4758 3426 4798 vero
3465 4752 3523 4796 ut
3561 4759 3656 4812 per

2064 4835 2351 4892 Christum
2396 4833 2587 4889 Jesum
2642 4833 2968 4888 felicitatem
3025 4845 3462 4905 consequantur,
3495 4835 3657 4888 attri-

2065 4929 2276 4984 buitur.
2313 4928 2392 4983 Ex
2427 4930 2497 4984 iis
2543 4944 2676 4982 vero
2709 4930 2801 4999 qui
2854 4929 3064 4983 nullam
3103 4931 3504 4984 nanciscunlur
3537 4944 3658 4982 sor-

2067 5032 2174 5077 tem
2210 5022 2336 5076 aliis
2373 5021 2600 5092 quidem
2636 5027 2738 5076 ce'u
2794 5022 3039 5091 indignis
3091 5020 3189 5086 ﬁt,
3229 5021 3320 5074 alii
3378 5037 3510 5075 vero
3556 5037 3657 5075 ceu

2067 5117 2454 5186 praestantiore
2481 5127 2632 5170 sorte
2663 5117 2838 5184 digni,
2870 5118 2967 5170 has
2993 5123 3172 5169 sortes
3206 5131 3312 5170 non
3339 5115 3659 5184 adipiscun-

2066 5219 2179 5266 tur.
2215 5210 2348 5276 Qnae
2381 5226 2515 5266 vero
2553 5211 2906 5280 praestantior
2937 5210 3028 5263 illa
3058 5220 3164 5274 est,
3211 5218 3306 5261 aut
3351 5207 3655 5262 sacerdoti-

2065 5304 2170 5358 bus
2221 5319 2288 5358 ac
2321 5303 2532 5360 Levitis
2581 5313 2790 5358 tantum
2841 5302 3045 5373 digna?
3080 5303 3198 5371 Ipse
3241 5302 3532 5366 Dominus,
3561 5301 3655 5371 qui

2066 5403 2231 5450 natus
2286 5407 2372 5450 est
2416 5398 2577 5452 nobis
2626 5396 2920 5465 sapientia,
2970 5396 3211 5464 jnstitia,
3267 5397 3656 5462 sanctiﬁcatio,

2069 5502 2177 5558 pax
2214 5487 2457 5559 denique
2490 5497 2545 5544 et
2571 5489 2776 5544 veritas
2797 5489 2861 5541 ’7.
2890 5486 3279 5542 Verumtamen
3307 5489 3400 5557 qui
3429 5490 3657 5542 sortitur

2068 5596 2131 5637 ea
2159 5581 2424 5637 advenam
2459 5582 2606 5652 apud
2643 5591 2803 5637 terrae
2854 5580 3100 5637 limredes
3135 5581 3270 5652 agit,
3302 5596 3413 5652 quo
3455 5590 3509 5635 et
3555 5581 3657 5650 ipsi

2073 5673 2483 5746 praestantioris
2514 5673 2683 5746 hujus
2717 5675 2883 5732 sortis
2913 5675 3167 5746 quamvis
3194 5672 3341 5730 haud
3372 5675 3426 5729 in
3465 5673 3660 5745 primis

452 5861 500 5965 ξ’
527 5861 690 5922 Micb.
727 5879 802 5936 tv,
827 5863 880 5921 4.
962 5866 1006 5901 ¹⁶
1037 5864 1202 5928 Num.
1235 5883 1390 5937 xvnt,
1420 5869 1526 5939 20;
1554 5869 1718 5930 Josue
1767 5885 1888 5945 xui,
1923 5868 2010 5926 l4.
2094 5869 2132 5900 "
2172 5869 2190 5924 ι
2223 5831 2347 5923 Cor.
2380 5880 2422 5933 ι,
2460 5864 2549 5922 30.
