3956 6396
483 391 611 458 1031

1787 365 2140 431 PROCOPII
2177 363 2424 427 GAZEI

3606 348 3726 417 1032

475 503 778 562 huntiliatio
812 499 1013 564 inanis,
1081 495 1196 550 sive
1222 496 1391 552 certe,
1422 481 1696 541 simulatio
1745 480 1920 534 inanis
1983 478 2067 532 in-

2180 474 2575 535 ιαπεινώσεως.
2609 467 2713 523 Δύο
2742 468 2850 540 γὰρ
2899 463 3289 528 ταπεινώσεις·
3330 463 3364 534 ἠ
3401 459 3528 531 μὲν,
3569 465 3690 531 κενή
3713 480 3725 491 ⁸

475 596 766 670 terpretari
814 594 1027 648 licitum
1065 594 1174 643 est.
1203 584 1338 639 Nam
1376 580 1583 648 duplex
1603 574 1924 630 bumiliatio
1943 577 2052 635 est,

477 669 661 750 altera
683 689 905 760 quidem
954 681 1160 746 inanis,
1197 677 1372 730 altera
1411 686 1537 727 vero
1587 669 1726 723 uber
1763 683 1778 720 :
1815 675 2054 734 quarum

480 795 755 858 postrema
786 779 1000 833 Iaudem
1033 787 1191 828 suam
1220 770 1386 823 habet
1415 783 1432 832 ;
1461 764 1532 818 de
1559 776 1624 816 ea
1652 760 1802 814 enim
1853 755 2056 810 Serva-

478 849 569 934 ιοι·
601 876 778 946 inquit
807 888 822 926 :
863 888 883 922 ι
922 871 965 922 Α
1001 881 1087 920 me
1115 863 1317 919 discite
1347 856 1496 930 quod
1523 855 1676 909 mitis
1708 867 1830 908 sum
1870 859 1927 904 et
1948 849 2055 902 hu-

479 973 628 1027 milis
655 939 824 1021 corde
852 962 921 1015 ".
962 977 980 1010 ι
1011 957 1145 1011 Item
1182 973 1197 1009 :
1231 972 1249 1006 ι
1283 951 1618 1028 Quicunque
1653 946 1903 1013 seipsum
1955 939 2060 993 hu-

481 1058 812 1118 miliaverit,
856 1051 1150 1108 extolletur
1180 1046 1257 1099 ν’.
1293 1062 1313 1096 ι
1350 1042 1555 1095 Paulus
1585 1050 1806 1108 quoque
1839 1049 1898 1087 ει
1943 1028 2061 1083 Hu-

480 1152 765 1208 miliamini
795 1149 979 1217 itaque
1011 1146 1115 1198 sub
1141 1137 1352 1210 potenti
1388 1133 1483 1188 Dei
1516 1145 1682 1185 manu
1727 1127 1796 1179 “.
1829 1143 1848 1177 ι
1886 1122 2061 1176 Porro

481 1258 612 1298 vero
677 1245 897 1308 culpata
953 1231 1264 1290 humiliatio
1321 1241 1385 1282 ea
1430 1231 1540 1285 est,
1568 1235 1676 1290 qua
1709 1231 1768 1272 se
1807 1220 2064 1284 peccator

479 1333 691 1403 dejicnt,
724 1304 849 1399 qua:
884 1328 1012 1380 item
1041 1323 1108 1377 de
1139 1337 1204 1376 eo
1230 1317 1325 1388 qui
1363 1330 1490 1369 cum
1523 1309 1759 1365 muliere
1780 1304 2066 1375 illegitime

479 1441 594 1480 rem
625 1424 817 1477 habuit
869 1421 925 1473 in
985 1415 1273 1483 Scriptura
1325 1412 1651 1473 usurpatur,
1705 1414 1770 1452 ac
1827 1396 2051 1460 dicitur,

487 1534 507 1569 ι
534 1511 855 1569 Humiliavit
880 1523 999 1563 eam
1030 1507 1100 1559 ³⁸.
1136 1522 1156 1555 ι
1192 1499 1325 1553 Eam
1388 1491 1853 1552 humiliationem,
1918 1487 2069 1540 Anac

483 1608 694 1663 dictam
741 1600 983 1674 perdidit
1015 1594 1205 1651 Calcb.
1231 1591 1374 1644 Sunt
1405 1601 1537 1641 vero
1564 1582 1718 1637 Auac
1764 1579 1857 1633 filii
1915 1576 2065 1642 Susi,

482 1714 645 1770 quem
676 1696 719 1751 si
745 1687 1146 1760 interpreteris,
1171 1682 1345 1736 Extra
1371 1693 1472 1738 me,
1494 1683 1680 1729 sonat.
1710 1670 1879 1725 Extra
1897 1666 2068 1722 Deum

485 1792 633 1846 enim
664 1797 720 1838 et
752 1793 1008 1838 sanetum
1047 1785 1134 1832 est
1186 1775 1335 1828 titius
1395 1767 1578 1824 inanis
1642 1757 2067 1817 humiliationis.

2155 569 2190 639 ἡ
2219 568 2297 633 δὲ,
2327 566 2563 636 πλήρης.
2639 563 2701 616 Ἦ
2730 561 2828 632 μὲν
2861 557 3140 628 ἐπαινετὴ,
3201 555 3328 628 περὶ
3380 548 3454 627 ἧς
3516 570 3673 624 φησιν
3703 555 3730 607 6

2157 661 2371 730 Σωτὴρ,
2406 677 2424 710 ι
2447 657 2664 710 Μὰθετε
2692 652 2789 709 ἀπ’
2817 651 2974 722 ἐμοῦ,
2992 653 3075 705 ὅτι
3117 649 3294 720 πρᾶός
3323 649 3466 718 είμι,
3519 646 3615 700 καὶ
3639 662 3727 698 τα-

2159 738 2347 814 πεινὸς
2377 751 2446 821 τῇ
2477 747 2697 820 καρδίᾳ.
2735 764 2754 797 ι
2790 745 2919 807 Καὶ,
2957 760 2977 794 ι
3008 742 3122 804 Πᾶς
3153 743 3181 794 6
3209 737 3490 792 ταπεινῶν
3531 736 3729 804 ἐαυτὸν,

2161 844 2506 915 ὑψωθήσεται
2539 858 2552 871 ·
2587 859 2607 892 ι
2641 839 2786 892 καὶὸ
2838 835 3050 899 Παῦλος
3096 833 3210 904 (Η)
3234 873 3250 897 ,
3293 850 3312 883 ‹
3353 829 3730 898 Ταπεινὼθητι

2159 937 2255 991 οῦν
2285 933 2391 988 ὑπὸ
2420 931 2516 1004 τὴν
2547 928 2815 1001 κραταιὰν
2847 929 3008 998 χεῖρα
3036 922 3130 977 τοῦ
3163 920 3326 978 Θεοῦ.
3366 939 3387 973 ι
3435 920 3503 972 Ἦ
3538 918 3596 972 δὲ
3647 917 3732 989 ψει

2162 1025 2288 1098 κτὴ,
2329 1025 2394 1094 ἣν
2443 1019 2797 1074 ταπεινοῦται
2837 1017 2866 1068 6
2907 1011 3255 1084 ἁμαρτωλὸς,
3309 1010 3407 1064 καὶ
3464 1006 3594 1080 περὶ
3651 1004 3731 1062 τοῦ

2163 1113 2221 1166 δὲ
2297 1111 2635 1182 παρανόμως
2734 1105 2957 1174 γυναικὶ
3040 1101 3320 1162 συνιόντος
3384 1099 3604 1170 εἴρηται
3673 1102 3732 1171 τῇ

2165 1204 2390 1275 Γραφῇ·
2433 1221 2452 1254 ι
2498 1198 2896 1253 Ἐταπείνωσεν
2932 1195 3128 1264 αὑτήν.
3165 1211 3184 1244 ι
3233 1192 3457 1261 Ταύτην
3489 1194 3518 1244 6
3573 1190 3734 1244 Χαλεϐ

2167 1295 2485 1364 κατήργησε
2511 1291 2610 1362 τὴν
2639 1289 2970 1343 ταπείνωσιν
2993 1325 3009 1352 ,
3075 1285 3243 1340 Ἐνὰκ
3303 1283 3642 1354 λεγομένην,
3682 1280 3733 1338 οὗ

2171 1385 2593 1450 παῖδες,-Σουσὶ,
2633 1382 2693 1444 ὸς
2730 1381 3098 1453 ἑρμηνεύεται
3141 1378 3352 1442 Ἐκτός
3377 1393 3521 1446 μου.
3569 1377 3733 1438 Ἐκτὸς

2169 1479 2279 1549 γὰρ
2307 1476 2401 1530 τοῦ
2439 1475 2595 1542 Θεοῦ,
2633 1475 2734 1528 καὶ
2764 1473 2859 1527 τοῦ
2887 1473 3045 1542 ἁγίου
3080 1474 3109 1525 6
3135 1472 3251 1533 υίὸς
3282 1470 3384 1539 τῆς
3437 1469 3599 1539 κενῆς
3651 1484 3729 1520 τα·

2173 1571 2484 1632 πεινώσεως
2516 1584 2530 1599 ’
2564 1569 2659 1622 καὶ
2700 1565 2953 1638 Ἀχιμὰν,
2988 1567 3016 1619 ὃ
3046 1567 3194 1618 ἐστιν
3228 1561 3463 1632 ἀδελφός
3498 1579 3596 1632 μου
3642 1562 3730 1614 ἀπὸ

2175 1663 2372 1737 βουλῆς
2399 1679 2413 1694 ’
2439 1662 2658 1731 ἀδελφοὶ
2697 1660 2798 1731 μὲν
2829 1661 2939 1728 γὰρ
2997 1659 3225 1722 πάντες,
3259 1657 3288 1708 6
3336 1655 3398 1707 δὲ
3436 1653 3728 1725 ἁμαρτωλὸς

2175 1757 2498 1820 ἀπόϐουλος,
2559 1754 2788 1823 ἁδελφὸς
2809 1750 3212 1820 ἐκϐεϐλημένος
3261 1747 3468 1818 βουλῆς
3492 1761 3506 1774 ·
3533 1747 3619 1799 καὶ
3641 1745 3728 1798 Θαο

484 1882 619 1937 Item
647 1878 904 1941 Ahiman,
923 1874 1028 1926 hoc
1051 1878 1157 1932 est,
1176 1866 1350 1920 frater
1379 1875 1535 1916 meus
1564 1857 1706 1912 citra
1732 1853 2024 1908 consilium
2047 1865 2064 1916 ;

2180 1849 2364 1941 λαμὶν,
2388 1847 2445 1909 ὃς
2472 1848 2837 1917 ἑρμηνεύεται
2868 1841 3236 1912 κρεμασμὸς,
3261 1840 3540 1911 μετέωρός
3567 1855 3641 1901 τις
3655 1837 3725 1890 καὶ

489 1984 682 2024 omnes
739 1966 887 2020 enim
951 1960 1151 2014 fratres
1211 1960 1445 2018 shmus;
1479 1959 1534 2003 at
1586 1953 1846 2017 peccator
1897 1942 2068 1995 frater

2180 1939 2274 1992 οὐκ
2302 1937 2716 2008 ἐστηριγμένος.
2749 1932 2866 1998 Οὓς
2906 1931 3115 1988 ἀνελὼν
3162 1935 3190 1986 6
3233 1929 3443 1992 Χάλεϐ,
3494 1931 3583 1982 ἐπὶ
3627 1928 3724 1991 τοὺς

489 2062 650 2128 inops
704 2054 930 2112 consilii
980 2063 1087 2116 est,
1148 2046 1385 2104 consilio
1446 2041 1718 2111 dcjeclus.
1777 2031 2066 2089 Thalamiu

2180 2029 2562 2092 κατοικοῦντας
2591 2024 3257 2096 ἀναϐαίνειΔαϐεὶρ,ἥτις
3273 2018 3342 2093 ἦν
3382 2022 3534 2084 πόλις
3572 2022 3725 2092 Γραμ-

486 2123 746 2219 denique,
781 2145 898 2216 qui,
936 2144 985 2199 si
1014 2138 1418 2209 interpreteris,
1444 2140 1532 2188 est
1557 2128 1862 2200 suspensio,
1893 2123 2070 2182 subli-

487 2243 805 2310 misaliquis
826 2252 1019 2294 verum
1051 2248 1246 2305 parum
1281 2230 1514 2286 solidus.
1547 2224 1764 2292 Quibus
1791 2220 2071 2275 interem-

490 2337 598 2408 ptis
679 2331 850 2386 Caleb
917 2328 986 2382 ad
1049 2325 1261 2380 incolas
1345 2317 1516 2374 Dabir
1601 2311 1892 2377 ascendit,
1951 2319 2074 2378 quas

487 2405 619 2482 olim
649 2425 797 2478 dicta
829 2431 950 2477 erat
978 2419 1112 2472 urbs
1143 2417 1433 2479 librorum,
1469 2420 1750 2480 quamque
1781 2405 2062 2469 interpre-

489 2520 598 2573 tari
638 2519 782 2580 licet,
819 2503 1074 2567 elocutio.
1109 2507 1421 2563 Putandum
1452 2515 1586 2557 vero
1610 2507 1696 2554 est
1757 2496 1902 2548 hanc
1940 2503 2068 2545 esse

459 2647 464 2650 -
495 2609 538 2664 S
573 2613 834 2677 ripturam
856 2615 1114 2659 veterem.
1136 2601 1268 2667 Quae
1291 2597 1568 2664 scriptura
1597 2605 1696 2647 seu
1728 2587 1852 2643 libri
1880 2587 2074 2638 vocata

493 2673 968 2773 quarm-ridentem
1019 2693 1390 2748 narrationem
1423 2693 1605 2749 nacta,
1641 2683 1702 2735 fit
1731 2673 2072 2746 eloquentia.

481 2769 774 2848 lsi-omittit
801 2802 931 2842 vero
959 2799 1113 2840 suam
1152 2781 1321 2850 ipsius
1355 2778 1522 2832 filiam
1544 2773 1593 2829 ei
1629 2772 1724 2842 qui
1759 2769 2075 2836 Scripturas

497 2885 724 2952 ceperit.
753 2878 918 2948 Capit
947 2891 1077 2930 vero
1135 2873 1328 2926 urbem
1371 2864 1686 2928 Guthoniel,
1719 2876 1882 2931 quem
1913 2860 2080 2912 inter-

500 2974 830 3045 pretaberis,
855 2966 1146 3033 Responsio
1182 2963 1294 3015 Dei.
1328 2957 1561 3026 Quando
1603 2953 1741 3008 mihi
1777 2952 1921 3004 Deus
1985 2963 2077 3002 re-

500 3062 807 3133 sponderit,
866 3061 1041 3118 factus
1115 3069 1236 3108 sum
1303 3047 1592 3118 responsio
1650 3045 1768 3098 Dei.
1797 3040 2082 3096 Exscindit

500 3170 632 3209 vero
668 3155 879 3205 litteras
905 3148 1074 3201 frater
1107 3144 1295 3200 Calebi
1328 3143 1542 3212 junior,
1577 3140 1682 3192 hoc
1703 3145 1810 3198 est,
1846 3149 1990 3188 unus
2015 3146 2079 3186 ex

500 3244 662 3317 4,93
685 3201 952 3296 Ecclesia.
976 3239 1092 3292 Non
1113 3237 1257 3291 enim
1279 3201 2085 3303 amplius’circumcidorjuxta
2113 3201 2156 3258 (ἶ

503 3316 771 3396 litteram,
808 3348 916 3387 non
963 3329 1174 3384 Pascha
1224 3327 1465 3391 celebro,
1515 3338 1623 3375 non
1680 3332 1870 3389 azyma
1920 3316 2082 3379 facio,

505 3442 615 3484 non
649 3426 944 3480 Sabhatum
982 3435 1108 3490 ago.
1141 3421 1220 3472 Ac
1273 3416 1461 3470 fratris
1490 3413 1595 3467 mei
1651 3409 1888 3467 senioris
1956 3407 2087 3462 stir-

505 3535 625 3594 pem
660 3518 883 3576 sortior,
926 3515 1020 3584 qui
1054 3513 1198 3566 ﬁlius
1237 3509 1340 3563 fuit
1375 3509 1586 3570 Cenez,
1620 3518 1783 3573 quem
1811 3501 2087 3568 interpre-

503 3592 712 3666 tabcris
744 3607 959 3660 malitia
993 3619 1090 3659 seu
1123 3603 1328 3656 vilitas.
1391 3599 1598 3664 Quales
1655 3596 1713 3649 in
1772 3592 2087 3664 gentilismo

508 3703 736 3757 fuimus.
770 3699 923 3752 Talis
962 3711 1094 3750 vero
1129 3693 1302 3746 frater
1329 3690 1518 3745 senior
1560 3702 1672 3740 non
1701 3684 1829 3750 fuit,
1879 3683 1977 3753 qui
2024 3681 2088 3736 fi-

507 3793 614 3846 lius
640 3789 966 3859 .Iephunnae,
1004 3785 1109 3838 hoc
1160 3792 1266 3848 est,
1299 3794 1466 3845 curae,
1499 3777 1756 3832 exstitit:
1801 3773 1896 3844 qui
1952 3771 2088 3828 mihi

509 3886 601 3938 dat
632 3883 823 3944 filiam,
879 3879 1027 3934 sicut
1058 3876 1330 3945 scriptum
1363 3879 1448 3928 est
1481 3889 1495 3925 :
1533 3888 1552 3922 ι
1592 3868 1896 3922 Auferetur
1930 3880 1962 3920 a
1996 3879 2092 3919 vo-

510 3978 595 4031 bis
625 3989 847 4044 regnum
889 3969 1006 4032 Dei,
1032 3977 1086 4021 et
1121 3967 1327 4037 populo
1357 3965 1698 4028 conferetur,
1743 3960 1837 4030 qui
1877 3959 2091 4013 fructus

509 4083 644 4123 suos
683 4067 794 4120 edit
823 4063 888 4115 '°.
927 4082 945 4115 ι
976 4060 1150 4126 Quam
1188 4073 1218 4112 e
1249 4059 1414 4111 domo
1465 4056 1644 4125 patris
1678 4053 1936 4122 ejectam,
1995 4063 2093 4104 su-

513 4173 610 4228 per
658 4157 812 4209 asinu
841 4168 1003 4224 quem
1026 4152 1313 4205 solverunt
1365 4146 1649 4216 discipuli,
1679 4144 1845 4198 veho.
1903 4139 2092 4196 Preci-

515 4249 621 4306 bus
665 4256 846 4301 autem
875 4242 1315 4299 benedictionem
1386 4248 1676 4309 paternam
1745 4230 2091 4303 impetravit,

2177 2124 2384 2196 μάτων,
2415 2123 2507 2175 καὶ
2534 2119 2897 2192 ἑρμηνεύεται
2929 2115 3134 2170 λαλιά.
3166 2115 3412 2184 Νοητέον
3455 2115 3511 2167 δὲ
3553 2114 3722 2184 ταύτην

2174 2219 2274 2287 τὴν
2300 2215 2535 2269 παλαιὰν
2559 2209 2700 2266 εἶναι
2716 2211 2940 2283 Γραφήν
2969 2227 2983 2241 ·
3016 2209 3051 2280 ἢ
3068 2208 3383 2278 καλουμένη
3409 2206 3720 2278 Γραμμάτων

2177 2310 2386 2379 γίνεται
2411 2306 2594 2372 λαλιὰ,
2630 2303 2871 2375 τυχοῦσα
2901 2302 3131 2372 συνετῆς
3174 2299 3514 2370 διηγήσεως.
3555 2299 3716 2366 Ἐπαγο

2177 2401 2428 2480 γέλλεται
2454 2401 2511 2453 δὲ
2561 2397 2663 2471 τὴν
2695 2395 2893 2451 ἑαυτοῦ
2927 2394 3208 2464 θυγατέρα
3255 2390 3336 2462 τῷ
3388 2390 3489 2450 τὰς
3544 2391 3580 2442 Γ
3584 2389 3712 2462 pacti;

2180 2491 2384 2544 ἐλόντι’
2406 2489 2499 2543 καὶ
2527 2488 2796 2559 λαμϐάνει
2846 2485 2946 2557 τὴν
2982 2484 3138 2537 πόλιν
3166 2481 3445 2552 Γοθονιὴλ,
3476 2480 3532 2544 ὃς
3583 2482 3718 2551 ἐρμη-

2181 2584 2398 2639 νεύεται
2440 2581 2789 2648 Ἀπόκρισις
2823 2577 2996 2634 Θεοῦ.
3032 2577 3204 2630 ὀταν
3241 2594 3332 2647 μοι
3377 2574 3505 2641 Θεὸς
3529 2572 3722 2644 ἀποκρί-

2181 2692 2362 2746 νηται,
2379 2673 2578 2742 γέγονα
2604 2672 2900 2742 ἀπόκρισις
2915 2669 3075 2723 Θεοῦ.
3115 2670 3405 2725 Ἐκκόπτω
3424 2673 3480 2724 δὲ
3499 2671 3559 2723 τὰ
3575 2666 3722 2738 γράμ·

2190 2783 2360 2836 ματα,
2389 2763 2615 2832 ἀδελφὸς
2639 2763 2715 2815 ὣν
2741 2760 2924 2814 Χάλεϐ
2952 2763 2981 2815 6
3003 2761 3292 2832 νεώτερος,
3310 2763 3576 2816 τουτέστιν
3598 2755 3722 2812 ὸάπὺ

2185 2859 2284 2928 τῆς
2324 2855 2672 2925 Ἐκκλησίας.
2712 2856 2826 2908 Οὐκ
2857 2856 2938 2908 ἔτι
2970 2856 3080 2926 γὰρ
3108 2855 3508 2926 περιτέμνομαι
3529 2850 3720 2905 κατὰτὸ

2183 2950 2444 3022 γράμμα,
2479 2950 2539 3001 ού
2571 2949 2762 3016 Πάσχα
2794 2947 2957 3011 ποιῶ,
2977 2947 3078 3000 οὐκ
3103 2947 3312 3016 ἄζυμα,
3337 2950 3394 3001 οὐ
3425 2944 3720 3008 σαϐϐατίζω.

2187 3043 2299 3097 Kal.
2330 3041 2424 3094 τοῦ
2459 3039 2688 3109 ἀδελφοῦ
2734 3057 2835 3110 μου
2867 3038 2960 3092 τοῦ
2991 3039 3357 3111 πρεσϐυτέρου
3388 3039 3626 3110 λαμϐάνω
3671 3034 3721 3088 τὸ

2187 3135 2459 3205 γέννημα,
2492 3135 2520 3186 6
2547 3132 2644 3186 τοῦ
2674 3133 2850 3195 Κενὲζ
2884 3132 3001 3195 υἱὸς
3030 3133 3282 3202 γεγονὼς,
3311 3132 3366 3195 ὃς
3387 3131 3719 3201 ἑρμηνεύεται

2187 3229 2556 3298 φαυλισμός.
2602 3226 2807 3280 Ὀποῖοι
2847 3227 3160 3295 γεγόναμεν
3198 3227 3245 3278 oi
3290 3223 3344 3288 ἐξ
3389 3223 3562 3286 ἐθνῶν,
3624 3221 3712 3274 τοῦ

2188 3321 2564 3393 πρεσϐυτέρου
2597 3320 2827 3389 ἀδελφοῦ
2862 3319 2938 3392 μὴ
2970 3323 3216 3375 τοιούτου
3243 3321 3578 3390 τυγχάνοντος.
3607 3310 3705 3368 Ἦν

2188 3414 2298 3484 γὰρ
2328 3414 2442 3476 υίὸς
2491 3410 2728 3483 Ἰεφοννὴ
2753 3413 2854 3479 τῆς
2881 3413 3242 3482 ἐπιστροφῆς.
3284 3414 3370 3476 Ὃς
3417 3409 3575 3462 δίδωσί
3624 3423 3703 3476 μοι

2187 3505 2287 3576 τὴν
2316 3504 2592 3572 θυγατέρα
2622 3503 2769 3557 κατὰ
2810 3503 2871 3556 τὸ
2903 3505 3315 3576 γεγραμμένον,
3372 3522 3389 3555 ι
3428 3501 3713 3571 Ἀρθηοεται

2189 3599 2282 3665 ἀφ’
2314 3597 2468 3668 ὑμῶν
2493 3598 2526 3666 ἡ
2555 3595 2807 3666 βασιλεία
2850 3595 2945 3649 τοῦ
2972 3596 3131 3662 Θεοῦ,
3173 3597 3266 3650 καὶ⁸
3291 3595 3554 3666 δοθήσεται
3585 3589 3724 3643 ’ἐθνει

2189 3689 2434 3742 ποιοῦντι
2469 3690 2596 3753 τοὺς
2628 3690 2876 3761 καρποὺς
2902 3689 3096 3758 αὐτῆς.
3131 3707 3151 3741 ι
3215 3689 3322 3741 Ἦν
3376 3684 3604 3740 ἐκϐαλὼν
3648 3679 3723 3734 τοῦ

2189 3780 2339 3832 οἴκου
2365 3779 2458 3833 τοῦ
2489 3780 2718 3850 πατρὸς,
2753 3765 2840 3832 ἐπ’
2867 3779 2989 3832 ὄνου
3023 3779 3197 3850 φέρω,
3229 3779 3290 3832 ὃν
3323 3778 3513 3831 ἔλυσαν
3568 3776 3613 3828 οί
3643 3790 3723 3844 μα·

2192 3871 2352 3942 θηται
2379 3889 2392 3902 ·
2423 3872 2519 3924 καὶ
2538 3869 2599 3935 ἐξ
2622 3872 2893 3939 αἰτήσεως
2923 3870 3181 3939 εὐλογίαν
3243 3869 3438 3940 εἴληφε
3472 3864 3730 3936 πατρικήν.

2192 3963 2304 4017 Καὶ
2333 3961 2602 4032 λαμϐάνει
2635 3961 2902 4017 Γονέθλαν
2953 3963 3054 4032 τὴν
3083 3963 3236 4016 κάτω
3262 3961 3619 4032 ’κληρονομεί
3645 3954 3734 4025 γὰρ

2193 4057 2297 4107 κὰν
2325 4053 2405 4124 τῷ
2428 4055 2657 4125 παρόντι
2690 4053 2794 4124 βίῳ
2825 4055 2888 4108 τὸ
2921 4055 3184 4125 σχολάσαι
3209 4054 3330 4124 Θεῷ
3357 4072 3370 4085 ·
3389 4056 3484 4109 καί
3506 4049 3737 4105 Γονέθλαν

2192 4144 2292 4215 τὴν
2318 4145 2429 4199 ἄνω
2460 4159 2474 4175 ·
2506 4144 2670 4215 ἡγὰρ
2697 4143 2839 4198 κατὰ
2873 4144 3006 4198 Θεὸν
3037 4145 3384 4217 μακαριότης
3440 4139 3740 4210 ἐπαγγελίαν

2194 4235 2306 4307 ἔχει
2339 4235 2506 4306 ζωῆς,
2537 4238 2631 4288 καὶ
2665 4236 2763 4306 τῆς
2802 4234 3106 4306 παρούσης,
3174 4235 3399 4303 καὶτῆς
3454 4231 3741 4305 μελλούσης.

513 4353 568 4398 et
596 4343 804 4409 accepit
838 4339 1045 4404 irrigua
1078 4335 1366 4388 inferiora.
1399 4330 1540 4383 Nam
1597 4336 1654 4383 et
1687 4327 1742 4380 in
1801 4325 1905 4378 hac
1957 4336 2076 4394 prte-

2199 4331 2407 4401 ’ᾙτησε
2435 4329 2493 4382 δὲ
2518 4327 2748 4399 ταύτην,
2775 4329 2852 4390 ὡς
2877 4331 2958 4392 εἰς
2983 4329 3044 4382 τὸ
3067 4329 3166 4398 τῆς
3228 4327 3576 4399 μεσημϐρίας
3627 4339 3748 4392 πεμ-

511 4436 656 4492 senti
685 4434 796 4487 vita
852 4429 1170 4485 haereditate
1233 4424 1520 4493 acquirit,
1594 4430 1658 4475 ut
1706 4432 1932 4488 operam
1984 4415 2076 4470 Det

2196 4421 2408 4491 πομένη
2437 4419 2609 4491 κλίμα
2639 4419 3095 4490 καταυγασθῆναι
3125 4419 3207 4490 τῷ
3235 4420 3452 4472 ἐκεῖθεν
3482 4416 3636 4487 φωτὶ,
3665 4411 3748 4466 καὶ

513 4529 645 4583 dare
675 4526 890 4597 possit;
918 4531 974 4577 et
1010 4519 1352 4588 superiorem
1388 4515 1652 4582 stirpem:
1685 4509 1925 4564 felicitas
1945 4506 2076 4563 enin

2197 4513 2266 4606 τῇ
2308 4509 2402 4606 τοῦ
2429 4509 2565 4606 Θεοῦ
2606 4508 3122 4582 ἐξυπηρετήσασθαι
3179 4509 3499 4579 ἀποκρίσει,
3549 4505 3638 4560 καὶ
3686 4500 3752 4570 τῷ

513 4620 698 4675 divina
753 4615 1175 4686 promissionem
1207 4608 1372 4663 habet
1417 4606 1544 4661 vita:
1598 4611 1653 4658 et
1697 4601 1989 4672 praesentis
2038 4613 2076 4653 el

2199 4602 2299 4671 τῆς
2325 4603 2538 4656 ἐκείνου
2571 4602 2878 4672 παρουσίας
2906 4600 3106 4672 καιρῷ.
3137 4599 3394 4667 Γοθονιὴλ
3437 4599 3565 4670 γὰρ,
3621 4597 3750 4652 ἁπό-

516 4711 734 4765 fmurze.
774 4706 1078 4761 Postulavit
1113 4716 1240 4756 vero
1271 4714 1336 4755 ea
1363 4712 1474 4767 quo
1515 4697 1569 4750 in
1609 4695 1893 4749 meridiem
1926 4691 2076 4745 miss:

2195 4711 2393 4762 κρίσις
2419 4693 2592 4758 Θεοῦ,
2625 4694 2885 4765 ἢκαιρός
2911 4711 3014 4762 μοι
3043 4692 3344 4766 ΘεοῦπΚαὶ¹
3377 4689 3623 4758 εὐλογίαν
3645 4688 3755 4754 λαμο

516 4805 722 4859 lumiue
751 4802 861 4854 illic
910 4807 1105 4854 exorto
1142 4797 1538 4854 illustraretur,
1569 4788 1663 4843 Dci
1693 4789 1820 4841 item
1855 4783 2076 4838 oraculi:

2197 4787 2420 4840 ϐαίνουσι
2453 4785 2534 4857 τῷ
2573 4786 2831 4839 καλοῦντι
2859 4787 3095 4856 ἑτοίμως
3137 4785 3581 4856 ἀποκρινόμενοι.
3640 4774 3752 4832 Τοῦ·

514 4907 570 4951 et
600 4895 774 4963 ipsius
823 4891 1094 4945 adventus
1149 4896 1391 4956 tempore
1449 4883 1745 4937 coleretur.
1797 4877 1932 4932 Nam
1988 4875 2097 4930 ου-

515 4991 726 5042 thouiel
763 4986 1037 5053 responsio
1069 4981 1168 5034 Dei
1222 4989 1328 5043 est,
1363 4963 1479 5030 aut
1513 4975 1739 5041 Tempus
1788 4971 1918 5024 mihi
1976 4969 2092 5022 Dei.

515 5079 922 5134 BelicdiCliDltiS
952 5089 1173 5145 quoque
1215 5069 1515 5141 participes
1551 5067 1689 5119 fiunt
1715 5063 1810 5134 qui
1870 5060 2093 5116 vocanti

516 5173 769 5242 expedite
803 5169 1161 5239 respondent.
1194 5165 1353 5218 Hunc
1393 5176 1530 5215 sane
1558 5169 1811 5211 austrum
1872 5155 2093 5210 hortum

517 5281 678 5319 suum
718 5266 1032 5332 perspirare
1067 5259 1121 5312 in
1192 5255 1422 5308 (iantico
1476 5250 1825 5306 canticorum
1887 5248 2099 5316 Optavit

516 5368 743 5425 Sponsa.
793 5349 1212 5422 Expergiscere,
1253 5345 1477 5414 Aquilo,
1508 5343 1764 5412 inquiens
1801 5357 1816 5392 :
1877 5358 1896 5390 ι
1936 5336 2095 5401 Veni,

517 5450 720 5501 Auster
754 5454 808 5500 et
840 5446 1003 5515 perﬂa
1023 5445 1241 5497 bort'tm
1279 5437 1539 5494 meum".
1571 5454 1590 5486 ι
1627 5432 1735 5489 Nec
1765 5448 1874 5488 non
1904 5429 2085 5484 Haba-

591 5583 635 5615 "
668 5579 855 5638 Matth.
896 5599 973 5648 xl,
998 5579 1088 5634 9.9.
1163 5580 1207 5612 ’⁷
1235 5577 1370 5632 Luc.
1411 5590 1518 5642 xiv,
1567 5575 1656 5632 Η.
1723 5569 1768 5603 ⁸⁸
1802 5567 1988 5625 lPetr.
2017 5582 2068 5631 νυ

2228 5565 2272 5597 ³³
2309 5565 2448 5620 Gen.
2485 5580 2673 5633 xxxrv,
2703 5565 2758 5620 2.

521 5668 595 5708 tv.
648 5653 732 5705 16.

2194 4894 2287 4929 τον
2313 4877 2570 4946 ἠϐούλετο
2602 4880 2694 4930 τὸν
2720 4878 2872 4930 νότον
2897 4877 3225 4930 καταπνέειν
3258 4877 3350 4929 τὸν
3371 4876 3573 4945 ἐαυτῆς
3601 4874 3754 4942 κῆπον

2198 4971 2232 5038 ἡ
2265 4970 2321 5020 ὲν
2349 4967 2427 5039 τῷ
2459 4970 2700 5038 ’ᾼσματι
2729 4967 2838 5023 τῶν
2886 4969 3152 5042 ᾀσμάτων
3211 4968 3396 5038 νύμφη
3425 4985 3439 4998 ·
3503 4963 3754 5032 ἐξεγείρων

2197 5061 2388 5132 βορρᾶ,
2428 5060 2681 5130 λέγουσα,
2727 5061 2820 5114 καὶ
2849 5079 2868 5112 ι
2901 5061 3126 5132 Ἔρχου,
3156 5062 3298 5122 νότε,
3327 5060 3647 5114 διὰπνεῦσον
3673 5051 3757 5120 κῆ·

2196 5155 2296 5207 πόν
2323 5171 2444 5222 μου.
2481 5173 2500 5205 ι
2534 5155 2642 5207 Καὶ
2685 5153 3014 5224 Ἀμϐακοὺμ
3047 5155 3124 5218 δὲ,
3165 5153 3379 5206 ἐκεῖθέν
3420 5167 3585 5222 φησιν
3623 5146 3757 5216 ἥξειν

2195 5245 2286 5298 τὸν
2313 5245 2466 5312 Θεὸν,
2493 5245 2569 5308 ὡς
2589 5246 2696 5298 ἀπὸ
2746 5246 2840 5298 τοῦ
2891 5245 2993 5315 τῆς
3044 5246 3391 5318 μεσημϐρία;
3442 5243 3641 5315 φωτός.
3693 5234 3756 5286 Τὸ

2197 5337 2327 5406 γὰρ,
2359 5355 2378 5388 ι
2433 5337 2490 5389 '0
2520 5337 2651 5400 Θεὸς
2681 5335 2790 5389 ἀπὸ
2825 5337 3040 5409 Θαιμὰν
3063 5339 3204 5408 ἥξει,
3239 5323 3512 5402 οῖ’λοιποί,
3538 5332 3650 5390 ἀπὸ
3670 5324 3760 5382 τοῦ

2190 5428 2372 5482 νότου
2412 5429 2786 5500 ἡρμήνευσαν.
2817 5447 2835 5480 ι

2842 5565 2886 5599 ³ο
2922 5565 3115 5621 Matth.
3157 5580 3286 5632 ιιι,
3316 5563 3406 5618 ιε.
3519 5561 3559 5592 ιι
3621 5557 3760 5613 Cant.

1989 5697 2225 5754 ΝΟΤᾸΞ.

635 5818 747 5891 (Η)
783 5814 842 5867 '0
871 5811 1094 5883 Πέτρος.
