3956 6408
325 390 464 458 1033

1447 382 1988 483 COMME‘NTARII
2035 381 2116 440 IN
2155 377 2413 474 JUSUE.

323 523 426 565 cuc
483 520 646 578 porro
698 505 823 578 hine
859 510 1147 558 venturum
1215 499 1415 568 inquit,
1478 497 1667 558 Deum,
1733 493 2192 566 quemadmodum
2255 494 2347 546 lux
2381 507 2410 545 ιι
2468 489 2730 546 meridie.

323 577 588 656 Thomam
623 577 830 659 veniet,
875 616 892 647 ι
933 591 1129 662 reliqui
1155 590 1218 644 ab
1248 599 1432 643 austro
1468 597 1597 644 sunt
1630 583 1997 656 interpretati.

3475 365 3608 430 1034

2825 485 2984 564 illud.
3015 486 3158 539 enim
3199 501 3212 538 :
3287 481 3520 540 vilicus
3577 499 3609 541 ε

397 692 499 746 Καὶ
532 695 562 744 ό
606 687 959 751 Ἰεϐουσαῖος
1005 661 1318 749 κατῴκησε
1358 682 1428 736 ἐν
1469 678 1900 748 Ἰερουσαλὴμ,

2085 667 2149 722 Et
2179 667 2456 720 Jebusu'us
2496 665 2754 718 habitavit
2803 664 2854 716 iu
2882 661 3208 724 Jerusalem,
3274 677 3364 714 uer.
3418 668 3608 729 potue-

324 784 420 837 καὶ
457 784 564 833 οὐκ
600 779 1042 848 ἠδυνάσθιισαν
1070 775 1184 830 υἱοὶ
1231 773 1429 829 Ἰούδα
1462 771 1769 826 ἀπολέσαι
1803 773 1915 824 αὑ-

324 877 469 939 τούς
490 889 504 905 ο
541 873 637 925 καὶ
667 869 1030 937 κατῴκησαν
1055 871 1108 922 οὶ
1136 865 1480 922 Ἰεϐουσαῒοι
1509 866 1577 918 ἐν
1620 865 1919 931 Ἰερουσα-

322 968 448 1036 λὴμ
469 965 579 1030 ἓως
619 963 729 1031 τῆς
757 961 984 1031 ἡμέρας
1012 960 1261 1026 ταύτης.

409 1053 744 1124 Ἐρωτητέον
774 1053 900 1114 τοὺς
928 1053 994 1104 ἐκ
1017 1050 1218 1112 παντὸς
1243 1051 1451 1122 τρόπου
1487 1045 1919 1119 προϊσταμένους

325 1149 421 1202 τοῦ
456 1147 811 1216 γράμματος,
848 1143 970 1207 πῶς
1005 1143 1112 1205 ἓως
1152 1143 1250 1210 τῆς
1284 1142 1524 1211 σήμερον
1559 1137 1774 1208 ἡμέρας
1814 1154 1920 1207 φη.

330 1243 452 1304 civ;
488 1240 630 1310 ὅπερ
653 1240 710 1289 ἐν
741 1239 810 1308 τῇ
844 1237 1039 1306 Γραφῇ
1076 1235 1240 1305 μέχρι
1297 1235 1395 1302 τῆς
1454 1231 1766 1293 συντελείας
1823 1229 1916 1282 τοῦ

331 1331 600 1401 παρόντος
665 1327 864 1390 αἰῶνος
912 1328 1084 1398 δηλοῖ,
1127 1325 1268 1380 κατὰ
1328 1324 1409 1387 τὸ,
1472 1343 1490 1374 ι
1525 1317 1688 1384 Οὗτος
1738 1320 1920 1392 πατὴρ

334 1422 634 1476 Μωαϐιτῶν
665 1420 770 1483 ἓως
811 1421 910 1490 τῆς
945 1421 1188 1488 σήμερον
1220 1417 1460 1488 ἡμέρας.
1502 1435 1520 1467 ι
1582 1415 1689 1467 Καὶ
1747 1414 1916 1466 πάλιν

337 1533 356 1566 ι
396 1515 486 1581 Μὴ
517 1511 790 1580 ἀπόστητε
824 1509 928 1562 ἀπὸ
966 1509 1172 1582 Κυρίου
1203 1511 1261 1562 ὲν
1285 1510 1406 1570 ταῖς
1465 1507 1711 1577 σήμερον
1763 1504 1906 1575 ἡμέ-

335 1623 479 1676 ραις,
517 1624 533 1655 ι
567 1604 689 1657 ἀντὶ
721 1600 839 1663 τοῦ,
874 1603 998 1655 ὅσον
1025 1601 1086 1653 το
1119 1601 1365 1670 σήμερον
1391 1599 1661 1652 καλεῖται.
1700 1597 1918 1668 Μηκέτι

332 1694 426 1750 οὖν
449 1696 558 1750 τῶν
586 1694 718 1746 υἱῶν
763 1693 932 1745 Ἰούδα
958 1692 1362 1745 κατοικούντων
1415 1692 1474 1744 ἐν
1535 1688 1918 1761 Ἰερουσαλὴμ,

335 1787 455 1849 πῶς
481 1789 509 1840 6
550 1785 874 1846 Ἰεϐουσαῖος
903 1786 1044 1838 οἰκεῖ
1069 1786 1188 1854 μετ’
1226 1781 1393 1838 αὑτοῦ
1421 1801 1436 1850 ;
1491 1781 1782 1853 τοιγαροῦν
1827 1781 1920 1834 ἐπί

331 1898 382 1934 τι
423 1878 614 1946 νοητὸν
640 1877 1046 1949 ἀναδρὰμωμεν
1081 1878 1289 1948 ὅμοιον,
1315 1878 1414 1943 τὴν
1453 1875 1717 1947 περὶτῶν
1758 1875 1918 1940 ζιζαο

333 1973 462 2026 νῖων
511 1969 793 2040 εἰληφότες
829 1967 1254 2040 παραϐολήν-ἂ
1307 1967 1386 2038 τῷ
1435 1967 1568 2038 σίτῳ
1625 1967 1919 2020 κατέλειπε

2021 770 2146 815 runt
2186 759 2288 828 ﬁlii
2317 757 2464 810 Juda
2503 776 2590 811 eos
2618 758 3004 821 exterminare,
3046 755 3136 809 sed
3201 755 3405 828 mansit
3445 752 3613 808 Jebu-

2021 871 2160 908 sums
2193 867 2312 904 cum
2343 851 2475 918 ﬁliis
2505 848 2655 902 Juda
2689 847 3080 918 Hierosolymis
3117 863 3282 916 usque
3341 846 3398 900 iu
3469 861 3613 915 pra»

2021 953 2218 999 sentem
2242 943 2382 994 diem
2415 939 2556 1012 μιν,
2593 939 2706 1012 65].

2092 1033 2434 1091 Consulendi
2501 1034 2808 1087 litterarum
2866 1030 3127 1086 omnibus
3186 1030 3438 1086 numeris
3491 1045 3611 1084 ma-

2023 1129 2185 1201 gistri
2251 1127 2676 1191 ahsolutissimi,
2739 1141 2846 1196 qua
2901 1127 3116 1180 ratione
3163 1126 3231 1180 ad
3283 1124 3613 1179 hodiernum

2023 1236 2200 1290 usque
2249 1219 2391 1273 diem
2443 1219 2612 1271 dii-at.
2671 1215 2786 1271 liae
2851 1217 2997 1271 enim
3083 1215 3346 1286 loquendi
3425 1214 3608 1268 forma

2023 1309 2558 1364 consummationem
2627 1306 2794 1376 hujus
2860 1305 3146 1376 praesentis
3207 1305 3396 1360 seaculi
3458 1303 3615 1358 Scri-

2025 1411 2184 1472 ptura
2256 1399 2536 1471 signiﬁcat
2585 1399 2744 1468 juxta
2797 1397 2932 1452 illud
2980 1397 3140 1452 :«llie
3199 1406 3354 1467 pater
3407 1395 3618 1451 Moabi-

2023 1503 2204 1546 tarum
2259 1499 2345 1545 est
2398 1490 2452 1544 in
2516 1489 2848 1542 hodiernum
2928 1501 3106 1556 usque
3181 1485 3325 1541 diem
3369 1487 3434 1540 ³³.
3473 1505 3493 1538 ι
3551 1484 3619 1538 Et

2024 1583 2224 1638 iterum
2260 1599 2272 1634 :
2313 1601 2330 1632 ι
2377 1578 2452 1634 Ne
2485 1579 2757 1634 deﬁciatis
2811 1593 2841 1632 a
2895 1577 3128 1631 Domino
3171 1577 3457 1633 hodiernis
3502 1576 3620 1631 die-

2024 1674 2149 1727 bus.
2190 1691 2208 1724 ι
2243 1671 2348 1726 Pro
2377 1686 2472 1730 eo,
2507 1669 2754 1740 quandiu
2781 1683 2992 1727 nomen
3037 1667 3201 1721 hodie
3235 1666 3422 1720 durat.
3477 1667 3618 1720 Cum

2025 1767 2211 1836 itaque
2244 1763 2343 1818 ﬁlii
2372 1760 2512 1817 Juda
2533 1762 2933 1832 llierosolymae
2951 1777 3062 1817 non
3082 1760 3330 1815 habitent
3357 1761 3618 1829 amplius,

2024 1855 2306 1928 quomodo
2335 1855 2552 1909 habitat
2579 1853 2872 1910 Jebusaeus
2899 1868 3026 1908 cum
3084 1853 3168 1910 eis
3193 1855 3218 1908 ?
3269 1853 3624 1924 Quapropter

2028 1963 2224 2007 sensus
2277 1945 2704 2003 similitudinem
2744 1945 3096 2016 indagemus,
3137 1959 3306 2016 quam
3371 1945 3439 2000 de
3475 1946 3624 2000 ziza-

343 2019 454 2026 ν--σ-
515 2019 792 2040 -~~-..-—--
1076 2019 1142 2040 ".7
1225 2019 1250 2022 νγ
1359 2023 1370 2038 .
1743 2019 1750 2020 κ

335 2061 786 2126 συναυξάνεσθαι,
811 2059 885 2130 μὴ
919 2059 1292 2132 συνεκριζωθῇ
1325 2057 1535 2121 τούτοις
1571 2060 1598 2110 6
1622 2060 1787 2120 σῖτος.
1832 2056 1922 2110 Ἐν

2032 2042 2140 2098 niis
2200 2039 2462 2111 parabola
2485 2039 2885 2108 suppeditabit.
2917 2037 2990 2091 Ea
3015 2039 3161 2092 enim
3188 2053 3314 2092 cum
3347 2038 3624 2093 frumento

331 2157 441 2228 γαρ
469 2155 534 2224 τῇ
589 2151 888 2222 Ἐκκλησία
916 2151 1052 2204 εἰσὶν
1114 2150 1432 2203 Ἰεϐουσαῖοι
1492 2148 1922 2218 καταπατούμε-

333 2263 434 2309 νοι,
474 2243 791 2316 ἁμαρτωλοί
843 2260 900 2295 τε
925 2243 1020 2295 καὶ
1061 2242 1160 2310 τῆς
1195 2242 1435 2303 πίστεως
1485 2240 1782 2310 ἀλλότριοι.
1811 2239 1923 2292 Καὶ

331 2339 434 2391 οὑκ
465 2337 528 2390 ἄν
551 2354 634 2397 τις
654 2337 710 2388 ὲν
749 2334 827 2402 τῷ
849 2333 1078 2403 παρόντι
1090 2331 1316 2385 παύσειε
1342 2331 1442 2401 βίῳ
1471 2329 1748 2393 τοιούτους
1775 2328 1922 2398 ἔχειν

332 2429 432 2498 τὴν
475 2426 822 2493 Ἐκκλησίαν,
856 2425 950 2477 καῖ¹
979 2426 1156 2492 μόνων
1187 2421 1452 2512 ὑπάρχειν
1487 2421 1678 2489 ἁγίων.
1729 2421 1794 2473 Ti
1816 2423 1924 2493 γὰρ

338 2518 402 2569 ἂν
433 2534 516 2578 τις
537 2518 781 2586 ποιήσειε
821 2515 948 2586 περὶ
973 2515 1080 2568 τῶν
1113 2513 1430 2584 ἀμφιϐόλων
1450 2512 1813 2584 ἁμαρτωλῶν,
1835 2514 1924 2566 ὅτε

337 2611 432 2660 καὶ
462 2609 588 2670 τοὺς
611 2609 887 2678 φανεροὺς
921 2606 1247 2673 ἁπελάσειε;
1278 2609 1347 2660 τὰ
1377 2608 1434 2661 δὲ
1463 2609 1626 2677 ὅμοια
1654 2607 1748 2660 καὶ
1797 2608 1926 2677 περ).

334 2697 430 2752 τοῦ
477 2699 715 2768 Ἐνρραῖμ
743 2715 906 2766 φησιν
931 2701 964 2768 ἡ
991 2698 1181 2766 Γραφή
1209 2714 1224 2729 ·
1255 2717 1273 2749 ι
1307 2699 1419 2751 Καὶ
1482 2699 1582 2751 οὑκ
1641 2699 1925 2752 ἀπώλεσεν

349 2788 589 2858 Ἐφραῒμ
616 2790 707 2841 τὸν
743 2790 1046 2843 Χαναναῖον
1073 2787 1164 2841 τὸν
1195 2789 1552 2842 κατοικοῦντα
1582 2791 1640 2842 ὲν
1659 2787 1856 2861 Γαζέρ.
1901 2809 1920 2840 ›

335 2910 409 2921 -
447 2898 466 2931 ι
504 2882 614 2932 Καὶ
644 2880 884 2951 κατῴκει
915 2883 942 2933 6
971 2881 1274 2942 Χαναναῖος
1302 2882 1359 2932 ὲν
1383 2879 1459 2950 τῷ
1497 2881 1736 2950 Ἐερραῒμ
1765 2881 1925 2952 μέχρι

336 2971 438 3039 τῆς
469 2971 686 3041 ἡμέρας
719 2971 944 3042 ταύτης.
998 2991 1015 3022 ι
1062 2971 1304 3042 Ἐφραῒμ
1333 2973 1411 3035 δὲ,
1445 2974 1821 3041 καρποφορία
1845 2975 1929 3045 ἑρ-

341 3059 662 3131 μηνεύεται.
713 3061 771 3113 Ὁ
803 3061 1172 3132 καρπονρορῶν
1207 3059 1300 3116 οῦν
1326 3063 1387 3115 οὑ
1417 3063 1640 3117 δύναται
1669 3065 1759 3118 τὸν
1812 3066 1928 3119 Xa-

338 3154 578 3216 ναναῖον,
613 3151 674 3205 τὸ
708 3153 932 3222 σπέρμα
990 3153 1049 3205 τὸ
1107 3151 1388 3223 ἀλλότριον
1444 3155 1505 3206 τὸ
1544 3157 1928 3227 κατηραμένον

338 3245 627 3300 ἐκϐάλλειν
658 3246 766 3298 ἀπὸ
822 3247 918 3314 τῆς
941 3249 1127 3316 χώρας
1179 3245 1349 3298 αὑτοῦ
1411 3245 1517 3308 ἕως
1560 3247 1660 3317 τῆς
1712 3247 1928 3318 ἡμέρας

2035 2148 2294 2189 crescere
2329 2131 2602 2200 permisit,
2638 2145 2706 2184 ne
2767 2130 2932 2184 sinuil
2987 2145 3117 2185 eum
3169 2131 3252 2186 eis
3281 2130 3622 2185 frumentum

2031 2226 2300 2280 evellatur
2356 2221 2643 2277 radicitus.
2711 2219 2771 2275 in
2810 2219 3054 2276 Ecclesia
3082 2224 3229 2275 enim
3287 2221 3622 2276 conculcan-

2034 2328 2122 2372 tur
2176 2317 2437 2380 Jebuszei,
2472 2316 2574 2370 hoc
2613 2323 2716 2382 est,
2751 2321 3074 2386 peccatores
3131 2326 3184 2370 et
3235 2330 3266 2369 a
3297 2314 3404 2371 ﬁde
3433 2315 3620 2370 alieni.

2033 2409 2147 2464 Nec
2185 2423 2428 2480 unquam
2465 2415 2649 2461 tamen
2701 2407 2756 2461 in
2827 2407 3084 2478 presenti
3129 2407 3240 2462 vita
3305 2405 3626 2479 huiusmodi

2034 2504 2238 2559 habere
2267 2503 2485 2560 desinet
2538 2502 2812 2570 Ecclesia,
2865 2517 2930 2558 ac
2983 2518 3050 2557 ex
3119 2503 3288 2558 meris
3348 2503 3627 2559 constabit

2035 2597 2264 2651 sanctis.
2295 2597 2416 2662 Quo
2445 2595 2593 2650 enim
2645 2595 2769 2652 loco
2805 2595 3004 2651 dubios
3057 2605 3378 2666 peccatores
3434 2603 3623 2666 ponet,

2035 2689 2252 2756 etiamsi
2337 2689 2661 2743 manifestos
2751 2687 3042 2758 abegerit?
3099 2685 3300 2742 Eadem
3373 2702 3508 2742 vero
3557 2689 3626 2741 de

2035 2779 2296 2848 Ephraim
2325 2795 2544 2850 quoque
2586 2779 2875 2849 Scriptura
2910 2780 3110 2833 astruit
3140 2796 3152 2834 :
3196 2798 3215 2830 ι
3249 2777 3360 2835 Nec
3419 2780 3626 2834 delevit

2037 2871 2296 2942 Ephraim
2323 2871 2695 2927 Chananmum
2723 2871 2818 2942 qui
2853 2873 3069 2926 habitat
3135 2872 3191 2926 in
3242 2872 3442 2928 Gazer.
3484 2891 3503 2924 ι
3535 2873 3626 2926 Ait

2036 2965 2181 3020 enim
2227 2983 2240 3017 :
2300 2984 2317 3016 ι
2358 2965 2425 3018 Et
2479 2965 2752 3020 habitavit
2811 2964 3163 3020 Chananaeus
3221 2964 3276 3018 in
3359 2963 3626 3034 Ephraim

2037 3072 2210 3128 usque
2237 3056 2307 3110 ad
2333 3057 2477 3112 diem
2533 3057 2702 3111 hunc.
2734 3077 2752 3110 ι
2790 3056 3050 3127 Ephraim
3105 3069 3235 3110 vero
3271 3055 3625 3124 {ructuositas

2037 3155 2217 3218 potest
2253 3146 2424 3200 reddi.
2458 3145 2804 3201 Fructuosus
2833 3145 3000 3216 igitur
3031 3160 3137 3199 non
3176 3153 3358 3215 potest
3415 3143 3628 3200 Chana-

2037 3255 2238 3302 naeum,
2275 3253 2464 3294 semen
2513 3238 2756 3293 alienum
2821 3245 2876 3292 et
2926 3246 3307 3300 exsecratum,
3336 3251 3367 3292 e
3398 3238 3628 3306 regione

336 3337 562 3406 ταύτης.
604 3339 669 3390 Ὃ
691 3338 755 3408 δὴ
809 3339 941 3406 περὶ
965 3329 1087 3408 τῆς⁸
1106 3338 1436 3407 Ἐκκλησίας
1461 3340 1790 3410 εἰρήκαμεν.
1819 3342 1923 3394 Καὶ

2040 3344 2139 3386 sua
2165 3329 2386 3400 ejicere,
2415 3327 2486 3383 ad
2533 3344 2657 3387 eum
2699 3343 2875 3398 usque
2941 3329 3112 3384 diem.
3160 3327 3318 3394 Quod
3367 3343 3502 3384 sane
3558 3327 3628 3384 de

334 3428 516 3492 ἄλλως
557 3428 616 3481 δέ
636 3445 648 3458 ο
672 3429 746 3482 Ox)
768 3427 992 3482 δύναται
1025 3429 1172 3499 ψυχὴ
1191 3429 1448 3499 καθαρῶς
1495 3430 1852 3502 Ἰερουσαλὴμ
1877 3436 1935 3487 ὲν

335 3519 418 3588 τῷ
450 3519 676 3590 παρόντι
703 3519 803 3588 βίῳ
834 3519 1088 3587 γενέσθαι
1124 3519 1296 3591 μόνην
1327 3522 1554 3591 εἰρήνην
1591 3521 1804 3594 ὁρῶσα,
1843 3530 1938 3579 καὶ

340 3609 508 3680 μηδὲν
541 3611 936 3680 ἁμαρτάνουσα
968 3627 981 3640 ·
1015 3609 1106 3662 τὸν
1135 3611 1371 3681 Χριστὸν
1402 3611 1610 3683 ὁρῶσα,
1657 3613 1753 3666 τοῦ
1786 3614 1925 3668 Θεοῦ

334 3703 434 3773 τὴν
465 3704 713 3773 εἰρήνην,
741 3701 837 3756 καὶ
879 3703 1310 3773 καρποφοροῦσα
1369 3703 1684 3768 διαπαντός.
1737 3707 1931 3771 Οὐδεὶς

335 3796 444 3864 γὰρ
472 3793 711 3864 καθαρὸς
736 3793 846 3847 ἀπὸ
868 3795 1070 3864 ῥύπου,
1103 3797 1198 3848 καὶ
1214 3795 1582 3868 διαλογισμῶν
1603 3797 1923 3869 ἀλλοτρίων·

333 3889 413 3950 ὡς
443 3887 804 3960 εὑρίσκεσθαι
845 3889 1064 3951 πάντως
1104 3889 1429 3944 Ἰεϐουσαῖον
1489 3891 1584 3944 καὶ
1629 3890 1932 3945 Καναναῖον

333 3983 397 4033 ὲν
447 3981 510 4034 Ἰε
522 3980 804 4052 ρουσαλήμ
831 3997 846 4012 ο
871 3982 920 4036 εἰ
947 3981 1044 4034 καὶ
1073 3981 1152 4034 δεῖ
1194 3982 1329 4052 πρὸς
1351 3981 1452 4053 τὴν
1467 3981 1672 4036 τούτων
1700 3983 1932 4054 ἐκϐολὴν

332 4069 722 4138 ἀγωνίζεσθαι,
789 4069 944 4123 Θεδν’
969 4069 1270 4133 καλοῦντας
1294 4070 1386 4124 τὸν
1425 4070 1586 4140 μόνον
1607 4071 1928 4143 δυνάμενον.

404 4255 601 4326 Τρίτον
631 4255 690 4310 δέ
723 4272 888 4325 φησιν
910 4257 942 4325 ή
966 4257 1005 4308 Γ
1011 4255 1159 4328 ραφὴ
1183 4255 1274 4310 τὸν
1308 4257 1618 4312 Χαναναῖον
1649 4252 1793 4311 εἶναι
1827 4277 1922 4330 με·

327 4344 399 4397 τὰ
437 4343 547 4397 τῶν
579 4345 712 4397 υἱῶν
757 4343 1023 4416 Ἐφραῖμ,
1054 4344 1114 4398 οὑ
1141 4343 1304 4414 ψιλὴν
1348 4345 1612 4416 ἱστορίαν,
1651 4347 1789 4400 ἀλλά
1843 4365 1924 4401 τι·

327 4455 398 4489 να
427 4437 665 4504 δηλοῦσα
700 4439 1000 4508 μυστήρια.
1037 4435 1223 4501 ’Ἅπαξ
1252 4437 1350 4507 μὲν
1383 4438 1495 4508 γὰρ
1553 4440 1772 4510 εἴρηται
1836 4439 1918 4504 τὺ,

333 4550 355 4591 ς
393 4531 507 4583 Οὑκ
530 4529 816 4583 ἀπώλεσεν
861 4529 1107 4601 Ἐφραῒμ
1134 4529 1228 4582 τὸν
1275 4531 1605 4597 Χαναναῖον,
1646 4551 1664 4582 ι
1726 4533 1920 4586 καὶτὰ

327 4620 458 4691 ἑξῆς
493 4620 596 4682 ἓως
622 4619 738 4682 τοῦ,
776 4639 794 4671 ι
829 4621 940 4674 Καὶ
972 4620 1173 4674 ἔδωκεν
1204 4620 1373 4690 αὑτὴν
1399 4621 1600 4691 Φαραὼ
1629 4623 1688 4674 ὲν
1745 4625 1916 4694 φερνῇ

325 4714 398 4782 τῇ
427 4711 661 4784 θυγατρὶ
687 4711 876 4767 αὑτοῦ.
899 4731 916 4762 ι
956 4711 1220 4782 Δεύτερον
1243 4711 1300 4764 δὲ
1330 4713 1591 4783 ἐγενήθη,
1626 4713 1752 4766 ἐπεὶ
1784 4731 1920 4767 κατ-

333 4806 564 4874 ίσχυσαν
593 4806 643 4858 οἱ
665 4805 774 4857 υἱοὶ
817 4805 1058 4876 Ἰσραὴλ,
1079 4805 1175 4859 καὶ
1205 4805 1471 4875 ἐποίησαν
1496 4807 1624 4870 τοὺς
1645 4806 1923 4860 Χαναναί-

326 4913 426 4959 ους
453 4895 731 4966 ὑπηκόους
761 4911 777 4926 ο
815 4896 874 4948 τὸ
897 4895 1105 4966 τρίτον,
1146 4897 1235 4949 ὅτε
1264 4896 1555 4965 ζητοῦντες
1585 4899 1633 4951 0i
1677 4898 1922 4970 Ἑφραῒμ

324 4989 484 5059 παρὰ
531 4987 708 5056 Ἰησοῦ
737 4987 910 5057 μείζω
945 4989 1166 5060 κλῆρον,
1205 4988 1521 5042 κελεύονται
1546 4979 1927 5061 ἐξολοθρεῦσαι

324 5079 425 5134 τὸν
445 5081 772 5145 Χαναναῖον,
793 5080 870 5144 ὡς
893 5079 960 5133 ἂν
987 5081 1066 5143 εἰς
1090 5081 1182 5132 τὸν
1212 5081 1418 5152 δρυμὸν
1431 5081 1766 5148 ἀνελθόντες,
1801 5085 1927 5136 ἑαυ-

321 5173 444 5235 τοῖς
473 5173 841 5244 εύτρεπίσωσι
866 5173 1052 5226 τόπον.
1077 5172 1292 5228 Ουκοῦν
1321 5173 1541 5245 πρῶτον
1569 5178 1595 5228 ὀ
1621 5176 1929 5240 Χαναναῖος

328 5263 454 5338 μεθ’
485 5266 642 5336 ἡμῶν
667 5267 838 5328 ἐστιν,
866 5265 1020 5318 οὐδὲν
1043 5265 1168 5319 καθ’
1199 5268 1356 5338 ἡμῶν
1383 5268 1637 5322 τοσοῦτον
1686 5269 1921 5340 δυνάμε-

323 5375 419 5421 νος
445 5376 458 5389 ·
491 5359 770 5430 ὑπόφορος
803 5359 903 5433 μὲν
928 5357 1024 5424 ὢν,
1060 5361 1159 5430 οὑχ
1188 5361 1430 5433 ὑπήκοος
1452 5362 1532 5426 δὲ,
1556 5361 1677 5416 οὐδὲ
1707 5361 1914 5427 δοῦλος.

321 5452 512 5506 Ταῦτα
543 5453 653 5520 γαρ
679 5452 738 5505 τὸ
761 5451 1016 5520 δεύτερον
1045 5453 1279 5520 γίνεται.
1335 5453 1504 5508 Ὅταν
1538 5455 1645 5526 γὰρ
1691 5455 1774 5509 τὰ·
1813 5473 1918 5509 σωο

326 5543 540 5613 ματικὰ
603 5543 983 5614 ὑποτάσσηται
1015 5545 1081 5615 τῇ
1109 5543 1278 5616 ψυχῇ,
1313 5546 1373 5598 οὑ
1403 5545 1562 5616 μόνον
1625 5546 1742 5599 ἐστὶ
1795 5547 1917 5618 μεθ’

325 5631 509 5702 ἡμῶν,
542 5631 681 5686 ἀλλὰ
717 5632 815 5710 καὶ
840 5631 1046 5696 δοῦλος.
1078 5633 1153 5688 Τὸ
1177 5631 1234 5686 δὲ
1262 5633 1447 5706 τρίτον
1479 5636 1573 5691 ἐὰν
1604 5635 1910 5691 τελειωθῶ-

398 5807 444 5843 "
491 5807 701 5866 llabac.
759 5825 843 5872 Ill,
875 5808 929 5862 ὅ.
1031 5809 1076 5840 ³³
1117 5807 1252 5862 Gen.
1287 5825 1400 5874 xix,
1441 5810 1531 5866 38.
1614 5813 1657 5844 3"
1697 5804 1762 5860 lll
1799 5803 1927 5874 Reg.
1959 5771 1978 5862 ἰ

653 5903 920 5963 ΡΑΤιιοι..
969 5904 1089 5965 Gn.
1125 5905 1494 5969 LXXXVII.

2039 3423 2288 3478 Ecclesia
2311 3422 2678 3480 asseruimus.
2709 3423 2856 3487 Quin
2886 3431 2941 3477 et
2973 3423 3112 3476 alias
3143 3424 3328 3476 anima
3352 3437 3459 3475 non
3491 3437 3629 3492 pure

2037 3512 2342 3568 JeruSalem
2393 3514 2449 3568 in
2495 3513 2600 3568 hac
2661 3515 2776 3568 vita
2826 3514 2944 3568 ﬁeri
2981 3523 3186 3583 p0te5t,
3240 3527 3362 3582 quin
3408 3513 3625 3568 scilicet

2039 3606 2212 3660 solum
2272 3620 2462 3676 pacem
2505 3613 2758 3676 spcctet,
2831 3606 3080 3676 nihilque
3115 3606 3444 3676 delinquat,
3502 3621 3627 3674 qure

2035 3697 2315 3754 Christum
2363 3699 2454 3754 Dei
2497 3713 2689 3770 pacem
2750 3700 3029 3768 respiciat,
3057 3713 3382 3769 semperque
3412 3698 3626 3754 fructus

2037 3790 2228 3855 ferat;
2272 3805 2435 3846 nemo
2479 3793 2625 3846 enim
2673 3808 2847 3862 purus
2892 3800 2976 3847 est
3011 3807 3039 3844 a
3069 3789 3352 3856 sordibus,
3410 3805 3439 3844 a
3475 3791 3626 3860 cogi-
3724 3800 3728 3804 ‘

2038 3885 2339 3939 lationibus
2399 3885 2637 3950 alienis;
2714 3886 2900 3954 itaque
2960 3899 3177 3954 semper
3240 3882 3529 3940 Jebusaeus
3573 3895 3629 3940 et

2035 3973 2460 4027 Chananzeusiu
2509 3972 2816 4026 Jerusalem
2869 3973 3168 4027 invenitur.
3227 3971 3490 4038 Quamvis
3541 3973 3628 4028 di-

2034 4064 2161 4119 vina
2197 4080 2319 4136 ope,
2359 4065 2453 4134 qui
2489 4066 2643 4120 solus
2702 4072 2904 4136 potest,
2954 4065 3272 4135 implorata,
3308 4073 3368 4119 ut
3394 4065 3628 4135 ejician-

2038 4170 2127 4213 tur
2169 4159 2618 4214 contendendum
2651 4164 2760 4214 est.

2106 4251 2278 4306 Porro
2303 4251 2468 4306 tertio
2494 4251 2868 4306 Chananaeum
2893 4265 3018 4306 cum
3048 4251 3172 4308 ﬁliis
3189 4253 3360 4308 Israel
3395 4267 3517 4310 esse
3539 4269 3626 4308 re-

2032 4344 2190 4414 petit,
2223 4358 2288 4398 ae
2324 4359 2431 4398 non
2455 4343 2662 4398 nudam
2705 4345 3107 4410 narrationem,
3146 4360 3340 4400 verum
3412 4355 3616 4417 myste-

2031 4437 2112 4490 ria
2173 4436 2423 4506 quaedam
2460 4435 2742 4506 proponit.
2775 4435 2960 4492 Semel
3020 4440 3168 4492 enim
3235 4438 3450 4492 dictum
3479 4447 3567 4493 est
3603 4456 3619 4492 :

2035 4546 2054 4579 ι
2083 4527 2203 4583 Non
2250 4527 2492 4598 perdidit
2551 4527 2814 4598 Ephraim
2877 4529 3290 4593 Chananzeum,
3320 4547 3338 4579 ι
3399 4537 3453 4582 et
3501 4544 3623 4598 quae

2029 4621 2308 4692 deinceps.
2345 4619 2461 4675 Huc
2495 4636 2712 4691 usque:
2747 4638 2766 4671 ι
2793 4615 2861 4674 Ει
2917 4619 3071 4674 dedit
3114 4633 3236 4674 eam
3285 4618 3502 4674 Pharao
3561 4620 3618 4674 in

2029 4714 2211 4770 dotem
2249 4716 2374 4769 ﬁlim
2395 4731 2510 4771 suae
2543 4713 2608 4768 “.
2655 4733 2673 4766 ι
2706 4711 2966 4768 Secundo
3018 4727 3196 4768 vero:
3251 4709 3480 4766 Factum
3536 4726 3620 4768 est

2031 4823 2157 4862 cum
2191 4808 2555 4862 invaluissent
2585 4805 2680 4860 ﬁlii
2723 4803 2916 4868 Israel,
2959 4800 3037 4860 'et
3101 4803 3352 4860 iecerunt
3400 4803 3620 4859 Chana-

2027 4914 2178 4954 nzeos
2207 4899 2480 4953 subditos.
2511 4896 2705 4954 Tertio
2759 4897 3020 4968 denique,
3051 4896 3274 4969 quando
3313 4895 3616 4967 Ephraimi-

2025 5002 2094 5047 ta-
2129 4988 2351 5046 aJosue
2405 4989 2670 5062 majorem
2727 5001 2934 5047 sortem
2996 4997 3211 5061 petunt,
3262 5005 3328 5044 ac
3398 4989 3617 5044 Chana-

2026 5101 2202 5140 uzcum
2240 5085 2566 5140 exscindere
2592 5083 2890 5154 jubentur,
2917 5093 2976 5137 ut
3000 5083 3088 5137 ubi
3121 5084 3176 5137 in
3206 5084 3400 5138 silvam
3424 5095 3616 5136 ascen-

2027 5175 2208 5230 deriut
2248 5175 2428 5229 locum
2489 5175 2596 5230 sibi
2645 5173 2783 5246 ipsis
2849 5185 3064 5244 parent.
3121 5172 3366 5228 Primum
3426 5173 3614 5244 itaque

2024 5266 2366 5322 Chananmus
2427 5267 2718 5323 nobiscum
2772 5278 2877 5332 est,
2935 5285 3003 5322 ne
3055 5267 3330 5320 tantillum
3387 5265 3611 5336 quidem

2023 5371 2220 5418 contra
2266 5379 2368 5419 nos
2433 5373 2653 5435 petens,
2703 5382 2765 5420 ae
2802 5365 3092 5435 vectigalis
3117 5364 3338 5434 quidem
3379 5372 3484 5427 est,
3510 5378 3614 5417 nec

2025 5472 2220 5512 servus
2271 5467 2478 5524 tamen,
2516 5466 2610 5513 aut
2653 5457 2928 5514 subditus.
2961 5458 3038 5512 Eo
3087 5459 3234 5512 enim
3263 5455 3614 5512 secundode-

2027 5563 2176 5602 mum
2216 5565 2304 5604 res
2355 5550 2520 5606 redit.
2561 5550 2698 5605 Cum
2736 5552 2884 5606 enim
2925 5564 3130 5620 corpus
3158 5551 3354 5604 auinam
3387 5547 3614 5617 subjun-

2023 5651 2173 5694 ctum
2203 5640 2386 5706 fuerit,
2422 5656 2530 5696 non
2558 5642 2737 5696 solum
2766 5641 3053 5696 nobiseum
3080 5651 3183 5706 est,
3209 5656 3396 5695 verum
3416 5654 3610 5692 servus

1988 5824 2038 5872 ξς,
2080 5808 2161 5863 16.

3119 5913 3200 5975 33
