3956 6466
449 365 595 430 1035

1691 433 1694 436 .
1747 373 2106 438 PROCOPII
2143 378 2386 441 GAZAEI

3661 92 3663 94 '
3685 94 3853 122 —x__‘

3558 390 3718 457 1036‘

458 485 674 534 noster.
726 475 917 533 Tertio
942 490 1071 534 vero
1101 477 1195 535 ubi
1229 477 1297 532 ad
1330 477 1729 550 perfectionem
1773 483 2014 557 attigeri-

2136 505 2260 558 μεν,
2297 487 2520 554 τελείως
2549 489 3092 563 ἑξολοθρευθήσεται,
3127 493 3233 547 τῶν
3256 495 3348 548 ἐπὶ
3392 494 3490 566 γῆς
3524 499 3672 564 μελῶν

457 585 605 638 mus,
629 567 873 640 perfecte
893 569 1113 625 demum
1139 570 1516 640 exseindetur,
1555 573 1914 646 membraque
1941 587 2044 632 ter.

454 677 586 718 rena
611 661 940 716 moriuntur.
991 659 1071 715 Ita
1136 661 1565 732 catechumenus
1613 673 1892 735 assumpta
1950 681 2040 720 ra-

453 755 608 809 tione
649 751 954 808 Israelitica
1015 751 1169 806 novit
1225 753 1548 824 procedere.
1607 753 1829 812 Habitat
1873 755 2042 830 494

453 847 599 899 enim
627 859 750 898 eum
804 842 1120 898 Chananaeo
1153 858 1324 900 carne
1362 859 1462 899 sua
1483 859 1673 901 secum
1732 846 2039 904 dissidente

448 935 712 1006 primum.
751 933 959 989 Deinde
989 935 1290 999 serviente,
1345 945 1624 1006 postremo
1685 952 1808 992 cum
1865 940 2039 994 omni-

448 1023 553 1078 bus
576 1023 689 1079 suis
723 1023 1008 1088 membris,
1055 1025 1418 1092 scortatione,
1458 1026 1750 1094 adulterio,
1807 1027 2036 1098 impuri-

449 1124 562 1172 tate
607 1124 824 1171 necata.
864 1135 882 1168 ι
917 1115 1200 1172 Habitavit
1233 1134 1386 1186 vero,
1454 1119 1655 1190 inquit,
1722 1120 1849 1176 'cum
1905 1124 1986 1180 eis
2014 1165 2029 1190 ,

444 1213 622 1266 donec
691 1209 942 1265 ascendit
993 1209 1210 1266 Pharao
1269 1227 1362 1266 rex
1415 1210 1681 1284 Egypti.
1724 1231 1744 1266 ι
1799 1211 2031 1280 Quando

443 1303 607 1359 etiam
637 1302 814 1358 Gazer
852 1302 1008 1358 locus
1031 1301 1324 1359 Chananaei
1366 1303 1490 1359 filia:
1517 1304 1827 1362 Pharaonis
1859 1309 1910 1362 in
1929 1309 2030 1364 do-

444 1401 553 1449 tem
607 1391 768 1448 datus
797 1391 1100 1448 est.Porro
1138 1391 1310 1448 Gazer
1348 1392 1696 1464 interpretari
1732 1395 2028 1456 licet.con-

442 1481 628 1534 lentio.
681 1479 818 1536 Cum
851 1481 998 1536 enim
1029 1480 1186 1536 unita
1251 1481 1654 1552 quodammodo
1695 1493 1750 1540 ct
1805 1494 2026 1544 extenta

441 1586 574 1627 caro
609 1587 734 1627 cum
767 1572 965 1642 spiritu
1000 1572 1056 1627 in
1115 1572 1276 1629 nobis
1319 1573 1507 1640 fuerit,
1581 1590 1689 1630 una
1739 1577 1794 1632 in
1851 1577 2026 1634 Gazer

441 1679 657 1720 sunms.
696 1661 800 1718 Ubi
829 1663 1176 1721 Chananeus
1241 1672 1292 1720 et
1342 1664 1488 1721 ﬁlius
1543 1665 1829 1737 Ephraim,
1893 1669 2019 1725 fru-

441 1763 693 1811 ctuosus.
751 1753 903 1810 Talis
975 1737 1114 1811 vero.
1157 1757 1535 1815 benedictusa
1592 1760 1828 1816 Domino
1884 1778 2022 1834 quo-

2145 581 2706 652 νεκρουμένων.υ⁶ύτω
2731 583 3062 654 προκόπτειν
3089 579 3269 639 οἶδενό
3282 586 3670 658 κατηχούμενος,

2141 673 2234 726 τὸν
2265 671 2608 745 Ἰσραηλίτην
2635 673 2794 744 λόγον
2823 674 3026 732 λαϐώνο
3081 677 3221 731 οίκεῖ
3264 676 3372 748 γὰρ
3428 679 3555 748 μετὰ
3595 681 3673 736 τοῦ

2141 761 2476 829 Χαναναίου,
2510 763 2908 837 στασιαζούσης
2940 765 3106 820 αὐτοῦ
3161 767 3264 835 τῆς
3316 771 3530 839 σαρκὸς,
3575 767 3674 826 εἶτα

2139 853 2507 927 νεκρωθείσης
2535 855 2677 910 κατὰ
2734 857 2844 911 πᾶν
2901 857 3081 928 μέλο;,
3107 859 3385 928 πορνείαν,
3441 863 3670 932 μοιχείαν,

2138 944 2500 1016 ἀκαθαρσίαν.
2523 963 2544 998 t
2573 945 2828 1018 Κατῴκει
2858 947 2938 1014 δὲ,
2963 948 3122 1019 φησὶ,
3153 951 3274 1018 μετ’
3290 951 3486 1019 αὐτῶν,
3509 953 3600 1018 ἕως
3619 955 3672 1008 ἂν

2136 1035 2262 1108 ἔλθῃ
2293 1036 2492 1107 Φαραὼ
2522 1037 2779 1108 βασιλεὺς
2809 1039 3092 1110 Αἰγύπτου
3115 1057 3128 1070 ·
3159 1040 3250 1094 ὅτε
3309 1041 3406 1096 καὶ
3463 1043 3614 1116 Γεζὲρ
3650 1048 3674 1100 ὁ

2133 1127 2302 1192 τόπος
2347 1128 2441 1182 τοῦ
2491 1128 2802 1184 Χαναναίου
2859 1129 3063 1184 δίδοται
3129 1131 3303 1204 φερνὴ
3349 1135 3415 1204 τῇ
3475 1135 3673 1207 θυγατρὶ

2132 1219 2352 1291 Φαραώ.
2385 1219 2564 1289 Γαζὲρ
2591 1220 2670 1285 δὲ,
2693 1220 2968 1288 διάτασίς
2988 1223 3374 1293 ἑρμηνεύεται.
3405 1225 3565 1280 εει-,ἀν
3585 1229 3674 1299 γὰρ

2131 1311 2295 1365 οίονεὶ
2324 1312 2579 1384 ἡνωμένη
2603 1313 2697 1367 καὶ
2717 1311 3080 1384 διατεταμένη
3094 1313 3232 1385 σὰρξ
3260 1315 3399 1385 μετὰ
3420 1316 3510 1370 τοῦ
3535 1319 3673 1370 πνεύ-

2133 1420 2305 1475 ματος
2337 1405 2396 1457 ὲν
2421 1404 2555 1474 ήμῖν
2582 1399 2640 1478 ᾖ,
2673 1403 2810 1474 ὁμοῦ
2836 1406 3004 1476 ἐσμεν
3043 1406 3101 1459 ὲν
3135 1409 3202 1476 τῇ
3235 1406 3434 1478 Γαζέρ,
3459 1407 3488 1462 ὅ
3513 1426 3568 1462 τε
3589 1411 3675 1464 Χα-

2130 1497 2348 1559 ναναῖος
2379 1495 2474 1548 καὶ
2504 1496 2532 1548 ὁ
2561 1495 2675 1560 υίὸς
2707 1494 2950 1568 Ἐφραῒμ
3000 1498 3029 1550 ὁ
3086 1499 3471 1570 καρποφορῶν,
3532 1501 3584 1554 '0
3625 1503 3673 1556 δὲ

2126 1584 2366 1650 τοιοῦτος
2396 1587 2490 1639 καὶ
2513 1587 2591 1650 ὡς
2623 1585 2997 1660 ηὐλογημένος
3034 1588 3140 1642 ὑπὸ
3202 1590 3409 1660 Κυρίου
3460 1591 3672 1663 μείζονος

2125 1676 2502 1740 ἔπιδικάζεται
2553 1676 2778 1749 κλήρου,
2827 1677 2923 1732 καὶ
2981 1677 3186 1750 δρυμὸν
3231 1677 3416 1735 λαϐὼν
3441 1682 3672 1754 ἀκάρπων

2123 1766 2380 1839 δένδρων,
2404 1767 2519 1822 καὶ.
2560 1805 2575 1822 .
2620 1808 2636 1823 .
2673 1768 2876 1841 χωρίον
2907 1769 3012 1822 ὑπὸ
3060 1769 3260 1842 Ἰησοῦ,
3309 1770 3534 1841 ἐκκόψει
3581 1775 3672 1836 τοῖς

439 1849 736 1904 dammodo
771 1849 1034 1920 majorem
1059 1849 1187 1920 jure
1213 1859 1414 1906 sortem
1459 1853 1719 1923 appellat,
1772 1855 2014 1925 silvaque

2128 1859 2280 1924 ίδίοις
2299 1861 2568 1932 καμάτοις
2601 1859 2766 1914 αὐτόν
2785 1877 2799 1890 ·
2827 1859 2915 1914 ἵνα
2945 1859 3177 1931 γένηται
3219 1859 3293 1930 γῆ
3325 1861 3670 1932 καρποφόρος,

437 1940 720 1998 sterilibus
751 1939 1050 1996 arboribus
1085 1941 1323 2008 consita,
1358 1941 1593 2014 locoque
1625 1945 1801 2000 sterili
1850 1961 1878 2000 a
1931 1947 2020 2004 ,Ιο-

438 2048 540 2088 sue
573 2039 795 2101 accepto
827 2031 1050 2102 proprio
1083 2031 1268 2087 labore
1296 2048 1421 2086 eum
1484 2041 1663 2100 eruet,
1705 2050 1814 2102 quo
1871 2045 2015 2093 terra

435 2129 723 2181 fructuosa
769 2125 886 2189 ﬁat,
917 2122 1306 2196 Pherezaeiqne
1325 2141 1389 2182 ac
1413 2125 1681 2198 Rephaim
1717 2129 1769 2183 in
1790 2143 1857 2186 eo
1886 2145 2013 2200 pur-

431 2226 652 2288 gentur.
690 2216 975 2288 Significat
1005 2231 1136 2274 vero
1173 2215 1454 2274 Pherezaei
1509 2218 1876 2286 fertilitatem,
1904 2237 2012 2292 qua

433 2312 602 2366 Deum
652 2309 835 2366 colere
866 2309 1220 2380 increpitans,
1248 2309 1579 2381 frugemque
1629 2309 1860 2366 ferimus
1919 2312 2018 2366 im-

430 2400 718 2466 mundam,
791 2399 1036 2472 peccatis
1117 2399 1464 2471 permistam.
1539 2400 2018 2472 mundationeque

430 2491 789 2562 indigentem.
819 2489 1088 2563 Rephaim
1126 2506 1278 2557 vero,
1306 2491 1403 2563 qui
1424 2493 1674 2562 operitur
1729 2495 2013 2564 matrices,

428 2584 572 2657 quod
624 2583 952 2640 vocabulum
991 2590 1049 2638 ut
1090 2583 1325 2662 validam
1359 2598 1424 2638 ac
1480 2584 1766 2640 robustam
1813 2587 2014 2643 animae

428 2675 836 2732 constituamus
899 2673 1156 2744 feturam,
1222 2672 1504 2731 admonet.
1556 2673 1631 2729 Ea
1653 2676 1916 2732 dicuntur
1945 2677 2010 2732 ad

427 2768 570 2824 filios
583 2765 810 2839 Ioseph,
826 2765 983 2837 cujus
1008 2766 1383 2838 interpretatio
1395 2768 1693 2822 auctarium
1714 2767 1813 2823 Dei
1825 2779 2004 2826 sonat.

497 2864 604 2932 Qui
637 2865 806 2919 etiam
837 2861 1056 2930 dicunt,
1091 2861 1375 2932 equitatus
1423 2861 1674 2918 delectus
1701 2871 1758 2920 et
1799 2863 2006 2921 ferrum

429 2957 570 3028 apud
599 2969 818 3010 omnem
854 2953 1254 3018 Chananaaum,
1309 2954 1592 3024 equitatus
1628 2953 1796 3009 fallax
1827 2957 1893 3011 ad
1917 2971 2011 3012 sa-

429 3048 626 3102 lutem.
681 3044 874 3110 Qualis
905 3058 1040 3100 sane
1101 3043 1158 3099 in
1215 3042 1382 3100 Israel
1411 3059 1521 3100 non
1549 3045 1856 3115 invenitur,
1906 3063 2010 3104 nec

429 3151 581 3192 arma
611 3149 850 3207 quoque.

499 3226 582 3282 Ad
612 3241 750 3296 quos
780 3223 928 3280 haud
960 3223 1367 3296 ineptedictum
1395 3235 1500 3296 est,
1521 3227 1754 3294 Quando
1783 3226 2004 3284 Chana-

2124 1954 2562 2024 καθαρισθέντων
2583 1955 2644 2006 ὲν
2667 1950 2816 2024 αύτῷ
2840 1951 3151 2022 Φερεζαίων
3175 1952 3274 2007 καὶ
3311 1953 3557 2022 Ῥαφαῖν.
3583 1956 3672 2024 Δη-

2121 2046 2205 2100 λοῖ
2224 2046 2280 2100 δὲ
2305 2044 2368 2098 τὸ
2407 2045 2506 2116 μὲν
2533 2043 2840 2113 Φερεζαῖοι,
2865 2043 3243 2116 καρποφορίαν
3286 2042 3354 2114 ἣν
3380 2041 3672 2114 ἀρξαμεν...

2123 2138 2302 2192 σέϐειν
2363 2135 2820 2210 καρποφοροῦμεν
2894 2135 3272 2206 καρποφορίαν
3361 2121 3673 2204 ἀκάθαρτον,

2122 2229 2224 2284 ἀνα
2234 2228 2328 2299 μὶξ
2352 2226 2580 2300 ἔχουσαν
2617 2227 3016 2299 ἁμαρτήματα,
3073 2227 3170 2280 καὶ
3196 2225 3462 2298 δεομένην
3488 2226 3674 2299 καθάρ-

2120 2339 2256 2385 σεως
2293 2321 2390 2373 ’τὸ
2414 2320 2472 2374 δὲ
2515 2317 2762 2388 Ῥαφαῒν,
2816 2319 3110 2390 ἀνειμένας
3145 2319 3382 2391 μήτραςο
3445 2317 3527 2373 ἴνα
3561 2333 3674 2386 σφο-

2118 2416 2244 2488 δρὸν
2273 2415 2368 2470 καὶ
2395 2413 2614 2468 εὔτονον
2634 2414 2696 2468 τὸ
2723 2413 2822 2485 τῆς
2851 2412 3029 2484 ψυχῆς
3075 2410 3550 2484 καταστησώμεθα
3592 2409 3670 2480 γό-

2121 2525 2298 2581 νιμον.
2329 2507 2516 2562 Ταῦτα
2537 2507 2756 2576 λέγεται
2789 2505 2925 2578 πρὸς
2945 2505 3074 2569 τοὺς
3123 2503 3274 2568 υἱοὺς
3347 2502 3572 2573 Ἰωσήφ,
3618 2498 3672 2563 ὃς

2121 2599 2488 2673 ἑρμηνεύεται
2506 2597 3106 2672 ῖπροσθήκηᾙυριου.

2182 2866 2380 2931 Ἵππος
2411 2865 2664 2931 ὲκλεκτὺς
2703 2865 2798 2920 καὶ
2845 2865 3064 2935 σίδηρος
3093 2865 3152 2918 ἐν
3190 2867 3357 2917 παντὶ
3377 2859 3652 2930 Χαναναίῳ.

2113 2958 2307 3022 Ἵππος
2335 2958 2535 3030 ψευδὴς
2559 2961 2638 3022 είς
2673 2957 2966 3028 σωτηρίαν,
3001 2957 3060 3019 ὃς
3101 2957 3160 3010 έν
3211 2955 3426 3028 Ἰσραήλ
3469 2956 3558 3026 οὐχ
3583 2953 3660 3007 εὖ·

2116 3051 2385 3122 ρίσκεται,
2416 3051 2511 3104 καὶ
2547 3051 2764 3121 σίδηρος
2795 3047 3110 3120 πολεμικός.

2181 3226 2372 3291 Καλῶς
2395 3227 2607 3299 εἴρηται
2628 3225 2710 3290 τὸ,
2727 3226 2836 3281 Kal
2855 3225 2984 3280 ὅταν
3005 3223 3180 3289 ὲξολοθ
3189 3221 3382 3295 ρεύσῃς
3397 3223 3481 3276 τὸν
3497 3223 3656 3276 Χανα-

432 3335 608 3378 meum
639 3320 1055 3391 cxstirpaveris.
1103 3318 1236 3376 Nam
1269 3321 1315 3383 si
1367 3321 1659 3385 manserit,
1694 3321 2000 3378 lsraelitam

2120 3322 2276 3374 ναῖον.
2304 3319 2498 3374 Μένων
2521 3320 2650 3390 γὰρ,
2683 3319 2778 3373 καὶ
2803 3317 2896 3372 τὸν
2921 3317 2978 3373 ὲν
2994 3318 3126 3388 ἡμῖν
3155 3315 3476 3387 Ἰσραηλίτην
3494 3313 3648 3379 σπέρ-

429 3413 524 3484 qui
580 3412 722 3467 inter
751 3426 852 3466 nos
891 3417 1069 3466 estex
1093 3411 1302 3466 semine
1331 3405 1553 3467 Juda’in
1589 3412 2006 3468 Chananaicum

2120 3429 2190 3480 μα
2219 3410 2440 3464 Χαναὰν
2470 3386 2564 3463 καὶ
2583 3386 2684 3462 οὐκ
2733 3409 2904 3463 Ἰούδα
2959 3386 3124 3461 ποιεῖ.
3181 3386 3309 3478 Πρὸς
3343 3405 3396 3458 ὃν
3431 3402 3526 3470 ἔφη
3564 3399 3636 3464 τὸ,

429 3501 704 3558 traducet.
743 3498 828 3555 Ad
860 3513 1021 3570 quem
1056 3499 1256 3570 inquit,
1317 3497 1516 3556 Forma
1544 3511 1596 3557 te
1625 3501 1861 3573 decepit.
1894 3503 2014 3558 Cae-

429 3603 606 3649 terum
669 3599 846 3649 cesset
900 3590 1026 3658 hoc,
1056 3607 1120 3648 ac
1146 3593 1323 3648 simus
1364 3593 1460 3648 lilii
1499 3595 1732 3650 formam
1767 3596 2006 3652 Abrahae

428 3693 484 3740 et
526 3692 742 3756 patrum
793 3681 1119 3751 electorum,
1171 3697 1338 3754 super
1391 3699 1586 3742 omnes
1620 3701 1750 3743 vero
1797 3687 2006 3745 Christi

427 3786 704 3846 gerentes.

499 3865 835 3937 Congregata
863 3872 945 3920 est
963 3865 1210 3920 uniuersa
1265 3867 1450 3922 concio
1479 3865 1658 3923 Israel
1681 3870 1738 3924 in
1764 3869 1904 3936 Silo,
1955 3883 2010 3930 et

427 3970 548 4028 qua:
587 3955 870 4028 deinceps.
890 3956 1024 4012 Sors
1050 3955 1122 4012 de
1157 3972 1265 4028 qua
1295 3957 1352 4013 in
1393 3957 1700 4030 Scriptura,
1730 3976 1840 4017 non
1892 3961 2011 4020 for-

430 4051 572 4106 tuita
603 4057 690 4106 est
716 4049 911 4119 quales
945 4048 1108 4121 vulgo
1145 4057 1301 4118 stmt,
1335 4049 1504 4106 veluti
1538 4067 1663 4108 cum
1687 4053 1845 4120 dicit,
1872 4053 2008 4112 Sor-

427 4154 538 4200 tem
601 4141 722 4208 Dei,
777 4140 833 4196 e't
881 4148 1088 4197 sortem
1119 4141 1462 4214 depulsionis
1489 4144 1786 4200 malorum.
1819 4143 1951 4203 Item
1985 4165 2000 4203 :

431 4236 610 4292 Moses
641 4233 890 4292 sortibus
923 4241 1126 4288 terram
1159 4233 1242 4289 eis
1323 4231 1646 4300 Iordanem,
1680 4233 1853 4292 Josue
1905 4253 2006 4294 au-

429 4337 536 4385 tem
563 4337 718 4384 trans
749 4340 876 4380 eum
909 4323 1218 4381 distribuit.
1266 4325 1372 4392 Qui
1409 4324 1540 4380 item
1567 4323 1642 4378 ait
1681 4341 1697 4380 :
1734 4344 1754 4380 ι
1792 4325 2004 4383 Mittam

335 4427 340 4433 '
427 4430 664 4486 sortem;
708 4437 728 4472 ι
760 4419 888 4472 item
924 4433 941 4472 :
978 4435 998 4470 ι
1061 4415 1348 4473 Proferam
1407 4424 1614 4474 sortem
1645 4431 1836 4486 coram
1900 4419 2004 4474 Do-

329 4507 332 4512 ’
427 4515 596 4570 ιιιίιιο.
638 4531 656 4564 ι
691 4509 815 4567 Non
878 4509 1110 4585 fortuito
1147 4511 1334 4580 itaque
1366 4509 1499 4565 illud
1545 4510 1766 4568 cecidit.
1801 4510 2006 4568 'l'ribus

425 4609 572 4662 etaim
624 4603 916 4675 Beniamin
945 4603 1124 4674 primo
1181 4603 1419 4658 sortitur
1444 4617 1564 4658 eam
1601 4611 1815 4674 partem
1879 4617 2006 4674 qua

2113 3501 2310 3566 Καλῶς
2347 3500 2662 3573 ὲξηπάτησέ
2711 3517 2792 3556 σε.
2846 3500 3094 3554 ’Δπέστω
3148 3497 3234 3573 δὲ.⁸
3267 3495 3536 3561 τοῦτο,καὶ
3560 3509 3649 3562 γε·

2109 3565 2340 3660 νοίμεθα
2392 3565 2595 3644 τέκνα.
2639 3589 3048 3661 μεμορφωμένα
3133 3565 3380 3660 Ἀέραάμ
3443 3601 3502 3638 τε
3570 3583 3660 3636 καὶ

2111 3681 2368 3756 πατέρων
2399 3682 2508 3736 τῶν
2556 3681 2852 3748 ἐκλεκτῶν,
2900 3683 3038 3754 ὑπὲρ
3092 3681 3304 3744 πάντας
3340 3679 3396 3732 δὲ
3424 3675 3514 3732 τοῦ
3541 3677 3666 3746 Χρι-

2110 3791 2258 3829 στου.

2177 3866 2284 3921 Καὶ
2301 3865 2719 3935 ἑκκλησιάσθη
2731 3863 2900 3922 πᾶσα
2919 3863 3244 3936 συναγωγὴ
3271 3863 3416 3920 υἱῶν
3439 3859 3635 3931 Ἰσραὴ
3650 3861 3675 3912 ι

2105 3953 2190 4018 εἷς
2220 3950 2414 4018 Σηλώ.
2450 3951 2564 4022 Οὐχ
2589 3951 2664 4015 ὡς
2693 3952 2752 4004 ὲν
2778 3952 2842 4022 τῇ
2880 3949 3142 4020 συνηθείᾳ
3173 3948 3490 4020 συντυχικδς
3511 3943 3679 4014 ὁκλῆο

2111 4040 2420 4112 ρος,οὖτως
2453 4041 2512 4095 ὲν
2570 4042 2636 4111 τῇ
2703 4039 2919 4110 Γραφῇ,
2961 4038 3050 4091 ὅτε
3093 4036 3244 4106 λέγει
3297 4036 3503 4106 κλῆρον
3528 4031 3678 4096 Θεοῦ,

2106 4132 2200 4186 καὶ
2260 4132 2460 4204 κλῆρον
2516 4131 2934 4202 ἀποπομπαίου.
3002 4127 3110 4182 Kal
3167 4129 3412 4198 Μωῦσῆς
3444 4126 3506 4180 δὲ
3551 4123 3684 4178 κατὰ

2107 4224 2345 4297 κλήρους
2373 4224 2472 4296 τὴν
2501 4223 2608 4296 πρὸ
2649 4222 2915 4294 Ἰορδάνου
2939 4221 3176 4291 γῆν,καὶ
3208 4219 3413 4290 Ἰησοῦς
3431 4220 3532 4289 τὴν
3557 4216 3687 4290 μετὰ

2105 4317 2294 4372 τοῦτον
2319 4317 2608 4387 διένειμεν.
2642 4316 2739 4378 Ὃς
2795 4313 2890 4368 καί
2929 4328 3086 4383 φησι,
3137 4329 3156 4365 ι
3195 4307 3354 4364 Βαλῶ
3403 4310 3631 4380 κλῆρον.
3657 4325 3686 4362 ‘s

2105 4408 2238 4476 Kal,
2271 4427 2290 4462 ι
2326 4407 2556 4475 Ἑξοίσω
2575 4403 2810 4460 ἐνώπιον
2847 4404 3058 4476 Κυρίου
3087 4403 3185 4458 τδν
3229 4401 3455 4472 κλῆρον.
3498 4421 3519 4454 ι
3552 4401 3692 4454 Ούκ-

2104 4501 2199 4558 οὖν
2237 4501 2298 4556 οὐ
2318 4498 2680 4572 συντυχικῶς.
2711 4495 2988 4568 Δαγχάνει
3028 4495 3140 4567 γὰρ
3173 4495 3206 4565 ή
3241 4493 3384 4564 φυλὴ
3435 4493 3698 4564 Βενιαμὶν
3771 4531 3774 4534 .

2106 4593 2298 4665 πρώτη
2343 4593 2480 4646 ὅπου
2504 4586 2574 4664 ἦν
2617 4588 2998 4662 Ἰερουσαλὴμ,
3040 4587 3134 4641 καὶ
3166 4585 3366 4655 ἑφεξῆς
3396 4585 3458 4638 αί
3487 4584 3697 4637 λοιπαί.

425 4697 747 4752 continebat
775 4692 1112 4762 Jerusalem,
1146 4703 1203 4749 et
1231 4692 1499 4764 deinceps
1549 4695 1796 4764 reliquae.
1854 4696 2003 4749 Inter

2120 4684 2207 4739 Ἐν
2233 4679 2322 4747 αἶς
2346 4683 2404 4736 αἱ
2450 4684 2600 4754 τρεῖς
2628 4681 2738 4736 τῶν
2786 4677 3092 4737 παιδισκῶν
3145 4676 3239 4730 τοῦ
3279 4674 3489 4730 Ἰακὼὸ
3519 4676 3706 4730 τελευ-

2178 4777 2202 4786 -
2291 4775 2308 4786 .
2448 4773 2460 4786 ,
2695 4772 2738 4786 ..
2783 4772 2796 4786 .
2861 4770 2876 4786 .
2951 4769 3064 4786 ..μ
3110 4767 3207 4786 -.ι
3256 4765 3704 4786 nubta”.--

424 4807 564 4863 quas
592 4800 705 4848 tres
721 4805 786 4846 ex
819 4786 1234 4844 ancillisJacob
1276 4789 1441 4845 editae
1478 4799 1788 4860 postremas
1817 4801 2003 4862 partes

2120 4777 2259 4830 ταῖαι
2291 4773 2644 4844 λαγχάνουσι.
2695 4772 2806 4826 Kal
2858 4770 2918 4823 ὲν
2945 4769 3126 4832 ἄλλοις
3157 4767 3214 4821 δὲ
3246 4765 3354 4819 Δὰν
3379 4766 3704 4828 τελευταῖος

425 4881 736 4940 sartitionis
763 4881 1032 4936 obtinent.
1061 4878 1211 4935 Inter
1227 4880 1365 4938 alias
1401 4897 1532 4938 vero
1566 4897 1632 4937 ex
1657 4882 1850 4938 liberis
1867 4899 2004 4939 uxo-

424 4974 583 5030 ribus
601 4981 754 5028 ortas
783 4969 902 5026 Dan
954 4969 1152 5024 ultimo
1179 4983 1520 5026 recensetur.
1555 4972 1647 5026 Ait
1673 4987 1806 5028 vero
1843 4972 2002 5030 Salo-

425 5080 550 5119 mon
584 5063 642 5119 in
709 5059 1050 5128 Proverbiis,
1106 5058 1531 5116 Contentionem
1585 5062 1736 5116 sistit
1780 5077 1902 5120 sors
1932 5063 1998 5119 ³⁵.

427 5153 528 5220 Qui
583 5167 683 5209 nec
721 5153 778 5208 in
834 5149 1184 5223 principibus
1207 5151 1333 5204 lites
1388 5165 1514 5206 esse
1555 5158 1706 5208 sorte
1736 5162 2004 5222 praesente

427 5245 583 5301 dicit.
639 5241 813 5299 Porro
835 5241 1044 5298 ethnici
1082 5254 1311 5311 quoque
1357 5249 1564 5306 sortes,
1597 5242 1695 5298 sed
1718 5258 1827 5298 non
1884 5244 2002 5315 pari

424 5337 613 5400 modo,
697 5341 993 5405 usurpant,
1058 5332 1528 5404 quemadmodum
1592 5346 1776 5390 nautae
1837 5351 2004 5407 super

425 5421 588 5480 Jona.
643 5423 704 5478 In
769 5421 920 5480 Novo
972 5422 1202 5494 insuper
1258 5420 1617 5478 Testamento
1643 5424 1690 5456 “
1725 5425 2002 5492 apostolos

425 5527 649 5586 quoque
671 5513 920 5570 invenies
967 5512 1508 5570 sortibusMatthiam
1541 5515 1595 5570 in
1621 5513 1777 5570 Julia:
1815 5515 1998 5570 locum

427 5616 670 5671 creasse,
701 5617 764 5660 ac
797 5603 1055 5674 precibus
1103 5619 1270 5676 super
1303 5605 1486 5674 ipsum
1532 5604 1847 5660 derolutam
1877 5619 1998 5659 sor-

501 5778 546 5810 "
573 5775 732 5834 Prov.
769 5781 1034 5845 “111,18.
1071 5779 1115 5812 ³⁸
1130 5779 1250 5835 Act.
1280 5795 1318 5846 ι,
1340 5777 1430 5835 26.

2109 4868 2443 4939 εὑρίσκεται.
2480 4865 2592 4920 Kal
2613 4867 2640 4918 6
2673 4861 2926 4939 Σολομὼν
2954 4861 3012 4914 δέ
3031 4875 3195 4930 φησιν
3222 4861 3279 4912 ὲν
3315 4859 3671 4931 Παροιμίαις
3691 4872 3704 4886 ⁸

2121 4957 2454 5028 Ἀντιλογίας
2481 4956 2646 5011 παύει
2680 4953 2882 5024 κλῆρος
2905 4969 2919 4984 ο
2952 4952 3074 5005 οὐδὲ
3106 4953 3166 5004 ὲν
3216 4950 3522 5012 δυνάσταις
3564 4951 3708 5002 ἀντι-

2105 5051 2294 5120 λογίαν
2325 5029 2466 5102 είναί
2505 5063 2658 5118 φησι,
2684 5045 2950 5116 παρόντος
2994 5043 3221 5115 κλήρου.
3260 5041 3368 5096 Καὶ
3391 5041 3622 5098 ἐθνικοὶ
3653 5042 3710 5098 δὲ

2106 5141 2346 5216 χρῶνται
2373 5140 2618 5211 κλήροις,
2647 5137 2761 5192 ἀλλ’
2797 5137 2896 5206 οὐχ
2925 5135 3150 5205 ὁμοίως,
3182 5134 3256 5196 ὥς
3286 5134 3378 5186 ἐπὶ
3407 5133 3516 5190 τοῦ
3554 5134 3712 5188 Ἰωνᾶ

2107 5237 2156 5289 οἱ
2189 5233 2574 5304 συμπλέοντες.
2600 5231 2710 5287 Καὶ
2741 5231 2799 5283 ὲν
2823 5231 2890 5300 τῇ
2911 5229 3089 5298 Καινῇ
3109 5227 3166 5281 δὲ
3193 5225 3319 5289 τοὺς
3351 5226 3715 5293 ἀποστόλους

2105 5328 2380 5398 εὑρήσεις,
2412 5325 2639 5397 κλήροις
2667 5323 2789 5379 ἀντὶ
2825 5321 2996 5376 Ἰούδα
3045 5321 3138 5374 τὸν
3166 5317 3422 5374 Ματθίαν
3451 5321 3713 5392 προϐάλο

2103 5418 2314 5480 λοντας,
2335 5416 2434 5486 τῆς
2463 5417 2631 5487 εὐχῆς
2651 5413 2746 5467 ἐπὶ
2760 5410 2953 5466 τοῦτον
2975 5407 3311 5478 ἐνεγκούσης
3343 5406 3442 5460 τὸν
3471 5408 3711 5480 κλῆρον.

2103 5510 2377 5582 Εύρήσεις
2398 5509 2456 5563 δὲ
2482 5507 2670 5562 τοῦτον
2699 5505 2794 5560 καὶ
2818 5503 2912 5558 ἐπὶ
2927 5500 3168 5572 Χριστοῦ
3193 5498 3500 5569 φθάνοντα,
3521 5501 3627 5553 καὶ
3646 5498 3718 5552 τὰ

2105 5603 2204 5674 τῆς
2247 5601 2576 5672 Ἐκκλησίας
2604 5597 2699 5654 ἐπὶ
2721 5595 2834 5651 τῶν
2861 5592 3208 5664 σωζομένων·
3238 5589 3558 5664 μυστήρια.
3613 5587 3722 5644 Λέ-
