3956 6466
370 413 505 481 1037

1498 396 2049 469 COMMENT'ARH
2088 408 2167 468 1N
2213 407 2478 468 JOSUE.

3496 410 3635 473 1038

368 520 520 574 γεται
548 501 655 575 γὰρ
673 500 807 574 πρὸς
847 497 1121 569 Ἐφεσίους
1148 496 1277 567 περὶ
1306 496 1541 567 Χριστοῦ
1569 511 1581 525 ο
1625 515 1642 546 ι
1667 497 1757 549 Ἐν
1785 491 1827 563 ᾧ
1857 494 1952 547 καὶ

2080 509 2163 547 em
2198 510 2340 549 csse.
2376 493 2627 550 Invenies
2658 508 2824 565 porro
2852 494 2989 549 lianc
3026 508 3190 564 super
3229 494 3509 551 Cliristum
3540 515 3630 553 ve-

365 593 786 666 ἐκληρώθημεν,
837 589 1256 662 προορισθέντες
1295 588 1436 641 κατὰ
1479 587 1739 659 πρόθεσιν
1769 588 1861 640 τοῦ
1889 586 1958 637 τὰ

366 687 549 741 πάντα
577 683 932 753 ἐνεργοῦντος
954 681 1097 735 κατὰ
1128 681 1230 751 τὴν
1269 679 1526 752 βούλησιν
1559 679 1654 733 τοῦ
1685 679 1958 749 ὀνόματος

366 777 534 833 αὐτοῦ
562 794 575 808 ·
610 777 691 839 εἰς
726 776 786 829 τὸ
832 772 971 827 εἶναι
1031 774 1179 843 ἡμᾶς
1212 774 1291 835 εἰς
1339 770 1561 826 ἔπαινον
1588 771 1746 842 δόξης
1763 772 1955 836 αὐτοῦ,

366 871 491 934 τοὺς
537 864 952 940 προηλπικότας
1011 867 1070 918 ὲν
1112 861 1189 934 τῷ
1209 861 1453 934 Χριστῷ.
1488 880 1507 915 ι
1534 863 1646 916 Καὶ
1672 863 1810 935 πρὸς
1847 865 1960 917 Κο-

366 962 629 1022 λασσαείς
652 975 667 990 ·
693 978 712 1011 ι
743 954 1210 1030 Εὐχαριστοῦντες
1223 954 1300 1025 τῷ
1320 956 1499 1028 Πατρί
1515 954 1594 1024 τῷ
1627 954 1959 1009 ἱκανώσαντι

367 1055 515 1124 ἡμᾶς
554 1055 636 1115 εἰς
668 1051 769 1120 τὴν
841 1049 1040 1121 μερίδα
1078 1047 1172 1101 τοῦ
1215 1048 1424 1119 κλήρου
1456 1047 1564 1101 τῶν
1590 1047 1762 1116 ἁγίων
1787 1048 1844 1100 ὲν
1876 1044 1961 1116 τῷ

367 1145 529 1215 φωτί.
560 1162 579 1196 ι
612 1144 841 1214 Μήποτε
871 1138 964 1195 οὖν
987 1156 1172 1210 φασιν,
1196 1139 1271 1203 ὼς
1320 1140 1379 1191 ὲν
1407 1136 1716 1208 ἀνθρώποις
1760 1138 1961 1208 κλῆροι

367 1237 631 1304 γίνονται,
700 1234 846 1287 οὕτω
906 1233 1001 1287 καὶ
1056 1234 1115 1286 ὲν
1142 1231 1476 1301 δυνάμεσιν;
1526 1230 1611 1293 Ὠς
1643 1230 1710 1283 ἂν
1750 1225 1845 1284 οῦν
1877 1228 1959 1299 μὴ

371 1328 507 1398 πρὸς
535 1328 697 1398 χάριν
731 1326 766 1396 ἡ
806 1324 903 1395 τῆς
932 1324 1032 1395 γῆς
1087 1322 1265 1387 ἔξεστι
1313 1322 1656 1394 διανέμησις,
1704 1323 1960 1391 γίνεσθαι

371 1415 447 1488 τῷ
481 1415 601 1485 Θεῷ
631 1414 719 1467 διὰ
771 1413 992 1484 κλήρων
1034 1413 1242 1485 Ἰησοῦς
1275 1413 1444 1484 αὐτὴν
1493 1414 1801 1487 ἐπιτρέπει.
1829 1416 1962 1467 Τοι-

371 1509 561 1568 ούτους
590 1506 632 1559 δ’
684 1505 750 1560 ἂν
812 1504 1065 1567 εἴποιτις
1102 1505 1383 1573 γεγονέναι
1440 1504 1678 1576 κλήρους
1733 1506 1830 1559 καὶ
1863 1503 1962 1556 ἐπὶ

376 1597 470 1652 τοῦ
497 1594 858 1666 διαμερισμοῦ
883 1594 993 1648 τῶν
1028 1596 1221 1659 ἐθνῶν,
1246 1597 1335 1650 ὅτε
1371 1595 1681 1668 διεμέριζεν
1722 1599 1751 1650 ό
1791 1594 1963 1663 ’Ὑψι-

376 1706 499 1752 στος
529 1689 677 1758 ἔθνη.
698 1689 772 1742 Οὐ
805 1689 913 1759 γὰρ
938 1689 1275 1760 συντυχικῶς
1304 1691 1355 1742 οί
1371 1690 1597 1759 ἄγγελοι
1619 1690 1720 1759 τὴν
1747 1688 1965 1743 τούτων

372 1781 698 1852 ἐπιμέλειαν
757 1780 1098 1847 ἀνεδέξαντο,
1138 1764 1215 1845 ὡς
1262 1782 1387 1835 οὐδὲ
1432 1781 1533 1853 τὴν
1571 1782 1689 1846 ἑνὸς
1721 1781 1962 1835 ἑκάστου

2060 586 2228 648 nisse,
2286 592 2340 638 et
2401 585 2668 642 Ecclesiae
2723 588 2988 658 mysteria
3050 601 3220 656 super
3270 602 3366 642 cos
3394 590 3489 658 qui
3520 605 3636 644 scr-

2060 686 2274 731 vantur.
2307 677 2385 732 Ad
2416 679 2681 748 Ephesios
2707 681 2850 734 enim
2875 679 2942 735 de
2972 680 3192 736 Christo
3218 682 3419 736 dicitur
3448 700 3460 735 :
3488 701 3506 733 ι
3534 682 3637 739 Per

2060 782 2222 836 quem
2247 775 2299 822 et
2332 770 2387 821 in
2414 778 2623 824 sortem
2657 770 2821 825 asciti
2864 785 3079 835 sumus.
3113 772 3488 841 prmdestinati
3546 789 3636 830 se-

2061 861 2300 915 cundum
2337 863 2679 930 propositum
2709 863 2884 931 ipsius
2934 864 3094 934 cujus
3124 865 3169 917 vi
3209 865 3346 919 ﬁunt
3377 866 3636 921 universa

2057 950 2212 1020 juxta
2247 951 2527 1007 decretum
2578 954 2821 1009 nominis
2854 955 2963 1018 sui,
2993 966 3051 1008 ut
3085 956 3260 1010 simus
3287 971 3386 1009 nos
3419 957 3471 1010 in
3520 958 3639 1010 lau-

2061 1041 2184 1094 dem
2245 1040 2435 1110 gloriae
2498 1041 2694 1110 ipsius,
2750 1044 2845 1111 qui
2921 1046 3131 1112 priores
3183 1046 3530 1114 speravimus
3583 1048 3636 1100 in

2062 1129 2372 1185 Christo".
2430 1149 2448 1182 ι
2525 1132 2603 1184 Ad
2660 1130 3019 1190 Colossenses
3082 1140 3212 1191 item
3270 1153 3283 1189 :
3345 1156 3362 1188 ι
3418 1137 3639 1193 Gratias

2065 1228 2292 1289 agentes
2322 1220 2498 1284 Patri,
2533 1220 2626 1289 qui
2659 1222 2891 1277 idoneos
2920 1240 3023 1279 nos
3055 1225 3183 1280 fecit
3242 1228 3307 1281 ad
3342 1230 3642 1299 participa-

2046 1312 2270 1397 ‘tionem
2301 1313 2470 1367 sortis
2498 1321 2828 1368 sanctorum
2884 1315 2939 1369 in
2972 1318 3176 1373 lumine
3200 1318 3267 1371 ³⁸.
3293 1337 3312 1370 ι
3345 1320 3639 1392 Nunquam

2064 1403 2232 1474 igitur
2253 1402 2430 1466 aiunt,
2469 1404 2614 1474 quod
2642 1420 2809 1476 penes
2843 1405 3094 1462 homines
3116 1411 3348 1465 sortium
3386 1415 3458 1466 sit
3478 1430 3646 1467 even-

2066 1503 2173 1559 tus,
2219 1494 2407 1565 itaque
2437 1509 2540 1550 nec
2571 1496 3054 1552 distributionum.
3090 1499 3225 1554 Cum
3256 1518 3386 1559 vero
3412 1505 3466 1558 in
3502 1504 3646 1558 divi-

2066 1586 2222 1641 sione
2278 1599 2440 1641 tcrraa
2470 1588 2665 1654 gratiae
2713 1588 2853 1642 nihil
2903 1588 3148 1644 tribuere
3188 1592 3339 1656 licet,
3381 1594 3491 1649 Deo
3549 1612 3647 1665 per

2066 1685 2246 1732 sortes
2275 1677 2454 1748 ipsam
2488 1678 2679 1732 tradit.
2713 1677 2857 1745 Quid
2898 1694 3043 1745 vero
3099 1681 3372 1750 ejusmodi
3427 1701 3647 1756 quoque

2068 1777 2248 1823 sortes
2315 1768 2372 1821 in
2411 1768 2658 1838 gentium
2713 1768 3008 1835 divisione,
3062 1771 3285 1840 quando
3327 1774 3651 1830 Altissimus

372 1848 571 1945 ψυχὴν,
597 1872 858 1944 θειοτέρῳ
886 1873 943 1927 δὲ
977 1873 1185 1945 κλήρῳ,
1222 1875 1315 1928 καὶ
1345 1848 1500 1945 ὑπὲρ-
1546 1874 1862 1945 ἄνθρωπον.
1896 1871 1962 1925 Οἱ

2078 1869 2256 1929 gentes
2281 1859 2472 1915 divisit
2499 1860 2567 1926 ³³,
2595 1860 2769 1915 factas
2821 1877 2944 1917 esse
2993 1864 3235 1919 obstabit
3265 1865 3487 1921 dicere?
3531 1867 3651 1923 Non

375 1965 431 2019 δὲ
462 1966 591 2034 περὶ
616 1964 718 2033 τῆς
736 1966 838 2034 γῆς
857 1963 1047 2035 κλῆροι
1079 1965 1179 2034 τῆς
1206 1964 1563 2037 κληροδοσίας
1591 1965 1692 2036 τῆς
1730 1961 1961 2036 μελλού-

378 2073 475 2127 σης
498 2057 595 2126 τὴν
616 2040 928 2126 οἰκονομίαν
963 2055 1309 2127 σημαίνουσι.
1345 2055 1513 2110 Σκιὰν
1565 2055 1674 2127 γὰρ
1711 2053 1963 2127 περιέχει

373 2148 444 2201 τὰ
472 2145 677 2200 παλαιᾶ
694 2147 803 2201 τῶν
838 2147 1148 2218 μελλόντων
1197 2146 1442 2216 ἀγαθῶν.
1499 2147 1612 2201 Καὶ
1643 2145 1805 2217 εἰπερ
1841 2145 1963 2197 ἔστι

376 2237 838 2308 προσεληλυθέναι
887 2235 1026 2290 Σιὼν
1083 2238 1222 2308 ὄρει,
1259 2238 1355 2291 καὶ
1384 2238 1540 2292 πόλει
1567 2238 1704 2293 Θεοῦ
1728 2238 1958 2304 ζῶντος,

389 2329 746 2402 Ἰερουσαλὴμ
778 2328 1108 2400 ἐπουρανίῳ,
1139 2329 1281 2383 διατί
1325 2331 1402 2400 μὴ
1453 2330 1642 2402 ὥσπερ
1680 2330 1963 2400 Ἰερουσα-

376 2419 489 2492 λὴμ
514 2421 571 2473 ἐν
605 2419 792 2492 κλήρῳ
819 2421 1011 2489 γέγονε
1038 2420 1134 2473 τοῦ
1159 2421 1443 2492 Βενιαμὶν,
1488 2419 1582 2474 καί
1607 2422 1692 2489 ἐφ’
1720 2421 1966 2488 ἑκάστης

378 2512 571 2583 φυλῆς,
595 2509 708 2565 εἷεν
736 2511 802 2566 ἄν
822 2529 966 2576 τινες
999 2513 1258 2582 ἀνάλογοι
1291 2513 1466 2576 τόποι,
1498 2512 1749 2583 Βηθλεὲμ
1798 2510 1968 2582 τυχὸν

381 2604 476 2656 καὶ
509 2601 737 2673 Χεϐρὼν
762 2603 1100 2674 ἐπουράνιοι,
1133 2604 1274 2657 κατὰ
1308 2604 1409 2675 τὴν
1430 2604 1533 2673 γῆν
1566 2603 1676 2656 τῶν
1710 2604 1967 2673 πραέων;

2064 1948 2207 2003 enim
2223 1957 2426 2005 temere
2440 1962 2631 2005 eorum
2656 1965 2846 2004 curam
2859 1963 3224 2022 susceperunt
3240 1956 3441 2025 angeli,
3458 1971 3651 2026 quem-

2067 2039 2362 2096 admodum
2415 2055 2518 2096 nec
2545 2041 2989 2112 uniuscujusque
3051 2044 3316 2110 animam,
3346 2061 3532 2101 verum
3565 2046 3652 2101 di-

2068 2136 2252 2189 vinam
2284 2148 2348 2188 ac
2381 2135 2505 2204 plus
2534 2149 2699 2203 quam
2724 2133 2967 2188 humana
2996 2144 3168 2190 sorte.
3201 2137 3470 2192 Caeterum
3495 2148 3655 2194 terra:

2071 2227 2237 2296 hujus
2275 2234 2453 2282 sortes
2488 2226 2689 2280 futurae
2744 2226 3054 2282 sortitionis
3084 2227 3492 2285 ordinationem
3543 2246 3655 2301 prae

2072 2318 2359 2383 scierunt.
2392 2318 2590 2376 Vetera
2627 2320 2773 2375 enim
2812 2321 3067 2376 umbram
3103 2322 3417 2380 futurorum
3474 2326 3655 2380 bono-

2070 2426 2192 2464 rum
2215 2412 2524 2468 continent.
2589 2411 2871 2484 Siquidem
2916 2423 3100 2470 autem
3137 2417 3203 2471 ad
3226 2430 3468 2474 montem
3520 2418 3655 2474 Sion

2072 2503 2333 2559 accedere
2365 2505 2542 2569 liuuit,
2578 2506 2647 2561 ad
2678 2508 2872 2562 urbem
2905 2508 3035 2563 item
3094 2510 3186 2564 Dei
3218 2511 3457 2566 viventis
3483 2514 3655 2568 coale-

2073 2608 2210 2652 stem
2234 2597 2539 2654 Jerusalem
2572 2585 2644 2666 ιδ,
2672 2617 2773 2656 cur
2803 2618 2916 2657 non
2952 2603 3079 2659 aliis
3115 2619 3338 2674 quoque
3395 2607 3654 2662 tribubus

290 2732 293 2733 ν
377 2692 841 2764 quemadmodum
893 2693 1061 2748 tribui
1114 2694 1399 2763 Benjamin
1418 2693 1727 2751 Jerusalem
1766 2694 1962 2755 cessit,
2005 2689 2109 2742 loci
2144 2689 2363 2758 quidem
2391 2690 2670 2746 Bethleem
2705 2693 2850 2749 forte
2881 2705 2974 2749 aut
3003 2695 3224 2749 Hebrou
3250 2738 3264 2763 ,
3327 2699 3420 2768 qui
3490 2700 3657 2754 crele-

380 2785 545 2838 stium
602 2785 815 2840 sedium
851 2794 997 2839 terra
1058 2796 1471 2841 mansuetorum
1499 2786 1755 2841 videlicet
1780 2784 2060 2839 rationem
2085 2782 2459 2849 continerent,
2490 2785 2693 2839 cessit?

453 2876 599 2945 Ὅρα
641 2876 732 2929 τὸν
774 2876 984 2948 Ἰησοῦν
1038 2878 1260 2949 ὲπίεικῆ
1315 2895 1376 2931 τε
1428 2877 1572 2947 λίαν,
1608 2877 1831 2947 καὶτῆς
1867 2876 1960 2930 τοῦ

382 2964 630 3036 Σωτῆρος
658 2968 979 3039 ἐπωνυμίας
1002 2967 1243 3035 ἐπάξιον.
1262 2969 1419 3024 Μετὰ
1446 2953 1658 3034 π’άντας
1683 2969 1793 3040 γὰρ
1816 2968 1961 3039 λαμ·

382 3057 536 3111 ϐάνει
584 3057 675 3112 τὸν
733 3058 955 3131 κλῆρον,
1012 3059 1114 3114 οὐκ
1171 3060 1336 3124 αὐτὸς
1383 3059 1656 3131 ἐλόμενος,
1688 3059 1824 3113 ἀλλὰ
1851 3059 1961 3112 τῶν

382 3149 518 3203 υἱῶν
559 3150 776 3222 Ἰσραὴλ
801 3151 1116 3206 δεδωκότων
1147 3152 1316 3224 αὐτῷ.
1337 3152 1450 3208 Καὶ
1469 3154 1642 3208 ταῦτα
1662 3152 1845 3208 Χάλεϐ
1865 3152 1958 3206 τοῦ

384 3242 482 3296 σὺν
502 3241 651 3314 αὐτῷ
684 3242 948 3305 σωθέντος
968 3241 1195 3315 πρώτου
1212 3243 1470 3307 λαϐόντος
1493 3243 1584 3297 τὸν
1610 3242 1834 3313 κλῆρον.
1854 3243 1965 3296 Καὶ

382 3336 411 3388 6
440 3333 747 3403 εἰσαγαγὼν
769 3334 990 3398 αὐτοὺς,
1020 3336 1048 3387 6
1085 3333 1389 3404 διανείμας,
1422 3337 1452 3388 6
1491 3336 1706 3406 πρῶτος
1733 3336 1792 3389 ὲν
1826 3334 1967 3389 ἃπα-

2145 2877 2213 2927 At
2248 2889 2412 2945 quam
2446 2886 2770 2932 mansuetus
2799 2877 3188 2942 admodmn,et
3222 2879 3655 2936 Servatorisno-

2074 2964 2223 3020 mine
2248 2980 2412 3034 quam
2442 2964 2646 3035 dignus
2680 2965 2752 3020 sit
2782 2967 2931 3033 vide;
2984 2976 3108 3037 post
3146 2984 3337 3023 omnes
3359 2972 3502 3023 enim
3536 2986 3658 3025 εον-

2075 3062 2180 3109 tem
2207 3070 2363 3110 suam
2423 3055 2648 3126 accipit,
2699 3071 2865 3126 quam
2932 3072 3032 3112 nec
3091 3058 3210 3127 ipse
3239 3059 3458 3127 quidem
3490 3060 3654 3132 495

2075 3148 2394 3213 vindicavit,
2454 3163 2649 3203 verum
2679 3146 2775 3202 ﬁlii
2838 3148 3004 3202 lsrael
3039 3150 3089 3203 ei
3147 3150 3476 3205 tribuerunt.
3510 3150 3659 3206 Prat-

2075 3242 2265 3295 sertim
2299 3253 2426 3293 vero
2449 3254 2572 3294 cum
2599 3237 2768 3293 Caleb
2800 3238 2923 3308 ipso
2946 3254 3072 3293 cum
3110 3248 3365 3297 servatus
3387 3242 3657 3310 imprimis

2076 3341 2281 3386 sortem
2335 3345 2491 3385 suam
2555 3331 2855 3400 acceperit.
2916 3332 2967 3387 Is
3009 3339 3194 3386 autem
3222 3334 3316 3402 qui
3362 3348 3460 3387 eos
3491 3334 3659 3388 intro-

385 3442 490 3493 σιν,
524 3425 753 3495 ἔσχατος
781 3422 1091 3493 λαμϐάνει·
1128 3423 1217 3476 ἵνα
1260 3423 1431 3486 ὅντως
1460 3425 1686 3494 γένηται
1727 3424 1964 3493 πρῶτος.

2078 3423 2256 3489 duxit,
2307 3423 2403 3493 qui
2457 3424 2764 3489 distribuit,
2823 3425 3074 3479 omnium
3124 3425 3362 3494 denique
3399 3426 3656 3496 princeps

384 3515 640 3568 Τοιοῦτον
664 3516 746 3578 τὸ,
779 3532 798 3564 ι
834 3513 1108 3567 Ταπείνου
1150 3514 1376 3568 σεαυτὸν
1394 3514 1576 3567 ἔναντι
1608 3515 1839 3585 Κυρίου,
1873 3515 1969 3569 καὶ

387 3606 641 3677 εὑρήσεις
670 3606 849 3676 χάριν.
892 3624 910 3657 ι
944 3606 1053 3660 Καὶ
1074 3605 1154 3671 τὸ,
1199 3627 1216 3660 ι
1262 3606 1595 3677 Ἠγσύμενόν
1625 3626 1684 3661 σε
1714 3609 1971 3680 κατέστη-

362 3748 363 3751 η
389 3716 511 3762 σαν,
539 3698 614 3769 μὴ
638 3698 888 3769 ἐπαίρου.
919 3699 1078 3753 Γίνου
1105 3700 1162 3752 ὲν
1193 3699 1399 3765 αὐτοῖς,
1424 3700 1499 3763 ὡς
1525 3697 1605 3765 εἷς
1626 3700 1686 3765 ἐξ
1713 3701 1917 3755 αὐτῶν.
1948 3721 1966 3753 ι

388 3787 584 3842 Λαϐὼν
638 3789 696 3843 δὲ
756 3791 974 3861 μερίδα,
1014 3792 1287 3863 οἰκοδομεί
1324 3793 1416 3847 τὸν
1446 3792 1634 3855 τόπον,
1670 3792 1728 3846 ὃν
1756 3792 1972 3863 εἴληφε,

389 3879 612 3951 κοσμῶν
634 3881 822 3947 αὐτὸν,
844 3881 920 3947 ὡς
953 3883 1020 3938 ἂν
1047 3885 1298 3953 ποιήσειε
1340 3884 1544 3954 κλῆρον
1577 3884 1727 3949 ἄξιον
1758 3885 1974 3956 μερίδος

388 3972 546 4026 Θεοῦ.
582 3973 693 4027 Καὶ
723 3975 830 4035 πᾶς
850 3974 908 4026 δὲ
937 3977 965 4028 ό
993 3974 1200 4045 ἀληθὴς
1233 3974 1360 4039 λαὸς
1409 3974 1596 4029 δίδωσι
1630 3976 1709 4047 τῷ
1735 3974 1974 4047 ἀληθινῷ

400 4062 579 4135 Ἰησοῦ
611 4065 774 4118 τόπον
799 4067 1068 4139 οἰκήσεως
1091 4066 1208 4136 ἅμα
1237 4066 1408 4138 αὐτῷ.
1457 4068 1553 4119 Ὃν
1585 4066 1791 4132 λαϐὼν,
1823 4069 1972 4121 οἰκο-

387 4152 546 4223 δομεῖ
592 4155 686 4207 καὶ
736 4157 966 4224 κοσμεῖ,
1021 4154 1309 4225 κρείττονα
1357 4153 1529 4209 ποιῶν
1574 4154 1608 4226 ἢ
1665 4153 1976 4228 παρέλαϐεν

388 4244 620 4299 ἕκαστον
641 4245 809 4300 αὐτοῦ
840 4245 1007 4300 τόπον
1032 4245 1348 4317 γενόμενον.

464 4508 573 4563 Kal
627 4509 659 4562 6
709 4508 1057 4578 Ἀμοῤῥαῗος
1117 4498 1399 4582 ὑπέμεινε
1448 4515 1556 4569 τοῦ
1581 4519 1979 4571 κατοικεῖνέν

389 4598 595 4668 Αἰλὼμ
622 4600 757 4669 (45).
784 4600 882 4654 καὶ
912 4601 982 4655 ἐν
1009 4602 1280 4671 Σαλαμιν
1304 4618 1319 4633 ο
1349 4603 1449 4658 καί
1466 4604 1763 4676 ἐϐαρύνθη
1791 4609 1830 4677 ἡ
1849 4608 1979 4677 χείρ

390 4691 499 4746 τοῦ
532 4692 780 4761 Ἑςοραῒμ
811 4692 905 4744 ἐπ’
940 4694 1185 4771 αὐτούς.

477 4782 806 4852 Ἀμορραῖος
863 4784 1231 4854 ἑρμηνεύεται
1268 4789 1301 4841 δ
1354 4788 1642 4857 λωητός,
1678 4789 1711 4861 ἢ
1768 4792 1802 4845 ό
1839 4806 1975 4844 πικ-

382 4872 635 4943 ραινων,
700 4874 868 4943 Δῆλον
909 4875 1003 4939 δὲ,
1063 4877 1138 4940 ὡς
1201 4880 1252 4932 οἰ
1312 4881 1534 4945 πλείους
1592 4881 1702 4935 τῶν
1760 4882 1976 4957 ἀνθρώ-

391 4981 511 5016 πων
564 4963 788 5018 λαλοῦσι
844 4967 975 5038 περὶ
1048 4971 1306 5041 χειρόνων
1353 4973 1663 5043 δυνάμεων,
1715 4975 1872 5029 οὐδὲν
1919 4976 1977 5030 δὲ

390 5054 526 5125 περὶ
571 5054 730 5109 Θεοῦ.
783 5057 992 5124 Οἴτινες
1023 5062 1117 5113 καὶ
1173 5063 1557 5133 πικραίνουσι·
1608 5064 1659 5118 οἲ
1686 5067 1781 5119 καὶ
1841 5067 1978 5120 ὑπο-

394 5147 649 5218 μένουσιν
716 5149 887 5204 οἰκεῖν
949 5154 1008 5205 ἐν
1063 5155 1178 5216 τοῖς
1249 5156 1642 5228 κεκριωμένοις
1698 5157 1808 5229 (46)
1857 5158 1977 5212 ἐθέ-

389 5239 611 5300 λοντες·
652 5237 682 5290 ὃ
707 5237 859 5309 δηλοί
910 5242 970 5294 τὸ
1007 5242 1223 5314 Ἐλὼμ-
1258 5247 1352 5299 καὶ
1380 5249 1439 5301 ὲν
1483 5249 1597 5312 τοῖς
1639 5248 1932 5319 εἰρηνικοῖς
1960 5267 1972 5282 ·

2072 3522 2358 3584 postremo
2405 3514 2669 3586 accipiat.
2722 3513 2845 3581 Quo
2905 3515 3165 3569 videlicet
3198 3530 3387 3570 revera
3408 3518 3655 3570 omnium

2076 3606 2286 3678 primus
2337 3607 2513 3662 ﬁeret.
2576 3609 2701 3663 Non
2766 3609 2911 3662 enim
2970 3616 3180 3664 temere
3234 3604 3706 3679 pronuntiatum'

2073 3707 2198 3752 est:
2235 3715 2255 3748 ‹
2307 3697 2586 3753 Submitte
2609 3707 2662 3753 te
2689 3714 2879 3754 coram
2914 3698 3164 3761 Domino,
3198 3707 3252 3755 et
3302 3701 3657 3769 comparabis

2075 3788 2309 3858 gratiam
2345 3789 2413 3843 “.
2456 3808 2473 3839 ι
2507 3789 2647 3843 lllud
2680 3790 2812 3844 item
2849 3808 2863 3843 :
2913 3807 2934 3841 ι
2997 3788 3197 3845 Ducem
3247 3799 3298 3844 te
3348 3792 3660 3845 constitue-

2075 3888 2228 3943 runt,
2265 3895 2332 3934 ne
2348 3878 2633 3936 eﬂ'eraris:
2666 3880 2858 3951 igitur,
2885 3896 3016 3950 gere
3035 3889 3085 3936 te
3110 3880 3256 3936 inter
3274 3896 3372 3937 eos
3398 3888 3657 3950 tanquam

2078 3968 2175 4023 uni
2204 3984 2391 4022 eorum
2413 3969 2649 4025 similem
2684 3970 2754 4023 ".
2797 3988 2815 4021 ι
2844 3968 3062 4025 Partem
3088 3985 3253 4040 porro
3281 3986 3439 4026 suam
3461 3979 3659 4027 nactus

2076 4059 2326 4115 aediliciis
2386 4059 2566 4114 locum
2626 4076 2792 4129 quem
2850 4063 3081 4117 sortitus
3135 4070 3219 4116 est
3254 4064 3494 4127 ornavit,
3549 4078 3660 4131 quo

2077 4158 2286 4208 sortem
2319 4149 2505 4205 divina
2539 4151 2802 4221 portione
2840 4152 3065 4222 dignam
3111 4150 3371 4207 ediceret.
3406 4153 3549 4219 Quin
3606 4162 3662 4209 et

2078 4243 2257 4298 omnis
2282 4257 2450 4297 verus
2488 4242 2728 4312 populus
2759 4258 2890 4298 vero
2910 4242 3078 4299 .losue
3127 4243 3312 4298 locum
3373 4244 3658 4303 habitandi

2079 4348 2266 4390 secum
2320 4332 2593 4389 concedit.
2635 4331 2810 4399 Quem
2864 4333 2958 4388 ubi
2994 4334 3233 4404 accepit,
3282 4335 3544 4402 aediﬁcat,
3608 4346 3664 4391 et

2079 4432 2331 4489 exornat,
2367 4424 2763 4494 melioremque
2795 4425 2993 4481 reddit.

2154 4514 2220 4568 Et
2251 4514 2598 4570 Amorrhmus
2631 4518 2886 4571 sustinuit
2933 4517 3176 4573 habitare
3220 4520 3278 4573 in
3302 4519 3480 4587 Elom,
3516 4531 3566 4575 et
3608 4523 3659 4575 iu

2082 4605 2349 4670 Salamin,
2375 4617 2427 4661 et
2456 4617 2746 4679 aggravata
2786 4617 2866 4664 est
2930 4625 3120 4664 manus
3181 4609 3440 4679 Epltraim
3502 4629 3662 4683 super

2086 4714 2174 4751 eos
2206 4696 2351 4769 [ΧΧ.
2391 4697 2511 4777 47].

2153 4793 2507 4848 Amorrbaeus
2542 4801 2703 4849 sonat
2734 4794 2953 4865 loquax,
2980 4803 3075 4849 aut
3125 4795 3392 4851 irritator.
3433 4795 3665 4853 Constat

2085 4901 2215 4941 vero
2246 4888 2433 4954 plures
2464 4884 2749 4939 hominum
2814 4885 2882 4941 de
2914 4886 3267 4941 tenebrarum
3321 4890 3663 4958 principibus

2086 4976 2255 5030 verba
2281 4991 2446 5046 quam
2478 4975 2546 5031 de
2584 4974 2697 5032 Deo
2748 4960 2956 5033 facere.
2989 4977 3093 5044 Qui
3118 4977 3340 5048 quidem
3362 4994 3485 5032 eum
3536 4981 3665 5036 irri-

2086 5075 2205 5120 tare
2244 5067 2447 5121 audent
2493 5068 2679 5123 etiam.
2732 5068 2836 5134 Qui
2865 5069 3029 5124 etiam
3090 5068 3340 5125 habitare
3368 5070 3560 5124 volunt
3608 5072 3662 5126 in

2086 5158 2222 5213 locis
2245 5158 2516 5225 arietatis,
2556 5160 2701 5227 quod
2734 5158 2887 5215 Elom
2918 5161 3197 5231 signiﬁcat
3228 5159 3366 5231 (47).
3397 5160 3460 5215 Et
3481 5162 3534 5214 in
3566 5177 3665 5232 pa-

2086 5249 2228 5305 catis
2273 5250 2421 5319 quod
2452 5249 2732 5320 signiﬁcat
2788 5250 2994 5318 Salem,
3018 5267 3144 5306 cum
3188 5267 3283 5322 per
3313 5253 3665 5310 Amorrbaeos

469 5416 512 5448 ³⁷
542 5414 745 5494 L'plies.
777 5415 925 5485 1,“,
968 5416 1054 5471 12.
1136 5417 1180 5450 ³⁸
1203 5418 1416 5478 Coloss.
1451 5437 1492 5485 ι,
1538 5420 1624 5475 12.
1704 5423 1748 5454 ³9
1780 5424 1934 5478 Deut.

2079 5440 2139 5486 ιι,
2174 5422 2227 5477 8.
2308 5423 2352 5455 ⁸ο
2396 5423 2560 5478 llcbr.
2606 5439 2705 5487 xu,
2733 5424 2823 5480 22.
2903 5425 2946 5457 ⁸¹
2978 5425 3153 5482 Eccli.
3187 5444 3271 5494 ιιι,
3308 5426 3401 5483 20.
3480 5430 3525 5463 ⁸³
3562 5431 3668 5487 Ee-

392 5486 749 5551 cb.xxxu,i.

1902 5575 2135 5631 NOTE.

466 5674 577 5743 (ἄδι)
618 5674 818 5744 Ἑλείῳ..
853 5676 913 5726 Αἱ
945 5672 1066 5726 αὐτ.
1100 5670 1195 5725 καὶ
1241 5672 1269 5723 6
1318 5670 1560 5741 Προκόπ.
1616 5673 1674 5723 ὲν
1716 5671 1793 5740 τῷ
1837 5673 1971 5725 ὑπου·

394 5747 656 5827 μνήἒῖ-.
999 5812 1009 5827 ,
1194 5811 1207 5827 ,
1266 5810 1341 5827 ,ν
1386 5809 1411 5819 -
1484 5810 1589 5827 ν..

466 5810 576 5884 (όϋ)
611 5816 717 5868 Ἷσ.
744 5812 1149 5884 κεκριγμένοις,
1184 5810 1291 5864 ἀπὸ
1318 5810 1412 5863 τοῦ
1458 5810 1655 5880 κρίζω.

2154 5673 2265 5758 ςΠ)
2302 5665 2542 5758 ξιτιιριίέ
2571 5678 2831 5758 nimirum
2875 5644 3153 5758 ajiliiiciis
3177 5701 3301 5741 cum
3355 5688 3677 5758 iusiguil.us'

2079 5745 2375 5799 columnis.
2410 5748 2590 5816 Κριὸμ
2622 5753 2768 5805 enim
2798 5755 3083 5809 architecti
3120 5756 3421 5812 Corinthia}
3450 5745 3663 5817 colum-

2079 5828 2161 5866 nae
2194 5823 2403 5879 partem
2439 5827 2654 5871 vocant.
