3956 6432
441 326 574 392 1039

1729 328 2082 389 PROCOPII
2122 329 2362 389 GAZEI

3551 343 3668 408 1040

435 441 565 493 mali
607 439 836 511 spiritus
857 438 1241 510 designentur.
1277 437 1545 505 Quoniam
1583 453 1712 493 vero
1737 439 2010 494 vocabulo

2121 438 2324 510 ὓδηλοῖ
2370 441 2581 513 Σαλήμ,
2614 443 2722 497 τῶν
2766 445 3028 515 χειρόνων
3072 444 3161 499 διὰ
3215 447 3670 528 τῶν-Ἀμορραίων

437 532 696 600 sustinuit
733 547 868 587 usus
900 540 1006 598 est,
1037 529 1184 601 quod
1221 531 1466 584 laborem
1519 529 1724 592 innuit,
1785 545 2013 584 causam

439 621 751 686 subintulit,
815 621 1119 692 inquiens:
1191 637 1210 670 ι
1266 617 1642 689 Etingravata
1680 625 1766 675 est
1817 632 2014 675 manus

437 709 698 782 Ephraim
741 710 841 767 eis.
887 729 906 762 ›
958 709 1098 765 Nam
1159 709 1406 765 actiones
1471 709 1718 764 honesta:
1771 711 2016 767 molesta:

439 803 733 858 admodum
767 801 930 857 malis
960 811 1090 858 sunt
1115 802 1433 872 spiritibus,
1469 802 1529 857 in
1583 801 1689 857 hoc
1746 811 1806 856 ut
1850 803 2014 858 nobis

437 897 655 952 molesti
691 909 814 951 esse
839 894 1062 964 possint
1113 895 1364 960 intentis,
1389 901 1444 948 et
1486 895 1791 965 veCtigalcs
1839 911 2016 966 quan-

435 987 642 1041 tumvis
675 985 894 1040 validos
917 984 1160 1039 faciunt.

509 1098 582 1153 Et
649 1107 985 1154 accesserunt
1041 1099 1307 1168 principes
1377 1098 1715 1168 familiarum
1782 1097 2018 1168 ﬁliorum

438 1191 580 1258 Levi,
607 1203 706 1253 etc.
729 1190 825 1248 Isti
857 1191 952 1246 Dei
987 1192 1308 1247 luereditate
1339 1191 1754 1256 suntcontenti,
1775 1192 2016 1244 decima-

435 1299 572 1357 sque
595 1292 776 1350 terrae,
809 1299 914 1339 nec
944 1299 1056 1338 non
1088 1283 1322 1337 aliorum
1383 1283 1628 1337 omnium
1684 1281 2012 1354 percipiunt.

435 1379 692 1450 Oportuit
725 1393 855 1433 vero
885 1377 986 1432 bos
1012 1379 1177 1432 etiam
1223 1377 1472 1432 sortibus
1521 1377 1724 1430 collata
1749 1374 2014 1440 dividere,

435 1487 499 1527 ac
526 1470 893 1540 aequalitatem
919 1459 1375 1538 partim-quidem
1402 1467 1646 1520 eamdem
1673 1481 1798 1535 erga
1823 1479 2015 1520 omnes

436 1565 490 1618 in
525 1563 804 1618 divisione
867 1560 1108 1624 servari,
1165 1560 1366 1630 partim
1402 1573 1656 1628 veropro
1723 1559 2011 1628 dignitate,

434 1653 682 1708 sortibus
716 1651 785 1706 ad
817 1650 1064 1704 divinum
1097 1649 1365 1720 judicium
1398 1649 1466 1704 ab
1500 1649 1676 1719 ipsius
1735 1648 2018 1716 magistris

2119 533 2534 604 σημαινομένων
2589 534 2896 606 δυνάμεων.
2966 538 3076 590 Καὶ
3113 541 3235 592 ἐπεὶ
3275 541 3358 606 τὸ,
3391 547 3668 615 ὑπέμεινε,

2119 621 2278 675 πόνον
2303 623 2477 694 δηλοῖ,
2506 624 2604 694 τὴν
2663 624 2846 678 αἰτίαν
2869 627 3142 696 ἐπήνεγκε
3163 645 3178 659 ο
3215 649 3233 681 ι
3272 632 3378 684 Καὶ
3423 634 3672 710 ἐϐαρύνθη

2119 713 2152 783 ἡ
2195 713 2318 785 χεὶρ
2367 714 2462 768 τοῦ
2535 715 2774 787 Ἐφραῒμ
2815 717 3158 782 ὲπάὺτούς.
3189 739 3208 770 ι
3245 723 3311 774 Ai
3343 723 3448 795 γὰρ
3492 728 3674 795 ἀγαθαὶ

2120 804 2346 874 πράξεις
2373 806 2598 878 βαρεῖαι
2617 810 2736 872 ταῖς
2790 813 3056 882 πονηραῖς
3084 811 3225 880 ἄγαν
3253 814 3534 886 δυνάμεσι,
3568 819 3678 889 βου-ι

2116 898 2376 968 λομέναις
2405 901 2538 969 ἡμῖν
2577 901 2820 972 ἐνοχλεῖν
2847 918 2860 932 ³
2892 903 2988 956 καὶ
3010 903 3325 976 ὑποφόρους
3355 907 3675 976 ἐργάζονται.

2119 990 2385 1043 Τοσοῦτον
2415 991 2678 1062 ἰσχύουσι.

2190 1099 2302 1153 Kal
2331 1102 2772 1168 προσήλθοσαν
2800 1105 2856 1158 oi
2907 1105 3374 1174 ἀρχιπατριῶται
3411 1107 3528 1163 τῶν
3551 1111 3685 1167 υἱῶν

2119 1194 2281 1248 Λευΐ.
2303 1186 2463 1246 Οὗτοι
2483 1197 2827 1268 κληρονομίᾳ
2849 1196 3144 1267 ἀρκοῦνται
3168 1198 3312 1269 Θεῷ,
3345 1201 3438 1252 καὶ
3469 1200 3686 1266 δεκάτας

2118 1285 2454 1354 λαμϐάνουσι
2481 1287 2608 1355 γῆς,
2639 1287 2716 1350 ὡς
2751 1288 2846 1340 καὶ
2873 1288 2981 1342 τῶν
3010 1289 3187 1343 ἄλλων
3237 1291 3513 1345 ἁπάντων.
3549 1295 3688 1346 Ἔδει

2116 1377 2289 1430 δὲκαὶ
2320 1377 2544 1441 τούτους
2581 1378 2726 1432 κατὰ
2754 1379 2991 1451 κλήρους
3043 1381 3425 1452 διανείμασθαι
3450 1384 3516 1436 τὰ
3557 1385 3684 1438 διδό-

2120 1482 2280 1534 μενα,
2321 1465 2415 1517 καὶ
2461 1467 2522 1518 τὸ
2575 1466 2675 1536 μὲν
2738 1467 2852 1520 ἴσον
2908 1470 3042 1520 πᾶσι
3093 1469 3187 1522 διὰ
3219 1469 3316 1522 τοῦ
3353 1470 3684 1541 κληρωθῆναι

2119 1556 2509 1625 φυλάττεσοαν
2539 1559 2599 1612 τὸ
2625 1559 2681 1612 δὲ
2711 1560 2833 1612 κατ’
2862 1559 3040 1624 ἀξίαν,
3057 1561 3123 1614 δι’
3145 1556 3222 1616 ὧν
3249 1563 3300 1613 οἱ
3333 1562 3526 1632 κλῆροι
3557 1569 3684 1617 κατᾶ

2119 1648 2268 1702 Θείαν
2327 1650 2508 1722 κρίσιν
2559 1651 2826 1720 ἀνήγοντο
2881 1654 2996 1714 τοῖς
3043 1651 3282 1722 πρώτοις
3333 1653 3407 1705 τὰ
3457 1657 3680 1723 πρωτεῖα

440 1742 658 1807 relatis,
702 1739 1034 1812 primatibus
1081 1739 1358 1810 principes
1387 1753 1605 1808 quoque
1635 1747 1821 1809 partes
1859 1737 2014 1793 exhi—

2121 1740 2476 1812 παρέχοντες,
2510 1743 2743 1808 καὶτοῖς
2787 1743 2970 1807 ἄλλοις
3019 1745 3168 1812 ἑξῆς,
3207 1743 3285 1808 ὡς
3336 1745 3435 1798 καὶ
3474 1748 3529 1799 ὲν
3581 1750 3680 1810 τοῖς

442 1837 739 1900 bcbautur,
771 1841 938 1904 atque
969 1831 1094 1887 aliis
1139 1831 1422 1902 deinceps.
1455 1829 1927 1897 Quemadmodum
1964 1830 2017 1884 in

432 1921 706 1981 'Numeris
749 1925 914 1980 etiam
965 1922 1160 1978 ordine
1227 1921 1466 1992 quodam
1519 1921 1670 1976 circa
1724 1920 2019 1976 tentorium

441 2024 624 2074 castra
654 2014 1022 2086 disponebant
1051 2011 1249 2078 Caatb,
1279 2011 1514 2080 Gersou,
1551 2020 1606 2068 et
1639 2010 1837 2068 Merari
1895 2011 2016 2068 ﬁlii.

497 2149 616 2205 1am
641 2163 772 2205 vero
802 2162 983 2218 operae
1005 2146 1240 2216 pretium
1293 2154 1378 2202 est
1403 2148 1744 2218 perpendere
1783 2147 2017 2202 sortium

441 2241 764 2313 inaequalem
787 2238 1160 2309 equalitatem
1189 2229 1738 2310 proportionem’que,
1769 2238 2020 2294 sacerdo-

432 2347 550 2392 tum
583 2333 1100 2403 item,aliorumque
1128 2347 1255 2388 cum
1288 2332 1543 2388 tribubus
1571 2333 2014 2403 permistionem.

423 2429 718 2483 Nemeum
773 2431 1014 2496 quatuor
1064 2424 1194 2479 cmli
1251 2424 1504 2495 regiones
1558 2423 1693 2491 sint,
1753 2424 2019 2493 juxtaque

425 2538 524 2579 eas
545 2521 726 2576 tribus
753 2520 1061 2580 distinctae,
1083 2517 1390 2573 orientales
1433 2531 1498 2572 ac
1522 2517 1728 2587 primas
1785 2518 2018 2571 sortitur

412 2611 626 2676 ‘Caatb,
670 2610 761 2666 ubi
787 2611 1237 2679 primasquoque
1271 2606 1377 2662 fert
1424 2605 1566 2662 Juda
1606 2607 1852 2662 omnium
1910 2606 2014 2660 tri-

417 2708 601 2761 buum
631 2701 1093 2768 bonoratissima,
1118 2715 1352 2772 quaeque
1383 2701 1437 2754 in
1468 2710 1614 2754 terra
1647 2707 1842 2754 sancta
1871 2700 2014 2754 citra

430 2803 638 2851 sortem
671 2807 702 2847 a
729 2791 897 2846 Josue
948 2791 1131 2860 primo
1175 2790 1480 2860 portionem
1520 2789 1756 2860 accepit.
1806 2787 2015 2843 Secun-

431 2886 558 2939 dam
577 2896 709 2937 vero
732 2880 966 2936 orientis
993 2885 1205 2949 partem
1244 2877 1456 2933 Gersou
1490 2885 1575 2932 est
1600 2877 1856 2942 sortitus,
1904 2888 2016 2946 quo

433 2975 628 3045 utique
693 2971 866 3026 Caatb
935 2984 1045 3023 non
1081 2976 1340 3024 cunctum
1401 2967 2012 3036 occuparetorientem,

417 3079 621 3122 verum
654 3059 1020 3118 commutatio
1046 3059 1296 3130 quadam
1316 3057 1575 3112 ordinum
1633 3056 2011 3112 Leviticorum

431 3169 484 3216 et
544 3155 982 3213 lsraeliticorum
1043 3157 1214 3207 esset.
1274 3149 1412 3222 Nam
1449 3150 1496 3205 si
1541 3155 1719 3204 totum
1742 3149 2012 3204 orientem

431 3253 608 3309 Caath
633 3249 968 3320 accepisset,
999 3247 1204 3316 injuria
1223 3245 1450 3314 reliquis
1483 3244 1690 3304 fuisset
1723 3243 2019 3298 factaJta-

434 3363 543 3418 que
603 3345 787 3400 divina
839 3340 1055 3412 justitia
1107 3347 1289 3396 sortes
1336 3340 1682 3410 gubernante
1725 3339 2021 3395 orientales

435 3441 615 3494 tri-bus
665 3435 888 3499 Judam,
944 3431 1490 3496 lsacbar,Zabulon,
1523 3431 1721 3496 Caatb,
1779 3429 2017 3497 Gerson,

429 3531 632 3586 Morari
702 3526 863 3600 primi
899 3525 1027 3580 Levi
1071 3525 1167 3580 illii
1225 3525 1560 3582 sortiuntur.
1590 3525 1698 3581 Eos
1729 3539 1862 3580 vero
1921 3524 2020 3594 qui

434 3625 502 3678 ab
527 3621 718 3677 Africo
772 3627 901 3675 sunt
961 3616 1178 3680 lluben,
1207 3617 1429 3672 Simeou
1463 3625 1516 3672 et
1549 3616 1664 3672 Gad
1703 3615 2016 3685 illiiCaatb,

434 3729 464 3767 a
525 3709 768 3768 secundo
814 3707 1096 3763 Simeonis
1142 3709 1289 3764 loco.
1326 3709 1373 3762 Α
1413 3709 1600 3780 primo
1639 3724 1770 3764 vero
1818 3708 2021 3763 Morari

407 3813 642 3874 'partem
705 3801 921 3855 Ruben.
977 3797 1194 3854 Rursus
1243 3799 1448 3855 Merari
1525 3801 1743 3856 tertiam
1787 3799 2019 3856 orientis

431 3896 634 3950 tribum
661 3893 930 3959 Zabulou,
959 3891 1428 3962 quemadmodum
1481 3899 1569 3948 est
1617 3892 1672 3946 in
1725 3891 2011 3948 Nurueris.

433 3986 554 4052 Quo
575 3984 764 4041 divina
789 3983 1006 4054 justitia
1059 3983 1289 4054 mystice
1323 3983 1564 4039 futuram
1594 3985 1885 4055 sequentis
1917 3999 2018 4041 sm-

408 4082 542 4139 'culi
577 4095 674 4152 per
697 4087 878 4135 sortes
913 4077 1499 4136 divisionemindicat.
1540 4079 1758 4136 Rursus
1809 4097 1873 4136 ex
1943 4081 2016 4137 iis

433 4174 526 4245 qui
547 4173 704 4241 juxta
732 4185 883 4226 mare
909 4178 1040 4224 sunt
1067 4165 1351 4240 Ephraim,
1379 4170 1664 4242 Benjamin
1697 4171 2018 4230 etManasse

433 4259 734 4320 secundam
763 4260 936 4315 Caatb
969 4261 1207 4316 sortitur
1257 4261 1570 4334 Benjamin.
1603 4263 1822 4334 Reliqui
1884 4279 2016 4320 vero

343 4394 351 4404 .
431 4355 608 4412 Caath
643 4352 853 4408 familia
909 4353 1197 4422 prraim.
1234 4353 1442 4431 Deinde
1493 4354 1776 4430 dimidiam
1811 4357 2012 4413 tribum

430 4445 704 4511 Manasse,
739 4443 862 4513 ejus
887 4459 1008 4514 qua!
1040 4443 1096 4498 in
1129 4452 1275 4500 terra
1305 4455 1496 4500 sancta
1527 4453 1634 4501 est.
1680 4445 1850 4502 Porro
1877 4446 2016 4503 Ger-

431 4553 534 4595 son
591 4536 866 4606 reliquum
913 4535 1094 4592 tribus
1139 4535 1391 4591 Manasse
1419 4537 2016 4604 dimidium.Quoniam

430 4643 561 4684 vero
607 4627 731 4680 loca
786 4626 1008 4682 lsraelis
1065 4625 1535 4696 septentrionalia
1577 4629 2018 4687 sacerdotalibus

430 4718 721 4774 ordinibus
752 4730 975 4785 quoque
1015 4716 1280 4771 bonorari
1331 4717 1600 4788 oportuit,
1637 4733 1706 4773 ne
1746 4720 2017 4789 posterio-

432 4811 586 4864 ribus
609 4807 899 4862 ordinibus
920 4807 1618 4876 septeutrionalibus,Dan,
1639 4807 2009 4879 Nepbtbalim,

427 4902 570 4956 Azer
596 4897 752 4954 fraus
799 4897 978 4964 lieret,
1012 4897 1208 4967 reliqui
1234 4897 1330 4953 ﬁlii
1361 4899 1552 4968 Caatb,
1582 4915 1689 4956 non
1717 4899 1808 4954 lilii
1829 4916 2011 4956 sacer-

429 4991 572 5046 dotis
625 4989 862 5060 primam
899 4994 956 5043 et
977 4987 1289 5058 digniorem
1347 4992 1871 5060 septentrionalium
1909 4991 2009 5046 tri-

427 5083 596 5134 buum
625 5078 736 5132 Dan
764 5078 1376 5148 acceperunt.Alteram
1409 5095 1560 5146 vero,
1587 5082 1746 5146 Aser,
1773 5079 2006 5136 Gerson.

427 5169 532 5236 Qui
555 5167 776 5223 tertiam
804 5168 934 5223 item
969 5165 1282 5238 Nephtalim
1337 5177 1424 5225 est
1459 5171 1716 5240 adeptus.
1751 5171 1907 5237 Quod
1961 5171 2008 5225 si

425 5273 560 5314 vero
600 5257 936 5314 narrationis
985 5257 1226 5314 varietas
1275 5250 1514 5315 mentem
1575 5275 1639 5315 ac
1689 5261 2008 5316 memoriam

432 5357 680 5418 superat,
712 5348 843 5416 quid
871 5347 939 5402 de
965 5348 1153 5402 futura
1174 5364 1361 5404 rerum
1394 5348 1768 5420 dispositione
1796 5367 1893 5406 seu
1909 5351 2007 5404 ad-

434 5442 842 5496 ministratione
871 5448 956 5496 est
977 5442 1306 5497 dicendum?

504 5550 653 5618 Tum:
669 5553 866 5604 vocarit
906 5551 1071 5608 Iosue
1091 5554 1236 5624 ﬁlios
1259 5552 1460 5608 Ruben.
1493 5553 1685 5627 [XXIL
1706 5553 1786 5627 1.]
1816 5553 2008 5607 Dimit-

435 5652 626 5697 tuntur
658 5642 836 5698 tribus
869 5660 990 5715 quae
1017 5655 1167 5701 trans
1199 5643 1496 5700 Iordanem
1523 5647 1893 5702 barreditatem
1917 5660 2007 5700 ae-

435 5742 724 5806 ceperunt.
748 5733 883 5790 Cum
912 5736 1056 5791 enim
1083 5753 1184 5793 nos
1207 5739 1300 5809 qui
1329 5739 1434 5794 sub
1473 5737 1642 5794 Josue
1683 5739 2007 5803 militamus,

2137 1833 2412 1904 ’Δριθμοῖς
2435 1835 2587 1898 τάξει
2617 1835 2725 1890 τινὶ
2748 1835 2878 1906 περὶ
2929 1835 3028 1905 τὴν
3085 1836 3298 1907 σκηνὴν
3359 1839 3678 1906 ἐστρατοπε-

2119 1922 2336 1978 δεύοντο
2367 1925 2415 1977 οί
2452 1926 2516 1978 ἐκ
2534 1925 2628 1980 τοῦ
2659 1926 2946 1995 Καὰθ,καὶ
2962 1926 3202 2006 Γερσὼν,
3233 1929 3324 1981 καὶ
3351 1929 3584 1999 Μεραρί.

2191 2143 2303 2196 Καὶ
2330 2143 2425 2196 νῦν
2471 2143 2526 2198 δὲ
2566 2147 2853 2200 κατανοεῖν
2881 2144 3034 2211 ἄξιον
3079 2145 3180 2217 τὴν
3203 2146 3390 2201 ἄνισον
3448 2147 3674 2218 ἰσότητα,

2119 2235 2214 2286 καὶ
2253 2234 2566 2304 ἀναλογίαν,
2615 2235 2710 2289 καὶ
2736 2236 2836 2306 τὴν
2862 2236 3000 2306 πρδς
3033 2235 3132 2299 τὰς
3159 2236 3330 2306 φυλὰς
3367 2235 3474 2289 τῶν
3504 2237 3676 2306 ἱερέων

2119 2325 2344 2378 καὶτῶν
2375 2325 2550 2380 ἄλλων
2577 2327 2905 2398 ἀνάκρασιν.
2936 2327 3232 2399 Τεσσάρων
3254 2325 3366 2400 γὰρ
3389 2327 3551 2383 ὄντων
3571 2328 3676 2382 κλιο

2121 2419 2328 2490 μάτων,
2358 2421 2454 2474 καὶ
2482 2420 2590 2474 τῶν
2621 2420 2805 2490 φυλῶν
2833 2422 2974 2476 κατὰ
3002 2420 3174 2476 ταῦτα
3205 2422 3674 2494 διῃρημένων,.τὰς

2118 2511 2444 2576 άνατολικάς
2474 2512 2568 2566 καὶ
2601 2511 2823 2585 πρώτας
2850 2513 3110 2586 λαγχάνει
3137 2514 3296 2568 Καάθ
3329 2529 3344 2543 ·
3382 2513 3505 2567 ἔνθα
3531 2513 3616 2568 καὶ
3639 2513 3669 2584 ἡ

2117 2603 2210 2656 τοῦ
2254 2604 2423 2658 Ἰούδα
2449 2605 2517 2659 τὰ
2539 2604 2732 2677 πρῶτα
2756 2607 2910 2676 φέρει
2942 2604 3051 2658 τῶν
3090 2605 3274 2675 φυλῶν
3304 2607 3340 2677 ἡ
3367 2607 3664 2676 τιμιωτάτη.

2117 2697 2211 2750 καὶ
2268 2697 2407 2750 κατά
2438 2696 2536 2767 τὴν
2592 2697 2756 2766 ἁγίαν
2807 2697 2910 2768 γῆν
2956 2696 3268 2767 ἁκληρωτεὶ
3319 2697 3453 2770 παρ’
3512 2695 3660 2766 Ἰησοῦ

2117 2788 2312 2860 πρώτη
2340 2790 2582 2843 λαϐοῦσα
2604 2790 2695 2844 τὸν
2725 2789 2952 2862 κλῆρον.
2981 2791 3085 2843 Τὸν
3109 2789 3164 2842 δὲ
3196 2789 3448 2861 δεύτερον
3473 2793 3526 2844 ἐν
3551 2791 3660 2842 ἀνα-

2115 2881 2298 2944 τολαῖς
2331 2881 2522 2950 ἔλαχεν
2551 2883 2580 2936 6
2628 2880 2883 2952 Γερσὼμ,
2929 2881 3005 2944 ὡς
3057 2880 3123 2934 ἂν
3152 2881 3181 2932 6
3207 2880 3368 2934 mare
3409 2881 3480 2952 μὴ
3506 2882 3663 2935 πᾶσαν

2115 2973 2257 3046 λάϐῃ
2285 2973 2386 3044 τὴν
2418 2973 2700 3045 ἀνατολὴν,
2724 2973 2857 3026 ἀλλὰ
2878 2973 3074 3044 κρᾶσίς
3100 2991 3185 3037 τις
3275 2974 3570 3028 Aenii-mcth
3584 2973 3658 3026 καὶ

2116 3065 2532 3135 Ἰσραηλιτικῶν
2582 3051 2897 3136 ταγμάτων.
2945 3065 3007 3118 El
3059 3066 3170 3135 γὰρ
3218 3068 3393 3118 πᾶσαν
3411 3062 3654 3134 εἴληφενό

2041 3121 2083 3179 C
2123 3121 2401 3226 Koide'ti'jv
2450 3121 2742 3227 ἀνατολήν,
2777 3155 2934 3226 ὕϐρις
2956 3151 3025 3227 ἦν
3061 3121 3174 3220 rei;
3201 3154 3415 3218 λοιποῖς.
3444 3121 3571 3206 Navi
3605 3153 3659 3206 δὲ

2121 3243 2262 3298 κατὰ
2295 3245 2394 3314 τὴν
2423 3247 2486 3298 ὲκ
2519 3243 2654 3297 Θεοῦ
2688 3243 2796 3298 τῶν
2830 3243 3050 3316 κλήρων
3091 3242 3416 3311 δικαιοσύνην
3453 3242 3570 3302 τοὺς
3595 3242 3652 3292 ἐν

2119 3333 2428 3396 ἀνατολαῖς,
2462 3333 2682 3399 Ἰούδαν,
2725 3333 3002 3404 ’Ῑσσάχαρ,
3035 3331 3323 3397 Ζαϐουλὼν,
3345 3329 3639 3400 λαγχάνουσι

2119 3425 2300 3489 Καὰθ,
2334 3425 2585 3496 Γηρσὼν,
2633 3427 2872 3497 Μεραρὶ,
2911 3427 2960 3478 οἱ
2987 3425 3196 3494 πρῶτοι
3240 3423 3340 3477 υἱοὶ
3377 3419 3458 3475 τοῦ
3493 3419 3638 3473 Δευῒ·

2118 3519 2245 3580 τοὺς
2273 3517 2328 3570 δὲ
2374 3518 2516 3570 κατὰ
2569 3516 2729 3580 Λίϐα,
2772 3517 3020 3586 Ῥουϐὶμ,
3043 3517 3140 3569 καὶ
3165 3513 3406 3584 Συμεὼν,
3429 3513 3515 3566 καὶ
3534 3509 3655 3576 Γὰδ,

2120 3608 2231 3662 ἀπὸ
2269 3608 2426 3662 Καὰο
2461 3609 2603 3663 κατὰ
2627 3609 2718 3662 τὸν
2745 3609 3000 3679 δεύτερον
3027 3609 3190 3662 τόπον
3211 3608 3302 3661 τὸν
3327 3606 3414 3660 τοῦ
3437 3601 3662 3674 Συμεών.

2119 3697 2280 3750 Κατὰ
2325 3697 2382 3750 δὲ
2424 3697 2520 3752 τὸν
2573 3699 2790 3770 πρῶτον
2833 3699 2861 3751 6
2902 3699 3142 3770 Mepap‘t,
3174 3698 3269 3752 τὸν
3298 3696 3392 3750 τοῦ
3445 3693 3670 3764 Ῥουϐίμ.

2120 3788 2291 3842 Παλιν
2311 3789 2340 3842 6
2368 3788 2584 3860 Μεραρὶ
2613 3790 2703 3842 τὸν
2731 3791 2913 3861 τρίτον
2961 3789 3102 3842 κατὰ
3133 3789 3402 3850 ἀνατολὰς
3439 3784 3676 3856 ὲνἈριθ-

2123 3883 2263 3951 μοῖς,
2292 3881 2385 3934 τὸν
2431 3881 2736 3946 Ζαϐουλὼν,
2778 3882 2876 3948 τῆς
2909 3881 3002 3935 τοῦ
3029 3880 3164 3934 Θεοῦ
3206 3878 3554 3946 δικαιοσύνης
3587 3893 3681 3945 μυ-

2121 3971 2322 4036 στικῶς
2343 3972 2610 4044 δηλούσης
2665 3973 2734 4027 τὰ
2775 3974 3037 4044 μέλλοντα
3076 3973 3179 4042 τῆς
3201 3971 3312 4026 τῶν
3346 3973 3462 4024 ἐκεῖ
3484 3969 3683 4038 κλήρων

2116 4065 2398 4136 διαμονῆς.
2442 4065 2610 4119 Πάλιν
2651 4065 2751 4136 τὴν
2813 4065 2955 4119 κατὰ
3005 4065 3274 4120 θάλατταν
3309 4062 3573 4133 Ἐφρατμ,
3603 4059 3690 4114 καὶ

2119 4157 2400 4228 Βενιαμὶν,
2427 4159 2523 4211 καὶ
2544 4158 2835 4228 Μανασσῆ,
2875 4159 2902 4210 6
2931 4157 3086 4212 Καάο
3132 4157 3394 4226 λαγχάνει
3451 4155 3545 4207 τὸν
3585 4151 3691 4207 δεύ-

2116 4263 2274 4316 τερον
2331 4247 2424 4300 τὸν
2472 4246 2756 4318 Βενιαμίν.
2817 4247 2882 4300 Oi
2933 4247 2990 4302 δὲ
3061 4247 3243 4300 λοιποὶ
3287 4245 3382 4298 τοῦ
3412 4244 3574 4298 Καάθ
3613 4243 3694 4296 τὸν

2131 4329 2543 4410 Ἐφρατμ.Εἷτα
2601 4339 2728 4402 τοὺς
2775 4338 2884 4392 ἀπὺ
2928 4338 3158 4408 ἡμίσους
3206 4335 3385 4406 φυλῆς
3431 4334 3696 4404 Μανασσῆ

2118 4428 2212 4484 τοῦ
2248 4432 2304 4484 ὲν
2327 4432 2392 4500 τῇ
2422 4430 2553 4500 ἁγίᾳ
2602 4433 2697 4501 γῇ.
2747 4425 2882 4484 Εἶτα
2933 4428 3174 4501 Γηρσὼμ
3221 4429 3387 4482 πάλιν
3419 4429 3489 4483 τὸ
3536 4427 3701 4498 ἥμισυ

2119 4522 2294 4592 φυλῆς
2340 4522 2632 4592 Μανασσῆ.
2673 4521 2834 4575 Ἐπεὶ
2864 4521 2921 4575 δὲ
2961 4521 3068 4574 ἔδει
3096 4521 3190 4574 καὶ
3223 4521 3350 4584 τοὺς
3380 4520 3496 4572 ἀπὸ
3538 4519 3704 4590 βορρᾶ

2115 4613 2414 4685 τιμηθῆναι
2471 4614 2668 4678 τόπους
2709 4615 2806 4668 τοῦ
2873 4612 3090 4684 Ἰσραὴλ
3138 4614 3253 4675 τοῖς
3287 4611 3550 4682 τάγμασι
3599 4613 3705 4674 τοῖς

2117 4704 2414 4773 ἱερατικοῖς
2435 4719 2450 4735 ⁶
2479 4703 2566 4757 ἵνα
2613 4702 2688 4774 μὴ
2722 4703 3092 4774 πλεονεκτηοῇ
3127 4703 3196 4755 τὰ
3243 4701 3548 4754 τελευταῖα
3575 4702 3702 4768 τάγα

2118 4811 2288 4866 ματα,
2319 4793 2490 4848 ὄντων
2519 4794 2661 4847 κατὰ
2691 4793 2916 4866 βορρᾶν,
2949 4793 3076 4856 Δάν,
3131 4789 3486 4861 Νεφθαλεὶμ,
3518 4787 3706 4858 Ἀσὴρ,

2117 4886 2274 4940 Καὰθ
2302 4889 2330 4940 6
2357 4887 2497 4940 κατὰ
2545 4887 2673 4950 τοὺς
2728 4885 2954 4948 λοιποὺς
2999 4885 3098 4955 οὐχ
3140 4887 3168 4938 6
3205 4882 3346 4937 κατὰ
3377 4882 3516 4946 τοὺς
3547 4883 3709 4952 ἱερεῖς

2115 4978 2382 5049 λαμϐάνει
2421 4978 2513 5032 τὸν
2545 4979 2762 5050 πρῶτον
2784 4979 2881 5032 καὶ
2900 4976 3229 5048 τιμιώτερον
3252 4975 3361 5027 τῶν
3394 4975 3555 5028 κατὰ
3592 4973 3712 5044 βορο

2117 5073 2240 5142 ῥᾶν,
2271 5070 2364 5126 τὸν
2391 5071 2516 5125 Δάν.
2561 5071 2620 5123 '0
2642 5070 2698 5122 δὲ
2720 5069 2963 5142 Γηρσὼμ
2978 5069 3070 5122 τὸν
3093 5069 3364 5138 δεύτερον,
3385 5067 3490 5120 τον
3517 5067 3710 5136 Ἀσήρ.

2115 5159 2250 5218 Εἶτα
2282 5163 2444 5217 πάλιν
2494 5165 2522 5216 ὁ
2576 5160 2821 5233 Γηρσὼμ
2855 5161 2948 5213 τὸν
2972 5161 3176 5232 τρίτον,
3209 5158 3300 5210 τὴν
3349 5156 3709 5226 Νεφθαλείμ.

2116 5255 2178 5308 El
2206 5255 2264 5308 δὲ
2291 5255 2400 5309 τῶν
2435 5255 2558 5309 καθ’
2587 5253 2830 5320 ἱστορίαν
2860 5255 2893 5324 ἡ
2919 5251 3156 5306 ποικιλία
3180 5251 3273 5303 τὸν
3297 5248 3428 5303 νοῦν
3463 5251 3570 5304 καὶ
3611 5249 3709 5316 τήν

2119 5349 2340 5418 μνήμην
2370 5348 2517 5418 νικᾷ,
2548 5347 2600 5399 τί
2625 5345 2705 5398 δεῖ
2736 5344 2914 5413 λέγειν
2949 5344 3075 5416 περὶ
3120 5344 3216 5414 τῆς
3245 5341 3357 5396 τῶν
3390 5341 3714 5410 μελλόντων

2115 5439 2424 5509 οἰκονομίας
2453 5457 2467 5502 ;
3061 5513 3072 5526 ⁸

2194 5555 2332 5606 Τότε
2390 5552 2809 5607 συνεκάλεσεν
2844 5553 3086 5621 Ἰησοῦς
3116 5550 3261 5616 τοὺς
3301 5551 3723 5618 Ῥουσινίτας.

2127 5644 2480 5704 Ἀπολύονται
2519 5647 2567 5697 οἱ
2617 5645 2788 5716 πέραν
2840 5644 3106 5715 Ἰορδάνου
3165 5645 3721 5714 κληρονομήσαντες.

2116 5738 2284 5792 Ὅταν
2345 5737 2456 5808 γὰρ
2491 5737 2870 5810 ἀπολαύωμεν
2903 5739 3000 5802 τὰς
3033 5737 3368 5808 ἐπαγγελίας
3414 5737 3474 5790 οἱ
3509 5737 3625 5792 ὑπὸ
3647 5735 3726 5807 τῷ
