3956 6420
334 431 460 496 l’}~ll

1407 443 1941 506 COMMENTARII
1990 445 2070 505 IN
2112 447 2443 507 JUDICES.

3458 451 3610 514 itii?

341 535 516 614 Ἰησοῦ
553 550 992 621 στρατευόμενοι,
1033 553 1126 606 καὶ
1169 553 1528 621 συγκὰμωσιν
1557 553 1690 622 ἡμῖν
1721 553 1770 603 οἱ
1802 551 1904 603 ὑπὸ

2026 549 2603 623 aromissionesm
2660 554 3092 624 perceperimus,
3131 555 3421 611 nobiscum
3464 575 3592 614 vero

328 637 610 702 Μωῦσέως
640 639 896 705 λαϐόντες
914 644 1012 714 τὴν
1034 641 1422 714 κληρονομίαν,
1446 641 1600 694 οὔπω
1635 641 1690 694 δὲ
1719 659 1903 695 κατοιο

327 727 598 796 κήσαντες
635 731 692 784 ὲν
719 733 875 804 αὐτῇ,
937 734 1266 788 ἀπολύονται
1316 734 1549 798 ἕκαστος
1589 735 1668 791 είς
1701 733 1768 788 τὰ
1801 733 1906 786 ἴδια

335 819 473 888 μετὰ
491 819 599 874 τῶν
621 821 790 876 τελῶν
845 824 953 877 τῶν
988 825 1092 879 ὑπὸ
1133 824 1304 896 Ἰησοῦ
1359 825 1680 896 δεδομένων,
1711 824 1786 888 ῶς
1840 824 1906 878 ἂν

331 910 563 976 ἕκαστος
595 916 894 987 κατοικήσῃ
911 917 967 969 ὲν
993 917 1207 990 εἰρήνῃ,
1227 917 1430 981 παντὸς
1451 917 1692 987 πολέμου
1721 915 1910 970 καθαι-

337 995 605 1065 ρεῡέντος.

402 1079 564 1142 Οὗτοι
596 1090 654 1144 δὲ
685 1093 782 1146 καὶ
817 1094 992 1165 μέγαν
1021 1097 1366 1168 οἰκοδομοῦσι
1415 1096 1620 1168 βωμὸν,
1647 1096 1740 1150 καὶ
1771 1097 1908 1151 ἀπό-

333 1193 524 1232 στασιν
553 1181 912 1253 ἐγκληθέντες
945 1187 1355 1257 ἀπολογοῦνται,
1383 1188 1459 1250 ὡς
1507 1187 1568 1242 τὺ
1618 1189 1910 1259 θυσιαστή-

333 1267 450 1336 ριόν
479 1271 627 1324 ἐστιν
652 1272 786 1327 ὅπου
825 1276 1033 1347 Ἰησοῦς
1069 1277 1246 1348 ἄρχει.
1267 1279 1506 1332 Ἐκείνου
1547 1278 1604 1332 δὲ
1633 1277 1792 1332 τοῦτο
1826 1279 1907 1349 μί-

335 1357 494 1426 μημά
525 1374 582 1411 τε
621 1361 715 1413 καὶ
744 1363 1030 1433 σύμϐολον.
1050 1367 1136 1430 Ὦς
1169 1369 1234 1421 ἂν
1261 1368 1336 1439 μὴ
1365 1370 1496 1431 τοὺς
1523 1368 1680 1432 ἐκτὸς
1714 1369 1912 1438 Ἰορδάο

332 1465 421 1500 νου
454 1449 639 1516 ξένους
676 1454 814 1524 μετὰ
839 1458 1030 1527 χρόνον
1063 1461 1113 1512 οἱ
1148 1460 1296 1521 ὲντδς
1325 1456 1466 1513 εἷναι
1493 1461 1778 1532 νομίσωσι,
1803 1479 1912 1516 κω-

330 1537 551 1600 λύοντες
597 1542 798 1608 αὐτοὺς
843 1547 941 1616 τῆς
988 1547 1082 1600 τοῦ
1132 1548 1282 1620 ἱεροῦ
1341 1553 1594 1620 μετοχῆς.
1643 1551 1808 1620 Δηλοῖ
1857 1551 1913 1604 δὲ

330 1627 524 1690 ταῦτα,
555 1630 636 1695 ὡς
669 1635 698 1684 6
728 1633 856 1699 λαὸς
886 1637 983 1706 τῆς
1014 1641 1321 1709 περιτομῆς
1347 1642 1376 1694 6
1411 1641 1701 1712 πρότερος,
1724 1643 1775 1693 οἱ
1807 1641 1914 1693 υἱοὶ

341 1717 556 1773 Ῥουσιν
586 1722 679 1776 τοῦ
715 1727 1059 1795 πρωτοτόκου
1078 1770 1091 1794 ,
1123 1732 1174 1782 oi
1228 1731 1335 1783 υἱοὶ
1363 1731 1471 1784 Γὰδ
1503 1731 1666 1786 ἄλλου
1697 1749 1913 1802 πρωτο-

328 1809 516 1876 τόκου,
557 1813 606 1864 οἱ
659 1815 767 1868 υἱοὶ
815 1817 1084 1887 Μανασσῆ
1137 1820 1298 1874 ἄλλου
1355 1823 1724 1892 πρωτοτόκου,
1771 1823 1913 1877 κατὰ

2010 640 2176 696 illusis
2205 643 2411 698 subditi
2444 643 2844 708 laboraverint,
2865 656 3090 716 accepta
3120 647 3594 718 ltmreditatennn-

2010 732 2143 787 dum
2179 743 2362 789 autem
2390 746 2680 805 occupata.
2705 737 2772 791 ad
2812 741 2971 792 sedes
2996 739 3367 809 sempiternas
3389 740 3593 811 singuli

2011 837 2135 876 cum
2171 823 2331 880 bonis
2362 842 2390 877 a
2422 823 2592 880 Josue
2621 826 2769 882 datis
2831 827 3206 894 dimittuntur,
3239 839 3296 884 ut
3355 831 3594 900 quisque

2012 914 2159 968 omni
2182 913 2329 968 bello
2356 915 2576 970 sublato
2629 932 2726 972 seu
2751 929 2978 988 peracto
3011 920 3064 974 in
3097 935 3232 991 pace
3261 921 3446 990 degat.

2083 1094 2356 1148 Caeterum
2405 1091 2488 1146 illi
2522 1107 2744 1163 quoque
2785 1109 3038 1164 magnam
3088 1110 3239 1148 aram
3273 1101 3592 1158 exstruunt,

2013 1186 2450 1253 defectionisque
2485 1186 2751 1252 probrum
2782 1200 2906 1239 eum
2949 1186 3060 1240 illis
3095 1187 3379 1254 obiectum
3412 1196 3589 1252 esset,

2011 1283 2184 1336 altare
2227 1277 2359 1332 illud
2430 1277 2486 1330 in
2541 1276 2756 1330 ditione
2795 1275 2994 1331 ‘Josue
3047 1292 3171 1331 esse
3234 1279 3591 1347 respondent.

2015 1373 2093 1426 Ac
2124 1369 2274 1423 illius
2319 1367 2542 1438 quidem
2585 1366 2688 1420 hoc
2732 1381 2854 1422 esse
2901 1369 3189 1437 exemplar
3236 1383 3300 1423 ac
3350 1369 3593 1438 signum,

2017 1477 2084 1516 ne
2113 1460 2369 1515 videlicet
2417 1467 2663 1514 vertente
2723 1467 2971 1527 tempore
3027 1460 3282 1514 homines
3321 1460 3418 1530 qui
3449 1461 3593 1514 intra

2014 1554 2312 1610 Jordanetn
2366 1559 2518 1616 sunt,
2556 1565 2652 1606 eos
2690 1550 2784 1620 qui
2836 1558 2991 1604 extra
3042 1558 3172 1605 sunt
3214 1565 3315 1620 pro
3347 1551 3598 1621 peregri-

2017 1647 2106 1702 nis
2159 1651 2437 1715 reputent,
2487 1651 2541 1698 et
2588 1657 2618 1696 a
2661 1643 2812 1698 cultu
2863 1656 3024 1696 sacro
3067 1656 3164 1697 eos
3210 1649 3456 1696 arceant.
3501 1639 3599 1694 llis

2020 1751 2149 1792 vero
2184 1734 2466 1788 indicatur
2505 1729 2650 1802 qubd
2691 1731 2931 1802 populus
2959 1729 3418 1786 circumcisionis
3448 1729 3599 1798 prior

2022 1825 2114 1879 lilii
2160 1823 2415 1878 Manasse
2449 1821 2592 1876 alius
2636 1821 2995 1893 primogeniti
3025 1836 3128 1876 suo
3160 1828 3415 1890 tempore
3447 1835 3598 1874 aram

330 1902 522 1972 χρόνον
569 1904 835 1972 δηλονότι,
870 1911 1084 1964 ποιοῦσι
1142 1911 1325 1982 βωμὸν
1375 1915 1437 1966 οὑ
1485 1914 1576 1966 τὸν
1627 1913 1908 1983 ἀληθινὸν,

2026 1915 2272 1971 videlicet
2325 1920 2645 1994 exstruunt,
2703 1928 2812 1972 non
2862 1911 3088 1982 quidem
3129 1927 3316 1967 veram
3351 1911 3447 1967 sed
3478 1927 3600 1966 um-

327 1991 466 2046 ἅλλὰ
495 1995 557 2046 σύ
567 1996 762 2066 μδολον
781 2016 795 2030 ο
824 2000 910 2054 ἵνα
939 2001 1015 2071 μὴ
1040 2001 1306 2074 διέλωμεν
1328 2005 1524 2068 αὐτοὺς
1546 2007 1640 2060 ἀπ’
1661 2007 1909 2062 ἐκείνων.

341 2085 589 2156 Ἀδελφοὶ
624 2090 731 2160 γὰρ
762 2093 917 2162 ἡμῶν
950 2095 1002 2146 οἱ
1034 2095 1141 2165 πρὸ
1169 2095 1271 2164 τῆς
1308 2097 1607 2168 παρουσίας
1647 2099 1912 2162 Ἰουδαῖοι,

330 2179 512 2230 καὶτὸ
539 2178 790 2250 ἀληθινὸν
825 2185 1125 2257 μυστήριον
1158 2187 1356 2258 ᾔδεσαν
1403 2191 1479 2251 ὡς
1531 2189 1630 2241 οὐκ
1675 2189 1912 2259 ἔχουσιν.

344 2268 486 2323 Ἀλλ’
515 2273 570 2322 αι
621 2271 850 2325 παλαιαὶ
883 2273 1065 2327 θυσίαι
1098 2276 1206 2329 τῶν
1250 2277 1520 2346 ἀληθινῶν
1550 2278 1718 2342 τύπος
1765 2279 1920 2347 ἐτύγ·

330 2378 516 2430 χανον,
551 2363 685 2416 ὅπου
717 2360 783 2434 ἦν
816 2365 1047 2435 Ἰησοῦς.
1067 2368 1394 2439 Ἀμφότεροι
1439 2369 1621 2422 τοίνυν
1651 2369 1918 2438 γινόμεθα

323 2460 436 2529 ’μία
465 2459 696 2530 ποίμνη,
714 2456 796 2524 εἷς
824 2463 1163 2534 ποιμήν.⁹Ω;
1187 2463 1296 2535 γὰρ
1318 2464 1487 2518 πάλαι
1521 2465 1866 2533 ἀπέθνησκεν
1892 2467 1920 2518 6

333 2551 483 2614 λαὸς,
513 2552 609 2604 καὶ
657 2549 824 2622 ἦλθεν
861 2553 1094 2624 Ἀαρὼν,
1126 2555 1222 2608 καὶ
1273 2555 1408 2625 ἔστη
1447 2554 1648 2625 μεταξὺ
1684 2556 1794 2608 τῶν
1827 2571 1920 2608 τε-

335 2641 615 2712 θνηκότων
644 2643 741 2696 καὶ
768 2643 878 2697 τῶν
907 2644 1124 2707 ζώντων
1149 2685 1164 2712 ,
1197 2647 1291 2700 καὶ
1323 2646 1433 2702 ἀπὸ
1459 2647 1571 2700 τῶν
1600 2646 1803 2701 λοιπῶν
1829 2645 1922 2699 τὸν

335 2735 564 2790 θάνατον
593 2737 856 2808 ἔστησεν
887 2737 1063 2802 οὕτως
1101 2738 1128 2790 6
1173 2739 1429 2809 ἀληθινὸς
1475 2741 1769 2810 ἀρχιερεὺς
1821 2757 1920 2810 με·

333 2823 468 2890 ταξὺ
497 2825 608 2880 τῶν
633 2827 974 2898 τεθνηκότων
1005 2830 1098 2882 καὶ
1125 2830 1234 2884 τῶν
1266 2829 1486 2895 ζώντων
1511 2831 1622 2885 τῶν
1657 2847 1716 2884 τε
1757 2830 1921 2901 μέχρι

335 2919 434 2988 τῆς
464 2921 769 2990 παρουσίας
798 2923 890 2974 τὸν
924 2923 1256 2988 Ἰουδαῖσμὺν
1281 2923 1687 2993 τετηρηκότων,
1707 2923 1802 2976 καὶ
1831 2921 1924 2975 τὸν

336 3010 498 3064 αὑτὸν
531 3011 604 3081 μὴ
638 3011 980 3083 δεξαμένων,
1015 3013 1111 3066 καὶ
1140 3015 1368 3077 ἑαυτοὺς
1403 3013 1660 3085 μᾶλλονῆ
1698 3014 1789 3067 τὸν
1816 3013 1924 3083 Ίη-

341 3103 468 3155 σοῦν
518 3108 931 3174 νεκρωσόιντων,
962 3107 1030 3160 δι’
1053 3102 1127 3161 ὧν
1158 3108 1244 3176 ἐφ’
1275 3109 1505 3172 ἑαυτοὺς
1547 3107 1608 3160 τὸ
1653 3101 1795 3177 αἷμα
1829 3105 1924 3176 φέ-

2017 2007 2290 2069 bratilem,
2327 2021 2395 2058 ne
2423 2019 2520 2059 eos
2552 2005 2622 2058 ab
2655 2005 2768 2058 illis
2809 2019 3156 2072 separemus.
3194 2002 3420 2059 Fratres
3449 2003 3598 2058 enim

2020 2098 2193 2152 no~tri
2259 2099 2350 2166 qui
2419 2103 2547 2150 ante
2602 2096 2900 2150 adventum
2974 2093 3194 2148 Domini
3258 2094 3600 2148 exstiterunt

2015 2188 2214 2255 Judati,
2251 2203 2316 2242 ac
2351 2202 2542 2241 verum
2578 2185 2904 2258 mysterium
2929 2184 3179 2239 venerati
3213 2193 3366 2250 sunt,
3396 2201 3598 2255 quant-

2020 2277 2105 2330 vis
2149 2291 2256 2329 non
2283 2274 2650 2340 habuissent,
2689 2281 2906 2330 veteres
2956 2288 3092 2328 vero
3123 2272 3359 2327 victimte
3394 2273 3599 2326 verita-

2022 2367 2092 2420 tis
2121 2368 2290 2436 ligura
2323 2365 2568 2431 luerunt,
2616 2380 2740 2436 quae
2780 2380 2974 2420 verum
3012 2363 3182 2418 Josue
3229 2369 3600 2433 repraesenta-

2020 2469 2174 2514 runt.
2224 2458 2402 2513 Ambo
2450 2458 2640 2527 itaque
2689 2472 2834 2512 unus
2887 2455 3145 2526 idemque
3195 2470 3328 2525 grex
3381 2468 3596 2516 sumus.

2023 2550 2279 2618 idemque
2312 2558 2522 2618 pastor.
2560 2542 3042 2614 Quemadmodum
3072 2548 3220 2602 enim
3263 2548 3391 2601 olim
3425 2561 3597 2601 oceu-

2022 2644 2143 2698 buit
2190 2643 2448 2712 p0pulus,
2493 2641 2848 2710 accessitque
2897 2639 3080 2694 Aaron
3136 2648 3192 2694 et
3248 2655 3310 2696 se
3357 2638 3601 2694 medium

2023 2735 2170 2789 inter
2225 2742 2476 2788 mortuos
2535 2749 2599 2787 ac
2647 2734 2804 2788 vivos
2858 2732 3076 2798 statuit,
3148 2741 3203 2787 et
3269 2748 3300 2786 a
3372 2731 3602 2802 reliquis

2025 2836 2256 2882 mortem
2314 2827 2568 2896 depulit:
2629 2827 2703 2880 ita
2751 2842 2914 2880 verus
2964 2825 3212 2895 pontifex
3263 2825 3411 2880 inter
3453 2839 3604 2879 mor-

2027 2930 2148 2975 tuos
2182 2935 2245 2974 ac
2275 2920 2451 2984 vivos,
2499 2920 2646 2974 inter
2689 2934 2784 2973 eos
2828 2920 2922 2989 qui
2967 2908 3036 2973 ad
3087 2917 3386 2973 adventum
3428 2917 3606 2988 ipsius
3667 2941 3675 2948 -

2025 3028 2202 3082 usque
2231 3011 2585 3068 Judaismum
2627 3019 3054 3075 conservarunt,
3103 3026 3314 3080 eosque
3346 3009 3440 3080 qui
3473 3026 3601 3064 cum

2026 3121 2135 3160 non
2170 3114 2523 3175 receperunt,
2556 3121 2728 3175 seque
2778 3105 2930 3174 ipsos
2965 3119 3131 3174 quam
3164 3101 3356 3158 Jesum
3402 3116 3606 3157 nccare

342 3211 456 3264 ρειν
507 3197 816 3266 ἐτόλμησαν
851 3198 1048 3268 Ἰησοῦ.
1100 3199 1192 3252 Διὸ
1233 3201 1329 3253 καὶ
1377 3201 1484 3252 πᾶν
1533 3191 1672 3267 αἷμα
1718 3197 1918 3252 δίκαιον

2031 3193 2372 3264 maluerunt,
2403 3214 2468 3253 eo
2497 3199 2647 3269 quod
2689 3198 3020 3269 sanguinem
3062 3195 3194 3252 Jesu
3232 3197 3285 3251 in
3323 3211 3383 3252 se
3418 3204 3607 3250 trans-

339 3283 576 3354 ἔφθασεν
634 3288 721 3340 ἐπ’
746 3287 965 3352 αὐτούς.
996 3290 1218 3356 Μεταξὺ
1265 3291 1447 3343 τοίνυν
1493 3288 1665 3342 ἐλθὼν
1691 3288 1922 3357 ἔστησεν

339 3377 435 3446 ἀφ’
459 3377 616 3448 ήμῶν
648 3377 746 3448 τὴν
776 3380 870 3431 τοῦ
906 3380 1140 3432 θανάτου
1175 3381 1366 3450 νομὴν,
1396 3380 1504 3433 τῶν
1532 3379 1743 3450 νεκρῶν
1788 3379 1922 3432 Ἰου-

337 3469 504 3520 δαίων
537 3469 704 3537 μηδὲν
743 3469 826 3521 ἔτι
857 3470 1157 3522 ποιούντων
1189 3471 1443 3541 ἀληθινὸν
1473 3471 1583 3524 τῶν
1615 3471 1720 3524 ὑπὸ
1753 3471 1937 3540 νόμου,

338 3557 707 3626 διῃρημένων.
746 3561 882 3630 Παρ⁹
907 3563 1039 3632 ἡμῖν
1069 3562 1178 3630 γὰρ
1199 3565 1232 3615 6
1258 3562 1513 3632 ἀληθινὸς
1533 3563 1661 3626 ναὸς
1686 3564 1713 3615 6
1744 3563 1808 3614 ἐκ
1835 3561 1920 3616 λί-

329 3643 450 3698 -θων
483 3643 722 3713 ζώντων,
752 3649 847 3703 καὶ
881 3648 1089 3722 Ἰησοῦς
1114 3651 1142 3704 6
1170 3648 1447 3722 ἀληθινός.

1835 3794 1870 3816 ’κο

341 3889 2748 3925 W

871 3971 1986 4181 COMMENTARII
2097 4051 2257 4176 IN
2361 4048 3068 4248 JUQICES.

413 4399 536 4461 Τοῖς
568 4395 823 4466 ἀγνοοῦσι
855 4396 950 4452 τοῦ
985 4397 1251 4469 παρόντος
1285 4397 1494 4468 βιϐλίου
1533 4400 1634 4471 τὴν
1667 4399 1920 4472 δύναμιν,

341 4490 439 4544 καὶ
489 4490 570 4542 ὅτι
614 4490 767 4542 πᾶσα.
812 4490 1005 4561 Γραφὴ
1056 4489 1416 4553 θεόπνευστος
1473 4490 1568 4543 καὶ
1623 4490 1922 4562 ὠφέλιμος,

343 4581 604 4652 ἀνόνητον
650 4578 791 4634 εἶναι
836 4581 1002 4646 δοκεῖ,
1036 4581 1306 4651 πολέμους
1351 4583 1447 4635 καὶ
1499 4583 1678 4652 μάχας
1729 4582 1806 4648 ὼς
1853 4584 1924 4638 τὰ

345 4673 520 4725 πολλὰ
544 4671 920 4743 διηγούμενον.
951 4673 1027 4725 οὐ
1073 4671 1183 4742 γὰρ
1223 4672 1542 4737 σκοποῦσιν,
1571 4675 1647 4738 ὡς
1676 4674 1924 4738 τυπικῶς

347 4765 451 4836 μὲν
499 4765 728 4828 ἐκείνοις
789 4763 986 4834 συνέϐη
1015 4805 1030 4831 ,
1077 4764 1294 4839 ἐγράφη
1342 4765 1399 4818 δὲ
1450 4766 1590 4836 πρὸς
1643 4767 1927 4822 νουθεσίαν
1958 4745 2002 4800 D

348 4857 530 4928 ἡμῶν,
565 4858 659 4911 καὶ
689 4855 809 4910 κατ’
836 4856 968 4910 αὐτὸ
1005 4856 1066 4910 τὸ
1098 4856 1261 4927 ῥητὸν
1291 4855 1570 4926 ὠφελῆσαι
1615 4857 1735 4912 λίαν
1765 4859 1928 4914 δυνά-

352 4961 544 5020 μενον⁶
576 4949 704 5002 ὅταν
734 4949 950 5019 δρῶμεν
976 4948 1101 5002 ὅσον
1135 4948 1362 5004 δύναται
1386 4950 1522 5004 Θεοῦ
1549 4951 1808 5024 λατρεία,
1835 4952 1931 5006 καὶ

347 5039 516 5093 πάλιν
556 5040 879 5104 ἀπόστασις.
946 5040 1060 5094 Καὶ
1101 5041 1176 5105 ὼς
1224 5043 1259 5112 ἠ
1315 5043 1449 5112 μὲν,
1500 5042 1754 5115 καθαιρεῖ
1800 5047 1929 5110 τοὺς

345 5130 600 5202 ἐχθροὺς,
628 5132 732 5185 κᾶν
775 5132 1085 5186 ἀπέλθωσιν
1104 5149 1118 5163 ⁶
1151 5135 1184 5205 ἡ
1211 5133 1300 5202 δὲ,
1333 5133 1548 5199 τούτοις
1576 5134 1938 5206 ὑποχειρίους·

337 5223 656 5297 ἐργάζεται.
703 5224 1009 5295 Τοιγαροῦν
1063 5227 1092 5279 6
1143 5226 1287 5289 θεῖος
1339 5227 1552 5292 Παῦλος
1601 5229 1668 5281 ὲκ
1715 5228 1924 5284 τούτων

333 5317 570 5370 πλεῖστα
601 5316 868 5386 λαμϐάνει
901 5317 970 5370 τὰ
1001 5317 1446 5388 παραδείγματα,
1479 5320 1708 5392 γράφων
1727 5335 1741 5350 ·
1797 5322 1924 5375 ἐπι-

331 5409 517 5478 λείψει
546 5410 656 5479 γάρ
712 5425 780 5478 με
808 5407 1166 5481 διηγούμενον
1215 5411 1243 5464 6
1287 5412 1479 5482 χρόνος
1524 5412 1654 5483 περὶ
1692 5411 1920 5479 Γεδεὼν,

335 5502 532 5572 Βαράκ
561 5519 618 5555 τε
649 5501 744 5556 καὶ
773 5500 1012 5572 Σαμψὼν
1031 5540 1047 5567 ,
1079 5502 1175 5556 καὶ
1209 5501 1420 5574 Ἰεφθάε
1439 5521 1453 5534 ο
1488 5503 1538 5556 οἳ
1567 5505 1655 5561 διὰ
1687 5505 1926 5570 πίστεως

337 5593 791 5664 κατηγωνίσαντο
817 5593 1124 5666 βασιλείας,
1154 5595 1252 5650 καὶ
1288 5595 1358 5650 τὰ
1390 5594 1552 5667 ιτεξῆσς.⁴

460 5883 508 5918 ⁵⁸
530 5881 698 5941 Hebr.
733 5900 808 5951 Il,
865 5882 955 5939 ὅθ.

2031 3288 2177 3343 ferre
2218 3287 2339 3342 ausi
2379 3300 2530 3353 sunt,
2571 3287 2626 3341 in
2669 3302 2809 3356 quos
2861 3287 3074 3340 idcirco
3102 3287 3288 3340 omnis
3323 3285 3605 3354 justorutn

2029 3381 2254 3449 sanguis
2303 3379 2520 3433 recidit.
2565 3378 2700 3434 Cum
2755 3379 3167 3434 intercessisset
3212 3377 3421 3446 itaque,
3455 3390 3606 3429 mor-

2031 3481 2138 3527 tem
2171 3486 2202 3524 a
2230 3470 2392 3526 nobis
2426 3473 2692 3526 abstulit:
2729 3487 2858 3526 cum
2893 3471 3096 3525 mortui
3129 3469 3308 3524 Judaei
3345 3469 3449 3524 sub
3488 3469 3606 3536 lege

2029 3560 2271 3630 separati
2333 3561 2548 3614 nullum
2604 3561 2847 3629 amplius
2895 3558 3150 3614 veritatis
3220 3573 3362 3628 opus
3416 3555 3605 3611 edant.

2029 3651 2185 3720 Apud
2227 3665 2330 3706 nos
2381 3651 2530 3704 enim
2587 3665 2778 3705 verum
2833 3658 2918 3705 est
2966 3651 3236 3718 templum
3289 3647 3437 3716 quod
3468 3645 3606 3702 vivis

2029 3743 2306 3813 lapidibus
2333 3749 2573 3807 constat,
2609 3758 2773 3798 verus
2817 3742 2944 3797 item
2979 3739 3162 3796 Josue.

2815 3887 3584 3925 ωε

2103 4403 2160 4457 Si
2194 4401 2320 4472 quis
2369 4398 2537 4469 hujus
2580 4394 2873 4468 praesentis
2912 4391 3085 4448 libelli
3139 4391 3429 4458 virtutem,
3490 4405 3610 4446 om-

2031 4507 2267 4563 nemque
2321 4490 2668 4560 Scripturam
2726 4485 2988 4540 divinitus
3045 4482 3372 4552 inspiratam
3418 4479 3609 4535 utilem

2029 4600 2153 4640 esse
2189 4585 2427 4654 ignorat,
2474 4578 2620 4634 bella
2665 4591 2730 4630 ac
2777 4587 2990 4645 pugnas
3023 4570 3230 4641 saapius
3260 4583 3623 4624 commemo--

2029 4683 2244 4730 rantem
2292 4672 2507 4727 futilem
2547 4683 2671 4724 esse
2712 4665 2902 4722 ducet.
2953 4663 3074 4718 Non
3119 4661 3270 4717 enim
3330 4661 3386 4715 in
3432 4660 3607 4730 ﬁgura

2030 4770 2140 4825 illis
2178 4767 2458 4830 evenisse,
2499 4773 2553 4818 et
2583 4760 2651 4816 ad
2693 4768 2945 4814 nostram
2981 4755 3367 4812 eruditionem
3401 4756 3611 4825 scripta

2031 4877 2158 4918 esse
2215 4857 2538 4930 perpendet.
2591 4852 2706 4927 Nec
2757 4850 2927 4908 etiam
2991 4849 3140 4920 quod
3187 4848 3304 4903 haec
3365 4846 3614 4902 narratio

2030 4952 2334 5024 plurimum
2382 4947 2542 5002 nobis
2586 4945 2846 5000 utilitatis
2895 4941 3080 5009 ali'ert,
3142 4955 3268 4997 cum
3303 4941 3375 4994 ob
3421 4939 3615 4994 oculos

2031 5050 2240 5116 quanta
2295 5039 2464 5095 divini
2524 5037 2736 5104 cultus,
2781 5051 2846 5091 ac
2892 5042 3131 5091 econtra.
3170 5031 3501 5088 defectionis
3530 5029 3613 5084 vis

2029 5137 2266 5194 exsistat
2299 5133 2474 5204 ponit,
2506 5131 2654 5202 quod
2703 5129 2963 5185 videlicet
2984 5127 3075 5181 ille
3105 5126 3296 5180 hostes
3329 5122 3436 5179 etsi
3477 5137 3614 5176 con-

2031 5237 2116 5282 tra
2167 5243 2271 5282 nos
2329 5223 2758 5289 insurrexerint,
2834 5219 3084 5289 reprimit
3139 5234 3154 5271 :
3202 5229 3267 5270 ea
3318 5229 3449 5270 vero
3512 5213 3614 5270 sub

2033 5322 2282 5394 ipsorum
2333 5335 2560 5375 manum
2603 5315 2795 5372 mittit.
2845 5314 3029 5379 Quare
3057 5311 3222 5367 divus
3265 5309 3476 5365 Paulus
3501 5324 3616 5366 non

2031 5415 2258 5487 indigne
2294 5429 2365 5468 ex
2397 5412 2486 5468 his
2539 5405 2846 5479 Scripturis
2886 5404 3126 5474 plurima
3169 5404 3308 5458 citat
3331 5402 3613 5472 exempla.

2031 5511 2166 5579 Quae
2201 5507 2386 5577 qualia
2433 5505 2545 5560 sint
2578 5517 2701 5574 qua:
2730 5500 2799 5556 de
2827 5498 3105 5580 Gedeone,
3155 5496 3224 5552 de
3266 5494 3509 5559 Barach,
3543 5493 3608 5554 ἀ(

2031 5603 2360 5674 Sampsone,
2407 5597 2604 5668 Jepbte
2652 5603 2706 5650 et
2767 5592 2890 5648 aliis
2923 5591 3019 5662 qui
3063 5589 3190 5646 ﬁdei
3215 5589 3419 5646 virtute
3453 5586 3606 5642 devia

2031 5703 2228 5756 cerunt
2270 5709 2436 5764 regm.
2469 5684 3053 5754 commemorantur",
3082 5685 3130 5742 si
3164 5691 3456 5740 recensere
3491 5677 3598 5734 vel:

2033 5796 2163 5861 lem,
2195 5799 2410 5860 tempus
2437 5801 2524 5841 me
2563 5781 2841 5838 deﬁceret.
