3956 6402
453 421 588 485 1045

1535 415 2076 483 COMMENTARII
2120 415 2200 473 ΙΝ
2240 412 2577 474 JUDICES.

3566 399 3709 464 1046'

455 554 472 584 ι
502 532 583 585 Τὰ
618 533 794 588 πάντα
836 534 1223 604 καταλήψομαι
1273 536 1337 603 τῇ
1376 532 1518 602 χειρί
1554 548 1655 602 μου
1686 531 1759 592 ὼς
1788 525 2030 583 νοσσιὰν.

2156 522 2242 576 ενι
2274 537 2441 589 super
2492 533 2710 573 omnem
2768 515 2932 570 Deum
2957 514 3024 577 ⁸⁸,
3064 520 3118 566 ct
3154 511 3275 580 ejus
3307 509 3536 571 cultum,
3574 511 3703 579 qui-

453 624 544 676 καὶ
595 622 671 686 ώς
716 623 1187 695 καταλελειμμένα
1239 622 1324 675 ώά
1374 621 1514 692 ἀρῶ.
1547 640 1564 673 ι
1602 621 1698 674 Ὃν
1731 621 1759 672 ὁ
1790 614 2029 687 Χριστὸς

448 715 778 786 ὲ-ξενεύρισε,
806 718 986 770 πᾶσαν
1028 716 1142 770 ὁδὸν
1192 714 1353 768 αὑτοῦ
1387 715 1482 767 καὶ
1508 712 1707 784 πρᾶξιν
1736 706 2028 781 περιελὼν,

449 806 594 876 ἄκρα
640 806 839 877 χειρῶν
886 807 1050 860 αὑτοῦ
1101 807 1195 859 καὶ
1227 803 1405 859 ποδῶν
1453 802 1773 871 ἀποκόψας·
1830 799 1927 855 καὶ⁵
1968 798 2031 852 τὸ

452 896 801 967 ἀνταπόδομα
826 895 992 950 αὐτοῦ
1024 895 1360 967 άνταπεδόθη
1386 893 1553 964 αὐτῷ.

538 1150 974 1221 Ἐ’ϐδομήκοντα
1005 1150 1290 1218 βασιλεῖς
1338 1149 1411 1205 τὰ
1460 1150 1619 1219 ἄκρα
1665 1147 1785 1204 τῶν
1817 1149 2035 1219 χειρῶν

454 1241 654 1297 αὐτῶν
685 1244 781 1297 καί
810 1243 885 1297 τὰ
920 1243 1072 1310 ἄκρα
1096 1242 1215 1297 τῶν
1239 1240 1442 1296 ποδῶν
1468 1240 1669 1297 αὐτῶν
1699 1242 2035 1312 ἀποκεκομ-

449 1334 643 1404 μένοι.
672 1329 837 1405 ἦσαν
874 1335 1288 1403 συλλέγοντες
1331 1334 1405 1388 τὰ
1435 1333 1716 1387 ὑποκάτω
1748 1333 1858 1401 τῆς
1894 1349 2033 1402 τρα-

454 1425 635 1493 πέζης
676 1443 819 1495 μου.
844 1427 1103 1497 Ἀνδρας,
1134 1427 1325 1496 φησιν,
1352 1426 1576 1496 ἀρεταῖς
1600 1425 2032 1497 διαπρέψαντας,

455 1516 550 1579 οὓς
590 1515 822 1587 ὕστερον
870 1515 1187 1586 ἐζώγρησεν
1230 1518 1259 1569 ό
1288 1515 1535 1578 διάϐολος
1582 1514 1683 1579 τὰς
1718 1515 1860 1569 κατά
1903 1514 2037 1568 Θεὸν

457 1606 605 1668 ὀδοὺς
631 1607 728 1659 καὶ
755 1606 985 1677 πράξεις
1014 1607 1328 1679 περιτεμὼν
1349 1647 1363 1673 ,
1391 1607 1488 1661 καὶ
1515 1606 1684 1676 ψευδῆ
1713 1606 1915 1675 γνῶσιν
1941 1606 2038 1660 aii-

455 1699 567 1760 τοῖς
605 1696 882 1768 ἐμϐαλὼν,
907 1698 973 1750 ὲκ
996 1698 1099 1769 τῆς
1134 1698 1274 1763 ἰδίας
1302 1700 1509 1768 τροφῆς
1533 1699 1600 1752 τὰ
1629 1698 1823 1769 εὐτελῆ
1855 1714 2035 1770 παρα-

461 1788 605 1858 σχὼν
657 1788 1096 1861 περισσεύματα.
1129 1789 1238 1853 Οὓς
1284 1790 1377 1843 καὶ
1408 1790 1451 1843 o'
1492 1805 1690 1860 φησιν,
1721 1791 1798 1854 ὼς
1849 1788 2038 1852 κακῶς

2131 627 2239 681 que
2272 611 2407 664 dicit
2445 629 2456 665 :
2499 627 2517 660 ι
2554 607 2753 663 Omnia
2781 622 2943 661 manu
2987 618 3105 658 mea
3149 598 3485 672 prehendam
3510 615 3706 668 quem-

2133 703 2426 757 admodum
2489 701 2720 771 pullum,
2753 706 2807 753 et
2829 707 3088 766 tanquam
3143 708 3246 748 ova
3296 692 3558 747 derelicta
3603 705 3702 743 au-

2133 794 2304 850 feram
2329 792 2373 825 "
2407 793 2431 846 ?
2470 810 2489 844 ι
2550 790 2722 857 Quem
2776 787 3060 845 enervavit
3113 785 3394 848 Christus,
3426 796 3706 850 omneque
3801 822 3809 830 .

2131 886 2255 956 ejus
2288 886 2394 939 iter
2447 884 2809 952 actionesque
2868 881 3186 949 interrupit,
3234 893 3298 931 ac
3350 889 3598 931 summos
3628 872 3704 927 di-

2133 978 2275 1048 gitos
2330 990 2595 1030 manuum
2636 988 2700 1029 ac
2733 974 2929 1044 pedum
2997 970 3253 1025 abscidit.
3324 967 3516 1037 Itaque
3559 965 3705 1035 quod

2134 1070 2258 1123 aliis
2290 1067 2495 1123 inferre
2525 1068 2748 1130 solitus,
2782 1064 2834 1118 id
2869 1064 3047 1134 ipsum
3099 1063 3175 1117 illi
3213 1071 3439 1117 econtra
3474 1059 3678 1115 evenit.

2205 1158 2557 1229 Septuaginta
2600 1174 2745 1227 reges
2790 1156 3079 1224 amputatis
3134 1153 3392 1221 supremis
3452 1165 3708 1203 manuum

2133 1267 2195 1305 ac
2216 1230 2407 1319 pedum
2429 1248 2612 1320 digitis
2639 1246 2959 1315 collegerunt
2996 1244 3088 1299 sub
3118 1260 3296 1297 mensa
3346 1257 3478 1295 utea.
3515 1238 3589 1313 [l,
3624 1238 3701 1309 7].

2137 1339 2321 1405 Viros,
2356 1338 2557 1409 inquit,
2607 1335 2911 1391 virtutibus
2957 1334 3144 1390 claros
3186 1334 3480 1388 itineribus
3508 1328 3711 1384 divinis

2137 1434 2565 1503 actionibusque
2597 1431 2962 1499 interceptos,
2991 1441 3054 1481 ac
3084 1426 3220 1481 falsa
3258 1425 3575 1495 cognitione
3604 1422 3704 1476 im—

2136 1527 2304 1582 butos
2323 1525 2578 1580 diabolus
2606 1519 2991 1585 circumvenit,
3011 1533 3074 1573 ac
3097 1518 3191 1573 vili
3213 1517 3298 1572 sui
3320 1517 3500 1570 victus
3524 1514 3712 1568 alimo-

2139 1617 2229 1673 nia
2271 1614 2538 1686 implevit.
2573 1612 2732 1680 Quod
2762 1625 2893 1667 vero
2924 1608 3280 1679 septuaginta
3316 1606 3489 1661 fuisse
3513 1604 3707 1667 tradit,

2140 1710 2281 1765 male
2322 1723 2352 1762 a
2393 1706 2558 1763 bonis
2601 1704 2920 1759 actionibus
2962 1700 3193 1756 feriatos
3240 1711 3369 1754 esse
3409 1698 3610 1766 arguit,
3653 1701 3713 1748 ut

2141 1804 2210 1857 de
2247 1802 2381 1872 ipsis
2407 1816 2507 1856 vox
2536 1799 2629 1854 Dei
2657 1813 2754 1868 per
2788 1796 2984 1850 Isaiam
3034 1794 3195 1850 sonet
3224 1806 3239 1845 :
3278 1809 3298 1844 ι
3350 1788 3587 1844 Sabbata
3623 1802 3715 1841 ve-

458 1879 568 1934 απὸ
594 1878 704 1932 τῶν
743 1880 996 1951 πράξεων
1030 1882 1141 1934 τῶν
1187 1880 1410 1950 ἀγαθῶν
1457 1880 1914 1945 σαϐϐατίσαντας,
1962 1880 2039 1944 ὡς

2156 1901 2253 1948 atra
2314 1892 2432 1948 odit
2479 1891 2663 1946 anima
2714 1907 2833 1946 mea
2888 1888 2956 1946 ιθ.
3011 1908 3030 1941 ι
3100 1887 3275 1944 Porro
3334 1887 3449 1955 ipsc
3496 1897 3718 1953 quoque

461 1969 598 2040 πρὸς
634 1969 831 2036 αὐτοὺς
860 1972 1116 2041 λέγεσθαι
1145 1972 1245 2044 τὴν
1279 1972 1500 2026 Ἡσαΐου
1544 1973 1730 2043 φωνὴν
1772 1974 1837 2025 ὲκ
1863 1970 1997 2025 Θεοῦ
2026 1987 2040 2001 ·

468 2078 487 2111 ι
518 2058 598 2114 Τά
631 2062 884 2115 Σάϐϐατα
912 2062 1081 2134 ὑμῶν»
1106 2063 1256 2130 μισεῖ
1281 2064 1313 2134 ἡ
1342 2062 1488 2132 ψυχή
1530 2080 1655 2134 μου.
1688 2080 1706 2113 ›
1739 2061 1849 2115 Καὶ
1878 2060 2042 2124 αὐτὸς

459 2148 517 2203 δὲ
545 2151 733 2205 λοιπὸν
766 2151 1125 2216 Ἀδωνιζεϐὲκ
1143 2152 1641 2225 ἀκρωτηριασθεὶς,
1677 2153 1735 2206 ὲν
1767 2151 2037 2222 Ἰερουσα-

458 2241 572 2313 λὴμ
602 2244 1064 2315 ἀποθνήσκει.⁹Ως
1095 2246 1205 2317 γάρ
1236 2245 1301 2318 ζῇ
1336 2247 1572 2317 Χριστὸς
1603 2246 1663 2300 ὲν
1695 2245 1894 2316 Παύλῳ
1940 2246 2036 2300 καὶ

457 2335 573 2396 τοῖς
602 2336 721 2387 κατ’
744 2335 937 2401 αὐτὸν,
968 2334 1111 2389 οὕτω
1140 2336 1411 2407 ,θνήσκειν
1442 2338 1500 2390 ὲν
1529 2337 1768 2401 αὑτοτςό
1792 2336 2038 2399 διάϐολος

458 2424 700 2495 λέγεται.
736 2429 799 2481 01
831 2428 924 2482 καί
948 2446 1099 2498 φασι,
1139 2445 1160 2481 ι
1192 2430 1372 2501 Χάρις
1401 2429 1460 2484 δὲ
1485 2429 1564 2500 τῷ
1594 2430 1715 2499 Θεῷ
1736 2429 1813 2500 τῷ
1840 2429 2037 2483 διδόντι

456 2517 519 2570 τὸ
566 2519 716 2583 νῖκος
767 2520 900 2590 ἡμῖν
943 2520 1033 2574 διὰ
1078 2519 1173 2574 τοῦ
1213 2521 1419 2594 Κυρίου
1473 2522 1630 2595 ἡμῶν
1676 2522 1851 2592 ’1ησοῦ
1899 2523 2038 2595 Χρι-

461 2608 610 2664 στοῦ.
648 2627 668 2661 ι

2137 1985 2400 2054 deinceps
2433 1983 2780 2038 Adonizebec
2831 1982 3131 2051 pollicibus
3182 1979 3469 2033 mutilatas
3491 1975 3717 2032 Ieroso-

2137 2076 2298 2146 lymae
2326 2076 2583 2129 moritur.
2622 2073 3096 2140 Quemadmodum
3143 2071 3402 2126 Christus
3438 2071 3621 2123 vivere
3659 2070 3715 2123 in

2142 2167 2338 2231 Paulo,
2374 2175 2428 2221 et
2478 2166 2534 2221 in
2577 2166 2705 2221 aliis
2758 2166 2875 2220 suis
2926 2164 3209 2227 membris,
3260 2162 3334 2216 ita
3376 2161 3517 2216 mori
3547 2162 3599 2214 in
3636 2162 3717 2216 eis

2144 2258 2397 2312 diabolus
2460 2258 2685 2311 dicitur.
2743 2256 2846 2323 Qui
2897 2270 3031 2310 sane
3076 2256 3263 2311 aiunt:
3310 2272 3328 2305 ι
3365 2250 3551 2306 Gratia
3587 2266 3718 2305 vero

2142 2346 2255 2403 Deo
2313 2350 2409 2419 qui
2468 2348 2629 2403 nobis
2662 2348 2895 2403 contulit
2941 2345 3230 2401 victoriam
3284 2358 3381 2414 per
3420 2340 3717 2397 Dominum

2144 2447 2398 2495 nostrum
2430 2438 2617 2496 Iesum
2657 2438 2937 2494 Christum
2972 2437 3037 2491 δ’.
3074 2455 3093 2489 ι

531 2738 802 2796 Caeterum
831 2741 926 2796 tllii
957 2741 1104 2797 Enac
1136 2742 1238 2797 viri
1276 2743 1584 2799 immodicae
1636 2745 2037 2816 magnitudinis
2070 2755 2249 2813 erant,
2289 2762 2528 2817 quorum
2569 2762 2720 2811 ossa,
2760 2754 2819 2801 ut
2856 2742 3131 2815 Iosephus
3164 2710 3326 2798 testis
3355 2746 3460 2802 est.
3488 2753 3585 2808 pro
3620 2742 3723 2797 mi-

459 2828 653 2883 raculo
687 2832 989 2885 etiamnum
1024 2831 1473 2902 conspiciuntur.

532 2939 642 2994 Kal
677 2938 893 3006 δώσεις
916 2952 1024 3010 ’μοι
1056 2942 1359 3010 λύτρωσιν
1386 2941 1627 3009 ὕδατος.
1668 2940 1839 2997 Τοῦτο
1873 2943 2042 3015 πρόσ-

463 3045 643 3085 κειται
693 3032 805 3095 τοῖς
856 3032 914 3085 ὲν
950 3031 1126 3101 Ἰησοῦ
1165 3031 1511 3103 λελεγμένοις
1557 3033 1687 3105 περὶ
1719 3034 1908 3105 αὐτῆς,
1942 3035 2042 3104 ἒμ-

464 3124 651 3192 φαῑνον
700 3121 811 3196 τὴν
828 3122 915 3176 διὰ
952 3123 1045 3176 τοῦ
1079 3124 1240 3193 ἁγίου
1277 3124 1653 3195 βαπτίσματος
1686 3125 1899 3194 ἄφεσιν,
1935 3124 2043 3177 τῶν

463 3232 523 3269 τε
548 3216 646 3286 τῆς
680 3215 1060 3285 ὑπερηφανίας
1088 3216 1402 3287 ὑψωμάτων
1428 3216 1524 3270 καὶ
1556 3214 1651 3269 τοῦ
1676 3216 2043 3286 ἐπαιρομένου

464 3310 606 3363 κατά
630 3311 728 3381 τῆς
758 3309 1012 3377 γνώσεως
1040 3309 1133 3362 τοῦ
1161 3309 1322 3373 Θεοῦ,
1353 3309 1449 3363 καὶ
1478 3309 1587 3363 τῶν
1616 3308 1890 3363 ταπεινῶν
1918 3326 2045 3378 νοη-

2224 2943 2293 2997 Et
2323 2944 2476 2998 dabis
2510 2942 2639 2996 mihi
2670 2939 3077 3010 redemptionem
3100 2952 3285 3009 aqum.
3356 2934 3474 2990 Hoc
3503 2936 3722 2991 enimin

2152 3037 2380 3093 historia
2400 3034 2565 3091 Iosue
2594 3043 2680 3090 est
2693 3035 2739 3066 ⁵⁸
2756 3032 3096 3103 adiunctum,
3113 3045 3177 3085 ac
3190 3045 3287 3100 per
3306 3038 3554 3085 sanctam
3578 3031 3728 3082 tinc-

2151 3126 2355 3182 tionem
2382 3141 2506 3181 cum
2535 3125 2786 3194 superbae
2816 3123 3089 3186 elationis,
3115 3128 3420 3190 contraque
3453 3121 3738 3189 cognitio-

2151 3234 2276 3275 nem
2309 3218 2556 3274 divinam
2609 3214 3012 3277 insultationis,
3058 3213 3445 3267 remissionem
3479 3210 3728 3276 denotat,

2153 3318 2269 3363 tum
2326 3307 2666 3378 abjectarum
2711 3314 3175 3373 terrenarumque
3210 3302 3629 3373 cogitationum.
3661 3300 3729 3355 At

470 3401 658 3471 μάτων
684 3368 790 3454 Qui
822 3368 1068 3468 γεωδῶν.
1088 3400 1146 3452 Ὀ
1175 3399 1231 3451 δὲ
1261 3368 1562 3469 Σύμμαχος
1596 3398 1829 3462 ἐξέδωκε
1854 3438 1868 3460 ,
1896 3368 2048 3466 Κτή-

2157 3398 2526 3470 Symmachus
2571 3396 2864 3466 exposuit,
2914 3396 3305 3464 possessionem
3360 3393 3415 3446 in
3445 3392 3733 3460 superiori-

468 3506 573 3542 σιν
600 3490 669 3542 ἐν
693 3488 1094 3557 ὑψηλοτέροις
1114 3490 1210 3543 καὶ
1237 3488 1457 3556 κτῆσιν
1485 3491 1557 3542 ἐν
1586 3489 2051 3556 ταπεινοτέροις,

471 3578 650 3649 δηλῶν
675 3581 870 3647 κτῆσιν
902 3578 1190 3649 νοημάτων
1227 3578 1578 3649 ὑψηλοτέρων
1602 3583 1670 3650 τῇ
1700 3578 1927 3650 θεωρίᾳ,
1963 3580 2058 3631 καὶ

348 3691 383 3719 .-
473 3667 981 3738 ταπεινοφροσύνης
1014 3669 1112 3739 τῆς
1139 3668 1233 3722 τοῦ
1259 3668 1512 3722 διαϐόλου
1540 3670 1641 3739 τὴν
1675 3668 2057 3740 ὑπερηφανίαν

470 3760 898 3832 διαφευγούσης.
934 3761 991 3814 '0
1037 3761 1095 3814 δὲ
1139 3761 1371 3825 Ἀκύλας
1424 3762 1596 3833 φησὶ,
1642 3760 1763 3829 Τὴν
1812 3760 2058 3815 Γολλὰθ

475 3850 592 3918 τὴν
623 3850 746 3905 ἅνω
798 3851 896 3905 καί
944 3851 1057 3919 τὴν
1107 3852 1352 3906 Fallat)
1390 3852 1507 3920 τὴν
1554 3851 1748 3916 κάτω,
1796 3851 2058 3920 κτήματα
2097 3873 2101 3877 ·

474 3939 619 3993 οὓτω
642 3939 933 4008 λεγόμενα,
968 3941 1113 4011 ἆπερ
1153 3941 1275 3994 ἀντὶ
1309 3941 1534 4013 προικὸς
1562 3940 1717 4009 ἠξίου
1752 3939 1905 4011 παρὰ
1946 3939 2060 3993 Χά-

470 4028 569 4081 λεϐ
602 4027 809 4081 λαϐεῖν.
833 4029 944 4099 Τῆς
976 4028 1083 4100 γὰρ
1108 4027 1359 4091 ἁλώσεως
1389 4028 1588 4098 Δαϐεὶρ
1624 4024 1787 4081 ἆθλον
1820 4024 1933 4098 εἶχε
1957 4028 2058 4100 τὴν

488 4120 706 4188 Ἀσχάν.
730 4118 1020 4172 Ἥϐούλετο
1054 4118 1111 4172 δὲ
1145 4120 1237 4172 καὶ
1267 4120 1471 4189 προῖκα
1499 4117 1591 4171 τοῦ
1628 4117 1807 4189 γάμου
1848 4117 2054 4172 λαϐεῖν.

477 4211 590 4281 Τὴν
636 4212 746 4282 γὰρ
795 4213 952 4266 πόλιν
1002 4213 1142 4284 μετά
1174 4213 1273 4281 τῆς
1302 4212 1562 4281 γυναικὸς
1590 4213 1867 4283 ἀριστεῖον
1897 4212 2059 4283 ἐκτή-

478 4319 630 4357 σατο.
660 4304 805 4375 Πλὴν
834 4301 895 4356 οὗ
922 4320 1087 4375 φησιν
1123 4305 1157 4376 ἡ
1186 4303 1381 4375 Γραφὴ
1415 4302 1624 4374 σαφῶς,
1650 4303 1734 4356 ὅτι
1771 4303 1872 4374 τὴν
1904 4302 2060 4357 πόλιν

477 4395 753 4467 παρέσχεν
791 4395 964 4468 αὐτῷ.
1172 4454 1177 4458 ,

561 4487 663 4541 Ἐκ
687 4486 797 4553 τῆς
828 4488 1062 4552 πόλεως
1086 4484 1207 4541 τῶν
1228 4484 1525 4540 Φοινίκων
1560 4525 1576 4552 ,
1592 4484 1854 4555 ’Ῑεριχοῦς
1872 4502 2056 4558 φησιν.

489 4579 654 4651 Ἀράδ
698 4579 756 4633 δὲ
808 4580 965 4643 πόλις
1014 4577 1360 4650 Ἀμορραίων
1409 4576 1797 4647 παρακειμένη
1830 4578 1895 4647 τῇ
1926 4576 2060 4648 ἐρή-

2158 3489 2277 3553 bus,
2305 3496 2355 3542 et
2389 3488 2778 3557 possessionem
2824 3486 2880 3539 in
2919 3485 3285 3554 inferioribus,
3316 3497 3381 3537 ac
3417 3482 3597 3536 innuit
3654 3481 3733 3534 fa-

2157 3580 2417 3655 cultatem
2453 3579 2698 3634 caelestis
2753 3593 2819 3633 ac
2873 3576 3127 3633 sublimis
3174 3574 3551 3645 cegitationis,
3602 3574 3733 3628 item

2157 3668 2557 3722 humiliationis
2595 3683 2716 3736 qua:
2754 3667 2955 3721 diaboli
3009 3667 3384 3735 arrogantiam
3433 3665 3598 3734 longe
3648 3679 3735 3718 rc-

2159 3759 2357 3829 l'ugiat.
2417 3758 2616 3830 Aquila
2690 3773 2820 3813 vero
2883 3758 2960 3812 ait
2999 3754 3275 3811 :-Gollatlt
3323 3756 3647 3825 superiorem
3685 3764 3739 3808 et

2160 3851 2374 3909 Goliam
2420 3853 2751 3921 inferiorem,
2785 3851 2990 3921 praedia
3028 3848 3111 3903 sic
3144 3848 3458 3913 nominata,
3489 3860 3610 3914 quae
3636 3844 3737 3921 do-

2159 3946 2233 4001 tis
2262 3946 2384 4000 loco
2409 3961 2438 3999 a
2466 3944 2638 4000 Caleb
2672 3943 2937 4014 cupiebat
2965 3941 3242 4009 accipere.
3277 3937 3413 3991 Nam
3441 3938 3489 3991 ei
3514 3924 3613 4006 qui
3642 3936 3738 3989 Dc-

2160 4038 2246 4093 bir
2271 4038 2464 4092 urbem
2501 4038 2764 4107 cepisset,
2787 4035 3075 4106 praemium
3110 4033 3332 4089 Aschan
3369 4029 3490 4084 lilia:
3531 4043 3736 4099 propo-

2160 4126 2327 4183 situm
2355 4134 2497 4183 erat.
2532 4125 2721 4181 Voluit
2754 4128 2943 4197 itaque
2977 4125 3165 4180 dotem
3223 4138 3445 4193 quoque
3475 4137 3601 4177 cum
3634 4139 3739 4177 nu-

2159 4226 2253 4288 pta
2285 4218 2510 4275 babere.
2544 4216 2730 4285 Quare
2766 4218 2957 4274 urbem
2992 4216 3207 4288 praemii
3258 4217 3378 4272 vice
3411 4231 3536 4271 cum
3568 4229 3740 4270 uxore

2160 4309 2523 4381 comparavit.
2554 4308 2818 4376 Quamvis
2848 4324 2959 4363 non
3017 4307 3224 4363 diserte
3262 4306 3431 4378 498
3471 4306 3740 4373 exprimat

2163 4401 2452 4472 Scriptura
2484 4402 2629 4472 quod
2666 4401 2857 4456 urbem
2891 4399 2941 4455 ei
2974 4399 3292 4470 praebuerit.

2231 4491 2318 4546 Ex
2344 4493 2470 4548 urbe
2490 4493 2819 4563 palmarum.
2850 4489 2995 4564 [16.]
3029 4490 3102 4546 De
3127 4488 3348 4544 Iericho
3377 4487 3532 4551 dicit,
3564 4485 3738 4541 Porro

2167 4581 2310 4639 Arad
2343 4583 2479 4639 urbs
2495 4584 2939 4638 Aniorrbaaorum
2957 4590 3062 4644 est,
3090 4579 3272 4634 vicina
3300 4579 3520 4634 deserto
3538 4577 3736 4642 Cadcs,

481 4689 568 4742 μῳ
618 4670 828 4741 Κάδης,
882 4669 1004 4741 ἥτις
1054 4669 1175 4722 ἐστὶ
1207 4668 1410 4740 Φαράν.
1447 4668 1561 4722 Καὶ
1605 4667 1720 4721 ἐστι
1769 4667 1865 4722 νῦν
1894 4667 2048 4739 κώμη

2164 4674 2270 4730 hoc
2298 4685 2381 4731 est
2430 4675 2670 4730 Pharan.
2726 4673 2838 4728 llac
2859 4679 3039 4727 autem
3095 4658 3421 4741 tempestate
3467 4670 3618 4724 vicus
3656 4678 3739 4725 est

476 4762 589 4817 ἀπὸ
620 4762 885 4829 τετάρτου
923 4761 1154 4833 σημείου
1186 4758 1522 4825 Μαλααθὼν,
1550 4759 1672 4850 τῆς
1719 4759 1777 4813 δὲ
1830 4758 2061 4832 Χεϐρὼν

478 4853 589 4909 ἀπὸ
622 4852 901 4907 εἰκοστοῦ.

549 4945 661 5016 Τῆς
691 4944 919 5014 Γραφῆς
945 4943 1233 5013 λεγούσης,
1264 4943 1340 5008 ώς
1363 4943 1464 5015 οὐχ
1493 4938 1638 4998 εἶλον
1672 4945 1727 4998 αἱ
1753 4943 1846 4999 τοῦ
1893 4944 2064 4999 ’Ῑούδα

477 5029 576 5086 καὶ
604 5030 697 5086 τοῦ
723 5031 951 5104 Συμεὼν
979 5032 1147 5103 φυλαὶ
1176 5032 1380 5099 Γάζαν,
1418 5032 1757 5102 Ἀσκάλωνα,
1792 5033 2057 5102 νΔξωιτον,

490 5121 798 5196 ’Δκκαρὼν,
850 5122 1109 5196 Ἰώσηπος
1151 5124 1264 5198 (48)
1310 5125 1627 5180 ’Δσκάλωνα
1675 5127 1771 5181 καὶ
1816 5127 2059 5192 Ἄζωτον

478 5281 527 5316 ⁸⁸
556 5278 601 5336 ll
630 5280 831 5339 Thess.
856 5298 921 5347 ιι,
966 5284 1032 5339 1.
1085 5282 1130 5315 ⁸⁷
1160 5282 1265 5339 lsa.
1302 5298 1358 5348 ι,
1404 5285 1493 5340 14.
1556 5283 1605 5317 ⁸⁸
1637 5283 1741 5338 lsa.
1774 5300 1812 5349 ι,
1854 5286 1942 5350 15,
1980 5287 2065 5341 14.

2166 4764 2234 4819 ad
2274 4772 2529 4829 quartum
2562 4764 2797 4834 lapidem
2825 4777 2856 4817 a
2884 4762 3219 4829 Malaatbon,
3254 4761 3322 4816 ab
3354 4760 3572 4816 Heln-on
3611 4776 3739 4815 vero

2163 4856 2231 4911 ad
2260 4856 2607 4911 vicesimum.

2233 4946 2371 5002 Cum
2395 4962 2524 5002 vero
2544 4947 2829 5016 Scriptura
2855 4947 3020 5014 dicat,
3047 4946 3226 5002 tribus
3250 4944 3390 5001 Iuda
3407 4954 3460 4999 et
3495 4943 3741 5011 Simeon.

2167 5037 2392 5108 Gazam,
2424 5040 2681 5106 Ascalon,
2716 5041 2993 5105 Accaron,
3052 5039 3283 5093 Azotum
3329 5051 3439 5091 non
3488 5037 3738 5106 cepisse:

2164 5126 2441 5199 Iosephus
2464 5128 2698 5185 Ascalon
2733 5136 2790 5184 et
2809 5129 3039 5183 Azotum
3077 5127 3294 5198 cepisse
3328 5124 3545 5180 asserit.
3568 5123 3740 5180 Caete-

2176 5287 2222 5320 δ’
2252 5285 2272 5340 1
2303 5285 2433 5342 Cor.
2473 5303 2563 5353 xv,
2602 5287 2689 5342 57.
2735 5287 2782 5319 ”
2808 5284 2974 5342 Iosue
2999 5302 3050 5351 v,
3087 5285 3175 5340 t9.

2004 5416 2233 5474 NOTAE.

556 5528 668 5604 (Q8)
693 5529 777 5604 _'ﬂ
796 5528 854 5604 δὲ
897 5530 1083 5604 Ἰούδα
1128 5532 1270 5604 φυλὴ
1312 5532 1408 5604 καὶ
1469 5533 1789 5604 Συμεωνὶς,
1816 5534 1916 5597 τὰς
1964 5534 2063 5604 μὲν

482 5600 628 5672 κατά
654 5599 755 5672 τῂν
784 5600 1001 5672 ὀρεινὴν
1020 5601 1122 5669 τῆς
1144 5599 1459 5672 Χαναναίας
1504 5599 1687 5665 πόλεις
1739 5602 1904 5668 εἷλον,
1953 5599 2063 5657 τῶν

481 5669 529 5723 δ’
554 5670 612 5741 έν
639 5669 720 5740 τῷ
743 5669 914 5741 πεδίῳ
940 5669 1034 5741 καὶ
1068 5672 1205 5736 πρὸς
1228 5671 1471 5741 θαλάσσῃ
1509 5672 1826 5728 Ἀσκάλωνά
1855 5690 1916 5726 τε
1968 5675 2063 5727 καὶ

487 5738 755 5814 ᾎΑζωτον.
784 5738 1085 5814 ᾼιοὲεεύγει
1114 5741 1159 5797 δ’
1183 5742 1387 5814 αὐτοὺς
1413 5738 1563 5814 Γάζα
1596 5744 1687 5797 καὶ
1739 5743 2044 5814 Ἀκκάρων.

488 5809 692 5865 Πεδίων
740 5810 848 5879 γάρ
898 5809 1100 5878 ὄντων,
1154 5813 1248 5867 καὶ
1276 5812 1475 5884 πολλῆς
1500 5814 1758 5885 ἁρμάτων
1788 5809 2048 5884 εὐπορίας

2170 5533 2357 5599 κακῶς
2382 5535 2601 5589 ἐποίουν
2630 5534 2757 5598 τοὺς
2778 5532 3123 5596 ἐπελθόντας.
3174 5530 3267 5601 ,Ἑν
3315 5529 3467 5601 βιϐλ,
3501 5530 3555 5586 5.
3612 5547 3717 5599 κεφ

2168 5606 2223 5659 2.
2279 5606 2425 5676 ΑΠερζ
2460 5605 2709 5676 Ἰουδαῖκ.
2765 5603 3079 5676 ἀρχαιολοῃ
3115 5600 3210 5676 Οὐ-
3239 5600 3384 5655 πάνυ
3521 5600 3720 5676 σαφὲς-ί

2172 5670 2428 5745 περὶ,τὸΰ
2466 5675 2734 5745 ἰιρσήπρυ
2777 5670 2944 5745 (ῥήξειν
2973 5670 3362 5745 δουρωεόπιοςτ
3412 5670 3503 5745 El
3529 5670 3602 5739 μὴ
3658 5673 3715 5728 τδ

2294 5743 2346 5798 δ’
2383 5746 2439 5801 ἐν
2484 5743 2560 5815 τῷ
2591 5740 2800 5815 πεδίῳ,
2821 5740 2941 5799 τῶν
2966 5743 3017 5794 τ’
3042 5740 3099 5797 tv
3126 5740 3203 5815 τῷ
3244 5741 3431 5811 πεδίῳ,
3481 5741 3548 5795 ἀν
3564 5755 3711 5810 arva

2218 5831 2241 5867 ε
2268 5831 2321 5868 η.

2218 5831 2321 5884 ειη.
