3992 6450
443 424 580 491 1049

1397 457 1402 461 ·
1503 433 2045 512 COMMENTARII
2075 441 2159 502 ΙΝ
2195 443 2538 505 JUDICES.

3561 451 3699 518 1050

433 539 680 610 ἐπρησεν
732 541 961 612 Ἰησοῦς,
1015 541 1092 608 ὡς
1113 542 1224 598 τῶν
1275 543 1482 601 λοιπῶν
1537 547 2006 622 προκαθεζομένηπ

2135 551 2242 606 iam
2277 552 2637 609 inﬂammavit
2667 550 2858 620 Josue,
2897 551 3098 626 'utpote
3145 556 3237 627 qui
3290 557 3525 626 primum
3555 559 3698 617 inter

432 629 747 701 βασιλειῶν,
783 633 874 687 καὶ
902 633 1174 717 ἄρχουσαν
1203 637 1314 690 τῶν
1341 636 1677 708 ἀλλοφύλων.

2129 643 2346 714 reliqua
2377 645 2561 701 locum
2596 653 2828 711 teneret,
2861 655 2916 704 et
2941 649 3149 704 exteris
3189 649 3556 718 imperitaret.

503 741 602 797 Est
628 757 758 797 vero
785 740 936 798 Jahis
967 744 1110 798 ultra
1145 742 1449 802 Jordanem
1487 749 1690 818 posita.
1722 747 1880 804 Nunc
1904 764 2038 807 vero
2055 750 2214 810 vicus
2239 759 2324 810 est
2353 754 2423 810 ad
2463 755 2788 812 vicesimum
2817 757 3038 829 signum
3069 758 3100 812 ὲ
3133 758 3278 816 Pella
3308 759 3510 831 oppido
3525 760 3700 820 dissi-

431 840 555 886 tus:
597 832 664 886 ad
691 834 981 904 sexaginta
1019 848 1154 888 vero
1193 836 1630 895 ascendentibus
1677 837 1964 894 Gerasam.

497 947 600 1010 Εἰς
642 944 780 1011 ὅρος
828 946 1054 1016 Βαθὼρ.
1112 948 1278 1018 Ὅρος
1338 949 1536 1021 Βαθὼρ
1581 951 1640 1004 ἐν
1691 953 1758 1024 τῇ
1803 952 2014 1006 πεδιάδι

435 1039 610 1092 κεῖται
641 1038 750 1088 ἀπὸ
780 1039 1022 1107 σημείων
1049 1045 1078 1092 ι’
1105 1041 1530 1111 Διοκαισαρείας
1558 1043 1700 1097 κατὰ
1724 1043 2012 1108 ἀνατολάς.

437 1130 626 1200 Ὅριον
647 1129 705 1182 δὲ
742 1129 898 1183 τοῦτο
944 1131 1118 1201 φυλῆς
1161 1132 1412 1204 Ἰσσὰχαρ
1452 1137 1547 1188 καὶ
1589 1135 1762 1203 φυλῆς
1798 1137 2020 1204 Νεφθα-

433 1219 596 1288 λείμ’
633 1215 701 1291 ἧς
733 1216 801 1292 ἦν
830 1221 1000 1284 Κεδὲς
1031 1224 1063 1294 ὴ
1089 1223 1242 1288 πόλις
1268 1225 1518 1296 ίερατική
1547 1243 1605 1279 τε
1635 1228 1729 1280 καὶ
1753 1227 2020 1296 φυγαδευ-

434 1313 498 1381 τή
510 1328 623 1382 ριον
653 1311 751 1377 τῆς
786 1309 1099 1376 Γαλιλαίας.

496 1404 601 1468 Εἰς
625 1403 868 1470 σκηνὴν
897 1403 1059 1474 Ἰαὴλ
1087 1407 1373 1474 γυναικὸς
1393 1408 1582 1475 Χαϐἑρ
1613 1408 1720 1463 τοῦ
1749 1409 2012 1464 Κιναίου.

433 1493 624 1562 Χάϐερ
653 1495 747 1547 τοῦ
783 1496 1032 1550 Κιναίου.
1079 1497 1286 1562 Υίωνὸς
1331 1490 1488 1562 οὗτος
1527 1499 1714 1570 Ἰοθὼρ
1747 1499 1840 1551 τοῦ
1871 1517 2016 1570 γαμ-

432 1586 564 1658 ϐροῦ
615 1587 920 1652 Μωῦσὲως.
978 1589 1075 1652 Ὃς
1103 1590 1224 1642 ἐκεῖ
1263 1588 1455 1662 πρώην
1483 1591 1710 1659 διάγων,
1737 1591 2014 1660 θεασάμε-

430 1693 521 1740 νος
551 1676 646 1729 τοῦ
680 1677 918 1748 πολέμου
951 1677 1046 1748 τὴν
1076 1677 1285 1746 ἔφοδον,
1321 1681 1512 1759 πόρρω
1557 1697 1662 1733 που
1695 1681 1792 1749 τῆς
1833 1680 2016 1752 μάχης

430 1769 666 1838 ἐγένετο,
707 1770 803 1822 καὶ
843 1769 944 1841 τὴν
993 1771 1192 1824 ἑαυτοῦ
1237 1770 1444 1842 σκηνὴν
1497 1770 1666 1841 ἔπηξε
1703 1772 1839 1843 πρὸς
1883 1771 2014 1843 δρῦν

427 1858 862 1926 ἀναπαυομένων
903 1858 1134 1928 πλησίον
1163 1861 1264 1930 τῆς
1290 1859 1478 1924 Κεδές.

497 1949 588 2018 Τῷ
614 1950 824 2021 Σισάρᾳ
846 1949 988 2020 ὓδωρ
1022 1949 1262 2003 αίτοῦντι
1303 1951 1445 2020 γάλα
1473 1954 1802 2025 παρέσχετο,
1837 1953 1912 2017 ὡς
1944 1953 2013 2008 ἂν

423 2041 520 2094 καὶ
553 2041 756 2112 μᾶλλον
785 2040 861 2105 ὡς
885 2041 1151 2114 εὐνοούσῃ
1187 2043 1502 2098 πιστεύσειε
1527 2062 1543 2078 ο
1583 2046 1680 2100 καὶ
1707 2045 2014 2116 καθυγραν-
2041 2075 2086 2135 Β

425 2131 564 2200 θεὶς,
599 2135 696 2186 καὶ
725 2135 836 2197 τοῖς
868 2133 1240 2206 περιϐολαίοις
1267 2134 1626 2206 θαλπόμενος,
1656 2137 2010 2209 κατενεχθείη

423 2223 561 2294 πρὸς
613 2225 800 2281 ὕπνον.
845 2226 1152 2300 Ἐθάρῤησε
1197 2227 1256 2281 δὲ
1299 2228 1400 2298 τὴν
1443 2229 1618 2301 ἀρχὴν
1678 2232 1800 2292 ταῖς
1879 2247 2014 2300 προ-

423 2315 770 2388 ϋπαρξάσαις
802 2317 1060 2382 σπονδαῖς
1086 2317 1236 2390 αὐτῷ
1260 2335 1320 2373 τε
1346 2320 1443 2374 καὶ
1472 2320 1656 2392 Χάδερ
1683 2320 1777 2374 τοῦ
1797 2321 2004 2391 ταύτης

424 2406 640 2475 ἀνδρός.

498 2584 605 2637 Kal
643 2579 760 2655 ᾖσε
809 2585 1074 2653 Δεϐὄώρα
1121 2586 1223 2641 καὶ
1267 2589 1468 2657 Βαράκ
1521 2589 1652 2656 υἱὸς
1702 2589 2013 2658 Ἀμϐινεὲμ

421 2673 492 2726 ὲν
519 2671 595 2740 τῇ
621 2673 810 2741 ἡμέρᾳ
837 2675 1062 2744 ἐκείνῃ,
1095 2678 1404 2747 λέγοντες.
1446 2679 1535 2732 Ἐν
1567 2683 1632 2750 τῇ
1661 2679 1780 2751 Θείᾳ
1816 2681 2008 2750 Γραφῇ

421 2765 618 2836 πρώτη
648 2766 746 2836 μὲν
773 2765 885 2836 ᾠδὴ
924 2769 956 2838 ὴ
1003 2768 1062 2822 ὲν
1102 2772 1164 2840 τῇ
1212 2770 1404 2840 Ἐξὸδῳ
1425 2785 1438 2798 ·
1479 2772 1767 2842 ι”ᾼσωμεν
1793 2771 1870 2843 τῷ
1895 2776 2010 2827 Κυ-

427 2858 550 2928 ρίῳ,
587 2859 814 2923 ἐνδόξως
871 2858 981 2930 γὰρ
1025 2858 1358 2926 δεδόξασται.
1403 2881 1422 2912 ι
1459 2861 1697 2932 Δευτέρα
1729 2863 1760 2931 ὴ
1792 2865 1848 2916 ὲν
1898 2865 2010 2926 τοῖς

436 2948 716 3019 Ἀριθμοῖς
764 2948 862 3002 ἐπὶ
890 2948 968 3020 τῷ
1016 2953 1249 3022 φρέατι·
1283 2953 1441 3024 τρίτη
1474 2953 1532 3006 ἐν
1581 2951 1659 3023 τῷ
1688 2954 2011 3023 Δευτερονοὲ

425 3042 537 3111 μίῳ
563 3057 578 3071 ’
611 3061 630 3092 ι
656 3040 930 3112 Πρόσεχε,
967 3043 1186 3113 ούρανὲ,
1223 3045 1319 3097 καὶ
1349 3045 1587 3115 λαλήσω.
1627 3063 1646 3096 ι
1669 3045 1916 3114 Τετάρτη
1953 3045 2010 3097 ἐν

418 3131 537 3194 τοῖς
561 3131 818 3204 Κριταίς,
851 3136 884 3204 ἡ
917 3136 1193 3206 παροῦσα.
1222 3137 1342 3208 Χρὴ
1369 3137 1424 3190 δὲ
1453 3137 1545 3190 τὸν
1570 3137 1844 3206 ὲφθακότα
1873 3135 2008 3188 ταύ-

418 3240 522 3292 την
550 3225 718 3296 ᾅδειν,
752 3226 872 3297 ἦτοι
915 3227 1178 3297 μέλισσαν
1224 3227 1327 3298 ἤδη
1367 3230 1696 3297 γεγονέναι·
1746 3227 2009 3296 Δεϐδὼρα

419 3313 531 3392 ’ίᾲρ
557 3315 732 3378 οὕτως
779 3317 1150 3386 ἑρμηνεύεται
1177 3335 1192 3348 ·
1249 3317 1282 3390 ἢ
1330 3319 1752 3390 ἀναϐεϐηκέναι,
1783 3319 1910 3372 ὥστ’
1940 3318 2008 3372 ἂν

2190 955 2258 1011 In
2283 965 2508 1013 montem
2525 957 2752 1016 Bathar.
2777 954 2891 1029 HV,
2907 961 2984 1034 6.]
3007 963 3064 1016 In
3079 961 3308 1031 planitie
3332 962 3476 1020 situs
3501 971 3608 1027 est,
3629 963 3698 1018 ad

2121 1044 2398 1102 decimum
2443 1063 2474 1102 a
2525 1047 2866 1105 Diocaesarea
2913 1051 3147 1120 lapidem
3177 1051 3249 1112 ab
3283 1053 3518 1108 oriente.
3560 1053 3698 1108 Ter-

2126 1139 2312 1194 minus
2328 1153 2458 1193 vero
2482 1139 2572 1193 hic
2603 1150 2688 1195 est
2713 1141 2890 1195 tribus
2933 1142 3190 1197 Issaehar
3239 1154 3295 1198 et
3319 1143 3694 1214 Nephthalim.

2125 1225 2185 1279 lu
2212 1239 2326 1295 qua
2375 1227 2522 1280 tribu
2563 1223 2738 1281 Cedes
2761 1235 2876 1281 erat
2902 1229 3032 1283 urbs
3059 1229 3448 1302 sacerdotalis,
3485 1239 3540 1286 et
3571 1245 3698 1302 asy‘

2123 1315 2234 1369 lum
2266 1314 2524 1370 Galilmm.
3336 1317 3344 1322 “
3591 1328 3606 1344 ·

2195 1402 2263 1458 In
2296 1405 2578 1458 tentorium
2611 1403 2737 1458 Jaet
2770 1406 2952 1459 uxoris
2992 1406 3170 1462 Ilebar
3199 1407 3395 1464 Comei.
3425 1407 3566 1482 [l7.]
3592 1410 3698 1465 Ne-

2121 1507 2220 1562 pos
2254 1490 2540 1549 Jethronis
2561 1495 2740 1550 soceri
2769 1495 2938 1550 Mosis
2966 1495 3058 1551 hic
3084 1505 3188 1551 est.
3219 1497 3323 1564 Qui
3363 1514 3488 1554 cum
3521 1497 3695 1554 Paulo

2120 1597 2250 1638 ante
2282 1583 2372 1638 hic
2400 1584 2530 1639 belli
2573 1597 2834 1640 eventum
2879 1595 3228 1655 spectaturus
3262 1597 3468 1659 ageret,
3502 1589 3695 1658 procul

2115 1689 2358 1745 apugna
2416 1676 2650 1730 exstitit.
2695 1674 2862 1747 499
2927 1675 3076 1730 Fixit
3147 1686 3333 1732 autem
3395 1678 3694 1733 tentorium

2116 1780 2276 1822 suum
2335 1766 2403 1822 ad
2451 1781 2722 1838 quercum
2780 1767 3250 1838 requiescentium
3299 1783 3471 1840 prope
3499 1769 3694 1826 Cedes.

2061 1918 2066 1926 ’
2139 1913 2146 1925 ”
2181 1940 2355 1996 Porro
2386 1955 2524 1998 uxor
2549 1940 2671 2013 ejus
2725 1939 2844 1997 Jael
2893 1941 3094 2000 Sisara:
3132 1957 3330 2014 aquam
3375 1923 3582 2016 petenti
3611 1944 3696 2000 lac

2114 2034 2509 2106 praebuit,quo
2565 2034 2964 2090 benevolentiae
3023 2033 3380 2090 simulatione
3427 2036 3695 2106 majorem

2111 2136 2348 2183 mereret
2374 2126 2535 2182 fidem
2563 2145 2576 2182 :
2607 2142 2710 2182 nec
2742 2141 2853 2181 non
2898 2126 3280 2194 ltumectatus,
3315 2128 3694 2198 stragulisque

2109 2217 2414 2275 calefactus
2478 2219 2532 2273 iu
2580 2233 2839 2274 somnum
2892 2218 3264 2279 delaberetur.
3327 2219 3459 2285 Quae
3517 2219 3694 2275 ofﬁcia

2113 2311 2300 2368 Sisara
2327 2311 2536 2382 recepit
2565 2311 2750 2366 statim
2791 2310 3040 2380 pristinis
3068 2310 3368 2366 fmderibus
3397 2326 3518 2380 qum
3549 2311 3694 2366 inter

2111 2405 2295 2476 ipsum
2333 2413 2390 2460 et
2447 2401 2630 2458 Heber
2663 2403 2924 2458 maritum
2959 2402 3082 2472 ejus
3123 2403 3554 2459 intercesserant
3582 2401 3704 2458 fre-

2111 2505 2225 2554 tus.

2185 2587 2602 2656 Cecineruntque
2657 2583 2900 2639 Debbora
2929 2595 2977 2638 et
3015 2585 3194 2639 Barac
3238 2585 3385 2654 [ilius
3419 2583 3690 2652 Abinoem,

2111 2679 2167 2734 in
2192 2677 2286 2732 illo
2307 2678 2394 2732 die
2424 2679 2678 2733 dicentes.
2709 2675 2801 2749 [V,
2835 2675 2914 2748 1.]
2939 2675 3182 2730 Primum
3209 2678 3262 2730 in
3290 2677 3491 2732 divinis
3519 2675 3694 2731 Litte-

2109 2772 2188 2828 ris
2209 2770 2504 2842 epinieium
2530 2769 2587 2822 in
2640 2767 2828 2822 Exodo
2884 2776 3002 2822 est:
3041 2787 3060 2819 ι
3101 2767 3413 2823 Cantemus
3453 2767 3694 2822 Domino

2109 2865 2238 2934 quia
2269 2861 2555 2930 magnifice
2590 2875 2744 2914 suam
2783 2860 3252 2929 magniﬁcentiam
3282 2859 3532 2914 exseruit
3557 2859 3626 2912 “.
3669 2877 3688 2910 ι

2111 2951 2426 3007 Secundum
2459 2951 2514 3004 in
2547 2949 2827 3012 Numeris,
2862 2964 3030 3017 super
3065 2956 3232 3017 puteo
3253 2947 3319 3002 ⁸⁵.
3356 2947 3601 3002 Tertium
3637 2949 3692 3003 in

2111 3045 2540 3099 Deuteronomio
2575 3061 2588 3096 :
2626 3061 2644 3094 ι
2674 3045 2932 3105 Advorte,
2963 3041 3187 3106 cmlum,
3209 3055 3335 3094 nam
3377 3041 3687 3109 ἰθείῃσι-³⁸.»

2108 3137 2374 3204 Quartum
2399 3137 2506 3190 hoc
2529 3151 2770 3205 praesens
2789 3135 2844 3189 in
2861 3134 3178 3190 Judicibus.
3203 3132 3427 3204 Oportet
3453 3147 3694 3203 praecen-

2107 3235 2284 3282 torem
2328 3225 2498 3294 hujus
2529 3224 2798 3278 carminis
2830 3225 2912 3279 vel
2957 3237 3114 3292 apem
3145 3221 3338 3289 fuisse,
3368 3237 3490 3292 quae
3515 3221 3694 3277 nomi-

2108 3323 2192 3378 nis
2219 3320 2478 3376 Debboraa
2508 3318 2890 3388 interpretatio
2933 3326 3038 3383 est,
3079 3326 3175 3371 aut
3209 3332 3334 3372 eum
3369 3316 3464 3386 qui
3497 3331 3694 3371 ascen-

418 3405 586 3458 αὑτὸν
633 3404 773 3460 εἶναι
823 3408 918 3460 καὶ
957 3409 1250 3478 ἀστραπήν
1276 3425 1290 3440 ·
1327 3407 1354 3460 ὃ
1397 3411 1462 3476 δὴ
1493 3411 1748 3479 σημαίνει
1774 3411 1998 3480 Βαράκ·

2118 3410 2271 3474 derit,
2332 3410 2581 3476 adeoque
2640 3408 2734 3478 qui
2789 3407 2972 3476 fulgur
3029 3409 3144 3471 sit,
3201 3405 3349 3475 quod
3413 3405 3694 3476 significat

417 3495 565 3566 ᾅδων
595 3495 738 3564 ᾠδὴν
763 3496 1048 3557 ἐπινίκιον,
1076 3498 1437 3552 ἐκλειπόντων
1469 3499 1734 3568 βασιλέων
1761 3501 1872 3553 τῶν
1902 3517 2000 3552 πο-

424 3583 726 3652 ρευθέντων
765 3583 916 3645 ὁδοὺς
937 3583 1400 3656 διεστραμμένας.

493 3671 656 3738 Δηλοϊ
683 3673 714 3740 ἡ
750 3671 908 3742 ῥῆσις
929 3689 940 3702 ·
979 3677 1010 3724 ι’
1039 3675 1129 3728 Ἐν
1159 3677 1238 3746 τῷ
1273 3675 1542 3747 ἄρχοντας
1575 3681 1634 3732 ἐν
1669 3677 1748 3748 τῷ
1785 3676 2001 3749 Ἰσραὴλ

419 3761 837 3829 ἀναφαίνεσθαι,
873 3780 892 3814 ι
931 3763 1026 3816 καὶ
1058 3765 1150 3818 τὸν
1179 3767 1306 3819 λαὸν
1345 3768 1531 3830 αὐτοῖς
1577 3769 1820 3822 ὑπείκειν
1844 3770 2000 3823 ἑκόν-

415 3869 506 3913 τα,
531 3852 623 3904 τὸν
650 3851 860 3923 Κύριον
897 3855 1194 3923 εὐλογεῖτε.
1239 3858 1408 3912 Ὅταν
1433 3860 1542 3932 γὰρ
1582 3862 1864 3934 συνδράμῃ
1896 3862 1998 3934 ἄρ·-

413 3961 528 4012 χων
555 3961 614 3996 τε
645 3944 874 4014 νόμιμος
905 3946 1000 3999 καὶ
1024 3946 1152 4010 λαὸς
1193 3949 1473 4020 εὐπειθὴς,
1516 3951 1798 4015 δοξάζεται
1829 3953 1962 4016 Θεός
1982 3971 1998 3986 ο

410 4035 474 4100 ἐξ
523 4029 583 4089 οὗ
622 4035 763 4106 ἀρχή
810 4053 867 4089 τε
921 4039 1072 4092 πᾶσα
1121 4041 1215 4093 καὶ
1261 4042 1414 4109 τάξις
1448 4043 1506 4094 ὲν
1559 4042 1638 4110 τῷ
1668 4043 1833 4097 παντί
1849 4059 1863 4074 ο
1905 4043 1998 4098 θά-

407 4142 572 4198 τερον
619 4127 728 4198 γὰρ
776 4125 1003 4202 θατέρου
1061 4132 1232 4202 χωρὶς
1309 4133 1535 4196 ἀσθενές
1595 4149 1656 4186 τε
1726 4135 1821 4186 καὶ
1873 4133 2003 4188 ἄτα-

407 4235 562 4276 κτον.

499 4401 640 4470 Ἐγώ
663 4405 783 4472 εἰμι
829 4403 908 4468 τῷ
957 4405 1158 4472 Κυρίῳ
1200 4405 1316 4474 ἐγώ
1361 4405 1768 4476 είμι,ᾅσομαι.
1813 4407 2002 4462 Ταῦτα

407 4496 526 4548 τοῖς
552 4494 832 4564 βασιλεῦσι
855 4495 964 4548 τῶν
987 4496 1301 4566 ἀλλοφύλων
1331 4499 1427 4551 καὶ
1451 4498 1766 4568 σατράπαις
1785 4499 1953 4570 φησίν
1977 4511 1994 4528 ⁸

406 4585 488 4646 ὡς
516 4585 576 4638 οὗ
609 4587 675 4654 τῇ
707 4585 813 4654 ἐμῇ
839 4584 1088 4654 δυνάμει,
1123 4586 1258 4639 Θεοῦ
1293 4586 1349 4640 δὲ
1388 4588 1802 4658 συνεργοῦντος,
1833 4589 2001 4660 ἐκρά-

2044 3493 2052 3502 ’
2098 3501 2292 3564 Barac,
2323 3501 2417 3568 qui
2453 3513 2676 3553 carmen
2709 3497 2997 3551 victoriale
3026 3498 3196 3551 canit.

2169 3679 2442 3735 Caeterum
2480 3679 2786 3734 versiculus
2825 3677 2950 3731 ille:
2998 3695 3016 3728 ι
3049 3676 3188 3731 Cum
3241 3675 3576 3730 defecissent
3610 3689 3693 3730 re-

2099 3786 2194 3842 ges
2215 3769 2308 3840 qui
2336 3769 2524 3823 inviis
2552 3767 2830 3837 perversis
2889 3767 3128 3837 ingressi
3174 3774 3356 3833 erant,
3394 3785 3412 3817 ι
3461 3765 3694 3847 indicat.

2099 3858 2382 3930 principes
2403 3857 2921 3913 lsraelisindixisse
2968 3857 3186 3913 laudem
3250 3855 3485 3920 Domini,
3521 3872 3697 3928 p0pu-

2100 3951 2328 4020 lumque
2383 3950 2495 4004 illis
2543 3949 2777 4003 libenter
2855 3963 3066 4002 morem
3137 3947 3400 4019 gessisse.
3463 3946 3599 4001 Nam
3647 3949 3690 4002 si

2099 4020 2361 4111 princeps
2425 4040 2728 4110 legitimus,
2783 4040 3134 4110 populusque
3191 4039 3508 4108 morigerus
3563 4051 3698 4092 con-

2071 4142 2352 4208 currant,
2387 4133 2560 4202 gloria
2615 4133 2707 4187 Dei
2762 4137 3064 4187 enascitur.
3124 4132 3183 4186 ιη
3240 4147 3306 4186 eo
3357 4130 3695 4202 principium

1989 4237 1996 4244 ‘
2101 4227 2350 4280 omnium
2377 4239 2561 4280 rerum
2599 4224 2847 4294 ordoque
2883 4224 3420 4294 eonsistit,quorum
3456 4223 3692 4278 alterum

2101 4319 2224 4374 sine
2255 4317 2430 4372 altero
2463 4316 2743 4370 infirmum
2803 4325 2888 4370 est
2913 4332 2975 4369 ac
3009 4331 3288 4370 mancum.

2175 4406 2286 4478 Ego
2319 4406 2552 4461 Domino
2580 4423 2792 4460 canam.
2821 4404 2923 4478 [5.]
2957 4404 3053 4461 llis
3095 4407 3160 4461 ad
3188 4421 3346 4476 reges
3365 4413 3420 4460 et
3443 4413 3694 4472 satrapas

2101 4508 2419 4555 exterarum
2449 4499 2701 4568 respicit,
2732 4506 3082 4569 testaturque
3137 4511 3246 4552 non
3289 4498 3530 4566 propriis
3560 4495 3695 4550 viri-

2101 4591 2229 4654 bus,
2263 4606 2452 4646 verum
2477 4588 2573 4644 Dei
2627 4603 2732 4658 ope
2777 4604 2876 4644 eos
2927 4602 3238 4658 superasse.
3278 4587 3381 4640 Cui
3411 4600 3573 4649 cano,
3604 4585 3693 4637 in-

407 4692 574 4744 τησα.
604 4667 674 4744 ᾮ
715 4676 809 4728 καὶ
847 4675 984 4746 ᾄδω,
1017 4677 1202 4747 φησὶν,
1245 4676 1318 4740 ὡς
1360 4674 1519 4748 αἰτίῳ
1551 4678 1653 4747 τῆς
1689 4679 1866 4749 νίκης.
1901 4681 1998 4744 Ὃς

2118 4697 2293 4752 quam,
2342 4695 2674 4750 omnemque
2711 4678 2956 4732 victoriae
3018 4677 3242 4732 laudem
3315 4675 3536 4741 tribuo;
3597 4674 3694 4742 qui

407 4763 510 4817 καὶ
538 4763 628 4818 τὸν
661 4744 876 4836 Ἰσραὴλ
902 4744 1188 4830 ἐξελέξατο
1209 4807 1223 4832 ,
1266 4765 1362 4819 καὶ
1401 4744 1547 4831 ἀξιοῖ
1577 4744 1772 4821 τούτου
1799 4744 1992 4823 ’καλεῖ-

2121 4744 2354 4830 sraelem
2423 4785 2644 4842 quoque
2715 4769 2914 4840 elegit,
2983 4767 3219 4838 ejusque
3281 4765 3428 4824 Dens
3507 4765 3692 4822 vocari

408 4857 538 4911 σθαι
565 4857 720 4922 Θεός.

493 4951 598 5004 Ἐν
641 4948 720 5016 τῷ
752 4950 1193 5018 ἐκπορεύεσθαι
1220 4965 1297 5004 σε
1328 4951 1401 5004 ἐκ
1431 4951 1628 5021 Σηείρ.
1663 4949 1775 5024 Τὴν
1807 4951 1869 5018 ἐξ
1895 4954 1995 5006 Αί-

409 5041 622 5110 γύπτου
647 5041 810 5110 φησὶν
831 5041 1090 5094 ἐπάνοδον
1103 5041 1194 5095 τοῦ
1211 5041 1366 5105 λαοῦ,
1385 5038 1631 5113 προήγου
1639 5043 1802 5114 μένου
1834 5045 2010 5113 Θεοῦ,.

411 5132 502 5184 ὅτε
529 5129 800 5182 ἔσπευσαν
851 5131 1123 5202 ἡγεμόνες
1171 5130 1350 5201 Ἐδώμ
1381 5149 1393 5162 ·
1441 5131 1580 5202 ὅπερ
1623 5133 1854 5198 Ἀκύλας
1884 5151 1992 5206 φη-

413 5224 519 5288 civ,
551 5221 1003 5293 ἐκλονήθησαν.

482 5313 594 5366 Καί
649 5330 716 5382 γε
743 5313 1003 5382 οὐρανὸς
1031 5313 1330 5384 ἐταράχθη
1367 5331 1380 5345 ·
1427 5317 1484 5368 αἱ
1507 5317 1798 5386 ἀγγελικαὶ
1826 5319 1991 5374 δυνά·
2061 5337 2063 5340 ‘

414 5421 537 5473 μεις
559 5406 639 5469 είς
677 5405 777 5474 τὴν
804 5405 945 5474 ὑπὲρ
971 5403 1067 5458 τοῦ
1095 5405 1614 5481 λαοῦδιανέστησαν
1649 5411 1989 5481 συμμαχίαν.

408 5496 702 5551 Θεοδοτίων
755 5495 814 5550 δέ
865 5513 1054 5568 φησιν,
1099 5499 1361 5563 Ἕστιιξε
1413 5499 1696 5568 δρόσους.
1731 5503 1794 5554 "0
1841 5502 1994 5573 δηλοῖ

409 5584 474 5638 τὸ
512 5587 646 5671 ξΕπὶ
681 5587 792 5680 τὸν
828 5588 984 5643 λαὸν
1027 5589 1200 5680 eam
1243 5589 1350 5644 τοῦ
1387 5591 1558 5646 Θεοῦ.
1604 5593 1714 5646 Καὶ
1745 5594 1802 5646 αἱ
1837 5595 1996 5662 νεφέ-

416 5663 604 5745 λαι’δὲ,
643 5663 1078 5750 ιίινίῖσὶνέσταξανι
1106 5681 1272 5751 ὕδωρ.
1317 5683 1598 5754 Ἐπήγασε
1633 5685 1742 5756 γὰρ
1767 5684 1991 5752 διψῶντι

419 5852 428 5858 ’
483 5853 534 5886 ⁸⁸
569 5853 738 5911 Exod.
811 5859 976 5927 ",1.

2097 4865 2380 4936 dignatur.

2188 4955 2321 5011 Cum
2377 4956 2551 5010 exires
2611 4969 2638 5009 e
2682 4953 2820 5008 Seir.
2875 4949 2980 5026 [4.]
3026 4951 3339 5008 Reditionis
3397 4951 3582 5021 populi
3623 4966 3692 5008 ex

2103 5043 2363 5118 At'gypto,
2423 5059 2590 5115 quam
2645 5043 2762 5098 Deo
2817 5041 3072 5100 fecerunt
3107 5042 3354 5122 auspice,
3415 5042 3688 5097 meminit.

2103 5131 2338 5199 Quando
2367 5133 2649 5204 principes
2698 5131 2874 5187 Edom
2916 5147 3012 5187 eos
3060 5129 3320 5187 insectati
3349 5139 3497 5186 sunt.
3533 5129 3692 5197 Quod

2101 5225 2301 5296 Aquila
2336 5225 2630 5296 exprimit:
2656 5221 2920 5279 ϐοηθειεεί
2949 5231 3098 5277 sunt.

2165 5316 2371 5373 Cretum
2399 5332 2528 5372 sane
2562 5326 2884 5370 commotum
2930 5323 3032 5379 est,
3075 5322 3185 5370 etc.
3220 5313 3406 5386 Copiae
3429 5314 3693 5387 angelica:

2091 5411 2146 5464 in
2177 5409 2446 5465 auxilium
2483 5407 2676 5478 populi
2698 5407 3144 5462 insurreXerunt.
3174 5403 3526 5463 Theodotion
3557 5423 3692 5462 vero

2100 5503 2304 5572 inquit,
2337 5499 2462 5556 Illis
2493 5499 2790 5554 destillauit
2845 5513 3042 5564 rorem,
3088 5499 3234 5570 quod
3273 5496 3416 5554 idem
3461 5513 3524 5554 ac
3555 5499 3688 5554 iliud

2103 5604 2227 5650 est:
2277 5593 2448 5660 Super
2470 5590 2664 5662 populo
2708 5589 3080 5646 misericordia
3133 5588 3251 5645 Dei.
3305 5589 3393 5645 Ait
3441 5590 3592 5647 item.
3633 5600 3690 5646 et

2103 5687 2278 5744 nubes
2306 5687 2590 5744 stillarunt
2645 5697 2852 5756 aquas;
2910 5681 3122 5742 sitienti
3154 5681 3301 5738 enim
3324 5682 3526 5754 populo
3563 5681 3686 5738 fon-

1085 5859 1128 5890 ⁵³
1153 5855 1316 5924 Num.
1351 5860 1582 5927 xxt,18.
1663 5861 1708 5894 ⁵⁵
1729 5859 1889 5918 Deut.
1927 5878 2102 5931 xxx”,
2149 5864 2198 5920 Ι.
