3992 6426
466 357 597 427 1051

1767 366 2122 429 PROCOPII
2160 370 2401 430 GALEI

3572 394 3702 463 1052

460 484 541 531 tes
587 474 841 546 prtebuit.
880 475 1036 543 Quod
1076 478 1531 547 signiﬁcationem
1576 477 1717 535 forte
1765 481 1901 552 legis
1951 497 2027 552 pel

2152 481 2267 553 λαῷ
2289 499 2305 514 ο
2344 486 2601 556 σημαίνοι
2634 487 2682 542 δ’
2721 487 2789 542 ἂν
2824 489 2960 554 ἴσως
2992 488 3089 546 καὶ
3124 491 3214 547 τὸν
3265 496 3332 550 δι’
3365 499 3602 569 ἀγγέλων
3626 514 3709 565 v6-

462 568 685 636 argelos
719 567 856 620 datae
885 567 1084 622 habere
1119 568 1313 637 possit.

525 642 732 709 Montes
753 658 994 711 concussi
1012 656 1225 729 sunt.[\’
1238 698 1252 720 ,
1270 656 1352 729 5.]
1375 657 1740 731 Dignitatibus
1761 661 1904 717 inter
1918 677 2043 731 geu-

458 754 542 801 tes
574 747 901 802 eminentes.
938 747 1048 803 Aut
1095 756 1248 804 certe
1299 751 1468 804 etiam
1522 765 1711 806 eorum
1759 752 2041 824 principes

454 840 757 898 daunones.

526 929 685 987 Sinai
715 934 835 988 iste.
862 932 1231 1005 Symmachus
1263 937 1554 1008 exposuit:
1619 936 1721 995 Hic
1774 951 1856 997 est
1882 940 2038 1010 Sina,

457 1034 514 1079 ut
538 1026 611 1081 sit
648 1026 863 1082 Domini
917 1026 1072 1084 Sina.
1121 1027 1261 1096 Quis
1337 1046 1472 1088 vero
1527 1032 1618 1089 hic
1674 1034 1941 1093 Dominus
1968 1037 2043 1093 sit

452 1116 763 1174 Subiutulit.
781 1118 956 1174 Porro
983 1120 1073 1178 his
1100 1136 1346 1178 consona
1376 1123 1544 1180 David
1558 1142 1782 1198 quoque
1810 1129 1864 1184 in
1883 1144 2042 1185 sexa-

451 1210 664 1279 gesimo
726 1212 965 1282 septimo
994 1214 1208 1282 psalmo
1248 1215 1364 1269 ait:
1412 1233 1431 1267 ι
1460 1215 1627 1284 Deus,
1662 1233 1788 1274 cum
1809 1221 2039 1291 egrede-

450 1301 590 1357 reris
630 1310 755 1358 ante
791 1305 1053 1375 populum
1083 1313 1260 1373 tuum,
1280 1309 1690 1367 cumtransires
1712 1312 1766 1368 in
1791 1312 2035 1379 deserto,

451 1400 599 1447 terra
627 1395 984 1462 contremuit,
1013 1409 1067 1452 et
1087 1397 1215 1453 coeli
1246 1398 1575 1456 stillarunta
1597 1400 1738 1458 facie
1763 1402 1857 1459 Dei
1881 1406 2034 1473 Sina,

453 1497 482 1535 a
517 1482 660 1539 facie
677 1484 771 1539 Dei
801 1485 1082 1544 Israel".)
1112 1489 1190 1545 Ac
1212 1489 1280 1546 de
1304 1490 1528 1547 Christo
1561 1508 1626 1548 ea
1660 1496 1826 1551 verba
1865 1513 2035 1555 usur-

448 1582 562 1642 pat,
587 1577 679 1643 qui
711 1577 780 1631 de
814 1575 938 1633 Seir
962 1588 1018 1634 et
1047 1578 1215 1635 Edom
1239 1582 1480 1639 transiit.
1501 1582 1620 1651 Quo
1639 1587 1861 1643 nomine
1888 1588 2035 1646 Esau

449 1675 708 1731 vocatur,
740 1678 800 1723 ut
860 1671 1021 1727 testis
1058 1679 1144 1728 est
1185 1672 1496 1744 Scriptura,
1541 1677 1665 1747 ejus
1703 1680 1798 1749 qui
1854 1680 2034 1755 imago

449 1771 535 1811 εει
569 1761 752 1828 populi
822 1762 926 1833 legi
985 1763 1215 1830 subditi,
1250 1766 1344 1837 qui
1379 1783 1503 1823 cum
1549 1769 1828 1829 helluinus
1857 1784 2029 1843 esset,

448 1856 642 1904 contra
670 1850 953 1908 Christum
984 1853 1157 1911 Jacoh
1174 1867 1553 1924 nuncupatum
1579 1861 1859 1919 clamavit.
1894 1864 2031 1921 Nam

421 1939 502 1994 -in
557 1941 698 1997 duos
759 1946 993 2015 populos
1035 1948 1296 2006 Rebecca:
1347 1950 1443 2006 ﬁlii
1483 1960 1614 2009 sunt
1660 1959 2033 2028 assumptiJs

447 2030 618 2103 igitur
645 2032 905 2093 Christus
942 2053 1070 2093 cum
1100 2055 1164 2096 ex
1204 2048 1354 2098 terra
1390 2042 1609 2100 deserta
1634 2046 2031 2107 aeinhabitata

448 2125 692 2180 transire
726 2126 909 2193 vellet,
932 2135 1137 2184 terram
1186 2132 1409 2199 quidem
1441 2133 1496 2189 iu
1525 2149 1693 2192 cruce
1725 2141 2029 2197 concussit.

444 2213 504 2270 In
529 2216 728 2270 coelum
780 2233 908 2274 vero
962 2231 1285 2291 assumptus
1341 2239 1410 2281 ex
1469 2240 1536 2282 eo
1556 2227 1761 2296 stillas,
1794 2230 1900 2288 hoc
1922 2241 2028 2301 est,

445 2302 680 2370 spiritus
704 2304 849 2359 dona
879 2306 1125 2363 demisit.
1167 2310 1325 2368 Unde
1359 2322 1416 2368 et
1440 2316 1614 2386 copim
1641 2319 1788 2386 cceli,
1823 2340 1843 2373 ι
1891 2322 2032 2391 Quis

440 2393 536 2449 ille
564 2396 657 2465 qui
694 2398 844 2452 venit
874 2413 943 2455 ex
978 2399 1200 2458 Edom?
1239 2423 1261 2458 ο
1305 2407 1668 2466 sciscitantur
1701 2412 1770 2466 ⁸⁸.
1824 2412 2033 2473 Deinde

441 2501 554 2555 quo
600 2486 807 2546 ludatis
850 2491 1001 2547 hunc
1057 2493 1423 2553 illustriorem
1448 2499 1676 2569 reddat,
1702 2501 1906 2576 inquit,
1934 2507 2029 2565 Dei

442 2575 685 2633 lsraelis.
740 2578 876 2635 Nam
936 2584 1031 2653 qui
1096 2587 1402 2657 majoribus
1460 2590 1518 2647 in
1574 2593 1713 2649 Sina
1750 2575 2026 2668 apparuit,

442 2676 645 2723 terram
692 2671 747 2726 iu
819 2688 985 2730 cruce
1054 2679 1376 2744 concussit,
1446 2691 1805 2756 vestramque
1866 2706 2027 2748 νεειις»

442 2761 592 2813 niam
624 2761 932 2833 redarguit.
990 2766 1357 2830 Conturhavit
1396 2788 1563 2843 porro
1593 2779 1794 2833 caelum
1835 2783 2026 2850 etiam,

440 2851 580 2906 adeo
610 2863 667 2906 ut
698 2856 777 2908 sol
803 2857 991 2928 radios
1023 2874 1154 2915 suos
1199 2865 1567 2930 contraxerit,
1604 2871 1885 2941 copiaeque
1914 2890 2029 2931 coe-

382 2936 389 2943 ’
439 2940 610 2998 lestes
666 2944 720 2998 in
774 2950 1032 3015 passione
1064 2950 1225 3007 herili
1266 2964 1455 3009 essent
1511 2936 1867 3026 perturbatae.
1900 2964 2029 3031 Qui-

438 3030 548 3086 Ιηιε
585 3040 851 3102 peractis,
886 3039 1206 3108 spirituales
1235 3044 1410 3099 nuhes
1451 3049 1810 3107 credentibus
1834 3030 2026 3110 divina

2150 591 2250 645 μον
2276 574 2524 630 δοθέντα.

2218 668 2368 737 Ὀρη
2420 667 2869 739 ἐσαλεύθησαν.
2918 672 2985 730 Oi
3043 674 3153 730 τῶν
3207 676 3381 733 ἐθνῶν
3437 682 3495 738 ὲν
3535 685 3710 762 ἀρχαῖς

2143 756 2549 830 ὑπερέχοντες,
2625 761 2795 832 ἤγουν
2862 764 2913 817 oi
2972 764 3184 820 τούτων
3229 769 3495 841 ἄρχοντες
3541 756 3703 851 asino.

2145 864 2258 911 νες.

2216 938 2333 995 Τοῦ
2362 940 2531 1006 Σινᾶ,
2561 941 2865 1015 Σύμμαχος
2893 943 3149 1013 ἐξέδωκε,
3184 949 3369 1006 Τοῦτο
3407 952 3540 1008 ἐστι
3560 961 3706 1016 2mi-

2141 1032 2228 1086 ἵνα
2266 1026 2324 1106 ᾖ,
2355 1031 2451 1086 τοῦ
2483 1033 2691 1107 Κυρίου
2727 1035 2879 1089 Σινά.
2909 1036 3006 1100 Τίς
3036 1037 3095 1092 δὲ
3125 1029 3284 1103 οὗτος
3320 1042 3350 1095 ὀ
3407 1043 3609 1116 Κύριος
3629 1049 3704 1104 ἐπ.

2140 1121 2390 1190 ενήνοχε.
2418 1119 2489 1173 Σύ
2500 1138 2701 1191 μφωνα
2732 1123 2791 1176 δὲ
2815 1122 3029 1189 τούτοις
3056 1127 3155 1180 καὶ
3174 1129 3381 1184 ὁΔαϐὶδ
3406 1131 3466 1185 ὲν
3497 1133 3573 1201 EC’
3598 1140 3714 1208 φησὶ

2136 1209 2336 1281 ψαλμῷ
2365 1229 2381 1245 ο
2415 1229 2435 1264 ι
2472 1212 2531 1267 '0
2561 1213 2697 1279 Θεὸς
2745 1217 2805 1269 ὲν
2849 1216 2929 1289 τῷ
2962 1218 3365 1291 ἐκπορεύεσθαι
3398 1240 3460 1278 σε
3502 1226 3713 1286 ἐνώπιον

2137 1299 2232 1353 τοῦ
2263 1299 2399 1355 λαοῦ
2451 1318 2571 1369 σου,
2621 1306 2680 1358 ὲν
2728 1304 3154 1377 τῷδιαδαίνειν
3196 1327 3259 1364 σε
3301 1313 3361 1365 ὲν
3408 1316 3712 1390 τῇνὲρήμῳ·

2136 1390 2208 1462 γῆ
2245 1391 2492 1465 ἐσείσθη,
2538 1397 2635 1449 καὶ
2667 1397 2718 1450 οί
2775 1398 2999 1469 οὐρανοὶ
3045 1399 3287 1469 έσταξαν
3324 1404 3441 1459 ἀπὸ
3504 1410 3707 1479 προσώ-

2138 1500 2241 1537 που
2310 1483 2407 1539 τοῦ
2459 1486 2596 1541 Θεοῦ
2667 1489 2765 1543 τοῦ
2831 1490 3004 1557 Σινᾶ,
3066 1491 3177 1548 ἀπὸ
3255 1497 3551 1567 προσώπου
3624 1504 3707 1558 τοῦ

2135 1570 2270 1627 Θεοῦ
2340 1575 2595 1649 Ἰσραήλο
2652 1597 2671 1631 ι
2724 1581 2809 1644 είς
2856 1581 2948 1635 τὸν
2986 1582 3225 1654 Χριστὸν
3281 1588 3459 1643 ταῦτα
3523 1590 3705 1650 λαϐών.

2141 1666 2242 1730 Ὃς
2295 1666 2490 1733 διαϐὰς
2541 1670 2607 1725 ἐκ
2659 1672 2828 1745 Σηεὶρ
2877 1673 2973 1727 καὶ
3031 1674 3240 1746 Ἐδώμ·
3297 1679 3445 1734 οὕτω
3476 1681 3578 1755 γὰρ
3625 1686 3705 1741 τδν

2146 1755 2317 1812 Ἥσαῦ
2375 1760 2665 1817 καλεῖσθαί
2709 1780 2877 1836 φησιν
2944 1768 2978 1838 ἡ
3025 1765 3242 1842 Γραφὴ,
3285 1770 3554 1844 σύμϐολον
3593 1775 3704 1831 ὄντα

2063 1831 2232 1905 Β’τοῦ
2287 1853 2526 1924 νομικοῢ
2572 1831 2740 1912 λαοῖῖι
2772 1831 2857 1923 ῠὸς
2911 1831 3553 1934 θηριώδης-ὢνλφώνει
3580 1870 3705 1927 κατὰ

2133 1943 2374 2015 Χριστοῦ
2415 1948 2860 2018 χρηματίσαντος
2902 1951 3123 2007 Ἰακώϐ.
3168 1954 3264 2019 Είς
3292 1956 3422 2020 τοὺς
3470 1956 3574 2012 δύω
3609 1959 3705 2030 γὰρ

2133 2035 2301 2101 λαοὺς
2338 2038 2388 2091 οἱ
2443 2038 2540 2109 τῆς
2582 2038 2884 2105 Ῥεϐέκκας
2940 2042 3258 2115 ἐλήφθησαν
3312 2045 3447 2101 υἱοί.
3498 2048 3705 2103 Μέλλων
3797 2115 3801 2119 _

2133 2121 2228 2182 οὖν
2277 2125 2342 2193 ἐξ
2410 2128 2578 2183 αὐτοῦ
2645 2130 2987 2196 διαϐαίνειν,
3048 2135 3263 2207 ἐρήμου
3323 2137 3424 2192 καὶ
3475 2141 3702 2211 ἀοικήτου

2131 2219 2519 2289 τυγχάνοντος,
2559 2219 2741 2275 ἔσεισε
2792 2222 2895 2293 μὲν
2944 2224 3046 2297 τὴν
3076 2226 3180 2297 γῆν
3209 2227 3303 2281 ἐπὶ
3330 2227 3431 2282 τοῦ
3469 2220 3701 2302 σταυροῦ,

2132 2307 2194 2373 ἐξ
2219 2311 2451 2383 οὐρανοῦ
2480 2312 2537 2366 δὲ
2577 2313 2843 2383 σταγόνας
2873 2315 3153 2388 ἐξέπεμψε
3205 2320 3304 2385 τὰς
3348 2319 3447 2376 τοῦ
3478 2324 3707 2396 πνεύμα-

2130 2415 2222 2463 τος
2252 2399 2462 2471 δωρεὰς
2486 2403 2825 2475 ἀναληφθεὶς
2869 2407 2952 2471 είς
2982 2408 3171 2465 αὐτόν.
3206 2411 3337 2465 Ὅτε
3369 2413 3470 2468 καὶ⁸
3508 2415 3561 2470 αι
3593 2412 3702 2469 τού-

2130 2508 2225 2546 του
2257 2492 2522 2566 δυνάμεις
2553 2497 2939 2567 πυνθάνονται,
2976 2518 2997 2552 ι
3036 2500 3136 2565 Τίς
3169 2494 3325 2567 οὗτος
3361 2504 3393 2557 ὁ
3422 2506 3699 2578 παραγενό-

2131 2600 2295 2655 μενος
2344 2585 2652 2659 ὲξἘδώμ;
2707 2608 2727 2642 ι
2775 2586 2911 2645 Εἶτα
2945 2591 3135 2649 τοῦτον
3177 2596 3462 2665 Ἰουδαίοις
3492 2604 3692 2673 σαφηνί-

2124 2676 2262 2744 ’ζων,
2290 2679 2447 2750 φησὶ,
2477 2680 2615 2735 Θεοῦ
2641 2682 2884 2754 Ἰσραήλ.
2931 2685 2991 2739 '0
3024 2686 3134 2759 γὰρ
3164 2690 3356 2757 φανεὶς
3386 2694 3503 2756 τοῖς
3527 2695 3686 2765 ἡμετέ-

2133 2784 2247 2839 ροις
2281 2770 2571 2841 προγόνοις
2610 2772 2668 2826 ὲν
2698 2772 2777 2844 τῷ
2818 2775 2970 2841 Σινὰ,
3000 2776 3099 2850 τὴν
3140 2778 3248 2849 γῆν
3278 2780 3377 2834 ἐπὶ
3414 2782 3509 2836 τοῦ
3551 2800 3685 2837 σταυ-

2133 2858 2230 2929 ροῦ
2265 2863 2566 2929 συνέσεισε,
2622 2864 2724 2935 τῆς
2752 2867 3033 2938 ἡμετέρας
3065 2870 3267 2941 μανίας
3324 2875 3407 2938 είς
3451 2874 3650 2945 ἔλεγχον
3672 2891 3687 2908 ·

2128 2949 2424 3024 ὲξετάραξε
2471 2952 2529 3008 δὲ
2582 2955 2802 3011 καὶτὸν
2860 2959 3111 3031 οὐρανὸν,
3164 2962 3323 3034 ἡλίου
3370 2965 3464 3032 τὰς
3484 2958 3686 3030 ἀκτῖνας

2130 3046 2534 3111 συστείλαντος,
2571 3048 2666 3101 καὶ
2689 3048 2801 3102 τῶν
2816 3051 2942 3111 ,ἐκεῖ
2967 3053 3253 3124 δυνάμεων
3283 3056 3376 3110 ἐπὶ
3400 3057 3472 3128 τῷ
3494 3060 3676 3111 Aram-

440 3123 661 3179 coalitus
701 3130 1057 3197 praebuerunt
1117 3135 1286 3190 dona.
1338 3136 1550 3194 Montes
1596 3141 1824 3215 insuper
1860 3148 2023 3203 etiam

2126 3137 2267 3209 τικῷ
2292 3138 2456 3192 πάθει
2500 3143 2956 3213 τεταραγμένων.
3011 3123 3149 3200 Μεθ’
3178 3145 3215 3201 ἃ
3247 3123 3565 3212 λοιπὸν-τοῖς
3592 3168 3671 3202 πι-

440 3214 761 3283 spirituales
793 3221 1016 3276 malitiae
1047 3238 1145 3293 per
1177 3224 1489 3283 doctrinam
1514 3214 1822 3290 concussit
1859 3253 2027 3294 evan-

437 3304 692 3374 gelicam.
741 3308 882 3364 Cum
939 3312 1087 3367 enim
1153 3314 1456 3372 lunaticum
1490 3332 1768 3391 curasset,
1804 3326 2021 3399 inquit:

442 3413 464 3447 ι
505 3393 560 3450 Si
582 3396 743 3453 ﬁdem
776 3402 1109 3471 habueritis,
1145 3407 1344 3464 dicetis
1391 3414 1568 3467 monti
1600 3416 1751 3484 huic,
1780 3393 2025 3478 Amolire
2084 3422 2095 3429 “

436 3495 509 3550 te,
535 3486 581 3519 ³³
614 3505 634 3539 ι
668 3490 748 3544 sic
783 3493 930 3546 enim
958 3496 1181 3550 vocavit
1221 3501 1549 3557 daemonem.
1606 3503 1780 3562 Porro
1846 3510 2018 3567 lilium

434 3577 605 3634 Israel
636 3581 832 3638 faciem
871 3585 1090 3642 Domini
1123 3588 1216 3644 Dei
1251 3601 1429 3647 vocat.
1464 3614 1484 3646 ι
1521 3595 1709 3654 Illuxit
1751 3603 1895 3658 enim
1927 3620 2017 3660 ευ·-

435 3684 536 3740 per
566 3686 687 3739 nos,
709 3674 907 3743 inquit,
936 3676 1119 3734 lumen
1138 3679 1300 3751 500
1333 3684 1518 3741 vultus
1541 3688 1889 3753 tui,Domine
1913 3695 2014 3752 ⁸⁸.»

436 3759 540 3826 Qui
573 3763 965 3831 praedicatione
992 3772 1309 3841 evangelica
1339 3784 1533 3843 gentes
1584 3787 1637 3835 et
1667 3783 1837 3840 urbes
1887 3801 2022 3843 con-

435 3853 631 3908 cussit.
679 3854 745 3909 Ut
784 3856 837 3911 in
878 3858 1078 3916 animis
1111 3863 1318 3920 nostris
1365 3874 1638 3926 terrorem
1682 3875 2016 3948 relinquam,

436 3957 502 3998 ac
542 3946 612 4001 ab
640 3962 835 4002 errore
852 3956 907 4003 et
937 3955 1178 4009 terrenis
1202 3957 1606 4027 transitionem,
1627 3946 2017 4029 aﬂ‘ectionibus

434 4033 492 4087 in
527 4036 686 4090 nobis
716 4041 1030 4097 concussis.
1072 4043 1151 4098 Ae
1179 4047 1252 4099 ita
1295 4048 1517 4117 quidem
1547 4067 1794 4123 praesens
1817 4067 2017 4117 cantus

434 4138 558 4177 cum
594 4127 648 4181 in
692 4127 881 4186 hostes
913 4133 1163 4193 visibiles
1188 4146 1327 4205 erat,
1349 4140 1416 4196 ad
1448 4143 1771 4213 spirituales
1792 4162 1890 4218 per
1919 4165 2017 4209 eos

433 4223 699 4278 recurrit.

2130 3227 2426 3283 στεύσασιν
2454 3230 2512 3283 αί
2560 3234 2749 3302 νοηταὶ
2795 3233 3018 3310 νεφέλαι
3052 3235 3154 3299 τὰς
3200 3236 3347 3301 θείας
3377 3236 3431 3306 ἐξ
3457 3238 3672 3309 οὐρα.νοῦ

2102 3323 2466 3394 ,παρέσχοντο
2525 3325 2757 3398 δωρεάς.
2793 3330 2932 3400 Ὀρη
2981 3330 3039 3383 δὲ
3093 3330 3164 3386 τὰ
3212 3334 3537 3404 πνευματικὰ
3587 3333 3683 3402 τῆς

2125 3414 2397 3487 πονηρίας
2454 3416 2713 3471 ἐσάλευσε
2767 3418 2856 3472 διὰ
2909 3419 3010 3491 τῆς
3053 3420 3411 3493 εὐαγγελικῆς
3454 3419 3689 3490 διδαχῆς.

2123 3504 2264 3576 Φησὶ
2316 3504 2424 3577 γὰρ
2462 3505 2815 3579 θεραπεύσας
2865 3509 2957 3565 τὸν
3006 3510 3500 3583 σεληνιαζόμενον’
3549 3512 3695 3566 «Ἐὰν

2123 3595 2286 3666 ἔχητε
2323 3597 2534 3664 πίστιν,
2566 3599 2744 3671 ἐρεῖτε
2793 3600 2874 3674 τῷ
2915 3600 3034 3673 ὄρει
3082 3601 3287 3675 τούτῳ,
3329 3602 3642 3674 Μετάϐηθι·
3675 3622 3692 3655 ι

2121 3688 2265 3742 οὕτω
2293 3689 2531 3755 καλέσας
2560 3691 2634 3746 τὰ
2657 3692 2938 3765 δαιμόνια.
2971 3694 3145 3749 Καλεῖ
3186 3694 3242 3750 δὲ
3274 3694 3570 3781 πρόσωπον
3596 3696 3688 3748 Κυ-

2122 3779 2240 3852 ρίου
2265 3780 2403 3835 Θεοῦ
2430 3782 2674 3854 Ἰσραὴλ,
2709 3784 2804 3840 τὸν
2831 3785 2966 3839 υἱόν.
3009 3804 3028 3838 ι
3058 3785 3412 3859 Ἐσημειώθη
3445 3779 3582 3861 γὰρ,
3607 3803 3684 3855 φη-

2121 3870 2229 3937 σὶν,
2257 3871 2342 3941 ἐφ’
2363 3872 2512 3943 ἡμᾶς
2539 3872 2601 3928 τὸ
2628 3873 2745 3943 φῶς
2770 3873 2864 3929 τοῦ
2894 3875 3193 3947 προσώπου
3226 3893 3345 3944 σου,
3374 3878 3577 3951 Κύριε,
3612 3876 3695 3940 »ὃς

2119 3962 2199 4033 τῷ
2228 3963 2573 4035 εὐαγγελικῷ
2601 3966 2922 4038 κηρύγματι
2945 3967 3072 4040 έθνη
3096 3969 3192 4024 καὶ
3212 3969 3400 4033 πόλεις
3431 3970 3697 4024 διέσεισεν*

2117 4053 2207 4109 ἵνα
2233 4054 2326 4109 τὸν
2357 4057 2416 4109 ὲν
2459 4060 2581 4121 ταῖς
2620 4060 2923 4130 ἡμετέραις
2974 4059 3181 4132 ψυχαῖς
3240 4061 3565 4116 καταλείπω
3608 4075 3705 4114 σει-

2119 4145 2276 4215 σμὸν,
2312 4147 2405 4200 καὶ
2446 4146 2543 4220 τὴν
2577 4149 2642 4202 ἐκ
2656 4149 2759 4219 τῆς
2792 4149 3004 4222 πλάνης
3032 4150 3255 4205 καὶτῶν
3275 4153 3497 4221 γηΐνων
3549 4150 3703 4222 μετά-

2117 4251 2307 4290 στασιν
2342 4237 2451 4291 τῶν
2489 4240 2545 4292 ὲν
2589 4240 2723 4310 ἡμῖν
2746 4239 3117 4311 κλονηθέντων
3157 4241 3369 4295 παθῶν.
3387 4242 3558 4296 Οὕτω
3578 4243 3707 4312 καὶὴ

2115 4324 2372 4396 παροῦσα
2398 4326 2494 4380 νῦν
2508 4326 2621 4399 ᾠδὴ
2636 4330 2750 4392 τοῖς
2782 4328 3062 4399 πολεμίοις
3088 4332 3201 4395 τοῖς
3217 4332 3435 4402 ὁρατοῖς
3451 4329 3710 4401 έπεμδαῇ

2113 4432 2304 4481 νουσα.
2361 4418 2496 4491 πρὸς
2530 4419 2659 4483 τοὺς
2707 4420 2934 4492 νοητοὺς
2983 4421 3074 4476 διὰ
3117 4420 3323 4476 τούτων
3380 4423 3709 4495 ἀνέδραμεν.

504 4487 571 4543 In
598 4488 784 4546 diebus
816 4489 1050 4565 Samgar
1119 4497 1225 4567 ﬁlii
1270 4498 1467 4555 Anath.
1520 4501 1624 4577 [6.]
1657 4507 1735 4563 Ac
1763 4509 1811 4564 si
1843 4510 2017 4570 dixis-

2202 4510 2301 4564 Ἑν
2328 4487 2579 4580 ἡμέραις
2600 4487 2872 4583 Σαμεγίὰρ
2910 4511 3045 4567 υίοῦ
3092 4512 3290 4568 Ἀνάθ.
3335 4513 3492 4567 Ὠσεὶ
3519 4487 3708 4582 $1.37;-

431 4588 515 4636 sr-t
547 4597 561 4635 :
593 4581 663 4635 At
693 4581 807 4639 haec
854 4585 1079 4656 quidem
1114 4598 1246 4644 tunc
1278 4592 1569 4661 evenient;
1604 4613 1754 4654 nunc
1799 4616 1930 4658 vero
1960 4604 2014 4659 in

429 4673 630 4729 diebus
670 4673 924 4746 Samgar,
972 4677 1030 4733 in
1068 4677 1266 4736 diebus
1300 4680 1417 4738 Jael
1467 4685 1791 4747 defecerunt
1837 4710 2013 4766 reges.

430 4763 712 4830 Quantum
744 4782 876 4821 vero
920 4768 988 4822 ad
1024 4769 1274 4826 historiae
1303 4772 1544 4831 litteram
1576 4780 1796 4847 attinet,
1832 4763 2014 4840 incer-

431 4866 522 4910 tus
557 4857 651 4912 hic
693 4856 926 4931 Samgar
963 4871 1068 4916 est.
1106 4862 1301 4921 Tradit
1340 4882 1475 4924 vero
1511 4870 1789 4943 Josephus
1838 4893 2012 4949 regno

429 4943 653 5004 lsraelis
689 4948 969 5005 delectum
999 4951 1198 5021 fuisse,
1224 4955 1508 5028 vitamque
1533 4962 1715 5031 primo
1747 4943 2010 5037 regnivsui
2055 4977 2059 4981 ’

428 5055 575 5096 anno
606 5041 845 5100 ﬁniisse.
879 5042 1000 5101 Jael
1028 5062 1163 5103 vero
1205 5063 1324 5104 eam
1353 5065 1480 5108 esse
1504 5055 1580 5110 ait
1605 5072 1730 5128 quae
1765 5058 2008 5118 Sisaram

428 5129 734 5188 interemit.
776 5132 953 5204 Cujus
996 5142 1246 5208 tempore
1300 5147 1356 5194 et
1406 5140 1641 5215 Samgar
1679 5145 2008 5206 defecerunt

425 5232 608 5303 reges,
655 5233 713 5279 et
758 5241 883 5281 cum
915 5226 972 5283 in
1013 5226 1141 5299 fuga
1183 5236 1366 5288 metus
1407 5232 1709 5294 inuasisset
1754 5254 1872 5309 eos,
1911 5258 2008 5314 per

426 5313 629 5370 itinera
661 5328 813 5375 recta
842 5335 955 5377 non
986 5329 1117 5379 sunt
1144 5325 1376 5389 reversi,
1395 5342 1586 5385 verum
1610 5347 1710 5402 per
1734 5313 2009 5407 obliquas,

428 5423 552 5479 quae
577 5410 898 5472 idololatria
916 5418 1143 5490 ﬁguram
1174 5419 1472 5478 sustinent.
1491 5422 1823 5483 Defecerunt
1855 5445 2007 5497 vero,

2121 4601 2235 4656 Καὶ
2264 4600 2440 4656 ταῦτα
2473 4601 2575 4674 μὲν
2605 4602 2669 4657 τὸ
2704 4603 3015 4673 τηνικαῦτα
3067 4606 3385 4674 γενήσεται,
3421 4606 3550 4658 νυνὶ
3581 4604 3639 4658 δὲ
3663 4604 3716 4656 ἐν

2121 4694 2361 4765 ἡμέραις
2394 4694 2676 4764 Σαμεγὰρ,
2704 4693 2763 4747 ἐν
2788 4694 3027 4765 ἡμέραις
3055 4694 3203 4766 ἰαὴλ
3232 4694 3529 4761 ἐξέλειπον
3563 4695 3717 4765 βασι-

2119 4784 2255 4848 λεῖς.
2291 4785 2461 4840 Ὅσον
2490 4785 2549 4838 δὲ
2570 4779 2706 4857 ἧκεν
2732 4787 2815 4851 είς
2843 4785 2941 4858 τὴν
2978 4784 3226 4857 ἱστορίαν
3256 4786 3358 4857 τὴν
3401 4789 3717 4858 γραφικὴν,

2119 4873 2317 4944 ἄδηλος
2346 4876 2374 4929 ὁ
2418 4875 3023 4949 Σαμεγάρ.,’Ῑώσηπος
3065 4877 3125 4932 δέ
3161 4895 3327 4950 φησιν
3378 4877 3499 4950 (50)
3557 4878 3721 4933 αὐτὸν

2117 4966 2283 5039 ἄρξαι
2310 4968 2407 5022 τοῦ
2432 4968 2651 5042 Ἰσραὴλ
2676 4968 2992 5043 αἱρεθέντα,
3021 4970 3117 5025 καὶ
3138 4969 3447 5025 καταλῦσαι
3472 4970 3578 5025 τὸν
3610 4970 3723 5041 βίον

2113 5060 2174 5113 ἐν
2210 5058 2288 5130 τῷ
2331 5059 2538 5132 πρώτῳ
2572 5062 2670 5133 τῆς
2721 5062 2901 5134 ἀρχῆς
2952 5063 3089 5118 ἔτει.
3126 5061 3278 5132 Ἰαὴλ
3313 5061 3373 5116 δέ
3421 5080 3570 5133 φησι
3623 5061 3721 5133 τὴν

2112 5151 2412 5207 ἀνελοῦσαν
2462 5154 2556 5209 τὸν
2606 5154 2838 5228 Σισάρα.
2874 5156 2990 5227 Ἐφ’
3019 5152 3088 5229 ἦς
3124 5157 3224 5211 καὶ
3276 5157 3374 5212 τοῦ
3442 5157 3721 5229 Σαμεγὰρ

2114 5242 2400 5310 ἐξέλειπον
2452 5246 2720 5319 βασιλεῖς,
2758 5247 2853 5303 καὶ
2896 5248 3136 5315 δεδιότες
3168 5252 3228 5305 ὲν
3257 5249 3336 5322 τῷ
3364 5250 3592 5323 δεσμῷ,
3623 5249 3721 5311 τὰς

2116 5334 2206 5388 ἐπ’
2236 5336 2460 5403 εὐθείας
2503 5339 2662 5404 ὁδοὺς
2703 5340 2806 5394 οὐκ
2833 5340 3163 5413 ἐτράποντο,
3195 5341 3299 5407 τὰς
3326 5343 3387 5398 δὲ
3403 5343 3722 5415 διεστραμ-

2122 5428 2322 5497 μένας·
2347 5430 2404 5484 αἳ
2464 5432 2570 5504 τῆς
2621 5433 3078 5507 εἰδωλολατρείας
3136 5435 3453 5508 ὑπάρχουσι
3515 5434 3718 5498 τύπος.

495 5582 545 5616 ⁵⁷
574 5581 717 5638 Psal.
766 5591 1017 5656 uvu,8,
1048 5591 1112 5650 9.
1186 5592 1519 5665 "Isaiam,
1565 5594 1616 5651 l.
1695 5596 1741 5629 ⁸⁵
1774 5596 1967 5654 Matth.
2036 5615 2176 5663 xvii,
2218 5599 2305 5656 19.
2375 5604 2419 5637 ⁸ο
2449 5603 2704 5676 Psal.~tv,
2731 5607 2789 5663 7.

1934 5733 2159 5794 NOTAS.

505 5788 621 5858 (50)
661 5789 800 5861 Ὅρα
829 5792 937 5845 σελ.
972 5795 1090 5852 HO.

1878 6375 2165 6384 —————-—

1877 6388 2278 6396 .—————
