3992 6416
390 391 527 456 1053

1400 392 1944 452 COMMENTABII
1989 392 2071 453 JN
2109 391 2452 452 JUDICES.

3503 397 3645 466 105i

396 504 701 571 Ἐξέλειπον
720 501 799 570 δὲ,
826 504 982 576 φησὶ,
1007 501 1265 575 Φαραζὰν
1287 503 1344 560 ὲν
1376 502 1762 575 Ἰσραὴλ,ὄπερ
1789 504 1965 574 ἑρμη-

2097 501 2276 570 nquit,
2304 500 2595 555 Pharazon
2624 500 2677 555 iu
2711 501 2944 567 lsraclc,
2984 502 3130 573 quod
3161 504 3207 561 si
3239 503 3642 578 interpreteris,

381 594 597 647 νεύεται
625 593 892 658 δυνατοὶ,
945 593 1108 667 μέχρι
1156 592 1472 663 Δεὸϐὡρας.
1518 593 1576 647 ’0
1595 594 1653 647 δὲ
1679 593 1959 664 Σαμεγὰρ,

379 685 662 757 πάροικος
686 685 835 756 δηλοῖ
851 703 867 719 θ
885 686 1044 739 Ἀνὰθ
1063 684 1140 751 δὲ,
1162 686 1544 751 ταπείνωσις,
1567 685 1600 757 ἢ
1621 685 1959 754 ἀπόκρισις·

392 777 538 848 Ἱαὴλ
562 777 638 840 δὲ,
667 778 985 842 ἀνάϐασις.
1027 776 1222 844 Ἦνίκα
1247 777 1430 830 τοίνυν
1462 777 1687 846 γένηταί
1709 793 1793 839 τις
1819 775 1964 848 πάρ-

386 887 531 932 οικος
580 870 675 922 τοῦ
709 870 824 940 βίου
850 870 945 924 τοῦ
974 870 1245 943 παρόντος
1266 909 1282 935 ,
1313 870 1430 933 υίὸς
1456 868 1531 923 ὣν
1560 872 1663 939 τῆς
1695 868 1963 922 ταπεινώ-

388 978 545 1023 σεως,
594 962 737 1014 κατὰ
802 960 894 1014 τὸν
942 962 1210 1015 εἰπόντα·
1260 979 1278 1013 ι
1309 962 1526 1015 Μάθετε
1559 960 1655 1013 ἀπ’
1687 959 1824 1031 ἐμοῦ
1880 960 1963 1013 ὅτι

386 1052 563 1122 πρᾶός
603 1054 718 1121 εἰμι
789 1054 883 1106 καὶ
907 1052 1162 1116 ταπεινὸς
1189 1055 1255 1124 τῇ
1297 1051 1517 1122 καρδία,
1542 1070 1561 1102 ι
1594 1052 1691 1104 καὶ
1718 1050 1870 1121 τύχοι
1897 1051 1964 1103 δι’

376 1143 934 1211 .αὖτῆ;“ἁνα6ἀσεωςο
970 1143 1090 1207 ὁδὸς
1136 1145 1243 1215 γὰρ
1269 1143 1584 1213 ὑψώσεωςὴ
1611 1142 1962 1206 ταπείνωσις·

388 1235 582 1301 θεωρεῖ
621 1251 712 1285 καί
768 1236 894 1297 τοὺς
923 1228 1291 1306 πορευθέντας
1322 1234 1767 1305 διεστραμμένας
1810 1234 1967 1298 ὀδοὺς

390 1327 627 1394 βασιλεῖς
654 1325 1113 1395 ὲκλιμπάνοντας,
1160 1327 1296 1397 πρὸς
1342 1326 1434 1389 οὓς
1481 1328 1613 1397 ἡμῖν
1638 1328 1669 1396 ἡ
1697 1325 1872 1396 πάλη,
1901 1325 1964 1377 ού

396 1419 522 1486 πρὸς
568 1412 705 1483 αἷμα
753 1419 847 1470 καὶ
891 1419 1090 1487 σάρκα.
1126 1419 1223 1482 Ὃς
1252 1417 1345 1471 καί
1395 1435 1529 1489 φησι
1572 1433 1586 1448 ο
1643 1436 1662 1469 ι
1689 1417 1968 1487 Πάροικός

389 1510 501 1573 εἰμι
550 1504 660 1573 ἐγὼ
726 1507 818 1559 καὶ⁵
865 1508 1312 1577 παρεπίδημος.»
1381 1508 1513 1571 Καὶ,
1561 1524 1579 1555 ι
1609 1508 1725 1559 Οὐκ
1773 1507 1971 1575 ἔχομεν

389 1592 489 1649 ὧδε
548 1598 815 1666 μένουσαν
864 1599 1045 1667 πόλιν,
1095 1600 1233 1653 ἀλλὰ
1280 1599 1378 1671 τὴν
1428 1599 1732 1671 μέλλουσαν
1781 1597 1971 1668 ἐπιζη-

388 1705 611 1758 τουμεν.
637 1706 659 1741 ι

463 1781 589 1832 ’Ὁτι
618 1778 729 1847 ἕως
765 1779 1066 1850 ἐξανέστη
1086 1781 1283 1852 μήτηρ
1320 1782 1392 1836 ἐν
1436 1780 1518 1846 τῷ
1557 1779 1828 1849 Ἰσραήλ.
1860 1779 1973 1846 Τὴν

2072 601 2311 663 potentes
2380 600 2583 661 sonat,‘
2615 593 2684 648 ad
2748 594 3057 650 Debboram
3115 611 3316 666 usque.
3372 596 3645 655 Caeterum

2070 683 2307 755 Samgar
2345 684 2546 738 advena
2584 685 2890 756 signiﬁcat;
2924 688 3104 743 Anath
3155 698 3338 744 autem
3371 688 3648 746 humilitas

2065 773 2182 829 Jael
2245 789 2375 829 vero
2416 779 2680 839 ascensio.
2742 778 2977 843 Quando
3030 779 3199 850 igitur
3241 780 3370 850 quis
3437 781 3647 835 advena

2064 866 2121 921 in
2178 867 2283 919 hac
2335 868 2591 939 prasenti
2624 869 2758 933 vita,
2798 870 3055 940 illiusque
3097 871 3427 927 humilitatis
3461 862 3649 939 fuerit,

2064 974 2130 1014 eo
2187 959 2349 1014 modo
2379 976 2491 1029 quo
2535 961 2650 1030 ipse
2694 962 2867 1016 dictat
2910 981 2924 1017 :
2978 982 2996 1016 ι
3034 963 3243 1020 Discite
3295 978 3326 1018 a
3375 979 3463 1020 me
3499 965 3649 1035 quod

2066 1053 2219 1108 mitis
2283 1068 2408 1108 sum
2472 1061 2526 1108 et
2567 1054 2736 1110 corde
2801 1056 3028 1112 humilis
3056 1060 3097 1089 ⁶¹
3138 1075 3152 1112 :
3192 1076 3213 1110 ι
3269 1058 3650 1113 ascensionem

2066 1159 2133 1198 ea
2189 1146 2996 1214 consequetur;sublimitatis
3055 1148 3202 1203 enim
3233 1149 3322 1203 via
3369 1148 3652 1205 humilitas

2067 1238 2172 1289 est.
2209 1233 2361 1288 Videt
2390 1252 2611 1306 quoque
2666 1252 2821 1306 reges
2885 1253 2982 1307 per
3031 1239 3291 1310 obliquas
3346 1240 3465 1295 vias
3518 1254 3653 1311 ιιι-οη

2071 1322 2245 1378 fectos
2311 1324 2570 1392 deﬁcere,
2623 1340 2745 1379 cum
2783 1327 3008 1395 quibus,
3053 1342 3165 1382 non
3224 1344 3348 1383 eum
3392 1342 3559 1383 carne
3600 1338 3655 1384 et

2070 1416 2358 1485 sanguine,
2388 1416 2534 1470 lucta
2566 1418 2867 1473 exsistit“.
2895 1418 2998 1483 Qui
3032 1420 3223 1483 etiam,
3253 1419 3453 1488 inquit,
3479 1438 3499 1469 ‹
3538 1416 3654 1471 Ad-

2070 1524 2209 1563 veua
2267 1523 2387 1563 sum
2439 1524 2542 1578 ego
2598 1524 2663 1563 ac
2718 1510 3047 1579 peregrinus
3072 1509 3143 1563 “.
3184 1528 3203 1561 ι
3257 1509 3391 1563 Item
3425 1524 3442 1562 :
3474 1526 3494 1560 ι
3536 1506 3651 1561 Non

2073 1599 2340 1654 habemus
2365 1598 2454 1652 hic
2485 1599 2648 1652 ﬁxam
2675 1601 2890 1666 urbem,
2921 1612 3111 1654 verum
3136 1596 3383 1652 futuram
3414 1595 3654 1666 inquiri-

2072 1706 2198 1745 mus
2228 1690 2295 1743 “.
2338 1708 2359 1742 ι

2144 1779 2405 1845 Quoniam
2419 1777 2584 1833 donec
2608 1778 2838 1832 surrexit
2861 1788 3030 1832 mater
3050 1777 3104 1831 in
3123 1774 3318 1842 Israel,
3335 1780 3445 1830 etc.
3466 1771 3556 1846 [V,
3575 1771 3654 1844 7.]
3678 1800 3683 1809 -

390 1870 496 1940 πρὸ
525 1871 715 1942 αὐτῆς,
760 1874 967 1944 μητρὸς
998 1874 1204 1945 τρόπον
1254 1868 1582 1944 ἐπεχούσης,
1636 1873 1967 1927 πολιτευσα-

2091 1871 2283 1926 Statum
2317 1870 2536 1926 lsraelis
2599 1871 2913 1942 pristinum,
2952 1880 3254 1940 antequam
3330 1874 3508 1922 mater
3549 1866 3656 1919 im-

393 1963 563 2032 μένην
584 1964 843 2019 ἀσέόειαν
875 1967 935 2018 ὲν
971 1964 1050 2034 τῷ
1097 1964 1313 2036 Ἰσραὴλ
1349 1964 1641 2036 διηγεῖται.

474 2054 792 2129 ᾙρέτισαν
836 2053 1014 2118 θεοὺς
1039 2053 1279 2120 κενοὺς,
1312 2054 1394 2120 ὡς
1440 2054 1625 2124 ἄρτον
1676 2055 1964 2124 κρίθινον,

394 2147 603 2216 Ὥσπερ
622 2147 732 2216 γὰρ
748 2148 814 2201 ἄν
842 2163 928 2211 τις
959 2147 1165 2201 σιτίνου
1195 2148 1605 2218 παρακειμένου
1623 2146 1816 2218 ἄρτου,
1832 2165 1971 2219 καχ-

393 2237 545 2303 εξίαν
574 2238 769 2303 νοσῶν,
804 2237 1104 2308 ἀλλάξηται
1133 2238 1379 2309 κρίθινον
1400 2255 1414 2270 ο
1435 2237 1578 2293 οὕτω
1603 2237 1701 2292 τοῦ
1734 2233 1971 2310 ἀληθοῦς

390 2328 527 2382 Θεοῦ
558 2329 685 2393 τοὺς
711 2328 976 2400 ματαίους
1004 2328 1335 2384 ἀνθείλοντο.

463 2528 667 2598 Σκέπη
692 2526 989 2584 νεανίδων
1016 2528 1454 2598 σειρομαστῶν,
1496 2527 1607 2599 ἐὰν
1661 2529 1820 2598 ὀφθῇ
1849 2543 1976 2582 σει-

388 2617 782 2689 ρομὰστηςὲν
796 2625 855 2688 μ’
882 2618 1155 2688 χιλιάσιν
1171 2620 1241 2671 ἐν
1257 2618 1338 2684 τῷ
1366 2617 1647 2687 Ἰσραὴλ,
1670 2619 1709 2686 ἡ
1757 2618 1979 2685 καρδία

387 2729 509 2780 μου
536 2711 633 2764 ἐπὶ
654 2712 725 2765 τὰ
744 2712 1072 2781 τεταγμένα
1098 2710 1178 2776 τῷ
1201 2711 1475 2779 Ἰσραήλ.
1516 2711 1730 2780 Ὥσπερ
1759 2711 1787 2762 ὁ
1819 2709 1980 2780 ἄρτος

307 2810 317 2817 ”
393 2803 422 2854 ὁ
445 2802 704 2873 κρίθινος,
732 2803 880 2872 καὶὴ
909 2803 1017 2856 ἀπὸ
1052 2802 1326 2871 γυναικῶν
1355 2803 1412 2854 ἐν
1446 2802 1670 2871 πολέμῳ
1702 2801 1881 2871 σκέπη
1912 2802 1979 2855 δι’

395 2896 642 2966 ὀργάνων
668 2894 981 2966 πολεμικῶν
1029 2895 1265 2967 ἀσθενής
1295 2896 1444 2949 ἐστιν
1468 2911 1483 2925 °
1536 2894 1712 2958 οὕτως
1734 2896 1892 2958 ἐλπὶς
1920 2896 1980 2948 ὲν

397 2976 658 3054 εἰδώλοις.
697 2985 793 3051 Οἷς
819 2991 867 3042 οἱ
898 2988 1271 3053 πιστεύοντες,
1311 2990 1417 3043 κᾶν
1440 2982 1573 3041 ὦσιν
1602 2989 1819 3041 ὁπλῖται
1850 2990 1984 3041 πολ-

395 3082 479 3134 λοὶ
510 3082 629 3134 κατ’
685 3080 902 3153 Ἰσραὴλ
934 3082 1341 3151 συνιστάμενοι,
1407 3078 1675 3151 ἡκαρδία
1742 3096 1842 3147 μου
1899 3080 1983 3147 ἐφ’

400 3170 544 3242 ἅπερ
592 3171 781 3237 ἔταξεν
810 3174 838 3225 ὁ
868 3172 1001 3237 Θεὸς
1044 3171 1123 3243 τῷ
1152 3172 1269 3241 λαῷ
1294 3188 1309 3204 ο
1331 3168 1573 3235 ἐλπίζειν
1621 3172 1715 3223 ἐπὶ
1747 3169 1977 3241 Κύριον,

402 3262 690 3332 φυλάττειν
705 3263 803 3324 τὰς
830 3262 1050 3326 ἐντολὰς
1068 3261 1256 3323 αὐτοῦ,
1286 3263 1379 3315 καὶ
1421 3261 1495 3332 μὴ
1527 3259 1810 3330 λατρεύειν
1839 3261 1982 3321 Θεοῖς

400 3354 633 3423 ἑτέροις,
659 3354 751 3406 καὶ
773 3354 873 3405 ὃσα
899 3353 978 3424 τῷ
1007 3352 1159 3423 νόμῳ
1185 3351 1477 3421 διείρηται.
1506 3344 1606 3404 Ὧν
1631 3353 1765 3420 ἡμῖν
1786 3349 1988 3418 φυλατ-

402 3444 667 3514 τομένων,
693 3444 855 3505 αὐτὸς
889 3442 1194 3511 πολεμήσει
1226 3440 1366 3507 ὑπὲρ
1389 3441 1569 3509 ἡμῶν.
1601 3441 1686 3491 Τὰ
1716 3439 1826 3507 γὰρ
1847 3439 1988 3491 ὅπλα

404 3529 584 3597 ἡμῶν,
614 3529 676 3580 οὐ
705 3528 968 3596 σαρκικὰ,
998 3527 1140 3580 ἀλλὰ
1180 3526 1547 3595 πνευματικά.
1592 3544 1610 3578 ι
1639 3527 1714 3579 Ού
1746 3528 1854 3596 γὰρ
1890 3544 1987 3596 φο-

408 3619 722 3690 ϐηθήσομαι
774 3620 883 3674 ἀπὸ
936 3619 1216 3692 μυριάδων
1265 3619 1420 3684 λαοῦ,
1472 3617 1582 3671 τῶν
1611 3617 1817 3687 ,κύκλῳ
1866 3634 1991 3670 συν-

408 3710 805 3779 επιτιθεμένων
845 3727 953 3780 μοι.
995 3729 1013 3762 ι
1047 3710 1128 3764 Τὰ
1159 3710 1268 3781 γὰρ
1319 3709 1631 3778 τεταγμένα
1680 3708 1989 3777 φθέγξομαι

407 3800 487 3871 τῷ
527 3801 776 3872 Ἰσραήλ·
841 3820 860 3853 ι
896 3802 1153 3868 ’Δνάστα,
1184 3801 1394 3874 Κύριε,
1430 3800 1602 3874 σῷσόν
1660 3816 1751 3870 με,
1798 3802 1826 3853 ὁ
1859 3800 1991 3864 Sed;

412 3911 535 3965 μου.
562 3912 581 3945 ι
714 3880 719 3885 ’
1194 3891 1213 3899 ⁷

484 4009 549 4060 Ol
577 4005 872 4061 δυνάσται
893 4006 999 4060 τοῦ
1027 4006 1209 4067 λαοῦ,
1248 4002 1554 4075 εὐλογεῖτε
1591 4006 1702 4060 τὸν
1741 4006 1989 4075 Κύριον,

409 4090 712 4160 φάσκοντες
734 4110 747 4123 ο
788 4111 807 4145 ι
842 4094 932 4147 Ἐν
959 4093 1037 4164 τῷ
1069 4093 1188 4164 Θεῷ
1243 4094 1547 4163 ποιήσομεν
1590 4093 1860 4166 δύναμιν,
1897 4096 1992 4148 καὶ

410 4185 572 4239 αὐτὸς
600 4186 948 4251 ὲξουδενώσει
972 4187 1100 4249 τοὺς
1123 4185 1405 4250 θλίϐοντας
1433 4188 1609 4257 ἡμᾶς.
1642 4205 1663 4240 ι

498 4298 943 4367 Ἐπισεόηκότες
968 4298 1069 4353 ἐπὶ
1102 4298 1438 4369 ὑποζυγίων
1501 4298 1601 4352 ἐπὶ
1649 4297 1992 4368 λαμπινῶν,

411 4388 739 4458 καθήμενοι
764 4391 862 4443 ἐπὶ
907 4389 1213 4459 κριτήριον
1237 4431 1253 4456 ,
1300 4390 1400 4444 καὶ
1448 4391 1843 4459 πορευόμενοι
1902 4390 1995 4461 ἐφ’

414 4479 561 4547 όδῷ,
618 4482 963 4553 φθέγξασθε
1015 4483 1246 4552 φωνήν.
1308 4484 1723 4549 ΟίΑδυνὰσται,
1790 4483 1992 4554 φησὶν,

2068 1961 2291 2033 pietatis
2321 1961 2695 2029 gubernacula
2724 1961 2987 2025 inhibuit,
3015 1959 3270 2031 exponit.

2142 2052 2419 2122 Elvgerunt
2442 2053 2564 2106 deos
2596 2054 2801 2115 inanes,
2824 2052 3265 2123 quemadmodum
3302 2065 3492 2119 panem
3528 2047 3658 2102 lior-

2070 2145 2338 2200 deaceum.
2391 2144 2867 2210 Quemadmodum
2896 2128 2905 2133 ’
2936 2145 3082 2199 enim
3129 2143 3178 2199 si
3219 2143 3345 2214 quis
3384 2139 3655 2197 stomachi

2073 2237 2344 2292 cruditate
2375 2237 2610 2302 laboret,
2650 2237 3037 2306 triticeumque
3074 2249 3271 2306 panem
3296 2248 3469 2305 prope
3491 2247 3550 2289 se
3571 2233 3659 2301 ja-

2073 2337 2286 2383 centem
2334 2344 2432 2399 pro
2461 2328 2767 2385 hordeaceo
2793 2328 3239 2394 commutaverit,
3280 2327 3358 2382 ita
3392 2341 3493 2398 pro
3527 2338 3659 2382 vero

2076 2419 2187 2474 Deo
2214 2435 2386 2475 vanos
2415 2421 2722 2489 elegerunt.

2143 2528 2263 2583 Nec
2292 2529 2523 2600 clypeus,
2558 2546 2651 2584 nec
2678 2532 2836 2585 hasta
2881 2530 2996 2608 visa
3038 2539 3158 2584 sunt
3205 2530 3262 2583 in
3298 2527 3657 2597 quadraginta

2078 2616 2313 2671 millibus
2361 2615 2605 2672 Israelis.
2632 2616 2739 2671 Cor
2764 2634 2937 2672 meum
2975 2610 3044 2671 ad
3078 2616 3337 2685 praesides
3364 2615 3540 2685 legum
3566 2615 3661 2686 qui

2078 2713 2201 2757 sunt
2240 2706 2292 2757 in
2329 2702 2558 2769 lsraele,
2594 2714 2702 2759 etc.
2748 2702 2852 2776 [8.]
2900 2703 3375 2770 Quemadmodum
3416 2701 3656 2755 hordea-

2080 2809 2210 2848 ceus
2238 2796 2418 2864 panis,
2451 2807 2501 2849 et
2544 2798 2816 2865 protectio
2849 2796 3137 2849 muliebris
3168 2809 3265 2864 per
3321 2794 3664 2849 instrumen-

2085 2894 2135 2940 ta
2172 2886 2365 2939 bellica
2393 2888 2447 2939 in
2474 2887 2613 2939 bello
2636 2894 2720 2941 est
2747 2886 2990 2951 inﬁrma,
3018 2885 3092 2938 ita
3123 2899 3250 2953 spes
3280 2899 3405 2954 qure
3440 2884 3496 2937 in
3535 2883 3658 2937 ido-

2085 2977 2150 3031 lis
2178 2976 2417 3044 ponitur.
2464 2974 2678 3040 Quibus
2725 2978 2819 3044 qui
2870 2976 3065 3039 lidunt,
3105 2978 3209 3029 etsi
3250 2974 3529 3044 frequenti
3556 2989 3663 3027 nu-

2086 3080 2237 3119 mero
2256 3075 2309 3118 et
2330 3065 2501 3118 armis
2521 3075 2715 3117 contra
2736 3064 2998 3118 Israelem
3034 3063 3344 3132 insurgaut,
3370 3079 3464 3118 cor
3485 3077 3663 3116 meum

2088 3155 2157 3210 iis
2199 3171 2324 3226 qua:
2378 3155 2520 3209 Deus
2574 3156 2776 3225 populo
2826 3156 3008 3210 sanxit
3069 3156 3364 3220 intentum,
3398 3162 3584 3225 sperat
3614 3155 3667 3207 in

2088 3246 2341 3309 Domino,
2415 3246 2782 3316 mandataque
2858 3248 3034 3317 ipsius
3095 3247 3375 3313 observat,
3421 3260 3522 3300 nec
3562 3244 3670 3299 diis

2089 3339 2212 3392 aliis
2249 3340 2446 3405 servit,
2484 3340 2703 3409 aliaque
2736 3354 2858 3409 quae
2904 3342 3019 3409 lege
3064 3339 3356 3393 interdicta
3390 3345 3518 3393 sunt
3561 3349 3669 3389 nou

2088 3428 2244 3482 facit.
2304 3428 2435 3494 Qua:
2480 3431 2527 3484 si
2569 3431 3071 3494 observaverimus,
3103 3429 3248 3484 Deus
3275 3429 3673 3499 pugnabitlpro

2088 3520 2266 3575 nobis.
2294 3521 2459 3574 Arma
2487 3521 2635 3575 enim
2670 3531 2859 3577 nostra
2894 3537 2998 3575 non
3025 3536 3251 3586 carnea,
3298 3535 3486 3575 verum
3510 3519 3674 3589 spiri-

2090 3611 2262 3665 tualia
2293 3619 2447 3666 sunt.
2472 3610 2631 3678 Nam,
2670 3630 2689 3663 ι
2721 3611 2839 3666 Νοιι
2872 3618 3121 3667 metuero
3143 3626 3173 3665 a
3202 3609 3545 3682 myriadibus
3572 3625 3672 3680 po-

2092 3702 2348 3772 pulorum
2385 3702 2483 3773 qui
2522 3717 2609 3757 me
2646 3703 3015 3758 circumstant
3045 3705 3112 3757 '5.
3152 3722 3170 3755 ι
3216 3703 3437 3773 Loquar
3469 3702 3672 3757 etenim

2088 3796 2274 3851 lsraeli
2314 3798 2630 3851 constituta.
2667 3814 2686 3847 ι
2717 3797 2894 3866 Surge
2922 3795 3090 3866 igitur
3116 3804 3170 3851 et
3198 3810 3360 3850 serva
3393 3809 3502 3860 me,
3529 3792 3675 3849 Deus

2094 3903 2251 3942 meus
2279 3889 2347 3939 ⁸⁸.
2732 3892 2735 3893 ⁷

2163 4001 2436 4072 Principes
2467 4002 2668 4070 populi,
2689 4002 2909 4057 laudate
2940 4001 3252 4057 Dominum.
3287 4001 3392 4075 [9.]
3418 4001 3520 4058 His
3551 4019 3678 4059 ver-

2094 4094 2205 4159 bis,
2251 4113 2269 4145 ι
2313 4095 2503 4148 Divina
2537 4095 2738 4150 virtute
2809 4097 3043 4151 virtutes
3078 4095 3327 4162 edemus,
3351 4104 3407 4152 et
3440 4096 3558 4166 ipse
3582 4111 3686 4152 an-

2095 4185 2350 4241 nihilabit
2386 4193 2634 4242 tortores
2659 4195 2884 4242 nostros
2910 4186 2977 4240 '7.
3020 4204 3040 4237 ι

2178 4298 2326 4352 Vecti
2353 4299 2516 4353 mulis
2548 4299 2761 4364 nitidis,
2804 4300 2895 4370 qui
2925 4299 3227 4369 prwsidetis
3274 4300 3557 4369 tribunali,
3587 4303 3679 4373 qui

2094 4405 2187 4461 per
2218 4391 2420 4445 itinera
2472 4390 2743 4457 inceditis,
2787 4400 3042 4446 enarrate
3083 4391 3218 4446 haec.
3254 4389 3392 4465 [10.]
3416 4390 3680 4447 Potentes

2096 4481 2287 4548 Israel,
2319 4482 2520 4552 inquit,
2568 4493 2622 4537 et
2658 4483 2752 4552 qui
2793 4482 2848 4537 in
2890 4482 3091 4538 itinere
3123 4483 3325 4552 populo
3350 4483 3680 4553 praeceditis,

425 4572 664 4645 Ἰσραὴλ,
707 4576 803 4628 xui.
837 4575 1306 4646 προπορευόμενοι
1334 4577 1391 4627 ὲν
1415 4574 1521 4645 ὁδῷ
1548 4574 1640 4629 τοῦ
1698 4574 1854 4639 λαοῦ,
1898 4576 1979 4629 καλ

2096 4573 2298 4642 quique
2326 4574 2542 4644 judicio
2573 4573 2714 4629 estis
2758 4574 3030 4643 praefecti,
3068 4566 3335 4645 tanquam.
3356 4588 3523 4644 super
3564 4574 3680 4644 lyra

415 4666 510 4718 ἐπὶ
533 4666 593 4719 τὸ
614 4665 818 4736 κρίνειν
868 4668 1220 4739 τεταγμένοι,
1246 4668 1321 4732 ὼς
1349 4666 1407 4720 εν
1430 4683 1538 4721 τινι
1571 4665 1712 4739 λύρᾳ
1743 4668 1844 4738 τὴν
1873 4669 1995 4721 ἐπι-

415 4756 587 4811 νίκιον
616 4757 761 4829 ᾠδὴν
788 4758 1181 4831 ἀνακρούεσθε.

489 4869 646 4922 Ἐκεῖ
673 4868 940 4925 δώσουσι
958 4870 1359 4940 δικαιοσύνην
1382 4872 1597 4941 Κυρίῳ.
1636 4873 1788 4926 Ἐκεῖ
1805 4890 1820 4904 ο
1860 4871 1988 4939 ποῦς

424 4959 595 5015 Ἔνθα
653 4964 872 5017 πάντων
917 4947 1359 5035 εὐφραινομένων
1387 4966 1420 5034 ἡ
1449 4965 1702 5019 κατοικία
1733 4967 1792 5017 ὲν
1818 4963 1990 5035 αὐτῷ.

423 5067 445 5104 ι
468 5052 544 5104 Οὐ
578 5051 686 5122 γὰρ
719 5052 836 5108 ἔστι
856 5054 1072 5125 χαίρειν
1099 5057 1213 5119 τοϊς
1240 5055 1488 5121 ἀσεὸέσι,
1514 5073 1533 5106 ι
1574 5055 1723 5123 λέγει
1766 5054 1994 5126 Κύριος.

421 5142 533 5212 (51)
576 5143 710 5197 Οὐδὲ
759 5144 1024 5200 δώσουσιν
1086 5148 1146 5201 ὲν
1207 5146 1468 5219 συνεδρίῳ
1518 5145 1865 5218 ἁμαρτωλῶν
1917 5146 1996 5201 δι-

419 5233 714 5306 καιοσύνην
739 5236 950 5308 Κυρίῳ.
995 5257 1015 5290 ι
1050 5238 1172 5292 Ἐπὶ
1213 5238 1324 5310 γὰρ
1376 5239 1468 5295 τὸν
1509 5239 1784 5312 Ἰσραὴλὴ
1816 5257 1995 5310 μεγα-

420 5326 723 5399 λοπρέπεια
755 5329 943 5396 αὐτοῦ,
980 5331 1075 5386 καὶ
1099 5333 1131 5404 ἡ
1153 5333 1383 5405 δύναμις
1406 5332 1574 5388 αὐτοῦ
1598 5335 1659 5388 ὲν
1686 5336 1810 5398 ταῖς
1837 5335 1999 5406 νεφέ-

496 5503 788 5581 ff__Matt_h.
822 5524 937 5581 ‘xr,
989 5508 1080 5566 29.
1188 5509 1235 5544 ⁸³
1286 5508 1487 5581 Ephes.
1518 5527 1597 5581 vr,
1638 5512 1730 5566 i2.

427 5572 476 5607 ⁸⁸
504 5574 671 5632 ibid.‘
715 5579 760 5611 "
818 5572 964 5635 Psa’l.
998 5595 1119 5649 ιιι,
1149 5581 1239 5636 M.
1314 5572 1359 5614 σῖ
1419 5577 1525 5635 lsa.
1557 5572 1745 5650 imm,
1775 5582 1866 5641 2i.

1834 5512 1881 5546 “
1912 5510 2063 5574 Psal.
2102 5531 2331 5586 xxxvm,
2368 5518 2458 5574 l3.

2102 4665 2337 4735 quadam
2367 4679 2590 4721 carmen
2619 4665 2900 4721 victoriale
2932 4666 3166 4736 pulsate.

2172 4883 2260 4938 Ibi
2282 4885 2515 4941 tribuent
2534 4883 2808 4954 justitiam
2830 4882 3082 4939 Domino.
3118 4881 3258 4956 [11.]
3280 4882 3359 4939 lbi
3397 4881 3684 4949 nimirum,

2088 4976 2181 5031 ubi
2221 4979 2482 5031 omnibus
2516 4976 2838 5032 laetantibus
2871 4977 2927 5031 in
2952 4978 3075 5046 ipso
3115 4976 3276 5031 sedes
3306 4983 3412 5030 est.
3442 4993 3460 5026 ι
3497 4971 3684 5040 lmpiis

2083 5069 2230 5125 enim
2256 5085 2370 5125 non
2411 5069 2540 5125 licet
2577 5069 2842 5140 gaudere,
2880 5088 2901 5121 ›
2940 5068 3123 5137 inquit
3148 5066 3418 5122 Dominus
3459 5065 3528 5119 ⁸⁸.
3565 5063 3681 5120 Nec

2097 5161 2155 5216 in
2185 5174 2453 5217 consessu
2484 5168 2837 5232 peccaturum
2857 5160 3131 5233 justitiam
3158 5157 3391 5213 Domino
3413 5157 3681 5211 tribuent-

2107 5267 2128 5302 ι
2159 5247 2296 5304 Nam
2341 5266 2512 5321 super
2549 5250 2812 5307 lsraelem
2860 5247 3272 5320 magniﬁcentia
3321 5246 3445 5315 ejus
3478 5251 3585 5310 est,
3630 5250 3688 5299 et

2102 5340 2282 5398 virtus
2307 5341 2429 5414 ejus
2463 5341 2519 5397 in
2543 5340 2812 5399 nubibus.
2838 5338 3104 5396 Miriﬁcus
3142 5337 3276 5393 item
3299 5345 3389 5393 est
3419 5333 3687 5390 Dominus

2561 5517 2610 5552 “
2658 5515 2833 5576 Hebr.
2883 5530 3007 5584 xm,
3052 5512 3145 5571 ﬂ.
3244 5512 3293 5546 "
3322 5511 3467 5569 Psal.
3511 5526 3593 5578 ιιι,
3628 5508 3685 5564 'l.

1933 5724 2174 5787 NOTAE.

506 5824 614 5896 (5|)
650 5825 744 5881 Ἐκ
765 5829 864 5900 τῆς
891 5830 926 5886 2
977 5830 1071 5886 τοῦ
1113 5831 1285 5887 Ἰωάν.
1313 5832 1489 5889 ὲπιστ.
1518 5830 1587 5883 is.
1617 5829 1847 5902 ἐλήφθη.
