3992 6400
466 291 605 359 1059

460 502 515 557 ιι
526 505 831 574 asp/tarmen
845 508 871 560 7
886 503 1026 578 [16.]
1048 506 1185 563 Illud
1201 489 1575 579 Mosphaathan
1600 512 2035 585 interpretantur

455 594 686 664 Aquilas
704 594 946 664 quidem,
977 596 1225 663 sortium,
1280 598 1649 670 Symmachus
1683 619 1834 670 vero,
1861 609 2035 677 campi

459 684 600 738 inter
622 693 876 754 utrasque
901 686 1062 740 acies.
1088 685 1358 742 Caeterum
1379 686 1574 746 Ruben
1615 700 1806 764 utpote
1831 697 2036 766 primo-

453 776 696 842 genitus,
749 774 1137 844 magnanimus
1178 787 1411 843 est,nee
1441 794 1550 835 non
1576 783 1631 836 in
1662 785 1828 841 rebus
1853 789 2035 843 omni-

454 866 557 921 bus
608 881 799 935 sagax.
840 866 1003 932 Quod
1044 882 1179 925 sane
1212 871 1282 925 de
1322 869 1582 928 Manasse
1608 890 1828 947 quoque
1852 877 2031 934 aﬂert.

448 954 593 1021 Quid
629 955 821 1025 igitur,
853 955 1055 1026 inquit,
1086 957 1526 1026 considerantes,
1587 971 1642 1017 et
1681 974 1875 1020 exacte
1906 983 2032 1036 per-

446 1046 752 1118 pendentes
780 1050 988 1115 omnia,
1015 1048 1246 1114 sedetis,
1278 1067 1457 1122 neque
1474 1053 1542 1108 ad
1567 1070 1806 1126 pugnam
1836 1060 2031 1128 pedem

445 1138 707 1206 movetis,
757 1137 1063 1211 Rubenque
1121 1152 1274 1198 trans
1325 1141 1623 1201 Jordanem
1664 1148 2035 1206 ulciscimini?

443 1226 657 1294 Quibus
710 1230 963 1287 videlicet
1002 1233 1149 1288 satis
1194 1242 1299 1300 est,
1348 1235 1395 1289 si
1418 1246 1633 1293 vestras
1668 1254 2032 1301 conservave-

441 1321 570 1376 ritis
598 1330 799 1379 sortes.
817 1322 1127 1379 Praesertim
1146 1340 1275 1382 vero
1306 1342 1434 1382 eum
1454 1329 1743 1385 victoriam
1774 1332 2028 1404 videatis;

440 1414 732 1468 convenite
775 1428 910 1469 vero
972 1430 1067 1471 eos
1111 1416 1206 1488 qui
1239 1418 1400 1475 vobis
1442 1418 1559 1476 haec
1597 1423 1944 1492 renuntiant,
1978 1436 2033 1483 et

438 1504 494 1558 in
520 1504 694 1558 aciem
730 1513 1061 1573 provocant.
1554 1560 1559 1565 ,

509 1592 669 1662 502
689 1591 875 1664 Magni
896 1604 1218 1651 scrutatores
1244 1597 1442 1663 cordis,
1457 1596 1672 1655 Galaad
1687 1602 1823 1657 citra
1841 1603 2032 1662 larda.

436 1700 550 1736 nem
570 1685 785 1753 quievit.
837 1682 926 1757 [V,
958 1683 1068 1759 17.]
1097 1686 1213 1741 Sita
1242 1696 1327 1743 est
1360 1688 1565 1744 Gaiaad
1600 1707 1630 1746 a
1671 1701 1826 1765 tergo
1862 1694 2029 1753 Ριιωο

1803 303 2159 367 PROCOPII
2192 307 2437 370 GALEI
2462 358 2467 364 .

533 411 713 467 Ruben
740 413 917 482 magni
960 413 1245 469 decretarii
1287 415 1487 482 cordis,
1520 434 1675 472 eccur
1729 420 1877 477 sedes
1909 423 2045 479 inter
2074 430 2120 483 Α

3602 325 3761 391 Ιοῦθ

2231 427 2489 498 Ῥουϐὴν
2513 430 2767 501 μεγάλοι
2798 434 3157 507 ἀκριϐασμοί
3197 441 3450 509 καρδίας
3474 483 3493 512 ,
3534 445 3642 499 ἵνα
3690 448 3761 501 τι

2131 535 2236 587 μοι
2261 519 2525 589 κάθησαι
2549 524 2863 594 ἀναμέσων
2892 527 3011 583 τῶν
3038 531 3437 600 Μοσφαιθάν;
3474 536 3550 588 Τὸ
3582 538 3756 591 Μοσ-

2120 609 2339 689 ὶφαιθὰν
2382 613 2805 684 ἑρμηνεύουσιν,
2853 618 3082 684 Ἀκύλας
3116 623 3238 692 μὲν,
3284 623 3406 679 τῶν
3455 628 3751 698 κλήρων,

2135 700 2433 773 Σύμμαχος
2482 704 2561 774 δὲ,
2611 707 2730 762 τῶν
2776 712 3166 781 μεταιχμίωγ.
3226 715 3284 767 ’0
3319 717 3378 770 δὲ
3429 718 3671 790 Ῥουὸὴν
3720 724 3754 774 ὁ

2136 793 2482 860 πρωτότοκος
2517 797 2879 870 μεγαλόφρων
2911 803 3050 866 ἐστὶ,
3094 805 3187 857 καὶ
3229 806 3405 871 ἄλλως
3436 810 3569 875 ὀξὺς
3606 814 3749 883 περὶ

2132 884 2201 938 τὰ
2227 886 2555 955 πράγματα.
2598 890 2777 963 Ὅπερ
2812 893 3062 966 ἐπιφέρει
3086 899 3185 952 καὶ
3220 917 3285 952 πε
3297 904 3351 967 pi
3377 902 3475 982 eo?
3507 906 3748 958 Μανασ-

2135 977 2226 1048 σῆ.
2250 979 2315 1033 Τί
2345 976 2460 1046 οὖν,
2496 985 2652 1053 φησὶ,
2695 988 3030 1053 σκοποῦντες
3062 991 3159 1043 καὶ
3206 976 3743 1065 ἀχριὸολογούμενοι

2133 1070 2401 1141 κάθησθε,
2434 1076 2511 1143 μὴ
2545 1074 2682 1145 πρὸς
2718 1077 2820 1147 τὴν
2853 1079 3034 1149 μάχην
3060 1081 3398 1151 κινούμενοι,
3450 1090 3594 1156 μηδὲ
3624 1092 3739 1153 τοῖς

2132 1163 2260 1232 περὶ
2293 1164 2383 1216 τὸν
2425 1166 2652 1238 Ῥουόὴν
2707 1170 2881 1240 πέραν
2929 1172 3024 1225 τοῦ
3056 1173 3328 1244 Ἰορδάνου
3386 1179 3741 1246 μηνύοντεςς

2130 1252 2455 1320 ἀγαπῶντες
2505 1257 2554 1309 εί
2614 1258 2743 1321 τοὺς
2795 1260 2961 1324 ἰδίους
3007 1263 3283 1334 φυλάξητε
3312 1267 3575 1336 κλήρους.
3618 1272 3743 1324 Καὶ

2130 1342 2303 1398 ταῦτα
2327 1343 2426 1414 τὴν
2450 1345 2609 1417 νίκην
2644 1347 2873 1411 ἰδόντες·
2908 1351 3084 1404 δεῖσθε
3108 1352 3163 1404 δὲ
3198 1354 3306 1406 τῶν
3339 1360 3741 1426 σημαινόντων

2131 1435 2281 1505 ύμῖν,
2310 1437 2404 1489 καὶ
2430 1437 2739 1492 καλούντων
2777 1440 2859 1502 είς
2890 1441 2990 1512 τὴν
3019 1444 3347 1514 παράταξιν.

2188 1611 2449 1681 Marium
2470 1613 2848 1685 ἐξιχνιασμοὶ
2870 1619 3139 1687 καρδίας.
3154 1589 3404 1677 Γαλαὰδ
3424 1625 3494 1678 ἐν
3513 1624 3595 1690 τῷ
3617 1626 3728 1680 πέρ

2120 1718 2244 1769 ραν
2264 1702 2369 1756 τοῦ
2398 1703 2701 1772 Ἰορδάνου
2734 1708 3189 1774 κατεσκήνωσε.
3219 1712 3413 1765 Κείται
3441 1715 3472 1782 ἡ
3503 1714 3539 1764 Γ
3541 1714 3723 1767 αλχάδ

436 1780 589 1831 uices
622 1786 677 1832 et
699 1777 936 1845 Arabia,
969 1780 1349 1852 contingitque
1371 1780 1672 1841 Libanum.
1728 1785 2004 1845 Protendil

2121 1793 2214 1844 ἐπὶ
2233 1794 2301 1846 τὰ
2325 1794 2468 1848 νῶτα
2494 1799 2593 1868 τῆς
2609 1798 2864 1868 Φοινίκης
2895 1801 2988 1852 καὶ
3005 1803 3103 1871 τῆς
3120 1802 3386 1872 Ἀραϐίας
3407 1820 3418 1833 ⁸
3433 1777 3519 1857 καὶ
3539 1806 3713 1858 συνάὲ

434 1872 565 1920 vero
582 1882 639 1921 se
663 1883 758 1938 per
774 1868 1072 1937 desertum,
1089 1871 1155 1926 ad
1184 1872 1343 1926 finem
1360 1873 1480 1941 ejus
1503 1890 1667 1945 supra
1691 1874 2008 1937 Iordanem.

433 1957 492 2012 In
526 1974 630 2028 qua
669 1959 934 2014 habitavit
968 1960 1111 2016 Seon
1139 1962 1660 2033 Amorrhaeus.Quae
1678 1977 1826 2024 sorte
1846 1982 2014 2028 cessn

428 2056 649 2111 duabus
673 2057 919 2111 dimidiis
939 2057 1216 2113 tribubus.
1245 2058 1321 2115 De
1351 2075 1457 2129 qua
1488 2061 1542 2116 in
1571 2062 1848 2121 Jeremia:
1885 2086 1903 2117 ‹
1928 2066 2011 2122 Tu

428 2146 560 2200 mihi
592 2147 926 2217 principium
960 2146 1153 2203 Libani
1175 2149 1244 2216 ⁷⁸,
1281 2168 1300 2201 ι
1337 2150 1547 2206 dictum
1572 2160 1678 2209 est.
1720 2154 1816 2210 Est
1845 2171 2012 2227 porro

424 2255 585 2294 utens
623 2255 843 2309 quoque
883 2239 1114 2308 Galaad,
1146 2249 1202 2296 et
1257 2243 1461 2299 civitas
1495 2246 1740 2315 ejusdem
1770 2250 2011 2306 nominis

423 2343 593 2397 super
655 2345 742 2384 eo.
798 2328 974 2396 Quam
1039 2331 1108 2386 ab
1134 2332 1460 2389 Amorrhmo
1534 2338 1750 2408 accepit
1797 2338 2008 2396 Galaad

424 2421 571 2474 lilius
624 2418 858 2487 Machir,
912 2436 1084 2492 nepos
1122 2421 1420 2481 Manassis.
1452 2425 1548 2482 Isti
1592 2428 1782 2499 igitur,
1804 2431 2004 2501 inquit,

422 2512 615 2579 procul
660 2520 813 2566 trans
869 2509 1166 2567 Iordanem
1201 2514 1415 2583 sedent,
1461 2530 1586 2571 cum
1619 2520 1799 2575 adhuc
1832 2522 2006 2590 pluri-

422 2617 569 2654 mum
601 2609 762 2656 terrae
803 2602 945 2656 intra
974 2600 1274 2658 Iordanem
1323 2617 1549 2675 possent
1582 2623 1803 2677 capere.
1832 2612 2008 2667 Inter-

420 2694 627 2761 pretari
655 2707 788 2748 vero
816 2694 945 2750 licet
971 2693 1202 2762 Galaad,
1248 2698 1586 2768 migrationis
1622 2703 2002 2760 testimonium.

419 2783 620 2839 Eorum
686 2785 857 2856 igitur
900 2787 997 2857 qui
1040 2788 1097 2842 in
1161 2796 1313 2844 terra
1369 2790 1645 2857 habitant,
1674 2803 1729 2848 et
1777 2794 2007 2851 advenae

418 2886 568 2938 sunt,
602 2891 813 2946 magna:
850 2877 1039 2933 cordis
1078 2882 1473 2938 scrutationes.
1520 2882 2006 2942 Transcenderunt

416 2963 563 3018 enim
595 2979 813 3019 omnem
855 2968 1134 3024 carnalem
1188 2972 1612 3041 cogitationem.

2115 1884 2337 1954 πτειτῷ
2358 1886 2596 1958 Λιϐάνῳ,
2616 1889 2707 1941 καὶ
2734 1891 3056 1955 παρατείνει
3073 1891 3160 1944 διὰ
3179 1892 3281 1960 τῆς
3305 1893 3510 1964 ἐρήμου
3544 1896 3717 1965 μέχρι

2113 1970 2217 2042 τῆς
2270 1974 2411 2045 ὑπὲρ
2456 1974 2549 2027 τὸν
2584 1976 2860 2047 Ἰορδάνην
2918 1979 3213 2051 Πετραίας.
3265 1976 3418 2055 Ἐνῇ
3464 1982 3720 2053 κατῴκει

2114 2064 2308 2118 Σιὼνὺ
2339 2066 2691 2139 Ἀμορραῖος.
2736 2072 2838 2123 Ἢν
2896 2070 3283 2141 ἐκληρώσαντο
3332 2077 3387 2127 αἱ
3439 2075 3534 2128 δύο
3583 2077 3725 2148 ἠμί-

2115 2171 2228 2219 σεις
2265 2156 2455 2224 φυλαί.
2492 2161 2599 2211 Καὶ
2620 2161 2677 2213 ὲν
2727 2159 2967 2232 Ἱερεμίᾳ
3009 2161 3086 2226 δὲ,
3136 2180 3157 2214 ‹
3195 2161 3266 2216 Σύ
3298 2183 3388 2234 μοι
3432 2166 3582 2236 ἁρχὴ
3614 2168 3717 2221 τοῦ

2112 2247 2369 2312 Λιϐάνου,
2411 2268 2428 2300 ι
2483 2250 2723 2321 εἴρηται.
2760 2251 2917 2304 Ἔστι
2947 2252 3005 2306 δὲ
3059 2256 3152 2307 καὶ
3185 2254 3309 2325 ὄρος
3342 2255 3583 2319 Γαλαὰδ,
3618 2261 3720 2312 καὶ

2112 2340 2268 2405 πόλις
2292 2341 2582 2414 ὁμώνυμος
2614 2344 2703 2397 ἐπ’
2731 2344 2915 2415 αὐτῷ’
2943 2346 3010 2416 ἣν
3035 2345 3226 2400 ἐλαϐεν
3254 2348 3362 2401 ἀπὸ
3382 2349 3478 2401 τοῦ
3503 2349 3725 2423 Ἀμολί-

2113 2432 2270 2504 ῥαίου
2313 2435 2527 2488 Γαλαὰδ
2557 2435 2672 2499 υἱὸς
2693 2437 2912 2508 Μαχεὶρ
2946 2438 3062 2492 υἱοῦ
3081 2440 3374 2509 Μανασσῆ.
3395 2435 3561 2495 Οὗτοι
3588 2439 3712 2509 οὖν,

2111 2527 2265 2595 φησὶ,
2301 2527 2491 2598 πόρρω
2521 2529 2839 2583 κατοικοῦσι
2868 2531 3046 2601 πέραν
3075 2531 3172 2584 τοῦ
3222 2533 3514 2603 Ἰορδάνου,
3542 2535 3709 2589 δυνά-

2112 2636 2267 2688 μενοι
2297 2623 2397 2690 τῆς
2431 2621 2582 2685 ἐντὸς
2617 2622 2818 2692 πολλὴν
2842 2624 2983 2691 ἄγαν
3009 2624 3170 2678 ἑλεῖν.
3210 2624 3613 2696 Ἐρμηνεύεται
3641 2630 3699 2681 δὲ

2107 2711 2338 2775 Γαλαὰδ,
2352 2717 3065 2785 μετοικησίαςμαρτυρία.
3088 2715 3207 2770 Τῶν
3233 2714 3326 2771 οὖν
3356 2721 3689 2789 σκηνούντων

2106 2802 2201 2856 καὶ
2231 2804 2642 2872 παροικούντων
2666 2805 2725 2857 ἐν
2755 2808 2819 2876 τῇ
2852 2808 2922 2877 γῇ
2970 2807 3197 2877 μεγάλοι
3252 2807 3355 2875 τῆς
3387 2810 3611 2880 καρδίας
3642 2811 3695 2863 οἱ

2105 2892 2467 2963 ὲξιχνιασμοί.
2506 2895 3062 2966 ’Υπεραναϐεσήκασι
3102 2898 3215 2968 γὰρ
3261 2900 3441 2953 πᾶσαν
3480 2902 3693 2957 ἔννοιαν

2107 2988 2404 3055 σαρκικήν.

2180 3072 2289 3128 Καὶ
2340 3074 2461 3129 Δὰν
2510 3078 2600 3141 είς
2649 3077 2704 3131 τί
2747 3078 3025 3145 παροικεῖ
3079 3080 3349 3148 amotam;
3393 3083 3523 3150 Φησὶ
3554 3082 3675 3153 γὰρ

468 3075 610 3129 Dan
627 3092 732 3182 Icur
752 3078 892 3145 apud
915 3096 1070 3136 naves
1110 3082 1255 3137 sedet
1272 3084 1298 3138 .9
1319 3092 1425 3139 etc.
1457 3083 1651 3140 Tradit
1679 3087 1823 3143 enim
1844 3088 2000 3146 Jose-
2026 3125 2068 3182 ο

416 3166 582 3236 phus,
627 3165 896 3225 lsraelitis
952 3171 1008 3226 in
1041 3172 1317 3244 ignaviam
1371 3174 1616 3247 delapsis
1655 3178 1997 3238 Chananaeos

2108 3167 2367 3237 Ἰώσηπος
2420 3170 2556 3241 (56),
2616 3173 2694 3235 ὡς
2756 3172 2863 3226 τῶν
2924 3173 2985 3239 ἐξ
3035 3173 3249 3244 Ἰσραὴλ
3298 3177 3688 3230 ἀναπεσόντων

413 3264 633 3327 sumpto
696 3259 885 3316 animo
914 3275 1146 3332 magnas
1192 3267 1595 3336 conscripsisse
1643 3271 1854 3341 copias,
1880 3284 1934 3328 et
1966 3288 1996 3328 a

2108 3262 2181 3325 εἰς
2229 3261 2531 3333 ρᾳθυμίαν,
2565 3265 2616 3317 οἱ
2672 3267 2970 3320 Χαναναῖοι
3008 3265 3400 3338 θαρρήσαντες,
3433 3269 3532 3320 καὶ
3574 3286 3697 3321 πα-

412 3353 561 3408 tribu
591 3353 814 3424 quidem
865 3355 1029 3422 Juda,
1060 3359 1300 3415 Asealon
1341 3368 1397 3416 et
1432 3363 1708 3431 Accaron,
1747 3366 1996 3437 aliasque

2108 3355 2572 3426 ρασκευασάμενοι
2619 3358 2863 3428 μεγάλας
2903 3358 3205 3430 δυνάμεις,
3249 3360 3344 3429 τῆς
3389 3360 3485 3430 μὲν
3514 3360 3698 3416 Ἰούδα

410 3443 614 3499 multas
649 3444 708 3499 in
746 3459 945 3515 campo
976 3448 1287 3518 explicatas
1344 3451 1511 3507 nrbes
1557 3455 1852 3523 avulsisse,
1888 3456 1994 3511 Da-

408 3535 555 3591 nitas
604 3550 734 3591 vero
774 3536 827 3590 in
862 3547 1109 3594 montem
1171 3539 1474 3612 confugere
1520 3544 1795 3616 adegisse,
1829 3562 1892 3603 ac
1922 3548 1991 3606 iis

406 3625 625 3695 quidem
691 3626 762 3682 de
791 3642 989 3698 campo
1018 3630 1158 3685 nihil
1204 3631 1518 3702 reliquisse.
1562 3634 1738 3692 Porro
1761 3655 1858 3709 per
1890 3656 1989 3696 ex-

404 3715 712 3784 ploratores
781 3718 1027 3787 quinque
1074 3720 1302 3789 cognito
1361 3723 1508 3791 quod
1554 3733 1701 3780 terra
1732 3743 1988 3799 atnagno

405 3805 628 3861 Sidonis
661 3823 859 3878 eampo
893 3809 1038 3864 bona
1069 3824 1135 3866 ae
1165 3811 1451 3869 fructuosa
1484 3825 1654 3881 esset,
1674 3832 1799 3871 cum
1821 3835 1985 3875 exer-

400 3898 512 3952 citu
563 3901 865 3969 eruptione
922 3900 1092 3969 facta,
1126 3904 1319 3959 urbem
1398 3906 1599 3962 ibidem
1648 3908 1815 3965 tribui
1870 3911 1984 3968 Dan

399 3989 782 4058 cognominem
853 4003 1202 4063 comparant.
1263 3992 1491 4050 Vicinize
1532 3997 1717 4068 itaque
1759 4001 1985 4058 nomine

400 4080 660 4149 probrum
708 4081 762 4135 in
795 4082 972 4151 ipsam
1009 4084 1284 4140 redundat
1310 4103 1559 4159 quoque.
1608 4089 1982 4156 Quemadmo-

396 4171 527 4225 dum
556 4172 978 4243 lsraeliquoque
997 4174 1231 4232 dicitur:
1268 4197 1286 4230 ι
1334 4178 1475 4246 Quid
1515 4182 1613 4237 tibi
1647 4184 1751 4248 vis,
1776 4182 1971 4254 Israel,

395 4259 540 4327 quod
575 4260 628 4314 in
660 4270 806 4317 terra
842 4261 1088 4319 hostium
1119 4269 1486 4324 eonsistis“?
1529 4290 1549 4325 ι
1590 4271 1646 4326 Si
1680 4276 1829 4330 enim
1868 4276 1980 4334 Deo

393 4351 779 4418 adhaesissent,
840 4353 957 4410 haec
1015 4357 1210 4428 utique
1284 4376 1393 4416 non
1446 4363 1763 4419 evenissent
1844 4367 1975 4426 illis.

398 4441 735 4498 Vaticinatur
769 4460 899 4500 vero
930 4446 998 4502 de
1026 4449 1191 4505 rebus
1223 4462 1413 4521 postea
1456 4457 1765 4512 eventuris.

460 4552 592 4606 Aser
617 4554 751 4608 sedit
782 4555 837 4609 in
864 4557 1094 4615 statione
1114 4561 1326 4615 navium
1360 4566 1501 4627 apud
1543 4563 1694 4619 littus
1720 4570 1973 4636 marium,

388 4645 512 4698 etin
559 4647 796 4714 rupturi:
818 4650 928 4703 suis
952 4652 1173 4705 mansit.
1228 4651 1473 4710 Zabulon
1506 4659 1730 4726 populus
1774 4659 1975 4727 deqovit

389 4737 544 4790 vitam
569 4753 722 4791 suam
756 4740 811 4793 in
852 4751 1096 4796 mortem.
1133 4740 1272 4817 [|8.]
1328 4746 1475 4801 Colit
1532 4751 1678 4804 enim
1718 4754 1915 4808 vallem
1942 4771 1971 4810 a

386 4824 659 4895 Carmelo,
690 4828 1006 4898 cujusmodi
1036 4824 1150 4887 tota
1187 4846 1332 4890 terra
1375 4839 1567 4894 Sidoni
1607 4841 1841 4899 obversa
1862 4853 1966 4901 est.

385 4914 627 4972 Zabulon
662 4933 790 4973 vero
823 4927 1026 4974 terram
1048 4938 1224 4994 usque
1244 4924 1311 4979 ad
1337 4926 1517 4982 lacum
1553 4930 1962 4999 Gennezareth,

311 5054 319 5062 ,
380 5019 546 5073 supra
582 5004 899 5063 Carmelum
927 5018 982 5064 et
1040 5026 1195 5067 mare
1247 5018 1653 5084 prominentem
1681 5033 1765 5078 est
1794 5027 1961 5080 sorti-

377 5103 489 5147 tus.
543 5095 802 5153 Ostendit
854 5098 1029 5170 igitur
1101 5112 1324 5173 propter
1379 5105 1473 5160 Dei
1536 5110 1843 5181 neglectum
1905 5117 1958 5171 in

379 5198 672 5254 angustum
731 5191 927 5260 copias
992 5193 1236 5262 ipsorum
1287 5207 1511 5254 coactas
1565 5215 1713 5266 esse,
1766 5206 1957 5272 paula-

379 5280 585 5346 timque
613 5292 642 5333 a
664 5279 993 5338 Chanameis
1018 5299 1083 5340 ac
1117 5286 1318 5342 vicinis
1357 5292 1611 5360 gentibus
1642 5296 1952 5364 compilari.

441 5449 487 5485 τ’
535 5452 738 5515 Jerem.
772 5475 911 5526 χχιι,
967 5463 1021 5519 6.
1099 5465 1145 5496 ⁸⁰
1190 5466 1431 5523 Barueh.
1478 5485 1558 5549 ιιι,
1590 5469 1681 5525 10.

2084 3445 2269 3517 ’φυλῆς
2292 3448 2392 3517 τὴν
2430 3447 2755 3503 Ἀσκάλωνα
2779 3450 2874 3504 καὶ
2912 3450 3202 3521 Ἀκκαρὼν
3238 3453 3696 3523 παρεσπάσαντο,

2092 3537 2259 3601 ἄλλας
2322 3557 2382 3592 τε
2437 3542 2495 3595 ἐν
2545 3540 2624 3611 τῷ
2668 3541 2836 3613 πεδίῳ
2890 3542 3123 3605 πολλάς·
3161 3544 3289 3608 τοὺς
3346 3545 3405 3597 δὲ
3455 3546 3696 3608 Δανίτας

2091 3630 2173 3692 εἰς
2202 3629 2263 3682 τὸ
2290 3628 2416 3701 ὅρος
2438 3631 2762 3701 ἠνάγκασαν
2791 3635 3125 3703 συμφυγεῖν,
3158 3634 3252 3688 τοῦ
3288 3634 3480 3688 πεδίου
3514 3652 3686 3689 κατα-

2090 3721 2341 3786 λιπόντες
2361 3722 2572 3786 τούτοις
2591 3724 2766 3778 οὐδὲν.
2791 3725 2893 3778 Διὰ
2914 3726 3077 3780 πέντε
3104 3726 3161 3780 δὲ
3182 3728 3557 3782 κατασκόπων
3579 3745 3672 3795 μα-

2089 3813 2274 3878 θόντες
2296 3814 2400 3884 γῆν
2427 3815 2640 3887 ἀγαθὴν
2671 3811 2813 3871 εἶναι
2842 3819 2940 3872 καὶ
2960 3819 3254 3891 πάμφορον
3274 3822 3421 3874 κατὰ
3451 3821 3515 3874 τὸ
3540 3821 3669 3890 μέγα

2087 3903 2274 3958 πεδίον
2306 3904 2534 3969 Σιδῶνος
2556 3907 2892 3979 ὁρμηθέντες
2912 3911 3152 3981 στρατῷ,
3179 3911 3465 3976 κτίζουσιν
3488 3912 3673 3966 αὐτόθι

2085 3992 2241 4045 πόλιν
2262 3993 2369 4046 Δάν
2398 3995 2689 4065 ὁμώνυμον
2717 4000 2783 4068 τῇ
2817 3998 2983 4071 φυλῇ.
3010 4000 3362 4066 Ὀνειδίζεται
3388 4001 3570 4055 τοίνυν
3595 4001 3672 4065 ὡς
3718 4002 3723 4005 ⁷

2085 4082 2387 4152 παροικῶν.
2408 4083 2494 4148 Ὧς
2523 4086 2616 4139 καὶ
2643 4087 2721 4158 τῷ
2752 4088 2973 4159 Ἰσραὴλ
3010 4089 3228 4159 λέγεται
3247 4108 3261 4122 ο
3288 4111 3306 4143 ι
3331 4093 3396 4145 Τί
3419 4094 3536 4147 ὲστί
3566 4111 3667 4157 σοι,

2095 4174 2336 4246 Ἰσραὴλ,
2369 4177 2450 4231 ὅτι
2478 4179 2536 4232 ὲν
2585 4181 2659 4249 γῇ
2688 4181 3062 4253 ,τῶνηὲχθρῶν
3097 4178 3179 4251 si;
3216 4203 3235 4235 ι
3270 4185 3332 4237 Εί
3366 4186 3474 4257 γὰρ
3526 4183 3668 4257 ἦσαν

2084 4265 2221 4337 μετὰ
2241 4266 2398 4335 Θεοῦ,
2427 4268 2604 4323 ταῦτα
2629 4271 2730 4325 οὐκ
2760 4271 3016 4345 ἔπασχον.
3046 4277 3427 4348 Παραγγέλλει
3450 4279 3507 4332 δὲ
3536 4296 3663 4349 προ-

2079 4357 2329 4428 φητικῶς
2354 4359 2415 4414 τὸ
2448 4361 2676 4432 ὕστερον
2705 4366 3094 4437 γενησόμενον.

2150 4568 2396 4635 Πλοίοις
2423 4570 2613 4637 Ἀσὴρ
2663 4573 2988 4642 παρῴκησε
3038 4579 3177 4644 παρ’
3212 4579 3502 4645 αἰγιαλῶν
3551 4584 3660 4636 θα⁸

2076 4660 2352 4726 λασσῶν,
2388 4663 2489 4716 καί
2518 4665 2617 4718 ἐπὶ
2647 4669 2752 4731 τὰς
2776 4668 3031 4736 δικοπὰς
3056 4672 3243 4725 αὑτοῦ
3277 4675 3659 4741 κατεσκήνω-

2073 4767 2151 4805 σε
2185 4754 2524 4812 Ζαϐουλὼν.
2560 4759 2717 4824 Λαὸς
2772 4759 3046 4817 ὠνείδισε
3099 4764 3313 4834 ψυχὴν
3351 4763 3537 4819 αὐτοῦ
3568 4768 3659 4832 εἰς

2070 4844 2351 4898 θάνατον.
2372 4847 2692 4919 Ἀσσηρῖται
2716 4852 2824 4923 γὰρ
2848 4854 2945 4923 τὴν
2967 4854 3073 4907 ἀπὸ
3095 4856 3188 4908 τοῦ
3215 4856 3514 4924 Καρμήλου
3544 4873 3661 4907 κοιο

2065 4933 2200 4988 λὰδα
2228 4953 2241 4965 ·
2276 4938 2501 5011 τοιαύτη
2530 4941 2639 5009 γὰρ
2673 4943 2823 4995 πᾶσα
2848 4946 2879 5014 ὴ
2908 4946 3000 4997 ἐπὶ
3020 4945 3249 5010 Σιδῶνος
3277 4948 3659 5017 τετραμμένη)

2068 5030 2469 5101 κεκλτήρωνται.
2508 5034 2797 5089 Ζαὸουλὼν
2827 5036 2904 5101 δὲ,
2945 5036 3042 5108 τὴν
3080 5038 3241 5107 μέχρι
3272 5038 3661 5110 Γεννησαρίτι-

2066 5119 2156 5184 δος
2189 5122 2409 5192 λίμνης,
2443 5125 2796 5195 καθήκουσαν
2828 5126 2886 5180 δὲ
2924 5129 3065 5199 ὑπὲρ
3105 5129 3404 5199 Κάρμηλον
3436 5130 3527 5182 καὶ
3557 5132 3660 5183 θά-

2066 5214 2289 5281 λατταν,
2323 5216 2536 5288 ἔλαχον.
2569 5219 2852 5274 Δείκνυσιν
2886 5216 2982 5274 οὖν
3008 5262 3022 5287 ,
3056 5220 3129 5284 ὡς
3162 5222 3252 5275 διὰ
3285 5221 3379 5292 τὴν
3408 5225 3488 5286 εἰς
3519 5223 3659 5276 Θεὸν

2066 5306 2380 5376 παράϐασιν
2431 5309 2779 5381 συνήχθησαν
2833 5314 2913 5375 είς
2974 5313 3179 5380 στενὸν,
3232 5315 3657 5383 παρασπῶντων

1890 5610 2123 5667 NOTAE.

446 5700 559 5779 (56)
602 5710 785 5785 Ἑντῴ
817 5716 943 5784 περὶ
967 5717 1216 5772 Ὶουδαῖκ.
1267 5721 1515 5792 ἁρχαιολ.
1545 5724 1578 5777 5
1613 5742 1735 5792 κεφ.
1793 5725 1886 5779 τοῦ
1912 5728 1944 5780 5
1987 5728 2134 5797 βιϐλ.
