3992 6410
355 263 515 330 ⁸1061

1484 230 2022 325 COMMEXTARII
2064 265 2147 325 IN
2188 265 2527 329 JUDICES.

3530 270 3669 338 1062

380 380 581 444 αὐτοὺς
604 380 746 435 κατὰ
783 379 982 453 μικρὸν
1004 380 1111 435 τῶν
1148 377 1509 444 Χαναναίων,
1560 378 1657 432 καὶ
1692 377 1803 431 τῶν
1837 378 1973 449 πλη-

2089 381 2135 436 ld
2163 383 2311 437 enim
2345 394 2430 439 est
2491 384 2636 454 quod
2669 384 2840 441 dicit:
2881 404 2899 438 ι
2930 384 3175 457 Populus
3223 387 3464 443 animam
3505 406 3665 444 suam

383 474 500 528 σίον
552 473 743 528 ἐθνῶν.
777 474 877 529 Διὰ
926 474 1085 528 τοῦτο
1135 474 1245 544 γάρ
1277 489 1452 545 φησι·
1488 491 1506 524 ι
1549 472 1690 536 Λαὺς
1729 471 1975 526 ὠνείδισε

379 566 560 636 ψυχὴν
590 564 758 619 αὐτοῦ
786 567 864 631 εἰς
890 564 1143 620 θάνατον.
1183 584 1205 617 ι

454 654 566 708 Καὶ
594 655 685 707 τὸν
723 654 1015 725 Νεφθαλὶμ
1048 654 1107 708 δέ
1139 670 1306 724 φησιν
1329 653 1423 706 ἐπὶ
1455 653 1522 706 τὰ
1570 650 1681 723 ὕψη
1727 652 1830 722 τῆς
1864 651 1974 723 χώ-

380 762 485 817 ρας
516 748 730 814 φυγεῖν,
762 745 1141 801 καταλιπόντα
1165 746 1263 818 τὴν
1296 744 1433 800 ἰδίαν
1450 744 1673 819 μερίδα.

453 837 585 889 Ὅτε
634 836 767 907 γὰρ,
816 838 1005 908 φησὶν,
1067 832 1212 892 εἶδον
1240 837 1340 908 τὴν
1373 835 1704 889 ταπείνωσιν
1734 833 1973 906 Ἰσραὴλ,

376 925 760 997 θαρρήσαντες
803 928 854 980 οἱ
903 926 1130 981 Χαναὰν
1162 926 1562 999 παρετάξαντο.
1593 925 1705 979 Καὶ
1738 925 1893 995 ἡμῶν
1919 924 1976 977 δὲ

373 1016 609 1079 ἕκαστος
641 1017 916 1071 ταπεινῶν
946 1017 1137 1071 ἑαυτὸν
1168 1018 1257 1072 διὰ
1278 1018 1378 1089 τῆς
1419 1016 1716 1090 ἁμαρτίας,
1764 1017 1979 1087 ὑποχεί-

376 1125 496 1180 ριος
520 1111 635 1171 τοῖς
654 1108 873 1181 δαίμοσι
904 1110 1141 1179 γίνεται.

461 1201 559 1253 Ἐν
587 1203 820 1270 Θεννὰχ
848 1202 948 1255 ἐπὶ
996 1202 1220 1266 ὕδατος
1247 1198 1558 1273 Μαγεδδώ.
1611 1201 1724 1270 Τὴν
1765 1199 1977 1271 Θεννὰχ

368 1291 477 1362 οὐχ
505 1285 653 1346 εἷλεν
689 1293 724 1363 ἠ
749 1292 893 1363 φυλὴ
922 1293 1190 1365 Μανασσῆ
1216 1309 1231 1323 ’
1275 1294 1359 1347 ὃτι
1376 1296 1470 1367 ’μὴ
1495 1294 1621 1356 τοὺς
1640 1291 1978 1362 ἀλλοφύλους

367 1382 585 1454 ταύτης
625 1384 961 1455 μετέστησεν
1006 1382 1140 1439 ἔνθα
1192 1384 1428 1455 συνέστη
1481 1386 1510 1441 ὁ
1541 1382 1782 1453 πόλεμος
1839 1381 1978 1453 πρὸς

366 1475 470 1529 τὸν
504 1474 732 1544 Σισάρα.
772 1474 954 1547 Κώμη
991 1476 1048 1530 δὲ
1088 1476 1183 1529 νῦν
1232 1477 1351 1530 ἐστι
1411 1476 1647 1546 μεγίστη
1690 1474 1978 1544 ἀπέχουσα

367 1566 479 1635 τῆς
508 1566 792 1635 Λεγεῶνος
844 1567 1095 1637 σημείοις
1126 1565 1198 1636 γ’.
1248 1565 1363 1620 Kal.
1411 1564 1681 1634 Μαγεδδὼ
1712 1564 1769 1618 δὲ
1804 1563 1979 1634 φυλῆς

368 1655 572 1725 γέγονε
605 1656 901 1726 Μανασσῆ,
941 1657 1012 1726 ἢν
1040 1650 1187 1710 εἷλεν
1210 1655 1446 1727 Ἰησοῦς,
1493 1654 1587 1709 τὸν
1623 1652 1850 1725 βασιλέα
1886 1652 1978 1705 τὸν

2080 473 2276 530 mortis
2309 473 2512 545 objecit
2551 477 2779 547 prebro.
2820 496 2838 529 ι
2924 554 2933 561 ι

2151 646 2323 704 Porro
2368 648 2717 719 Neplttltalitn
2779 668 2876 707 sua
2906 652 3081 723 ipsius
3142 663 3300 725 parte
3348 655 3571 712 deserta
3609 656 3666 713 in

2077 740 2298 796 excelsa
2324 741 2564 809 regionis
2603 741 2924 813 confugisse
2968 744 3166 814 inquit.

2150 830 2288 886 Cum
2317 832 2465 886 enim
2502 832 3001 904 viderunt,inquit,
3027 836 3466 892 ltutuiliationcm
3485 837 3666 894 Israe-

2080 916 2172 980 lis,
2205 916 2409 973 ﬁducia
2438 930 2706 989 concepta
2726 921 3026 976 Chananaei
3050 923 3435 978 instruxerunt
3466 929 3663 980 aciem.

2077 1008 2155 1062 Ac
2184 1018 2436 1063 nostrum
2450 1024 2583 1063 sane
2600 1010 2783 1078 quivis
2804 1010 2897 1080 qui
2922 1025 2980 1064 se
3018 1010 3123 1065 sub
3150 1012 3667 1082 peccatumabjlcit,

2080 1098 2336 1153 subditus
2368 1097 2425 1151 [it
2450 1098 2786 1154 (bemonum.

2153 1188 2221 1244 In
2248 1189 2489 1242 Thenaclt
2521 1188 2590 1242 ad
2615 1206 2782 1259 aquas
2810 1188 3092 1261 Magedda.
3125 1192 3217 1265 [V,
3248 1192 3363 1267 i9.]
3397 1193 3659 1249 Tbcnach

2080 1296 2193 1335 non
2223 1280 2369 1349 cepit
2393 1278 2656 1355 Manasse
2704 1282 2908 1347 tribus,
2948 1285 3210 1353 quoniam
3261 1294 3481 1340 exteros
3511 1302 3573 1339 ex
3603 1302 3667 1340 ea

2082 1389 2194 1427 non
2224 1372 2416 1443 exigit,
2471 1374 2560 1426 ubi
2618 1373 2823 1429 bellum
2879 1384 3072 1429 contra
3146 1376 3333 1432 Sisera
3387 1378 3666 1432 constitit.

2078 1464 2240 1520 Nunc
2268 1479 2403 1519 vero
2440 1466 2599 1520 vicus
2627 1473 2712 1520 est
2746 1481 3079 1537 permagnus
3115 1482 3144 1521 a
3185 1466 3435 1536 Legeone
3463 1470 3529 1523 ad
3558 1481 3672 1524 ter-

2081 1559 2217 1610 tium
2244 1557 2463 1627 signum
2493 1556 2756 1611 tiissltus.
2787 1558 2858 1610 At
2880 1556 3219 1628 Magcddoin
3250 1559 3396 1613 tribu
3419 1559 3671 1614 Manasse

2082 1646 2205 1712 fuit,
2267 1658 2430 1718 quam
2489 1646 2661 1702 Josue
2716 1648 2892 1717 ipsius
2954 1664 3081 1719 rege
3138 1649 3475 1718 interempto
3501 1650 3667 1719 cepit.

369 1750 551 1821 αὐτῆς
580 1748 805 1803 ἀνελών.
837 1749 913 1802 Οὐ
943 1748 1182 1821 κατέσχε
1226 1748 1285 1801 δὲ
1333 1748 1507 1803 αὐτὴν
1543 1747 1871 1816 Μανασσῆς,
1905 1745 1973 1818 μὴ

2089 1738 2204 1793 Non
2232 1739 2479 1793 obtinuit
2508 1754 2641 1801 vero
2669 1738 2955 1795 Manasses
2986 1754 3131 1805 eam,
3165 1754 3289 1794 cum
3321 1749 3573 1795 exterqu
3603 1755 3672 1794 ex

367 1845 469 1899 τὸν
501 1840 803 1912 ἀλλόφυλον
825 1843 1000 1912 αὐτῆς
1034 1841 1306 1895 ἐκϐαλών.

2081 1847 2144 1886 ea
2183 1847 2292 1886 non
2336 1831 2615 1901 eiecisset.

456 1953 692 2010 Lucrum
714 1956 955 2025 pecunia:
975 1971 1081 2010 non
1099 1952 1693 2010 abstuleruntJributa
1733 1954 1881 2008 enim
1910 1964 2033 2022 quae
2055 1963 2084 2002 a
2105 1946 2265 2003 nobis
2288 1945 2583 2016 exigebant
2612 1956 2806 1999 contra
2834 1944 2930 2015 jus
2958 1960 3024 2001 ac
3056 1944 3159 2009 fas,
3181 1959 3289 2002 non
3316 1954 3669 2015 acceperunt.

447 2074 555 2126 Ἐκ
579 2071 688 2127 τοῦ
715 2070 979 2141 οὐρανοῦ
1000 2071 1396 2142 ἐπολέμησαν
1427 2075 1482 2127 οἰ
1507 2071 1784 2149 ἀστέρες.
1808 2071 1978 2141 Φησὶν

379 2163 658 2235 Ἰώσηπος
698 2162 836 2236 (57),
886 2163 964 2228 ὡς
1006 2164 1455 2236 συμμισγόντων,
1498 2163 1709 2236 χειμὼν
1754 2165 1979 2232 ἐγένετο

367 2255 581 2327 μέγας,
610 2255 754 2326 ὕδωρ
788 2273 848 2308 τε
892 2256 1030 2311 πολὺ
1085 2257 1182 2311 καὶ⁸
1222 2257 1438 2328 χάλαζα
1485 2258 1632 2312 κατὰ
1678 2255 1977 2328 προσώπου

355 2346 489 2402 τῶν
519 2346 840 2403 Χαναναίων
862 2347 1141 2404 ἐϐάλλετο.
1175 2350 1287 2403 Καὶ
1317 2350 1427 2404 πᾶν
1460 2347 1695 2421 ὄργανον
1726 2346 1969 2418 πολέμου

352 2438 589 2502 τούτοις
617 2439 892 2511 ἄχρηστον
922 2434 1011 2511 ἧν.
1060 2440 1205 2511 Πρὸς
1242 2438 1272 2494 ὃ
1304 2440 1684 2513 θαρῤήσαντος
1721 2440 1965 2509 Ἰσραὴλ,

354 2529 427 2584 οἱ
461 2528 562 2598 μὲν
585 2528 691 2583 ὑπὸ
718 2527 925 2583 τούτων
958 2529 1274 2595 ἐϐάλλοντο,
1307 2531 1357 2584 οἰ
1384 2532 1442 2584 δὲ
1473 2531 1579 2584 ὑπὸ
1613 2530 1716 2601 τῆς
1756 2530 1968 2594 οἰκείας

357 2622 552 2675 ἵππου
578 2620 980 2691 τεταραγμένοι
1014 2624 1339 2689 κατέπεσον,
1388 2622 1493 2676 ὑπὸ
1534 2623 1645 2676 τῶν
1702 2622 1970 2693 ἁρμάτων

357 2711 882 2783 καταπατούμενοι.
915 2713 1248 2783 Σημαίνουσι
1270 2713 1327 2767 δὲ
1355 2715 1485 2778 τοὺς
1508 2714 1782 2785 χειμῶνας
1811 2716 1972 2769 ἀστέ-

362 2820 505 2879 ρες·
532 2804 565 2875 ἢ
595 2804 688 2859 καὶ
716 2804 1055 2878 ὑπερϐολικὴ
1074 2807 1214 2861 Θεοῦ
1246 2807 1566 2880 συμμαχίας
1582 2807 1829 2879 ,ἔμφασις
1848 2825 1861 2839 ·
1894 2809 1970 2880 dy;

360 2897 475 2954 καὶ
500 2896 571 2952 τὰ
598 2898 837 2968 στοιχεῖα
877 2897 1078 2969 μικροῦ
1109 2898 1218 2952 δεῖν
1243 2900 1431 2964 αὐτοῖς
1460 2886 1827 2956 ὲπιτίθεσϐαιέ

462 2985 787 3051 Ἑξέϐαλεν
818 2986 1045 3054 αὐτοὺς
1090 2987 1455 3058 χειμάρρους
1482 2988 1781 3060 Καδημίμ.
1820 2992 1891 3045 Ἣ
1938 2993 1971 3047 ὁ

362 3077 544 3140 αὐτὸς
580 3077 658 3149 τῷ
688 3077 994 3152 Κισσὼν,ἢ
1029 3080 1087 3133 ὲν
1128 3080 1463 3152 ἀμφοτέροις
1511 3082 1829 3156 ἐπολεμήθη
1875 3085 1967 3139 Σι-

2150 2062 2372 2119 Cwlitus
2400 2069 2709 2133 pugnarunt
2742 2062 2933 2117 stellw.
2961 2060 3100 2135 [τα]
3138 2062 3337 2116 Tradit
3367 2061 3670 2133 Josepbus,

2078 2156 2337 2211 manibus
2395 2156 2677 2209 consertis
2761 2162 3145 2225 tempestatem
3203 2155 3459 2209 obortam
3547 2171 3673 2210 esse

2078 2264 2354 2319 magnam,
2400 2262 2667 2317 aquaeque
2693 2262 2759 2302 ac
2799 2246 3091 2319 grandinis
3145 2246 3376 2300 multum
3419 2245 3671 2302 {aciebus

2077 2339 2521 2396 Cltanauasorum
2551 2340 2788 2396 offusum
2813 2355 2959 2405 esse,
2995 2339 3258 2410 nullaque
3287 2354 3439 2395 arma
3471 2338 3667 2395 bellica
3760 2404 3761 2407 η

2077 2435 2201 2489 usui
2234 2434 2429 2488 fuisse.
2465 2432 2657 2503 Itaque
2676 2446 2801 2487 cum
2842 2432 3105 2487 Israelita:
3142 2432 3394 2486 animum
3424 2432 3671 2502 recepis-

2074 2518 2216 2591 sent,
2242 2527 2377 2583 alios
2403 2527 2623 2598 quidem
2650 2527 2717 2580 ab
2734 2528 2813 2582 eis
2845 2527 2971 2583 telis
3002 2527 3202 2596 petitos
3220 2543 3363 2594 esse,
3384 2527 3519 2584 alios
3542 2544 3673 2583 vero

2075 2619 2236 2688 equis
2273 2621 2392 2674 suis
2418 2620 2745 2674 deturbatos
2777 2633 2807 2671 a
2839 2619 3105 2674 curribus
3136 2621 3496 2674 conculcatus
3515 2636 3663 2675 esse.

2077 2706 2403 2779 Signiﬁcant
2421 2709 2586 2780 igitur
2599 2711 2773 2764 stella:
2793 2718 3167 2780 tempestates,
3182 2709 3669 2765 autt-xcelleutiatu

2076 2800 2247 2854 divini
2271 2801 2461 2855 auxilii
2496 2809 2920 2872 repraesentant,
2950 2817 3014 2855 ac
3031 2801 3153 2871 ejus
3176 2812 3236 2855 ut
3258 2816 3451 2870 parum
3478 2802 3668 2858 abfue-

2074 2892 2321 2964 rit,quin
2345 2893 2620 2947 elementa
2653 2908 2873 2963 quoque
2916 2891 3278 2947 infestassent
3316 2892 3488 2962 ipsos.

2141 2985 2317 3054 Ejecit
2355 3000 2443 3039 eos
2475 2994 2685 3038 torrens
2720 2982 3024 3048 Cedumt'm,
3066 2998 3160 3036 seu
3196 2984 3337 3037 idem
3370 2983 3554 3043 Cisan,
3578 2999 3670 3035 seu

2072 3078 2127 3131 in
2157 3076 2397 3145 utrisque
2436 3075 2571 3129 bello
2601 3075 2795 3143 petitus
2832 3082 2910 3127 est
2964 3074 3166 3127 Sisera.
3202 3072 3346 3145 [2L]
3379 3073 3578 3128 Verum
3613 3075 3669 3127 in

368 3170 528 3241 σάρα
546 3188 558 3202 ·
588 3171 701 3225 ἀλλ’
727 3174 785 3226 ὲν
820 3171 921 3243 μὲν
956 3171 1034 3243 τῷ
1059 3173 1282 3228 Κισσὼν
1303 3174 1409 3228 ὑπὸ
1436 3174 1531 3228 τοῦ
1565 3154 1756 3246 Βαρὰκ
1777 3220 1790 3243 ,
1818 3154 1879 3230 έν
1908 3176 1967 3231 δὲ

2089 3168 2236 3225 ῗιὶεοη
2269 3169 2488 3239 quidem
2513 3186 2538 3219 :l
2557 3167 2756 3231 Barac,
2779 3167 2834 3220 in
2855 3164 3148 3220 Cedumim
3165 3181 3295 3219 vero
3326 3154 3354 3218 εἰ
3393 3165 3669 3233 chlmra,

364 3263 457 3334 τῷ
484 3263 752 3334 Καδημὶμ
777 3263 885 3317 ὑπὸ
906 3263 1222 3335 Δεϐϐὠρας,
1240 3263 1318 3329 ὥς
1339 3283 1506 3336 φησιν
1530 3243 1788 3332 Εὐσέϐιος
1811 3270 1868 3321 ἐν
1894 3269 1973 3340 τῷ

2089 3268 2141 3315 ut
2164 3259 2395 3325 inJibro
2429 3258 2507 3312 De
2547 3259 2845 3312 nominibus
2874 3256 3111 3309 locorum
3154 3263 3353 3311 auctor
3383 3264 3470 3311 est
3501 3255 3670 3311 Euse-

302 3344 319 3363 ’
369 3353 522 3421 Περί
559 3352 827 3407 τοπικῶν
854 3352 1165 3423 ὀνομάτων
1211 3354 1352 3424 (58).
1381 3355 1454 3408 Ἢ
1493 3356 1681 3408 τοίνυν
1723 3357 1975 3427 ἀλλήλοις

373 3462 445 3499 συ
454 3442 754 3512 μϐαλόντες
781 3445 832 3496 οι
855 3443 1093 3513 ποταμοὶ
1111 3444 1241 3506 τοὺς
1266 3445 1615 3509 Χαναναίους
1639 3448 1972 3518 παρέσυρον,

372 3531 470 3603 ἥγ’
499 3528 590 3585 οὖν
618 3526 760 3603 ἧττα
781 3531 975 3604 πρώτη
1003 3532 1230 3598 τούτους
1248 3536 1315 3606 τῇ
1337 3534 1569 3607 δευτέρᾳ
1588 3537 1973 3609 παρέπεμψεν.

389 3624 791 3694 Ἑρμηνεύεται
821 3624 878 3678 δὲ
898 3624 1167 3696 Καδημίμ
1192 3626 1314 3697 μὲν,
1342 3626 1582 3696 φάραγξ
1598 3629 1812 3697 ἁγίων
1839 3632 1976 3683 Κισ-

376 3713 494 3767 σὼν
512 3714 590 3779 δὲ,
618 3717 1012 3784 εὐφροσύναι,
1041 3716 1075 3788 ἦ
1099 3717 1372 3785 σκληρία
1399 3717 1621 3774 αὐτῶν.
1659 3719 1725 3773 Ἦ
1752 3714 1845 3775 οὖν
1873 3721 1977 3790 φά-

375 3806 524 3879 ραγξ
556 3808 665 3861 τῶν
697 3808 871 3876 ἁγίων
904 3808 1133 3876 ἐξέϐαλε
1168 3809 1297 3873 τοὺς
1340 3809 1584 3880 βασιλεῖς
1621 3811 1846 3867 Χαναὰν
1874 3817 1975 3886 τῆς

368 3895 721 3967 εὐφροσύνης
768 3896 972 3963 αὐτῶν,
1028 3896 1124 3951 καὶ
1178 3897 1280 3968 τῆς
1334 3897 1604 3968 σκληρίας
1649 3899 1853 3954 αὐτῶν.
1880 3901 1974 3973 Μὴ

367 3989 664 4054 ποιοῦντες
692 3990 803 4061 γὰρ
830 3989 900 4044 τὰ
923 3990 1189 4044 δοκοῦντα
1210 3992 1325 4054 τοῖς
1343 3989 1619 4061 δαίμοσιν,
1646 3992 1974 4061 ἀλγύνουσιν

364 4081 601 4147 αὐτοὺς,
641 4081 767 4144 τοὺς
821 4081 1085 4150 ἀγγέλους
1133 4081 1545 4151 εὐφραίνοντες.
1580 4084 1807 4155 Φάραγξ
1849 4084 1908 4139 δὲ
1936 4088 1970 4158 ἡ

360 4171 588 4227 τούτων
612 4172 949 4236 ταπείνωσις
977 4172 1247 4243 δεχομένη
1276 4175 1370 4227 τὸν
1397 4173 1577 4242 ὑετὸν,
1608 4177 1704 4230 καὶ
1741 4178 1973 4251 χειμάρο

357 4266 511 4336 pou;
543 4262 882 4318 ἀποτελοῦσα
915 4264 1042 4326 τοὺς
1079 4265 1303 4333 ῥέοντας
1332 4266 1397 4319 ἐκ
1424 4268 1524 4336 τῆς
1559 4267 1669 4321 τῶν
1698 4269 1974 4323 πιστευόν-

349 4374 489 4412 των
535 4356 762 4425 καρδίας
808 4354 952 4409 κατὰ
988 4356 1089 4426 τὴν
1122 4355 1219 4409 τοῦ
1254 4357 1510 4429 Σωτῆρος
1532 4360 1745 4429 φωνήν.
1788 4380 1807 4413 ι
1845 4361 1972 4415 Ἐπὶ

345 4449 506 4504 τίνα
530 4447 641 4517 γὰρ
666 4446 966 4516 ἐπιϐλέψω,
1002 4448 1169 4519 φησὶν
1198 4448 1228 4501 δ
1253 4446 1410 4513 Θεὸς,
1437 4449 1554 4504 ἀλλ’
1586 4449 1619 4521 ἢ
1644 4450 1738 4504 ἐπὶ
1758 4452 1851 4507 τὸν
1874 4470 1972 4507 τα-

349 4539 589 4604 πεινὸν,
622 4539 717 4593 καὶ
743 4537 991 4609 ἡσύχιον,
1012 4538 1106 4592 καὶ
1127 4538 1406 4609 τρέμοντα
1428 4556 1532 4609 μου
1558 4542 1687 4604 τοὺς
1708 4542 1964 4611 λόγουςς»

340 4629 483 4688 Διὰ
509 4628 714 4684 τούτων
760 4628 1070 4702 εὐφροσύνη
1130 4629 1226 4682 καὶ
1269 4628 1578 4700 σκληρότης
1620 4632 1970 4705 καθαιρεϊται

348 4741 445 4780 τυ
456 4721 684 4795 ραννική
693 4758 707 4773 .

441 4811 873 4879 Καταπατήσει
915 4810 1143 4876 αὐτοὺς
1180 4810 1352 4881 ψυχή
1401 4829 1523 4879 μου
1562 4811 1818 4883 δυνατή.
1884 4815 1972 4881 Ὧς

333 4910 444 4979 τὰ
456 4922 489 4975 ρ
530 4903 751 4973 ἰσχυρὸν
778 4902 940 4973 σῶμα
971 4903 1100 4967 τοὺς
1134 4903 1431 4973 αἰσθητοὺς
1467 4904 1767 4975 πολεμίους
1797 4923 1970 4960 κατα-

333 4997 564 5059 πατεῖ,
591 4993 737 5047 οὕτω
765 4992 912 5064 ψυχὴ
940 4992 1143 5063 δυνατὴ
1176 4994 1307 5058 τοὺς
1332 4994 1579 5065 νοητούς.
1614 4987 1788 5048 (Ἐπὶ
1811 4998 1968 5051 ἀσπί-

324 5093 437 5148 δα.
476 5085 586 5157 γὰρ
622 5086 716 5138 καὶ
750 5083 1062 5155 βασιλίσκον
1086 5085 1350 5158 ὲπιϐήσῃ.
1385 5105 1404 5138 ι

451 5177 594 5233 Τότε
659 5177 1066 5243 ἀπεκόπησαν
1119 5175 1371 5244 πτέρναι
1425 5175 1627 5231 ἵππων
1678 5178 1975 5247 Μαδαρὼθ

333 5264 702 5330 δυναστῶν
759 5265 971 5321 αὑτοῦ.
1031 5265 1313 5336 Μαδαρὼθ
1380 5264 1652 5332 ἐξέδωκεν
1708 5268 1971 5338 Ἀκύλας,

450 5423 499 5461 ⁸³
536 5422 643 5482 lsa.
686 5439 836 5483 1.1m.
876 5423 927 5476 2.
1004 5421 1052 5454 υ
1103 5419 1248 5477 Psal.
1297 5436 1386 5489 xc,
1435 5419 1522 5481 15.

2078 3350 2222 3405 bius.
2251 3349 2359 3403 Aut
2381 3358 2533 3403 certe
2563 3348 2719 3403 ﬂuvii
2752 3350 2805 3401 in
2842 3348 3154 3403 seinvicent
3194 3349 3487 3419 eruptione
3521 3349 3669 3405 facta

2076 3441 2422 3497 Chananaeos
2480 3455 2667 3495 secum
2713 3448 3026 3495 traxerunt.
3094 3439 3194 3495 Vel
3244 3441 3482 3510 denique
3515 3442 3672 3512 prior

2077 3531 2266 3588 clades
2326 3531 2630 3601 posteriori
2666 3546 2762 3587 cos
2817 3531 3148 3586 transmisit.
3185 3530 3361 3588 Porro
3393 3534 3667 3603 interpre-

2078 3628 2215 3684 tatio
2251 3626 2538 3683 Cedumim
2604 3636 2785 3692 sonat,
2820 3626 3085 3681 convallis
3128 3630 3667 3690 sanctorum,Cisom

2076 3732 2233 3781 vero,
2258 3716 2473 3782 (milia,
2507 3724 2601 3771 aut
2628 3718 2834 3771 duritia
2895 3733 3103 3772 eorum.
3143 3717 3426 3773 Com-allis
3482 3719 3670 3790 itaque

2076 3816 2394 3865 sanctorum
2418 3808 2764 3880 ejecitreges
2821 3806 3089 3863 Chanaan
3165 3823 3232 3863 ex
3290 3809 3670 3878 voluptatibus

2076 3900 2194 3957 suis
2227 3906 2283 3956 et
2330 3899 2557 3955 duritia.
2594 3898 2692 3966 Qui
2723 3899 2869 3954 enim
2905 3898 3177 3953 voluntati
3216 3898 3527 3954 daemonum
3561 3916 3669 3954 non

2075 3989 2477 4061 obtemperant,
2538 3991 2731 4045 dolore
2787 3989 2912 4045 illos
2975 3990 3245 4055 alliciunt,
3330 3993 3672 4064 angelusque

2076 4080 2295 4135 laetitia.
2350 4078 2446 4134 Est
2514 4094 2648 4135 vero
2708 4080 2981 4135 convallis
3021 4080 3338 4135 ltumiliatio
3396 4082 3669 4167 ipsorutq,

2075 4184 2202 4241 quae
2229 4168 2474 4240 pluviam
2503 4170 2713 4239 excipit
2742 4178 2794 4225 et
2850 4170 3198 4225 torrentibus
3222 4171 3437 4226 exitum
3473 4187 3504 4226 e
3542 4187 3671 4225 cor-

2074 4266 2237 4321 dibus
2294 4265 2544 4320 ﬁdelium
2602 4275 2791 4336 parat,
2866 4262 3339 4336 quemadmodum
3411 4264 3673 4321 Servatur

2076 4356 2278 4427 inquit.
2333 4374 2353 4407 ι
2420 4354 2602 4425 Super
2663 4370 2831 4426 quem
2900 4356 3048 4411 enim
3127 4356 3448 4425 respiciam,
3490 4358 3668 4427 inquit

2074 4448 2222 4505 Deus
2247 4490 2261 4512 ,
2295 4463 2461 4519 quam
2504 4464 2673 4518 super
2698 4448 2985 4513 humilem,
3019 4448 3411 4515 tranquillum,
3444 4455 3499 4502 et
3552 4465 3670 4504 ser-

2076 4554 2268 4595 mones
2325 4555 2482 4595 meos
2532 4540 2993 4595 extimescentem
3025 4538 3117 4591 "?
3154 4557 3178 4590 ι
3217 4538 3296 4590 Ac
3323 4537 3412 4593 bis
3441 4538 3665 4608 quidem

2081 4636 2247 4690 rebus
2276 4634 2487 4698 laatitia,
2549 4648 2614 4689 ac
2674 4631 2985 4687 obstinatio
3008 4640 3373 4701 tyrannorum
3414 4646 3445 4685 e
3484 4631 3667 4686 medio

2081 4727 2319 4782 tollitur.
2887 4785 2891 4789 _

2151 4818 2311 4890 503
2334 4816 2681 4874 Conculcabit
2711 4832 2798 4871 eos
2838 4817 3017 4870 anima
3048 4832 3164 4870 mea
3193 4815 3433 4871 robusta.
3462 4798 3667 4884 Quem:

2078 4909 2375 4964 admodum
2406 4909 2553 4963 enim
2592 4923 2797 4979 corpus
2839 4908 3124 4964 robustum
3183 4908 3422 4962 sensiles
3480 4909 3664 4962 hostes

2078 4998 2390 5063 conculcat,
2430 4997 2505 5052 ita
2553 4998 2734 5052 anima
2780 4998 3007 5053 robusta
3052 4996 3389 5066 spirituales.
3432 5014 3451 5046 ι
3490 4995 3666 5066 Super

2081 5088 2270 5157 aspide
2292 5090 2442 5145 enim
2470 5098 2525 5145 et
2541 5090 2803 5146 basilisca
2829 5089 3049 5144 iueedes
3067 5089 3132 5141 ⁸⁸.
3175 5107 3195 5141 ι

2152 5180 2298 5235 Tum:
2345 5184 2597 5238 abscissa:
2637 5193 2762 5238 sunt
2810 5183 3021 5253 ungula:
3066 5195 3319 5251 equorum
3379 5177 3661 5233 Μαίων-οιὴ

2077 5271 2299 5341 fortium
2323 5273 2463 5343 ejus.
2482 5271 2627 5345 [‘22.]
2649 5271 2932 5345 Madarotli
2956 5272 3182 5341 Aquilas
3207 5268 3663 5337 cxposuit,decus

1908 5516 2141 5573 NOTAE.

452 5634 571 5719 g3)
602 5606 804 5719 “ut;qu
828 5636 955 5719 περὶ
986 5632 1516 5719 χιουδαικλερχαιολ.
1559 5632 1592 5685 5
1624 5650 1750 5701 κεφ.
1784 5631 1878 5684 τοῦ
1929 5631 1962 5686 5
2004 5632 2147 5702 βισλ.

452 5636 571 5776 (5η
611 5636 699 5687 Ἔν
722 5636 799 5711 τῷ
828 5636 955 5705 περί
986 5636 1241 5687 Ἰουδαῖκ.
1266 5636 1493 5703 ἅρχαιολ

447 5706 541 5775 (58
606 5704 693 5757 Έν
719 5708 831 5770 τοῖς
858 5704 1219 5776 ὲκδεδομ.οὑχ
1254 5703 1499 5776 εὕρηται.
