3992 6452
386 425 520 490 ὶθῦὗ

1498 422 2035 488 COMMENTARII
2078 425 2158 486 IN
2193 423 2528 487 JUDLCES.

3519 427 3651 496 1066

383 540 479 591 ὑπ’
510 534 692 590 αὐτῶν
724 535 775 590 δι
821 535 1127 608 ἀμοιϐαίων
1164 533 1384 608 θρῆνον.
1424 535 1523 598 ’Λς
1556 535 1651 588 καὶ
1683 533 1960 606 ἀρχούσας

2101 532 2355 588 diderunt
2401 549 2477 588 ea:
2512 547 2650 606 quas
2695 533 2975 606 principes
3048 547 3149 591 ceu
3185 535 3357 593 duces
3387 537 3653 596 lamenta-

382 629 578 698 αὐτῆς,
611 629 686 692 ὡς
721 629 1146 700 προηγουμένας
1173 626 1268 680 τοῦ
1304 627 1504 699 θρήνου
1529 627 1708 680 καλεῖ.

457 723 582 788 Οὐχ
613 722 1011 790 εὑρίσκουσιν
1046 719 1236 774 αὑτὸν
1273 719 1706 789 διαμερίσαντα
1744 719 1965 773 σκῦλα.

387 813 459 865 Ἦ
491 812 636 865 κατὰ
665 812 860 866 πεῦσιν
883 811 1138 875 ἐλεεινῶς
1165 811 1346 864 ταῦτά
1385 828 1570 881 φησιν,
1600 811 1632 882 ἢ
1671 812 1813 866 κατὰ
1833 809 1968 864 ἀπέ-

388 921 550 973 φασιν
605 903 707 967 τὰς
753 902 1022 964 δοκούσας
1054 902 1237 966 αίτίας
1275 901 1563 972 ἀναιροῦσι
1595 900 1688 955 τοῦ
1723 901 1968 972 βράδους.

389 998 464 1051 Ού
493 994 599 1064 γὰρ
644 994 720 1058 ὡς
767 997 998 1064 νικήσας
1049 993 1292 1064 διανέμει
1333 994 1506 1048 σκῦλα
1537 997 1648 1058 τοῖς
1685 981 1970 1064 ὑπηκόοις,

385 1084 502 1141 ἀλλ’
546 1083 668 1140 οὐδὲ
723 1085 898 1152 φίλοις
953 1087 1337 1149 συνεστιᾶται,
1372 1083 1447 1146 ὡς
1480 1083 1748 1154 ἀριστέως
1779 1085 1973 1137 ἀποτεα

387 1177 508 1250 μὼν
562 1176 844 1247 κεφαλὴν,
890 1177 1006 1232 ἀλλ’
1065 1177 1188 1231 οὐδὲ
1239 1177 1648 1242 καλλωπίζεται
1693 1178 1975 1248 νικηφόρῳ

385 1269 572 1340 στολῇ.

457 1361 570 1416 Καὶ
593 1365 646 1417 οἱ
688 1361 1041 1432 ἀγαπῶντες
1088 1361 1296 1415 αὐτόν.
1331 1361 1434 1414 Τὸν
1474 1360 1683 1432 Σισάρα
1711 1359 1972 1431 δηλονότι.

383 1448 520 1506 Εἶτά
530 1469 684 1524 φησι’
699 1473 716 1504 ι
739 1451 939 1514 Καθὼς
960 1455 992 1524 ἡ
1013 1451 1250 1524 ἀνατολὴ
1275 1451 1370 1505 τοῦ
1391 1453 1544 1522 ἡλίου
1567 1455 1622 1506 ὲν
1637 1451 1978 1516 δυναστείαις

382 1543 574 1598 αὑτοῦ.
607 1563 626 1596 ι
668 1545 754 1608 Ὠς
790 1545 898 1614 γὰρ
928 1544 1078 1614 ἡλίου
1116 1543 1329 1614 θερινοῦ
1357 1544 1742 1614 διανίσχοντος,
1777 1543 1974 1615 ὁμίχλη

385 1634 483 1689 κα)⁸
507 1635 668 1702 νέφος
700 1633 795 1688 καὶ
833 1635 940 1687 πᾶν
966 1633 1217 1704 ἐμποδὼν
1254 1633 1566 1686 διαλύεται·
1610 1632 1782 1696 οὕτως
1807 1635 1866 1686 ὲν
1897 1632 1976 1705 τῷ

380 1725 700 1778 ἀνατέλλειν
722 1723 1188 1794 τῆςδικαιοσύνης
1210 1723 1302 1776 τὸν
1319 1723 1534 1789 Ἵίλιον,
1550 1721 1978 1794 διασκορπισθή-

381 1835 576 1874 σονται
599 1821 646 1872 oi
671 1819 856 1890 ἐχθροὶ
885 1817 980 1872 τοῦ
1005 1816 1162 1885 Θεοῦ,
1197 1817 1260 1870 τὸ
1293 1817 1487 1880 σκότος
1521 1819 1588 1888 τῇ
1623 1817 1852 1886 δυνάμει
1880 1815 1974 1870 τοῦ

378 1910 566 1980 φωτὸς
599 1908 927 1972 διαλύοντος.

458 2001 570 2056 Καὶ
591 2001 712 2058 viai
743 2001 1079 2058 ἀνατολῶν.
1108 2002 1172 2055 0i.
1217 1999 1484 2072 Ἀραϐες,
1517 1999 1979 2072 ἀνατολικώτεροι

373 2093 522 2164 γᾶρι
550 2093 723 2148 Τοῦτο
757 2095 851 2147 καὶ
879 2093 1168 2166 Ἰώσηπος.
1212 2093 1378 2164 Ὁμοῦ
1421 2093 1478 2147 δὲ
1506 2093 1602 2148 καὶ
1631 2093 1736 2165 τὴν
1769 2093 1979 2166 ὡραίαν

374 2184 704 2239 εἰσέϐαλλον
728 2185 823 2239 καὶ
845 2185 1054 2257 ἐδῄουν,
1091 2185 1291 2250 ἐῶντες
1313 2185 1406 2240 τὸν
1439 2185 1688 2257 χειμῶνα
1723 2186 1972 2258 σπείρειν

377 2276 491 2332 καὶ
511 2278 806 2345 γεωργεῖν.

476 2364 812 2434 Ἐρῤάϐδιζε
851 2363 1082 2434 art-poi);-
1113 2365 1184 2420 ἐν
1233 2365 1421 2434 ληνῷ.
1472 2365 1562 2438 Τῷ
1616 2365 1693 2439 μὴ
1729 2368 1980 2437 φανερῶς

371 2455 628 2526 ἀλοῆσαι
653 2456 882 2527 τολμᾷν.

481 2548 636 2604 Ἰδοὺ
671 2549 708 2618 ἠ
742 2547 943 2618 χιλιὰς
966 2566 1088 2631 μου
1122 2549 1511 2620 ταπεινοτέρα
1551 2551 1620 2606 ἐν
1649 2549 1977 2619 Μανασσῆ.

375 2642 666 2712 Ἔμειναν
695 2641 806 2712 γὰρ
840 2641 921 2703 εἰς
948 2640 1266 2712 χιλιάρχους
1304 2643 1396 2696 καὶ
1427 2642 1869 2712 ἑκατοντάρχους
1903 2643 1982 2696 δι-

377 2732 685 2811 ῃρημένοι,
730 2734 824 2802 ἀφ’
873 2727 938 2788 οῦ
990 2733 1147 2786 τοῦτο
1209 2733 1632 2788 συνεϐούλευσεν
1685 2733 1862 2805 Ἰοθὺρ
1904 2733 1982 2804 τῷ

375 2827 641 2884 Βιωῦσεϊ.
665 2825 964 2897 Χιλίαρχος
993 2825 1088 2880 οῦν
1124 2825 1410 2897 ὑπάρχων,
1433 2825 1558 2888 τοὺς
1589 2827 1678 2899 ὑφ’
1712 2825 1875 2880 αὑτὸν
1907 2825 1984 2890 ὡς

378 2917 644 2982 ἀσθενεῖς
686 2919 970 2990 ᾐτιάσατο.

469 3009 586 3064 Καὶ
617 3011 768 3065 οἴσω
801 3010 919 3078 τὴν
952 3011 1178 3066 θυσίαν
1203 3029 1346 3081 μου.
1372 3011 1447 3066 Τὸ
1491 3010 1640 3082 θῦμα
1681 3013 1742 3066 τὸ
1778 3017 1862 3080 εἰς
1892 3017 1988 3071 εὐ-

381 3100 572 3171 ωχίαν
607 3099 753 3154 οὓτω
786 3100 962 3156 καλεῖ.
988 3101 1162 3157 Θυσία
1189 3101 1298 3174 γὰρ
1343 3101 1449 3174 οὐχ
1477 3101 1669 3173 ήψεῖτο
1695 3104 1838 3158 κατὰ
1891 3104 1988 3158 τὸν

382 3193 582 3264 νόμον.

477 3280 616 3335 Ὑπὸ
637 3281 737 3354 τὴν
766 3281 900 3352 δρῦν
917 3283 1124 3354 τίθησι,
1154 3283 1250 3338 τὸν
1279 3283 1538 3354 Ἀϐραὰμ
1561 3285 1944 3356 μιμησάμενος
1963 3303 1978 3316 ·

386 3373 494 3430 καὶ
529 3374 719 3429 τοῦτον
761 3374 970 3444 οἰηθεὶς
1007 3374 1313 3428 ἀναλώσειν
1365 3375 1434 3428 τὰ
1465 3377 1866 3447 παρακείμενα.
1923 3375 1984 3430 '0

385 3469 473 3531 δὲ,
529 3468 623 3520 τδν
669 3467 888 3536 ζωμὸν,
925 3467 1002 3528 ὡς
1058 3465 1457 3537 ἀνεπιτήδειον,
1503 3468 1706 3537 ἐκχέας
1742 3467 1834 3520 διὰ
1885 3465 1984 3537 τὴν

391 3557 708 3627 ὑδαρότητά
736 3575 795 3609 τε
847 3558 942 3610 καὶ
991 3557 1234 3622 ἔκλυσιν,
1267 3558 1336 3610 τὰ
1394 3557 1536 3628 κρέα
1578 3559 1788 3612 τιθέναι
1845 3558 1985 3629 πρὸς

391 3645 500 3716 τὴν
529 3645 736 3714 πέτραν
774 3645 1054 3700 ἐκέλευσε.

476 3739 556 3809 Τῇ
597 3737 782 3810 ῥάϐδῳ
811 3738 1194 3811 πῦρκᾶνάψας,
1227 3734 1528 3796 ἀνάλωσεν.
1575 3741 1640 3794 ἸΙ
1685 3741 1743 3794 δὲ
1771 3721 1985 3814 ράϐδος

393 3831 657 3900 σημαίνει
699 3835 774 3900 πῆ
811 3833 912 3900 μὲν
951 3832 1227 3897 παιδείαν,
1265 3833 1341 3895 ὼς
1373 3833 1467 3886 τό·
1511 3851 1528 3884 t
1553 3833 1763 3903 Ῥαϐδῳ
1813 3833 1983 3886 τύπτε

386 3919 568 3990 ἄνδρα
601 3919 892 3990 ἁκάρδιον’
923 3939 943 3972 ι
977 3925 1052 3992 πῆ
1091 3921 1148 3974 δὲ
1181 3923 1496 3994 στηριγμὺν
1545 3925 1641 3978 καὶ
1673 3926 1978 3998 ἀντίληψιν,

381 4009 468 4071 ὡς
506 4009 566 4061 τό
588 4023 600 4036 '
637 4027 656 4059 ι
678 4009 743 4062 Ἡ
775 4009 974 4078 ῥάϐδος
1009 4026 1105 4062 σου
1139 4011 1293 4081 καὶὴ
1347 4010 1622 4084 βακτηρία
1670 4029 1790 4075 σου,
1841 4012 1980 4084 αῦτη

383 4117 464 4171 με
495 4099 894 4170 παρεκάλεσεν.
924 4119 942 4151 ι
974 4101 1040 4152 Ὃ
1070 4099 1163 4152 καὶ
1189 4099 1286 4154 νῦν
1316 4101 1597 4172 σημαίνει.
1629 4100 1695 4155 Ἦ
1721 4102 1777 4155 δὲ
1807 4103 1982 4172 πέτρα

372 4193 450 4244 τὸ
489 4192 719 4262 στερρὸν
746 4181 847 4261 τῆς
867 4192 1130 4257 πίστεως,
1153 4173 1227 4246 ’δι’
1250 4192 1317 4263 ἣν
1347 4194 1375 4246 ὁ
1407 4194 1614 4264 Πέτρος
1643 4193 1978 4264 ὠνόμασται.

374 4281 596 4346 Ἵίτις,
648 4281 1188 4354 ἀντιλαμϐανομένου
1249 4283 1405 4348 Θεοῦ,
1463 4284 1559 4339 καὶ
1623 4286 1762 4356 πρὸς
1806 4286 1980 4357 βραχὺ

367 4375 818 4444 πλησιάζοντος,
853 4375 928 4440 ὡς
963 4377 1069 4429 ὑπὸ
1096 4377 1266 4446 πυρὸς
1296 4379 1605 4449 δαπανήσει
1647 4378 1774 4442 τοὺς
1821 4379 1982 4432 πολε-

365 4469 582 4540 μίους.
608 4467 720 4519 Καὶ
749 4466 913 4521 τοῦτο
973 4466 1034 4520 τὸ
1081 4470 1332 4537 σημεῖον,
1368 4469 1507 4540 ὅπερ
1540 4468 1714 4540 ᾔτησε
1753 4469 1978 4525 Γεδεών.

2073 623 2241 680 tionis
2271 633 2452 678 vocat.

2144 713 2308 788 5(ιῆι
2328 718 2515 770 Annon
2533 717 2788 771 invenient
2803 715 2954 770 illum
2973 715 3205 772 dividere
3219 719 3409 786 spolia.
3430 715 3517 790 [V.
3533 717 3652 789 29.]

2079 808 2174 866 Vel
2203 811 2602 881 interrogative
2631 825 2756 864 cum
2783 811 3141 867 miseratione
3175 807 3292 868 haec
3325 813 3538 880 dicunt,
3569 814 3654 869 vel

2074 917 2278 959 causas
2328 902 2703 958 cunctationis
2749 903 2853 958 sibi
2895 904 3047 959 visas
3097 905 3497 976 respondentes
3527 907 3652 962 red-

2075 995 2236 1048 dunt.
2271 992 2391 1048 Non
2442 991 2589 1046 enim
2628 1007 2820 1048 revera
2872 1009 2972 1048 ceu
3003 994 3181 1049 victor
3209 995 3490 1052 dividebat
3525 1012 3657 1068 spu-

2079 1085 2148 1138 lia
2180 1084 2450 1139 militibus
2481 1099 2498 1138 :
2530 1081 2640 1138 imo
2669 1099 2773 1138 nec
2809 1100 2934 1138 cum
2973 1085 3176 1142 amicis
3209 1095 3472 1157 tanquam
3510 1089 3656 1159 opti-

2076 1190 2197 1230 mas
2219 1175 2425 1246 aliquis
2454 1175 2732 1244 epulatur,
2775 1176 2825 1230 ei
2861 1185 3147 1244 amputato
3169 1179 3371 1248 capite.
3410 1177 3658 1249 Denique

2077 1271 2242 1324 etiam
2272 1285 2372 1322 nec
2401 1267 2681 1322 victoriali
2717 1267 2858 1322 stola
2889 1267 3210 1338 insiguilur.

2149 1360 2219 1414 Et
2245 1360 2364 1432 'qui
2414 1358 2654 1429 diligunt
2701 1359 2899 1428 ipsum.
2925 1350 3066 1430 ['51.]
3095 1359 3341 1416 Siseram
3377 1362 3656 1419 videlicet.

2078 1450 2314 1518 Deinde,
2346 1449 2548 1520 inquit,
2581 1447 3052 1518 quemadmodum
3095 1457 3250 1506 ortus
3293 1451 3429 1506 solis
3459 1453 3512 1506 in
3543 1450 3661 1506 for-

2080 1542 2317 1599 titudine
2365 1557 2488 1596 sua.
2547 1539 3024 1607 Quemadmodum
3075 1540 3249 1603 enim.
3307 1543 3422 1599 sole
3471 1545 3662 1602 :estivo

2079 1637 2398 1702 exoriente,
2428 1633 2631 1704 caligo,
2667 1641 2718 1688 et
2752 1632 2975 1696 nebula,
3006 1647 3278 1702 omneque
3307 1633 3665 1705 impedimen-

2081 1738 2194 1785 tum
2225 1729 2530 1791 evanescit,
2587 1726 2662 1780 ita
2709 1740 2836 1780 cum
2879 1720 3268 1779 exoritur’Sol
3308 1725 3543 1794 iustitiae
3577 1727 3665 1782 di-

2081 1821 2391 1878 scutientur
2461 1816 2676 1874 inimici
2748 1817 2867 1884 Dei,
2913 1818 3120 1872 virtute
3175 1818 3402 1873 luminis
3453 1817 3662 1890 dispel-

2081 1915 2231 1970 lente
2259 1913 2541 1969 tenebras.

2153 2005 2223 2060 Et
2259 2005 2363 2075 ﬁlii
2401 2002 2667 2075 Orientis‘
2689 2001 2803 2076 [VL
2843 2000 2928 2075 5.]
2967 2002 3185 2058 'Arabes
3219 2003 3520 2060 orientales
3551 2019 3666 2059 ma-

2079 2100 2190 2172 gis,
2223 2097 2330 2152 hoc
2371 2096 2518 2152 enim
2565 2103 2618 2150 et
2650 2091 2934 2165 Josephus
2986 2093 3216 2148 indicat.
3280 2092 3398 2149 Una
3449 2109 3580 2150 vero
3607 2096 3664 2150 in

2081 2191 2272 2262 fruges
2303 2193 2607 2253 irruerunt,
2661 2201 2869 2258 easque
2917 2195 3230 2252 vastarunt,
3277 2189 3332 2241 in
3366 2187 3683 2243 Inieme'sea-

2083 2279 2355 2348 minandi,
2381 2287 2702 2350 terramque
2741 2277 2962 2334 colendi
2995 2279 3120 2332 loco
3153 2277 3308 2333 dato.

2155 2373 2453 2430 Tribulavit
2509 2373 2746 2426 triticum
2799 2374 2855 2426 in
2895 2371 3176 2426 torculari.
3221 2368 3364 2443 [ΗΑ
3412 2370 3490 2427 Eo
3515 2374 3664 2444 quod

2083 2471 2266 2541 palam
2301 2469 2564 2524 triturare
2595 2480 2706 2520 non
2731 2466 2984 2520 auderet.

2157 2559 2295 2614 Ecce
2320 2557 2624 2612 milleuaria
2658 2573 2774 2610 mea
2804 2557 2978 2610 tenuis
3009 2565 3086 2610 est
3127 2557 3182 2610 in
3215 2555 3269 2610 Μ
3278 2573 3492 2612 αοιαεδρ.
3525 2554 3619 2628 [Ιὸ
3646 2555 3666 2628 ]

2083 2649 2522 2706 Permanseruut
2571 2650 2720 2703 enim
2771 2649 2828 2703 in
2884 2647 3160 2716 tribunos,
3222 2657 3278 2705 et
3309 2649 3668 2705 centuriones

2085 2743 2251 2800 divisi
2287 2758 2354 2798 ex
2409 2757 2519 2812 quo
2581 2739 2774 2795 Jethro
2830 2739 2972 2797 Mosi
3024 2742 3332 2798 consuluit.
3382 2741 3669 2797 Tribunus

2085 2834 2255 2905 igitur
2309 2849 2434 2888 cum
2485 2842 2656 2899 esset,
2717 2832 2972 2888 subditos
3047 2847 3179 2890 suos
3250 2834 3502 2890 inﬁrmos
3547 2849 3670 2890 esse

2085 2931 2426 2994 conquestus
2448 2929 2554 2976 est.

2161 3015 2232 3071 Et
2259 3017 2481 3086 aﬂeram
2513 3013 2870 3084 sacriﬁcium.
2916 3009 3061 3086 [18.]
3113 3011 3462 3068 Sacriﬁcium
3501 3011 3554 3066 id
3583 3011 3668 3066 di:

2089 3111 2164 3167 cit
2189 3108 2334 3180 quod
2355 3109 2421 3163 ad
2450 3108 2672 3178 epulum
2697 3107 3041 3161 destinatum
3075 3113 3218 3160 erat.
3257 3102 3494 3158 Victima
3524 3104 3668 3158 enim

2013 3217 2058 3276 ο
2092 3219 2200 3259 non
2225 3201 2570 3271 coquebatur
2591 3199 2750 3269 juxta
2788 3198 2987 3268 legem.

2160 3294 2429 3347 Caeterum
2453 3290 2558 3344 sub
2573 3304 2782 3359 quercu
2811 3289 2966 3358 ponit
2991 3288 3366 3343 Abrahamum
3398 3287 3670 3354 imitatus,

2087 3401 2154 3442 ac
2185 3393 2338 3439 ratus
2396 3382 2546 3436 hunc
2608 3379 2820 3434 fercula
2896 3380 3342 3450 absuinpturum.
3391 3379 3488 3435 Ille
3541 3394 3673 3434 vero

2087 3479 2211 3547 jure
2265 3483 2530 3544 tanquam
2571 3470 2930 3528 incommodo
2992 3479 3220 3542 propter
3278 3471 3670 3541 aquositatem,

2091 3567 2573 3638 liquiditatemque
2604 3564 2809 3630 elfuso,
2851 3579 3050 3621 carnes
3081 3578 3226 3634 pone
3255 3571 3464 3634 petram
3497 3561 3674 3618 collos

2089 3675 2217 3716 care
2248 3659 2438 3730 jussit.

2161 3751 2465 3821 Baculoque
2517 3750 2636 3820 igne
2683 3749 2898 3803 incenso
2941 3745 3260 3814 absumpsit.
3313 3744 3453 3819 [ΞΜ]
3501 3745 3674 3804 Porrc

2091 3841 2244 3910 virga
2297 3839 2502 3894 alicubi
2555 3839 2786 3908 quidem
2853 3837 3133 3908 signiﬁcat
3182 3837 3559 3906 disciplinam.
3613 3848 3674 3891 ut

2097 3953 2116 3986 ι
2150 3934 2339 3989 Virum
2367 3932 2657 3987 vecordem
2685 3931 2837 4002 virga
2879 3937 3105 4000 percute
3136 3929 3202 3996 ⁸⁸,
3243 3948 3263 3982 ι
3299 3929 3503 3985 alicubi
3545 3945 3674 3984 vero

2090 4027 2448 4091 soliditatem,
2491 4037 2555 4078 ac
2613 4021 2922 4078 subsidium
2958 4063 2974 4088 ,
3027 4021 3190 4092 juxta
3231 4020 3390 4087 illud,
3453 4038 3472 4072 ι
3516 4019 3675 4091 Virga

2091 4129 2182 4173 tua
2211 4126 2264 4172 ct
2297 4115 2530 4174 baculus
2559 4124 2690 4171 tuus
2725 4129 2810 4169 me
2843 4121 2930 4170 est
2974 4116 3188 4168 solatus
3217 4113 3292 4168 3°.
3330 4133 3348 4166 ι
3388 4112 3562 4179 Quam
3599 4114 3672 4167 si-

2089 4210 2502 4280 guilicationem
2553 4209 2664 4264 hoc
2693 4220 2916 4278 quoque
2972 4205 3098 4260 loco
3132 4205 3316 4273 habet.
3343 4205 3510 4260 Petra
3545 4220 3675 4259 vero

2089 4303 2214 4358 ﬁdei
2249 4303 2588 4367 ﬁrmitatem,
2623 4315 2730 4371 qua
2759 4300 2828 4354 de
2861 4313 3030 4354 causa
3055 4296 3254 4354 Petrus
3281 4313 3482 4354 nomen
3513 4313 3672 4352 suum

2089 4397 2328 4468 accepit.
2382 4395 2518 4463 Quae
2573 4395 2686 4450 Deo
2721 4391 3010 4463 suppetias
3061 4390 3296 4459 ferente,
3335 4389 3674 4459 propiusque

2092 4491 2418 4544 admovente
2471 4499 2734 4558 tanquam
2773 4485 2898 4555 igne
2939 4483 3196 4538 absumet
3235 4483 3444 4537 hostes.
3494 4482 3676 4550 Atque

355 4565 483 4618 Διὸ
511 4561 606 4614 καὶ
639 4559 780 4631 μετὰ
805 4560 914 4614 τῶν
941 4561 1152 4614 πιστῶν
1184 4563 1348 4616 αὐτὸν
1395 4563 1423 4616 ό
1453 4561 1670 4627 Παῦλος
1699 4563 1976 4631 κατέλεξε.

2100 4586 2193 4639 hoc
2236 4582 2358 4652 ejus
2397 4581 2620 4651 signqu
2679 4587 2764 4633 est
2824 4575 2971 4646 quod
3043 4573 3349 4644 postulavit
3421 4573 3671 4628 Gedeon.

354 4651 518 4722 Θεῷ
547 4653 655 4724 γὰρ
684 4651 1004 4718 πιστεύσας,
1037 4653 1180 4724 μετὰ
1203 4660 1252 4708 τ’
1287 4653 1502 4726 ἀνδρῶν
1530 4659 1652 4718 ταῖς
1688 4657 1980 4721 τοσαύταις

351 4743 604 4823 χιλιάσι
631 4742 740 4798 τῶν
767 4743 1042 4816 πολεμίων
1069 4744 1319 4800 ἐπέθετο.
1356 4747 1509 4818 "Atta.
1549 4745 1606 4800 δὲ
1646 4747 1920 4802 δείκνυσιν
1951 4751 1980 4804 ὁ

349 4837 612 4916 φανεὶς,
645 4835 722 4900 ὡς
750 4836 975 4908 Χριστῷ
1011 4838 1238 4908 μᾶλλον,
1272 4841 1339 4911 τῇ
1365 4839 1561 4914 πέτρᾳ,
1585 4843 1978 4911 προσενεκτέον

344 4933 497 4992 τὰς
516 4925 768 4998 χάριτας,
801 4928 860 4980 ὲν
889 4920 935 4996 ᾧ
955 4929 1084 4991 τοὺς
1117 4927 1419 4999 πολεμίους
1451 4929 1833 5002 συντρίψουσι.

453 5216 744 5272 Ἔσϐεσεν
775 5216 944 5274 αὐτοῦ
975 5215 1072 5272 καὶ
1090 5214 1190 5288 τὴν
1217 5217 1488 5290 ταραχὴν,
1524 5217 1712 5284 είπὼν,
1746 5235 1766 5272 ι
1795 5220 1870 5274 Οὐ
1902 5220 1979 5293 μὴ

341 5311 698 5384 ἀποθάνῃς.
722 5329 742 5364 ι
1355 5379 1363 5386 ἢ

449 5404 708 5478 [κρήνης
743 5399 909 5473 τυχὸν
962 5401 1024 5454 τὸ
1061 5400 1476 5473 θυσιαστήριον,
1519 5403 1745 5474 εἰρήνην
1773 5403 1980 5474 Κυρίου

349 5499 574 5564 καλεῖ.
619 5515 640 5550 ‹
674 5496 860 5560 Τύπος
885 5495 941 5548 δὲ
985 5493 1146 5548 τοῦτο
1171 5492 1268 5547 τοῦ
1310 5493 1519 5557 πάθους
1541 5493 1784 5566 Χριστοῦ
1820 5513 1840 5548 ι
1882 5495 1978 5550 τοῦ

351 5589 848 5668 προσαγαγόντος
875 5587 1065 5641 ἑαυτὸν
1091 5585 1234 5657 ὑπὲρ
1255 5586 1416 5657 ἡμῶν
1445 5588 1528 5650 εἰς
1547 5587 1722 5659 ὀσμὴν
1752 5588 1982 5654 εὐωδίας

352 5684 474 5758 τῷ
503 5681 624 5752 Θεῷ
653 5681 750 5735 καὶ
779 5679 973 5753 Πατρί.
1009 5678 1184 5741 Αὐτὸς
1211 5680 1320 5748 γάρ
1343 5679 1491 5732 ἐστιν
1525 5679 1560 5743 ἡ
1591 5679 1782 5752 εἰρήνη
1813 5680 1972 5754 ἡμῶν

465 5836 513 5872 ³⁷
545 5833 705 5891 Prov.
740 5851 798 5898 χ,
831 5834 916 5889 15.
989 5833 1036 5865 ⁸⁸
1067 5831 1363 5910 Psal.xxu,
1389 5833 1445 5889 4.

719 5927 992 5987 Pyram“
1039 5927 1156 5987 Gn.
1205 5923 1590 5986 LXXXVII.

2087 4677 2272 4744 Quare
2322 4688 2458 4728 sane
2495 4673 2548 4726 in
2581 4669 2820 4726 ﬁdelium
2871 4681 3167 4722 numerum
3197 4664 3404 4721 Paulus
3433 4679 3556 4721 cum
3582 4679 3674 4718 re-

2087 4769 2236 4822 tulit.
2270 4764 2381 4821 Deo
2432 4763 2581 4818 enim
2629 4759 2876 4816 conﬁsus
2909 4774 3034 4814 cum
3091 4758 3362 4814 trecentis
3393 4765 3474 4814 tot
3497 4757 3671 4811 millia
3755 4750 3768 4803 Ξ

2085 4860 2324 4916 hostium
2373 4855 2672 4925 superavit.
2741 4843 2956 4908 lnte'rea
3002 4866 3136 4908 vero
3178 4851 3385 4907 indicat
3425 4851 3516 4906 hic
3575 4851 3672 4920 qui

2084 4951 2364 5022 apparuit,
2392 4949 2578 5004 omnia
2611 4947 2760 5002 dona
2798 4945 3024 5001 Christo
3051 4959 3196 5000 verae
3239 4925 3410 5014 petra;
3440 4943 3672 5014 potissi-

2086 5060 2237 5098 mum
2293 5040 2594 5099 deferenda
2637 5053 2783 5107 esse,
2826 5038 2989 5110 cujus
3039 5037 3248 5091 virtute
3288 5035 3478 5090 hostes
3517 5049 3674 5091 com-

2086 5134 2359 5190 minuent.

2158 5224 2435 5280 Exstinxit
2471 5237 2642 5294 porro
2698 5221 2878 5293 ipsius
2926 5217 3394 5291 perturbationem
3423 5230 3551 5271 eum
3586 5213 3672 5271 in.
3761 5232 3778 5244 κ

2085 5317 2205 5388 quit
2240 5335 2253 5371 :
2283 5334 2302 5367 ι
2338 5314 2703 5386 Nequaquam
2729 5313 3016 5369 morieris.
3057 5329 3076 5364 ι

2160 5408 2316 5475 Unde
2347 5409 2521 5463 altare
2548 5405 2749 5478 pacis,
2801 5420 2989 5476 pacem
3024 5402 3237 5458 Domini
3301 5401 3444 5458 forte
3473 5411 3668 5458 vocat.

2082 5499 2342 5554 Continet
2405 5515 2534 5555 vero
2582 5497 2819 5569 ﬁguram
2871 5495 3154 5568 passionis
3204 5493 3460 5551 Christi:
3516 5509 3536 5545 ι
3575 5493 3670 5562 qui

2082 5593 2440 5662 semetipsum
2473 5591 2677 5646 obtulit
2718 5605 2818 5660 pro
2864 5589 3030 5645 nobis
3065 5589 3125 5644 in
3177 5587 3407 5644 odorem
3450 5584 3672 5642 suavis-

2080 5684 2284 5742 simum
2313 5685 2421 5742 Deo
2454 5693 2508 5740 et
2539 5681 2708 5739 Patri.
2739 5683 2856 5754 Ipse
2886 5682 3032 5740 enim
3067 5697 3171 5753 pax
3215 5687 3405 5737 nostra
3435 5685 3538 5745 est,
3571 5677 3666 5746 qui

3265 5925 3345 5986 3's
