3992 6454
444 379 577 447 1087
1791 388 2146 453 mocom
2173 365 2422 457 Cum
3608 400 3772 467 tam

443 491 608 548 ambo
656 489 713 546 in
755 506 926 548 unum
968 491 1182 564 redegit
1213 493 1282 560 δ’,
1326 511 1344 545 ι
1405 493 1611 565 quique
1644 495 1897 554 culturas
1924 500 2028 555 da:-

2143 509 2173 561 ό
2208 509 2443 581 ποιήσας
2498 508 2791 582 ἀμφότερα
2830 508 2910 576 ἐν,
2945 530 2961 562 ι
2999 510 3090 565 καὶ
3133 511 3230 578 τὰς
3280 511 3594 587 θρησκείας
3644 516 3772 576 τὰς

441 582 696 639 monicas
744 599 774 637 a
806 584 1060 655 patribus
1119 584 1353 640 traditas
1414 586 1677 656 gentibus
1728 587 1796 642 ad
1848 602 2028 643 exem-

2137 600 2462 673 ὼιμονικάς
2489 601 2760 669 καθελὼν,
2783 603 2882 667 τὰς
2912 605 2977 658 ἐκ
2998 610 3254 677 πατέρων
3279 582 3771 678 παραδεδομένας

446 674 593 742 plum
629 674 909 731 cheonis
952 675 1216 732 abolevit.
1261 676 1367 744 Qui
1421 676 1658 732 vitulum
1692 693 1917 750 quoque
1946 695 2028 735 sa-

2138 696 2252 757 τοῖς
2281 692 2463 749 ἔθνεσι
2485 712 2498 726 ο
2538 694 2796 766 καθάπερ
2834 696 2864 748 ό
2902 674 3226 763 Γεδεὼνξός
3264 674 3380 753 και-
3402 699 3499 753 τὸν
3534 674 3769 770 μόσχον

444 764 691 833 ginatum
722 766 958 837 ejusque
1007 768 1100 839 qui
1139 783 1242 838 pro
1294 768 1723 837 nobisqohlatus
1771 780 1857 826 est
1898 772 2028 845 ﬁgu-

2139 784 2412 855 προσάγει
2475 785 2568 839 τὸν
2628 764 2875 840 σιτευτὸν
2928 786 3008 858 τῷ
3045 787 3201 861 Θεῷ,
3245 790 3337 844 τὸν
3369 764 3548 861 ὑπὲρ-
3584 764 3769 861 iui.th

448 873 560 911 ram
596 860 1003 929 praeferentem,
1052 858 1242 916 offert.

2139 874 2583 947 προσενεχθέντα
2620 875 2993 947 τυπούμενον.
3192 856 3221 886 Χ

512 947 650 1006 Illud
705 968 839 1008 vero
875 952 1053 1021 Maoz,
1090 956 1292 1026 Aquila
1352 958 1613 1028 exposuit
1667 959 2028 1030 fortitudinis,

2209 968 2303 1035 Τὸ,
2351 968 2528 1034 Mati»:
2548 1011 2564 1035 ,
2616 970 2855 1034 Ἀκύλας
2910 972 3145 1040 ἐξέδωκε
3173 1014 3189 1041 ,
3244 974 3730 1046 κραταιώματος

444 1041 811 1113 Symmachus
842 1060 975 1102 vero
1009 1046 1198 1116 fortes.

2136 1060 2437 1132 Σύμμαχος
2466 1061 2547 1126 δὲ,
2581 1064 2893 1132 κραταιοῦ.
3104 1074 3110 1082 “

510 1131 656 1190 Petit
714 1151 850 1191 vero
909 1137 1479 1213 secundumsignum,
1540 1143 1597 1198 in
1660 1141 2028 1214 praecedentis

2203 1153 2359 1205 Αίτεῖ
2397 1152 2497 1206 mi.
2533 1152 2792 1223 δεύτερον
2840 1157 3070 1226 σημεῖον
3120 1159 3203 1222 εἰς
3247 1159 3349 1231 τὴν
3378 1162 3475 1216 τοῦ
3527 1164 3777 1232 προλα-

444 1225 948 1285 conﬁrmationem.
1000 1229 1066 1285 Et
1100 1232 1281 1287 vellus
1310 1234 1491 1289 solum
1543 1235 1760 1291 siccum
1790 1246 1933 1304 erat,
1968 1238 2028 1291 [i-

2134 1243 2322 1309 6όντος
2348 1245 2660 1316 βεϐαίωσιν.
2686 1248 2797 1301 Καὶ
2830 1250 2859 1301 ὁ
2882 1225 3051 1315 πόκος
3080 1253 3244 1323 μόνος
3281 1225 3504 1312 ἐδεύετο
3535 1225 3628 1322 είς
3655 1260 3775 1313 1'5-

440 1334 747 1391 gnramque
806 1322 1031 1378 lsraelis
1092 1324 1191 1394 qui
1252 1324 1409 1381 solus
1467 1326 1714 1381 divinam
1779 1331 2028 1399 percepit

2135 1351 2235 1389 πον
2263 1334 2357 1389 τοῦ
2376 1335 2618 1409 Ἰσραὴλ,
2637 1337 2695 1402 ὃς
2727 1338 2887 1409 μόνος
2910 1340 3010 1411 τῆς
3042 1322 3193 1408 θείας
3212 1344 3455 1401 ἀπέλαυε
3487 1348 3768 1419 χάριτος.

441 1411 698 1480 gratiam,
747 1414 994 1484 gerebat.
1056 1413 1230 1470 Terra
1288 1425 1475 1473 autem
1510 1419 1797 1484 universa,
1828 1421 2028 1475 vellere

2135 1429 2229 1481 καὶ
2261 1430 2294 1500 ἡ
2321 1428 2394 1500 γῆ
2432 1430 2584 1484 πᾶσα
2618 1431 2783 1487 πάλιν
2811 1434 2907 1488 τοῦ
2950 1435 3123 1490 πόκου
3143 1437 3333 1508 χωρὶς,
3371 1443 3455 1504 εἰς
3487 1411 3612 1512 ,τὴ-ν
3639 1411 3766 1495 “In:

443 1503 687 1573 seposito
751 1504 999 1574 gentium
1045 1506 1476 1562 similitudinem
1529 1509 1629 1580 qui
1678 1508 1823 1564 dona
1860 1511 2028 1581 spiri-

2133 1519 2307 1575 ἐθνῶν
2326 1522 2622 1594 ὁμοιότητα
2644 1525 2754 1578 τῶν
2801 1526 3117 1599 δεξαμένων
3284 1533 3381 1587 τοῦ
3411 1503 3763 1606 Πνεύίματος

441 1595 611 1648 tualia
652 1606 1041 1665 perceperunt,
1075 1598 1302 1651 cum'iis
1339 1613 1546 1654 vacuus
1592 1601 1665 1656 sit
1697 1600 1902 1666 lsracl,‘
1934 1600 2028 1655 ha-

2133 1613 2360 1686 δωρεὰς,
2406 1617 2619 1688 ἐρήμου
2682 1617 2838 1685 ὄντος
2874 1595 2970 1675 rei}
3025 1595 3269 1696 Ἰσραήλ.
3308 1629 3373 1681 Ὃ
3416 1628 3517 1681 καὶ
3571 1595 3760 1681 λαόὶδ

439 1683 551 1741 bet.
590 1684 748 1753 Quod
779 1697 834 1741 et
855 1686 1026 1741 David
1059 1703 1227 1758 parva
1259 1689 1679 1754 signiﬁcatione
1733 1690 2026 1757 indicavit,

2133 1683 2505 1778 αἰνιττόμενος
2518 1683 2736 1780 *ἔφασκε
2750 1728 2765 1742 ο
2800 1683 2953 1768 «νΚαὶ
2970 1683 3343 1790 καταϐήσεται
3368 1720 3447 1783 ὡς
3464 1720 3631 1785 ὑετὸς
3650 1723 3752 1775 ἐπὶ

439 1779 683 1836 dicens:
745 1798 763 1832 ι
825 1779 891 1834 Et
949 1779 1255 1836 descendet
1320 1783 1791 1852 quemadmodum
1840 1784 2028 1855 pluvia

2133 1801 2328 1868 πόκον,
2362 1803 2462 1857 καὶ
2488 1779 2623 1858 ὡσεὶ
2654 1807 2920 1875 σταγόνες
2946 1779 3246 1875 στάζουσαι
3286 1814 3382 1866 ἐπὶ
3419 1779 3523 1885 τήν
3553 1779 3686 1886 τήν,
3722 1834 3743 1866 ι
3776 1820 3785 1825 ”

440 1887 609 1943 super
643 1872 842 1936 vellus,
874 1879 931 1927 ct
975 1873 1124 1928 sicut
1179 1882 1351 1944 guttae
1406 1874 1685 1931 stillantes
1725 1892 1894 1947 super
1921 1884 2028 1932 ter-

2133 1893 2311 1966 δηλῶν
2344 1895 2403 1950 ἐν
2433 1895 2513 1950 οα⁹
2534 1895 2735 1970 ψαλμῷ
2768 1871 2869 1972 τὴν
2896 1903 3042 1956 κατὰ
3062 1871 3248 1973 σάρκα
3283 1871 3576 1977 γέννησιν,
3604 1871 3751 1980 ήσύ-

439 1979 557 2020 ram
588 1963 659 2022 ’°.
690 1983 709 2016 ι
745 1962 1006 2019 Ostendit
1050 1979 1185 2020 vero
1217 1966 1637 2035 septuagesimo
1661 1967 1843 2038 primo
1877 1968 2033 2039 psal-

439 2071 531 2112 mo
604 2056 884 2111 carnalem
952 2056 1368 2128 generationem
1452 2058 1753 2128 tranquille
1804 2056 2032 2123 factam

438 2162 504 2203 ac
544 2149 803 2218 mystice.
858 2145 979 2201 Non
1032 2147 1183 2202 enim
1242 2147 1421 2202 vellus
1478 2147 1749 2203 detrectat
1782 2149 2033 2225 recipere

436 2239 708 2313 pluviam,
770 2255 880 2295 non
944 2248 1090 2295 terra
1149 2247 1361 2311 guttas,
1407 2241 1483 2296 ita
1536 2240 1757 2296 Domini
1809 2257 2033 2313 quoque

439 2333 588 2389 facta
623 2340 709 2390 est
734 2332 1047 2403 conceptio.
1081 2333 1261 2388 Ambo
1309 2349 1444 2390 vero
1487 2335 1653 2390 simul
1704 2331 2032 2408 complexus

437 2430 524 2479 est
570 2420 743 2476 David
787 2421 1051 2493 inquiens
1087 2440 1099 2477 :
1155 2439 1176 2474 ι
1233 2420 1468 2494 Propter
1499 2434 1714 2494 gentes,
1747 2430 1803 2479 et
1839 2439 2032 2480 serva-

438 2524 526 2573 tos
563 2531 630 2572 ex
663 2514 855 2572 lsraci.
890 2532 911 2566 ι

511 2609 695 2666 Deduc
744 2626 832 2666 eos
891 2608 963 2663 ad
1018 2625 1236 2681 aquam.
1294 2607 1453 2682 μω,
1484 2608 1565 2682 1.]
1614 2609 1847 2665 Factum
1894 2609 2032 2666 illud
2136 2630 2145 2641 ο

437 2719 640 2775 aquam
696 2702 1056 2760 iambentium
1114 2710 1436 2773 temereque
1486 2703 1889 2769 haurientium,
1931 2702 2028 2758 alii

436 2791 665 2862 quidem
729 2792 798 2848 de
863 2790 1250 2847 imbecillitate
1302 2806 1499 2846 eorum
1566 2791 2028 2863 interpretantur,

436 2886 600 2956 quasi
632 2884 778 2941 Deus
810 2900 1014 2957 segnes
1065 2884 1389 2957 laborisque
1414 2886 1772 2956 impatientes
1802 2887 2028 2959 delege-

436 2979 533 3034 rit.
567 2978 643 3031 Ac
672 2992 771 3033 eos
798 2976 1023 3049 quidem
1064 2991 1203 3047 quos
1237 2991 1418 3049 genua
1470 2975 1770 3046 inﬂectere,
1804 2992 1870 3032 ac
1906 2979 2031 3033 bre-

437 3086 558 3128 vem
588 3070 683 3126 siti
724 3070 888 3125 (ine‘m
936 3070 1224 3141 imponere
1280 3070 1545 3142 piguerit,
1596 3069 1803 3141 quique
1838 3070 2032 3126 timide

436 3179 503 3219 ac
540 3162 899 3219 tumultuarie
931 3162 1094 3233 quasi
1135 3163 1451 3232 rapuerint.
1484 3163 1608 3228 Quo
1637 3162 1901 3218 videlicet
1939 3170 2029 3218 to-

435 3268 552 3312 tum
575 3273 715 3329 opus
749 3232 959 3313 divinae
974 3256 1165 3326 gratiae
1200 3271 1328 3311 esse
1364 3255 1670 3311 videretur.
1703 3255 1836 3311 Nam
1867 3256 2028 3311 Chri-
2055 3232 2101 3293 (ἶ

435 3358 558 3405 stus
592 3363 815 3420 quoque
859 3347 1103 3403 intirmis
1154 3346 1320 3418 hujus
1368 3346 1603 3416 mundi,
1649 3348 2027 3420 piscatoribus

434 3442 679 3500 coriario
752 3441 986 3497 delectis
1043 3441 1339 3512 appulsam
1415 3441 1661 3512 gentium
1718 3443 1911 3498 diruit.
1968 3443 2026 3499 ld

432 3535 584 3608 quod
626 3534 802 3593 Isaias
833 3550 1061 3607 quoque
1113 3535 1352 3592 innuens
1384 3535 1545 3607 505
1586 3537 1808 3608 inquit:
1850 3556 1868 3589 ι
1905 3534 2028 3591 Vir-

431 3644 556 3701 gam
598 3629 746 3685 enim
794 3628 1133 3701 perﬁdorum
1185 3629 1526 3685 comminuit
1573 3630 1641 3695 ἰ,
1682 3649 1702 3683 ι
1751 3631 2026 3704 quemad-

432 3720 662 3777 modum
695 3720 784 3777 die
816 3736 883 3776 eo
914 3721 1048 3777 fecit
1094 3735 1207 3791 quo
1239 3728 1434 3775 contra
1471 3720 1686 3776 Madian
1720 3730 2025 3793 pugnatum

435 3821 545 3871 est.
595 3813 824 3870 Necnon
877 3828 1010 3870 vero
1041 3812 1176 3868 nudi
1222 3812 1502 3869 Gedeonis
1543 3813 1768 3870 fuerunt
1802 3812 2025 3883 milites,

438 3906 573 3963 nudi
629 3921 853 3978 quoque
902 3904 1162 3976 discipuli
1215 3919 1247 3959 a
1292 3904 1517 3960 Christo
1578 3905 1884 3969 amandati,
1932 3907 2026 3977 qni

435 3996 833 4053 miraculorum
877 3995 1026 4050 faces
1079 4010 1194 4066 prae
1261 4010 1322 4050 se
1373 3995 1641 4061 tulerunt,
1676 3996 2027 4067 prwdicatio-

433 4089 636 4160 nisque
676 4090 890 4146 tubam.
946 4087 1123 4143 Porro
1157 4087 1250 4142 alii
1284 4086 1604 4144 fortitudini
1645 4090 2024 4145 Iambitionem

434 4181 633 4237 horum
685 4187 1064 4236 trecentorum
1122 4178 1397 4246 tribuunt,
1445 4179 1573 4235 item
1626 4180 2024 4250 temperantiae,

432 4273 726 4329 dicentes:
782 4270 1024 4326 Pulchra
1068 4269 1250 4325 virtus
1301 4271 1672 4341 temperantia
1727 4279 1835 4336 est,
1882 4271 2028 4328 sicut

430 4373 706 4424 testantur
759 4364 996 4421 trecenti
1037 4361 1319 4419 Gedeonis
1375 4363 1515 4419 socii
1548 4363 1647 4435 qui
1689 4363 2027 4421 Madianitas

431 4461 793 4532 subegerunt.

2133 2003 2244 2057 χως
2271 1987 2577 2059 γενομένην
2605 1988 2699 2043 καὶ
2735 1990 3125 2061 μυστικῶς.οὺ
3158 1994 3326 2066 ψοφεῖ
3358 1997 3494 2067 γὰρ,
3527 1998 3598 2052 οὐ
3637 1998 3749 2051 πό-

2134 2094 2231 2143 κος
2255 2080 2552 2152 δεχόμενος
2586 2082 2762 2151 ὑετὸν,
2800 2084 2866 2139 οὐ
2912 2086 2987 2157 γῆ
3018 2088 3310 2158 σταγόνας.
3344 2090 3540 2154 Οὕτως
3564 2093 3601 2163 ή
3635 2094 3743 2145 Δε-

2135 2174 2373 2246 σποτική
2396 2174 2700 2245 γεγένηται
2731 2176 3019 2250 σύλληψις.
3065 2181 3383 2254 ’Δμφότερα
3409 2183 3471 2237 δὲ
3506 2185 3749 2240 συνέλα-

2134 2263 2229 2406 ϐῗν
2257 2266 2286 2319 ό
2318 2265 2511 2408 ἒαϐὶδ,
2551 2285 2570 2321 ι
2597 2268 2696 2323 Διά
2741 2270 2812 2325 τὰ
2840 2269 2993 2344 ἔθνη,
3038 2274 3133 2329 καὶ
3174 2277 3305 2340 τοὺς
3342 2276 3634 2344 σωθέντας
3683 2278 3745 2347 ἐξ

2147 2352 2330 2427 ’σραή
2371 2373 2432 2409 ,ι

2147 2352 2432 2425 Ἰσραήλ.»

2203 2627 2316 2684 Καὶ
2340 2629 2674 2703 κατήνεγκε
2706 2633 2814 2689 τόν
2843 2636 3001 2691 λαὸν
3024 2640 3112 2705 εἰς
3147 2639 3215 2695 τό
3248 2640 3431 2712 ὕδωρ.
3483 2643 3562 2698 To
3601 2649 3740 2719 περὶ

2132 2721 2243 2776 τῶν
2298 2722 2626 2793 λαψάντων,
2686 2728 2782 2783 καὶ
2837 2729 2949 2801 μὴ,
3003 2731 3280 2805 διαφόρως
3329 2734 3606 2802 ἐδέξαντο.
3668 2740 3734 2793 Οί

2136 2814 2237 2885 μὲν
2269 2815 2381 2888 (65)
2418 2817 2694 2887 λέγοντες,
2719 2821 2794 2885 ὡς
2824 2823 3072 2890 ἀσθενεῖς
3097 2826 3299 2894 αὐτοὺς
3323 2829 3416 2884 τὸν
3438 2832 3571 2886 Θεὸν
3605 2835 3729 2887 ἐπι-

2133 2904 2414 2970 λέξασθαι,
2445 2908 2521 2973 ὡς
2547 2910 2741 2976 νωθεῖς
2784 2914 2880 2967 καὶ
2919 2915 3148 2986 ἀργοὺς,
3181 2918 3277 2972 καὶ
3322 2919 3398 2992 μὴ
3429 2920 3733 2994 βουληθένο

2132 3014 2232 3061 τας
2263 2997 2323 3063 ἐξ
2348 2998 2511 3053 ὄκνου
2543 3001 2723 3056 κλῖναι
2760 3003 2827 3058 τὰ
2863 3007 3090 3073 γόνατα,
3117 3010 3215 3064 καὶ
3247 3009 3505 3083 σύντομον
3530 3015 3719 3086 πέρας·

2134 3089 2407 3145 ἐπιθεῖναι
2443 3095 2507 3163 τῇ
2548 3093 2702 3168 δίψῃ,
2739 3096 2855 3150 ἀλλ’
2902 3098 2978 3162 ὡς
3012 3100 3071 3152 ἐν
3118 3100 3334 3174 θορύϐῳ
3373 3103 3456 3157 διὰ
3497 3104 3716 3160 δειλὴν

2133 3183 2518 3255 ἁρπάζοντας·
2561 3186 2639 3250 ὡς
2690 3187 2757 3242 ἂν
2808 3190 2870 3243 τὸ
2923 3189 3088 3263 ἔργον
3122 3195 3222 3264 τῆς
3276 3194 3413 3258 θείας
3463 3196 3729 3266 φαίνοιτο

2131 3272 2377 3345 χάριτος.
2411 3275 2524 3328 Καὶ
2552 3276 2794 3347 Χριστός
2836 3279 2945 3350 γὰρ
2975 3280 3043 3334 τὰ
3090 3282 3296 3355 ἀσθενῆ
3346 3284 3438 3338 τοῦ
3484 3287 3727 3357 κόσμου,

2128 3366 2258 3429 τοὺς
2289 3365 2480 3431 ἁλιέας
2518 3369 2614 3421 καὶ
2654 3368 2748 3423 τὸν
2786 3374 3123 3444 σκυτοτόμον
3169 3376 3588 3449 ἐπιλεξάμενος.
3628 3383 3730 3453 τὴν

2128 3458 2237 3513 τῶν
2268 3458 2437 3513 ἐθνῶν
2456 3461 2722 3515 κατέλυσε
2745 3463 3074 3536 προσϐολήν.
3096 3468 3160 3521 Ὃ
3177 3469 3272 3522 καὶ
3303 3470 3483 3540 δηλῶν
3498 3470 3728 3537 Ἡσαΐας

2130 3554 2297 3620 φησί’
2332 3571 2351 3606 ι
2373 3553 2485 3624 Τὴν
2514 3553 2621 3628 γὰρ
2661 3555 2857 3623 ῥάϐδον
2892 3556 3003 3611 τῶν
3033 3560 3412 3616 ἀπειθούντων
3443 3563 3724 3620 διεσκέδα-

2131 3659 2243 3704 σεν,
2285 3660 2304 3693 ›
2341 3643 2417 3706 ὡς
2465 3647 2532 3715 τῇ
2568 3647 2752 3716 ἡμέρᾳ
2782 3650 2849 3718 τῇ
2882 3649 2975 3701 ἐπὶ
3012 3650 3257 3722 Μαδιάμ.
3286 3653 3501 3724 Γυμνοὶ
3529 3657 3640 3727 γὰρ
3675 3657 3720 3710 οἵ

2131 3735 2273 3808 μετὰ
2330 3736 2556 3791 Γεδεών.
2610 3739 2817 3808 Γυμνοὶ
2849 3741 2945 3794 καὶ
2976 3742 3027 3794 οἱ
3078 3745 3236 3814 -παρά
3270 3747 3528 3818 Χριστοῦ
3583 3767 3694 3818 πεμ-

2130 3827 2357 3898 φθέντες
2402 3827 2725 3896 ἀπόστολοι,
2772 3830 3030 3900 φέροντες
3084 3834 3194 3888 τῶν
3261 3835 3575 3906 θαυμάτων
3625 3839 3706 3901 τὶς

2128 3919 2443 3990 λαμπάδας,
2474 3921 2571 3974 καὶ
2607 3921 2715 3974 τῶν
2752 3924 3133 3993 κηρυγμάτων
3162 3927 3260 3990 τὰς
3292 3928 3636 3999 σάλπιγγας.
3663 3932 3721 3983 0i

2127 4010 2185 4064 δέ
2218 4028 2358 4081 φασι
2395 4012 2531 4085 (64),
2564 4013 2633 4066 Τί
2664 4014 2720 4067 δὲ
2750 4017 2879 4079 τοὺς
2935 4017 3078 4088 μετὰ
3110 4018 3318 4073 Γεδεὼν
3368 4024 3724 4091 τριακοσίους

2127 4104 2255 4168 τοὺς
2290 4103 2570 4175 λάψαντας
2624 4096 2932 4178 ἁνδρικῶς;
2964 4109 3060 4163 καὶ
3109 4110 3270 4164 πάλιν
3300 4111 3440 4181 (65).
3480 4114 3717 4184 Καλὺνή

2129 4196 2430 4266 ἐγκράτεια
2456 4237 2471 4261 ,
2515 4198 2608 4252 καὶ
2670 4200 3046 4273 μαρτυροῦσιν
3097 4203 3146 4255 οί
3194 4203 3338 4273 μετά
3377 4204 3593 4259 Γεδεὼν
3625 4207 3720 4277 τὴν

2128 4288 2358 4360 Μαδιὰμ
2381 4291 2804 4364 χειρωσάμενοι.
3578 4314 3586 4325 ·

500 4551 829 4623 Cuiusmodi
857 4564 991 4607 sane
1024 4548 1094 4605 de
1134 4548 1242 4605 otia
1282 4547 1577 4605 hordeacei
1620 4549 1780 4620 panis
1815 4565 1937 4620 quae
1968 4550 2021 4606 in

2203 4554 2361 4612 Οὕτω
2393 4556 2450 4611 δέ
2484 4575 2632 4622 τινες
2674 4557 2772 4613 καὶ
2802 4559 2871 4614 τὰ
2903 4560 3034 4632 περὶ
3067 4560 3170 4632 τῆς
3206 4562 3437 4633 μαγίδος
3470 4563 3570 4617 τοῦ
3603 4583 3729 4636 κρι-

431 4648 646 4703 somnis
690 4645 808 4702 visa
861 4655 966 4711 εει,
1029 4643 1406 4701 tradiderunt.
1459 4641 1634 4710 Quam
1663 4643 2024 4700 reddiderunt

430 4744 668 4814 reliqui,
720 4742 996 4813 siliginem
1052 4748 1148 4796 aut
1210 4741 1544 4811 placentam.
1619 4738 1695 4792 Ea
1757 4741 1905 4795 enim
1947 4740 2024 4796 si-
2070 4798 2071 4803 η

429 4850 598 4908 gnum
631 4833 1018 4906 temperantia:
1047 4840 1202 4900 sunt,
1237 4834 1502 4902 inquiunt
1530 4848 1656 4902 quae
1683 4840 1864 4889 castra
1903 4833 2019 4889 Ma-

428 4924 763 4981 dianitarum
823 4922 1048 4978 devicit.
1105 4922 1244 4976 Cum
1300 4922 1355 4978 id
1411 4937 1541 4978 vero
1597 4923 2019 4990 scortationem,

427 5032 537 5091 qua
573 5015 887 5073 Madianita:
920 5004 1190 5073 lsraelitis
1240 5021 1371 5069 sunt
1401 5014 1675 5079 insidiati,
1704 5013 1958 5071 denotet.

2131 4647 2280 4703 θίνου
2314 4650 2481 4723 ἄρτου
2519 4652 2620 4722 τῆς
2650 4653 2707 4706 ἐν
2734 4652 2927 4725 ὀνείρῳ
2957 4653 3284 4725 παρέδωκαν
3306 4673 3320 4688 ·
3354 4658 3420 4728 ἢν
3447 4656 3725 4721 ἐξέδωκαν

2132 4743 2182 4795 oi
2219 4742 2395 4796 λοιποὶ
2421 4784 2438 4810 ,
2467 4742 2666 4812 ὅλυραν
2712 4744 2745 4815 ἢ
2792 4745 3114 4817 κολλυρίδα.
3165 4745 3351 4802 Ταῦτα
3396 4749 3507 4821 γάρ
3557 4767 3725 4820 φασιν

2130 4834 2465 4906 ἐγκρατείας
2486 4838 2789 4907 τεκμήριον
2818 4836 2918 4907 τῆς
2953 4837 3194 4911 νικώσης
3224 4839 3325 4911 τὴν
3367 4841 3726 4913 παρεμϐολὴν

2128 4926 2392 4997 Μαδιάμ’
2428 4926 2457 4981 ὃ
2500 4928 2757 4999 σημαίνει
2815 4931 3095 5005 πορνείαν,
3130 4931 3202 4986 δι’
3259 4928 3330 5005 ἧς
3382 4934 3725 5005 ἐνήδρευσαν

2129 5011 2278 5073 οὗτοι
2326 5019 2420 5072 τὸν
2468 5020 2711 5093 Ἰσραήλ.

508 5109 811 5166 Lambendi
875 5119 1063 5164 autem
1098 5106 1453 5173 exercitatio,
1485 5107 1935 5177 qualemcunque
1983 5110 2269 5166 sanctitati
2299 5110 2476 5167 facem
2530 5113 2796 5183 praebere.
2826 5113 2963 5171 Nam
3001 5123 3055 5172 et
3094 5115 3347 5189 virgines
3389 5116 3446 5172 in
3471 5116 3728 5190 Evange-

499 5283 547 5317 '"
578 5282 782 5354 Epltcs.
826 5299 887 5347 ιι,
924 5282 1013 5338 14.
1093 5281 1139 5312 ⁸ο
1171 5278 1316 5338 Psal.
1351 5295 1480 5336 uxr
1511 5321 1524 5343 ,
1559 5279 1614 5337 6.
1691 5282 1734 5313 θ’
1769 5281 1877 5338 lsa.
1913 5298 1989 5349 ιτ,
2020 5283 2075 5338 4.

1959 5399 2197 5458 NOTAE.

505 5494 619 5567 (65)
660 5495 765 5549 Τὸν
798 5490 1145 5567 ,Θεοδώριτον
1199 5491 1417 5567 παντως
1472 5491 1793 5556 αἰνίττεται,
1841 5487 1903 5546 οὗ
1926 5491 2021 5545 τὸν

430 5562 556 5622 νοῦν
582 5562 863 5626 αύτολεεεὶ
892 5562 1083 5634 σχεδὸν
1106 5562 1410 5634 ἐκτίθησιν.
1537 5631 1548 5634 Α
1859 5631 1884 5634 μ
1940 5626 1943 5631 .

504 5637 615 5708 (64)
650 5638 708 5691 ’0
738 5631 1001 5708 Ναζιανζ.
1027 5636 1084 5689 ἐν
1111 5632 1189 5706 τῷ
1216 5631 1296 5687 ΒΞ
1315 5633 1435 5703 λόγ.
1472 5631 1615 5693 σελ.,
1639 5631 1747 5687 διδ
1821 5631 1922 5703 τῆς
1959 5633 2018 5686 ἐν

431 5706 628 5778 Παρισ.
659 5706 841 5762 ἐκδόσ.

504 5778 615 5846 (65)
662 5777 722 5831 '0
759 5776 917 5841 αὐτὸς
945 5775 1089 5833 ἐν16
1139 5772 1418 5846 λόγ..σελ.ᾲ
1462 5774 1588 5836 241,
1631 5771 1808 5828 οὖτω’
1832 5772 2020 5846 Καλὸν

428 5843 747 5919 ἐκγρᾶτεια,
772 5850 864 5901 καὶ
913 5849 1146 5903 πειθέτω
1176 5862 1235 5900 σε
1262 5844 1445 5911 Δαϐὶδ,
1471 5847 1654 5912 ἡνίκα,
1688 5843 2018 5916 κτ.Μεμνη-

2128 5510 2218 5569 ται
2342 5494 2370 5546 ό
2408 5491 2675 5569 Ναζιανς.
2705 5494 2799 5569 τοῦ
2818 5492 3030 5569 Γεδεὼν
3059 5496 3153 5552 καὶ
3189 5497 3249 5551 ἐν
3273 5496 3408 5569 τῷὗ
3456 5498 3722 5567 λογ.,σελ.

2129 5563 2219 5625 57,
2240 5563 2415 5641 λέγων
2438 5566 2715 5641 ’Λογὰδες
2728 5566 2917 5641 ρλίγοι
2942 5567 3276 5641 λάπτοντες,
3294 5563 3391 5641 και
3427 5563 3591 5641 νικᾷν
3638 5589 3727 5625 πι-

2129 5635 2476 5713 στευόμενοι,
2507 5637 2606 5713 και
2624 5635 2888 5713 νικῷντες
2913 5639 3055 5713 κατά
3087 5640 3187 5713 τᾲς
3238 5639 3486 5713 ἐλπίδας,
3526 5635 3555 5694 ό
3588 5641 3726 5713 βρε-

2130 5705 2231 5782 ᾉὺς
2261 5705 2517 5782 ἁριθμρς,
2552 5708 2652 5782 ita;
2693 5706 2950 5782 πλείονας
2978 5710 3243 5782 χιλιᾷδας.
3292 5711 3445 5782 Μήτι
3474 5728 3535 5778 γε
3570 5705 3667 5771 οὖν
3697 5715 3726 5768 ό

2131 5776 2405 5846 Προκόπ.
2433 5778 2491 5830 ἐν
2543 5777 2689 5849 ἄλλῳ
2730 5776 3052 5852 ἀντιγράᾴῳ
3094 5781 3230 5852 ὅπερ
3285 5776 3583 5855 ἀναφέρει,
3638 5784 3727 5838 εὖ·

2130 5863 2306 5919 ρηκε;
