3992 6392
440 401 574 468 1069
1581 391 2119 456 COMMENTARII
2160 389 2242 450 IN
2280 389 2618 452 JU-DICES.
3541 381 3677 446 10ῗο

435 515 511 572 tio
535 516 684 571 fares
740 517 1049 586 gestarant.
1107 510 1186 568 Ac
1240 511 1294 568 in
1349 519 1566 564 summa
1597 518 1731 561 vero
1787 480 1961 559 levem
2001 500 2240 571 aliquam
2281 499 2501 554 turbam
2548 511 2694 568 saepe
2742 498 3108 568 potentiorem
3147 507 3409 564 superare
3470 495 3678 565 signiﬁ-

507 621 606 657 νη.

507 621 536 652 v
591 639 606 657 .

437 611 830 746 caC'lttznxcrunt
860 689 1040 761 itaque
1068 686 1198 742 tuba
1227 695 1330 740 tres
1353 685 1446 738 isti
1481 681 1716 736 ordines.
1755 675 1896 750 [l9.]
1937 675 1997 731 ln
2024 681 2136 730 tres
2161 673 2388 730 ordines
2440 681 2720 728 trecentos
2754 671 2970 737 divisit,
3005 671 3172 740 inque
3199 669 3488 761 ceriturias
3519 670 3676 754 rede-

433 779 534 848 git.
593 777 799 832 Contra
848 754 982 830 vero
1032 774 1226 829 hostes
1263 772 1507 842 gentium
1564 766 1776 832 vulgari
1833 777 1986 817 more
2014 761 2295 817 distributi
2341 762 2395 816 in
2431 776 2541 816 uno
2568 761 2733 832 globo
2758 758 2945 814 cuncti
2974 765 3156 813 erant.
3192 754 3296 822 Qui
3327 756 3490 811 etiam
3552 771 3683 810 voce

438 865 846 936 perstrepéntes
878 875 1110 931 seseque
1147 869 1340 914 mutuo
1375 856 1694 910 territantes
1725 851 2081 906 interierunt.

500 929 691 1004 Annon
749 965 987 1004 racemus
1018 929 1273 1017 Ephraim
1317 943 1493 1013 potiar
1528 951 1606 996 est
1638 955 1740 994 una
1774 937 2041 993 Abiczer.’

2162 933 2249 1000 lli,
2299 932 2384 1006 2.]
2424 934 2772 1004 ἐπιφυλλίδες
2793 933 2948 1002 parvi
2980 932 3122 988 botri
3151 939 3304 1017 sunt,
3328 931 3422 1001 qui
3455 929 3528 985 ob
3559 945 3684 998 par-

437 1039 661 1093 vitatem
700 1015 1106 1092 vindemiantes
1159 1033 1353 1088 latent.
1405 1029 1620 1097 Quibus
1669 1025 1913 1096 seipsum
1954 1037 2080 1078 cum
2111 1038 2211 1078 sua
2240 1021 2391 1076 tribu
2445 1022 2700 1077 modeste
2747 1020 3120 1090 comparavit.
3152 1015 3286 1072 Uvae
3318 1033 3452 1072 vero
3477 1018 3681 1073 tribum

441 1127 696 1194 Ephrairn
729 1139 850 1194 quae
880 1123 1174 1179 strinxerit
1205 1120 1432 1174 multos.

502 1193 844 1286 Βορκομμίν
905 1215 1049 1270 κατὰ
1093 1215 1192 1286 μὲν
1241 1212 1558 1283 Σύμμαχον,
1590 1211 1651 1263 al
1707 1204 2061 1274 τρίϐολοιοΑ

2180 1199 2497 1270 Βορκομμδν
2549 1199 2644 1269 qui
2701 1199 3008 1254 secundum
3057 1197 3448 1272 Symmachum
3499 1193 3688 1250 tribuli

445 1309 586 1364 κατὰ
607 1309 666 1362 δέ
706 1307 954 1370 Ἀκύλαν,
992 1305 1417 1375 τραγάκαγθαι.

2162 1299 2273 1352 unt,
2301 1288 2605 1344 secundum
2646 1290 2900 1359 Aquilam
2933 1305 3065 1345 vero
3093 1288 3471 1360 τραγάκανθα.

527 1399 766 1468 Έφοὺδ,
797 1401 1050 1470 μαντεῖον
1083 1397 1116 1467 ῆ
1147 1395 1387 1448 εἴδωλον.

2194 1379 2401 1448 Ephud.
2429 1379 2536 1454 [7.]
2563 1378 2859 1436 Oraculum
2893 1395 2992 1436 seu
3024 1381 3256 1435 idolum.

514 1466 765 1559 "Ardpac
798 1466 1018 1556 πενοὺς
1047 1466 1144 1543 καί
1187 1485 1660 1557 θαμϐουμένους.
1694 1481 2013 1551 Σύμμαχος.

2201 1470 2358 1526 Viros
2383 1470 2617 1540 perditos
2645 1478 2696 1524 et
2728 1469 2994 1540 stupidas.
3042 1469 3162 1542 ΠΧ,
3193 1467 3275 1542 4.]
3307 1466 3690 1540 Symmachus,

442 1580 754 1651 ἀπράγους
784 1581 882 1636 καὶ
931 1577 1478 1654 ἀπονενοημένως.
1504 1574 1790 1630 Δεδοίκασι
1829 1571 1938 1642 γὰρ
1965 1569 2018 1622 οἱ

2162 1563 2363 1632 rapaces
2405 1572 2454 1616 et
2504 1562 2741 1616 timidos.
2791 1559 3012 1616 Timent
3047 1561 3195 1617 enim
3246 1559 3478 1615 maleﬁci
3514 1560 3693 1630 legum

447 1673 746 1743 κακοῦργοι
771 1673 872 1743 τὴν
895 1672 958 1726 ἐκ
991 1652 1174 1741 νόμιον
1205 1671 1568 1740 ἐπιστροφήν.
2124 1652 2494 1743 disciplinam.

518 1735 758 1832 ’Ἀρείονα
783 1735 900 1831 τῆν
924 1735 1211 1828 ποιάτητά
1232 1735 1389 1830 μουί
1411 1735 1714 1824 τουτέστιν,
1734 1755 1808 1810 Οὐ
1831 1753 2024 1824 δέομαι

2182 1741 2327 1797 Num
2381 1745 2569 1796 relicta
2609 1739 2924 1812 pinguedine
2971 1755 3108 1794 mea.
3157 1736 3263 1810 [9.]
3309 1735 3421 1793 Hoc
3453 1748 3556 1805 est,
3586 1756 3694 1794 non

449 1855 778 1908 ἐπεισάκτου
807 1856 998 1924 τιμῆς,
1028 1851 1242 1906 οἴκοθεν
1260 1850 1464 1922 ἔχουσα.
1495 1849 1592 1904 καὶ
1629 1849 1694 1902 ἐκ
1731 1846 1843 1900 τῶν
1876 1845 2024 1900 ἰδίων

2163 1851 2263 1907 pus
2293 1835 2467 1889 habeo
2492 1834 2704 1889 honore
2736 1833 3006 1898 ascititio,
3037 1847 3200 1903 quem
3227 1833 3610 1899 vernaculum,
3641 1840 3697 1906 et

450 1944 706 2014 καρπῶν.

2162 1943 2196 1982 ι
2232 1926 2370 1982 meis
2393 1925 2668 1982 fructibus
2700 1925 2897 1981 habeo.

535 2031 800 2096 Ἐξέλθοι
833 2031 954 2099 πῦρ
1001 2031 1069 2085 ἐκ
1113 2029 1224 2100 τῆς
1259 2028 1517 2101 prim-0v.
1551 2028 1672 2100 Πῦρ
1705 2026 1813 2098 γὰρ
1846 2023 2024 2096 ἀγαθὴ

455 2127 758 2195 παρασχεῖν
783 2123 892 2178 τῶν
919 2124 1092 2190 ξύλων
1117 2122 1257 2178 ἐστί.
1565 2132 1568 2136 ’

2189 2017 2513 2090 Egi-adiutor
2561 2019 2699 2089 ignis
2759 2034 2827 2074 ea:
2878 2019 3122 2074 r’zamno.
3173 2015 3315 2092 ['20.]
3374 2015 3517 2088 lguis
3551 2016 3698 2070 cnim

2130 2112 2278 2182 ligna
2320 2115 2461 2167 bona
2485 2119 2667 2182 potest
2697 2112 2945 2166 reddere.

459 2242 465 2247 ’
521 2252 590 2308 Et
620 2253 954 2308 collocarunt
1015 2255 1062 2307 ei
1105 2255 1205 2307 viri
1252 2251 1552 2311 Sichemitw
1601 2248 1855 2304 insidias.
1905 2243 2064 2321 [ξε]
2098 2242 2171 2299 Ut
2215 2241 2363 2298 enim
2415 2241 2691 2313 Josephus
2739 2241 2930 2305 tradit,
2984 2241 3121 2297 urbe
3167 2241 3346 2310 ipsum
3378 2248 3699 2310 exegerant.

455 2341 526 2397 At
551 2355 678 2396 cum
710 2340 826 2396 suis
859 2339 1337 2396 commilitonibus
1370 2339 1566 2394 urbem
1594 2335 1889 2408 atlligebat,
1917 2336 2056 2391 adeo
2085 2340 2146 2386 ut
2180 2346 2249 2387 ne
2279 2330 2432 2386 foras
2459 2329 2681 2402 quidem
2715 2327 3116 2385 vindemiatum
3153 2329 3376 2398 prodire
3408 2327 3699 2383 auderent.

457 2427 615 2495 Quod
649 2434 760 2482 tam
797 2428 892 2482 diu
925 2428 995 2483 ab
1030 2442 1099 2482 eo
1133 2427 1362 2492 factum,
1407 2425 1540 2481 dum
1575 2427 1891 2497 principum
1927 2437 2076 2479 unus
2130 2419 2266 2476 Gaal
2299 2417 2524 2474 nomine
2554 2417 2726 2482 venit,
2779 2417 3247 2488 securitatemque
3275 2415 3525 2485 praebuit.
3561 2413 3698 2468 Nam

459 2517 774 2572 convivium
824 2515 1100 2583 agitantes
1150 2515 1356 2584 apertis
1397 2514 1674 2569 conviciis
1700 2528 1824 2567 eum
1855 2509 2217 2582 proscindere
2262 2523 2376 2563 non
2409 2513 2540 2562 sunt
2566 2505 2747 2563 veriti.
2780 2504 2888 2558 Alii
2921 2519 3141 2574 quoque
3166 2504 3446 2573 principes
3482 2503 3704 2556 clande-

463 2604 633 2660 stinis
662 2601 888 2666 insidiis
918 2604 1038 2657 loca
1063 2602 1273 2657 circum
1315 2602 1506 2657 urbem
1543 2608 2023 2672 praeoccuparunt.
2072 2597 2343 2652 Caeterum
2381 2595 2807 2650 Sichemitarum
2867 2591 3092 2664 quidam
3125 2592 3387 2662 princeps
3421 2589 3590 2646 Zebul
3621 2590 3706 2643 di-

441 2671 592 2747 't.tus
623 2705 747 2745 cum
782 2689 987 2745 faveret
1021 2688 1336 2743 Abimeleco
1382 2671 1568 2742 omnia
1597 2686 1835 2741 consilia
1881 2693 2078 2740 contra
2106 2685 2288 2754 ipsum
2322 2684 2482 2744 inita.
2515 2683 2796 2754 verbaque
2838 2683 3042 2752 quibus
3074 2681 3208 2736 Gaal
3271 2680 3486 2746 plebem
3522 2679 3709 2732 irrita-

464 2785 640 2844 verat,
669 2777 957 2835 indicavit.
985 2775 1334 2844 insidiasque
1369 2773 1477 2830 sub
1513 2773 1647 2827 urbe
1671 2773 1948 2827 collocare
1996 2770 2304 2826 admonuit.
2337 2771 2412 2828 Se
2450 2772 2598 2826 enim
2635 2769 2798 2825 facile
2833 2785 3229 2840 persuasurqu
3263 2767 3396 2825 Gaal
3425 2775 3483 2821 ut
3513 2775 3706 2821 contra

466 2865 646 2934 ipsum
705 2863 1046 2933 egrediatur,
1092 2863 1294 2932 inquit,
1330 2876 1443 2932 quo
1497 2861 1714 2916 sublato
1771 2873 1965 2929 pacem
2020 2857 2166 2912 inter
2212 2859 2394 2927 ipsum
2441 2857 2766 2928 plebemque
2797 2875 2858 2914 se
2905 2858 3184 2929 stipulari.
3231 2855 3529 2927 Postquam
3579 2869 3712 2906 vero

464 2951 602 3008 Gaal
652 2950 917 3022 fugitivus
946 2950 1126 3011 factus
1164 2961 1269 3016 est,
1304 2949 1476 3005 Zebul
1507 2963 1631 3004 cum
1683 2946 1964 3018 republica
1995 2945 2278 3014 transigit,
2323 2952 2384 2999 ut
2415 2945 2665 3000 mollitiei
2695 2952 3016 3010 accusatus,
3053 2945 3190 2998 urbe
3221 2945 3500 3015 ejiciatur.
3536 2937 3712 2998 Porro

468 3037 748 3093 Abimelec
772 3037 993 3107 cognito
1020 3036 1348 3092 Sichcmitas
1383 3045 1614 3107 postero
1669 3035 1757 3088 die
1797 3033 2196 3088 vindemiatum
2236 3030 2442 3088 exiisse
2471 3033 2632 3098 urbe,
2665 3033 2888 3088 insidiis
2929 3034 3048 3088 suis
3079 3033 3418 3102 interceptos
3473 3031 3715 3087 interne-

464 3125 612 3182 cioni
659 3124 828 3180 dedit.
877 3124 1060 3180 Tertia
1099 3127 1299 3180 etenim
1341 3123 1622 3179 exercitus
1658 3133 1834 3178 turma
1881 3129 2069 3192 portas
2099 3121 2390 3192 occupavit
2421 3121 2596 3186 urbis,
2623 3121 2817 3191 eisque‘
2875 3121 3157 3177 introitum
3215 3121 3544 3175 interclusit.
3577 3118 3716 3172 Alii—

467 3226 576 3282 que
640 3212 846 3266 interea
870 3212 1005 3266 caedi
1053 3211 1340 3266 vacabunt.
1391 3210 1674 3281 Quotquot
1707 3224 1838 3264 vero
1870 3212 2074 3279 passim
2126 3211 2382 3279 dissipati
2419 3221 2734 3279 evaserant,
2781 3203 2908 3267 cum
2937 3212 2990 3266 in
3025 3218 3178 3281 petra
3200 3209 3437 3279 quadam
3497 3208 3712 3262 excelsa

469 3296 886 3362 conﬂuxissent,
919 3296 1109 3354 sedem
1150 3313 1314 3367 super
1342 3313 1405 3352 ea
1445 3299 1704 3358 ﬁxerunt,
1740 3311 1975 3365 eamque
2017 3312 2176 3352 muro
2209 3299 2436 3368 cingere
2478 3301 2767 3368 parabant.
2799 3301 2923 3370 ipse
2963 3315 3095 3354 vero
3119 3314 3244 3354 cum
3293 3298 3347 3352 in
3379 3311 3476 3352 eos
3503 3291 3715 3358 ivissét,

472 3388 750 3457 tignisque
775 3387 1131 3455 undiquaque
1162 3384 1646 3448 circumdedisset,
1676 3385 1908 3452 primam
1941 3383 2060 3450 ipse
2088 3384 2386 3439 admolitus
2415 3400 2638 3440 manum
2665 3403 2858 3441 omnes
2887 3387 3104 3442 ﬂamma
3135 3387 3397 3442 confecit.
3434 3385 3554 3457 Ipse
3585 3400 3718 3438 vero

473 3487 691 3540 poenam
729 3487 884 3525 suam
937 3473 992 3524 in
1023 3472 1423 3539 expugnatione
1451 3469 1642 3525 Bethel
1675 3470 1794 3523 luit.
1832 3468 1911 3522 Ac
1945 3470 2107 3526 ambo
2145 3471 2365 3541 quidem
2397 3473 2684 3542 parriridii
2717 3473 2772 3528 in
2805 3471 3078 3530 cheonis
3109 3473 3299 3528 liberis
3343 3470 3572 3528 admissi
3603 3486 3718 3524 me-

477 3559 643 3611 ritum
678 3557 949 3612 dederunt
983 3558 1342 3626 supplicium.

549 3689 658 3744 Kal
688 3687 918 3756 ηὔξατο
958 3686 1193 3756 Ἰεφθάε
1225 3687 1420 3756 εὐχὴν
1453 3685 1534 3754 τῷ
1577 3687 1793 3754 Κυρίῳ.
1838 3686 2045 3756 Ἐπαγ-

2207 3687 2276 3742 Et
2321 3693 2647 3761 nuncupavit
2693 3689 2887 3761 Iephte
2953 3702 3131 3747 votum
3182 3691 3404 3745 Domino
3433 3679 3550 3763 [ΧΙ.
3602 3689 3718 3761 '50.]

479 3780 667 3849 γελίας
716 3779 878 3833 τοῦτο
921 3779 1217 3848 θερμότης,
1253 3784 1346 3833 καὶ
1395 3780 1552 3850 νίκης
1595 3782 1736 3852 ἔρως
1797 3781 2048 3848 ἀπεγνωο

481 3871 708 3940 σμένης,
766 3869 1096 3938 ἐμϐαλόντος
1155 3869 1308 3940 αὒτῷ
1357 3870 1452 3924 τοῦ
1507 3872 1723 3924 Σατανᾶ
1774 3871 2048 3940 προφάσει

475 3961 806 4032 κηδεμονίας
837 3963 1224 4032 προσενεγκεῖν
1259 3961 1449 4015 θυσίαν
1473 3961 1818 4031 παράνομον,
1843 3961 1921 4024 ὡς
1955 3961 2051 4014 καὶ

477 4056 589 4117 τοῖς
612 4053 740 4123 περὶ
769 4053 862 4104 τὺν
899 4052 1070 4121 ’Δδὶιμ
1099 4052 1374 4121 προφάσει
1405 4051 1713 4116 διανοίξεως
1749 4052 2051 4122 ὀφθαλμῶν

479 4144 577 4214 τῆς
612 4143 833 4213 ἐντολῆς
867 4143 968 4213 τὴν
999 4141 1337 4212 παράϐασιν.
1364 4143 1430 4195 Τί
1458 4143 1566 4213 γὰρ
1606 4143 1673 4196 ἂν
1697 4130 1906 4210 γένοίτο
1952 4145 2052 4208 τῆς

480 4235 734 4306 τοιαύτης
768 4236 935 4305 εὐχῆς
971 4236 1372 4306 ἁσεϐἐστερονς
1413 4236 1571 4302 Ἐνῆν
1603 4236 1711 4306 γὰρ
1743 4237 2052 4306 ἀπαντῆσαι

482 4328 576 4379 καὶ
607 4325 764 4391 κύνα,
791 4329 882 4376 καὶ
905 4324 1092 4388 ἵππον,
1122 4323 1215 4376 καὶ
1241 4323 1382 4385 ὄνον,
1411 4324 1506 4375 καὶ
1535 4323 1804 4392 κάμηλον,
1835 4325 1926 4376 καὶ
1951 4324 2054 4378 ὅσα

480 4416 624 4477 εἰκλλς
657 4413 958 4484 κεκτῆσθαι
995 4413 1088 4464 τὸν
1139 4411 1377 4484 πλήθους
1421 4413 1726 4483 κρατοῦντα
1771 4412 2050 4472 τοσούτου.

494 4507 657 4560 vim
687 4506 780 4558 καὶ
813 4504 1000 4569 κακῶς
1028 4503 1350 4576 εὐξάμενος,
1393 4504 1601 4567 πιστῶς
1633 4503 1698 4557 τὸ
1732 4506 2056 4576 συντυχικδν

479 4599 582 4652 οὐκ
619 4598 860 4664 ἐδέξατο,
905 4597 1148 4652 οὐδὲτοῦ
1181 4597 1434 4668 Ἀϐραὰμ
1473 4597 1718 4669 ὲζήλωτε
1767 4599 1866 4670 τὴν
1902 4598 2056 4652 εὐσέ-

480 4692 659 4748 ϐειαν.
681 4687 761 4745 Ἦ
795 4691 902 4762 γὰρ
944 4690 1012 4744 ἂν
1045 4689 1140 4744 καὶ
1167 4689 1266 4760 τὴν
1298 4689 1470 4760 κόρην
1512 4686 1679 4758 εἶχεν,
1725 4689 1802 4751 ὡς
1851 4691 2058 4754 ἐκεῖνος

482 4786 576 4840 τὸν
608 4788 742 4850 υἱὸν,
773 4785 867 4838 καὶ
909 4783 1000 4836 τὸν
1049 4782 1147 4853 τῆς
1173 4781 1454 4859 εὐσεϐείας
1489 4783 1699 4852 μισθόν.
1730 4782 1844 4836 Νῦν
1869 4783 1926 4837 δὲ
1961 4783 2058 4836 καὶ

483 4877 545 4930 τὸ
574 4877 672 4946 τῆς
711 4876 876 4946 εὐχῆς
924 4875 1350 4946 ἀπερίσκεπτον,
1386 4875 1482 4927 καὶ
1529 4873 1592 4928 τὸ
1642 4875 1746 4945 τῆς
1775 4873 2058 4936 εὐσεϐείας

483 4969 698 5039 νεκρόν.
734 4968 794 5020 Ὀ
823 4967 922 5038 μὲν
953 4967 1062 5037 γὰρ
1084 4965 1183 5037 τὴν
1236 4965 1330 5019 τοῦ
1360 4964 1550 5030 παιδὸς
1587 4965 1778 5018 θυσίαν
1834 4965 1944 5019 οὐδ’
1975 4967 2058 5028 εἰς

483 5061 610 5114 νοῦν
645 5059 948 5124 ἐνεϐάλετο,
993 5055 1212 5122 ἀνάξιον
1242 5055 1398 5110 τοῦτο
1430 5057 1659 5126 νομίσας
1691 5055 1849 5121 Θεοῦ,
1885 5073 2056 5127 προσ·
2084 5028 2130 5090 C

482 5150 704 5220 ταχθεὶς
740 5149 798 5202 δὲ
825 5149 926 5201 οὐκ
959 5146 1258 5217 ἐμέλλησεν
1279 5161 1295 5176 ο
1325 5146 1355 5198 ὁ
1401 5146 1462 5200 δέ
1509 5145 1809 5216 καθύϐρισε
1841 5149 1938 5200 καὶ
1983 5147 2052 5218 τῇ

481 5244 616 5314 εὐχῇ
649 5243 738 5296 τὸν
761 5241 917 5306 Θεὸν,
945 5239 1044 5293 καὶ
1066 5241 1134 5311 τῇ
1159 5237 1252 5294 τοῦ
1282 5237 1514 5303 πένθους
1539 5238 1792 5310 ἀπιστίᾳ.

483 5335 660 5392 duxit.
697 5335 926 5405 Imperio
953 5348 1081 5386 vero
1109 5333 1230 5404 ejus
1262 5331 1514 5402 adactus,
1560 5349 1672 5388 non
1697 5343 1782 5390 est
1813 5344 2124 5394 cunctatus.

483 5429 690 5484 doloris
722 5425 1086 5495 impatientia.

552 5521 660 5573 Καὶ
692 5521 726 5590 ἡ
755 5517 1002 5586 θυγάτηρ
1029 5515 1154 5580 ἀξία
1183 5515 1396 5586 γίνεται
1425 5517 1520 5571 τοῦ
1555 5517 1781 5590 πατρός.
1819 5520 1893 5574 Οὐ
1941 5519 2052 5589 γάρ

485 5610 704 5681 ἔστερξε
741 5609 840 5680 τὴν
883 5609 1068 5678 εὐχὴν,
1099 5609 1163 5661 οὐ
1218 5609 1318 5680 τὴν
1347 5608 1546 5682 εὐσεϐῆ
1585 5611 1905 5680 προσφορὰν
1955 5614 2056 5680 τῆς

485 5703 682 5773 θνητῆς
715 5700 856 5770 ζωῆς
888 5701 1248 5772 προετίμησε,
1278 5701 1603 5773 πικρότερον
1627 5703 1829 5767 παντὸς
1854 5702 2053 5775 θρήνου

486 5791 585 5863 τὴν
612 5795 905 5865 παρθενίαν
945 5793 1282 5866 πενθήσασα,
1337 5794 1537 5864 μᾶλλον
1566 5794 1623 5848 δὲ
1659 5795 1759 5864 τὴν
1801 5795 1920 5866 Θεῷ
1953 5795 2050 5848 θυ-

2149 3778 2454 3837 Promissio
2494 3783 2610 3837 [nec
2661 3783 2830 3839 nimis
2888 3792 2974 3837 est
3027 3783 3262 3849 fervida,
3306 3777 3486 3851 etque
3531 3796 3722 3834 amore

2149 3871 2458 3942 desperata:
2513 3874 2761 3928 victoria:
2817 3873 3088 3947 profecta.
3155 3873 3444 3943 Snggessit
3505 3887 3636 3926 vero
3673 3877 3720 3924 ri

2152 3964 2389 4024 Satanas
2425 3969 2612 4039 gloriae
2641 3976 2902 4039 praetextu
2931 3975 2990 4021 ut
3024 3966 3132 4022 Deo
3182 3967 3459 4020 victimam
3497 3965 3598 4036 legi
3635 3967 3726 4017 atl-

2152 4073 2366 4114 versam
2394 4059 2728 4123 immolaret,
2764 4057 3224 4128 quemadmodum
3255 4057 3524 4112 Adamum
3586 4073 3724 4126 qun-

2152 4165 2258 4218 que
2285 4151 2574 4204 oculorum
2621 4150 3042 4220 operiendorum
3093 4158 3388 4218 praetextu,
3437 4150 3503 4203 ad
3550 4149 3721 4203 divini

2154 4239 2398 4292 mandati
2435 4240 2928 4309 transgressionem
2963 4239 3213 4294 adduxit.
3260 4239 3400 4306 Quid
3441 4238 3588 4293 enim
3620 4240 3745 4311 hoc.

2155 4337 2284 4384 voto
2317 4329 2493 4400 magis
2551 4330 2776 4400 impium
2835 4345 2958 4386 esse
2993 4338 3182 4397 queat,
3214 4345 3336 4386 cum
3363 4343 3556 4383 canem
3584 4343 3718 4397 qun-

2156 4437 2283 4488 que,
2320 4434 2372 4475 et
2391 4438 2617 4492 equum,
2651 4431 2708 4475 et
2748 4421 2989 4489 asinum,
3022 4429 3078 4476 et
3108 4420 3402 4486 camelnm,
3447 4429 3540 4474 aut
3571 4421 3720 4472 aliud

2157 4511 2434 4582 quidpiam
2467 4513 2611 4582 quod
2645 4520 2919 4567 tantarum
2955 4511 3240 4581 copiarum
3271 4511 3536 4565 victorem
3563 4509 3728 4581 506

2159 4605 2440 4672 possidere
2467 4603 2749 4675 probabile
2776 4610 2916 4667 erat,
2950 4602 3167 4658 obviam
3196 4602 3318 4657 dari
3359 4603 3576 4659 inisset.
3611 4603 3718 4656 να-
3813 4649 3819 4663 ,

2161 4711 2278 4750 rum
2320 4697 2464 4750 sicut
2510 4695 2712 4749 malum
2767 4693 2897 4749 fecit
2952 4703 3164 4760 votum,
3219 4695 3293 4749 ita
3340 4710 3528 4749 rasum
3561 4710 3722 4750 suum
3817 4763 3823 4768 ν

2159 4800 2350 4856 parum
2382 4794 2702 4841 constanter
2731 4785 2878 4854 tulit,
2929 4801 3108 4858 neque
3139 4787 3436 4842 Abrahami
3464 4787 3724 4857 pietatem

2159 4878 2403 4932 imitatus
2462 4886 2567 4933 est.
2625 4877 2780 4934 Licet
2823 4879 2970 4934 enim
3011 4879 3249 4948 puellam
3300 4878 3552 4937 habuerit
3581 4878 3728 4934 sicut

2162 4967 2254 5023 ille
2283 4969 2480 5036 tilium,
2527 4968 2784 5039 idemque
2813 4969 3039 5041 pietatis
3083 4969 3390 5042 praemium,
3421 4976 3608 5024 votum
3640 4975 3728 5022 ta-

2163 5075 2289 5114 men
2334 5059 2458 5129 ejus
2508 5060 2858 5116 temerarium
2907 5071 3015 5128 est,
3077 5061 3409 5132 pietatisque
3471 5057 3728 5114 cadaver.

2161 5154 2441 5210 Abraham
2474 5155 2678 5212 etenim
2715 5155 2812 5211 ﬁlii
2861 5157 3274 5219 mactationem,
3308 5168 3423 5208 rem
3456 5150 3566 5208 Deo
3591 5149 3734 5206 indi-

2161 5260 2324 5316 gnam
2382 5245 2503 5302 tore
2553 5246 2882 5314 arbitratus,
2934 5260 3214 5316 nunquam
3253 5245 3309 5299 in
3359 5243 3607 5300 animum
3645 5241 3735 5296 iu-

2161 5341 2259 5396 llic
2289 5357 2416 5398 vero
2463 5343 2799 5398 contumelia
2844 5343 3013 5399 Deum
3079 5340 3282 5407 aﬂecit,
3345 5353 3402 5397 et
3462 5349 3616 5404 voto,
3679 5343 3734 5392 et

2232 5495 2374 5571 Filia'
2404 5532 2624 5587 quoque
2653 5517 2774 5589 ipsa
2797 5518 2967 5590 digna
2987 5496 3145 5590 patre
3173 5518 3268 5586 tit;
3294 5526 3425 5573 voto
3453 5520 3603 5575 enim
3623 5536 3733 5576 non

2163 5609 2467 5683 acquievit,
2506 5624 2608 5665 nec
2657 5610 2904 5668 victima
2945 5611 3269 5683 religionem
3295 5649 3312 5676 ,
3350 5611 3465 5666 vita
3509 5613 3735 5667 mortali

2164 5715 2380 5756 sitinma
2407 5702 2716 5758 acerbitate
2746 5703 3128 5776 virginitatem
3160 5706 3459 5759 lamentata
3493 5701 3732 5774 priorem

2165 5795 2382 5864 habuit,
2415 5795 2526 5851 imo
2562 5811 2692 5853 vero
2727 5795 2841 5854 Deo
2865 5797 3146 5855 victimam
3191 5796 3393 5854 oﬂ'erre
3447 5802 3533 5852 est
3580 5805 3725 5848 cnn-
