3992 6410
329 333 461 402 1071
781 387 798 402 ,
1673 339 1919 404 PROCO

2057 339 2306 401 GAZIEI
2906 293 2911 296 ’
3477 331 3631 401 1θτ2

327 457 466 504 tata.
517 449 872 523 Quapropter
917 466 1045 508 cum
1106 465 1210 510 nec
1261 451 1354 508 illa
1410 451 1564 518 ﬁlio.
1606 469 1711 511 nec
1759 461 1919 526 pater

2038 451 2150 506 σίαν
2182 449 2565 524 προσάγεσθαι
2609 449 2936 524 μέλλουσαν.
2971 448 3138 506 Ὅθεν
3191 446 3254 504 οὗ
3285 447 3495 504 κωλύει
3520 444 3628 514 τὴν

332 543 654 598 Ahrahamo
678 545 1069 614 responderet,
1105 545 1252 602 Deus
1282 545 1721 602 immolationem
1766 549 1912 603 hanc

2038 545 2244 618 σφαγὴν
2273 545 2302 597 6
2336 546 2490 609 Θεός.
2545 543 2687 599 Οὔτε
2729 545 2842 616 γὰρ
2903 543 3043 615 αὕτη
3075 540 3218 597 κατὰ
3264 541 3361 596 τὸν
3403 541 3626 605 Ἰσαάκ,

332 634 481 688 sicut
517 633 668 688 illam
704 648 813 689 non
846 635 1160 702 prohibuit.
1195 634 1370 692 Porro
1399 637 1665 693 exhibent
1696 637 1774 692 illi
1795 639 1919 709 qui-

2038 636 2150 691 ›ὔτε
2189 636 2328 692 κατά
2350 637 2444 691 τὸν
2474 636 2730 708 Ἀϐραὰμ
2751 637 2780 690 6
2815 637 3028 708 Πατήρ.
3053 635 3321 704 Γεγόνασι
3341 633 3400 688 δὲ
3439 631 3634 703 παρά-ο

335 727 460 783 dem
509 726 566 781 in
603 726 776 782 Deum
819 728 1058 794 ﬁduciae,
1103 728 1160 783 hi
1200 743 1351 794 vero,
1388 737 1518 784 vota
1567 744 1678 784 non
1712 736 1919 784 temere

2038 731 2228 801 Βειγμα
2278 731 2329 782 oi.
2383 730 2504 802 μὲν,
2537 731 2618 797 είς
2668 729 2804 784 Θεὸν
2843 729 3104 792 πίστεως.
3157 728 3212 782 οἱ
3256 725 3338 790 δὲ,
3399 724 3478 797 μὴ
3509 724 3635 778 δεὶν

333 835 459 876 esse
512 819 804 886 facienda,
857 819 1117 892 factaque
1179 835 1394 876 summa
1452 821 1740 878 alacritate
1797 836 1919 877 esse

2038 822 2284 894 εὖχεσθαι
2323 822 2643 894 προπετῶς,
2667 821 2764 877 καὶ⁹
2789 821 2886 876 τοῦ
2921 822 3034 876 δεῖν
3069 819 3327 891 ἀσμένως
3348 817 3637 873 ἐπιτελεῖν

335 912 724 982 persolvenda.
753 912 1030 980 Quocirca
1067 928 1172 969 nec
1215 921 1345 968 ante
1376 914 1558 985 ipsum
1585 955 1600 978 ,
1649 929 1752 968 nec
1797 921 1919 984 post

2038 915 2171 988 ἱπερ
2208 932 2294 980 τις
2321 913 2550 987 ηὔξατο.
2595 913 2906 988 Τοιγαροῦν
2955 914 3084 968 οὔτε
3129 911 3238 986 πρὸ
3262 911 3454 978 αὐτοῦ,
3498 908 3639 964 οὔτε

335 1021 365 1060 a
399 1005 506 1077 piis
538 1005 861 1076 hujusmodi
884 1005 1061 1074 Jacta
1111 1016 1198 1062 est
1230 1005 1482 1061 victima.
1530 1005 1711 1060 Probe
1754 1020 1919 1060 nove-

2038 1005 2146 1080 μετ’
2177 1006 2346 1061 αὐτὸν
2402 1005 2634 1077 τοιαύτη
2679 1005 2834 1078 παρὰ
2883 1004 2996 1060 τῶν
3039 1003 3416 1060 εὐσεϐούντων
3461 1002 3644 1057 θυσία

333 1105 467 1151 runt
495 1099 646 1151 enim
684 1095 836 1167 quod
866 1097 1016 1152 Deus
1051 1113 1153 1152 nec
1187 1096 1521 1168 postulavit,
1553 1111 1655 1151 nec
1688 1107 1796 1150 tam
1824 1095 1919 1150 de-

2038 1099 2340 1172 γεγένηται.
2373 1100 2612 1172 ᾚδεσαν
2653 1099 2764 1171 γὰρ
2805 1098 3078 1168 ἀκριϐῶς,
3126 1097 3203 1163 ὡς
3239 1096 3366 1151 οὔτε
3418 1097 3641 1168 ᾔτησεν

334 1185 651 1242 testandam
683 1185 971 1242 victimam
1009 1189 1286 1258 suscepit.
1320 1186 1457 1241 Nam
1490 1203 1602 1242 non
1631 1187 1702 1242 ob
1728 1195 1918 1241 votum

2038 1195 2050 1247 5
2077 1193 2232 1258 Θεὸς,
2261 1191 2388 1246 οὔτε
2419 1193 2520 1265 τὴν
2569 1193 2744 1261 ὲναγῆ
2773 1191 2968 1246 θυσίαν
3011 1191 3254 1256 ἐδέξατο.
3299 1189 3377 1244 Οὺ
3403 1188 3493 1242 διὰ
3527 1188 3642 1258 τὴν

333 1280 573 1334 victoria
613 1279 866 1346 obvenit,
908 1295 1098 1336 verum
1141 1290 1202 1334 ut
1235 1281 1425 1336 lsraeli
1457 1279 1692 1350 injurias
1743 1278 1919 1335 factas

2038 1285 2188 1358 εὐχὴν
2221 1281 2314 1340 οὖν
2345 1287 2378 1356 ἡ
2419 1285 2568 1356 νίκη,
2600 1283 2690 1338 διὰ
2723 1283 2781 1338 δὲ
2815 1284 2878 1338 τὸ
2909 1284 3084 1351 δεῖξαι
3122 1282 3214 1337 τὸν
3244 1279 3479 1354 Ἰσραὴλ
3514 1279 3642 1333 ἀδι-

334 1388 458 1428 esse
504 1373 866 1429 manifestum
912 1372 1092 1438 ﬁeret,
1147 1388 1312 1444 quem
1363 1373 1608 1443 iudicem
1659 1371 1919 1443 supplicii

2038 1377 2312 1449 ιούμενον.
2347 1378 2446 1432 Ὃν
2501 1377 2599 1432 καὶ
2649 1377 2848 1450 κριτὴν
2895 1375 2996 1445 τῆς
3026 1374 3188 1444 δίκης
3235 1373 3518 1428 ἐκάλεσεν.
3551 1372 3637 1426 Οὐ

333 1465 570 1519 vocavit.
608 1464 834 1522 Minime
911 1466 1114 1520 etenim
1165 1476 1391 1536 propter
1431 1476 1618 1521 votum
1648 1463 1921 1534 iniustum

335 1555 598 1611 lsraelem
653 1556 848 1627 inique
891 1557 1108 1628 perire,
1168 1556 1612 1626 injuriarumque
1651 1561 1912 1610 auctores

334 1650 564 1704 vincere
605 1650 1004 1705 conveniebat.
1049 1649 1256 1706 Verum
1301 1650 1393 1704 ille
1427 1649 1652 1719 quidem
1693 1648 1765 1702 ob
1813 1647 1920 1701 ini-

331 1743 598 1812 quitatem
635 1742 744 1795 voti
777 1757 970 1808 pcenas
1001 1741 1118 1807 dat,
1141 1741 1346 1812 Deique
1379 1741 1615 1812 populus
1649 1738 1916 1795 servaba-

2025 1470 2130 1543 γὰρ
2155 1468 2224 1523 δι’
2255 1468 2424 1541 εὐχὴν
2456 1469 2644 1523 ἄδικον
2700 1469 2873 1539 ἐχρῆν
2921 1467 3128 1531 ἀδίκως
3175 1464 3481 1521 ἀπολέσθαι
3537 1464 3638 1520 τὸν

2037 1560 2275 1631 Ἰσραὴλ,
2312 1560 2408 1613 καὶ
2453 1561 2674 1630 νικῆσαι
2719 1560 2850 1623 τοὺς
2885 1557 3234 1620 ἀδικοῦντας.
3269 1556 3412 1610 Ἀλλ’
3441 1557 3470 1611 6
3503 1555 3634 1628 μὲν,

2024 1651 2192 1722 εὐχῆς
2221 1651 2411 1705 ἀδίκου
2448 1650 2633 1705 δίδωσι
2659 1651 2853 1723 δίκην⁶
2887 1652 2916 1704 6
2961 1649 3018 1702 δὲ
3049 1647 3146 1703 τοῦ
3181 1647 3318 1703 Θεοῦ
3365 1646 3492 1712 λαὸς
3541 1649 3633 1700 δι-

2025 1744 2285 1808 εσώζετο.
2307 1744 2430 1798 -Καὶ
2455 1742 2729 1816 τιμωρίαν
2764 1743 3006 1815 ὑπέσχον
3043 1742 3156 1796 τῶν
3187 1741 3552 1812 ἀδικημάτων
3581 1743 3633 1793 οἱ

333 1847 448 1902 tur,
479 1849 544 1890 ac
594 1835 924 1904 iniuriarum
981 1835 1314 1905 supplicium
1356 1833 1701 1905 pertulerunt
1747 1830 1919 1902 impii.

2038 1835 2339 1906 δυσμενεῖς.

402 1929 580 1984 Porro
617 1928 668 1980 in
710 1926 806 1980 illo
844 1943 856 1978 :
905 1945 924 1978 ι
963 1925 1027 1980 Ει
1067 1928 1251 1982 factus
1289 1935 1374 1982 cst
1417 1925 1638 1980 Domini
1683 1924 1920 1995 spiritus

331 2036 500 2092 super
535 2019 728 2090 Jcphte
745 2020 812 2086 θ’,
853 2037 873 2072 ι
917 2018 1304 2076 considerabis
1337 2019 1480 2090 quod
1527 2019 1638 2089 jam
1671 2017 1834 2073 modo
1870 2016 1923 2071 in

334 2113 729 2184 magistratum
778 2110 1111 2174 transierat,
1161 2126 1226 2165 ac
1271 2118 1470 2166 contra
1516 2109 1706 2164 hostes
1759 2106 1925 2177 paulo

332 2213 465 2258 ante
493 2203 738 2257 vietorcs
772 2201 1106 2267 insurrexit,
1148 2216 1211 2255 ac
1241 2201 1479 2271 proinde
1513 2198 1748 2268 spiritus
1787 2212 1924 2252 con-

333 2297 654 2353 ﬁrmatione
697 2295 1006 2365 indigebat.
1044 2295 1159 2350 Nec
1188 2309 1322 2351 vero
1360 2296 1430 2349 ob
1457 2294 1576 2349 leve
1608 2293 1788 2363 ipsius
1821 2305 1924 2346 vo-

331 2403 450 2445 tum
493 2389 716 2458 indicit,
756 2404 860 2445 nec
901 2389 970 2445 ob
1021 2389 1247 2458 generis
1281 2387 1662 2449 nobilitatem,
1703 2388 1805 2440 iiec
1852 2385 1926 2440 ob

329 2486 463 2541 vita:
504 2495 639 2539 ante
678 2490 819 2538 actae
841 2482 1226 2553 Splendorem,
1259 2481 1374 2535 imo
1406 2494 1508 2535 nec
1551 2479 1736 2550 ipsum
1781 2479 1925 2534 Deus

318 2576 388 2632 .in
426 2575 533 2630 hoc
559 2572 838 2630 excitasse
867 2572 1099 2638 dicitur,
1129 2572 1304 2628 semel
1335 2585 1468 2627 vero
1509 2571 1810 2626 excitatum
1854 2569 1924 2624 ad

319 2672 536 2744 justam
566 2666 861 2722 victoriam
893 2673 980 2721 est
1007 2665 1330 2720 comitatus.
1747 2647 1758 2660 “

399 2760 546 2816 Sunt
581 2773 754 2828 porro
785 2757 881 2828 qui
923 2757 1065 2812 bene
1104 2757 1232 2812 huic
1273 2755 1778 2814 factO‘ominantes
1811 2765 1924 2809 tra-

327 2855 492 2920 dunt,
520 2850 668 2923 quod
707 2849 817 2904 ﬁlia
845 2849 1048 2921 .l‘ephte
1075 2849 1408 2920 praeﬁnitum
1437 2851 1543 2905 sibi
1565 2851 1762 2905 mortis
1784 2860 1924 2904 tem-

329 2963 432 3013 pus
480 2954 836 3016 exspectare,
886 2957 951 2998 ac
985 2957 1045 2997 se
1079 2943 1194 2998 Deo
1243 2941 1530 2996 victimam
1567 2941 1768 2997 adduci
1803 2956 1923 2996 ma-

292 3039 524 3114 ,lucrit,
564 3051 732 3106 quam
768 3037 944 3107 patris
974 3042 1164 3092 votum
1213 3034 1457 3090 mendax
1485 3035 1666 3090 reddi.
1697 3033 1763 3088 Et
1795 3048 1922 3088 cum

2099 1928 2193 1994 Τὸ,
2231 1946 2250 1980 ι
2305 1928 2558 1998 Ἐγένετο
2620 1927 2716 1982 ἐπὶ
2777 1926 2988 1997 Ἰεφθάε
3032 1925 3253 1998 πνεῦμα
3324 1923 3575 1997 Κυρίου,
3607 1941 3626 1974 ι

2026 2019 2266 2090 νοήσεις,
2298 2019 2375 2083 ὡς
2415 2021 2542 2092 ἄρτι
2585 2016 2874 2092 παρελθὼν
2901 2019 2982 2082 είς
3023 2017 3122 2087 τὴν
3168 2014 3344 2088 ἀρχὴν
3402 2015 3495 2068 xui
3522 2015 3636 2085 πρὸ

2025 2112 2218 2167 τούτου
2255 2111 2520 2185 κρατοῦσι
2553 2113 2666 2175 τοῖς
2699 2110 2984 2182 πολεμίοις
3001 2109 3430 2179 ὲπανιστάμενος
3450 2149 3466 2174 ,
3493 2107 3636 2160 ἐδεῖ-

2026 2221 2087 2259 το
2115 2203 2209 2258 τοῦ
2244 2203 2766 2277 παραθαρρύνοντος
2801 2204 3132 2272 πνεύματος,
3167 2200 3284 2254 ἀλλ’
3316 2201 3379 2254 οὐ
3412 2199 3504 2252 διὰ
3530 2200 3636 2269 τὴν

2026 2297 2252 2353 εὔκολον
2323 2297 2492 2369 εὐχὴν
2549 2283 2869 2366 ἐπεγένετο,
2916 2293 3041 2348 οὔτε
3093 2293 3204 2364 μὴν
3255 2285 3359 2367 τὴν
3405 2291 3638 2360 γένεσιν

2028 2391 2186 2462 ἔσχεν
2212 2389 2538 2462 ἐπαινετὴν,
2573 2388 2704 2458 οὔτε,
2724 2389 2814 2442 τὸν
2843 2387 2952 2460 πρὸ
2977 2387 3080 2458 τῆς
3125 2385 3284 2457 νίκης
3337 2384 3475 2455 βίον,
3507 2381 3636 2437 ἀλλ’

2025 2482 2149 2536 οὔτε
2200 2483 2334 2547 Θεὸς
2378 2482 2543 2536 αὑτὸν
2598 2480 2819 2550 λέγεται
2882 2479 3018 2550 πρὸς
3067 2477 3230 2532 τοῦτο
3269 2476 3630 2546 κεκληκέναι.

2025 2575 2323 2646 Κινηθέντι
2387 2575 2444 2628 δὲ
2518 2573 2667 2640 ἅπαξ
2737 2571 3159 2646 πρὸςκδικαίαν
3209 2570 3370 2643 νίκην
3427 2570 3633 2643 συνήρ-

2027 2684 2176 2738 χετο.

2097 2760 2256 2824 Τινές
2291 2777 2476 2830 φασιν,
2508 2761 2582 2823 ὡς
2612 2763 2644 2832 ἡ
2679 2758 2774 2814 τοῦ
2815 2757 3026 2828 Ἰεφθάε
3067 2757 3322 2829 Θυγάτηρ
3361 2757 3625 2829 ὑπομένει

2025 2853 2116 2906 τὸν
2147 2851 2370 2906 δοθέντα
2421 2851 2548 2906 καθ’
2573 2852 2744 2924 αὐτῆς
2792 2851 3021 2924 ὁρισμόν
3047 2867 3060 2881 '
3093 2852 3190 2904 καὶ
3240 2849 3618 2921 προσαχθῆναι

2026 2944 2188 3016 θυσίᾳ
2234 2945 2354 3016 Θεῷ
2402 2943 2606 3016 μᾶλλον
2656 2945 2926 3014 αἱρεῖται,
2959 2944 2992 3014 ἢ
3025 2941 3339 3014 ψευσθῆναι
3380 2941 3467 2996 τοῦ
3498 2958 3602 2994 πα-

2023 3038 2152 3108 τρὸς
2201 3035 2302 3109 τὴν
2347 3037 2550 3110 εὐχήν⁹
2577 3037 2670 3092 καὶ
2703 3036 2766 3090 τὸ
2812 3035 3146 3107 δηλούμενον
3186 3034 3478 3102 ἀγνοοῦσα,
3508 3032 3600 3084 τὸν

328 3136 410 3188 rei
435 3131 666 3189 sensum
712 3121 1022 3202 ignoraret,
1058 3130 1289 3200 figuram
1329 3144 1504 3185 sacrae
1539 3129 1803 3184 salutaris
1835 3143 1919 3182 ex-

2038 3132 2199 3186 τύπον
2229 3131 2469 3204 ἐπλήρου
2500 3131 2598 3203 τῆς
2636 3133 2787 3203 ἱερᾶς
2831 3133 2926 3186 καὶ
2963 3129 3237 3202 σωτηρίου
3272 3128 3470 3188 θυσίας.
3501 3127 3611 3182 Οὓ-

328 3225 499 3296 plcvit
551 3224 809 3280 victimae.
866 3223 945 3277 Ac
990 3222 1068 3277 ita
1127 3237 1265 3278 sane
1329 3221 1767 3292 reprehensione
1814 3221 1920 3276 hoc

328 3325 536 3372 tactum
567 3325 739 3373 caret.
763 3314 969 3370 Verum
1004 3314 1247 3372 semclill
1269 3311 1477 3368 factum
1516 3323 1597 3369 est
1624 3314 1921 3384 :deinceps

326 3410 375 3462 si
410 3407 584 3474 ﬂeret,
609 3420 986 3478 nequaquam.
1018 3405 1079 3460 ld
1107 3405 1254 3460 enim
1315 3421 1447 3460 cum
1505 3405 1922 3476 signiﬁcatione

327 3500 514 3570 aliqua
560 3497 770 3553 factum
805 3512 919 3552 non
954 3511 1053 3566 per
1083 3509 1304 3551 omnem
1349 3501 1566 3550 aetatem
1622 3495 1758 3565 legis
1810 3493 1920 3547 vim

325 3591 565 3645 obtinet.
597 3589 675 3644 Ac
713 3589 777 3643 in
825 3587 1024 3658 primis
1080 3585 1302 3657 quidem
1339 3601 1465 3641 cum
1505 3583 1656 3642 Deus
1706 3586 1918 3639 clarum

330 3683 605 3739 feceritse
631 3695 985 3752 nequaquam
1019 3679 1266 3733 victimis
1303 3677 1569 3733 delectari
1599 3675 1916 3731 hominum.

401 3771 819 3828 Pharatltonita.
850 3768 989 3842 [Xll,
1028 3767 1144 3841 13.]
1174 3767 1316 3825 Urbs
1355 3769 1412 3823 in
1455 3777 1722 3823 montano
1756 3769 1920 3821 Ama-

328 3867 434 3922 lec.
1355 3847 1362 3855 ’

399 3957 576 4012 Morte
618 3957 914 4012 moriemur
949 3955 1206 4027 quoniam
1238 3953 1408 4009 Deum
1452 3955 1706 4009 vidimus.
1748 3951 1918 4026 ίΧιΙΙ,

325 4050 446 4123 22.]
496 4049 831 4120 Suspicatus
863 4057 950 4103 cst
983 4045 1178 4103 Manoe
1225 4063 1340 4102 non
1391 4047 1674 4118 angelum,
1725 4061 1917 4100 verum

327 4139 502 4206 Deum
535 4150 597 4192 se
635 4137 866 4192 vidisse.
909 4136 1188 4202 Quocirca
1239 4135 1530 4189 victimam
1573 4149 1684 4188 non
1721 4134 1916 4189 eodem

329 4225 436 4280 loci
482 4223 706 4291 obtulit,
751 4237 946 4277 verum
1006 4237 1175 4292 super
1214 4232 1377 4293 petra
1422 4238 1548 4294 qua:
1581 4222 1920 4292 signiﬁcavit

328 4313 639 4369 Christum.
683 4312 754 4366 At
787 4311 884 4382 qui
916 4311 1174 4382 angelum
1203 4325 1332 4367 csse
1356 4305 1823 4384 cogmto,’denuo
1857 4325 1918 4366 se

330 4407 502 4473 Deum
546 4405 754 4462 vidisse
785 4405 819 4458 d
847 4405 970 4459 xit?
1005 4402 1105 4460 Vel
1155 4407 1208 4458 in
1259 4403 1440 4474 legato
1481 4405 1778 4476 lcgantem,
1833 4403 1917 4460 vel

2029 3243 2108 3280 τω
2154 3223 2265 3296 γὰρ
2312 3225 2434 3278 οὐδὲ
2487 3225 2810 3296 ἐπιτίμησιν
2864 3224 2990 3295 ἔσχε
3038 3223 3101 3277 τὸ
3163 3222 3448 3295 πραχθέν·
3477 3221 3620 3292 πλὴν

2031 3318 2182 3384 ἅπαξ
2239 3317 2514 3390 ἐπράχθη,
2547 3317 2613 3370 ὲκ
2644 3318 2905 3388 δευτέρου
2956 3317 3012 3372 δὲ
3055 3315 3329 3396 οὐδαμῶς.
3385 3315 3458 3369 Οὐ
3513 3314 3624 3384 γὰρ

2029 3409 2152 3464 καθ’
2177 3410 2303 3464 ὅλου
2349 3411 2442 3464 τοῦ
2483 3409 2680 3482 χρόνου
2733 3411 2900 3480 νόμος
2946 3411 3006 3464 τὸ
3037 3409 3173 3482 πρὸς
3203 3411 3436 3482 σημεῖον
3463 3423 3628 3477 γεγο-

2028 3502 2137 3582 νὸς,
2172 3504 2265 3556 καὶ
2295 3501 2538 3572 μάλιστα
2568 3501 2705 3555 Θεοῦ
2741 3501 3112 3572 δεδηλωκότος
3133 3499 3405 3572 μηδαμῶς
3433 3498 3630 3570 βεϐου-

2027 3594 2227 3666 λῆσθαι
2257 3594 2450 3659 θυσίας
2477 3593 2806 3666 ἀνθρώπων.

2109 3779 2174 3834 '0
2200 3778 2652 3848 Φαραθωνίτηςο
2689 3776 2843 3843 πόλις
2877 3779 2936 3832 ὲν
2983 3777 3158 3850 ὁρίοις
3203 3777 3485 3851 Ἀμαλήκ.

2101 3952 2346 4018 Θανάτῳ
2371 3953 2860 4024 ἀποθανούμεθα,
2889 3953 2980 4008 ὅτι
3005 3955 3156 4010 Θεὸν
3186 3954 3458 4026 εἴδομεν.
3497 3957 3629 4010 Tu.
3679 3961 3686 3968 ’

2027 4045 2300 4111 ετόπαζεν
2338 4047 2366 4098 6
2410 4046 2611 4100 Μανωὲ
2664 4035 2740 4118 μὴ
2771 4046 3024 4116 ἄγγελον,
3044 4047 3182 4102 ἀλλά
3219 4049 3356 4102 Θεὸν
3386 4047 3624 4122 ἑωρακέο

2027 4157 2138 4195 ναι.
2171 4139 2262 4192 Διὸ
2291 4139 2384 4194 καὶ
2405 4139 2504 4211 τὴν
2528 4139 2718 4194 θυσίαν
2748 4143 3126 4212 προσήνεγκεν
3147 4142 3248 4196 οὐκ
3287 4141 3454 4196 αὐτοῦ
3485 4142 3624 4213 (66).

2027 4230 2166 4301 πρὸς
2199 4230 2257 4284 δὲ
2292 4230 2500 4304 πέτραν
2529 4234 2630 4305 τὴν
2677 4235 3057 4305 σημαίνουσαν
3082 4234 3174 4289 τὸν
3212 4237 3257 4289 Χ
3265 4237 3472 4308 ριστόν.
3501 4235 3626 4299 Πῶς

2023 4321 2080 4375 δὲ
2104 4323 2288 4392 γνοὺς,
2345 4323 2427 4376 ὅτι
2485 4324 2718 4394 ἄγγελός
2753 4325 2904 4390 ἐστι,
2934 4327 3098 4382 πάλιν
3149 4327 3282 4382 Θεὸν
3319 4327 3625 4400 ἑωρακέναι

2026 4415 2232 4488 φησίν;
2267 4416 2338 4469 Ἦ
2382 4418 2442 4471 ὲν
2493 4417 2572 4486 τῷ
2628 4419 2936 4491 πεμφθέντι
2977 4418 3072 4474 τὸν
3106 4419 3490 4492 πέμψαντα,ῆ
3528 4420 3624 4473 τὸν
3702 4447 3710 4453 -

327 4499 512 4572 magni
555 4497 780 4555 consilii
814 4497 1072 4568 angelum
1099 4496 1146 4530 ”
1189 4497 1390 4552 innuit.
1435 4495 1530 4551 Dei
1563 4512 1692 4552 vero
1725 4513 1914 4554 vocem

2038 4510 2122 4580 τῆς
2156 4509 2400 4582 μεγάλης
2442 4509 2640 4582 βουλῆς
2683 4511 2938 4580 ἄγγελον.
2963 4512 3074 4566 Καὶ
3103 4514 3137 4584 ἡ
3162 4511 3314 4583 φωνὴ
3335 4513 3444 4583 γὰρ
3464 4509 3620 4572 Θεοῦ.

328 4607 472 4657 esse,
519 4591 656 4660 illud
695 4589 843 4662 quod
891 4605 1093 4646 nomen
1128 4589 1384 4646 indicare
1420 4601 1666 4656 recns-at,
1709 4593 1913 4662 arguit.

331 4682 466 4736 Item
496 4679 646 4750 quod
678 4679 1016 4734 miraculum
1059 4679 1204 4734 idem
1232 4680 1385 4750 quod
1422 4689 1550 4736 ante
1585 4679 1796 4735 Jacobo
1843 4682 1922 4736 di-

329 4784 480 4826 ctum
523 4779 634 4834 est,
671 4768 906 4824 iudicat.
949 4769 1302 4840 Quapropter
1319 4771 1367 4826 ei
1403 4779 1674 4841 tanquam
1705 4769 1817 4826 Deo
1837 4772 1923 4826 vi-

325 4868 550 4921 ctimam
583 4866 743 4920 litare
781 4871 868 4919 est
894 4864 1172 4934 dignatus.

393 4956 668 5010 Caeterum
723 4953 922 5008 mulier
971 4953 1096 5008 viro
1151 4953 1373 5008 videtur
1423 4953 1807 5024 praestantior,
1855 4969 1923 5012 ac

328 5046 452 5100 ideo
479 5045 660 5116 primo
695 5045 744 5100 ei
780 5043 924 5100 visio
963 5043 1226 5114 obtingit,
1263 5059 1326 5098 ac
1375 5059 1473 5114 per
1517 5059 1640 5098 eam
1685 5045 1920 5102 maritus

327 5141 574 5200 demum,
596 5151 760 5208 quem
801 5137 950 5192 bono
975 5118 1167 5190 animo
1194 5149 1318 5190 esse
1357 5135 1532 5203 jubet.

399 5227 579 5281 Porro
602 5227 866 5282 Samsoni
903 5225 1094 5296 capilli
1135 5241 1328 5280 omnes
1347 5226 1494 5281 vires
1521 5226 1914 5295 conciliarunt,

328 5333 424 5388 per
453 5325 678 5388 quostt
709 5318 946 5388 spiritus
967 5332 1094 5374 sese
1123 5318 1365 5374 vibravit
1395 5320 1790 5392 superipsum.
1822 5321 1916 5378 Sic

325 5413 492 5465 cliuli!
535 5425 665 5465 cum
710 5411 870 5466 Anna
905 5421 1092 5466 votum
1134 5421 1540 5485 nuncupasset,
1585 5415 1632 5469 si
1669 5425 1910 5485 pareret,

385 5565 432 5598 ”
459 5563 643 5622 Judic.
693 5564 862 5627 x139.
939 5565 986 5598 ⁸³
1015 5564 1122 5622 isa.
1157 5581 1234 5637 ix,
1269 5569 1322 5627 6.

2027 4599 2105 4670 μὴ
2132 4599 2415 4666 ἀξιοῦντος
2467 4602 2645 4656 εἰπεῖν
2695 4601 2955 4675 τοῦνομα.
3009 4605 3120 4686 καὶ
3176 4605 3309 4658 αὐτὸ
3353 4604 3462 4673 γάρ
3487 4619 3622 4672 φησι

2022 4692 2358 4763 θαυμαστὸν,
2383 4693 2520 4766 ὅπερ
2567 4695 2769 4769 ἐρρέοη
2827 4697 3095 4769 πρότερον
3141 4697 3360 4752 Ἰακώϐ.
3393 4695 3622 4762 Ἦξίωσε

2025 4784 2084 4838 δὲ
2111 4784 2188 4856 τῷ
2222 4785 2344 4857 Θεῷ
2379 4787 2762 4859 προσάγεσθαι
2787 4789 2886 4862 τὴν
2921 4789 3136 4846 θυσίαν.

2113 4960 2174 5016 Ἦ
2210 4965 2348 5036 γυνὴ
2374 4964 2686 5038 τελειοτέρα
2719 4967 2972 5038 φαίνεται
2997 4967 3096 5024 τοῦ
3143 4969 3358 5042 ἀνδρός.
3391 4968 3485 5024 Διὸ
3526 4971 3623 5022 καὶ

2029 5052 2223 5124 πρώτη
2256 5054 2354 5125 τῆς
2389 5055 2660 5122 ὀπτασίας
2693 5059 2976 5130 τυγχάνει,
2998 5059 3095 5114 καὶ
3118 5059 3188 5114 δι’
3211 5060 3386 5132 αὐτῆς
3407 5061 3436 5115 6
3459 5057 3622 5132 ἀνὴρ,

2029 5145 2124 5198 καὶ
2161 5144 2408 5201 διδάσκει
2441 5148 2534 5203 τὸν
2570 5149 2744 5221 ἄνδρα
2777 5150 3030 5225 θαρρεῖν.

2097 5238 2190 5310 Τῷ
2223 5238 2466 5313 Σαμψὼν
2493 5244 2552 5296 αί
2582 5243 2772 5316 τρίχες
2801 5246 2903 5317 τὴν
2925 5249 3109 5301 πᾶσαν
3135 5247 3417 5302 ὲνεποίουν
3443 5243 3620 5318 ἰσχὺν,

2025 5329 2096 5384 δι’
2133 5325 2210 5386 ὧν
2235 5333 2331 5386 καὶ
2364 5333 2424 5388 τὸ
2455 5335 2698 5406 πνεῦμα-
2722 5335 3068 5408 κατηύθυνεν
3115 5339 3204 5392 ἐπ’
3235 5338 3423 5394 αὐτόν.
3458 5337 3619 5392 Ἀλλὰ

2021 5423 2241 5498 καὶτῆς
2277 5427 2482 5499 Ἀννης
2515 5429 2846 5504 εὐξαμένης,
2879 5431 2926 5486 εί
2947 5431 3124 5501 τέκοι,
3158 5431 3382 5507 σίδηρον
3410 5431 3622 5505 ἑπὶτὴν

1821 5665 2034 5726 ΝΟΤΑΕ
2048 5711 2063 5728 .

392 5753 512 5844 (66)
540 5769 704 5845 Δύτῷ
727 5771 948 5837 πάντως
971 5772 1274 5844 ἀναγνωστ.
1306 5776 1386 5848 τῷ
1439 5777 1683 5852 ’Δγγέλῳ
1727 5781 1910 5854 δῆθεν.
