3992 6468
415 414 550 481 ἵθτ3

1525 419 2064 482 ΟΟΜΜΕΝΤΑΒΠ
2099 420 2181 481 IN
2213 421 2548 484 JUDICES.

3539 415 3675 482 10⁵74

409 527 650 596 κεφαλὴν
686 526 782 580 οὐκ
811 525 983 595 mm;
997 527 1183 578 τεσθαι
1213 525 1304 578 τοῦ
1331 526 1550 590 παιδὸς,
1583 529 1839 596 γεννᾶται
1881 529 1987 580 Σα-

2112 527 2294 583 errum
2315 545 2421 582 non
2455 541 2820 584 ascensurum
2847 539 3018 598 super
3042 533 3210 598 caput
3235 524 3414 596 pueri,
3440 527 3674 583 Samue-

416 620 586 686 μουὴλ
623 621 651 672 ὁ
678 619 756 689 τῷ
799 619 1020 689 μεγάλῳ
1065 618 1542 690 παραϐαλλόμενος
1578 620 1809 674 Μωῦσεί
1838 619 1989 691 παρά

411 715 488 783 τῷ
521 717 650 784 Θείῳ
671 715 853 768 Δαϐίδ.
895 715 1033 786 Φησὶ
1057 715 1186 783 γὰρ,
1225 733 1245 766 ι
1280 715 1522 783 Μωῠσῆς
1549 717 1646 769 καὶ
1691 716 1900 788 Ἀαρὼν
1933 717 1992 770 έν

412 810 521 860 τοῖ;
544 807 780 874 ἱερεῦσιν
805 806 992 870 αὑτοῦ,
1025 807 1117 858 καὶ
1145 807 1398 876 Σαμουὴλ
1435 808 1494 860 ἐν
1541 809 1655 872 τοῖς
1695 809 1992 862 ἐπικαλου-

419 901 598 968 μένοις
622 899 683 952 τδ
709 899 879 969 ὄνομα
903 897 1090 952 αὐτοῦ.
1128 917 1146 948 ι
1180 898 1270 950 Ἐν
1299 897 1354 952 δὲ
1386 899 1464 968 τῷ
1493 899 1761 972 Ἱερεμίᾳ,
1798 918 1817 950 ι
1868 900 1994 953 Ἐὰν

419 991 538 1060 στῇ,
592 987 748 1057 φησὶ,
793 987 1037 1054 Μωῦσῆς
1080 987 1174 1040 καὶ
1225 987 1481 1058 Σαμουὴλ
1533 988 1642 1057 πρὸ
1696 987 1992 1058 προσώπου

419 1095 542 1148 μου.
573 1096 592 1129 ι
645 1076 810 1130 Ἀλλά
858 1077 954 1130 καὶ
1006 1077 1115 1130 τῶν
1157 1075 1333 1146 Ἰησοῦ
1385 1077 1646 1149 μαθητῶν
1697 1080 1753 1132 αἱ
1805 1079 1994 1149 τρίχες

415 1168 742 1240 ἠρίθμηντο.
797 1170 911 1222 Καὶ
951 1171 1081 1238 περὶ
1111 1167 1206 1222 τοῦ
1241 1169 1297 1222 δὲ
1347 1167 1692 1240 τριχώματος
1729 1169 1829 1239 τῆς
1857 1170 1996 1239 v69.-

418 1243 526 1330 φης
551 1263 609 1314 ἐν
627 1261 868 1332 ’ᾼσματι
897 1260 1075 1329 λόγος.
1099 1261 1284 1314 Ἔοικε
1301 1261 1480 1314 τοίνυν
1501 1263 1528 1314 ό
1551 1260 1698 1331 βιοὺς
1729 1261 1994 1332 ἀκριῦῶς,

419 1351 514 1405 καὶ
555 1349 716 1420 μέχρι
749 1349 844 1403 τοῦ
875 1349 1134 1420 τυχόντος
1160 1348 1303 1402 κατά
1329 1349 1424 1402 τὸν
1441 1349 1580 1402 θεῖον
1603 1348 1758 1416 λόγον
1782 1349 1998 1401 ἃπαντα

419 1441 680 1510 πράττειν
719 1439 1044 1510 βουλόμενος
1066 1479 1080 1505 ,
1117 1440 1192 1502 ὡς
1226 1439 1384 1508 ἀγιος
1425 1440 1521 1493 καὶ
1565 1439 1685 1510 Θεῷ
1713 1440 2000 1510 ἀνακείμε-

419 1548 510 1595 νος
537 1531 800 1585 ἐπαινετὰ
821 1532 918 1584 καὶ
951 1531 1149 1602 ίσχυρά
1175 1531 1320 1602 ἔχειν
1347 1533 1440 1584 καὶ
1461 1530 1532 1584 τά
1553 1525 1668 1585 οἷον
1691 1531 2000 1602 αἰσθήσεως

421 1623 756 1696 ἀμοιροῦντα
797 1623 1112 1694 θειοτέρας,
1152 1623 1300 1693 ἅπερ
1351 1623 1470 1677 ἐστὶ
1506 1623 1574 1677 τὰ
1618 1622 1998 1696 βιοτικώτερα,

423 1717 518 1770 καὶ
535 1719 610 1786 ’τῇ
637 1715 958 1788 ἀνθρωπίνῃ
997 1715 1159 1786 φύσει
1187 1715 1278 1769 διὰ
1303 1717 1403 1786 τὴν
1427 1715 1522 1768 τοῦ
1549 1715 1802 1786 σώματος
1831 1717 2002 1784 ἀνάγ-

424 1825 530 1878 κην
556 1807 1114 1878 παραλαμϐανόμενα.
1140 1803 1242 1860 Ὧν
1269 1807 1297 1860 ὁ
1333 1793 1486 1876 ἄχεος
1523 1807 1586 1862 οὐ
1641 1811 1999 1880 καταφρονεῖ,

365 1917 390 1940 ι
423 1899 501 1961 ὡς
564 1899 639 1970 μὴ
699 1899 892 1966 ἁγίων.
927 1899 1088 1963 Ἀξια
1139 1901 1250 1970 γὰρ
1301 1899 1394 1953 τοῦ
1445 1901 1629 1970 μέλειν
1669 1899 1788 1970 Θεῷ
1817 1918 1876 1952 τε
1907 1901 2002 1954 καὶ

421 1989 581 2060 λόγῳ.
616 1988 708 2054 Ei;
744 1989 904 2055 δόξαν
928 1993 1036 2062 γὰρ
1062 1991 1196 2043 Θεοῦ
1226 1994 1336 2053 τοῖς
1364 1991 1542 2059 ἁγίοις
1580 1992 1674 2045 καὶ
1707 1992 1766 2044 τὸ
1802 1991 2004 2045 ἐσθίειν

423 2086 519 2141 καὶ
547 2087 608 2139 τὸ
631 2085 808 2139 πίνειν
836 2087 928 2140 καὶ
973 2089 1078 2140 πᾶν
1105 2087 1133 2140 ὃ
1153 2097 1220 2139 τι
1247 2086 1507 2141 τοιοῦτον.
1551 2088 1659 2140 Καὶ
1689 2085 2004 2158 ἀριθμεῖται

419 2177 596 2232 ταῦτα
630 2177 784 2248 παρά
813 2179 950 2248 Θεῷ,
979 2179 1054 2242 ὡς
1083 2179 1141 2230 ἐν
1171 2180 1285 2241 τοῖς
1303 2179 1611 2250 -Ἂριθμοῖς
1642 2179 1712 2232 τὰ
1748 2179 1856 2232 ἀπὸ
1901 2196 2006 2249 μη-

421 2269 597 2324 νιαίου
656 2271 748 2322 καὶ
786 2271 972 2324 ὲπάνω
1007 2269 1216 2332 παιδία,
1259 2271 1319 2322 οὐ
1370 2271 1588 2325 πάντων
1627 2270 2002 2341 Ἰσραηλιτῶν,

421 2360 539 2415 ἀλλ’
565 2361 683 2432 ἦτοι
732 2361 999 2424 Λευῖτῶν,
1032 2361 1064 2431 ἢ
1109 2361 1246 2428 μόνα
1289 2363 1356 2415 τὰ
1401 2361 1724 2434 πρωτότοκα
1749 2377 1762 2391 ⁶
1795 2359 1918 2413 οὔτε
1947 2359 2004 2413 δὲ

419 2453 652 2516 οἰκέται,
695 2451 823 2506 οὕτε
859 2456 888 2506 ὁ
933 2453 1258 2522 ὲπίμικτος,
1303 2451 1428 2506 οὔτε
1468 2454 1746 2520 γυναῖκες,
1797 2451 1921 2504 οὔτε
1955 2453 2004 2504 οἱ

427 2545 504 2617 μὴ
531 2545 823 2614 δυνάμενοι
851 2543 940 2598 διὰ
989 2545 1121 2598 νέαν
1147 2528 1378 2613 ’ἠλικίαν
1429 2541 1630 2609 ἐξιέναι
1681 2543 1816 2614 πρὸς
1850 2542 2007 2596 πόλε·

426 2653 549 2707 μον.
586 2636 843 2700 Τοιοῦτος
881 2637 1108 2700 εἰκότως
1139 2637 1168 2690 ὁ
1200 2635 1475 2706 Σαμουὴλ.

497 2898 623 2961 Πῶς
670 2898 764 2952 ἐπὶ
817 2899 940 2962 ταῖς
982 2897 1231 2966 γυναιξὶν
1267 2896 1366 2950 οὐκ
1392 2895 1664 2966 ἀφίστατο
1696 2896 1758 2950 τδ
1791 2895 2009 2968 πνεῦμα

425 2987 524 3044 τοῦ
558 2987 841 3060 Σαμψὼνς
877 2989 948 3042 Ἢ
983 2988 1259 3057 θειότερόν
1305 3005 1356 3040 τι
1394 2989 1463 3041 τὰ
1509 2985 1652 3040 κατά
1695 2987 1883 3040 τοῦτον
1910 2988 2008 3056 δη-

2035 1866 2076 1924 Β

2093 617 2197 672 lem
2225 619 2422 688 gignit,
2457 620 2550 689 qui
2583 617 2720 674 Mosi
2756 632 2956 688 magno
2988 632 3018 671 a
3050 618 3257 673 Davide
3290 628 3674 688 comparatur,

2093 710 2276 780 inquit
2317 713 2468 765 enim
2506 730 2520 767 :
2556 732 2573 765 ι
2611 709 2798 766 Moses
2825 718 2886 764 et
2929 711 3114 765 Aaron
3168 711 3313 772 inter
3361 711 3677 766 sacerdotes

2092 803 2238 871 ejus,
2273 801 2494 860 Samuel
2524 805 2667 860 inter
2683 820 2781 860 eos
2805 803 2900 874 qui
2928 803 3406 859 invocantnomen
3430 804 3552 874 ejus
3576 804 3672 858 “.n

2094 895 2271 951 Porro
2307 897 2362 950 in
2390 894 2625 950 Jeremia
2665 913 2678 948 :
2709 915 2726 948 ι
2770 896 2926 960 Quod
2952 897 3000 951 si
3031 895 3234 958 Moses,
3268 895 3474 965 inquit,
3507 902 3676 950 stete-

2096 985 2174 1038 rit
2201 1001 2324 1039 cum
2361 983 2617 1041 Samueie.
2645 1001 2833 1041 coram
2874 1001 2960 1040 me
2993 985 3065 1038 ⁸⁸.
3099 1003 3118 1037 ι
3165 986 3282 1040 lmo
3317 987 3480 1040 etiam
3507 985 3680 1041 disci—

2097 1077 2352 1146 pulorum
2385 1074 2517 1130 Jesu
2546 1077 2731 1146 capilli
2767 1078 2820 1130 in
2855 1085 3148 1130 numerato
3180 1085 3310 1131 sunt
3339 1078 3404 1130 ".
3428 1076 3502 1132 De
3522 1091 3680 1130 coma

2098 1168 2229 1224 item
2287 1184 2507 1238 sponsae
2563 1169 2619 1222 in
2663 1169 2898 1223 Cantico
2948 1184 3136 1224 sermo
3175 1177 3264 1224 cst
3290 1171 3358 1222 ³⁷.
3415 1167 3681 1236 Quisquis

2098 1262 2244 1316 enim
2283 1261 2455 1314 vitam
2503 1269 2767 1316 accurate
2804 1261 3072 1325 instituit,
3123 1273 3172 1316 et
3205 1261 3385 1330 quoad
3429 1259 3542 1313 ﬁeri
3579 1274 3678 1329 po-

2100 1359 2208 1407 test
2235 1351 2420 1405 omnia
2462 1351 2619 1420 juxta
2652 1352 2899 1406 divinam
2946 1352 3219 1406 ratiouem
3256 1366 3420 1421 agere
3451 1350 3678 1420 expetit,

2099 1461 2163 1500 ea
2192 1444 2360 1500 etiam
2411 1460 2538 1514 qua:
2597 1447 2783 1499 minus
2843 1444 3132 1497 divinitate
3183 1445 3517 1513 participant
3561 1452 3682 1496 tan-

2100 1552 2266 1608 quam
2301 1537 2385 1591 vir
2418 1544 2648 1592 sanctus
2679 1544 2732 1590 ct
2763 1534 2874 1589 Deo
2902 1541 3050 1590 totus
3075 1535 3320 1599 deditus,
3345 1535 3577 1588 meliora
3612 1534 3686 1588 ef-

2102 1627 2474 1696 ﬁcacioraque
2520 1625 2576 1681 in
2631 1641 2753 1683 sese
2786 1626 3041 1696 experiri
3069 1627 3314 1680 videtur.
3357 1626 3685 1694 Cuiusmodi

2102 1733 2166 1774 ea
2199 1726 2330 1773 sunt
2355 1733 2477 1787 quae
2500 1717 2565 1772 ad
2595 1717 2806 1772 victum
2843 1717 3144 1787 pertinent,
3185 1729 3239 1772 et
3275 1719 3524 1788 corporis
3561 1733 3688 1774 sus-

2105 1808 2348 1863 tentandi
2385 1823 2548 1876 causa
2591 1807 2914 1862 necessario
2939 1807 3006 1861 ab
3040 1807 3360 1861 hominibus
3393 1822 3692 1860 assumun-

2107 1910 2216 1963 tur.
2264 1899 2424 1970 507
2466 1915 2588 1970 quae
2620 1914 2687 1954 ne
2727 1908 2956 1956 sanctus
2999 1900 3225 1969 quidem
3273 1907 3537 1968 tanquam
3579 1915 3688 1951 non

2107 2003 2296 2046 sancta
2326 1992 2746 2060 contempserit.
2779 1989 2972 2060 Neque
2997 1991 3144 2044 enim
3177 1990 3399 2057 indigna
3425 1998 3692 2056 suntquu:

2105 2095 2134 2133 a
2168 2078 2278 2134 Deo
2315 2086 2371 2133 et
2405 2079 2574 2138 Verbo
2604 2085 2890 2133 curentur.
2936 2077 2992 2132 In
3021 2077 3255 2147 gloriam
3287 2077 3434 2130 euim
3469 2075 3566 2129 Dci
3605 2092 3693 2129 ce-

2107 2170 2188 2225 dit
2233 2177 2288 2225 ct
2328 2179 2652 2226 sanctorum
2699 2185 2828 2226 esus
2871 2178 2922 2224 et
2961 2178 3148 2239 potus,
3193 2176 3248 2222 et
3291 2167 3567 2238 quidquid
3609 2179 3695 2221 est

2105 2263 2449 2332 hujusmodi.
2485 2263 2619 2318 Nam
2656 2278 2718 2319 ea
2759 2246 3158 2334 quoque-apud
3203 2260 3373 2316 Deum
3413 2261 3468 2314 in
3503 2265 3692 2314 nume-

2107 2362 2232 2410 rato
2275 2365 2426 2420 sunt,
2467 2371 2576 2409 non
2617 2357 2801 2409 minus
2834 2369 2997 2424 quam
3043 2354 3098 2406 in
3155 2351 3412 2406 Numeris
3444 2351 3491 2382 ”
3536 2349 3697 2419 pueri

2109 2459 2354 2498 mensem
2387 2453 2478 2498 aut
2501 2439 2666 2515 supra
2699 2446 2846 2500 natis
2879 2459 2986 2498 non
3012 2443 3384 2498 Israelitarum
3418 2443 3700 2505 omnium,

2106 2547 2296 2586 verum
2329 2543 2422 2588 aut
2463 2533 2802 2598 Levitarum,
2859 2544 2956 2588 aut
2981 2535 3357 2604 primogeniti.
3391 2533 3570 2587 Porro
3593 2549 3700 2587 nec

2109 2621 2298 2677 famuli
2331 2641 2432 2680 nec
2471 2625 2751 2696 indigena,
2784 2641 2886 2680 nec
2917 2625 3200 2688 mulieres,
3244 2641 3424 2694 neque
3463 2625 3534 2679 ob
3561 2633 3696 2678 teta-

2108 2715 2180 2769 tis
2215 2717 2566 2772 teneritatem
2599 2717 2854 2772 militiam
2889 2717 3132 2774 obeundi
3167 2719 3357 2789 inepti.
3393 2717 3548 2773 Talis
3581 2730 3694 2772 non

2109 2809 2390 2865 immerito
2411 2809 2636 2866 Samuel
2672 2811 2848 2866 videri
2874 2811 3056 2867 debet.

2179 2901 2292 2956 Cur
2313 2916 2446 2955 vero
2482 2917 2591 2955 non
2639 2917 2808 2972 super
2843 2903 3104 2956 mulieres
3137 2901 3368 2971 spiritus
3407 2901 3698 2958 Samsonis

2110 2990 2370 3054 recessit,
2409 2990 2538 3054 quia
2571 2991 2866 3046 sublimius
2897 2990 3160 3059 quiddam
3203 3007 3293 3046 res
3322 2991 3503 3060 ipsius
3529 2991 3700 3062 signi-

424 3083 530 3137 λοῖ.
561 3081 634 3136 Τὸ
665 3081 762 3152 μὲν
793 3081 904 3152 γὰρ
939 3081 1060 3134 ὅλον
1090 3079 1251 3150 σῶμα
1280 3079 1375 3132 τοῦ
1411 3077 1672 3148 Σαμψὼν,
1707 3079 1868 3149 σῶμά
1893 3078 2006 3151 (67)

2115 3081 2370 3138 licahant.
2411 3081 2612 3138 Totum
2655 3084 2857 3140 ctenim
2908 3081 3198 3138 Samsonis
3243 3099 3444 3152 corpus
3494 3083 3698 3140 Christi

426 3177 546 3229 ἐστι
568 3175 660 3229 τοῦ
687 3172 923 3246 Χριστοῦ
942 3175 975 3246 ἡ
1013 3173 1312 3244 Ἐκκλησία
1348 3172 1436 3226 διὰ
1460 3172 1540 3238 τὸ,
1569 3192 1587 3224 ι
1608 3173 1798 3242 Ὑμεῖς
1814 3173 1868 3226 δέ
1890 3175 2007 3226 ἐστε

2116 3186 2318 3241 corpus
2348 3172 2597 3226 Ecclesia
2644 3181 2750 3236 est,
2785 3171 2942 3240 juxta
2973 3173 3110 3225 illud

429 3267 590 3338 σῶμα
615 3266 854 3338 Χριστοῦ
886 3266 980 3320 καὶ
1003 3266 1142 3336 μέλη
1172 3267 1235 3318 ὲκ
1262 3267 1462 3334 μέρους
1487 3261 1534 3316 ’ὁ
1561 3265 1748 3336 τρίχες
1771 3265 1826 3318 δὲ
1845 3283 2016 3333 κεφα-

430 3357 530 3428 λῆς
587 3359 636 3410 οἱ
681 3357 875 3410 τοιοίδε
941 3356 1120 3424 ἅγιοι,
1161 3356 1254 3411 καὶ
1297 3356 1528 3426 δύναμιν
1580 3357 1910 3426 παρέχοντες
1935 3356 2017 3409 δι-

427 3448 730 3512 δασκαλίας
759 3448 854 3502 καὶ
885 3448 981 3515 τῆς
1003 3447 1170 3514 ἄλλης
1209 3447 1484 3510 πολιτείας
1535 3446 1614 3515 τῷ
1641 3447 1746 3516 ὅλῳ
1777 3445 2014 3514 σώματι.

429 3539 701 3608 Ζητοῦσιν
727 3534 820 3592 οὖν
851 3540 900 3590 οἱ
923 3537 1212 3605 ἀλλόφυλοι
1254 3537 1360 3589 ποῦ
1387 3538 1488 3606 τῆς
1517 3536 1644 3605 ὅλης
1687 3536 2016 3604 Ἑκκλησίας

431 3631 469 3698 ἡ
505 3629 756 3696 δύναμις,
795 3627 989 3697 μέχρις
1036 3625 1102 3677 ἂν
1135 3623 1369 3692 εὕρωσιν
1401 3628 1459 3678 ὲν
1489 3625 1631 3678 τίσιν
1667 3625 1835 3680 ἐστίν.
1874 3626 2018 3680 Ἀλλ’

432 3717 558 3770 ὅσον
593 3716 691 3786 μὲν
723 3707 870 3768 οὗτοι
901 3716 966 3785 τῇ
1007 3712 1304 3783 Ἐκκλησία
1328 3715 1604 3784 πάρεισιν,
1627 3713 1773 3770 ἔστιν
1810 3715 2016 3786 ἀήττη-

434 3824 544 3870 τος,
567 3807 672 3860 κᾶν
710 3803 1047 3874 δεσμεύηται
1100 3804 1205 3856 ὑπὸ
1256 3803 1365 3856 τῶν
1420 3804 1755 3872 ἀλλοφύλων,
1789 3806 2015 3878 διοιρῤη-

432 3895 689 3964 γνύουσιν
738 3895 815 3957 ὡς
855 3892 1284 3955 ἀσθενεστάτους
1345 3893 1470 3958 τοὺς
1515 3894 1607 3945 ὑπ’
1654 3895 1882 3949 ἐκείνων
1929 3895 2018 3948 δε-

434 3988 628 4055 σμούς.
675 3985 841 4038 Ἐπάν
875 3984 929 4038 δὲ
954 3983 1120 4046 ’ὕπνος
1160 3983 1448 4056 καταλάϐῃ
1481 3984 1542 4038 τὸ
1593 3985 1773 4056 σῶμα,
1811 3989 1905 4039 καὶ
1933 3981 2016 4052 οἷς

427 4082 494 4134 οὐ
527 4081 632 4150 χρὴ
666 4076 895 4148 ὲκθῆται
929 4075 996 4129 τά
1029 4076 1130 4145 τῆς
1159 4075 1465 4144 δυνάμεως,
1499 4077 1620 4129 τότε
1657 4077 2014 4146 ξυρεῖταικαὶ

426 4175 534 4244 τὴν
579 4172 810 4241 δύναμιν
854 4168 1196 4224 ἀποτίθεται.
1247 4168 1626 4232 Ἀσθενοῦντος
1674 4170 1732 4222 δὲ
1772 4169 1868 4222 τοῦ
1905 4171 2014 4223 σώ-

434 4282 628 4336 ματος,
655 4266 701 4317 οἱ
729 4261 1020 4330 ἀλλόφυλοι
1048 4261 1107 4314 οὐ
1138 4262 1301 4331 μέχρι
1327 4260 1424 4314 τοῦ
1450 4261 1746 4330 ἀφελέσθαι
1767 4262 1890 4325 τοὺς
1913 4264 2012 4334 τὴν

427 4356 665 4425 δύναμιν
694 4353 876 4406 αὐτῶν
917 4351 1260 4423 παρέχοντας
1306 4351 1589 4404 ἵστανται·
1632 4351 1767 4404 ἁλλά
1817 4354 1926 4424 γὰρ
1964 4354 2015 4407 εί

427 4466 540 4503 που
567 4445 1006 4516 καὶκδιορατικόν
1033 4463 1087 4499 τι
1111 4445 1197 4516 εἴη
1233 4445 1328 4498 καὶ
1362 4445 1455 4510 ὀξὺ
1503 4445 1720 4514 βλέπειν
1772 4447 2006 4517 δυνάμε-

3160 3191 3172 3226 :
3208 3191 3226 3223 ι
3265 3172 3380 3228 Vos
3408 3187 3540 3227 vero
3572 3189 3700 3227 cor-

2119 3279 2224 3334 pus
2255 3264 2392 3318 estis
2417 3263 2650 3328 Christi,
2689 3275 2742 3320 ct
2789 3267 3038 3320 membra
3068 3283 3134 3320 ex
3165 3277 3318 3336 parte
3340 3269 3408 3320 θ’.
3447 3287 3464 3320 ›
3501 3265 3705 3336 Hujus-

2119 3355 2268 3410 modi
2300 3371 2432 3410 vero
2471 3357 2652 3426 capilli
2689 3357 2874 3412 sancti
2916 3365 3069 3420 sunt,
3112 3373 3176 3412 ac
3205 3373 3401 3412 omnes
3433 3367 3706 3427 quotquot

2118 3449 2268 3504 vires
2295 3448 2610 3516 disciplina:
2641 3463 2706 3502 ac
2746 3448 2920 3502 totius
2951 3449 3374 3518 gubernationis
3436 3450 3535 3503 toti
3575 3464 3704 3503 cor-

2119 3538 2237 3608 pori
2282 3537 2654 3607 suppeditant.
2704 3537 2999 3606 lnquirunt
3063 3539 3235 3608 igitur
3289 3539 3563 3594 Palaestini
3642 3557 3706 3592 ae.

2121 3627 2306 3682 hostes
2348 3627 2610 3681 Ecclesire
2661 3627 2885 3682 ubinam
2917 3628 3086 3683 totius
3111 3629 3374 3684 Ecclesize
3416 3631 3560 3686 vires
3594 3632 3707 3686 sint

2119 3720 2413 3784 abstrusas,
2443 3719 2620 3773 donec
2661 3735 2758 3774 cos
2793 3720 2848 3772 in
2887 3719 3092 3787 quibus
3142 3729 3294 3787 sunt,
3327 3722 3707 3792 deprehende-

2119 3809 2254 3864 rint.
2286 3807 2558 3863 Caeterum
2582 3809 2826 3879 quandiu
2859 3809 2949 3863 isti
2983 3809 3244 3866 Ecclesia:
3273 3822 3402 3868 sunt
3425 3812 3702 3881 adiuncti,

2119 3902 2236 3972 ipsa
2260 3902 2479 3970 penitus
2511 3909 2594 3953 est
2619 3901 2843 3965 invicta,
2871 3902 2978 3956 etsi
3039 3904 3188 3955 enim
3213 3903 3266 3956 in
3297 3903 3520 3958 vincula
3548 3919 3577 3958 a
3603 3903 3707 3957 Pa-

2117 3990 2348 4044 lmstinis
2374 3989 2727 4059 conjiciatur.
2765 3991 2832 4042 ab
2871 3991 2940 4045 iis
2971 3992 3191 4046 vincula
3233 4008 3334 4048 ceu
3379 3993 3706 4050 inﬁrmissi-

2115 4095 2204 4134 ma
2257 4090 2610 4150 rumpuntur.
2643 4079 3065 4149 Quamprimum
3124 4097 3254 4136 vero
3295 4099 3522 4138 somnus
3575 4086 3707 4139 illtul

2115 4191 2318 4244 corpus
2345 4176 2575 4244 ceperit,
2614 4190 2678 4229 ac
2713 4174 2782 4230 iis
2811 4175 3016 4246 quibus
3065 4176 3291 4230 minime
3343 4180 3713 4234 conveniebat

2114 4269 2259 4324 vires
2295 4283 2424 4323 suas
2450 4267 2820 4337 prostituerit,
2852 4269 3114 4323 tondetur
3136 4284 3202 4324 ac
3227 4269 3336 4322 vim
3359 4285 3514 4325 suam
3545 4273 3673 4324 amit
3693 4301 3705 4311 -

2113 4363 2200 4416 tit.
2221 4360 2357 4415 Cum
2392 4376 2524 4415 vero
2553 4375 2757 4428 corpus
2789 4361 3018 4428 languet
3047 4361 3328 4416 Palaestini
3372 4377 3478 4416 non
3513 4371 3618 4416 tam
3648 4369 3704 4415 ut

2113 4450 2260 4503 vires
2291 4449 2340 4503 ei
2376 4449 2626 4501 adimant
2673 4448 2952 4513 laborant,
2986 4465 3150 4518 quam
3185 4456 3244 4502 ut.
3307 4447 3360 4502 id
3395 4449 3539 4518 quod
3578 4467 3702 4518 pcr-
3776 4480 3784 4516 ς

425 4557 526 4594 νον
570 4541 628 4592 ὲν
669 4539 776 4610 ὅλῳ
813 4537 893 4607 τῷ
945 4537 1160 4608 σώματι
1209 4538 1307 4608 τῆς
1347 4536 1698 4606 Ἑκκλησίας,
1737 4539 1896 4592 τοῦτο
1925 4541 2007 4605 ἐξ-

2119 4536 2358 4606 spicitct
2413 4546 2636 4588 acutum
2681 4535 2861 4588 cernit
2911 4534 2965 4588 in
3025 4543 3140 4588 toto
3160 4549 3394 4603 corpore
3450 4535 3708 4589 Ecclesia:
3779 4523 3787 4538 ²

424 4631 754 4704 ορύττουσιν
778 4647 792 4664 ο
837 4631 912 4694 ὼς
941 4629 1008 4684 ἂν
1045 4631 1106 4682 τὸ
1144 4629 1302 4699 σῶμα
1325 4629 1432 4682 ὑπὸ
1464 4631 1572 4681 τῶν
1612 4630 1888 4700 πολεμίων
1919 4635 2018 4702 ἐμ-

425 4723 723 4793 παίζηται,
759 4723 922 4792 μέχρι
953 4721 1132 4774 καινοί
1167 4737 1308 4783 τινες
1336 4720 1458 4773 ἀντὶ
1495 4719 1605 4773 τῶν
1638 4723 2014 4793 ἀφῃρημένων

425 4813 763 4868 ἀνατείλωσι
795 4813 896 4881 τῆς
933 4811 1281 4879 Ἐκκλησίας,
1325 4811 1383 4864 ἐν
1408 4805 1488 4875 οἷς
1521 4814 1554 4882 ἠ
1589 4811 1720 4878 ,θεία
1762 4813 2014 4884 δύναμις,

429 4889 726 4976 λεγόμενοι
773 4903 978 4974 τρίχες.
1009 4899 1111 4957 Ὧν
1152 4903 1590 4969 ἀνατειλάντων,
1631 4905 1680 4957 οῖ
1722 4903 2015 4974 ἀλλόφυλοι

431 4997 821 5053 συντελοῦνται
849 4995 1240 5059 ὲπιπίπτοντες
1269 4997 1456 5058 αὐτοῖς
1505 4996 1644 5066 μετά
1675 4997 1786 5050 τῶν
1820 4997 2017 5051 κιόνων

425 5090 537 5145 τοῦ
581 5089 734 5143 οἴκου
789 5089 1009 5150 παντός.
1053 5089 1116 5141 Et
1149 5089 1207 5140 δὲ
1239 5087 1333 5141 καὶ
1364 5087 1527 5150 αὐτὸς
1561 5087 2008 5165 παραπολαύσειε

430 5185 508 5252 ’τῇ
539 5180 634 5234 τοῦ
675 5181 826 5234 οῐκου
865 5179 958 5232 καὶ
1006 5181 1070 5249 τῇ
1102 5179 1210 5232 τῶν
1246 5177 1563 5247 ἀλλοφύλων
1608 5178 1891 5252 συντελείᾳ
1919 5183 2022 5249 τῆς

434 5272 634 5326 ἑαυτοῦ
659 5271 992 5334 συντελείας,
1019 5270 1326 5340 πνεύματος
1355 5269 1563 5340 Κυρίου
1589 5269 1912 5336 εὐθύναντος
1935 5270 2022 5324 ἐπ’

440 5363 632 5428 αὐτὸν,
673 5363 768 5416 καὶ
799 5361 971 5416 ταῦτα
1009 5361 1416 5432 ἐργασαμένου,
1443 5359 1546 5432 χρὴ
1570 5362 1817 5429 σκοπεῖν,
1853 5361 1927 5426 ὡς
1958 5362 2022 5415 οὐ

2121 4636 2340 4689 eruant,
2374 4641 2438 4680 ac
2467 4640 2671 4694 corpus
2722 4624 2981 4680 hostibus
3022 4624 3367 4678 illudcndum
3400 4626 3702 4696 pra-beant,

2120 4719 2300 4774 donec
2340 4716 2466 4771 novi
2511 4715 2680 4786 aliqui
2712 4713 2900 4768 divina
2941 4715 3152 4771 virtute
3195 4717 3432 4786 pratditi,
3483 4718 3574 4788 qui
3611 4733 3704 4771 ca-

2127 4809 2239 4880 pilli
2283 4815 2577 4870 vocantur,
2615 4806 2921 4860 ablatorum
2955 4805 3082 4860 loco
3119 4817 3498 4863 succrescant.
3547 4809 3706 4875 Quod

2127 4903 2172 4958 si
2205 4903 2286 4964 ﬁt,
2319 4898 2595 4954 Palmsﬁni
2655 4898 3055 4965 coniiciuntur,
3090 4905 3315 4969 totaque
3365 4901 3564 4955 domus
3599 4917 3708 4954 una

2125 5010 2250 5050 cum
2287 4991 2565 5048 columnis
2595 4991 2648 5044 in
2685 5000 2852 5061 caput
2885 4992 3136 5062 ipsorum
3170 4991 3356 5046 irruit.
3399 4992 3464 5046 Et
3499 4992 3547 5046 si
3578 5009 3709 5046 vero

2127 5087 2322 5142 domus
2343 5083 2584 5150 ruinam,
2622 5097 2686 5137 ac
2716 5081 3132 5138 Palmstinorum
3163 5083 3444 5138 interitmn
3469 5097 3576 5137 una
3609 5085 3707 5138 de-

2125 5177 2391 5250 gustavit,
2416 5189 2542 5230 cum
2579 5175 2796 5228 Domini
2826 5175 3060 5244 spiritus
3093 5175 3148 5229 in
3177 5175 3359 5244 ipsum
3383 5175 3706 5239 incidisset,

2127 5283 2304 5338 eaque
2337 5266 2634 5330 eﬂ‘ecisset,
2681 5265 3151 5322 considerandum
3185 5273 3370 5321 tamen
3411 5274 3517 5332 est,
3556 5269 3735 5342 quod.

2129 5365 2252 5430 post
2285 5357 2568 5412 interitum
2593 5371 2701 5410 non
2727 5355 2916 5412 eadem
2949 5355 3272 5414 Palmstinos
3297 5369 3362 5412 ac
3380 5353 3703 5413 SamSOncm

521 5544 568 5578 ’δ
605 5543 752 5599 Psal.
788 5516 972 5608 xcvm,
1012 5537 1065 5595 6.
1139 5540 1186 5572 ³³
1224 5536 1428 5593 Joretn.
1465 5553 1552 5606 xv,
1585 5502 1658 5592 i.‘
1713 5539 1760 5571 “
1799 5537 1992 5594 Matth.
2023 5555 2079 5605 ι,
2111 5539 2200 5594 30.
2279 5538 2326 5570 ⁹⁶
2365 5536 2525 5591 Cant.
2563 5550 2634 5600 Iv,
2670 5534 2731 5602 l;
2770 5551 2842 5602 t't,
2869 5535 2924 5590 4.

1973 5695 2203 5752 NOTAE.

445 5868 448 5871 .
529 5817 638 5887 (67)
679 5817 780 5872 Τὸν
813 5815 938 5873 ἴδιον
975 5817 1248 5887 σύνευνον,
1279 5819 1336 5874 ὃν
1361 5816 1616 5886 έθαλπεν,
1651 5817 1708 5869 ὃν
1739 5815 2032 5880 ὲθὼπευεν,
2069 5815 2128 5870 ὃν
2161 5812 2306 5870 ἔκολ.
2353 5816 2413 5870 ’0
2442 5813 2563 5869 αὐτ.
