3992 6420
407 385 544 448 1075

1728 373 2082 435 PROCOPII
2120 372 2368 433 GAZEI

3529 371 3669 434 Ῑθῖϐ

402 504 745 561 manserunt,
780 494 1021 567 Spiritus
1040 493 1188 553 enim
1227 490 1444 548 Domini
1477 489 1573 561 qui
1600 504 1767 560 super
1788 489 1969 560 ipsum

2086 485 2155 539 τὰ
2192 483 2333 539 αύτά
2365 482 2502 555 μετά
2540 481 2637 554 τὴν
2667 485 2978 539 συντέλειαν
3015 484 3301 538 ἀπόκειται
3344 489 3464 548 τοῖς
3506 484 3667 538 ἀλλο-

399 599 484 646 est
518 592 779 661 delapsus
816 603 943 645 eum
988 602 1096 643 non
1134 586 1403 645 deseruit.
1432 585 1568 651 Quae
1604 582 1792 638 omnia
1837 596 1971 637 sane

400 687 445 742 si
474 686 541 739 ad
573 684 858 741 Christum
886 678 1404 746 traducantur,non
1436 676 1577 731 male
1613 675 1970 739 convenient,

404 789 599 845 nempe
650 774 826 829 leonis
859 769 1189 832 interfectio,
1223 766 1404 824 mellis
1453 766 1697 821 inventio
1763 766 1820 819 in
1879 780 1977 820 ore

401 866 576 936 ipsius
613 864 917 920 cadaveris.
946 861 1250 915 Palaestina:
1289 859 1477 914 uxoris
1516 873 1639 927 qua:
1676 856 1973 913 Ecclesium

399 958 642 1029 gentium
680 956 905 1011 denotat
937 953 1165 1009 ambitio
1192 993 1207 1018 ,
1244 951 1473 1007 alterius
1517 950 1646 1005 item
1667 989 1683 1015 ,
1718 963 1841 1019 quae
1874 946 1977 1020 fuit

398 1052 451 1104 in
514 1048 651 1104 urbe
698 1055 980 1118 portarum
1033 1053 1089 1100 et
1118 1044 1374 1100 vectium.
1420 1041 1664 1109 Quarum
1709 1039 1978 1111 posterior

397 1142 604 1196 indicat
633 1141 787 1212 quod
821 1140 888 1194 ad
916 1138 1146 1209 spiritus
1199 1138 1255 1192 in
1303 1135 1558 1192 custodia
1615 1133 1867 1189 detentos
1912 1146 1979 1186 eo

397 1231 543 1300 quod
571 1230 697 1285 olim
755 1243 880 1284 cum
932 1225 1145 1282 Domini
1190 1225 1579 1297 longanimitas
1639 1222 1977 1292 temporibus

396 1316 510 1372 Noe
532 1316 756 1387 quando
805 1332 993 1373 arcam
1042 1315 1346 1369 fabricabat
1371 1314 1496 1369 illos
1525 1320 1824 1373 vocasset,
1876 1325 1978 1363 au-

398 1422 510 1460 rem
544 1420 650 1459 non
686 1406 1078 1476 praebuissent,
1113 1402 1397 1473 profectus
1424 1403 1547 1457 lana
1589 1402 1869 1455 nuntiavit
1904 1400 1919 1431 ‘
1960 1439 1980 1465 ,

394 1509 458 1548 ac
486 1509 583 1562 per
613 1493 737 1548 illas
767 1493 980 1547 animas
1030 1506 1100 1546 eo
1148 1491 1252 1546 loci
1283 1490 1544 1559 delapsus
1576 1489 1749 1544 dixit:
1799 1506 1818 1540 ι
1857 1486 1976 1541 Non

395 1580 748 1650 derelinques
794 1580 1035 1634 animam
1074 1592 1247 1632 meam
1297 1578 1352 1632 in
1405 1575 1623 1632 inferno
1646 1578 1689 1629 '.
1730 1593 1749 1626 ι
1805 1574 1977 1629 Porro

397 1673 593 1727 mulier
629 1672 799 1727 Dalila
856 1685 977 1741 qua:
1005 1669 1094 1740 (si
1144 1668 1523 1743 interpreteris
1578 1667 1827 1722 mendica
1856 1666 1982 1725 est)

395 1776 489 1816 eos
516 1761 754 1817 fortasse
784 1760 879 1831 qui
927 1758 1161 1814 Domino
1197 1759 1268 1813 ob
1300 1765 1678 1829 paupertatem
1727 1755 1974 1811 insidiati

2083 575 2275 646 φύλοις
2306 575 2403 628 καὶ⁸
2426 574 2504 645 τῷ
2537 573 2798 645 Σαμψών.
2828 575 2903 628 Τὸ
2933 574 3041 645 γὰρ
3072 574 3405 630 κατευθύνον
3432 576 3523 627 ἐπ’
3559 575 3669 628 αύ-

2076 669 2169 723 τδν
2206 665 2429 738 πνεῦμα
2459 666 2671 737 Κυρίου
2714 668 2775 721 οὐ
2808 666 3129 722 καταλείπει
3169 668 3353 720 αὐτόν.
3402 668 3493 729 Εἰς
3527 668 3567 717 Χ
3580 684 3675 734 ρι⁴

2078 760 2204 813 στὸν
2223 759 2283 813 δὲ
2314 756 2717 829 λαμϐανομένῳ
2751 758 3020 827 προσήκοι
3050 757 3117 812 ἀν
3159 758 3388 821 εἰκότως
3411 758 3446 829 ἦ
3481 774 3545 812 τε
3565 757 3672 812 τοῖ

2078 851 2294 916 λέοντος
2336 850 2638 920 ἀναίρεσις,
2666 850 2818 921 καὶὴ
2848 850 2943 903 τοῦ
2998 850 3210 920 μέλιτος
3245 849 3466 921 εὕρεσις
3491 851 3551 903 ὲν
3585 846 3678 919 τῷ

2077 940 2270 995 τούτου
2300 941 2532 1009 στόματι
2558 941 2813 1010 κειμένου
2843 938 3062 1011 νεκροῦ,
3092 938 3189 992 καὶ
3217 940 3252 1008 ἠ
3282 939 3383 1009 τῆς
3427 938 3683 1007 ἀλλοφύ-

2080 1034 2176 1088 λου
2239 1033 2526 1105 μνηστεία,
2557 1033 2659 1103 τὴν
2700 1032 2809 1085 τῶν
2853 1032 3024 1085 ἐθνῶν
3078 1030 3404 1100 Ἐκκλησίαν
3461 1030 3688 1100 σημαί-

2081 1142 2268 1189 νουσα,
2299 1124 2396 1177 καὶ
2427 1124 2461 1196 ή
2486 1123 2587 1192 τῆς
2609 1122 2892 1195 δευτέρας,
2951 1123 3079 1193 ἥτις
3115 1117 3183 1194 ἦν
3211 1124 3271 1175 ὲν
3295 1121 3449 1175 πόλει
3478 1120 3684 1175 πυλῶν

2081 1216 2180 1268 καὶ
2204 1213 2442 1285 μοχλῶν.
2479 1213 2644 1283 Δηλοῖ
2667 1212 2778 1285 γὰρ
2803 1212 2885 1265 ὅτι
2908 1214 3020 1275 τοῖς
3053 1214 3112 1265 ὲν
3143 1211 3359 1282 φυλακῇ
3382 1209 3684 1281 πνεύμασι

2083 1306 2372 1376 πορευθεὶς
2414 1305 2717 1375 ἐκήρυξεν,
2760 1303 3091 1373 ἀπειθήσασί
3152 1320 3307 1364 ποτε,
3345 1303 3435 1355 ὅτε
3495 1302 3688 1367 ἀπεξ-

2083 1393 2301 1463 εδέχετο
2336 1394 2370 1463 ἡ
2405 1392 2500 1445 τοῦ
2552 1391 2691 1445 Θεοῦ
2743 1391 3097 1463 μακροθυμία
3146 1393 3205 1445 ὲν
3248 1392 3486 1462 ἡμέραις
3515 1391 3681 1452 Νῶε,

2086 1485 2639 1556 κατασκευαζομένης
2681 1484 2940 1559 κιϐωτοῦ.
2977 1487 3057 1537 Δι’
3082 1484 3149 1548 ἃς
3173 1483 3352 1555 ψυχὰς
3382 1486 3460 1548 είς
3485 1485 3681 1536 έκεῖνο

2086 1577 2332 1641 καταϐὰς
2378 1577 2439 1628 τὸ
2494 1576 2718 1648 χωρίον,
2747 1576 2932 1644 ἔλεγεν
2960 1594 2974 1608 ·
3013 1596 3032 1628 ι
3068 1576 3192 1631 Ὀτι
3225 1577 3327 1629 οὐκ
3348 1575 3685 1644 ἐγκαταλεί-

2090 1668 2214 1737 ψεις
2251 1666 2349 1739 τὴν
2376 1666 2556 1738 ψυχήν
2589 1683 2691 1736 μου
2727 1667 2808 1729 εἰς
2835 1665 2984 1736 ᾅδου.
3019 1683 3038 1716 ι
3075 1663 3189 1718 Καὶ
3225 1663 3292 1717 τὰ
3328 1663 3456 1734 περὶ
3482 1663 3541 1716 δὲ
3570 1664 3684 1731 τῆς

2084 1760 2277 1829 τρίτης
2302 1757 2564 1825 γυναικὸς
2598 1756 2815 1822 Δαλιδά,
2854 1757 2976 1827 ἥτις
3038 1755 3401 1826 ἑρμηνεύεται
3431 1756 3683 1825 πτωχεύσ

396 1861 546 1914 sunt,
574 1852 844 1922 signiﬁcat
881 1865 1042 1921 quam
1072 1851 1145 1905 ob
1169 1864 1394 1905 causam
1430 1863 1524 1904 cos
1545 1847 1738 1902 dilexit
1764 1860 1979 1902 eorum-

2090 1864 2248 1909 ουσα,
2287 1848 2416 1909 τοὺς
2452 1847 2541 1900 διὰ
2580 1846 2855 1915 πτωχείαν
2893 1845 3022 1908 ἴσως
3066 1844 3408 1915 Ἰσραηλίτας
3447 1845 3682 1898 ὲπιϐου·

395 1958 503 2019 que
544 1940 959 1998 conversatione
987 1939 1288 1995 delectatus
1318 1948 1423 1994 est.

463 2120 529 2173 At
588 2117 813 2189 quinam
888 2115 1082 2185 vulpes
1156 2129 1390 2186 quorum
1448 2110 1640 2169 caudis
1698 2128 1824 2168 cum
1885 2109 1982 2166 ad-

396 2212 660 2268 movisset
706 2209 856 2265 faces
922 2208 1339 2263 Palaestinorum
1392 2217 1604 2275 segetes
1655 2206 1978 2269 combussit,

399 2303 576 2358 iratus
613 2301 757 2371 quod
786 2315 957 2354 uxore
1012 2297 1302 2354 Palaestina
1376 2298 1708 2366 privassent,
1746 2295 1977 2350 fuerint.

399 2393 598 2448 Esdras
660 2393 717 2448 in
774 2391 1022 2447 secundo
1062 2390 1201 2445 libro
1255 2389 1469 2451 tradit,
1529 2386 1865 2449 Sanballat,
1925 2393 1981 2441 et

393 2486 619 2541 Tobiam
672 2484 1042 2538 Ammouitem
1098 2498 1221 2537 eum
1263 2480 1498 2536 reduces
1541 2496 1607 2535 ex
1661 2480 1981 2550 captivitate

397 2594 613 2643 murum
669 2578 1111 2640 exstruxisseut,
1164 2575 1415 2630 dixisse:
1457 2592 1475 2625 ι
1517 2574 1637 2629 Non
1695 2572 1979 2627 sacriﬁca-

397 2677 557 2737 Itunt,
615 2687 716 2727 nec
768 2670 1059 2727 comedent
1091 2667 1145 2722 in
1185 2669 1305 2723 loco
1331 2683 1464 2730 suo;
1509 2666 1772 2723 ascendet
1826 2665 1977 2719 enim

395 2767 588 2835 vulpes
620 2775 676 2821 et
732 2779 949 2819 murum
994 2764 1242 2833 ipsorum
1305 2761 1580 2830 lapideum
1642 2758 1899 2814 diruet‘.
1952 2776 1971 2810 ι

410 2856 518 2912 Nec
549 2871 658 2911 non
696 2854 954 2910 Servator
976 2852 1045 2908 de
1076 2852 1293 2908 Herode
1323 2852 1543 2920 inquit:
1578 2869 1597 2901 ι
1640 2849 1815 2904 Dicite
1855 2849 1976 2903 vol--

396 2946 448 3015 pi
502 2943 633 2999 huic
657 2943 699 2996 ⁸.
739 2960 758 2993 ι
792 2941 867 2998 De
927 2940 1265 3012 quibusdam
1331 2937 1462 2992 item
1525 2936 1712 3007 impiis
1767 2936 1981 3005 psalmo

396 3034 738 3106 sexagesimo
768 3032 1015 3090 secundo
1047 3029 1216 3085 David
1252 3030 1433 3100 inquit
1462 3049 1476 3085 :
1543 3047 1565 3080 ι
1597 3026 1789 3084 Partes
1816 3025 1981 3081 erunt

397 3128 645 3199 vulpium
675 3127 718 3181 ⁸.
765 3144 785 3179 ι
826 3127 884 3178 ln
933 3122 1164 3181 Cautico
1212 3137 1381 3193 porro
1415 3121 1762 3175 canticorum
1818 3118 1977 3175 Salo-

2086 1936 2388 2000 λεύσαντας
2440 1936 2519 2007 τῷ
2569 1937 2816 2007 Δεσπότῃ
2883 1936 3179 2007 σημαίνει·
3211 1936 3344 1989 διότι
3402 1935 3681 2007 συμϐιοῦν

2088 2028 2270 2092 αὐτοῖς
2304 2029 2605 2100 ἀγαπήσας
2641 2026 2926 2098 ἠϐούλετο.

2157 2119 2317 2183 Τίνες
2341 2119 2384 2173 δ’
2418 2118 2484 2173 ἂν
2520 2112 2630 2173 εἷεν
2666 2119 2722 2172 αί
2749 2117 3054 2181 ἀλώπεκες,
3086 2110 3175 2182 αἷς
3200 2116 3492 2188 προσάψας
3526 2116 3686 2188 λαμ.

2086 2211 2290 2275 πὰδας,
2339 2211 2440 2275 τὰς
2479 2211 2722 2282 ἀρούρας
2743 2210 2853 2264 τῶν
2890 2208 3207 2278 ἀλλοφύλων
3235 2208 3545 2280 ἐνέπρησεν
3573 2208 3684 2262 ἐπὶ

2083 2306 2150 2374 τῇ
2179 2304 2277 2373 τῆς
2303 2302 2635 2372 φιλιστιαίας
2676 2302 2934 2371 γυναικδς
2968 2302 3356 2371 ἀγανακτήσας
3374 2302 3685 2373 στερήσεις

2099 2393 2263 2449 Ἀλλά
2291 2395 2388 2465 καὶ
2433 2393 2673 2463 Ἔσδρας
2704 2397 2762 2447 ὲν
2800 2394 2880 2466 τῷ
2915 2394 3153 2465 δευτέρῳ
3181 2392 3326 2464 λόγῳ
3364 2393 3556 2463 φησὶν,
3600 2393 3689 2458 ὡς

2083 2486 2194 2541 τῶν
2231 2486 2341 2542 ἀπὸ
2391 2486 2492 2555 τῆς
2544 2486 2926 2556 αἰχμαλωσίας
2979 2486 3467 2558 τειχοποιούντων,
3518 2487 3683 2540 Ἀνα-

2084 2576 2296 2631 ϐαλλὰτ
2323 2576 2418 2630 καὶ
2448 2576 2665 2640 Τωϐίας
2688 2579 2716 2630 6
2755 2577 3099 2650 Ἀμμανίτης
3131 2577 3324 2645 ἔλεγον
3344 2593 3358 2607 ⁸
3390 2595 3408 2627 ι
3445 2576 3537 2647 Μὴ
3572 2576 3676 2632 θύ-

2084 2685 2272 2721 σουσιν
2298 2668 2329 2737 ἢ
2359 2668 2627 2737 φάγονται
2664 2669 2756 2723 ἐπὶ
2788 2668 2886 2722 τοῦ
2934 2669 3102 2723 τόπου
3132 2667 3313 2723 αὐτῶν
3337 2684 3354 2735 ;
3381 2668 3502 2738 οὐχὶ
3538 2669 3672 2722 ἀνα-

2081 2761 2309 2832 ϐήσεται
2357 2757 2604 2829 ἀλώπηξ,
2635 2761 2734 2813 καὶ
2788 2759 3011 2814 καθελεῖ
3049 2761 3111 2814 τὸ
3167 2762 3349 2831 τεῖχος
3381 2761 3529 2813 λίθον
3568 2762 3670 2815 αύ-

2081 2852 2225 2917 τῶν;
2270 2870 2288 2904 ι
2329 2850 2440 2905 Καὶ
2468 2853 2496 2905 6
2543 2851 2736 2923 Σωτὴρ
2802 2851 2934 2923 περὶ
2976 2850 3214 2923 Ἡρώδου
3239 2867 3253 2881 ·
3293 2870 3314 2903 ι
3342 2850 3545 2906 Εἴπατε
3595 2854 3664 2922 τῇ

2085 2942 2334 2996 ἀλώπεκι
2360 2941 2551 3014 ταύτῃ.
2588 2960 2607 2993 ι
2650 2942 2762 2996 Καὶ
2785 2944 2915 3015 περί
2946 2960 3110 2997 τινων
3141 2942 3359 2998 ἀσεϐῶν
3382 2945 3437 2995 ἐν
3478 2943 3552 3010 τῷ
3580 2941 3662 3011 ξβ¹

2083 3032 2286 3104 ψαλμῷ
2339 3050 2506 3104 φησιν
2531 3035 2560 3086 6
2596 3033 2762 3088 Δαϐίδ
2789 3051 2802 3065 ·
2832 3053 2851 3086 ι
2882 3034 3119 3105 Μερίδες
3174 3023 3464 3088 ἀλωπέκων
3499 3032 3645 3084 ἔσον-

2081 3143 2194 3180 ται.
2242 3145 2260 3179 ι
2304 3127 2414 3179 Καὶ
2439 3128 2498 3180 ὲν
2532 3125 2776 3198 ’ᾼσματι
2807 3124 2917 3179 τῶν
2970 3126 3234 3197 ᾀσμάτων
3279 3124 3433 3194 φησί·
3466 3142 3484 3174 ι
3519 3123 3649 3175 [Ιιά-

400 3234 528 3273 mon
565 3216 676 3271 ait:
711 3234 731 3270 ι
768 3214 973 3286 Vulpes
1019 3228 1218 3285 parvas
1246 3213 1426 3283 capite
1475 3212 1634 3266 nobis
1686 3226 1810 3282 quae
1851 3227 1977 3265 vas-

2091 3235 2223 3272 σατε
2259 3219 2395 3289 ἡμῖν
2428 3217 2719 3279 ἀλώπεκας
2760 3217 2994 3289 μικροὺς
3023 3217 3381 3286 ἀφανίζοντας
3402 3214 3660 3285 ἀμπελῶ-

401 3319 521 3365 tant
574 3310 764 3365 vineas
793 3309 835 3364 ⁸.
881 3327 901 3360 ι
960 3306 1130 3377 Atqui
1191 3305 1260 3361 de
1311 3303 1498 3375 impiis
1549 3304 1619 3359 de
1660 3305 1868 3374 quibus
1929 3304 1983 3358 in

338 3462 341 3467 ,
399 3404 589 3458 eodem
626 3402 840 3473 psalmo
895 3398 1226 3455 vaticinatur
1257 3415 1270 3452 :
1305 3416 1323 3448 ι
1354 3394 1585 3450 Frustra
1614 3395 1985 3465 quaesiverunt

400 3494 643 3548 animam
697 3505 911 3560 meam;
958 3489 1338 3560 ingredientur
1399 3486 1488 3555 in.
1523 3485 1713 3540 intima
1779 3493 1981 3548 terrze,

400 3586 688 3641 tradentur
719 3585 771 3640 iu
803 3593 1001 3639 manus
1026 3581 1193 3655 gladii
1221 3583 1266 3639 ⁷.
1312 3600 1332 3634 ι
1367 3580 1573 3636 Omnes
1600 3579 1819 3649 quidem
1854 3578 1982 3632 mali

404 3692 614 3761 terrain
686 3679 963 3743 subeunt,
1019 3678 1115 3745 qui
1190 3689 1322 3731 vero
1382 3672 1689 3729 mendaciis
1739 3671 1979 3727 animam

397 3774 533 3843 justi
567 3771 973 3827 circumvenire
1001 3768 1252 3824 nitentur
1278 3808 1294 3835 ,
1334 3781 1564 3836 eamque
1608 3763 1827 3819 blandis
1860 3777 1983 3816 ser-

406 3867 665 3922 monibus
716 3864 953 3934 dejicere
976 3862 1031 3916 in
1076 3859 1297 3916 intimas
1328 3859 1452 3929 ejus
1490 3868 1677 3927 partes
1715 3854 1983 3910 recedunt

404 3976 527 4013 eum
575 3958 867 4013 ali‘ectione
893 3998 910 4023 ,
941 3964 1054 4009 tum
1090 3953 1382 4025 suppliciis
1410 3964 1533 4020 quae
1561 3949 1736 4019 ipsam
1782 3961 1982 4003 conse—

401 4054 671 4119 quuntur,
700 4063 822 4118 quze
864 4046 1133 4117 saneipsa
1166 4059 1363 4099 manus
1393 4043 1563 4112 gladii
1602 4049 1979 4108 nuncupatur,

404 4141 560 4210 igniti
591 4139 869 4194 videlicet.
889 4136 1062 4191 Porro
1092 4135 1274 4206 quivis
1306 4135 1590 4189 hominum
1622 4147 1749 4202 pars
1781 4140 1866 4186 est
1894 4129 1981 4185 vel

405 4233 520 4299 Dei,
544 4232 629 4287 vel
653 4245 843 4285 eorum
866 4227 1155 4298 cujusdam
1204 4226 1297 4294 qui
1347 4225 1598 4279 homines
1626 4231 1756 4279 sunt
1803 4223 1982 4277 sortiti

400 4324 624 4393 quando
648 4322 966 4378 Altissimus
991 4326 1183 4388 gentes
1214 4315 1468 4379 divisit”,
1489 4330 1552 4370 ac
1582 4315 1651 4369 ab
1697 4328 1804 4369 una
1830 4325 1984 4385 parte

328 4448 333 4451 ς
400 4416 467 4469 a.l
526 4415 757 4468 alterum
818 4412 946 4467 licet
1005 4408 1264 4465 deli-cere.
1297 4407 1569 4475 Quocirca
1619 4414 1805 4476 partes
1862 4405 1984 4461 vul-

400 4510 549 4578 pium
580 4506 745 4578 508
769 4511 901 4560 sunt
931 4504 967 4559 ii
999 4503 1093 4574 qui
1115 4508 1349 4556 mentem
1369 4515 1433 4555 ac
1463 4498 1758 4555 consilium
1781 4497 1874 4554 Dei
1902 4498 1981 4552 la-

2087 3327 2203 3373 νας.
2240 3328 2260 3363 ι
2305 3310 2441 3381 Περὶ⁸
2476 3310 2575 3382 μὲν
2619 3306 2715 3364 οῦν
2754 3309 2864 3363 τῶν
2892 3307 3108 3363 ἀσεϐῶν
3137 3308 3248 3362 τῶν
3282 3310 3340 3361 ὲν
3358 3307 3433 3377 τῷ
3456 3304 3661 3377 ψαλμῷ

2086 3399 2344 3472 προλέγει
2369 3418 2384 3433 ο
2419 3419 2439 3453 ι
2484 3400 2649 3455 Αὐτοὶ
2676 3400 2732 3455 δὲ
2760 3402 2840 3465 εἰς
2872 3400 3048 3472 μάτην
3084 3401 3357 3471 ἐζήτησαν
3374 3400 3470 3462 τὴν
3488 3399 3670 3469 ψυχήν

2092 3508 2219 3562 μου,
2259 3490 2659 3546 εἰσελεύσονται
2686 3493 2768 3556 είς
2790 3492 2871 3545 τὰ.
2899 3490 3189 3545 κατώτατα
3204 3493 3305 3561 τῆς
3335 3492 3407 3560 γῆ
3419 3510 3459 3555 ς,
3487 3508 3661 3560 παρα-

2088 3583 2410 3654 δοθήσονται
2443 3585 2523 3649 είς
2552 3588 2743 3656 χεῖρας
2785 3583 3082 3655 ῥομφαίας.
3125 3603 3145 3635 ι
3175 3584 3400 3638 Πάντων
3428 3584 3528 3652 μὲν
3562 3581 3664 3636 τῶν

2089 3674 2312 3743 φαύλων
2350 3675 2631 3729 είσιόντων
2677 3677 2757 3738 είς
2788 3674 2856 3728 τὰ
2885 3677 3073 3745 γήϊνα,
3100 3675 3213 3727 τῶν
3248 3674 3307 3728 δὲ
3342 3675 3658 3745 ματαιότητι

2087 3762 2407 3833 περιϐαλεῖν
2444 3762 2738 3818 ἐθελόντων
2771 3765 2871 3834 τὴν
2912 3763 3008 3817 τοῦ
3049 3764 3257 3819 δικαίου
3305 3762 3514 3837 ψυχὴν,
3566 3764 3645 3816 ti:-

2090 3860 2321 3927 αγαγεῖν
2344 3875 2404 3911 τε
2439 3859 2611 3931 αὐτὴν
2643 3859 2916 3930 μυθώδεσι
2947 3859 3128 3928 λόγοις
3152 3861 3211 3912 ἐν
3230 3864 3342 3923 τοῖς
3371 3860 3658 3913 κατωτάτω

2085 3949 2357 4020 ἐσομένων
2384 3950 2574 4021 αὐτῆς,
2599 3950 2741 4006 κατά
2770 3950 3013 4005 διάθεσίν
3038 3968 3098 4004 τε
3134 3950 3228 4003 καὶ
3274 3952 3346 4004 τὰ
3376 3950 3665 4004 ἐπακολουο

2086 4039 2285 4095 θοῦντα
2304 4044 2371 4112 τῇ
2396 4042 2619 4114 τοιαύτῃ
2644 4042 2884 4098 διαθέσει
2932 4043 3288 4114 κολαστήρια,
3321 4042 3358 4096 ἀ
3393 4042 3456 4112 δὴ
3485 4044 3671 4113 χεῖρας

2092 4132 2370 4205 ῥομφαίας
2394 4134 2551 4202 φησὶ,
2579 4134 2780 4217 δηλαδὴ
2826 4119 2931 4204 τῆς
2974 4134 3253 4203 φλογίνης.
3281 4134 3550 4197 Ἕκαστος
3616 4132 3672 4185 δὲ

2086 4222 2194 4277 τῶν
2225 4224 2530 4295 ἀνθρώπων
2576 4226 2735 4295 μερίς
2787 4226 2937 4278 ἐστιν
2974 4225 3094 4294 ἦτοι
3138 4225 3234 4279 τοῦ
3264 4223 3424 4287 Θεοῦ,
3456 4224 3490 4291 ἢ
3522 4223 3673 4284 τινὸς

2085 4313 2194 4367 τῶν
2210 4313 2504 4383 εἰληχότων
2530 4315 2873 4386 ἀνθρώπους,
2903 4316 2992 4369 ὅτε
3016 4313 3324 4385 διεμέριζεν
3350 4313 3380 4366 6
3403 4313 3675 4380 Ὗψιστος

2086 4405 2238 4478 ἔθνη.
2287 4408 2606 4478 Μετασταίη
2657 4408 2702 4462 δ’
2729 4409 2793 4462 ἄν
2832 4426 2917 4470 τις
2963 4407 3074 4461 ἀπὸ
3107 4407 3324 4478 μερίδος
3362 4408 3442 4469 είς
3473 4404 3677 4475 ἑτέρου

2088 4497 2302 4567 μερίδα.
2332 4498 2425 4552 Διὸ
2467 4499 2685 4570 μερίδες
2710 4499 3015 4553 ἀλωπέκων
3049 4500 3099 4553 οί
3130 4498 3229 4570 τὴν
3258 4497 3352 4551 τοῦ
3380 4496 3514 4551 Θεοῦ
3556 4513 3678 4566 μα-

402 4599 680 4655 bel‘actare
734 4605 865 4653 sunt
921 4595 1131 4655 conati.
1169 4602 1377 4664 partes.
1414 4591 1676 4661 inquam,
1705 4590 1975 4645 malorum

2086 4588 2271 4643 ταιοῦν
2297 4589 2694 4655 ἐσπουδακότες
2720 4590 2921 4662 ψυχὴν,
2960 4590 3176 4662 μερίδες
3204 4588 3393 4643 κακῶν
3414 4588 3506 4642 καὶ
3528 4604 3681 4642 παν·

398 4688 794 4757 val’rorumque
850 4685 1149 4756 spirituum
1208 4683 1304 4754 qui
1380 4682 1738 4736 fundamenta
1825 4680 1981 4735 falsae

398 4777 740 4851 cognitionis
779 4775 1059 4846 jecerunt,
1106 4773 1306 4845 quibus
1361 4773 1455 4843 qui
1483 4779 1770 4828 cesserunt
1798 4779 1983 4841 partes

399 4871 527 4926 tacti
550 4878 681 4924 sunt
729 4883 853 4938 qua:
902 4866 960 4922 in
983 4865 1091 4920 ima
1147 4873 1311 4920 terra
1341 4863 1707 4919 devenerunt.
1736 4862 1838 4927 Qui
1892 4877 1983 4918 se-

400 4960 642 5033 cundum
671 4937 1033 5028 Evangelium
1090 4955 1334 5025 vulpium
1394 4969 1616 5024 quoque
1671 4953 1838 5007 fovea:
1876 4937 1979 5007 no-

398 5052 695 5105 minantur.
726 5047 873 5104 lnter
905 5062 1050 5118 quos
1069 5046 1305 5102 Verbum
1322 5045 1467 5116 quod
1499 5057 1631 5098 raro
1662 5041 1889 5107 factum,
1917 5056 1981 5095 ac

398 5143 471 5199 ob
500 5142 554 5198 id
591 5142 768 5197 Filius
792 5141 1036 5197 hominis
1064 5137 1423 5211 appellatum,
1451 5149 1558 5189 non
1601 5135 1785 5189 locum
1815 5134 1980 5188 habet

401 5236 493 5291 ubi
520 5244 687 5307 caput
724 5241 958 5305 reponat
1015 5246 1079 5286 ac
1107 5229 1377 5301 quiescat.
1430 5225 1586 5292 Quod
1617 5223 1843 5296 quidem
1892 5225 1979 5279 di-

401 5335 551 5382 ctum
591 5334 676 5381 est
721 5341 833 5380 non
879 5324 949 5380 ad
980 5321 1336 5389 discipulum,
1385 5333 1574 5373 verum
1623 5314 1861 5371 scribam
1897 5315 1983 5369 di-

401 5423 646 5482 centem,
673 5434 692 5466 ι
737 5409 950 5484 Sequar
969 5422 1045 5468 te.
1075 5432 1093 5464 ο
1150 5413 1281 5467 Erat
1310 5423 1446 5464 vero
1476 5407 1566 5463 ille
1591 5407 1901 5462 volucrium
1927 5414 1982 5461 et

405 5508 649 5577 vulpium
686 5522 854 5576 pars.
916 5506 995 5559 Ac
1027 5502 1358 5559 animalibus
1409 5500 1634 5574 quidem
1673 5499 1876 5553 talibus
1897 5514 1984 5555 se-

407 5615 558 5669 getes
590 5598 1009 5654 Palaestinorum
1036 5594 1453 5651 comburendos
1479 5593 1713 5648 Samson
1753 5591 1977 5647 tradidit

482 5735 496 5763 ¹
541 5733 558 5786 Ι
595 5732 739 5787 Petr.
773 5747 858 5791 ιιι.
894 5730 982 5789 19.
1014 5730 1103 5784 ‘20.
1178 5731 1199 5761 ¹
1242 5730 1386 5785 Psal.
1412 5746 1501 5793 xv,
1547 5727 1631 5781 10.
1711 5728 1732 5759 ³
1770 5725 1812 5779 ll
1845 5725 2000 5783 Esdr.
2033 5745 2107 5796 tv,
2139 5730 2195 5784 5.

411 5818 488 5866 ιι,
539 5803 626 5856 15.
702 5804 720 5832 ⁷
756 5802 902 5856 Psal.
942 5816 1072 5867 an,
1126 5802 1211 5855 1‘0.
1286 5804 1306 5833 ⁸
1356 5799 1511 5855 Deut.
1572 5815 1739 5863 xxxu,
1777 5799 1829 5851 8.

2084 4682 2301 4753 ούργων
2326 4682 2645 4753 Δυνάμεων,
2674 4682 2783 4735 τῶν
2821 4684 2998 4754 ἀρχὴν
3046 4681 3358 4752 σπειρασῶν
3396 4678 3683 4750 ψευδωνύ-

2092 4792 2196 4846 μου
2221 4774 2368 4838 τινὸς
2411 4774 2688 4844 γνώσεως.
2728 4768 2830 4829 Ὧν
2856 4777 2904 4829 οί
2952 4774 3268 4837 πεισθέντες
3310 4772 3524 4844 μερίδες
3550 4772 3682 4824 ela-

2085 4863 2337 4927 ελθόντες
2363 4865 2443 4927 είς
2473 4863 2544 4916 τά
2582 4863 2874 4918 κατώτατα
2928 4867 3027 4934 τῆς
3060 4863 3183 4932 γῆς,
3215 4862 3264 4916 οἳ
3294 4862 3437 4915 κατά
3478 4858 3537 4913 τδ
3578 4860 3684 4912 Εὐ-

2089 4944 2348 5024 αγγέλιον
2376 4956 2469 5010 καὶ
2491 4956 2793 5010 ἀλωπέκων
2822 4958 3180 5027 ὀνομάζονται
3211 4953 3433 5024 φωλεοί.
3469 4953 3561 5005 Ἐν
3595 4945 3687 5015 οἷς

2084 5051 2113 5103 6
2137 5048 2429 5118 γενόμενος
2463 5049 2599 5120 σὰρξ
2629 5051 2820 5118 Λόγος,
2843 5050 2939 5103 καὶ
2968 5050 3057 5103 διὰ
3082 5048 3243 5102 τοῦτο
3267 5043 3687 5116 όνομαζόμενςς

2085 5142 2216 5206 Υἱὸς
2240 5141 2552 5213 ἀνθρώπου,
2583 5142 2685 5197 οὐκ
2714 5142 2830 5211 ἔχει
2861 5141 2965 5195 ποῦ
2985 5143 3084 5211 τὴν
3115 5138 3356 5209 κεφαλὴν
3379 5137 3553 5191 κλίνει
3577 5137 3684 5188 καὶ

2084 5232 2480 5288 ἀναπαύσεται.
2503 5233 2681 5305 Ὅπερ
2711 5232 2927 5304 εἴρηται
2953 5232 3014 5285 οὐ
3040 5231 3176 5303 πρὸς
3214 5226 3484 5302 μαθητὴν,
3529 5225 3682 5278 ἀλλά

2084 5324 2423 5395 Γραμματέα
2487 5324 2737 5393 λέγοντα,
2778 5343 2799 5374 ι
2828 5322 3207 5394 Ἀκολουθήσω
3260 5338 3365 5374 σοι.
3401 5339 3419 5372 ι
3464 5313 3577 5370 Ἦν
3620 5316 3682 5368 δὲ

2084 5418 2194 5486 ἄρα
2233 5415 2495 5469 πετεινῶν
2524 5411 2679 5480 οὗτος
2707 5416 2799 5469 καὶ
2816 5414 3115 5470 ἀλωπέκων
3141 5396 3317 5484 μερίς.
3341 5411 3464 5473 Τοῖς
3488 5407 3676 5461 τοιού·

2085 5519 2201 5566 τοις
2231 5503 2515 5572 παρέδωκε
2543 5503 2616 5556 τὰ
2641 5504 2958 5574 γεννήματα
2993 5502 3103 5555 τῶν
3120 5500 3434 5569 ἀλλοφύλων
3460 5500 3489 5551 6
3507 5499 3675 5566 Σαμ-

2089 5594 2210 5663 ψὼν
2241 5597 2321 5659 εἰς
2379 5596 2730 5667 ἐμπρησμὸν,
2757 5597 2845 5650 διὰ
2891 5596 2990 5667 τῆς
3038 5593 3369 5666 ἀσυμφώνου
3396 5590 3504 5645 τῶν
3539 5605 3675 5643 συν-

2294 5730 2314 5762 ⁸
2352 5730 2487 5787 Luc.
2530 5747 2647 5798 xm,
2686 5730 2776 5786 52.
2888 5730 2910 5762 '
2951 5728 3097 5786 Psal.
3128 5744 3258 5795 Lxu,
3294 5726 3376 5782 ll.
3457 5721 3673 5777 “Cant.
