3992 6406
365 369 496 434 1077
1439 300 1984 416 COMMENTARII
2025 343 2109 405 IN
2149 339 2488 404 JUIHCES.
3042 431 3047 434 μ
3380 433 3387 434 7
3503 321 3642 385 1(78

355 477 658 549 δεδεμένων
689 469 988 528 ἀλωπέκων
1011 465 1258 541 πορείας.
1279 463 1433 535 Τάχα
1459 462 1569 532 γὰρ
1592 458 1747 521 τέλος
1771 451 1940 509 τοιοῦο
1975 486 1982 510 4

2092 448 2195 504 uod
2237 447 2447 504 factum
2491 456 2618 502 cum
2664 441 2940 514 colligata:
2991 431 3188 512 vulpes
3257 436 3314 492 in
3361 433 3642 490 diversum

359 529 601 625 ιζᾷζίέστι
645 567 759 629 τοῖς
817 529 1114 634 μοχθηροῖς
1155 529 1426 628 nam};
1474 529 1944 622 ‘ﬁapaatoopévm;

2092 551 2296 600 uerent.
2334 541 2595 598 Fortasse
2641 538 2790 595 enim
2818 537 3058 606 improbi
3093 531 3351 603 agricolae
3371 529 3516 584 hanc
3547 541 3642 580 ra-

358 664 434 724 ὼς
463 659 594 715 ἄλλο
623 675 676 713 τι
705 657 781 728 τῷ
821 655 1037 724 Σατανᾷ
1069 653 1154 715 εἰς
1179 648 1402 720 ὃλεθρον
1419 646 1519 717 τῆς
1539 641 1740 714 σαρκός
1761 656 1776 670 ·
1801 636 1947 692 οὕτω

2092 633 2354 688 unitatem
2409 630 2788 692 merebantur,
2857 635 2918 682 ut
2961 625 3314 682 traderentur
3353 619 3571 676 Satanae
3594 617 3640 678 ’,

359 717 480 816 ταῖς
511 717 785 816 ἀλώπεξιν
833 717 1266 818 ἐπιφερομέναις
1314 717 1604 811 λαμπάδας
1633 737 1716 799 εἰς
1753 735 1949 803 ἀφανι-

2092 725 2144 778 ui
2166 730 2222 779 et
2241 723 2348 778 alia
2373 736 2402 776 ε
2432 721 2544 778 Deo
2571 719 2890 786 traduntur,
2918 725 2978 774 ut
3000 717 3265 790 perdatur
3288 725 3651 782 caro,quem-

2055 817 2351 872 admodum
2382 822 2597 886 segetes
2639 829 2862 887 quoque
2906 811 3176 869 immissis
3227 809 3486 881 vulpibus
3519 820 3646 861 cum

2057 909 2271 966 facibus
2303 917 2434 966 sunt
2452 915 2684 963 vastatre
2723 915 2776 963 et
2803 905 3060 964 inductas.

2129 1001 2403 1058 Craterum
2461 999 2530 1054 de
2582 999 2744 1055 leone
2801 997 2934 1053 illud
2987 1005 3072 1052 est
3124 992 3446 1054 tenendum,
3505 986 3654 1060 quod

2059 1094 2274 1162 primus
2300 1089 2528 1160 quidam
2564 1090 2648 1143 leo
2692 1095 2802 1151 est,
2850 1085 3206 1142 adrersarius
3238 1083 3330 1139 ille
3364 1080 3650 1137 diabolus.

367 847 504 919 σμὸν
531 843 736 900 αὐτῶν.

442 1023 599 1076 Ἐστι
644 1037 728 1083 τις
785 1018 1000 1091 πρῶτος
1029 1015 1170 1069 λέων
1200 1014 1229 1068 ὁ
1268 1009 1648 1080 ἀντικείμενος
1683 1003 1950 1068 διάϐολος,

366 1116 463 1169 καὶ
486 1114 602 1168 ἔστι
629 1130 713 1176 τις
740 1111 971 1183 ἔσχατος
991 1109 1210 1164 πάντων
1229 1097 1268 1161 δ’
1283 1103 1377 1162 ἐπὶ
1401 1099 1679 1171 συντελείᾳ
1705 1115 1956 1168 φανερω-

369 1207 695 1281 θησὸμενος,
723 1207 752 1258 ὁ
785 1204 1076 1274 ἄνθρωπος
1119 1201 1222 1270 τῆς
1277 1195 1591 1269 ἁμαρτιας.
1622 1193 1650 1245 ὁ
1693 1190 1806 1254 υἱὸς
1857 1191 1956 1258 τῆς

370 1300 674 1370 ἀπωλείας,
695 1301 722 1352 ὁ
754 1295 1129 1366 ἀντικείμενος
1151 1293 1246 1346 καὶ
1273 1289 1640 1360 ἐπαιρόμενος
1665 1285 1758 1340 ἐπὶ
1781 1281 1962 1336 πάντα

369 1392 670 1463 λεγόμενον
695 1391 852 1455 Θεὸν,
883 1389 916 1461 ἢ
949 1388 1222 1459 σέϐασμα.
1261 1381 1485 1448 Μεταξὺ
1522 1379 1580 1434 δὲ
1618 1376 1712 1433 τοῦ
1738 1375 1832 1430 ἀπ’
1860 1375 1964 1444 ἀρ-

372 1486 482 1557 χῆς
509 1483 966 1557 ἀνθρωποκτόνου
1009 1480 1104 1534 καὶ
1150 1477 1248 1534 τοῦ
1287 1476 1518 1548 ὑστέρου
1567 1471 1784 1533 λέοντος
1821 1464 1966 1557 κατά

374 1556 571 1646 γενεὰν
591 1556 810 1638 λέοντες
843 1570 1329 1648 προσπολεμοῦσιν
1352 1564 1686 1637 ἀνθρώποις.
1714 1560 1824 1615 Καὶ
1866 1556 1968 1611 οὐκ

373 1667 448 1742 ἦν
485 1669 654 1741 γενεά
691 1670 781 1723 ὅτε
827 1667 967 1721 λέων
1018 1667 1120 1720 οὐκ
1155 1660 1246 1736 ἦν.
1280 1661 1392 1716 Καὶ
1423 1657 1572 1713 κατά
1599 1655 1698 1727 τὴν
1727 1649 1968 1723 Σαμψὼν

375 1761 572 1829 γενεὰν
609 1759 749 1812 λέων
770 1775 856 1822 τις
891 1753 961 1829 ἦν
999 1755 1154 1828 παρά
1183 1752 1281 1825 τὴν
1325 1751 1468 1814 ὁδὸν,
1505 1749 1564 1803 δν
1611 1745 1930 1829 ἀπέκτεινεν
1953 1755 1969 1769 ⁸

2063 1182 2270 1237 Deinde
2303 1192 2618 1252 postremus
2647 1179 2876 1250 quidam
2921 1177 3169 1234 omnium
3199 1175 3294 1246 qui
3329 1175 3385 1228 in
3417 1173 3524 1227 line
3548 1185 3656 1226 sa!-

2064 1273 2174 1328 culi
2223 1272 2446 1344 pateﬁet
2471 1272 2719 1336 demum,
2755 1269 2920 1324 homo
2951 1267 3209 1323 videlicet
3244 1265 3478 1338 peccati,
3513 1261 3659 1316 ﬁlius

2065 1363 2417 1437 perditionis,
2477 1361 2872 1428 adversarius,
2935 1360 3029 1432 qui
3087 1373 3214 1414 sese
3269 1356 3432 1412 eﬂ‘ert
3488 1367 3658 1424 super

2067 1475 2233 1514 omne
2263 1458 2318 1512 id
2348 1456 2492 1528 quod
2527 1455 2673 1512 Deus
2724 1464 2822 1510 aut
2873 1470 3076 1510 numen
3131 1452 3337 1509 dicitur
3382 1451 3448 1506 “.
3487 1448 3664 1506 Ca’te-

2072 1566 2190 1604 rum
2221 1550 2365 1604 inter
2393 1547 2719 1618 primaevum
2772 1546 2926 1600 illum
2980 1543 3344 1608 homicidam,
3377 1550 3435 1597 et
3481 1549 3666 1612 poste-

2071 1643 2274 1698 riorem
2327 1640 2539 1695 leonem
2590 1639 2854 1694 omnibus
2911 1637 3134 1694 saeculis
3166 1636 3358 1690 leones
3415 1640 3667 1704 pugnant

2072 1749 2199 1789 cum
2237 1732 2580 1792 hominibus.
2614 1746 2798 1801 neque
2831 1731 2944 1784 ulla
2995 1735 3130 1783 aetas
3167 1725 3270 1782 fuit
3315 1725 3368 1780 in
3413 1738 3522 1796 qua
3558 1737 3668 1778 non

597 1811 760 1918 ὲντῷ
805 1811 1036 1917 στόματι
1083 1811 1412 1911 ἒτεθνηκότος
1454 1811 1776 1906 εὑρίσκεται
1819 1825 1964 1920 μέλι.

2092 1824 2238 1879 etiam
2287 1823 2372 1878 leo
2407 1821 2598 1877 fuerit.
2632 1822 2711 1876 Ac
2745 1829 2998 1896 tempore
3052 1817 3342 1872 Samsonis
3401 1816 3488 1869 leo
3545 1813 3673 1884 qui-

378 1939 770 2014 Νεκρώσωμεν
794 1934 889 1993 οὖν
919 1938 1012 1991 τὸν
1038 1933 1462 1990 ἐπιϐουλεύοντα
1493 1927 1706 1981 λέοντα.
1754 1919 1968 1980 Ζῶντος

2092 1916 2198 1970 lem
2235 1931 2398 1972 secus
2425 1915 2566 1970 viam
2593 1922 2715 1970 erat
2741 1929 2903 1986 quem
2936 1911 3162 1974 occidit,
3195 1910 3250 1964 in
3279 1907 3442 1978 cujus
3465 1905 3664 1962 defun-

376 1998 578 2104 γὰρ’ὲν
603 1998 684 2104 τὶιί
708 2030 947 2102 στόματι
987 2029 1089 2082 οὐκ
1118 2025 1184 2082 ἂν
1224 2023 1532 2096 εὑρίσκοιτο
1567 2015 1714 2089 μέλι.
1734 2011 1971 2104 Λέγεται

2092 2009 2151 2063 :ti
2188 2021 2286 2062 ore
2347 2008 2456 2062 mel
2510 2007 2806 2078 reperitur.
2858 2002 3270 2059 luterﬂciamus
3321 2001 3490 2072 igitur
3529 1998 3671 2054 insi.

377 2103 441 2178 δὲ
469 2125 578 2188 πᾶς
609 2103 748 2178 λέων
773 2121 884 2188 ζῶν
913 2120 1010 2184 καὶ
1037 2117 1444 2173 δυσωδέστατον
1484 2111 1631 2182 ἔχειν
1667 2106 1732 2161 τὸ
1771 2103 1968 2172 στόμα.

383 2215 699 2286 Παράδοξον
723 2211 816 2269 οῦν
847 2213 908 2267 τὸ
937 2214 1003 2266 ὲκ
1040 2209 1312 2272 δυσώδους
1359 2205 1632 2278 στόματος
1681 2196 1973 2270 εὑρεθῆναι.

384 2308 516 2380 μέλι.
543 2307 604 2360 τὸ
628 2305 849 2360 πάντων
883 2301 1246 2374 γλυκύτατον.

463 2575 680 2647 Σιαγὼν
729 2573 896 2636 τόπος
950 2565 1020 2644 ἦν
1057 2567 1346 2638 ἀνώνυμος
1399 2562 1704 2634 πρότερον,
1755 2553 1980 2647 κληθεὶς

390 2672 505 2726 ἀπὺ
538 2673 638 2742 τῆς
683 2667 934 2736 σιαγόνος
982 2662 1078 2717 τοῦ
1118 2661 1266 2725 ὄνου,
1306 2658 1373 2730 ἢν
1417 2655 1611 2710 ἔλαϐεν
1659 2646 1978 2742 saepem,

391 2763 490 2816 καὶ
517 2738 695 2814 ἀνεῖλε
745 2757 873 2820 τοὺς
905 2751 1262 2824 ἀλλοφύλους,
1289 2743 1638 2819 ὀνησιφόρως
1681 2738 1864 2809 λόγοις
1893 2751 1980 2788 νε-

397 2851 618 2925 κρὼσας
649 2847 858 2903 τούτων
885 2847 954 2902 τά
973 2845 1242 2916 δόγματα.

2079 2103 2321 2158 diantem
2378 2101 2613 2158 leonem.
2663 2099 2801 2155 Cum
2851 2098 2999 2154 enim
3055 2098 3286 2162 viveret,
3335 2096 3388 2150 in
3421 2108 3515 2149 ore
3543 2093 3672 2162 ejus

2087 2194 2192 2248 mel
2261 2193 2474 2247 nullum
2535 2193 2918 2264 reperiebatur
2969 2191 3180 2259 utique.
3245 2189 3442 2244 Fertur
3487 2193 3673 2240 autem

2079 2283 2334 2354 quemvis
2387 2282 2598 2338 leonem
2634 2283 2818 2336 vivum
2869 2295 2931 2336 os
2981 2279 3182 2334 habere
3240 2275 3673 2336 fetidissimum,

2082 2376 2221 2431 adeo
2249 2383 2307 2430 ut
2329 2375 2478 2431 dictu
2505 2373 2579 2430 sit
2602 2373 2922 2440 miriﬁcum,
2948 2373 3004 2427 in
3039 2387 3135 2428 ore
3163 2370 3329 2427 fetido
3358 2367 3465 2423 mel
3492 2383 3680 2438 reper-

2086 2473 2203 2521 tum
2235 2481 2360 2522 esse
2399 2466 2812 2522 dulcissimum.

2080 2604 2091 2614 .
2155 2559 2331 2615 Porro
2377 2557 2582 2636 Siagon
2631 2559 2794 2613 locus
2828 2555 3050 2611 nemine
3089 2552 3317 2610 carebat
3351 2559 3538 2614 antea,
3585 2563 3681 2604 ac-

2085 2654 2235 2724 cepit
2267 2659 2454 2708 autem
2487 2650 2621 2705 illud
2648 2665 2676 2704 a
2707 2648 2930 2704 maxilla
2959 2646 3129 2714 asini,
3173 2659 3336 2716 quam
3393 2641 3684 2715 prehendit

2088 2743 2326 2799 Samson
2377 2751 2432 2798 et
2481 2741 2808 2797 Palaestinos
2857 2739 3171 2804 interemit,
3205 2736 3392 2794 verbis
3453 2733 3686 2790 utilibus

2091 2831 2342 2903 ipsorum
2373 2830 2632 2902 dogmata
2672 2845 2799 2885 cum
2826 2829 3161 2900 jugulasset.

469 2961 682 3020 Dicitur
733 2970 916 3016 autem
955 2959 1127 3016 Deum
1177 2957 1426 3013 foramen
1475 2951 1714 3008 maxillae
1757 2945 2068 3019 aperuisse,
2103 2952 2159 3001 et
2201 2960 2268 3000 ex
2305 2945 2396 3001 illa
2431 2960 2607 3016 aquas
2655 2943 2934 3015 erupisse,
2981 2958 3084 3014 pro
3125 2956 3215 3008 eo,
3259 2948 3468 2996 terram
3498 2945 3688 2994 autem

395 3053 637 3108 maxillae
673 3051 788 3106 ictu
827 3049 1088 3118 disrupit,
1133 3060 1308 3116 eaque
1335 3057 1512 3113 aquas
1545 3037 1736 3097 reddid
1765 3045 1806 3090 t.
1853 3034 2032 3090 Porro
2058 3046 2188 3088 vero
2218 3033 2312 3103 qui
2349 3031 2617 3088 historice
2648 3039 2783 3088 sunt
2817 3029 3170 3101 interpretati
3213 3026 3516 3082 admonent
3547 3040 3687 3081 nus-

398 3141 550 3214 piam
585 3138 818 3210 reperiri
871 3113 1016 3208 quod
1070 3113 1306 3190 Samson
1343 3133 1426 3186 vel
1476 3127 1666 3197 justus
1703 3125 1787 3178 vel
1845 3122 2114 3192 preplieta
2161 3121 2492 3192 appelletur,
2527 3119 2998 3191 quemadmodum
3048 3133 3155 3174 uec
3190 3117 3393 3188 Jephte
3443 3129 3548 3171 nec
3595 3113 3690 3169 alii

398 3209 742 3298 lzujusmodi.
777 3225 855 3280 Ea
891 3239 1024 3281 vero
1055 3230 1218 3279 actate
1266 3237 1336 3276 cu
1362 3241 1388 3264 ιι
1429 3217 1628 3287 aliquis
1665 3219 1860 3270 sancto
1895 3209 2104 3280 Spiritu
2139 3209 2340 3280 dignus
2374 3223 2486 3263 non
2519 3216 2784 3272 exstaret,
2817 3215 2984 3278 prout
3026 3221 3270 3276 prasens
3319 3217 3510 3260 rerum
3549 3215 3692 3257 con--

397 3294 539 3372 ditio
573 3313 915 3386 postulabat,
949 3311 1182 3380 reliquis
1225 3305 1549 3363 hominibus
1593 3299 1992 3357 excellentiore
2031 3297 2217 3368 aliquo
2255 3312 2391 3352 usus
2423 3303 2530 3352 est.
2562 3294 2695 3351 Vult
2725 3310 2858 3351 vero
2909 3294 3335 3351 Palaestinorum
3369 3305 3526 3346 more
3555 3304 3693 3344 uxo-

399 3421 520 3459 rem
545 3377 750 3458 ducere
775 3400 1040 3463 Samson,
1074 3377 1224 3468 quod
1256 3393 1487 3466 quidem
1517 3395 1780 3457 parentes
1821 3386 1995 3456 legem
2036 3385 2394 3440 observantes
2419 3381 2743 3454 prohibent,
2771 3382 2913 3439 Deus
2938 3397 3072 3439 vero
3097 3380 3392 3454 permittit,
3423 3377 3693 3450 quocirca

401 3491 694 3560 Scriptura
729 3490 900 3542 dicit:
943 3506 962 3539 ι
999 3465 1167 3542 Pater
1212 3465 1397 3538 autem
1451 3480 1574 3549 eju;
1605 3489 1658 3531 et
1714 3483 1890 3529 mater
1941 3487 2048 3527 non
2084 3471 2505 3534 intellexerunt,
2555 3470 2705 3540 quod
2737 3469 3028 3526 decretum
3086 3468 3190 3523 l‘uit
3241 3467 3360 3534 Dei,
3413 3480 3528 3537 quo
3576 3465 3695 3536 ipse

403 3555 718 3631 vindictam
757 3591 787 3630 a
813 3574 1129 3630 Palaestinis
1162 3577 1428 3628 sumeret.
1473 3586 1493 3619 ι
1523 3565 1662 3618 Nam
1695 3572 1749 3619 et
1781 3563 1810 3614 l-
1831 3560 1957 3616 onis
2006 3557 2320 3614 interfectio
2358 3557 2560 3614 terrori
2589 3555 2908 3613 Paiacstiuis
2941 3555 3048 3612 fuit
3071 3595 3086 3622 ,
3125 3555 3345 3627 ipsique
3380 3565 3696 3625 propugna.

408 3664 538 3720 culo
573 3671 633 3718 ut
666 3663 894 3733 triginta
930 3661 1194 3732 primum,
1237 3657 1436 3712 deinde
1471 3653 1618 3708 mille
1649 3648 1974 3705 trucidaret.

483 3769 628 3842 Πρὸς
669 3769 800 3834 τοὺς
855 3764 1304 3838 κατηγορ·.ῦν.ας
1361 3761 1589 3834 ῥητέον,
1633 3757 1712 3820 ὡς
1751 3753 1982 3825 οὐδαμοῖ

2171 3752 2440 3808 Caeterum
2488 3751 2558 3809 iis
2613 3752 2708 3822 qui
2763 3761 3017 3806 sanctum
3071 3748 3339 3822 Spiritum
3394 3746 3698 3803 traducunt

408 3863 634 3932 φησινή
669 3860 858 3932 Γραφὴ
901 3855 1257 3912 κατευθύνειν
1316 3851 1405 3907 ἐπ’
1437 3851 1606 3908 αὐτὸν
1642 3849 1705 3904 τὸ
1750 3846 1997 3916 Πνεῦμα,

405 3950 499 4002 ὅτε
529 3949 846 4018 ὲπόρνευεν,
876 3949 910 4020 ἢ
943 3947 1032 4002 ὅτε
1061 3945 1163 4017 τὴν
1188 3945 1488 4014 ἀλλόφυλον
1541 3941 1756 4006 ἔλασεν,
1807 3938 1866 4004 ἐξ
1897 3933 1999 4010 ἧσ-

407 4057 518 4112 περ
543 4039 814 4095 ἀπώλετο.
843 4039 917 4093 Τὸ
945 4039 1052 4110 γὰρ
1086 4037 1315 4108 Πνεῦμα
1349 4035 1410 4090 τὸ
1435 4035 1593 4104 ἅγιον
1642 4034 1704 4087 ού
1741 4031 2002 4101 καθάπερ

405 4135 446 4203 ἠ
473 4133 619 4206 ψυχὴ
640 4135 756 4197 τοῖς
795 4133 1014 4203 σώμασι
1050 4133 1323 4186 συνοικεῖν
1357 4129 1496 4184 ἀλλά
1534 4128 1770 4200 πάρεστι
1799 4125 1899 4197 μὲν
1924 4125 2002 4190 ὡς

407 4225 819 4296 ἀπερίγραφον,
855 4225 1079 4294 ὲνεργεί
1107 4222 1162 4276 δὲ
1193 4222 1292 4276 ὅσα
1327 4219 1599 4292 βούλεται.
1634 4219 1700 4271 Ὀ
1735 4218 1830 4270 καδι
1867 4230 2004 4284 προ-

406 4317 684 4384 γινώσκον
717 4319 817 4387 τὴν
840 4315 1148 4388 ἀγριότητα
1179 4313 1276 4366 τοῦ
1307 4311 1570 4384 Σαμψὼν,
1600 4309 1746 4364 οἴνου
1769 4309 1864 4362 καὶ
1889 4306 2000 4360 τῶν

409 4409 478 4473 ἐξ
503 4409 751 4480 ἀμπέλου
783 4405 1086 4480 προσέταξε
1105 4405 1294 4460 τοῦτον
1325 4402 1668 4474 ἀπέχεσθαι’
1702 4400 1778 4471 μὴ
1812 4397 1911 4470 τὴν
1941 4397 2002 4464 ἐξ

408 4499 563 4554 οἴνου
590 4499 788 4570 μανίαν
817 4501 884 4570 τῇ
927 4499 1132 4569 φυσικῇ
1180 4494 1506 4568 προσλαΰὼν
1527 4533 1544 4560 ,
1577 4491 1674 4547 καὶ
1709 4489 1854 4545 κατά
1891 4488 2002 4543 τῶν

409 4591 708 4664 ὁμοφύλων
737 4591 1020 4664 ἀνήκεστα
1057 4589 1302 4662 δράσειε.

2102 3843 2395 3900 Samsonis
2447 3857 2642 3908 causa,
2703 3841 3150 3913 respondendum
3203 3841 3342 3896 illud
3387 3847 3496 3904 est,
3548 3838 3699 3910 quod

2100 3935 2391 4007 Scriptura
2422 3951 2708 4008 nusquam
2739 3933 2896 4000 dicit,
2935 3933 3204 4006 Spiritum
3236 3930 3503 3988 incidisse
3528 3944 3701 4000 super

2103 4029 2312 4099 ipsum,
2340 4027 2567 4099 quando
2611 4033 2700 4084 est
2738 4034 3040 4089 scortatus,
3072 4033 3169 4080 aut
3199 4023 3431 4096 quando
3449 4021 3702 4078 Palaesti-

2103 4135 2230 4175 nam
2278 4135 2400 4192 quaa
2445 4119 2497 4180 ei
2547 4119 2716 4188 exitip
2765 4117 2916 4184 fuit,
2965 4117 3152 4172 duxit.
3202 4115 3446 4187 Spiritus
3491 4112 3700 4170 etenim

2106 4223 2330 4272 sanctus
2352 4230 2463 4272 non
2495 4215 2696 4271 animat
2741 4215 2919 4270 instar
2957 4228 3084 4268 cum
3125 4213 3354 4268 homine
3393 4210 3700 4271 cohabitat,

2105 4323 2297 4364 verum
2329 4308 2404 4362 illi
2445 4306 2731 4362 indelluite
2785 4305 2963 4371 adest,
2999 4320 3064 4360 ac
3101 4305 3155 4359 in
3186 4319 3254 4359 eo
3289 4302 3559 4375 quidquid
3585 4301 3704 4356 vult

2109 4399 2294 4456 edicit.
2355 4399 2456 4467 Qui
2507 4411 2642 4454 sane
2691 4413 2817 4454 cum
2876 4395 3158 4452 feritatem
3210 4395 3498 4451 Samsonis
3544 4392 3702 4462 prius

2109 4509 2330 4565 quoque
2369 4475 2593 4548 haberet
2625 4493 2926 4564 cognitam,
2957 4504 2988 4550 a
3029 4489 3160 4544 vino
3194 4504 3258 4544 ac
3283 4488 3487 4542 vinetis
3517 4487 3701 4556 ipsum

2105 4585 2275 4656 jussit
2305 4584 2608 4648 abstinere,
2643 4599 2712 4638 ne
2739 4581 2803 4637 ad
2842 4581 3150 4636 naturalem
3189 4579 3433 4635 furorem
3451 4576 3702 4634 vinolen-

2111 4687 2170 4732 to
2211 4677 2390 4733 ascito
2425 4687 2614 4732 contra
2664 4675 3006 4746 propinquos
3062 4685 3286 4744 quoque
3332 4677 3390 4726 et
3435 4675 3703 4741 cognatos

2113 4767 2336 4839 indigna
2371 4773 2640 4838 patraret.

496 4897 670 4952 Porro
722 4893 820 4950 li'ii
885 4893 1276 4950 haereticorum
1331 4888 1518 4945 rident
1564 4884 1714 4958 quod
1765 4885 1822 4940 in
1869 4883 2086 4954 capillis
2139 4883 2316 4954 gratia
2365 4889 2474 4938 est.
2527 4878 2764 4936 Rideant
2809 4878 2976 4952 igitur
3028 4877 3176 4950 quod
3213 4876 3269 4932 in
3321 4874 3703 4950 apostolorum

427 4985 592 5041 umbr
615 5003 641 5039 s
675 4983 853 5056 gratia
885 4989 995 5046 est,
1045 4981 1104 5036 in
1131 4978 1351 5035 ﬂmbria
1381 4977 1511 5033 item
1545 4973 1862 5031 vestimenti
1893 4970 2102 5028 Christi
2127 5013 2143 5038 ,
2179 4972 2235 5026 in
2269 4973 2385 5026 luto
2414 4970 2660 5040 denique
2700 4969 2847 5040 quod
2883 4981 3092 5024 caseum
3123 4967 3448 5024 illustravit.

499 5097 711 5153 Οὐκοῦν
739 5094 832 5151 διὰ
851 5093 949 5166 τὴν
979 5091 1146 5164 εὐχὴν
1173 5089 1331 5163 τιμία
1359 5083 1428 5162 ἦν
1455 5089 1490 5161 ἡ
1524 5085 1672 5159 κόμη
1713 5085 1854 5159 Θεῷ.
1901 5089 1982 5142 Κα

2192 5085 2543 5156 Quapropter
2590 5085 2704 5139 voti
2757 5083 2980 5138 nomine
3023 5081 3266 5154 pretiosa
3327 5077 3472 5150 apud
3532 5075 3705 5134 Deum

427 5191 588 5246 τοῦτο
612 5187 914 5260 δεδήλωκεν
937 5185 966 5238 δ
995 5183 1129 5267 Θεὸς
1167 5182 1298 5254 περὶ
1342 5179 1547 5244 παντὸς
1566 5177 1890 5250 Ναζωραίου
1918 5196 2013 5232 νο-

431 5281 700 5356 μοθετῶν,
735 5279 832 5333 καὶ
855 5276 1015 5332 τοῦτο
1044 5277 1102 5330 ὲν
1124 5275 1278 5348 νόμῳ
1305 5273 1384 5346 τῷ
1415 5269 1775 5342 παιδαγωγῷ.

501 5464 608 5520 Καὶ
633 5461 873 5533 ἐγένετο
892 5459 1049 5528 ἀνὴρ
1075 5459 1334 5527 Λευΐτης
1370 5456 1674 5527 παροικῶν
1711 5455 1782 5510 ἐν
1807 5455 2022 5526 μηροῖς

2114 5179 2218 5236 fuit
2244 5195 2422 5236 coma.
2454 5177 2610 5246 Quod
2655 5179 2774 5250 ipse
2807 5183 3047 5233 testatus
3077 5183 3163 5230 est
3191 5173 3338 5229 Deus
3363 5187 3488 5228 cum
3531 5171 3707 5244 legem

2116 5274 2184 5329 de
2215 5273 2411 5344 quovis
2443 5273 2705 5328 Nazaraeo
2744 5271 2950 5337 sanxit,
2993 5267 3157 5340 idque
3195 5267 3252 5322 in
3293 5265 3414 5338 lege
3456 5265 3710 5338 paedago-

2119 5371 2262 5442 gica.

2184 5459 2308 5514 Fuit
2344 5459 2424 5514 vir
2451 5457 2656 5513 Levites
2703 5457 2793 5529 qui
2833 5453 3113 5510 habitabat
3171 5455 3227 5510 in
3284 5452 3454 5508 latere
3509 5452 3706 5506 montis

432 5556 613 5625 ὅρους
639 5556 914 5628 Ἐφραίμ.
941 5554 1054 5626 Τὴν
1103 5553 1246 5608 κατά
1269 5555 1368 5623 τὴν
1397 5555 1636 5620 γυναῖκα
1669 5551 1764 5605 τοῦ
1791 5549 1982 5604 Λευϊτο

2120 5549 2402 5621 Ephraim,
2437 5558 2547 5604 etc.
2585 5547 2769 5620 [XIX-,
2805 5545 2879 5621 1.]
2921 5544 3186 5618 iniuriam
3219 5543 3275 5600 iu
3304 5542 3509 5600 Levitis
3534 5556 3709 5598 uxore

437 5651 684 5722 παριδεῖν
713 5649 931 5706 ἀδικίαν
962 5651 992 5704 ὁ
1038 5647 1167 5714 λαὸς
1207 5648 1306 5702 οὐκ
1336 5647 1616 5718 ἠνέσχετο,
1643 5646 1738 5701 καὶ
1781 5645 1917 5717 πρὸς
1946 5643 1982 5699 δη

2126 5642 2446 5712 admissam,
2494 5640 2732 5712 pepulus
2771 5639 3007 5696 tolerare
3065 5653 3176 5696 non
3226 5638 3432 5711 potuit,
3462 5649 3706 5709 quapro-

507 5811 529 5843 ⁹
563 5812 580 5866 ι
617 5811 744 5868 Cor.
775 5828 833 5885 v,
859 5810 913 5866 5.
992 5811 1036 5844 "
1073 5807 1116 5865 ll
1151 5807 1346 5867 Thess.
1383 5823 1445 5876 ll,
1469 5807 1530 5875 ’3,
1563 5805 1617 5860 4.
