3992 6452
308 344 446 406 1ὒῖ9

1628 357 1953 421 PROCOPI
1960 360 1987 420 Ι
2026 361 2272 425 GAZzEI

3458 355 3646 421 1080

303 466 422 524 pter
444 463 696 509 auctores
727 454 846 525 ejus
871 456 1035 530 508
1084 459 1151 515 ad
1194 461 1528 535 supplicium
1558 467 1876 537 postulavit.

2011 488 2094 541 ιην
2142 472 2323 545 ἐζήτει
2362 473 2490 539 τοὺς
2537 473 2922 546 ἀδικήσαντας.
2966 474 3031 531 Ἦ
3065 474 3120 528 δὲ
3166 474 3370 527 τούτων
3440 470 3640 540 φυλὴ

303 546 453 612 Quos
499 563 623 602 cum
678 562 777 602 sua
843 550 1019 605 tribus
1074 554 1291 610 tradere
1343 565 1626 614 recusaret
1681 557 1884 613 bellum

305 638 612 704 adornavit,
664 653 727 693 ac
759 639 813 693 in
860 639 1077 698 duobus
1126 630 1561 717 pritnis‘praaliis
1596 648 1885 704 victoriam

306 744 405 800 per
453 731 562 784 vim
605 731 835 786 obtinet.
889 732 1102 799 Quibus
1147 735 1368 805 quidem
1428 736 1573 793 Deus
1627 739 1887 810 congredi

310 822 559 892 permisit
589 838 703 887 eos,
754 825 961 880 nullam
1011 835 1194 883 tamen
1246 830 1409 886 vietis
1458 831 1745 886 victoriam
1803 839 1887 888 est

309 914 605 984 pollic.tus.
667 913 803 970 Nam
851 927 912 972 et
985 919 1092 990 ipsi
1153 923 1224 975 ob
1276 923 1512 991 priorem
1583 925 1886 994 nequitiam

310 1021 375 1060 ac
405 1005 599 1062 delicta
646 1010 870 1079 pmpria
933 1026 1128 1080 poenas
1175 1012 1467 1080 debebant,
1533 1015 1889 1086 ipsorumque

309 1096 383 1152 ob
418 1107 702 1168 peccatum
752 1117 912 1157 suum
968 1103 1153 1172 potius
1201 1120 1365 1175 quam
1423 1106 1655 1165 aliorum
1706 1108 1891 1164 dolere

309 1199 450 1246 erat.
504 1191 800 1264 Postquam
831 1211 965 1251 vero
1000 1199 1202 1269 stragis
1253 1215 1367 1255 suae
1408 1216 1633 1257 causam
1671 1217 1888 1274 cogno-

313 1283 543 1349 vissent,
574 1299 638 1340 ac
678 1288 934 1344 acerbius
983 1290 1269 1347 lamentati
1317 1303 1526 1357 essent,
1584 1305 1747 1365 atque
1796 1295 1888 1350 Dei

260 1444 267 1448 _
313 1388 498 1429 arcam
549 1377 954 1451 confugissent,
994 1389 1126 1437 tunc
1175 1371 1396 1438 demum
1432 1385 1542 1441 illis
1586 1385 1731 1441 Deus
1766 1395 1892 1441 ante

279 1458 472 1519 ‘datas
521 1480 713 1535 poenas
776 1470 1066 1526 victoriam
1133 1470 1501 1529 denuntiavit.
1558 1475 1737 1545 Atque
1792 1477 1893 1531 hac

314 1553 536 1623 quidem
570 1560 785 1615 ratione
812 1561 880 1615 ab
916 1563 985 1619 iis
1020 1564 1112 1633 qui
1137 1563 1341 1620 Levita:
1374 1568 1697 1621 uxorculam
1739 1566 1892 1622 nefa-

317 1647 399 1701 rie
428 1649 776 1707 trucidarunt
825 1652 1054 1723 dignum
1103 1655 1331 1711 luerunt
1376 1658 1725 1729 supplicium.
1774 1660 1891 1725 Qua

320 1736 474 1794 clade
506 1741 866 1799 modestiores
912 1745 1042 1800 l'acti
1075 1747 1237 1803 nimis
1269 1764 1433 1818 quam
1489 1751 1713 1804 humani
1764 1766 1892 1821 erga

321 1832 645 1899 superstites
681 1848 805 1890 esse
839 1836 1170 1893 didicerunt.
1217 1812 1361 1896 De-us
1408 1842 1591 1911 itaque
1638 1812 1895 1912 utrinque
1930 1812 1969 1866 Β

320 1922 482 1992 culpa
508 1934 688 1990 caret;
714 1927 823 1983 iras
857 1930 1001 1984 enim
1027 1939 1217 1985 contra
1249 1943 1566 2002 peccatores
1602 1945 1896 2004 conceptas

321 2029 576 2072 coercere
615 2021 911 2086 noluit,'nc
960 2023 1287 2080 libidinibus
1324 2041 1449 2080 eum
1500 2026 1760 2081 delectari
1794 2028 1896 2082 oh-

323 2107 477 2161 Iitum
507 2124 682 2178 pinnae
716 2128 878 2185 quam
931 2115 1198 2172 adulteris
1228 2117 1603 2173 destinaverat
1655 2120 1894 2188 improbi

324 2213 387 2253 ac
428 2205 667 2270 petversi
705 2204 957 2261 homines
996 2208 1237 2277 objicere
1267 2220 1510 2279 possent.
1541 2209 1730 2280 Neque
1779 2210 1900 2267 illos

325 2293 418 2361 qui
467 2294 520 2348 in
558 2304 780 2366 peccata
828 2300 1005 2354 aliena
1063 2302 1519 2369 animadversnri,
1581 2313 1900 2372 peccatores

322 2384 426 2454 ipsi
466 2395 521 2440 et
550 2401 766 2456 pinnam
800 2392 981 2446 meriti
1028 2392 1243 2448 fuerant
1288 2394 1510 2464 impune
1556 2395 1788 2457 dimisit,
1843 2404 1901 2450 et

323 2477 528 2531 scelera
577 2495 699 2550 quae
740 2483 906 2554 longo
946 2483 1060 2552 jam
1099 2492 1346 2556 tempore
1398 2501 1499 2556 pro
1544 2488 1768 2541 lenitate
1803 2501 1899 2541 sua

324 2567 790 2638 dissimulaverat,
825 2575 880 2629 in
920 2575 1029 2630 illis
1062 2578 1295 2646 primum
1333 2578 1515 2648 puniri
1548 2580 1743 2634 voluit.
1786 2579 1897 2633 Ita-

325 2675 433 2730 que
471 2661 539 2718 de
582 2665 797 2721 duabus
829 2668 994 2724 rebus
1041 2670 1295 2727 maximis
1343 2670 1679 2725 erudiuntur
1718 2671 1900 2724 homi-

326 2766 447 2817 nes,
478 2756 714 2825 primum
760 2775 829 2815 ne
891 2769 1115 2831 peccata
1170 2761 1599 2832 Benjamitarum
1650 2762 1901 2831 exemplo

328 2848 648 2915 approbent.
701 2850 905 2908 Deinde
953 2871 1021 2911 ne
1067 2856 1122 2909 in
1170 2856 1467 2926 puniendis
1512 2855 1901 2925 peccatoribus

1991 566 2065 638 μὴ
2097 565 2298 632 δοῦσα,
2334 568 2782 641 παρεσκευάζετο
2842 569 3124 638 πολεμεῖ-ι.
3177 568 3284 620 Καὶ
3325 567 3442 628 τὰς
3485 561 3642 615 δύω

1988 658 2215 729 πρώτας
2242 659 2422 730 μάχας
2451 660 2595 714 κατὰ
2626 661 2827 732 κράτος
2857 661 3004 731 νικᾷ.
3043 660 3134 713 Ἐν
3173 653 3262 722 αἷς
3294 652 3641 724 ἐπέτρεψε

1991 749 2091 821 μὲν
2119 752 2148 803 ὁ
2174 750 2308 814 Θεὸς
2344 751 2663 820 συμϐαλεῖν,
2691 753 2754 805 οὐ
2782 753 2888 824 μὴν
2926 753 3020 805 καὶ
3069 751 3229 821 νίκην
3259 752 3373 813 τοῖς
3410 750 3643 818 ἡττη-

1992 839 2174 910 μένοις
2203 841 2588 910 ὲπηγγείλατο.
2608 842 2775 911 Δίκην
2791 843 2901 912 γὰρ
2921 841 3255 913 ὲχρεὼστουν
3272 840 3427 912 ὑπὲρ
3461 839 3640 891 ἀσε-

1990 931 2142 995 ϐείας
2167 933 2462 1004 προτέρας,
2495 934 2588 986 καὶ
2623 933 3114 1004 πλημμελημάτων
3147 917 3313 988 ίόίων.
3341 935 3473 987 Καὶ
3504 930 3642 983 οὐκ

1988 1017 2058 1093 ἦν
2090 1022 2268 1076 αὐτῶν
2300 1025 2634 1093 ἀγανακτεῖν
2667 1025 2759 1078 ἐπὶ
2787 1026 2900 1088 τοῖς
2946 1023 3354 1095 ἁμαρτήσασιν.
3403 1022 3528 1082 Ὡς
3565 1019 3644 1072 δὲ

1989 1114 2210 1183 γνόντες
2233 1114 2333 1182 τῆς
2361 1113 2536 1186 ἥττης
2564 1114 2664 1183 τὴν
2693 1112 2895 1180 αίτίαν,
2925 1114 3255 1184 πικρότερον
3277 1112 3635 1170 ἔκλαυσαν,

1991 1207 2400 1275 καταφυγόντες
2438 1207 2526 1259 ἐπὶ
2558 1207 2661 1277 τὴν
2709 1204 2964 1270 κιϐωτὸν,
3007 1206 3132 1258 τότε
3177 1204 3312 1263 Θεὸς
3374 1203 3491 1257 καὶ
3547 1201 3644 1254 νε·

1990 1313 2094 1367 κην
2122 1296 2307 1360 αὐτοῖς
2338 1296 2727 1365 ἐπηγγείλατο.
2764 1297 2875 1351 Καὶ
2901 1296 3087 1359 δόντες
3106 1294 3377 1366 πρότερον
3394 1293 3559 1363 δίκη
3572 1309 3635 1354 ν,

1991 1388 2133 1444 οὕτω
2162 1389 2316 1457 παρὰ
2350 1388 2460 1442 τῶν
2484 1388 2745 1461 ἀσελγείᾳ
2763 1388 3145 1458 φονευσάντων
3168 1386 3228 1439 τὸ
3258 1384 3633 1454 γύναιον....

1991 1481 2089 1550 τὴν
2112 1479 2498 1551 προσήκουσαν
2525 1483 2800 1551 τιμωρίαν
2834 1479 3107 1545 ἐδέξαντο.
3137 1477 3251 1531 Kal.
3290 1477 3368 1539 ὡς
3404 1477 3480 1543 ἐξ
3527 1468 3629 1529 ὧν

1993 1572 2193 1626 ἔπαθον
2222 1570 2569 1642 ὠφελημένοι
2608 1571 2704 1625 καὶ
2744 1570 3154 1641 μετριάζοντες,
3201 1567 3627 1638 φιλάνθρωποι

1992 1662 2113 1716 λίαν
2135 1662 2230 1716 ἐπὶ
2258 1664 2370 1726 τοῖς
2399 1661 2479 1715 ἔτι
2500 1662 2831 1732 σωζομένοις
2856 1663 3130 1729 ἐγένοντο.
3167 1661 3226 1713 '0
3253 1660 3296 1712 δ’
3327 1656 3422 1712 οὖν
3451 1658 3626 1721 Θεὸς

1996 1758 2119 1810 κατ’
2149 1755 2433 1825 οὐδέτερον
2465 1753 2807 1824 κατηγορίας
2834 1753 3002 1818 ἄξιος.
3035 1750 3176 1806 Οὔτε
3218 1751 3331 1821 γὰρ
3360 1750 3465 1820 τὴν
3502 1750 3617 1820 ὀρ-

2002 1848 2107 1921 γὴν
2135 1846 2235 1919 τὴν
2285 1847 2428 1900 κατὰ
2473 1844 2583 1899 τῶν
2631 1846 3032 1916 ἡμαρτηκότων
3071 1843 3344 1897 ἐκώλυσεν
3367 1858 3379 1872 '
3401 1837 3441 1913 ἦ
3474 1841 3611 1911 γὰρ

2001 1939 2068 1994 ἂν
2093 1937 2406 2005 ἀσελγείαις
2422 1936 2636 2007 χαίρειν
2666 1933 2851 1998 αὐτὸν,
2870 1933 3059 1995 παῖδες
3088 1928 3244 1985 εἷπον
3265 1927 3610 2000 αἱρετικῶν,

2002 2029 2095 2082 καὶ
2122 2028 2295 2081 ταῦτα
2323 2025 2595 2097 τιμωρίαν
2625 2024 2767 2084 κατὰ
2793 2023 2901 2076 τῶν
2937 2021 3345 2093 μοιχευσάντων
3368 2020 3617 2089 ὁρίσαν-

2003 2138 2105 2174 τα·
2142 2117 2265 2172 οὗτε
2290 2120 2416 2181 τοὺς
2460 2115 2847 2187 ἁμαρτωλοὺς,
2883 2114 3200 2179 ἐπεξιόντας
3232 2112 3290 2165 δὲ
3327 2113 3442 2172 τοῖς
3482 2108 3615 2162 τῶν

1998 2211 2173 2267 ἄλλων
2209 2209 2626 2279 ἁμαρτήμασιν,
2652 2205 2864 2266 ἁθὼους
2910 2202 3226 2260 κατέλειπε.
3250 2200 3408 2269 δίκην
3438 2196 3615 2251 ἐκτί-

2001 2319 2200 2366 σαντας
2233 2300 2312 2372 τῷ
2338 2300 2445 2372 πρὸ
2471 2299 2666 2352 τούτου
2698 2294 3143 2368 μακροθυμοῦντι
3164 2292 3434 2363 Δεσπότη.
3470 2290 3612 2342 Δύω

1997 2398 2041 2451 δ’
2066 2392 2161 2451 οὗν
2188 2392 2529 2464 ὠφελοῦνται
2553 2392 2622 2446 τὰ
2654 2390 2886 2462 μέγιστα
2913 2406 2926 2421 ·
2957 2390 3033 2460 μή
3070 2405 3127 2441 τε
3168 2388 3491 2456 συμφωνεῖν
3540 2387 3611 2438 ἐν

1998 2488 2318 2560 ἁμαρτίαις,
2386 2486 2462 2549 ὡς
2515 2487 2565 2540 οἱ
2608 2483 2889 2551 Βενιαμὶν,
2939 2482 3079 2552 μήτε
3145 2479 3396 2543 κολάζειν
3460 2478 3607 2541 τοὺς

2005 2576 2396 2648 ἡμαρτηκότας
2428 2573 2711 2644 ὠμότερον
2734 2589 2747 2600 ·
2776 2574 2825 2625 εἰ
2848 2572 2942 2626 καὶ
2971 2568 3304 2643 πικροτέραν
3329 2570 3382 2622 oi.
3407 2568 3605 2620 Βενια-

2008 2671 2161 2739 μῖται
2180 2668 2279 2739 τὴν
2305 2667 2457 2739 δίκην
2485 2666 2744 2738 ὑπέσχον,
2770 2665 2847 2729 ὡς
2885 2664 3023 2734 πρὸς
3039 2662 3117 2734 τῷ
3143 2661 3252 2732 πλη
3263 2659 3593 2732 μμελήματι

2007 2759 2101 2814 καὶ
2142 2757 2432 2821 τοσούτους
2488 2756 2690 2820 ἀδίκως
2747 2753 3108 2816 ἀπεκτονότες
3149 2749 3210 2817 ἐξ
3254 2749 3502 2823 Ἰσραὴλ,
3532 2748 3590 2800 ει

2008 2850 2102 2904 καὶ
2139 2848 2215 2920 τῷ
2240 2848 2360 2919 Θεῷ
2396 2847 2641 2911 δικαίως.

327 2944 586 3001 saeviores
630 2962 752 3003 sese
788 2949 1089 3018 praebeant.
1142 2952 1356 3006 Idcirco
1390 2951 1535 3005 enim
1619 2947 1941 3018 Benjamitze
2010 2944 2321 3017 graviorem
2370 2939 2632 2996 videntur
2675 2939 2888 2995 dedisse
2932 2950 3187 3008 poenam,
3247 2933 3392 3004 quod
3444 2931 3590 2987 ultra

328 3044 611 3107 peccatum
660 3055 824 3094 suum
855 3048 936 3096 tot
984 3040 1356 3098 lsraelitarum
1400 3043 1605 3113 injuste
1657 3041 1878 3112 quidem
1902 3081 1917 3106 ,
1957 3037 2207 3111 quamvis
2236 3034 2381 3107 apud
2425 3032 2593 3090 Deum
2623 3034 2792 3105 juste,
2824 3031 3165 3088 occiderunt.

337 3255 3549 3315 Μ

615 3473 856 3587 ΕΙΣ
928 3472 1246 3587 ΤΗΝ
1325 3467 1950 3583 ΠΡΩΤΗΝ
2040 3465 2350 3580 ΤΩΝ
2442 3448 3307 3576 ΒΑΣΙΛΕΙΩΝ.

768 3936 782 3953 ι
873 3863 1037 3989 ΙΝ
1096 3863 1702 3992 LIBRUM
1786 3855 2423 3988 PRIMUM
2479 3846 3123 3980 REGUM.‘

1391 4117 1680 4191 (Ludovico
1712 4114 1969 4171 Lavatero
1992 4112 2247 4183 Tigttrt’tto
2284 4108 2540 4178 interpr.)

684 4424 1043 4500 509-510
1079 4419 1505 4483 ΡΒΟἜΜῘΠΜ.

416 4538 748 4609 Complures
793 4534 1073 4606 prophetae
1114 4531 1364 4595 fuerunt,
1397 4542 1631 4599 quorum
1665 4527 1793 4582 libri
1839 4534 1925 4578 ta-

350 4627 511 4684 metsi
546 4641 655 4681 non
706 4631 950 4691 exstant,
989 4630 1175 4677 tamen
1224 4619 1449 4676 nomina
1477 4619 1724 4688 ipsorum
1756 4632 1821 4671 ex
1857 4617 1927 4670 Ii-

352 4721 470 4777 hris
498 4719 957 4790 Paralipomenon
994 4713 1339 4784 accepimus.
1381 4710 1588 4765 Horum
1625 4708 1931 4779 unusquis-

351 4829 460 4883 que
502 4812 594 4867 illa
624 4808 944 4878 descripsit,
986 4822 1110 4878 qnte
1138 4807 1257 4861 suis
1297 4802 1641 4873 temporibus
1675 4801 1929 4871 contige—

2609 4362 3027 4462 IIPOOIMION.

2101 4526 2353 4580 Πλεῖστοι
2377 4521 2654 4593 προφῆται
2680 4517 3029 4587 γεγένηνται,
3046 4506 3123 4568 ὧν
3138 4512 3238 4577 τὰς
3263 4511 3359 4583 μὲν
3390 4507 3607 4580 βίϐλους

2031 4619 2131 4688 οὐχ
2157 4616 2412 4688 εὕρομεν,
2435 4616 2535 4675 τὰς
2565 4611 2621 4665 δὲ
2645 4608 3022 4681 προσηγορίας
3041 4606 3107 4659 ἐκ
3152 4605 3256 4672 τῆς
3282 4603 3394 4656 τῶν
3425 4600 3615 4670 Παρα-

2034 4709 2373 4779 λειπομένων
2416 4702 2823 4775 μεμαθήκαμεν
2879 4697 3145 4769 ἱστορίας.
3203 4693 3423 4747 Τούτων
3485 4707 3617 4742 συν-

2037 4799 2275 4872 έγραψεν
2318 4797 2552 4858 ἕκαστος
2603 4795 2705 4847 ὅσα
2759 4789 3041 4844 συνέϐαινε
3071 4786 3322 4857 γίνεσθαι
3352 4780 3495 4836 κατὰ
3524 4779 3621 4833 τὸν

353 4916 507 4963 runt.
556 4904 729 4960 Porro
769 4904 979 4974 primus
1025 4901 1165 4955 liber
1205 4898 1439 4968 Regum,
1506 4911 1614 4951 non
1668 4894 1836 4950 modo
1868 4895 1906 4945 al

2037 4894 2239 4948 οἰκεῖον
2265 4889 2479 4960 καιρόν.
2504 4886 2716 4939 Λύτίκα
2733 4883 2887 4952 γοῦν,
2924 4882 3020 4937 καὶ
3050 4882 3084 4950 ἡ
3118 4877 3313 4950 πρώτη
3345 4873 3457 4928 τῶν
3510 4873 3617 4924 Βα-

355 4999 622 5063 llebraeis,
670 4966 978 5053 sed-etiam
1009 5009 1041 5048 a
1088 4991 1266 5064 Syris,
1294 4966 1604 5061 prophetia
1653 4986 1898 5043 Samueli

2043 4984 2259 5041 σιλειῶν
2291 4983 2386 5038 καὶ
2414 4980 2567 5051 παρὰ
2601 4977 2896 5049 Ἑϐραίοις,
2920 4974 3017 5029 καὶ
3042 4973 3194 5061 παρὰ
3227 4970 3443 5064 Σύρρις,

355 5086 689 5159 appellatur.
729 5083 972 5139 Proinde
999 5120 1016 5147 ,
1055 5082 1149 5152 qui
1207 5080 1498 5135 historiam
1558 5093 1748 5151 regum
1800 5092 1934 5131 con-

357 5180 724 5250 scripserunt,
750 5177 880 5231 hinc
906 5176 1203 5231 occasione
1227 5172 1509 5229 scribendi
1542 5179 1788 5242 accepta,
1810 5171 1934 5224 lon-

360 5290 430 5343 go
462 5279 587 5343 post
628 5281 879 5343 tempore
921 5268 1292 5338 scripserunt.
1326 5265 1614 5334 Quomodo
1655 5264 1802 5318 enim
1841 5262 1942 5315 Sa-

362 5365 530 5428 muel,
573 5366 665 5433 qui
710 5363 1051 5434 temporibus
1097 5361 1297 5423 Saulis,
1355 5367 1410 5416 et
1451 5356 1673 5412 Davidis
1729 5355 1937 5419 ﬂoruit,

363 5457 454 5510 illa
490 5473 699 5524 omnia,
724 5473 845 5529 qua:
868 5473 1049 5528 usque
1083 5456 1151 5512 ab
1179 5454 1389 5511 obitum
1420 5450 1936 5507 Nabuchodonoso-

363 5550 444 5604 ris
502 5550 620 5622 (qui
648 5517 911 5621 populum
937 5517 1158 5605 Israelis
1197 5548 1476 5618 captivum
1509 5541 1764 5614 abduxit)
1787 5548 1906 5612 gest

2048 5536 2432 5607 ϐουκοδονόσορ
2457 5532 2737 5601 τελευτῆς,
2767 5529 2825 5592 ὃς
2867 5522 3218 5596 αἰχμάλωτον
3271 5517 3485 5622 εἰλήφει

367 5646 520 5701 sunt,
553 5639 904 5695 conscribere
932 5638 1248 5711 potuisset?
1272 5637 1565 5703 Caeterum,
1594 5647 1715 5705 quae
1750 5632 1818 5688 ab
1868 5630 1935 5685 il-

422 5786 467 5832 ”ει
496 5791 726 5852 Μευιιειι
762 5794 962 5865 Opera,
997 5800 1039 5848 t.
1080 5785 1213 5864 Vill,
1247 5809 1300 5864 p.
1330 5792 1380 5847 5.

2035 5075 2233 5147 φητεία
2261 5073 2515 5144 Σαμουὴλ
2541 5070 2891 5141 ὀνομάζεται.
2912 5066 2975 5120 Οί
2996 5052 3180 5119 τοίνυν
3205 5062 3305 5125 τὰς
3329 5056 3628 5115 Βασιλείας

2040 5167 2479 5241 συγγράψαντες,
2512 5163 2573 5229 ἐξ
2604 5165 2833 5216 ἐκείνων
2876 5158 3136 5220 λαϐόντες
3184 5155 3284 5215 τὰς
3344 5147 3626 5241 ἀφορμὰς.

2043 5235 2454 5335 μετα-πλεῖστον
2491 5255 2839 5325 συνέγραψαν
2883 5252 3096 5324 χρόνον.
3136 5247 3261 5309 Πῶς
3284 5246 3392 5314 γὰρ
3422 5235 3536 5294 οἷόν
3564 5257 3624 5292 τε

2049 5351 2328 5423 Σαμουὴλ,
2355 5353 2448 5403 τὸν
2478 5347 2556 5420 τῷ
2580 5346 2775 5409 Σαοὺλ,
2799 5343 2832 5415 ἢ
2864 5342 2958 5397 καὶ
2987 5339 3067 5412 τῷ
3096 5336 3284 5400 Δαϐὶδ,
3337 5346 3625 5423 συνήκμαο

2047 5419 2205 5512 κότα,
2234 5419 2302 5496 τὰ
2339 5440 2477 5512 μετὰ
2508 5419 2680 5493 ταῦτα
2716 5432 3034 5505 συγγράψαι
3067 5431 3233 5501 μέχρι
3260 5425 3362 5494 τῆς
3386 5420 3480 5475 τοῦ
3513 5419 3629 5512 Να-

3536 5510 3631 5562 τὸν

2060 5603 2322 5699 Ἰσραήλ;
2372 5626 2440 5680 τὰ
2488 5624 2546 5678 δὲ
2587 5627 2698 5687 τοῖς
2745 5615 3112 5688 συναγαγοῦσι
3166 5603 3629 5684 παραλειφθέντα.
