3992 6416
271 323 402 388 1081
1284 317 1826 389 COMMENTABII

1949 323 1956 384 ί
1987 322 2136 384 LIB.
2171 323 2199 384 Ι
2234 323 2534 386 REGUM.
3014 371 3022 380 .
3389 322 3525 389 ηεξ

267 438 491 512 Ἕτεροί
523 453 666 503 τινες
695 438 1107 511 ἱστοριογράφοι
1152 438 1482 511 παρέδοσαν,
1532 437 1594 492 τὸ
1641 433 1843 508 βιϐλίον

1953 435 2042 500 lis,
2086 438 2184 506 qui
2231 437 2348 492 haec
2387 439 2748 510 collegerunt,
2805 441 3180 509 praetermissa
3222 448 3373 506 sunt,
3429 443 3522 497 alii

265 533 350 588 Πσ
362 530 771 604 ραλειπομένων
806 531 1164 596 καλέσαντες.

1954 529 2172 601 quidam
2205 530 2640 601 historiographi
2679 532 2870 601 libros,
2901 547 3043 604 quos
3069 531 3530 604 Paralipomenon

1950 621 2255 694 appellant,
2276 622 2673 680 .absolverunt.

871 723 1124 780 ΚΕΦΑΛ.
1161 723 1242 779 Αν.

2615 735 2773 793 CAP.
2808 737 2856 792 1.

341 838 453 897 Καὶ
479 837 717 908 ἐγένετο
742 839 1080 910 ἅνθρωπος.
1117 834 1213 903 Εἷς
1235 839 1346 892 τῶν
1367 839 1502 892 υἱῶν
1528 838 1677 904 Λευτ,
1718 839 1850 908 ὲ.γέ-

2019 849 2188 905 Vens.
2222 849 2273 904 l.
2326 848 2451 905 Fuit
2496 861 2672 907 autem
2706 851 2882 906 homo.
2913 851 2989 906 Ex
3023 865 3255 908 numero
3291 849 3529 906 filiorum

266 950 414 994 νετο.
444 930 600 984 Κάαθ
640 931 824 1003 πατὴρ
861 932 918 984 δὲ
951 931 1045 984 τοῦ
1076 931 1282 1002 Ἰσαὰρ.
1319 926 1379 986 οὗ
1429 931 1648 999 ἔκγονος
1681 930 1780 1002 μὲν
1819 932 1842 985 ὁ

1951 939 2104 1005 Levi,
2136 940 2238 996 fuit
2267 941 2464 1001 Caath.
2489 943 2582 1012 qui
2637 943 2804 997 filimn
2836 943 3029 998 habuit
3063 942 3236 1008 isaar,
3273 951 3527 1012 nepotem

263 1025 439 1096 Κορὲ,
462 1023 732 1092 ἀπόγονος
769 1024 827 1077 δὲ
863 1024 1122 1088 Ἐλκανὰ,
1143 1022 1238 1076 τοῦ
1274 1023 1533 1094 Σαμουὴλ
1577 1025 1606 1076 ὁ
1639 1023 1839 1094 πατήρ.

1951 1033 2113 1098 Core,
2143 1045 2498 1105 pronepotem
2533 1033 2794 1100 llelcana,
2841 1035 3009 1090 ﬁlium
3039 1034 3335 1090 Samuelis.
3384 1033 3523 1086 Suc-

278 1115 350 1170 Ἱι
373 1117 430 1170 δὲ
457 1115 674 1186 διαδοχὴ
691 1115 862 1179 οὕτως
885 1131 900 1146 '
922 1115 1098 1178 Καὰδ,
1126 1113 1625 1186 Ἀμιναδᾶ6,Κορὲ,
1644 1113 1848 1184 Ἀσεὶρ,

1952 1127 2138 1182 cessio
2201 1141 2333 1181 vero
2393 1127 2476 1182 sic
2519 1127 2704 1191 habet,
2759 1127 2908 1182 Caad
2950 1129 3138 1197 genuit
3183 1125 3525 1189 Aminadah,

272 1207 538 1272 Ἐλκανὰ,
575 1209 743 1277 Σοὺφ,
787 1207 943 1276 Θύου,
1013 1207 1212 1272 Ἐλίῡυ,
1280 1206 1526 1278 ’1εραὰμ,
1590 1206 1848 1275 Ἐλκανὰ,

1954 1216 2116 1281 Core,
2167 1216 2331 1280 Aser,
2371 1215 2832 1288 llelcana,Zuph,
2865 1219 3045 1283 Tohu,
3079 1217 3260 1283 lleliu,
3291 1217 3527 1281 lcraam,

254 1299 549 1369 Σαμουήλ.

1955 1306 2159 1362 Eleana
2187 1323 2202 1372 ;
2238 1307 2328 1361 hic
2355 1306 2664 1362 Samuelem
2705 1309 2908 1378 genuit.

356 1395 419 1447 Ἦ
447 1395 502 1446 δὲ
525 1393 746 1464 διαδοχὴ
775 1393 918 1447 οὕτω
951 1409 965 1424 ·
994 1395 1136 1467 Κορὲ
1157 1437 1171 1458 ,
1212 1395 1268 1447 Ἀ
1281 1393 1422 1464 acip,
1466 1391 1701 1447 Ἐλκανὰ
1747 1393 1847 1463 (f),

2029 1396 2432 1452 Successerunt
2481 1407 2660 1452 autem
2708 1400 2787 1453 sic
2819 1418 2833 1454 :
2867 1400 3026 1464 Core,
3075 1399 3236 1465 Asir,
3285 1399 3484 1452 Elcana
3512 1435 3528 1460 .

255 1485 550 1556 Σαμουὴλ.
619 1486 675 1538 '0
729 1485 788 1538 δὲ
844 1486 963 1538 Ἦλὶ
1011 1488 1076 1540 ἐκ
1108 1486 1206 1555 τῆς
1245 1485 1341 1538 τοῦ
1397 1485 1626 1554 Ἰθάμαρ
1649 1479 1718 1553 ἦν
1749 1502 1831 1536 παη

1963 1490 2204 1546 Samuel.
2243 1489 2324 1543 Eli
2363 1491 2542 1560 patria
2587 1490 2825 1543 Ithamar
2863 1490 3137 1546 oriundus
3173 1501 3330 1553 erat,
3371 1497 3533 1557 atque

250 1576 428 1648 τριᾶς
452 1590 466 1604 ⁸
487 1574 625 1628 ἀλλὰ
641 1575 728 1628 διὰ
753 1575 853 1646 τὴν
870 1575 978 1629 τῶν
1007 1577 1215 1628 παίδων
1244 1575 1534 1645 παροινίαν
1571 1574 1668 1626 σὺν
1687 1591 1826 1625 παντ

1957 1589 2189 1653 propter
2242 1581 2478 1634 filiorum
2533 1579 2947 1650 improbitatem
2995 1589 3108 1634 tota
3147 1581 3270 1648 ejus
3320 1577 3530 1632 familia

249 1665 420 1735 γένει
454 1664 556 1734 τῆς
589 1665 874 1736 ἱερατικῆς
903 1665 1195 1735 ἐγυμνώθη
1219 1664 1409 1734 τιμῆς.
1448 1661 1572 1726 Πῶς
1631 1663 1688 1714 δὲ
1729 1661 1821 1713 Ἑλ

1957 1673 2290 1728 sacerdotali
2333 1671 2605 1740 dignitate
2651 1671 2878 1726 excidit.
2909 1671 3200 1738 Quomodo
3231 1678 3413 1724 autem
3446 1667 3533 1722 El-

247 1757 413 1812 κανὰ
440 1755 499 1822 ἐξ
530 1755 850 1829 Ἀρμαθαὶμ
899 1755 976 1809 ὢν
1003 1797 1019 1822 ,
1098 1754 1428 1824 Ἐφραθαῑος
1480 1754 1811 1823 ὀνομάζεται

1959 1780 2120 1830 cana,
2172 1765 2517 1818 Armathaim
2561 1765 2853 1830 oriundus,
2890 1763 3256 1833 Ephrathasus
3288 1762 3535 1818 dicitur?

244 1850 502 1920 Μήποτε
527 1847 846 1902 συνέϐαινεν
877 1847 1042 1902 αὐτὸν
1069 1849 1133 1900 ἐκ
1152 1847 1260 1900 τῶν
1299 1846 1412 1900 δύω
1440 1846 1648 1899 πόλεων
1681 1846 1820 1916 ὁρμᾶ

1959 1855 2220 1912 Fortasse
2264 1871 2331 1911 ex
2377 1866 2616 1926 utraque
2656 1857 2792 1911 urbe
2823 1857 3093 1926 originem
3123 1855 3304 1917 duxit,
3359 1855 3436 1908 ita
3473 1861 3535 1908 ut

251 1941 397 1996 σθαι
429 1957 442 1970 ·
467 1939 590 1994 καθ’
622 1940 651 1993 ὃ
676 1942 734 1994 ἐν
764 1939 863 2010 μὲν
881 1941 946 2012 τῇ
991 1938 1238 2010 Ἐφραθὰ
1288 1937 1636 2008 ὲγεγέννητο,
1677 1938 1736 1990 ὲν
1787 1940 1827 2002 τῆ

1959 1948 2015 2002 in
2055 1947 2293 2019 Ephrata
2342 1945 2567 2016 quidem
2619 1954 2806 2010 natus,
2859 1947 2916 2001 in
2966 1946 3311 2001 Armathaitn
3348 1953 3531 2000 autem

265 2032 604 2104 Ἀρμαθαὶμ
638 2029 944 2102 ἐτέθραπτο
967 2046 983 2062 ο
1014 2031 1088 2094 ὡς
1109 2030 1218 2097 ,καὶ
1243 2033 1270 2083 ὁ
1299 2030 1492 2100 Σωτὴρ
1523 2031 1580 2081 ὲν
1607 2028 1841 2099 Βηθλεὲμ

1957 2041 2228 2095 educatus
2280 2039 2374 2102 sit,
2422 2039 2898 2108 quemadmodum
2951 2038 3114 2093 etiam
3163 2037 3426 2093 Servator
3477 2037 3533 2091 in

249 2125 576 2200 γεννηθεὶς,
603 2123 950 2196 ἐχρημάτισε
997 2123 1096 2176 καὶ
1131 2121 1460 2192 Ναζωραῖος
1493 2119 1592 2189 τῆς
1625 2119 1825 2173 ἀνατοο

1961 2131 2236 2187 Bethleem
2295 2139 2485 2198 natus,
2533 2130 2696 2186 simul
2731 2128 3024 2186 Nazarzeus
3060 2129 3265 2186 dicitur
3307 2137 3535 2200 propter

238 2221 378 2292 φῆς
403 2219 612 2272 ἕνεκεν.
644 2218 705 2273 C.
749 2217 812 2272 ι.
839 2217 936 2288 (α).
1241 2270 1246 2276 .

788 2253 812 2272 η.
839 2217 936 2288 (a).
1241 2270 1246 2276 .
1957 2225 2364 2280 educationem.

327 2307 447 2364 Kal
473 2306 642 2377 φωνὴ
665 2305 856 2375 αὐτῆς
880 2309 992 2361 οὐκ
1020 2305 1294 2374 ἠκούετο.
1327 2306 1438 2375 Τῆς
1460 2305 1661 2374 Ἀννης
1688 2320 1859 2374 προσ-

2028 2316 2199 2375 Vens.
2244 2317 2352 2370 ~15.
2398 2315 2468 2370 Et
2523 2331 2623 2371 uox
2661 2316 2776 2387 ejus
2816 2333 2923 2371 non
2965 2314 3308 2372 audiebatur.
3363 2316 3537 2370 Annze

230 2401 572 2472 ευχομένης
629 2399 698 2453 τὰ
776 2399 931 2470 χείλη
976 2400 1138 2469 μόνον
1191 2399 1446 2461 ἐκινεῖτο,
1480 2395 1634 2467 φωνὴ
1670 2395 1726 2448 δὲ
1757 2395 1806 2448 oi

1961 2424 2156 2479 preces
2213 2407 2684 2464 fundentisJabia
2712 2407 2950 2463 "tantum
2991 2407 3376 2471 movebantur,
3427 2421 3536 2461 vox

226 2493 518 2568 ἠκούετο,
553 2492 727 2545 Πόθεν
745 2492 822 2561 τῷ
854 2493 1169 2562 συγγραφεῖ
1191 2491 1260 2544 τὰ
1291 2490 1514 2562 ῥήματα
1563 2491 1665 2558 τῆς
1691 2503 1802 2556 προ

1963 2509 2142 2556 autem
2181 2515 2288 2555 non
2316 2501 2664 2556 audiebatur.
2699 2498 2818 2556 Jam
2845 2501 3124 2572 quomodo
3155 2501 3396 2570 scriptor
3417 2515 3539 2555 ver-

226 2585 434 2658 ευχῆς
469 2583 782 2654 ἱστόρηται;
813 2583 956 2654 Πλὴν
988 2584 1036 2636 εί
1075 2583 1150 2651 μή
1185 2599 1291 2644 τις,
1347 2579 1424 2642 ὡς
1469 2578 1688 2648 εἴρηται
1749 2575 1802 2644 (‘2

1963 2593 2029 2648 ba
2062 2593 2186 2662 ejus
2217 2592 2357 2648 scire
2378 2593 2597 2663 potuit?
2621 2591 2892 2646 Nimirum
2926 2593 3077 2647 viros
3104 2583 3424 2662 inspiratus,
3455 2590 3536 2644 uti

231 2678 693 2747 συγχωρήσειε,
740 2676 870 2738 τοὺς
926 2673 1414 2744 πλευματοφόρους
1460 2685 1807 2739 συγγεγραφτ

1962 2687 2232 2750 diximus,
2276 2701 2338 2740 ea
2376 2701 2498 2756 qua:
2535 2687 2630 2740 illo
2662 2695 2912 2756 tempore
2957 2693 3284 2748 evenerunt,
3325 2682 3534 2756 Spiritu

227 2774 426 2829 κέναι
452 2770 518 2822 τὰ
551 2767 822 2838 γενόμενα
855 2769 998 2822 κατὰ
1015 2767 1206 2838 καιρὸν
1234 2767 1302 2838 τῇ
1331 2761 1682 2834 δυνάμειτοῦ
1699 2761 1803 2829 ἀγίι

1645 2761 1682 2814 ’ὖ
1699 2761 1856 2829 ἀγίου
1959 2787 2155 2833 sancto
2187 2775 2408 2848 adjutos
2439 2777 2718 2844 retulisse,
2747 2777 3086 2834 credendum
3117 2788 3221 2833 est.

231 2861 611 2930 Πνεύματος.
635 2861 700 2916 C.
732 2859 796 2914 L.
841 2858 946 2931 (2).

333 2953 405 3008 Τί
427 2955 568 3018 ἐστι,
609 2971 627 3004 ι
665 2952 809 3022 Γυνὴ
845 2953 905 3005 ὲν
933 2951 1154 3022 σκληρᾷ
1181 2947 1292 3018 ἐγώ
1344 2949 1494 3018 cipe;
1535 2966 1553 3000 ι
1593 2945 1857 3000 Τουτὲστι

2031 2949 2178 3018 Quid
2201 2959 2312 3017 est,
2353 2969 2372 3002 ι
2405 2950 2600 3007 Mulier
2628 2949 2832 3007 infelix
2865 2966 2968 3017 ego
3027 2951 3194 3008 sum?
3229 2971 3247 3004 ι
3287 2949 3539 3015 Scilicet,

229 3045 658 3114 κεκακωμένη,
693 3043 1056 3116 νηστεύουσα.
1087 3042 1149 3096 C.
1189 3041 1252 3096 L.

1894 3109 1925 3116 _
1962 3043 2194 3100 adversa
2229 3044 2450 3098 fortuna
2484 3053 2668 3105 utens.
2702 3042 2974 3114 jejunium
3000 3059 3170 3114 agens

321 3139 404 3192 Τὸ
464 3109 541 3204 δὲ,
599 3109 692 3208 Μὴ
747 3109 860 3210 ,δῷς
889 3137 988 3208 τὴν
1008 3137 1202 3206 δούλην
1230 3155 1324 3190 σου
1352 3136 1434 3200 είς
1467 3133 1543 3208 (5)
1579 3132 1855 3204 θυγατέρα
1883 3113 1897 3166 ⁴

2031 3122 2161 3202 Pro,
2204 3133 2282 3192 Ne
2316 3143 2546 3206 reputes
2579 3109 2839 3191 ancillam
2877 3109 3122 3191 tuam-ut
3159 3136 3324 3191 filiam
3353 3135 3538 3206 perdi-

231 3233 342 3290 λοί
352 3248 463 3302 μην
499 3229 945 3302 (4),,Θεοδοτξων,
983 3230 1072 3293 Ὠς
1095 3229 1227 3299 μίαν
1251 3228 1358 3282 τῶν
1387 3224 1732 3284 ἀπαιδεύτων
1757 3239 1774 3255 ⁸

1965 3229 2156 3293 tionis,
2189 3227 2532 3284 Theodotion
2567 3228 2750 3293 habet,
2783 3228 2856 3285 Ut
2885 3229 3180 3284 stultarum
3217 3243 3418 3284 unam:
3447 3235 3541 3282 aut

235 3329 457 3396 ὥσπερ
487 3325 578 3378 τὸν
601 3326 842 3396 νοήμονα
869 3323 1021 3391 λέγει
1048 3323 1142 3378 τὸν
1169 3323 1359 3392 σοφὸν,
1376 3322 1522 3377 οὓτω
1547 3321 1640 3374 τὸν
1679 3337 1811 3392 παρ(

1963 3320 2430 3397 quemadmodum
2466 3323 2602 3392 legis
2625 3322 2920 3386 cultorem,
2955 3323 3282 3392 sapientem,
3311 3321 3383 3375 ita
3412 3336 3539 3376 eum

237 3433 436 3490 νομον
471 3417 584 3470 υίδν
601 3414 814 3487 λοιμοῦ.
843 3413 903 3470 C.
934 3413 999 3469 L.

1962 3415 2056 3486 qui
2080 3415 2185 3484 legi
2209 3411 2544 3484 refragatur,
2583 3414 2756 3468 tilium
2797 3414 3123 3484 perditionis
3151 3422 3327 3470 vocat.

867 3523 1124 3579 ΚΕΦΑΛ.
1180 3525 1258 3579 B'.

2599 3522 2758 3581 CAP.
2797 3523 2863 3579 ll.

345 3633 712 3703 Ἐστερεώθη
759 3633 800 3702 ή
865 3633 1082 3702 καρδία
1115 3650 1288 3704 .μου.
1359 3635 1713 3706 Ἀξςάγαστος
1764 3638 1864 3708 τῆς

2035 3635 2204 3694 Vsus.
2247 3637 2298 3692 Ι.
2346 3635 2860 3707 Conﬁrmatum'est
2902 3653 2996 3691 cor
3023 3653 3217 3692 meum.
3247 3635 3538 3692 Canticum

248 3727 474 3788 ’Ἄννας
524 3727 556 3798 ἡ
613 3725 877 3797 ὑμνῳδίας
911 3727 986 3780 Οὐ
1020 3727 1129 3798 γὰρ
1181 3727 1348 3798 μόνον
1387 3731 1474 3800 ἐφ’
1509 3725 1591 3796 οἷς
1637 3731 1824 3802 εἴληφε

1968 3725 2067 3781 hoc
2099 3727 2273 3781 Annae
2315 3727 2544 3798 dignum
2585 3737 2669 3782 est
2697 3725 3089 3781 admiratione.
3116 3725 3233 3780 Non
3265 3725 3411 3780 enim
3441 3740 3544 3795 pro

237 3821 498 3888 ἀνυμνεί
527 3818 618 3872 τὸν
648 3819 862 3890 Δοτῆρα
887 3859 902 3884 ,
924 3819 1060 3874 ἀλλὰ
1084 3821 1184 3875 κα)⁴
1221 3823 1534 3895 προφητείᾳ
1569 3824 1662 3878 τὸν
1693 3823 1813 3896 ὕμν‹

1965 3817 2249 3874 beneficiis
2295 3817 2536 3887 acceptis
2568 3825 2849 3872 auctorem
2886 3815 3050 3871 modo
3087 3817 3356 3871 bonorum
3394 3817 3541 3870 cele-

233 3911 528 3981 ἐκὲρασε,
569 3912 664 3963 καὶ
713 3913 815 3981 τῆς
867 3910 960 3964 τοῦ
1025 3911 1218 3976 παιδὸς
1287 3915 1554 3984 μετέλαϐε
1615 3917 1808 3988 χάριτο

1964 3909 2110 3977 brat,
2139 3908 2236 3965 sed
2275 3908 2442 3964 etiam
2471 3907 2814 3979 prOphetiam
2840 3907 3045 3978 hymno
3061 3907 3366 3972 admiscet;
3400 3921 3540 3976 pne-

229 4002 541 4072 Κυήσασα
564 4001 673 4072 γὰρ
721 4002 1032 4072 ὑποφήτην,
1068 4005 1406 4075 προφητεύει
1449 4006 1591 4076 μετὰ
1640 4006 1732 4061 τὸν
1772 4025 1802 4060 τ

1964 4009 2116 4058 terea
2159 4000 2356 4072 gratiae
2394 4015 2618 4070 quoque
2647 3999 2762 4054 filio
2807 4001 3023 4055 collata:
3065 3999 3345 4070 particeps
3395 3999 3540 4055 facta

229 4109 377 4150 κον.
419 4093 530 4146 Καὶ
581 4093 862 4148 Ἐλισάϐετ
897 4094 954 4148 δὲ
983 4095 1086 4164 τῆς
1125 4096 1381 4150 Ἰωάννου
1413 4097 1677 4168 μετέλαϐε
1707 4098 1805 4170 χάρ

1967 4102 2070 4150 est.
2107 4091 2244 4147 Nam
2299 4107 2422 4147 cum
2465 4093 2786 4162 prophetam
2821 4091 2877 4146 in
2921 4101 3079 4147 utero
3125 4099 3385 4159 gestaret,
3421 4099 3543 4160 post

221 4203 372 4253 τος,
419 4185 513 4239 καὶ
544 4187 578 4258 ἡ
604 4185 794 4258 Μαρία
828 4186 929 4258 τῆς
981 4187 1186 4257 Ἰησοῦ,
1537 4213 1546 4220 -

1964 4196 2210 4260 partum,
2252 4192 2306 4240 et
2351 4186 2468 4256 ipsa
2501 4186 2872 4255 prophetavit.
2917 4183 3011 4238 Sic
3053 4185 3218 4238 etiam
3261 4183 3540 4238 Elisabeth

1871 4286 1914 4322 θ
1965 4279 2197 4336 Joannis
2241 4279 2357 4344 filii,
2393 4286 2450 4334 et
2480 4277 2650 4332 Maria
2683 4278 2892 4334 Christi
2943 4276 3254 4333 Servatoris
3302 4278 3540 4350 gratiam

1965 4371 2342 4444 participavit.

306 4453 690 4525 Κλονουμὲνη
723 4453 820 4508 καὶ
852 4455 934 4517 είς
996 4453 1258 4524 ματαίους
1306 4455 1658 4526 ἐμπίπτουσα
1703 4456 1855 4526 λογι-

1968 4421 1996 4444 r
2034 4421 2280 4518 Confusa
2328 4469 2494 4532 atque
2537 4459 2610 4516 ob
2655 4459 2954 4515 liberorum
3000 4456 3294 4512 orbitatem
3359 4455 3543 4510 stultis

211 4547 442 4621 σμοὺς
466 4545 670 4616 statqu
699 4545 975 4612 ἀπαιδίαν,
1009 4545 1342 4616 ὲπιτυχοῢσα
1385 4546 1486 4618 τῆς
1533 4549 1787 4619 προσευχέ

1969 4555 2390 4627 cogitationibus
2437 4553 2711 4614 incidens,
2755 4559 3044 4620 postquam
3090 4548 3156 4603 ad
3204 4561 3398 4617 preces
3453 4560 3545 4600 ac-

207 4652 375 4704 έστε
390 4639 614 4713 ρέωμαι
646 4639 703 4690 ἐν
731 4635 810 4709 τῷ
833 4637 1248 4708 παρασχομένῳ
1269 4637 1368 4710 τὴν
1401 4639 1685 4693 εὐτεκνίαν
1715 4641 1783 4692 Θε

1964 4646 2146 4712 cessi,
2187 4645 2239 4698 in
2283 4644 2396 4698 Deo
2435 4642 2835 4698 fecunditatem
2906 4632 3173 4711 largiente
3229 4641 3540 4694 confortata

206 4741 312 4811 Τῇ
355 4731 560 4788 πίστει
589 4726 682 4784 οὖν
715 4729 874 4800 δῆλον
901 4729 986 4783 ὅτι
1012 4730 1343 4800 ὲστερὲωται
1365 4770 1380 4795 ,
1417 4729 1579 4801 ἡνίκα
1620 4731 1739 4802 ῇτει
1769 4731 1782 4784 ί

1967 4752 2110 4794 sum.
2152 4735 2288 4792 Fide
2329 4736 2496 4807 igitur
2538 4733 2855 4790 confortata
2901 4741 3010 4798 est,
3053 4747 3177 4788 cum
3225 4740 3435 4796 oraret,
3480 4737 3543 4786 ut

204 4833 428 4902 θῆναι
463 4823 602 4908 αὐτῇ
632 4821 822 4876 τέκνον
847 4821 1078 4891 δωρεάν.
1118 4819 1182 4876 C.
1209 4820 1274 4875 Ι...

1118 4819 1182 4876 C.
1209 4820 1274 4875 L.
1960 4831 2064 4887 sibi
2115 4829 2300 4886 infans
2341 4830 2663 4885 donaretur.

295 4914 718 4980 Ἐπλατύνθη
753 4913 820 4966 τὸ
845 4915 1042 4982 στόμα
1077 4930 1222 4982 μου.
1261 4913 1498 4968 Ἔλαϐον
1521 4913 1678 4983 κὰγω
1707 4916 1854 4988 παῤ-

2037 4922 2342 4977 Dilatatum
2373 4929 2450 4976 est
2476 4938 2535 4976 os
2565 4936 2760 4974 meum.
2787 4919 2902 4992 Ego
2929 4935 3154 4991 quoque
3185 4933 3310 4973 cum
3341 4916 3541 4974 ﬁducia

205 5011 466 5090 ρησίαν
515 5007 694 5060 εἰπεῖν
715 5021 729 5036 ·
759 5005 874 5058 Οὐκ
903 5005 1020 5075 είμὶ
1055 5007 1268 5077 στεῖρα.
1285 5005 1376 5058 Ἐν
1403 4997 1448 5074 ᾧ
1477 5004 1753 5072 ὠνείδιζόν

1965 5026 2190 5082 possum
2229 5011 2417 5066 dicere
2451 5028 2465 5066 :
2505 5011 2622 5065 Non
2669 5025 2792 5064 sum
2831 5009 3059 5065 sterilis.
3115 5005 3198 5063 0b
3241 5007 3345 5062 hoc
3391 5007 3541 5062 enim

199 5089 243 5184 ἦ
284 5099 571 5161 Φενιοάνα
605 5100 699 5152 καὶ
729 5099 778 5152 ot
807 5098 995 5168 αὐτῆς.
1018 5097 1166 5165 Πρὸς
1191 5097 1301 5169 γὰρ
1331 5099 1530 5164 αὐτοὺς
1563 5100 1775 5155 ἀποτειι

1969 5102 2257 5158 Phennana
2292 5103 2525 5173 ejusque
2559 5102 2778 5158 sodales
2809 5117 2935 5157 cum
2967 5089 3261 5156 conviciis'
3273 5115 3360 5155 me
3395 5110 3545 5169 pete-

207 5205 426 5276 μένη,
468 5210 537 5248 τα
579 5193 708 5265 ἑξῆς
751 5209 886 5264 φησι
913 5193 974 5247 τὸ
1007 5210 1026 5244 ι
1057 5191 1150 5265 Μὴ
1178 5191 1480 5262 καυχᾶσθε,
1515 5192 1611 5246 καὶ
1645 5191 1722 5265 μὴ
1753 5192 1783 5246 λ

1963 5195 2114 5250 bant.
2133 5193 2214 5248 Ad
2245 5194 2372 5248 illos
2401 5209 2695 5259 conversa,
2727 5203 2915 5265 postea
2947 5192 3082 5249 dicit
3121 5208 3135 5248 :
3173 5211 3193 5244 ι
3229 5189 3306 5247 Νε
3339 5191 3539 5262 gloria-

201 5299 425 5354 λεῖπε.
466 5285 528 5342 C.
555 5286 617 5340 L.
648 5305 668 5338 ι

1962 5283 2118 5350 mini,
2159 5297 2260 5338 nec
2290 5283 2599 5354 loquimini.
2636 5301 2655 5336 ι

1795 5455 2030 5516 NOTAE.

309 5554 609 5634 (ιὶξοὺφ,
633 5551 1148 5634 θοέμου,σ⁶1εραξιμ,
1188 5551 1442 5634 ᾚλκξινὴ,
1476 5550 1730 5634 ξαμουῄλ
1760 5561 1776 5611 ;
1802 5545 1839 5630 εἰ

1715 5559 1730 5601 ι
1760 5561 1776 5611 ;
1802 5545 1839 5630 ῖζ
1955 5562 2195 5634 gnarum:
2221 5553 2724 5634 deprompsimuse
2743 5555 2947 5634 catena
2993 5553 3291 5634 Lipsiensi.

213 5617 397 5703 τῆξ-
414 5617 573 5703 Aﬁr}.-
1011 5617 1142 5703 ἑξῆς
1169 5617 1446 5703 ministrat.
1484 5617 1583 5674 Ἐπ
1607 5617 1713 5673 τῶν
1745 5619 1840 5672 τοῦ
1957 5617 1982 5623 ⁷
2260 5617 2337 5703 ᾤς
2359 5617 2598 5703 εἴρηται,
2625 5626 2692 5703 οὐ
2725 5627 2990 5703 κεῖται-ὲν
3014 5617 3094 5703 τῷ
3116 5627 3381 5703 τῆςιᾼύγ.
3405 5627 3533 5685 κὼδ.

217 5693 554 5768 Θὲὀδωρὶτ..
589 5693 644 5768 δέ
672 5697 778 5747 εισι
810 5696 916 5768 τῶν
954 5695 1011 5768 ἐν
1036 5693 1343 5768 σεληὲξζξί.--
1460 5761 1470 5768 _
1551 5759 1582 5768 Α
1645 5757 1664 5768 .
1789 5759 1799 5768 _
2023 5694 2100 5765 (4)
2150 5695 2236 5759 Ὠς
2269 5695 2542 5768 θυγατέρα
2577 5695 2833 5767 λύμην;ὀ
2867 5697 2966 5767 τῆς
3001 5697 3132 5768 Λύγ.
3167 5693 3298 5751 tua.

314 5768 422 5840 (εἰ)
455 5757 670 5818 Scholia
714 5779 836 5832 qua:
874 5765 1086 5820 duabus
1117 5764 1266 5820 hisce
1313 5761 1505 5818 litteris
1544 5759 1604 5814 (Ξ.
1644 5757 1704 5812 L.
1758 5759 1834 5814 si-
