3992 6440
201 351 266 414 1
283 362 410 423 085

179 473 378 524 κῶν
418 472 791 545 κηρυγμάτων
815 473 876 528 τὺ
908 473 1293 544 μεγαλόφωνον
1310 513 1326 538 ,
1349 473 1443 525 καὶ
1467 473 1567 542 τὴν
1589 472 1741 526 δευτέ
1752 487 1865 546 ρανί

188 563 580 635 παρουσίαν
624 565 884 634 Χριστοῦ.
914 566 1084 628 Αὐτὸς
1129 565 1261 636 γὰρ,
1292 563 1449 632 φησι,
1483 567 1661 635 κρινεί
1703 564 1850 633 ἄκρα

189 656 366 724 γῆς
407 655 616 719 δίκαιος
653 655 762 710 ὥν·
797 657 877 710 ἔτι
905 657 961 711 δὲ
997 658 1092 710 καὶ
1120 657 1248 718 τοὺς
1287 655 1452 708 αὑτοῦ
1498 656 1638 708 κατὰ
1670 659 1848 726 σάρκα

189 743 560 809 γεγονότας
587 745 884 815 προγόνους
903 785 918 808 ,
947 746 998 798 οἳ
1025 743 1136 798 ἀπὸ
1184 743 1350 796 Δαὸὶδ
1399 744 1564 814 μέχρι
1591 743 1690 810 τῆς
1737 747 1848 814 αἰχ-

211 835 554 904 μαλωσίας
569 834 655 904 διή
666 835 1216 913 ρκεσανΔώσειαγὰρ,
1237 835 1422 907 φησιν,
1449 837 1602 905 ἰσχὺν
1619 838 1730 898 τοῖς
1752 835 1849 905 βα-

215 925 515 979 σιλεῦσιν
558 925 974 996 ήμῶν.’1κανῶς
1007 926 1062 980 δὲ
1096 926 1437 980 συνέστειλεν
1479 926 1572 978 καὶ
1618 924 1726 978 τῶν
1755 927 1850 978 ἐπ-

207 1031 278 1083 η
289 1017 527 1086 ρμένων
559 1017 618 1070 τὸ
645 1017 918 1089 φρόνημα,
943 1019 1124 1072 πᾶσαν
1146 1017 1370 1084 γνῶσιν,
1398 1017 1493 1070 καὶ
1521 1018 1628 1074 πᾶν
1655 1017 1849 1088 ἐπιτή-

195 1102 444 1175 δευμα
479 1106 640 1174 θεῖον,
671 1109 735 1162 ὲκ
761 1109 896 1162 Θεοῦ
926 1111 1266 1182 προειποῦσα
1284 1111 1396 1176 τοῖς
1427 1108 1733 1180 ἀνθρώποις
1753 1111 1848 1178 ὲγ-

199 1194 542 1259 γίνεσθαι.

327 1282 825 1353 Περιεζωσμένον
841 1285 1032 1355 ἐφοὺδ
1048 1287 1171 1356 Βὰρ
1191 1287 1290 1340 καὶ
1313 1284 1589 1340 διπλοΐδα
1605 1283 1846 1355 μικράν.

221 1373 516 1440 Ἀκύλας
562 1379 746 1446 φησὶν,
790 1377 1096 1448 ἐπένδυμα
1143 1377 1472 1447 ἐξαίρετον.
1529 1375 1846 1446 Σύμμαχος,

193 1465 461 1534 ὲφοὺδ
501 1469 736 1534 λινοῦν,
781 1469 879 1523 καὶ
907 1450 1233 1539 ἐφεστρίδα
1255 1468 1500 1540 μικράν.
1534 1468 1847 1532 Θεοδοτίων,

225 1557 460 1626 Ἐφὼδ
507 1560 641 1630 Bap,
671 1563 764 1614 καὶ
809 1562 1150 1631 ἐπενδύτην
1196 1562 1430 1632 μικρόν.
1451 1561 1613 1616 Ἀλλὰ
1659 1559 1777 1624 πῶς
1821 1561 1850 1614 ό

200 1645 546 1716 Σαμουὴλ,
568 1647 798 1720 Δευΐτης
823 1649 924 1717 ὢν,
949 1650 1028 1721 τῷ
1056 1651 1220 1720 ὲφοὺδ
1247 1647 1542 1721 ὲκέχρητοζ
1575 1651 1720 1721 μόνῳ
1742 1649 1848 1723 γὰρ

198 1735 551 1808 ἀφώριστο
577 1738 658 1811 τῷ
687 1741 958 1813 ἀρχιερεῖ.
995 1743 1152 1807 Εἰκὸς
1185 1737 1278 1796 οὖν
1307 1741 1400 1796 τὸν
1433 1741 1554 1795 Ἦλὶ
1576 1741 1674 1812 τὴν
1699 1741 1850 1794 θείαν

201 1829 420 1900 αὐτῷ
463 1831 623 1901 χάριν
663 1833 1006 1889 ἐπανθοῦσαν
1045 1835 1352 1906 ἑωρακότα,
1385 1833 1481 1888 καὶ
1527 1832 1846 1906 παραδόξως

203 1921 555 1992 τεχθέντα,
583 1924 679 1978 καὶ
715 1923 822 1996 πρὸ
850 1925 1054 1980 ὠδίνων
1083 1925 1524 1996 ἐπαγγελθέντα,
1555 1925 1649 1978 καὶ
1695 1924 1842 1978 ἔνδον

205 2011 309 2062 ἐν
355 2012 428 2082 τῇ
461 2009 582 2082 θείᾳ
613 2017 788 2085 σκηνῇ
820 2014 1158 2086 τρεφόμενον
1182 2055 1198 2080 ,
1229 2014 1304 2077 ὡς
1336 2012 1496 2083 ἁγίῳ,
1530 2013 1626 2066 καὶ
1654 2009 1847 2074 Ναξω·

207 2102 435 2174 ραίῳ,
469 2103 545 2167 ὡς
579 2103 674 2157 καὶ
697 2103 938 2175 τοῦνομα
970 2105 1154 2176 δηλοῖ,
1185 2105 1279 2158 καί⁷
1307 2105 1504 2176 κομιδῇ
1545 2102 1651 2174 νέῳ
1681 2119 1846 2174 μετα-

197 2193 457 2250 δοῦναι
486 2194 716 2265 ταύτησι
747 2195 850 2266 τῆς
877 2197 1064 2268 τιμῆς.
1095 2197 1195 2251 Διὰ
1223 2195 1279 2248 δὲ
1307 2195 1401 2249 τοῦ
1427 2194 1589 2264 ὲφοὺδ
1621 2193 1848 2247 πλεῖστα

206 2287 573 2359 προεδήλου
601 2288 710 2343 τῶν
735 2287 1120 2360 ἀγνοουμένων
1145 2288 1175 2342 ό
1200 2287 1354 2353 Θεός.

312 2567 521 2640 Elaea,
552 2571 618 2626 '0
643 2567 808 2638 οἶκός
845 2587 997 2638 σου,
1039 2571 1138 2627 καί
1183 2572 1220 2626 δ
1260 2564 1441 2636 οἶκος,
1477 2568 1584 2624 τοῦ
1623 2569 1848 2638 πατρός

194 2681 405 2723 σου.
445 2663 606 2716 Δοκεῖ
649 2661 748 2733 μὲν
789 2663 824 2733 ἠ
871 2661 1181 2734 πρόρρησις
1223 2659 1286 2714 τὺ
1329 2659 1521 2714 τούτου
1550 2657 1704 2726 γένος
1747 2657 1847 2726 τῆς

200 2751 678 2830 ἀρχιερωσύνης
736 2751 999 2822 γυμνρῦν.
1049 2750 1358 2806 Αίνίττεται
1409 2749 1468 2803 δὲ
1513 2748 1697 2818 πάσης
1745 2747 1846 2817 τῆς

182 2836 565 2912 ἼἸουδαϊκῆς
595 2841 694 2914 τὴν
723 2841 944 2896 παῦσιν.
1001 2838 1170 2898 Εἶπον
1198 2841 1329 2912 γὰρ,
1373 2842 1558 2914 φησὶν,
1603 2841 1663 2896 Ὅ
1699 2837 1847 2906 οἶκός

206 2953 379 3001 σου,
417 2935 512 2987 καὶ
536 2935 565 2988 ό
587 2929 734 2998 οἶκος
761 2933 854 2986 τοῦ
881 2934 1088 3002 πατρός
1109 2951 1226 2998 σου,
1255 2935 1588 2988 διελεύσεται
1617 2933 1846 2989 ἐνώπιόν

211 3045 366 3099 μου
401 3023 508 3086 ἕως
545 3023 764 3088 αἰῶνος.
795 3023 966 3077 Τοῦτο
993 3023 1050 3078 δὲ
1089 3025 1151 3077 οὐ
1183 3023 1262 3094 τῷ
1293 3024 1523 3095 Ἰθάμαρ
1555 3023 1842 3094 ὑπέσχετο,

205 3115 401 3176 ἀλλὰ
435 3114 516 3186 τῷ
551 3115 786 3188 Ἀαρών.
817 3113 1027 3168 Οὐκοῦν
1053 3113 1192 3167 κατὰ
1217 3113 1396 3183 πάσης
1423 3113 1603 3168 αὐτῶν
1627 3113 1843 3186 άπεφῄ-

208 3224 394 3266 νσιτο
419 3205 519 3274 τῆς
547 3207 742 3278 φυλῆς,
769 3207 866 3260 καὶ
893 3207 1162 3276 μαρτυρεί
1188 3205 1258 3259 τὰ
1287 3205 1560 3277 ὁρώμενα.

320 3299 443 3356 Καὶ
470 3298 766 3366 ἐπιϐλέψῃ
791 3299 1132 3367 κραταιωμα
1167 3295 1350 3352 ναῶν.
1391 3297 1464 3351 Τὸ
1494 3297 1658 3367 ῥητὸν
1684 3299 1846 3368 ἠστε-

223 3409 470 3464 ρισται,
496 3391 634 3460 ὅπερ
667 3389 839 3452 οὕτως
868 3388 1099 3453 ἐξέδωκε
1127 3388 1571 3458 Σύμμαχος.Καὶ
1593 3387 1699 3460 ὄψῃ
1727 3387 1844 3441 θλῖο

221 3490 348 3557 ψιν
367 3483 741 3553 κατοικήσεως
765 3483 821 3534 ἐν
846 3479 1005 3533 παντὶ
1028 3472 1072 3546 ᾧ
1097 3479 1588 3551 εύεργετηθὴσεται
1604 3478 1841 3550 Ἰσραήλ.

225 3578 290 3628 Τ
303 3573 424 3634 ut;
452 3570 530 3634 δὲ,
563 3569 900 3638 κραταίωμα
927 3567 1032 3634 ὢν,
1063 3567 1348 3638 ὲκθέμενοι
1375 3567 1549 3632 οὕτως
1583 3570 1846 3648 ὲρμὴνευ-

235 3678 394 3716 σανο
436 3659 545 3714 Τοῦ
575 3659 749 3727 ὄντος
789 3659 953 3730 λέγει
984 3659 1152 3714 Θεοῦ.
1171 3659 1314 3728 Ἐγὼ
1339 3659 1450 3730 γὰρ
1479 3657 1620 3728 and;
1655 3661 1841 3730 φησιν,

229 3759 276 3810 ὁ
324 3754 436 3807 ῶν.
473 3751 675 3807 Τούτου
725 3751 1058 3824 κραταίωμα
1097 3753 1338 3823 κέκτηκε
1381 3753 1483 3822 τὴν
1520 3751 1840 3824 ἱερωσύνην,

225 3846 358 3914 τὴν
408 3845 552 3898 κατὰ
597 3843 698 3916 τὴν
740 3844 894 3912 τάξιν
925 3843 1282 3914 Μελχισεδέκ.
1315 3844 1484 3908 Δίκας
1511 3843 1585 3897 ’δὲ
1629 3845 1844 3897 τέτικεν

226 3933 404 4004 ὑπὲρ
447 3932 554 3986 τῶν
583 3933 788 3987 παίδων
820 3932 959 3988 Ἦλί.
999 3932 1112 3986 Καὶ
1143 3931 1318 3986 ταῦτα
1358 3931 1696 4003 παραινέσας
1743 3931 1843 3985 αύ-

219 4028 369 4088 τοῖς
399 4023 474 4079 τὰ
503 4026 871 4098 προσήκοντα.
902 4025 976 4080 Οὐ
1009 4023 1122 4096 γὰρ
1149 4025 1258 4078 ἔδει
1289 4022 1502 4086 τούτοις
1523 4023 1842 4094 πραοτέρων

221 4117 596 4189 φαρμάκων.
613 4115 780 4170 Ἀλλὰ
805 4115 942 4186 μετὰ
977 4112 1202 4187 πρώτην
1231 4113 1324 4168 καὶ
1351 4113 1608 4184 δευτέραν
1637 4111 1841 4182 παραί-

217 4223 411 4262 νεσιν
461 4207 570 4261 τῶν
618 4206 781 4278 ἱερῶν
830 4205 1136 4278 περιϐόλων
1173 4207 1350 4277 ἐχρῆν
1395 4203 1838 4260 ἀπελαύνεσθαιο

224 4301 605 4371 παρανομεῖν
631 4299 738 4370 γὰρ
765 4298 863 4354 καὶ
889 4299 1016 4362 τοὺς
1040 4297 1235 4363 ἄλλους
1261 4297 1558 4354 ἐδίδασκον.

294 4659 442 4722 Καὶ
469 4659 796 4732 ἀναστήσω
819 4658 1054 4732 ἐμαυτῷ
1073 4658 1230 4732 ἱερέα
1257 4660 1493 4716 πιστόν.
1533 4658 1720 4715 Ταῦτα
1742 4661 1842 4734 ἁρ-

213 4761 453 4834 μόττει
498 4753 802 4826 ἀνθρώπων
839 4753 939 4824 μὲν
983 4753 1178 4818 οὐδενὶ,
1215 4752 1365 4824 μόνῳ
1409 4753 1466 4808 δὲ
1518 4753 1598 4824 τῷ
1650 4754 1842 4826 Κυρίῳ

207 4848 421 4925 ἡμῶν
461 4843 636 4914 Ἰησοῦ
669 4843 912 4917 Χριστῷ,
938 4843 999 4908 ὃς
1030 4845 1322 4916 ἀρχιερεὺς
1342 4845 1376 4914 ὴ
1387 4842 1502 4913 μῶν
1521 4843 1838 4918 ὠνομάσθη,

205 4947 332 5016 τὴν
370 4936 526 5010 ὑπὲρ
552 4935 710 5009 ἡμῶν
729 4935 922 4990 θυσίαν
946 4935 1235 5008 ἀναφέρων
1261 4933 1338 5008 τῷ
1356 4935 1550 5006 Πατρί.
1571 4937 1841 5008 Χριστοὺς

205 5037 277 5090 δὲ
317 5027 478 5092 τοὺς
511 5027 694 5097 ἱεροὺς
721 5027 1058 5092 ἀποστόλους
1085 5029 1264 5094 καλεῖ,
1296 5029 1542 5094 καὶτοὺς
1567 5030 1666 5101 τὴν
1691 5030 1838 5084 ὲκεί-

206 5139 344 5182 νων
427 5116 844 5188 διαδεξαμένους
899 5117 1268 5174 διδασκαλίαν.
1325 5119 1548 5191 Χριστῷ
1597 5119 1696 5190 μὲν
1743 5115 1839 5175 οὖν

210 5211 466 5287 κυρίως
491 5207 770 5280 προσῆκεν
796 5210 832 5279 ἡ
864 5209 1192 5281 πρόρρησις,
1219 5209 1363 5264 κατὰ
1391 5209 1447 5264 δὲ
1475 5209 1575 5280 τὴν
1602 5211 1839 5282 ἱστορίαν

209 5308 306 5381 τῷ
352 5299 614 5366 Σαδοὺκ,
648 5299 709 5364 ὃς
748 5302 814 5354 ἐκ
844 5299 940 5354 τοῦ
976 5300 1246 5374 Ἐλεάζαρ
1277 5303 1534 5373 κατάγων
1568 5302 1630 5356 τὸ
1659 5304 1835 5371 γένος,

217 5402 334 5472 τὴν
392 5392 809 5466 ἀρχιερωσύνην
843 5393 931 5448 διὰ
965 5393 1063 5448 τοῦ
1101 5395 1448 5467 Σολομῶντος
1485 5393 1723 5462 ἐδέξατο.

847 5573 1098 5626 ΚΕΦΑΛ.
1141 5574 1216 5630 Γ’.

309 5660 444 5720 Καὶ
469 5664 500 5716 ό
527 5664 756 5732 λύχνος
779 5665 886 5720 τοῦ
911 5666 1058 5722 Θεοῦ
1089 5666 1268 5736 πρινὴ
1295 5669 1830 5741 ἐπισκευασθῆναι.

211 5757 546 5812 ,Δεικνυσιν
587 5753 664 5819 ὡς
711 5756 872 5822 εὐθὺς
921 5757 1062 5829 μετὰ
1105 5759 1202 5831 τὴν
1246 5761 1483 5832 ἑσπέραν
1513 5763 1833 5835 ἀρξαμένων

1277 361 1812 425 COMMENTARII
1851 363 1932 425 ΙΝ
1978 366 2126 426 LIB.
2157 365 2183 425 Ι
2209 363 2502 426 REGUM.

3390 361 3526 425 108')

1879 478 1921 532 Α
1950 472 2271 542 apostolicae
2286 487 2570 540 successu,
2599 470 2778 542 deque
2802 469 3050 526 secundo
3067 467 3306 526 adventu
3329 468 3524 526 Chris-

1949 562 2010 618 ti.
2049 563 2170 632 Ipse
2209 563 2354 618 enim
2393 577 2521 617 cum
2575 563 2762 632 justus
2800 561 2895 624 sit,
2934 561 3134 631 inquit,
3169 561 3434 631 iudicabit
3466 562 3526 615 ti-

1949 669 2047 710 nes
2076 661 2258 710 terras.
2293 653 2564 710 Praeterea
2589 655 2754 709 etiam
2781 651 2848 709 de
2885 653 3188 720 majoribus
3227 653 3404 725 ipsius
3434 667 3525 709 se-

1947 747 2190 801 cundum
2223 761 2469 811 carnem,
2503 747 2596 815 qui
2625 761 2658 800 a
2695 746 2898 801 Davide
2928 760 3104 816 usque
3137 743 3204 799 ad
3237 745 3524 815 captivita«

1948 845 2056 892 tem
2083 838 2442 892 duraverunt.
2477 835 2633 892 Dabit
2665 837 2809 892 enim
2833 837 3029 904 robur,
3073 836 3279 906 inquit,
3303 837 3522 907 regibus

1948 928 2187 982 nostris.
2219 927 2540 982 ‘Commode
2583 935 2766 982 autem
2806 927 3047 993 illorum,
3084 927 3180 998 qui
3221 925 3524 982 eﬂ'ernntnr

1949 1022 2178 1091 spiritus
2227 1022 2604 1091 compescuit,
2644 1037 2860 1078 omnem
2911 1023 3206 1087 notitiam,
3252 1037 3522 1093 omneque

1947 1113 2194 1172 discendi
2216 1114 2480 1180 studium,
2499 1113 2649 1169 aDeo
2673 1113 2987 1170 hominibus
3002 1114 3182 1170 inesse
3197 1113 3520 1185 praedicens.

2021 1292 2186 1348 Vens.
2218 1291 2306 1346 18.
2340 1290 2628 1346 Accinctus
2661 1289 2830 1359 ephod
2862 1289 2999 1356 Bar,
3036 1297 3088 1344 et
3121 1306 3286 1360 parva
3317 1290 3520 1344 tunica.

1947 1389 2145 1460 Aquila
2183 1388 2408 1458 exponit
2442 1385 2720 1456 ὲπένδυμα
2771 1385 3054 1456 ἐξαίρετον
3078 1425 3094 1448 ,
3141 1386 3522 1441 indumentum

1949 1481 2186 1550 insigne.
2220 1477 2608 1550 Symmachus,
2647 1475 2815 1546 ephod
2865 1476 3086 1540 lincunt,
3115 1485 3166 1530 et
3209 1486 3400 1532 vestem
3429 1490 3524 1530 ex-

1949 1573 2234 1633 teriorem,
2257 1571 2374 1626 sive
2391 1570 2616 1639 pallium
2642 1582 2892 1638 parvum.
2919 1565 3280 1632 Theodotion,
3306 1566 3520 1638 Ephod,

1947 1660 2078 1722 Bar,
2113 1655 2413 1728 ἐπενδύτην
2441 1657 2660 1728 μικρόν.
2688 1655 2796 1712 Sed
2826 1656 3104 1727 quomodo
3136 1653 3380 1723 Samuel,
3417 1656 3524 1711 Le-

1948 1751 2061 1806 vita
2092 1765 2218 1805 cum
2251 1747 2440 1810 fuerit,
2471 1747 2594 1820 ipso
2645 1747 2825 1819 ephod
2851 1763 2986 1804 usus
3005 1754 3110 1811 est,
3133 1747 3278 1816 quod
3305 1762 3524 1802 summo

1879 1821 1923 1878 Β
1947 1839 2214 1896 duntaxat
2243 1836 2486 1909 pontiﬁci
2506 1836 2846 1908 assignatum
2874 1836 3000 1894 fuit.
3031 1835 3338 1892 Verisimile
3358 1837 3524 1906 igitur

1947 1939 2050 1996 est,
2077 1929 2198 1984 Heli
2224 1929 2466 1985 divinam
2494 1928 2728 1999 gratiam
2749 1969 2763 1994 ,
2789 1943 2898 1998 qua
2919 1943 3051 1996 puer
3072 1927 3324 1993 ﬂorebat,
3365 1927 3418 1982 in
3456 1940 3525 1982 eo

1947 2021 2333 2078 considerasse
2357 2036 2373 2086 ;
2399 2020 2552 2083 item,
2577 2017 2728 2088 quod
2753 2019 3084 2074 mirabiliter
3117 2018 3174 2074 in
3199 2019 3374 2074 lucem
3404 2017 3528 2074 edi-

1946 2121 2272 2180 tus,etante
2299 2120 2516 2182 partum
2551 2111 2848 2181 praedictus
2876 2118 3045 2166 esset.
3064 2107 3331 2165 Praeterea
3359 2110 3414 2163 in
3441 2117 3524 2164 ta-

1947 2203 2244 2260 bernaculo
2257 2201 2471 2258 Domini
2501 2201 2768 2264 enutrito,
2801 2209 2985 2269 utpote
2999 2209 3214 2266 sancto,
3237 2199 3519 2265 Nazararo,

1943 2303 1998 2351 et
2017 2310 2045 2349 a
2067 2293 2174 2349 Deo
2195 2293 2496 2364 postulato,
2523 2291 2580 2345 id
2603 2291 2772 2362 (quod
2796 2298 2993 2346 nomen
3009 2291 3129 2360 ejus
3151 2291 3312 2346 etiam
3337 2291 3520 2346 decla—

1944 2389 2078 2458 rat.)
2117 2387 2264 2443 hunc
2313 2387 2481 2442 etiam
2505 2387 2779 2457 honorem
2818 2385 3102 2454 probabile
3129 2395 3213 2439 est
3237 2383 3519 2438 habuisse.

1942 2479 2210 2535 Caeterum
2233 2493 2329 2548 per
2361 2475 2537 2548 ephod
2566 2475 2711 2532 Deus
2743 2476 2914 2531 multa
2938 2490 3138 2530 arcana
3168 2475 3520 2546 praedicebat.

2013 2567 2185 2624 Vens.
2215 2568 2306 2623 2⁸7.
2338 2567 2488 2630 Dixi,
2521 2565 2724 2620 Domus
2759 2575 2874 2630 tua,
2909 2575 2960 2622 et
2985 2566 3176 2620 domus
3200 2565 3370 2634 patris
3411 2565 3514 2630 tui,

1944 2659 2071 2715 Haec
2103 2659 2388 2730 pradictio
2417 2658 2634 2713 videtur
2666 2654 2937 2711 familiam
2979 2655 3096 2712 Heli
3129 2670 3346 2712 summo
3377 2670 3520 2725 pon-

1944 2753 2153 2806 tiﬁcatu
2183 2750 2342 2820 511
2377 2749 2636 2820 dejicere.
2670 2746 2928 2804 Latcnter
2952 2763 3084 2803 vero
3117 2748 3284 2802 totius
3307 2746 3520 2802 Judaici

1945 2842 2239 2900 sacerdotii
2273 2842 2434 2896 tinem
2473 2839 2674 2896 innuit.
2708 2838 2832 2894 Dixi
2871 2839 3041 2901 enim,
3069 2839 3288 2909 inquit:
3315 2836 3522 2894 Domus

1947 2945 2064 2996 tua,
2095 2942 2149 2988 et
2183 2935 2386 2987 domus
2421 2932 2596 3002 patris
2630 2933 2734 2997 tui,
2763 2929 3066 2986 ambulabit
3091 2945 3275 2984 coram
3315 2945 3401 2983 me
3430 2945 3524 2985 us-

1944 3041 2052 3096 que
2085 3025 2138 3078 in
2168 3027 2594 3093 sempiternum.
2624 3023 2681 3078 Id
2725 3030 2908 3077 autem
2942 3036 3052 3076 non
3084 3020 3360 3075 lthamaro
3394 3035 3524 3091 pro-

1869 3153 1914 3213 α
1948 3117 2118 3180 misit,
2153 3114 2246 3170 sed
2272 3114 2500 3170 Aaroni.
2536 3113 2593 3168 In
2620 3122 2735 3169 tota
2757 3115 2945 3202 itaque
2970 3114 3122 3168 tribu
3155 3113 3403 3183 ipsorum
3425 3127 3527 3168 ex-

1949 3207 2156 3278 posuit,
2183 3214 2233 3262 et
2269 3213 2512 3262 testatus
2543 3202 2629 3261 est
2684 3194 3052 3275 quae'viderit.

2019 3297 2187 3356 Vens.
2213 3299 2305 3356 3‘2.
2331 3299 2572 3368 Aspicies
2607 3297 2923 3368 templorum
2955 3297 3373 3365 ﬁrmamentum.
3397 3293 3537 3352 Hm

1949 3389 2114 3444 verba
2151 3389 2420 3444 asterisco
2443 3387 2650 3458 [notata
2687 3398 2840 3451 sunt,
2877 3401 3004 3456 qua:
3039 3385 3412 3456 Symmachus
3441 3385 3524 3440 sic

1949 3480 2190 3536 reddidit
2219 3479 2476 3535 :Videbis
2527 3479 2839 3548 angustiam
2868 3477 3250 3542 habitationis,
3289 3478 3343 3532 in
3369 3477 3522 3532 omni

1949 3587 2036 3638 eo,
2071 3571 2128 3626 in
2163 3585 2274 3642 quo
2293 3569 2462 3626 Israel
2489 3570 2756 3626 beneficio
2807 3567 3103 3624 adiciatur.
3129 3562 3361 3634 Quidam
3391 3581 3524 3621 vero

1950 3661 2276 3734 κραταίωμα
2305 3657 2381 3713 ὢν
2413 3663 2780 3730 exponentes,
2807 3657 2876 3713 ad
2909 3659 3056 3714 hunc
3092 3658 3317 3714 modum
3344 3659 3523 3713 inter-

1951 3753 2154 3825 pretati
2194 3758 2358 3807 sunt:
2382 3749 2492 3806 Τοῦ
2527 3749 2682 3815 ὄντος
2713 3750 2864 3820 λέγει
2896 3748 3056 3814 Θεοῦ,
3087 3748 3144 3804 id
3178 3757 3286 3814 est,
3313 3747 3406 3802 Dei
3435 3747 3524 3806 di-

1953 3846 2056 3912 cit,
2099 3844 2194 3915 qui
2230 3843 2474 3900 exsistit.
2509 3841 2624 3915 Ego
2670 3843 2817 3899 enim
2847 3858 2989 3906 sum,
3035 3841 3234 3912 inquit,
3261 3839 3282 3913 [
3309 3843 3338 3894 ό
3373 3839 3522 3913 dm]

1947 3943 2039 4014 qui
2084 3957 2224 3997 sum.
2244 3939 2396 3998 Illius
2415 3937 3130 4008 tirmamentum‘appellavit
3151 3935 3522 3992 sacerdotium

1947 4031 2092 4103 quod
2149 4043 2234 4088 est
2288 4030 2592 4086 secundum
2637 4029 2887 4084 ordinem
2945 4025 3339 4081 Melchisedec.
3400 4023 3520 4079 Heli
3583 4058 3604 4068 ι

1948 4133 2156 4189 autem,
2194 4123 2322 4179 licet
2356 4122 2497 4178 ﬁlios
2529 4121 2598 4176 ad
2626 4121 2858 4177 honesta
2881 4117 3058 4173 otIicia
3081 4117 3410 4173 adhortatus
3426 4118 3521 4180 sit,

1949 4226 2133 4272 tamen
2166 4231 2266 4288 pro
2296 4216 2376 4271 eis
2401 4229 2591 4286 pmnas
2622 4211 2903 4287 pependit.
2929 4209 3051 4264 Non
3075 4203 3219 4265 enim
3248 4210 3423 4264 lenem
3454 4209 3522 4263 il-

1947 4311 2016 4366 lis
2053 4308 2322 4364 medelam
2357 4302 2628 4360 adhibere
2657 4302 2986 4375 oportebat;
3031 4300 3150 4364 sed,
3196 4308 3320 4371 post
3355 4314 3519 4354 unam

1946 4410 2002 4457 et
2031 4401 2258 4455 alteram
2303 4395 2764 4461 admonitionem,
2805 4410 2836 4450 a
2858 4392 3216 4448 sacerdotum
3251 4391 3520 4462 dignitate

1864 4499 1912 4555 ι)
1941 4489 2226 4546 amovendi
2255 4495 2412 4544 erant
2445 4503 2460 4542 :
2492 4486 2796 4559 praesertim
2829 4499 2955 4540 cum
2988 4483 3114 4540 aliis
3157 4483 3322 4538 etiam
3372 4482 3520 4553 leges

1944 4580 2181 4638 violandi
2215 4579 2561 4634 occasionem
2597 4577 2924 4648 praeberent.

2013 4668 2185 4726 Vsus.
2219 4668 2310 4724 35.
2343 4666 2628 4724 Suscitabo
2651 4665 2778 4720 mihi
2810 4665 2914 4734 ipsi
2930 4665 3260 4720 sacerdotem
3285 4663 3520 4726 ﬁdelem.

1942 4760 2072 4817 Haec
2106 4760 2314 4816 nemini
2350 4759 2598 4813 omnium
2635 4757 2978 4825 mortalium,
3011 4755 3108 4812 sed
3141 4755 3246 4812 soli
3289 4755 3518 4812 Domino

1941 4861 2135 4909 nostro
2170 4850 2297 4906 Jesu
2330 4850 2562 4906 Christo
2589 4853 2936 4920 competunt,
2966 4847 3058 4916 qui
3087 4861 3212 4903 cum
3241 4846 3393 4902 Patri
3421 4863 3520 4918 pro

1939 4943 2103 5000 nobis
2137 4943 2420 4997 victimam
2454 4939 2776 5004 obtulisset,
2821 4953 3078 4993 summus
3105 4945 3296 4993 noster
3340 4939 3510 5008 ponti-

1941 5035 2031 5092 fex
2081 5035 2394 5107 appellatus
2427 5042 2534 5088 est.
2575 5031 2830 5089 Christus
2881 5039 3088 5095 autem,
3139 5030 3258 5085 sive
3297 5038 3516 5095 unctos,

1939 5135 2168 5184 sanctos
2193 5126 2478 5199 apostolos
2503 5129 2686 5189 vocat,
2717 5131 2773 5178 et
2802 5121 2930 5178 illus
2968 5121 3062 5191 qui
3099 5119 3412 5176 doctrinam
3439 5121 3520 5192 ip.

1939 5235 2127 5282 eorum
2175 5217 2610 5290 amplectuntur.
2663 5213 2888 5272 Christo
2935 5211 3105 5284 igitur
3152 5212 3407 5282 proprie,
3462 5220 3519 5266 et

1937 5309 2342 5382 principaliter,
2380 5307 2487 5364 hoc
2529 5305 2848 5362 vaticinium
2894 5303 3180 5369 convenit;
3211 5303 3518 5359 secundum

1935 5399 2223 5456 historiam
2254 5407 2459 5465 autem,
2483 5393 2828 5466 Sadoco,qui
2855 5392 2924 5448 ah
2937 5390 3198 5448 Eleazaro
3215 5407 3387 5463 genus
3417 5394 3518 5450 du-
3607 5425 3622 5438 ι

1935 5506 2089 5562 cens,
2103 5507 2199 5564 per
2219 5491 2568 5548 Salomonem
2591 5503 2868 5545 summum
2883 5474 3264 5557 pontiﬁcatum
3281 5488 3516 5561 accepit.

2585 5579 2738 5637 CAP.
2774 5579 2864 5636 Ill.

2006 5672 2178 5730 Vens.
2217 5674 2272 5729 5.
2309 5672 2378 5728 Et
2430 5673 2748 5744 priusquam
2800 5671 3020 5728 lucerna
3065 5670 3168 5728 Dei
3209 5677 3518 5741 purpurata

1932 5775 2088 5822 esset.
2139 5764 2430 5832 Quomodo
2483 5763 2630 5821 Deus
2694 5763 3012 5836 apparuerit
3060 5763 3346 5828 Samueli,
3388 5775 3516 5818 cum
