3992 6388
550 382 690 451 103i

1885 381 2242 446 PROCOPII
2277 384 2522 446 GAZEI

3709 393 3884 460 1092'.

547 503 790 556 ﬁliorum
825 495 934 553 Deo
955 509 1151 568 pmnas
1175 494 1467 566 persolvit,
1497 493 1959 566 quemadmodum
1989 493 2147 550 Heli?

2264 497 2580 570 ίΣαμουὴλ,
2617 497 2809 566 ὥσπερ
2844 497 3004 564 ἭλΞ;
3054 497 3122 553 τὰ
3172 500 3378 555 τούτων
3425 500 3612 556 τοίνυν
3659 508 3885 578 ἀδική-

550 591 649 645 lilii
711 586 988 643 Samuelis
1047 587 1100 641 in
1157 585 1414 642 homines
1469 585 1752 655 iniuriosi,
1801 586 1900 641 lilii
1956 597 2143 642 autem

2264 606 2402 656 ματα
2425 585 2514 661 ἦν,
2550 591 2651 643 οὐκ
2679 590 3026 661 ἀσεϐήματα,
3063 589 3317 661 καθάπερ
3350 591 3606 656 ἐκείνων,
3641 597 3697 648 οἱ*
3735 599 3884 663 ταῖς

417 708 435 714 -
546 679 756 755 lleliin
795 677 962 732 Deum
995 676 1150 747 impii
1183 676 1428 732 fuerunt.
1471 674 1538 730 Hi
1589 676 1840 742 libidine,
1883 683 1940 732 et
1981 677 2146 732 luxu-

2247 681 2533 750 λαγνείαις
2583 681 2683 753 τὴν
2727 682 2881 736 Θείαν
2927 682 3138 754 σκηνὴν
3181 683 3594 754 κατεμόλωνον.
3646 692 3750 740 καὶ
3799 690 3886 744 τὰ

547 771 652 833 ria,
694 767 1110 824 tabernaculum
1149 766 1364 821 Domini
1395 765 1784 836 profanabant,
1837 775 1896 822 et
1941 767 2146 839 primas

2264 780 2496 849 πρωτεῖα
2525 778 2638 832 τῶν
2673 779 2891 852 ἱερείων
2920 777 3268 852 ύφήρπαζον.
3304 773 3467 834 Οὗτοι
3496 780 3554 833 δὲ
3574 821 3590 844 ,
3623 781 3885 853 δωροδο-

547 859 949 917 sacriliciorum
991 867 1177 928 partes
1209 857 1517 927 rapiebant.
1553 857 1623 912 At
1667 857 1746 912 illi
1779 863 2142 922 accusantur,

547 949 692 1021 quod
741 948 1067 1004 muneribus
1101 947 1351 1018 corrupti
1385 947 1612 1003 fuerint.
1649 946 1704 1002 Id
1733 946 1960 1003 Samuel
1986 947 2146 1018 igno-

547 1045 713 1110 ravit,
742 1043 934 1114 procul
963 1044 1112 1098 enim
1161 1058 1189 1096 a
1222 1042 1350 1098 filiis
1383 1041 1616 1112 degebat
1666 1043 1721 1098 in
1769 1041 2146 1106 Ramathaim,

548 1135 660 1191 illis
707 1137 762 1189 in
794 1134 1090 1190 Bersabete
1125 1133 1538 1188 habitantibus.

621 1227 790 1285 Vnus.
827 1228 914 1282 10.
941 1227 1009 1282 Et
1040 1227 1254 1282 verbum
1279 1237 1399 1282 erat
1428 1243 1649 1298 pravum
1676 1242 1861 1282 coram
1880 1224 2148 1282 Samuele.

546 1328 657 1376 etc.
694 1319 858 1391 Regis
891 1321 1038 1375 enim
1072 1319 1266 1390 petitio
1300 1318 1405 1389 legi
1447 1319 1649 1373 divinae
1680 1325 1972 1389 repugnat.
2009 1317 2152 1373 Deus

549 1412 755 1483 populo
816 1411 966 1482 regis
1015 1411 1142 1466 loco
1192 1420 1335 1476 erat,
1386 1410 1652 1480 propheta
1706 1424 1839 1466 vero
1897 1409 2154 1464 minister

547 1511 692 1566 erat,
745 1501 928 1573 qualis
979 1512 1065 1556 est
1122 1501 1448 1572 imperator,
1485 1501 1702 1566 consul,
1765 1499 1851 1556 vel
1887 1501 2151 1558 tribunus

551 1594 753 1664 plebis.

1153 1681 1387 1737 CAPUT
1445 1680 1542 1737 IX.

622 1775 798 1834 Visus.
841 1777 896 1831 Ι.
947 1773 1038 1828 Vir
1068 1791 1315 1846 magnus,
1363 1787 1412 1828 et
1447 1773 1634 1828 bonus.
1672 1775 1792 1829 Non
1827 1772 1998 1828 animi
2033 1775 2150 1830 vir-

2249 868 2377 922 κίαν
2409 869 2850 941 κατηγοροῦνται
2870 886 2886 902 ·
2925 871 3024 923 καὶ
3063 869 3270 942 ταύτην
3300 870 3540 940 ἠγνόησε
3573 873 3876 944 Σαμουὴλ.

2255 958 2412 1030 ’ᾩκει
2444 957 2556 1030 γὰρ
2592 961 2786 1031 πόρῤω
2817 958 2929 1013 τῶν
2959 959 3166 1015 παίδων
3197 961 3256 1012 ὲν
3285 959 3599 1032 ’Δρμαθὲμ,
3631 962 3875 1018 ἐκείνων

2250 1048 2550 1103 οἰκούντων
2581 1047 2918 1122 Βερσαὸέτε.

2323 1227 2436 1282 Καὶ
2476 1223 2556 1299 ἦν
2592 1226 2868 1297 πονηρὸν
2909 1227 2978 1282 τὸ
3017 1226 3192 1299 ῥῆμα
3237 1227 3500 1287 ἐνώπιον
3543 1235 3861 1304 Σαμουήλ.

2265 1321 2484 1393 Ἐπειδὴ
2517 1320 2674 1392 παρά
2716 1321 2810 1376 τὸν
2843 1319 2993 1376 θεῖον
3027 1322 3196 1394 νόμον
3233 1325 3268 1395 ἡ
3301 1323 3524 1397 αἴτησις
3550 1320 3644 1398 ἦν.
3661 1327 3729 1382 '0
3760 1329 3872 1397 γὰρ

2253 1410 2387 1476 Θεὸς
2420 1412 2515 1466 καὶ
2549 1411 2818 1482 βασιλέως
2843 1413 3087 1484 ἐπλήρου
3109 1414 3620 1486 χρείαταύτοῐςδο
3649 1419 3707 1473 δὲ
3735 1437 3875 1492 προ-

2255 1505 2436 1575 φήτης
2465 1503 2745 1577 ὑπουργὸς
2778 1500 2848 1578 ἦν
2867 1545 2884 1572 ,
2911 1501 3028 1560 οἷόν
3053 1523 3139 1572 τις
3167 1507 3501 1580 στρατηγὸς,
3527 1509 3561 1583 ἢ
3595 1510 3876 1584 δημαγω-

2253 1598 2371 1669 γός.

2865 1693 3122 1752 ΚΕΦΔΛ.
3164 1693 3246 1752 Θ⁹.

2331 1783 2680 1856 Εὐμεγέθης
2707 1786 2867 1856 ἀνὴρ
2895 1786 2997 1842 καί
3034 1789 3280 1859 ἀγαθός.
3320 1789 3397 1843 Ού
3425 1789 3600 1861 ψυχῆς
3643 1791 3877 1864 ἀρετὴν

552 1877 751 1932 tutem,
785 1867 878 1922 sed
938 1867 1194 1931 formam,
1249 1872 1304 1920 et
1361 1865 1821 1936 magnitudinem,
1856 1865 1905 1920 ei
1941 1865 2147 1921 tribuit.

2264 1875 2414 1949 αὐτῷ
2443 1881 2736 1951 μαρτυρεῖ,
2769 1879 2885 1934 ἀλλ’
2913 1876 3054 1946 είδος
3079 1881 3176 1934 καὶ
3199 1881 3450 1952 μέγεθος.
3466 1861 3875 1955 Ἐπεξηγεῖται

549 1960 751 2016 Narrat
799 1953 944 2014 enim
982 1957 1214 2028 pulchro
1266 1965 1320 2012 et
1356 1957 1640 2028 prmstauti
1685 1971 1919 2025 corpore
1951 1955 2146 2014 fuisse.

633 2047 802 2104 Vens.
827 2049 881 2103 8.
924 2047 1060 2102 Ecce
1112 2049 1326 2102 inventa
1368 2059 1447 2102 est
1497 2049 1551 2102 in
1593 2063 1754 2102 manu
1807 2063 1923 2102 mea
1952 2057 2152 2120 quarta

547 2125 675 2212 pars
703 2141 868 2213 sicli.)
905 2139 1034 2197 Haec
1070 2156 1136 2196 ex
1179 2139 1365 2197 Saulis
1411 2141 1734 2212 suspicione
1791 2139 2148 2213 intelligenda

549 2240 702 2298 sunt,
756 2246 860 2293 nec
911 2239 1021 2296 est,
1073 2231 1220 2300 quod
1265 2230 1580 2285 Samuelem
1633 2231 1961 2288 muneribus
2019 2247 2150 2288 cor-

547 2321 921 2392 rumpendum
979 2319 1155 2376 fuisse
1221 2319 1626 2378 existimemus.
1688 2321 2012 2392 Suspicatus
2065 2332 2151 2380 est

553 2411 707 2477 Saul,
735 2421 1000 2483 tanquam
1036 2410 1336 2483 prophetae,
1391 2417 1446 2466 et
1487 2410 1748 2482 principi,
1777 2411 1984 2483 aliquid
2016 2412 2152 2470 olfe-

550 2504 780 2558 ieudum
819 2517 976 2569 esse;
1005 2509 1268 2556 caeterum
1315 2499 1453 2555 nihil
1497 2499 1728 2556 attulit:
1767 2510 1962 2556 contra
1994 2517 2148 2570 vero,

553 2591 914 2647 humanitatis
949 2589 1231 2662 propheta
1287 2589 1529 2645 fructum
1586 2592 1851 2664 percepit.
1885 2593 2042 2660 Quod
2101 2595 2149 2651 si

552 2684 724 2738 moris
755 2682 973 2746 fuisset,
1003 2681 1306 2753 prophetas
1339 2683 1547 2754 aliquid
1603 2685 1876 2756 accipere,
1928 2701 2038 2742 non
2065 2687 2152 2742 di-

550 2786 700 2828 ctum
726 2783 873 2830 esset
903 2787 1000 2844 per
1019 2771 1299 2828 Ilichazam
1328 2775 1654 2846 prephetam
1690 2792 1706 2830 :
1747 2792 1768 2828 ι
1811 2777 1882 2830 Et
1921 2779 2148 2848 prophe-

552 2877 620 2920 tas
679 2862 796 2934 eius
846 2871 1065 2933 propter
1112 2863 1401 2919 mercedem
1451 2867 1837 2936 prophetabant
1869 2869 1912 2924 ¹.
1969 2887 1989 2922 ι
2057 2870 2150 2926 Sic

551 2961 716 3010 etiam
736 2956 1029 3025 intelliges,
1053 2970 1174 3026 qua:
1197 2955 1336 3012 libro
1359 2956 1520 3030 513
1541 2959 1700 3015 tertio
1728 2957 1956 3032 Regum,
1987 2959 2148 3018 Jcro-

555 3052 714 3103 hoam
752 3047 820 3104 ad
851 3061 1080 3102 uxorem
1120 3062 1277 3106 suam
1308 3047 1466 3116 dicit,
1501 3065 1626 3104 cum
1659 3065 1799 3120 puer
1839 3051 1960 3122 ejus
2009 3055 2151 3112 male

557 3140 802 3204 haberet,
846 3149 901 3196 et
933 3139 1239 3195 dimitteret
1269 3155 1391 3196 eam
1437 3140 1504 3194 ad
1555 3141 1786 3197 Achiam
1833 3142 2146 3212 Silunitam,

433 3229 446 3243 “
554 3241 618 3288 ut
642 3234 710 3288 de
737 3233 892 3304 pueri
926 3231 1242 3287 valetudine
1276 3233 1682 3288 sciscitaretur.
1717 3233 1818 3301 lhi,
1855 3234 2148 3292 Jerohoam
2177 3233 2220 3290 C

555 3326 774 3380 videtur
799 3324 987 3380 dicere
1029 3325 1096 3380 ad
1133 3339 1360 3380 uxorem
1409 3335 1469 3380 ut
1500 3342 1731 3384 munera
1771 3329 1876 3401 ipsi
1914 3333 2155 3403 prophe-

556 3427 624 3473 tae
674 3414 887 3472 afferat.
921 3415 1125 3473 Verum
1171 3417 1502 3488 prophetam
1553 3421 1840 3492 accepisse
1870 3439 1938 3478 ex
1993 3423 2150 3480 Scri-

557 3517 719 3579 ptura
775 3524 884 3564 non
919 3511 1140 3567 videtur
1174 3525 1343 3582 posse
1377 3511 1586 3584 colligi.
1650 3512 1746 3570 liae
1801 3516 1973 3588 igitur
2010 3517 2151 3574 falso

557 3615 748 3675 utpote
781 3603 1037 3660 homines
1071 3605 1222 3674 pravi
1274 3603 1343 3660 de
1373 3607 1661 3677 prophetis
1685 3617 1923 3678 possunt
1958 3611 2148 3684 suspi-

555 3701 693 3753 cari.
732 3698 834 3766 Qui
887 3696 973 3754 vel
1014 3712 1124 3752 non
1169 3707 1526 3767 acceperunt,
1573 3701 1665 3758 .vel
1718 3717 1747 3756 a
1776 3704 1950 3775 justis
1982 3721 2144 3762 acce-

555 3799 774 3859 perunt.
812 3789 890 3844 Ita
917 3791 1063 3844 enim
1092 3804 1298 3847 munus
1327 3791 1604 3862 accipere,
1658 3809 1769 3849 non
1819 3796 2146 3869 simpliciter

554 3881 856 3952 vituperari
886 3889 1085 3952 potest.
1114 3878 1252 3935 Nam
1292 3884 1526 3953 apostoli
1569 3885 1735 3941 etiam
1767 3888 2148 3947 ministrantes

551 3985 749 4030 contra
794 3975 1038 4032 oliieium
1095 3976 1382 4035 fecissent.
1415 3979 1889 4046 Quemadmodum
1924 3983 2134 4042 Paulus
2172 3990 2338 4049 etiam
2384 3975 2568 4059 dicit;
2700 3975 2874 4063 sem}:

553 4069 687 4122 mihi
720 4069 939 4122 misistis
969 4069 1014 4124 '.
1053 4086 1074 4120 ι

620 4157 790 4214 Vnus.
829 4161 922 4214 24.
960 4159 1092 4216 Ecce
1129 4163 1516 4229 testimonium,
1547 4179 1682 4233 pone
1719 4174 1842 4222 ante
1872 4174 1942 4222 te.
1995 4167 2151 4228 lianc

2257 1966 2371 2040 γὰρ
2425 1969 2510 2022 ὅτι
2535 1969 2598 2024 τὸ
2629 1969 2792 2043 σῶμά
2818 1989 2983 2044 φησιν
3009 1973 3216 2043 ἀγαθός
3234 1972 3286 2028 (ι.

2341 2061 2501 2118 Ἰδοὺ
2532 2063 2778 2134 εὓρηται
2833 2065 2906 2120 ἐν
2953 2064 3032 2136 τῇ
3083 2066 3240 2137 χειρί
3283 2084 3406 2138 μου
3435 2065 3730 2136 τέταρτον
3765 2070 3870 2124 σί-

2257 2155 2432 2209 κλου.
2471 2154 2644 2210 Τοῦτο
2693 2157 2792 2228 τῆς
2827 2157 3004 2212 Σαοὺλ
3034 2158 3304 2228 ὑποψίας,
3335 2159 3398 2213 ού
3433 2159 3533 2230 τῆς
3581 2159 3681 2213 τοῦ
3731 2179 3869 2232 προ-

2258 2245 2433 2317 φήτου
2480 2246 2837 2319 δωροδοκίας.
2880 2250 3150 2304 Ἐτόπασε
3195 2251 3306 2322 γὰρ
3361 2252 3564 2323 χρῆναί
3611 2270 3665 2306 τι
3710 2255 3863 2326 αὐτῷ

2257 2340 2728 2411 προσενεχθῆναι,
2771 2341 2850 2406 ὡς
2915 2341 3178 2414 ἄρχοντι,
3228 2343 3322 2397 καὶ
3383 2345 3670 2417 προφήτῃ.
3705 2346 3855 2400 Ἀλλ’

2255 2429 2409 2485 ούδὲν
2471 2435 2896 2506 προσενήνοχεν.
2953 2434 3286 2490 Τούναντίον
3337 2435 3397 2490 δὲ
3451 2437 3839 2509 φιλοφροσύνης

2255 2521 2588 2578 ἀπέλαυσεν.
2623 2525 2688 2578 Et
2712 2525 2770 2579 δὲ
2806 2525 3041 2599 σύνηθες
3067 2521 3136 2599 ἦν
3162 2527 3290 2592 τοὺς
3324 2528 3622 2600 προφήτας
3649 2527 3857 2599 λαμδάρ

2256 2633 2405 2682 νειν,
2439 2617 2540 2672 οὐκ
2589 2617 2662 2673 ἂν
2706 2619 2896 2691 εἴρητο
2939 2619 3046 2673 ὑπὸ
3093 2619 3333 2690 Μιχαίου
3382 2619 3484 2676 τοῦ
3532 2623 3851 2692 προφήτουο

2261 2727 2280 2761 ι
2317 2709 2431 2764 Καὶ
2473 2710 2524 2764 οί
2573 2711 2856 2783 προφῆται
2904 2712 3078 2784 αὐτῆς
3129 2715 3250 2783 μετ’
3291 2711 3556 2786 ἀργυρίου
3601 2715 3854 2785 προεφή-

2253 2817 2434 2858 τευον.
2466 2820 2485 2854 ι
2517 2803 2674 2857 Οὕτω
2703 2803 2762 2858 δὲ
2791 2805 3011 2878 νοήσεις
3053 2805 3150 2858 καὶ
3193 2805 3266 2860 τὰ
3309 2806 3418 2859 ύπδ
3445 2805 3534 2860 τοῦ
3563 2805 3862 2876 Ἰεροϐοάμ.

2255 2895 2314 2948 ὲν
2354 2897 2422 2968 τῇ
2451 2896 2615 2970 τρίτῃ
2644 2895 2754 2951 τῶν
2783 2896 3086 2952 Βασιλειῶν
3128 2897 3402 2970 εἰρημένα
3446 2899 3584 2972 πρὸς
3624 2897 3725 2970 τὴν
3755 2915 3866 2967 γυ)-

2255 2987 2420 3042 ναῖκα
2471 2989 2662 3054 αὐτοῦ,
2689 2990 2778 3044 ὅτε
2823 2990 3188 3064 ἠρρώστησεν
3233 2991 3383 3064 αύτῷ
3423 2992 3484 3045 τὸ
3535 2990 3865 3060 παιδάριον,

2255 3080 2350 3133 καὶ
2399 3081 2734 3136 ἀπέστελλεν
2783 3084 2958 3154 αὐτὴν
3003 3085 3142 3157 πρὸς
3175 3084 3358 3156 ’Δχίαν
3413 3083 3506 3138 τὸν
3548 3083 3866 3154 Σιλωνίτην

2255 3171 2607 3243 ἐπερωτῆσαι
2641 3174 2806 3230 αὐτὸν
2840 3175 3089 3248 περὶτοῦ
3128 3177 3433 3248 παιδαρίου.
3469 3175 3588 3230 Καὶ
3618 3175 3862 3229 ἐνταῦθα

2257 3262 2368 3334 γὰρ
2403 3264 2694 3338 Ἱεροϐοὰμ
2726 3267 2824 3338 μὲν
2852 3269 3104 3336 φαίνεται
3137 3269 3311 3339 λέγων
3334 3271 3401 3340 τῇ
3431 3269 3682 3338 γυναικὶ,
3703 3267 3870 3341 δῶρα,

2255 3355 2336 3426 τῷ
2365 3359 2623 3432 προφήτῃ
2645 3360 2962 3417 λαϐεῖν.Ἐν
2991 3365 3048 3419 δὲ
3074 3368 3142 3438 τῇ
3170 3365 3388 3438 Γραφῇ,
3419 3361 3603 3420 λαϐὼν
3647 3365 3675 3418 ὁ
3719 3380 3857 3434 προ-

2255 3449 2436 3519 φήτης
2463 3450 2525 3502 οὐ
2561 3451 2836 3520 φαίνεται.
2862 3453 3132 3512 Δύνανται
3160 3457 3255 3513 οὗν
3279 3458 3531 3512 ὑπονοεῖν
3557 3457 3632 3523 ὡς
3655 3454 3852 3528 φαῦλοι

2253 3539 2426 3594 ταῦτα
2467 3541 2682 3612 ψευδῶς
2713 3547 2844 3619 περὶ
2881 3549 3213 3621 προφητῶν,
3246 3551 3297 3606 οἳ
3328 3551 3360 3622 ἦ
3395 3551 3497 3620 ούκ
3521 3548 3847 3620 ἐλάμϐανον»

2252 3627 2286 3700 ἦ
2319 3631 2470 3702 παρά
2495 3633 2723 3692 δικαίων
2755 3639 3085 3711 ἐλάμϐανον.
3117 3643 3194 3696 Οὐ
3227 3643 3336 3716 γὰρ
3363 3641 3426 3698 τὸ
3457 3642 3642 3698 λαϐεῖν
3660 3641 3846 3694 ὁπωσ-

2249 3720 2366 3788 οῦν,
2421 3723 2661 3794 ψεκτόν·
2707 3730 2834 3785 ἐπεὶ
2880 3733 2975 3787 καὶ
3021 3734 3073 3788 oi
3116 3734 3411 3789 ἀπόστολοι
3459 3733 3606 3806 παρὰ
3628 3732 3684 3786 τὸ
3711 3729 3832 3784 δέον

2251 3809 2472 3868 ἐποίουν
2515 3815 3061 3892 διακονούμενοι.Ὡς
3108 3823 3206 3880 καὶ
3243 3824 3462 3891 Παῦλός
3504 3841 3652 3896 φησι,
3679 3841 3700 3874 ι
3729 3822 3842 3876 Καὶ

2251 3896 2334 3964 δίς
2360 3905 2442 3970 εἰς
2471 3905 2570 3979 τὴν
2595 3909 2789 3981 χρείαν
2819 3929 2912 3986 μοι
2943 3915 3229 3988 ἐπέμψατε
3251 3927 3297 3973 ο.

2881 4049 2895 4076 ,
2931 4019 2982 4064 et
3028 4011 3246 4076 iterant,
3291 4012 3434 4084 quod
3505 4026 3636 4082 opus
3705 4019 3847 4076 erat,

2325 4175 2488 4234 Ἰδοὺ
2507 4183 2860 4252 μαρτύριον,
2877 4185 3142 4256 παράθες
3173 4185 3322 4242 αὐτὸ
3351 4185 3617 4242 ἐνώπιόν
3643 4202 3761 4243 σου
3795 4189 3843 4244 ί,

549 4263 759 4324 partem
779 4253 930 4310 Sauli
963 4257 1238 4328 apposuit,
1265 4258 1713 4329 quandoquidem
1740 4269 2072 4330 regnaturus
2099 4271 2147 4320 el

2264 4270 2476 4345 Ταύτην
2498 4274 2652 4346 αύτῷ
2686 4253 3214 4350 πα.ρατέθεικεν,ὠς
3234 4281 3483 4354 μέλλοντι
3509 4281 3843 4354 βασιλεύειν,

550 4345 762 4414 majora
784 4347 1050 4416 pericula,
1077 4363 1242 4418 quam
1279 4352 1396 4420 ipse
1431 4351 1669 4420 populus
1689 4351 1982 4410 subiturus
2002 4364 2144 4422 erat,

549 4445 605 4491 et
669 4445 958 4509 propterea
1009 4436 1390 4500 testimonium
1443 4444 1586 4498 hanc
1630 4453 1842 4514 partem
1879 4430 2140 4519 appellat.

550 4529 917 4599 Symmachus
944 4546 1072 4588 vero
1108 4547 1208 4603 pro
1235 4534 1578 4600 testimonio,
1620 4535 1895 4592 residuum
1963 4555 2140 4612 expo-

549 4622 685 4676 suit.
729 4622 794 4676 Et
827 4639 926 4694 pro
963 4625 1076 4693 illo,
1107 4626 1255 4697 quod
1316 4626 1370 4681 in
1407 4627 1780 4686 testimonium
1833 4635 2144 4703 appositum

2255 4365 2352 4418 xui.
2373 4364 2468 4419 τοῦ
2492 4365 2626 4422 λαοῦ
2669 4371 3135 4442 προκινδυνεύειν.
3166 4375 3260 4429 Διὸ
3297 4375 3602 4448 μαρτύριον
3638 4377 3847 4446 ταύτην

2252 4453 2426 4510 καλεῖ.
2457 4456 2518 4511 '0
2547 4456 2604 4512 δὲ
2632 4457 2934 4534 Σύμμαχος
2953 4460 3076 4516 ἀντὶ
3101 4463 3221 4528 τοῦ,
3249 4463 3578 4536 μαρτύριον,
3609 4464 3672 4519 τὺ
3696 4466 3847 4520 ﬁxo-

2249 4547 2504 4633 λειφθέν
2525 4549 2812 4616 ἐξέδωκεν.
2839 4556 2954 4610 Καὶ
2983 4555 3106 4611 ἀντὶ
3130 4557 3248 4624 τοῦ,
3270 4557 3298 4612 ὅ
3333 4575 3385 4612 τι
3411 4560 3496 4622 είς
3543 4558 3848 4631 μαρτύριον

2253 4636 2496 4697 τὲοειταί
2523 4661 2606 4700 σοι
2634 4663 2650 4678 ο
2689 4647 2760 4702 Ὃ
2789 4665 2842 4703 τι
2892 4651 3151 4724 ἐπίτηδες
3179 4650 3482 4724 τετήρηται
3545 4669 3650 4706 σοι.
3675 4651 3845 4716 Τδδὲ,

549 4713 780 4782 εεῌὶδὶ,
821 4715 968 4786 quod
993 4717 1062 4772 de
1091 4717 1365 4773 industria
1412 4719 1510 4774 tibi
1547 4731 1896 4779 reservatum
1935 4735 2040 4782 est.
2073 4727 2147 4782 ll-

2264 4732 2410 4802 παρά
2437 4735 2532 4790 τοῦ
2561 4737 2716 4802 λαοῦ,
2771 4713 3068 4796 Θεοδοτίων
3126 4713 3417 4810 saeuiat},
3465 4743 3552 4798 ὅτι
3590 4713 3842 4814 ἐλέχθη.

551 4803 642 4860 Iud
676 4821 832 4872 vero,
857 4824 892 4864 a
924 4809 1154 4879 pepulo,
1210 4809 1556 4868 Theodotiou
1606 4819 1890 4887 exposuit,
1937 4819 2145 4878 dictum

547 4907 633 4953 est
660 4899 922 4969 populum
965 4901 1256 4958 nominavi.
1305 4903 1504 4976 Aquila
1555 4923 1720 4976 vero,
1771 4913 1920 4982 quod
1973 4913 2144 4986 dicat,

550 4991 814 5063 populum
847 4993 1048 5048 vocavi.

1221 5088 1378 5146 CAP.
1403 5089 1472 5148 X.

622 5177 788 5233 Vsus.
825 5177 875 5234 Ι.
905 5177 972 5232 Et
997 5181 1273 5236 osculatus
1297 5193 1378 5238 est
1401 5201 1540 5240 eum.
1563 5185 1635 5243 Ut
1661 5189 1918 5260 gratiam,
1939 5211 2063 5264 quae
2091 5197 2144 5252 in

549 5271 674 5340 ipso
705 5271 932 5337 habitat,
960 5275 1010 5328 ei
1060 5277 1535 5333 communicaret.
1585 5277 1762 5342 Multa,
1795 5297 1932 5340 vero
1990 5285 2144 5344 Sauli

550 5364 644 5416 dat
669 5365 848 5434 signa,
880 5376 1169 5438 postquam
1203 5384 1330 5425 eum
1355 5369 1502 5425 videt
1531 5370 1815 5442 dubitare,
1861 5385 1918 5434 et
1944 5379 2134 5437 dome-

629 5520 644 5552 '
675 5521 848 5578 Mit‘ll.
882 5538 966 5590 ut,
999 5524 1090 5580 il.
1169 5526 1454 5602 ’Philipp.
1498 5550 1576 5602 tv,
1607 5536 1700 5592 i6.

2251 4829 2344 4883 τὸν
2393 4829 2522 4886 λαὸν
2551 4833 2814 4889 ἐκάλεσα.
2859 4835 3095 4902 Ἀκύλας
3141 4837 3224 4905 δὲ,
3257 4838 3320 4892 τὸ
3357 4836 3564 4908 λέγειν,
3597 4838 3690 4892 τὸν
3714 4837 3838 4892 λαὸν

2250 4919 2540 4992 κέκληκα.

2881 5103 3132 5160 ΚΕΦΑΛ.
3157 5104 3215 5158 I'.

2325 5193 2437 5249 Καὶ
2481 5193 2784 5268 ἐφίλησεν
2809 5197 3018 5253 αὐτόν.
3059 5198 3178 5252 ’Ίνα
3200 5197 3300 5268 τῆς
3326 5196 3652 5266 ἐνοικούσης
3693 5194 3841 5265 αύτῷ

2251 5285 2475 5356 χάριτος
2535 5287 2779 5360 μεταδῷ.
2831 5287 3016 5345 Πολλά
3041 5287 3100 5342 δὲ
3131 5289 3350 5343 δίδωσιν
3403 5289 3558 5360 αὑτῷ
3613 5289 3836 5359 σημεῖα.

2257 5379 2480 5452 Ἐπειδὴ
2503 5376 2642 5436 εἶδεν
2671 5383 2835 5436 αὐτὸν
2891 5381 3332 5455 ἀμφιδάλλοντα,
3365 5385 3464 5438 καὶ
3487 5389 3590 5456 τὴν
3630 5380 3837 5436 οίκείαν

1837 5603 2080 5660 VARIIE
2115 5603 2418 5663 LECTION
2425 5605 2528 5663 ES.

619 5708 1592 5810 ξὲ-(ξ-ᾸιὶξύξῖίέξνξὶῃτοξἎεὐειδὴς..
1624 5724 1722 5810 κα),
1755 5725 1964 5810 ὕψη).ρς
2011 5727 2070 5810 ἐν
2120 5726 2341 5810 μεγέθει
2377 5726 2660 5810 σώματος,
2719 5739 2763 5810 ἐ
2879 5725 2947 5782 L.
2975 5728 3066 5810 hic
3087 5729 3285 5810 _addit
3333 5733 3484 5810 ὶτοῦ
3508 5735 3842 5810 ptinet};-

1646 5781 2010 5884 μὸσχάν’τίνος
2035 5781 2414 5871 ὑμῶνέῐληφα
2431 5815 2448 5866 ;
2467 5781 2565 5885 ita).
2593 5781 2692 5853 ὅσα
2715 5781 3376 5874 ἐπὶνπαντδςντοῦ
3400 5781 3619 5861 ἦρξ’

560 5855 647 5910 his
679 5869 868 5923 p'aent.
903 5854 995 5918 Είς
1027 5854 1328 5931 μαρτύριον
1375 5863 1474 5932 τὴν
1505 5854 1735 5923 κωλεᾶν.
