3992 6408
321 403 462 473 1093

1324 383 1926 450 COMMMENTARII
1964 383 2046 446 IN
2095 383 2244 446 LIB.
2281 382 2309 443 Ι
2348 381 2641 447 REGUM.

3471 380 3610 448 1094

315 518 688 595 ὁμολογοῦντα
706 514 922 572 πενίαν.
952 511 1159 568 Τούτου
1195 507 1361 580 χάριν
1393 505 1604 576 βεϐαιοῖ
1655 503 1755 573 τὴν
1805 501 1906 575 τῆς

2044 500 2206 555 ticam
2223 498 2602 556 dilﬁeultatem
2620 499 2805 555 fateri.
2827 498 3092 572 Hancquc
3117 499 3187 556 ob
3215 515 3440 558 causam
3472 517 3612 572 pra:-

318 613 604 689 βασιλείας
625 607 966 680 ἐπαγγελίαν
991 605 1118 668 ταῖς
1140 599 1503 689 προρρήσεσιἶ

387 705 502 761 Kal
523 699 853 772 στραφήσῃ
883 700 972 765 εὶς
996 694 1186 764 ἄνδρα
1207 691 1428 746 ἄλλον.
1469 684 1692 755 Ἐπειδὴ
1720 682 1911 755 ἄγροι-

317 814 416 862 κος
469 791 563 867 ἦν,
614 792 888 863 γεωργεῖν
943 785 1310 856 ἐπιστάμενος
1343 779 1540 852 μόνον,
1596 775 1911 848 χειροτονή-

323 908 423 956 σας
453 885 618 944 αὑτὸν
649 883 900 957 βασιλέα,
933 877 1218 952 βασιλικὸν
1247 873 1399 946 αὐτῷ
1447 871 1706 945 φρόνημα
1745 869 1913 924 δέδω-

321 1000 439 1039 κεν.

385 1077 454 1129 Εἰ
479 1072 580 1128 καὶ
613 1069 817 1127 Σαοὺλ
844 1068 914 1123 ἐν
938 1061 1274 1137 προφήταις
1302 1075 1322 1126 ;
1354 1058 1675 1129 Σύμμαχος,
1704 1053 1799 1126 Μὴ
1831 1053 1914 1108 ἐτι

321 1170 418 1225 καὶ
455 1165 668 1233 Σαούλ;
701 1163 816 1217 Ούκ
841 1161 967 1232 ἔσχε
995 1159 1052 1212 δέ
1085 1153 1330 1227 διηνεκὲς
1359 1156 1460 1224 τῆς
1482 1148 1820 1222 προφητείας
1851 1147 1915 1200 τὸ

319 1262 591 1334 χάρισμα,
619 1259 700 1320 είς
755 1254 994 1326 δήλωσιν
1018 1241 1208 1319 δὲίτῆς
1257 1243 1647 1334 πνευματικῆς·
1703 1241 1915 1334 δωρεᾶς

319 1331 442 1408 κατ’
473 1331 682 1404 ἐκεῖνον
728 1345 1107 1418 προεφήτευσε
1153 1341 1245 1394 τὸν
1281 1336 1496 1408 καιρόν.
1525 1333 1715 1396 Οὕτως
1741 1331 1834 1395 καὶ
1865 1332 1916 1384 oi

323 1445 698 1514 ἐϐδομήκοντα
721 1435 1111 1510 πρεσϐύτεροι,
1145 1430 1306 1493 εὐθὺς
1341 1429 1438 1498 μὲν
1470 1425 1787 1492 ἐκλεγέντες
1807 1419 1916 1514 ύπδ

321 1512 608 1598 Μωύσέως
654 1527 1026 1604 προφητεύειν
1091 1521 1377 1593 ἠξίωνται,
1425 1520 1486 1572 οὗ
1535 1518 1644 1588 μὴν
1696 1515 1778 1568 ἔτι
1821 1512 1918 1567 καὶ

326 1628 470 1702 μετὰ
497 1627 688 1682 ταῦτα.
713 1621 1073 1692 Σοςριζόμενοι
1093 1617 1150 1670 δὲ
1188 1615 1343 1686 παρὰ
1367 1611 1524 1679 Θεοῦ,
1547 1608 1642 1663 τοῦ
1663 1606 1794 1662 λαοῦ
1817 1606 1918 1671 τὰς

320 1719 771 1794 ἀμφισϐητήσεις
795 1713 1029 1768 διέλυον.

2012 589 2352 648 dictionibus
2388 593 2541 664 regni
2575 593 3002 664 promissionem
3035 592 3356 650 conﬁrmat.

2031 711 2036 715 -
2084 683 2253 740 Vrsas.
2279 684 2412 740 6.Et
2441 686 2501 745 ia
2522 685 2690 740 alium
2715 687 2888 741 virum
2911 686 3222 742 imitaberis.
3251 683 3390 752 Quia
3421 700 3612 758 agres-

2017 779 2086 834 tis
2125 787 2266 844 erat,
2303 786 2357 833 et
2391 786 2601 833 tantum
2636 787 2842 834 terram
2872 779 3056 834 colere
3091 787 3346 840 noverat.
3391 779 3608 836 delecto

2015 872 2071 926 in
2103 885 2312 942 regem,
2345 870 2557 942 regium
2602 871 2848 926 animum
2889 869 3153 926 indidit..

2089 1043 2252 1100 Vrsas.
2284 1043 2373 1098 Η.
2408 1041 2555 1098 Num
2578 1053 2636 1106 et
2667 1043 2804 1100 Saul
2827 1045 2967 1100 inter
2999 1046 3282 1116 prophetas
3302 1049 3329 1103 9
3357 1045 3614 1120 Symma-

2017 1134 2176 1199 chus,
2207 1131 2348 1188 Num
2382 1134 2546 1188 etiam
2599 1131 2816 1200 adhuc,
2849 1134 3132 1205 deinceps,
3173 1146 3230 1190 et
3273 1133 3446 1190 Sani?
3493 1133 3612 1188 Non

2018 1234 2200 1282 autem
2237 1235 2509 1297 perpetuo
2556 1233 2612 1280 et
2641 1225 2993 1282 continenter
3055 1227 3360 1298 propin-tia:
3397 1227 3608 1282 donum

2018 1318 2234 1384 habuit,
2269 1319 2389 1385 sed,
2429 1325 2490 1372 ut
2547 1317 2837 1387 spirituale
2866 1319 3074 1374 donum
3125 1335 3250 1375 eum
3311 1320 3615 1390 accepisse

2021 1410 2378 1465 manifestum
2414 1417 2585 1474 esset,
2621 1410 2715 1464 ille
2743 1411 2912 1465 etiam
2949 1421 3192 1482 tempore
3232 1413 3612 1483 pr0phetavit.

2023 1501 2116 1558 Sic
2167 1502 2332 1556 etiam
2376 1502 2728 1572 septuaginta
2779 1502 3028 1559 seniores
3062 1517 3093 1556 a
3149 1502 3336 1575 Moyse
3393 1503 3616 1572 delecti,

2020 1611 2148 1650 mox
2181 1595 2484 1665 prophetia:
2532 1595 2682 1649 dono
2709 1593 2922 1666 dignati
2961 1603 3111 1658 sunt,
3147 1611 3258 1650 non
3305 1604 3487 1652 tamen
3538 1597 3614 1650 ita

2021 1689 2312 1758 deinceps.
2345 1686 2638 1743 Prudentia
2675 1703 2804 1742 vero
2839 1703 2870 1743 a
2909 1689 3017 1743 Deo
3084 1689 3366 1754 instructi,
3425 1689 3612 1760 populi

2022 1794 2220 1834 causas
2275 1788 2330 1834 et
2354 1781 2762 1837 controversias
2791 1781 3148 1836 dirimebant.

405 1896 468 1950 '0
493 1892 717 1959 οἰκεῖος
755 1887 968 1945 αὐτοῦ.
1020 1883 1258 1948 ’Δκύλας
1305 1881 1494 1953 φησιν,
1527 1879 1555 1931 ό
1579 1875 1908 1948 πατράδελ-

2090 1870 2258 1925 Vsus.
2288 1871 2375 1928 15.
2411 1869 2766 1939 Domesticus,
2796 1877 2903 1928 sive
2926 1873 3256 1944 propinquus
3275 1871 3414 1942 ejus.
3447 1871 3617 1944 Aqui-

321 2005 503 2134 $0012.:
528 2072 1019 2144 κατακληροῦται
1049 2067 1218 2140 φυλὴ
1241 2062 1548 2134 Βενιαμίν.
1605 2060 1743 2114 Οὐδὲ
1803 2061 1938 2123 τοὶς-

322 2170 492 2234 Οείοις
537 2167 850 2239 προφήταις
915 2161 1204 2216 ἐπίστευον
1237 2158 1290 2212 οἱ
1329 2153 1570 2226 πονηρίᾳ
1618 2149 1909 2216 συζῶντες.

335 2263 424 2326 Ὧς
441 2261 507 2316 ἂν
527 2255 624 2314 οὖν
652 2259 728 2329 μὴ
755 2253 1038 2320 τοπάζωσι
1085 2252 1312 2324 χάριτος
1365 2245 1718 2318 ἀνθρωπίνης
1771 2239 1918 2295 εἶναι

322 2353 424 2424 τὴν
453 2353 654 2424 ψῆφον,
685 2349 873 2420 κλήρῳ
915 2345 1016 2418 τὴν
1053 2344 1238 2416 κρίσιν
1280 2337 1608 2412 ἐπέτρεψεν,
1634 2337 1696 2390 τὸ
1723 2331 1918 2389 δοκοῦν

323 2445 648 2518 ἐμφαίνοντι
671 2442 750 2514 τῷ
780 2441 926 2513 Θεῷ.
983 2439 1104 2510 Κλη
1116 2437 1309 2510 ρωθεὶς
1337 2435 1394 2489 δὲ
1422 2433 1598 2488 Σαοὺλ
1648 2426 1917 2502 ἐπειράθη

325 2537 533 2603 λαθεῖν,
563 2535 703 2608 ὑπὲρ
737 2533 840 2606 τὴν
871 2532 1033 2600 ἀξίαν
1090 2527 1259 2585 αὐτοῦ
1296 2525 1396 2599 τὴν
1453 2522 1705 2590 ἐξουσίαν
1750 2519 1916 2593 ὁρῶν.

339 2629 478 2684 Ὑπὸ
529 2627 666 2684 Θεοῦ
691 2627 748 2682 δὲ
773 2627 853 2698 τῷ
885 2624 1144 2696 προφήτῃ
1187 2619 1424 2693 δεχθεὶς,
1466 2616 1564 2690 τὴν
1593 2615 1691 2668 ἐπὶ
1715 2613 1920 2677 παντὸς

323 2722 424 2778 τοῦ
445 2721 577 2777 λαοῦ
597 2718 939 2794 χειροτονίαν
961 2715 1204 2782 ἐδέξατο.

970 2977 1166 3032 ΕΦΑΛ.
1203 2973 1310 3030 lA'.
1777 3009 1780 3014 -

913 2980 1166 3034 ΚΕΦΑΛ.
1205 2980 1310 3030 lA'.
1777 3009 1780 3014 .

412 3080 518 3137 Ἐν
537 3077 620 3146 τῷ
637 3073 920 3146 ἐξορύξαι
945 3069 1116 3144 ὑμῶν
1147 3068 1393 3123 πάντων
1445 3061 1652 3130 δεξιὸν
1695 3060 1922 3130 ὀφθαλ-

2017 1963 2068 2019 la
2097 1964 2234 2018 dicit
2305 1965 2970 2036 aatpdo‘a).<poq,patruus.

2089 2053 2254 2111 Vnus.
2285 2054 2376 2112 20.
2412 2055 2480 2109 Et
2508 2060 2645 2127 [orte
2674 2057 2920 2112 educitur
2950 2054 3122 2110 tribus
3149 2054 3458 2124 Benjamiu.
3488 2052 3622 2108 Pla-

2015 2145 2104 2202 vis
2131 2145 2332 2204 Studiis
2368 2157 2477 2202 tam
2527 2147 2736 2204 addicti
2773 2155 2959 2210 erant,
2997 2156 3057 2202 ut
3101 2147 3270 2202 etiam
3322 2145 3613 2218 prophetis

2018 2237 2112 2293 Dei
2147 2239 2307 2294 [idem
2357 2255 2467 2294 non
2517 2240 2882 2296 adhiberent.
2927 2239 3006 2295 Ne
3051 2239 3224 2310 igitur
3291 2237 3619 2308 suffragium

2020 2330 2249 2386 humani
2313 2332 2483 2388 studii
2566 2340 2620 2387 et
2681 2331 2890 2388 favoris
2947 2346 3074 2386 esse
3155 2330 3618 2402 suspicarentur,

2032 2423 2168 2478 sorti
2219 2423 2493 2494 judicium
2535 2423 2788 2494 permisit
2836 2423 3126 2494 propheta,
3167 2433 3248 2488 ut,
3302 2421 3450 2492 quod
3511 2419 3622 2475 Deo

2020 2513 2196 2568 visum
2237 2522 2405 2577 esset,
2441 2513 2786 2569 declararet.
2823 2514 2956 2568 Saul
2989 2527 3144 2581 vero,
3169 2512 3283 2584 jam
3340 2522 3492 2569 sorte
3519 2512 3620 2566 de-

2022 2603 2222 2670 lectus,
2259 2601 2623 2658 considerans
2659 2603 2802 2658 hanc
2832 2611 3190 2672 potestatem,
3228 2617 3331 2656 sua
3372 2600 3618 2671 dignita—

2022 2703 2095 2760 te,
2135 2703 2190 2748 et
2221 2693 2438 2750 meritis
2483 2694 2652 2762 longe
2683 2693 3131 2749 excellentiorem
3191 2703 3246 2748 et
3281 2693 3622 2762 superiorem

2019 2799 2146 2840 esse
2175 2824 2191 2850 ,
2241 2786 2456 2840 occulte
2485 2784 2658 2839 latere
2701 2784 2970 2838 lentabat.
3003 2782 3109 2838 Sed
3158 2797 3190 2836 a
3225 2781 3335 2838 Deo
3377 2779 3625 2838 Samu‘eli

2021 2883 2304 2941 ostensus,
2341 2875 2439 2930 toti
2471 2875 2676 2946 populo
2703 2875 2992 2944 praefectus
3022 2883 3126 2929 est.

2675 2965 2832 3021 CAP.
2871 2964 2964 3020 XI.

2095 3055 2260 3111 Vens.
2293 3055 2348 3111 2.
2387 3055 2456 3110 Ut
2487 3057 2634 3110 vobis
2666 3055 2909 3110 omnibus
2945 3055 3131 3109 dexter
3165 3059 3349 3109 oculus
3383 3061 3625 3109 eruatur.

321 3173 468 3246 μόν.
531 3144 870 3244 Ἀχρὴστους
921 3165 1122 3228 αὐτοὺς
1192 3165 1273 3226 είς
1343 3158 1582 3228 πόλεμον
1637 3154 1921 3224 ἀποφῆναι

2040 3147 2307 3204 lsraelitas
2360 3147 2504 3202 bello
2565 3147 2793 3201 inutiles
2847 3147 3082 3202 reddere
3143 3145 3337 3201 voluit.
3391 3144 3629 3200 Sinister

330 3266 682 3339 βουλόμενος.

329 3334 696 3420 καλύπτεται,
723 3357 752 3408 ὁ
772 3353 830 3408 δὲ
845 3351 1042 3418 δεξιὸς,
1073 3349 1204 3412 τοὺς
1253 3344 1554 3415 πολεμίους
1585 3342 1714 3414 ὁρᾷ·
1743 3334 1804 3394 οὗ
1837 3355 1922 3401 τις

332 3448 724 3519 ἐστερημένος,
753 3443 1048 3506 εὐάλωτος.
1079 3438 1238 3494 θ’ύτω
1261 3439 1358 3491 καὶ
1379 3435 1644 3504 δυνάμεις
1675 3433 1730 3485 αἱ
1755 3446 1923 3500 πονη-

336 3539 514 3610 ραὶτὰ
535 3535 686 3603 δεξιὰ
733 3531 844 3586 τῶν
898 3529 1196 3600 νοημάτων
1259 3524 1622 3596 περικόπτειν
1663 3519 1919 3587 ἐπείγον-

334 3647 448 3682 ται.

937 3713 1194 3768 ΚΕΦΑΛ.
1220 3709 1325 3764 IB'.

419 3834 812 3903 Ἀποκρίθητε
855 3829 986 3884 κατ’
1026 3826 1177 3896 ἐμοῦ
1201 3823 1464 3879 ἐνώπιον
1514 3817 1755 3886 Κυρίου.
1789 3815 1928 3886 Κριο

329 3927 433 3999 τὴς
452 3927 528 3980 ὢν
557 3923 938 3993 ἐξίστατοτῆς
970 3917 1242 3985 ἐξουσίας,
1273 3916 1368 3969 καὶ
1399 3913 1604 3981 ταύτην
1628 3908 1925 3980 παρεδίδου

328 4018 415 4090 τῷ
445 4017 675 4090 βασιλεῖ.
708 4015 816 4070 Καὶ
839 4015 906 4068 τὰ
935 4013 1058 4066 καθ’
1087 4009 1282 4064 ἑαυτὸν
1325 4003 1522 4067 εἰπὼν,
1560 4001 1658 4056 καί¹
1701 3999 1926 4090 σύμψη-

329 4089 806 4178 φοννκτησὰμενος
849 4105 939 4158 τὸν
977 4100 1108 4156 λαδν
1141 4099 1242 4170 τὴν
1281 4097 1509 4166 ἔννομον
1534 4091 1748 4147 ἐκείνου
1773 4089 1926 4156 ἐξου-

332 4197 461 4250 σίαν
510 4194 774 4261 ἐδίδαξεν.
1337 4199 1340 4203 ’

409 4367 520 4422 Kal
557 4366 676 4422 νῦν
701 4363 1060 4432 κατάστητε,
1085 4359 1187 4414 καί
1219 4355 1448 4412 δικάσω
1469 4351 1648 4423 ὑμᾶς,
1668 4349 1929 4404 ἐνώπιον

327 4463 600 4531 Κυρίου,
639 4459 735 4512 καὶ
777 4458 849 4510 τὰ
896 4456 1046 4525 ἐξῆς.
1081 4453 1381 4523 Σύμμαχος
1435 4446 1628 4509 οὕτως,
1669 4443 1780 4497 Καὶ
1830 4441 1928 4495 νῦν

734 3263 793 3316 ’0
827 3229 938 3332 χὰρ
979 3258 1270 3328 εὐώνυμος
1303 3253 1608 3325 ὀφθαλμὸς,
1638 3253 1708 3321 τῇ
1734 3247 1920 3301 ἀσπίδι

2040 3242 2170 3293 anim
2221 3239 2419 3294 oculus
2448 3239 2643 3309 clypeo
2674 3236 2916 3308 tegitur;
2954 3237 3152 3291 dextro
3191 3243 3404 3299 autem,
3437 3235 3626 3290 hostes

2025 3331 2360 3400 aSplcimus;
2385 3345 2494 3399 quo
2520 3331 2565 3384 si
2602 3329 2728 3400 quis
2757 3327 3026 3398 privetur,
3053 3327 3217 3382 facile
3239 3326 3502 3380 vincitur.
3535 3324 3628 3380 Sic

2027 3421 2361 3478 adversaria:
2393 3422 2558 3475 etiam
2591 3427 2897 3490 potestates
2949 3418 3113 3473 nobis
3157 3416 3388 3473 dextros
3433 3416 3626 3471 oculos

2025 3512 2240 3582 eripere
2273 3521 2546 3566 conantur
2564 3547 2581 3564 .

2673 3681 2828 3738 CAP.
2878 3681 2993 3736 XII.

2099 3797 2266 3855 Vrsas.
2299 3799 2354 3854 5.
2383 3797 2712 3868 Respondete
2764 3808 2954 3851 contra
2997 3811 3078 3850 me
3135 3813 3316 3850 coram
3375 3793 3626 3852 Domino.

2029 3891 2277 3956 Samuel,
2314 3901 2536 3946 amotus
2565 3891 2635 3945 ab
2666 3889 2848 3945 oliicio
2891 3889 3124 3959 judicis,
3165 3904 3322 3944 suam
3375 3897 3628 3958 potesta-

2027 3990 2139 4038 tem
2180 3981 2236 4036 in
2274 3996 2460 4052 regem
2493 3981 2801 4046 transtulit,
2837 3991 2893 4037 et
2947 3997 3074 4036 cum
3133 3981 3202 4037 de
3261 3982 3427 4036 rebus
3458 4021 3474 4047 ,
3509 3995 3632 4050 quae

2025 4089 2181 4130 suam
2211 4087 2504 4143 personam
2535 4073 2902 4143 attingebant,
2934 4072 3098 4127 verba
3125 4071 3369 4136 fecisset,
3393 4088 3634 4126 consen-

2027 4165 2364 4234 tientemque
2398 4165 2660 4233 populum
2689 4164 2937 4230 haberet,
2972 4163 3214 4234 legitime
3273 4165 3430 4218 illum
3473 4173 3632 4234 pote-

2028 4265 2226 4314 statem
2259 4270 2452 4328 gerere
2478 4255 2705 4310 docuit.

2109 4349 2280 4405 Vnus.
2317 4349 2370 4403 7.
2415 4346 2576 4404 Nunc
2602 4350 2768 4420 igitur
2797 4349 3094 4412 consistite,
3131 4357 3179 4402 et
3231 4345 3492 4418 iudicabo
3546 4365 3635 4402 vos

2027 4457 2212 4498 coram
2276 4441 2614 4506 Domino,et
2657 4456 2781 4512 quae
2837 4449 3174 4512 sequuntur.
3234 4438 3329 4494 Sic
3385 4437 3641 4508 Symma—
3725 4451 3736 4460 ‘

311 4556 683 4625 .παράστητε,
724 4552 834 4618 ἵνα,
887 4546 1160 4621 διακριθῶ
1211 4545 1351 4616 πρὸς
1407 4544 1553 4613 ὑμᾶς
1609 4537 1923 4610 ἔμπροσθεν

2040 4537 2194 4601 chus,
2216 4533 2375 4589 Nunc
2399 4543 2564 4600 state,
2598 4543 2661 4590 ut
2695 4535 2972 4604 dijudicer
3000 4551 3030 4589 a
3050 4535 3208 4590 vobis
3234 4548 3422 4588 coram
3447 4533 3638 4585 Domi-

330 4648 568 4718 Κυρίου,
605 4645 736 4716 περὶ
761 4641 951 4696 πασῶν
992 4639 1103 4694 τῶν
1131 4634 1515 4708 ἐλεημοσυνῶν
1563 4633 1660 4688 τοῦ
1692 4631 1925 4702 Κυρίου,

335 4733 418 4793 ὧν
447 4735 720 4808 ἐποίησεν.

941 4821 1198 4880 ΚΕΦΔΛ.
1229 4818 1332 4876 ΙΓ’.

420 4945 555 5011 Υἱὸς
587 4941 869 4998 ἐνιαυτοῦ
901 4938 1104 4994 Σαοὺλ
1131 4937 1203 4992 ὲν
1227 4933 1310 5002 τῷ
1325 4932 1692 5000 ,βασιλεύειν
1711 4929 1920 5016 αὐτόν.

345 5037 412 5092 ⁸0
449 5036 748 5108 Σύμμαχος
778 5033 1064 5102 ἐξέδωκεν,
1088 5028 1222 5096 υίὸς
1252 5027 1335 5093 ὡς
1363 5025 1670 5090 ἐνιαύσιος
1712 5021 1931 5075 Σαούλ.

333 5127 504 5198 Δηλοῖ
527 5125 770 5180 δὲετοῦτο
805 5127 904 5194 τὴν
932 5123 1218 5194 ἁπλότητα
1256 5120 1354 5192 τῆς
1403 5115 1584 5188 ψυχῆς
1611 5112 1706 5167 τοῦ
1737 5111 1932 5178 Σαοὺλ,

331 5223 408 5292 ἣν
442 5216 558 5292 εἶχε
588 5217 914 5289 βασιλεύων,
947 5211 1093 5289 ᾗπερ
1117 5216 1218 5267 οὐκ
1246 5215 1340 5266 ἐπὶ
1362 5211 1615 5265 πλεῖστον
1639 5207 1933 5278 ἐχρήσατο.

337 5299 512 5366 ’Ὅθεν
570 5311 919 5384 πρόσκειται.
978 5309 1089 5364 Καὶ
1123 5307 1220 5361 δύο
1281 5305 1376 5376 ἔτη
1430 5301 1782 5356 ἐϐασίλευσεν
1844 5299 1938 5350 ἐπὶ

358 5404 582 5476 Ἰσραὴλ
605 5444 623 5472 ,
663 5403 805 5475 μετὰ
846 5400 952 5474 τῆς
983 5401 1292 5472 ἁπλότητος
1322 5397 1546 5468 δηλαδή.
1575 5394 1711 5449 Μεθ’
1737 5393 1776 5448 ἃ
1798 5393 1937 5446 ὐπο-

351 5496 536 5561 κλίνας
565 5497 704 5566 πρὸς
729 5494 1021 5566 πονηρίαν,
1052 5493 1152 5564 τῆς
1202 5490 1354 5555 θείας
1387 5487 1753 5558 ,γεγύμνωται
1779 5487 1940 5556 χάρι-

349 5604 465 5648 τος.
505 5588 668 5642 Ὅθεν
692 5589 722 5642 ό
751 5587 960 5650 λοιπὸς,
1001 5584 1060 5639 ὃν
1089 5582 1435 5648 ἐϐασίλευσε,
1482 5579 1676 5654 χρόνος
1723 5581 1790 5650 τῇ
1846 5576 1942 5630 τού

355 5677 421 5731 Σο
435 5677 528 5730 abit
545 5679 610 5749 δη
617 5678 876 5750 μαγωγίᾳ
890 5675 1207 5744 λελόγισται
1217 5711 1234 5728 .

425 5851 854 5918 ιέαίὲπὰταξεν
901 5851 1192 5910 Ἰωνάθην
1239 5848 1348 5904 τὸν
1397 5847 1654 5918 Νασείμ.
1699 5845 1933 5908 ’Δκύλας

2034 4641 2126 4691 ιιο,
2159 4625 2228 4681 de
2273 4625 2424 4680 omni
2484 4627 2873 4682 misericordia
2951 4643 3120 4698 quam
3175 4625 3442 4680 Dominus
3485 4625 3642 4678 exhi-

2031 4719 2178 4776 buit.

2683 4811 2840 4870 CAP.
2905 4812 3048 4870 XIII.

2090 4927 2275 4984 'Veas.
2314 4928 2366 4983 i.
2393 4927 2528 4985 Cum
2549 4926 2684 4984 Saul
2709 4935 2978 5000 regnaret,
3005 4927 3152 4997 ﬁlius
3170 4929 3330 4982 unius
3356 4925 3641 4983 anuierat.

2038 5020 2410 5094 Symmachus
2469 5019 2720 5090 exponit,
2780 5021 2918 5074 sicut
2973 5034 3105 5088 puer
3161 5019 3470 5073 anniculus.
3521 5020 3645 5084 Quo

2038 5115 2208 5170 verbo
2242 5113 2574 5184 simplicitas
2607 5113 2778 5167 animi
2807 5113 2984 5183 ipsius
3019 5112 3362 5178 ostenditur,
3391 5126 3558 5183 quam
3589 5129 3642 5164 tit

2040 5217 2212 5274 regno
2241 5203 2458 5270 halmit,
2489 5219 2597 5274 qua
2633 5214 2816 5258 tutncn
2850 5217 2960 5256 non
2995 5203 3162 5273 longo
3212 5209 3464 5272 tempore
3513 5217 3648 5258 uena

2039 5305 2148 5350 est.
2183 5295 2461 5361 Quocirca
2493 5295 2738 5361 additur,
2763 5301 2816 5346 et
2845 5293 3063 5348 duobus
3092 5293 3256 5348 annis
3277 5293 3530 5364 regnavit
3552 5308 3645 5348 su-

2043 5400 2141 5456 per
2172 5384 2366 5449 lsrael,
2418 5401 2615 5454 nempe
2669 5400 2794 5439 cum
2840 5384 2932 5438 illa
2983 5398 3199 5437 morum
3255 5383 3644 5454 simplicitate,

2046 5475 2244 5530 Postea
2277 5475 2344 5530 ad
2377 5475 2698 5546 pravitatem
2727 5473 3052 5543 declinans,
3087 5477 3273 5529 divina
3330 5476 3510 5546 gratia
3553 5475 3642 5529 de-

2053 5569 2287 5625 stitutus
2325 5577 2410 5622 est
2506 5567 2632 5622 Inde
2688 5567 2965 5636 reliquum
3037 5567 3204 5620 etiam
3265 5575 3504 5636 tempus,
3537 5581 3650 5634 qui.
3733 5591 3744 5600 ο

2055 5659 2190 5716 Saul
2251 5676 2480 5731 regnum
2544 5659 2971 5727 administravit,
3025 5659 3418 5731 gubernationi
3470 5660 3652 5732 ipsi-us

2055 5753 2394 5822 assignatum
2428 5759 2534 5808 est.

2115 5845 2283 5903 Vens.
2325 5845 2378 5902 5.
2427 5845 2494 5900 Et
2546 5845 2805 5916 percussit
2855 5841 3129 5899 Jouatltau
3173 5841 3389 5899 Nasim.
3453 5835 3658 5907 Διιυίιῦ
