3992 6420
311 411 443 475 ῙΟιδῖ

1318 410 1847 472 [ΣΟΜΜΕἸΤΑΠΙῘ
1903 409 1980 469 IN
2019 408 2162 468 LIB.
2200 408 2227 466 Ι
2268 408 2560 468 REGUM.

3417 407 3554 470 1098

310 530 546 595 Κύριος.
583 525 645 578 Ei
703 527 941 596 ἀνοήτως
973 525 1364 596 ἁνεθεμάτισεν
1398 529 1426 578 6
1471 528 1665 592 Σαοὺλ,
1699 526 1750 578 τί
1781 525 1876 596 δή·

1983 523 2042 577 Si
2103 521 2234 577 Saul
2287 523 2614 592 insipienter
2665 534 2723 580 et
2781 535 2986 575 temere
3043 519 3553 584 anathematizauit,

308 637 435 674 ποτε
472 620 561 671 τὸν
606 617 1050 688 ἁναθεματισμδν
1091 619 1422 671 ἐϐεϐαίωσεν
1455 621 1484 672 6
1517 620 1648 682 Θεός
1676 637 1691 686 ;
1722 619 1878 689 [1ρῶ-

308 728 396 763 τον
420 709 581 763 αὑτὸν
609 709 821 777 ἐλέγχει
851 708 1093 778 ἀνοήτως
1116 708 1557 779 ἐπαρασάμενον,
1589 708 1778 763 ἔπειτα
1797 709 1878 763 δι·-

307 805 494 858 δάσκει
529 802 662 872 μηδὲ
687 803 795 856 τῶν
809 803 1066 856 τοιούτων
1104 803 1462 872 ἁναθεμάτων
1490 803 1876 872 καταφρονεῖν.

321 895 580 948 Ἐνταῦθα
637 893 694 945 δὲ
739 895 768 947 6
804 892 903 964 μὲν
953 895 1154 958 σκοπὸς
1207 882 1574 965 εὐσεϐὴς,ἐίς
1611 891 1746 947 Θεοῦ
1769 895 1880 963 γὰρ

308 985 513 1054 ὡρίσθη
541 984 726 1054 τιμήν.
770 984 964 1054 Ἐχρῆν
999 983 1057 1037 δὲ
1094 987 1319 1038 σκοπεῖν
1347 1024 1362 1049 ,
1387 985 1463 1048 ὡς
1491 987 1519 1038 6
1545 985 1654 1038 τῶν
1711 999 1881 1053 μαχο-

310 1079 486 1144 μένων
519 1075 699 1136 πόνος,
735 1075 825 1126 καὶ
846 1075 1003 1144 δίψαν
1053 1077 1266 1146 ἀνάγκη
1321 1077 1484 1129 ποιεῖ.
1529 1074 1786 1129 Ἰωνάθαν
1817 1067 1881 1126 ’δὲ

308 1187 400 1234 κα.
424 1171 488 1240 τῇ
515 1169 709 1240 ἀγνοίᾳ
731 1168 1073 1232 συνέζευκτο,
1094 1169 1190 1224 καὶ
1209 1169 1414 1240 ταύτην
1435 1168 1569 1238 ἔχων
1588 1166 1724 1238 πρὸς
1747 1166 1883 1220 ἀπο·-

305 1260 514 1327 λογίαν,
543 1262 689 1331 ὅμως
738 1261 898 1332 ἄχρις
951 1261 1123 1332 αὐτῆς
1176 1261 1522 1314 ἐκινδύνευσε
1562 1261 1660 1331 τῆς
1713 1258 1884 1326 ζωῆς,

320 1353 459 1403 Ἀλλ’
483 1353 772 1424 ἀπηλλάγη
813 1353 902 1406 διὰ
953 1353 1052 1424 τὴν
1100 1351 1198 1406 τοῦ
1225 1351 1354 1406 λαοῦ
1398 1351 1614 1406 δικαίαν
1646 1365 1879 1417 συνηγο-

312 1459 454 1512 ριαν.

903 1705 1154 1760 ΚΕΦΑΛ.
1180 1703 1282 1762 IE'.

378 1794 895 1865 Μεταμεμέλημαι,
929 1796 1020 1850 ὅτι
1053 1797 1268 1866 ἕχρισα
1301 1797 1406 1852 τὸν
1434 1797 1633 1854 Σαοὺλ
1661 1800 1749 1864 είς
1767 1799 1884 1862 ,ϐα-ι

1980 630 2080 669 cur
2132 615 2276 668 Deus
2307 615 2828 670 anathematismum
2880 614 3038 668 illum
3088 622 3269 668 ratum
3314 613 3560 668 habuit?

1979 706 2221 760 Primum
2263 720 2388 760 eum
2421 704 2726 775 redarguit,
2759 714 2814 759 et
2866 704 3172 769 convincit,
3215 703 3363 774 quod
3387 704 3556 760 devo-

1978 797 2186 851 tionem
2221 795 2606 864 imprudenter
2629 793 2838 850 fecerit.
2879 793 3090 850 Deinde
3135 794 3349 862 docuit,
3381 811 3562 866 neque

1980 886 2252 955 ejusmodi
2313 885 2666 941 anathemata
2723 885 3138 940 contemnenda.
3185 901 3332 943 esse.
3399 887 3559 941 Pium

1983 992 2114 1032 vero
2149 978 2236 1030 hic
2263 990 2492 1046 scopum
2521 977 2806 1046 praeﬁxum
2839 978 3038 1045 habet;
3069 979 3136 1032 ad
3164 979 3259 1034 Dei
3273 980 3420 1035 enim
3443 979 3560 1048 glu-

1980 1066 2120 1121 riam
2151 1065 2429 1135 dirigitur.
2467 1065 2600 1120 Erat
2647 1074 2854 1125 autem.
2885 1069 3372 1134 considerandum,
3411 1069 3558 1140 quod

1980 1159 2348 1229 pugnantium
2386 1157 2566 1224 labor,
2595 1166 2652 1213 et
2679 1160 2988 1214 necessitas
3025 1161 3178 1216 sitim
3209 1161 3426 1218 efﬁciat.
3463 1162 3560 1217 Jo-

1983 1251 2210 1310 uathau,
2242 1248 2348 1304 etsi
2379 1249 2701 1319 ignorantia
2749 1250 3069 1318 implicatus
3103 1253 3196 1319 sit,
3224 1270 3461 1324 eamque
3487 1255 3558 1310 ad

1981 1339 2065 1394 sui
2084 1337 2786 1410 defensionem‘prietexere
2801 1348 3055 1410 poterat;
3085 1353 3270 1399 tamen
3294 1347 3348 1400 in
3379 1347 3555 1400 maxi-

1979 1445 2128 1484 mum
2176 1430 2508 1500 periculum,
2543 1439 2598 1486 et
2645 1441 2953 1486 extremum
3003 1447 3142 1502 pene
3182 1439 3308 1490 vitae
3357 1437 3560 1490 discri-

1981 1536 2106 1575 men
2155 1520 2321 1574 venit.
2361 1517 2520 1576 Justa
2567 1535 2699 1576 vero
2764 1519 2951 1591 populi
2992 1521 3314 1579 defensioue
3359 1525 3566 1579 libet-a-

1983 1619 2072 1668 llIS
2103 1618 2208 1667 88L

2626 1703 2778 1760 CAP.
2811 1703 2930 1772 ΧΥ.

2066 1790 2231 1849 Vens.
2263 1794 2350 1850 Η.
2380 1792 2610 1849 Paenitet
2663 1809 2764 1860 me,
2807 1797 2946 1866 quod
2997 1794 3212 1852 Saulem
3259 1799 3318 1853 in
3371 1813 3559 1865 regem.

305 1888 509 1943 σιλέα.
540 1887 887 1956 Μεταμέλεια
906 1887 1041 1940 Θεοῦ
1063 1889 1098 1956 ἡ
1127 1888 1223 1958 τῆς
1246 1889 1556 1958 οἰκονομίας
1582 1890 1876 1959 μεταϐολή.

1982 1883 2310 1939 Poenitentia
2367 1883 2461 1939 Dei
2523 1893 2608 1940 est
2655 1885 3094 1954 dispensationis
3151 1889 3327 1958 ipsius
3383 1897 3562 1942 muta—

307 1972 434 2030 Οἷον
495 1975 829 2046 προύϐάλετο
893 1975 982 2029 τὸν
1043 1977 1238 2038 Σαοὺλ,
1269 1977 1356 2030 διὰ
1397 1979 1456 2030 τὸ
1483 1979 1578 2032 τοῦ
1627 1979 1880 2050 σώματος

305 2069 640 2134 ἀξιοθέατον,
669 2068 769 2122 οὐκ
801 2069 963 2132 αὐτὸς
981 2067 1142 2120 τοῦτο
1169 2067 1364 2138 τιμῶν,
1401 2069 1620 2123 πάντων
1652 2069 1762 2140 γὰρ
1788 2069 1881 2140 δη-

309 2159 605 2234 μιουργὸς,
633 2159 723 2211 διὰ
759 2159 819 2213 δὲ
858 2159 950 2212 τὸν
991 2157 1151 2221 λαὸν,
1178 2159 1247 2212 τὰ
1297 2159 1418 2212 κατ’
1442 2158 1698 2230 αἴσθησιν
1743 2160 1882 2230 μόνα

304 2249 446 2304 καλὰ
474 2241 842 2318 θαυμάζοντα.
883 2249 1039 2302 Ἐπεὶ
1067 2249 1165 2302 καὶ
1204 2251 1494 2318 Ζακχαῖος,
1548 2251 1742 2320 μικρὸς
1777 2251 1878 2315 ὢν,

301 2341 398 2392 τὸν
436 2339 713 2410 Δεσπότην
755 2339 993 2404 ἐδέξατο.
1031 2340 1145 2394 Καὶ
1181 2339 1469 2410 Σαμουὴλ,
1495 2340 1614 2403 νέος
1653 2341 1750 2405 ὢν,
1781 2341 1882 2411 τῆς

303 2430 457 2490 θείας
503 2429 823 2497 ἐπιφανείας
862 2429 1112 2500 ἠξίωται.
1169 2429 1523 2501 Προὺτιμήθη
1565 2430 1744 2484 δὲκαὶ
1772 2431 1882 2484 τῶν

308 2519 577 2592 μειζόνων
615 2521 712 2574 καὶ
748 2520 1138 2592 πρεσϐυτέρων
1195 2521 1440 2591 ἀδελφῶν
1467 2523 1495 2574 6
1524 2521 1708 2578 Δαϐίὸ.
1745 2523 1882 2576 Οὑδέ

303 2608 418 2676 γὰρ
449 2607 699 2676 μέγεθος,
724 2607 758 2679 ἢ
792 2607 1008 2674 πολιὰν,
1047 2609 1247 2680 ἀρετῆς
1275 2612 1538 2682 προτιμᾷ.
1565 2612 1768 2683 Διόπερ
1787 2611 1884 2664 ἀν-

303 2697 594 2769 θρωπίνως
615 2698 770 2770 φησι,
791 2700 1306 2770 Μεταμεμέλημαι·
1327 2702 1632 2772 ἀνθρώποις
1650 2703 1746 2757 καὶ
1761 2703 1884 2757 τού-

299 2806 418 2853 τοις
481 2791 758 2860 ἀγροίκοις
805 2790 1183 2861 διαλεγόμενος
1203 2807 1218 2824 °
1249 2793 1350 2864 τὴν
1381 2795 1475 2848 ἐπὶ
1507 2794 1674 2848 Δα6ὶδ
1719 2795 1882 2867 μετά-

303 2877 466 2930 6ασιν
489 2879 585 2949 τῆς
619 2879 896 2950 βασιλείας
931 2879 1129 2953 δηλῶν.

371 3159 564 3228 ’Δνες,
597 3159 700 3216 καί
725 3163 1034 3234 ἐπαγ-γε.ιῶ
1053 3181 1174 3222 σοι.
1209 3165 1274 3223 Ei
1301 3168 1395 3222 καὶ
1423 3173 1732 3244 προφήτης,
1763 3173 1880 3228 ἀλλ’
1907 3203 1952 3262 c

301 3253 448 3307 αἰτεί
496 3257 842 3326 παρρησίαν,
876 3257 954 3320 ὡς
1003 3259 1137 3328 πρὸς
1195 3258 1421 3330 βασιλέα
1469 3263 1879 3336 διαλεγόμενος.

315 3343 746 3416 Ἀναμιμνήσκει
772 3347 828 3400 δέ
866 3348 1028 3402 αὑτὸν
1070 3347 1180 3402 τῶν
1209 3351 1316 3422 πρὸ
1343 3353 1442 3422 τῆς
1471 3353 1750 3423 βασιλείας
1781 3359 1882 3412 a6-

207 3445 214 3449 '
299 3434 398 3486 τοῦ
428 3434 622 3503 λόγων.

377 3610 477 3662 Διὰ
524 3607 592 3662 τὸ
635 3608 898 3664 ἀκοῦσαί
927 3627 1006 3681 με
1033 3611 1145 3682 τῆς
1164 3613 1372 3685 φωνῆς
1397 3616 1505 3671 τοῦ
1542 3618 1719 3672 λαοῦ.
1753 3619 1879 3682 Τοῖς

301 3697 400 3750 τοῦ
439 3698 611 3768 Ἀδὰμ
639 3700 732 3752 καὶ
753 3702 782 3754 6
815 3701 986 3756 Σαοὺλ
1015 3704 1152 3774 πρὸς
1176 3706 1268 3758 τὸν
1295 3709 1583 3780 προφήτην
1612 3709 1878 3780 κέχρηται

300 3787 482 3856 λόγοις
505 3805 520 3820 ⁶
549 3790 734 3858 ὅμοιον
777 3791 885 3862 γὰρ
918 3793 1014 3862 τῷ,
1045 3813 1065 3847 ι
1100 3797 1164 3848 'H
1201 3797 1373 3869 γυνὴ,
1398 3799 1468 3870 ἢν
1510 3799 1715 3864 ἔδωκας
1758 3803 1878 3872 μετ’

299 3879 462 3949 ἐμοῦ,
496 3881 634 3949 αὐτῆ
665 3899 754 3950 μοι
781 3881 1000 3938 ἔδωκεν.
1043 3904 1064 3938 ι

386 3966 557 4031 Ἰδοὺ,
583 3969 655 4022 οὐ
689 3969 850 4024 θέλει
878 3974 912 4025 ό
940 3973 1164 4040 Κύριος
1197 3975 1658 4042 ὁλοκαυτώσεις.
1692 3978 1791 4032 Διά
1816 3978 1878 4032 τὸ

293 4058 391 4110 τὸν
421 4059 592 4110 Σαοὺλ
617 4061 812 4126 εἰπεῖν,
841 4065 920 4125 είς
950 4062 1141 4119 θυσίαν
1169 4066 1550 4139 ἀνενηνοχεναι
1582 4069 1651 4122 τὰ
1677 4067 1876 4140 βουκό-

293 4147 411 4208 λια,
453 4151 548 4201 καὶ
577 4150 644 4202 τὰ
678 4152 908 4222 ποίμνια

379 4239 502 4292 Ὅτι
535 4239 790 4309 ἁμαρτία
827 4241 1120 4314 οἱὼνισμά
1146 4247 1318 4302 ἐστιν
1345 4257 1870 4326 παραπικρασμός.

308 4327 532 4382 ’Λδιιιία
579 4333 677 4384 καί
725 4335 1006 4403 θεραςρείν
1050 4339 1301 4410 ὀδύνην,
1337 4345 1436 4396 καὶ
1481 4347 1704 4412 πόνους
1769 4348 1874 4401 ἐπ-

286 4420 573 4490 άγουσιν.
594 4423 910 4495 Σύμμαχος,
937 4427 1059 4482 Ὅτι
1086 4431 1342 4498 ἁμαρτία
1359 4433 1468 4502 τῆς
1489 4439 1778 4504 μαντείας
1803 4438 1870 4493 τὸ

1983 1975 2080 2029 ιίο.
2128 1973 2380 2046 Exempli
2412 1977 2629 2044 gratia:
2662 1973 2882 2031 Saulem
2929 1977 3130 2048 delegit
3156 1989 3380 2050 propter
3405 1993 3566 2050 egre-

1981 2067 2122 2136 giam
2158 2076 2426 2120 staturam
2457 2067 2732 2135 corporis.
2763 2065 2884 2121 Non
2919 2071 3064 2138 quod
3106 2070 3226 2138 ipse
3260 2071 3402 2125 tanti
3438 2084 3560 2126 eam

1983 2157 2210 2220 faceret,
2259 2157 2356 2228 qui
2410 2158 2658 2212 omnium
2695 2167 2782 2213 est
2825 2159 3008 2228 opifex
3033 2198 3048 2224 ,
3078 2159 3175 2214 sed
3207 2167 3433 2231 propter
3462 2173 3563 2230 po-

1983 2247 2200 2314 pulum,
2239 2247 2332 2316 qui
2383 2262 2468 2310 ea,
2519 2261 2640 2314 quae
2687 2248 2948 2304 sensibus
3004 2249 3232 2318 pulchra
3271 2257 3559 2319 apparent,

1981 2346 2195 2392 tantum
2233 2337 2490 2406 suspicit,
2526 2347 2582 2394 et
2615 2339 2946 2396 admiratur.
2974 2340 3108 2394 Nam
3132 2341 3402 2398 Zachaeus
3423 2358 3563 2410 quo-

1981 2444 2110 2497 que,
2167 2429 2258 2496 qui
2311 2428 2566 2500 pusillam
2605 2431 2858 2500 corporis
2909 2439 3178 2488 staturam
3212 2433 3424 2495 habuit,
3459 2431 3562 2488 Do-

1983 2521 2194 2576 minum
2229 2524 2484 2590 excepit;
2516 2521 2762 2587 Samuel,
2791 2523 2924 2587 licet
2969 2525 3160 2594 junior
3175 2534 3344 2592 esset,
3375 2529 3562 2582 divina

1983 2613 2330 2682 apparitione
2381 2615 2643 2684 dignatus
2691 2621 2812 2680 est;
2865 2615 3033 2671 David
3090 2619 3358 2674 fratribus
3425 2629 3560 2675 natu

1985 2705 2284 2774 majoribus
2313 2708 2624 2776 praefertur.
2652 2708 2798 2765 Deus
2826 2710 2975 2766 enim
3013 2727 3192 2782 neque
3225 2713 3564 2784 magnitudi-

1973 2812 2134 2868 _nem,
2175 2812 2352 2868 neque
2383 2806 2725 2854 senectutem
2744 2800 2940 2857 virtuti
2969 2805 3276 2874 anteponit.
3305 2804 3562 2863 Humano

1983 2886 2155 2956 igitur
2184 2902 2340 2944 more
2361 2888 2497 2944 dicit
2533 2907 2546 2944 :
2580 2888 2805 2946 Paenitet
2829 2908 2930 2948 me.
2958 2893 3231 2964 Loquitur
3261 2897 3408 2952 enim
3435 2914 3560 2954 cum

1981 2976 2328 3043 hominibus,
2357 2980 2539 3052 iisque
2576 2982 2878 3054 imperitis,
2906 2995 2960 3040 et
3009 2987 3280 3053 rudibus;
3315 2991 3470 3060 regni
3505 2991 3564 3047 in

1986 3070 2246 3128 Davidem
2272 3074 2690 3130 translationem
2723 3077 3074 3146 signiﬁcans.

2047 3156 2213 3216 Vens.
2236 3159 2324 3216 i6.
2349 3159 2496 3226 Sine,
2515 3172 2564 3216 et
2581 3159 2913 3220 annuntiabo
2945 3166 3062 3226 tibi.
3083 3168 3411 3243 Quanquam
3438 3191 3565 3243 pro-

1986 3249 2147 3321 pheta
2213 3252 2308 3316 sit,
2361 3263 2566 3318 tamen,
2607 3271 2794 3324 regem
2843 3257 3206 3328 allocuturus,
3260 3264 3430 3320 libere
3484 3266 3564 3319 Io-

1983 3343 2187 3413 quendi
2217 3345 2432 3414 eopiam
2465 3347 2622 3416 petit.
2655 3345 2902 3404 Revocat
2929 3351 2978 3404 ei
3013 3352 3066 3404 in
3097 3356 3420 3410 memoriam
3445 3373 3565 3412 ser-v

1983 3450 2197 3497 mones,
2246 3451 2388 3506 quos
2427 3451 2556 3492 cum
2588 3454 2654 3494 eo
2694 3431 2912 3508 ﬁahuit,
2956 3444 3280 3516 priusquam
3323 3464 3556 3520 regnum

1983 3527 2311 3594 accepisset.

2056 3612 2224 3669 Vsns.
2253 3615 2344 3672 20.
2378 3617 2521 3684 Quia
2555 3617 2737 3674 audivi
2759 3634 2930 3676 vocem
2951 3624 3153 3692 populi.
3172 3624 3366 3683 Adami
3390 3646 3562 3687 excu-

1983 3709 2198 3762 satione
2251 3709 2320 3763 ad
2368 3711 2695 3778 prophetam
2739 3711 2873 3767 Saul
2913 3730 3133 3786 quoque
3162 3733 3300 3776 usus
3323 3730 3429 3776 est.
3465 3722 3557 3780 Si-

1981 3801 2110 3855 mile
2141 3801 2286 3856 euim
2317 3811 2403 3858 est
2431 3803 2560 3859 huic
2588 3821 2604 3858 :
2645 3821 2665 3856 ι
2693 3801 2908 3871 Mulier,
2942 3822 3106 3876 quam
3155 3809 3358 3868 dedisti
3396 3817 3554 3884 mihi,

1981 3892 2098 3962 ipsa
2128 3892 2276 3947 dedit
2303 3895 2460 3948 mihi.
2501 3914 2522 3948 ι

2045 3981 2320 4039 Vens.22.
2356 3984 2490 4040 Ecce
2535 4003 2638 4041 non
2684 3988 2808 4042 vult“
2823 3989 3084 4048 Dominus
3111 3994 3445 4054 holocausta.
3481 4001 3556 4058 Eo

1978 4076 2122 4142 quod
2153 4073 2282 4130 Saul
2341 4077 2572 4134 dixisset
2621 4080 2689 4134 ad
2729 4081 3072 4137 sacriﬁcium
3104 4098 3262 4151 oves,
3300 4101 3356 4144 et
3383 4091 3553 4150 boves

1978 4165 2246 4222 adductos
2276 4183 2425 4224 esse.

2047 4255 2208 4326 515
2241 4257 2405 4314 Vens.
2449 4261 2540 4315 23.
2581 4261 2844 4328 Quoniam
2891 4279 3164 4334 peccatum
3188 4272 3440 4328 ariolatio
3475 4289 3553 4330 est

1975 4347 2234 4414 irritatio,
2265 4351 2538 4416 iniquitas,
2570 4363 2621 4408 et
2653 4355 2949 4426 theraphim
2972 4358 3230 4423 dolorem,
3255 4377 3300 4418 et
3338 4369 3550 4422 labores

1975 4439 2252 4503 inducunt,
2283 4451 2391 4497 etc.
2427 4442 2814 4515 Symmachus,
2849 4447 2990 4514 Quia
3017 4466 3290 4520 peccatum
3336 4462 3548 4526 augurii

288 4510 686 4603 προσερίςειν·
708 4516 745 4584 ἠ
759 4515 827 4568 δὲ
839 4517 1060 4586 ἀνομία
1084 4521 1202 4575 τῶν
1223 4523 1485 4580 εἰδώλων
1523 4529 1590 4582 τὸ
1612 4529 1870 4587 ἀπιθεῖν.

1982 4541 2050 4586 est
2069 4534 2355 4600 contentio,
2373 4543 2647 4603 peccatum
2665 4548 2840 4592 autem
2877 4539 3222 4603 idololatrian,
3243 4510 3547 4600 inobedien-

298 4601 474 4655 Ἴσον
499 4599 616 4658 οὖν
667 4605 849 4676 ἤγαγε
886 4608 960 4678 τῇ
981 4611 1226 4681 ἀσεϐείᾳ
1246 4617 1313 4668 τὸ
1346 4617 1643 4686 dato-ﬁam
1673 4621 1690 4660 ί
1725 4623 1868 4688 Θεῷ.

290 4694 436 4762 Φησὶ
460 4695 516 4748 δέ
541 4713 624 4760 τις
650 4699 746 4770 την
791 4701 981 4757 ἄνοιαν
1015 4707 1148 4769 ἴσως
1195 4707 1296 4778 τὴν
1325 4709 1484 4763 ἐνίων
1508 4713 1866 4782 αἰνίττεσθαι,

290 4787 482 4839 οίωνδν
521 4789 726 4844 ὑποπτε
737 4793 942 4848 υόντων
973 4796 1160 4862 κακὸν,
1187 4797 1247 4850 τὸ
1273 4802 1626 4871 νενικηκότας
1651 4805 1726 4876 μὴ
1744 4824 1872 4878 κερ-

282 4875 444 4928 δᾶναι
470 4878 569 4958 τὴν
591 4879 762 4935 λείαν.
783 4885 996 4954 Ὥσπερ
1018 4886 1154 4940 δὲτὸ
1171 4890 1334 4958 ἐφοῖδδ
1353 4892 1604 4948 ἀνέκειτο
1626 4897 1702 4966 τῷ
1718 4875 1865 4970 Θεῷ,

282 4965 384 5016 καὶ
403 4965 473 5018 δι’
491 4969 656 5022 αὑτοῦ
675 4973 786 5033 τοῖς
807 4973 1086 5042 ἐρωτῶσιν
1104 4978 1434 5048 ἐσημαίνετο
1461 4984 1521 5036 τὸ
1543 4965 1825 5054 πρακτέον
1851 5008 1864 5022 ο

273 5053 430 5109 οὕτω
469 5057 558 5110 διὰ
599 5059 694 5113 τοῦ
745 5061 1005 5132 θεραφεὶν
1057 5069 1114 5120 αἱ
1156 5070 1264 5122 τῶν
1300 5072 1534 5128 είδώλων
1578 5077 1866 5148 ἐδηλοῦντο

274 5147 642 5215 προρρήσεις.
697 5151 927 5222 Προῄδει
973 5156 1072 5223 μὲν
1102 5153 1194 5211 οὖν
1219 5161 1246 5212 6
1275 5159 1408 5224 Θεὸς
1436 5162 1531 5216 τοῦ
1563 5164 1736 5219 Σαοὺλ
1768 5167 1864 5220 καὶ

274 5235 380 5294 τὰς
413 5234 676 5302 ἐσομένας
723 5245 1222 5309 παρανομίας,ὰλλ’
1257 5247 1490 5317 ἤρκεσεν
1537 5251 1570 5320 ή
1617 5251 1864 5323 παροῦσα

275 5327 380 5387 καὶ
409 5325 547 5396 μόνη
588 5328 688 5398 τὴν
733 5331 966 5402 ἐσχάτην
1020 5335 1172 5405 αὐτῷ
1215 5341 1490 5408 τιμωρίαν
1523 5341 1858 5412 ἐπενεγκεῖν.

275 5417 412 5503 Δεον
428 5417 536 5487 γὰρ
558 5413 624 5488 ἦν
644 5421 894 5486 συνιδεῖν,
917 5423 990 5486 ὡς
1009 5425 1145 5479 Θεοῦ
1168 5429 1579 5501 φιλανθρωπίας
1605 5436 1704 5503 μία
1727 5453 1861 5489 στα-

276 5500 399 5596 γόυν
439 5508 622 5596 πᾶσαν
647 5509 963 5582 ἁγαθότητα
1003 5517 1112 5570 τῶν
1159 5519 1463 5590 ἀνθρώπων
1511 5500 1636 5596 νικᾷ
1659 5545 1674 5558 ο
1703 5530 1732 5581 6
1765 5530 1860 5592 ita}

275 5588 789 5669 φιλανθρωπότερος
809 5599 946 5670 ᾤετο
977 5588 1279 5672 φανεῖσθαι
1295 5609 1432 5664 Θεοῦ
1463 5588 1629 5684 μηδέν
1669 5637 1729 5671 τε
1766 5588 1855 5673 κεξ

1975 4625 2082 4688 tia;
2118 4633 2290 4694 aquat
2321 4626 2484 4696 igitur
2514 4629 2797 4696 impietati,
2827 4630 2874 4683 si
2903 4633 3020 4700 quis
3053 4631 3283 4688 Deonon
3312 4637 3546 4693 obcdiat.

1972 4715 2207 4780 Quidam
2260 4728 2446 4770 autem
2476 4717 2612 4772 dicit
2667 4722 3033 4786 quorumdam
3071 4727 3366 4781 amentiam
3404 4728 3549 4787 forte

1970 4806 2208 4860 obscure
2265 4806 2587 4875 signiﬁcari,
2631 4811 2723 4878 qui
2768 4811 2973 4866 malum
3017 4814 3152 4869 illud
3191 4821 3546 4889 suspicantur

1969 4897 2261 4966 augurium
2314 4913 2462 4963 esse,
2497 4899 2542 4956 si
2607 4902 2848 4960 victores
2879 4906 3059 4975 praeda
3089 4923 3198 4964 non
3239 4913 3542 4981 potiantur.

1967 4992 2144 5043 Porro
2189 4991 2658 5060 quemadmodum
2706 5011 2806 5065 per
2848 4999 3048 5067 ephod,
3083 4999 3192 5055 Deo
3242 5019 3539 5060 consecra-

1969 5089 2104 5146 tum,
2136 5081 2398 5150 quidnam
2423 5086 2692 5154 agendum
2722 5097 2890 5152 esset,
2922 5093 3344 5150 consulentibus
3381 5098 3546 5167 signi-

1967 5172 2238 5232 ﬁcabatur
2262 5191 2278 5235 ;
2304 5173 2378 5228 ita
2405 5189 2501 5244 per
2523 5176 2832 5245 theraphim
2858 5179 3130 5235 idolorum
3155 5185 3568 5253 praedictiones.

1963 5261 2412 5319 declarabantur.
2472 5263 2619 5321 Deus
2674 5267 2842 5338 igitur
2895 5268 3080 5326 Saulis
3132 5277 3294 5328 etiam
3352 5275 3541 5334 futura

1961 5362 2186 5423 peccata
2257 5355 2510 5424 praevidit
2553 5357 2800 5425 quidem,
2849 5360 2944 5415 sed
2989 5361 3190 5416 sulﬁeit
3247 5378 3538 5436 peccaturo

1959 5461 2224 5514 praesens,
2252 5456 2310 5502 ut
2341 5447 2423 5502 vel
2457 5447 2532 5503 ob
2555 5449 2660 5503 hoc
2682 5451 2864 5505 solum
2890 5462 3198 5509 extremum
3231 5459 3298 5513 de
3320 5474 3386 5514 eo
3412 5477 3541 5533 sup-

1960 5537 2187 5606 plicium
2216 5547 2489 5594 sumatur.
2524 5538 2742 5596 Etenim
2793 5538 2940 5599 scire
2981 5561 3106 5600 eum
3152 5553 3536 5620 tonveniebat,

1963 5629 2180 5683 unicam
2225 5639 2434 5699 guttam
2479 5633 2686 5688 amoris
2722 5633 2837 5702 Dei,
2871 5651 2980 5707 quo
3011 5637 3267 5697 homines
3299 5648 3539 5716 compte.

1552 5710 1782 5770 VARI/ﬁ
1821 5719 2226 5780 LECTIONES.

359 5776 435 5819 ιιι
472 5778 534 5836 C.
566 5780 634 5835 N.
678 5784 998 5860 ἀπειθῆσαι.
1282 5860 1284 5863 ,

607 5873 878 5941 Ριτιιοι..
928 5883 1018 5948 Gtt
1031 5930 1045 5946 .
1075 5888 1174 5948 LX
1189 5891 1240 5950 Χ
1255 5892 1301 5951 Χ
1318 5893 1452 5954 VII.

3093 5919 3172 5981 35
