3992 6390
453 379 592 444 1399
1745 383 2092 442 i‘l‘tOCOPil
2135 387 2377 445 G.-i'/..E[
3573 384 3712 452 1109

451 491 643 552 ctilnr,
678 504 894 543 omnem
933 489 1216 543 hominum
1245 489 1568 556 bonitatem,
1601 494 2019 549 etclententiam

2129 498 2371 563 λευσθεῖς
2423 501 2788 572 ἀποκερῗᾶιαι
2841 501 2940 570 τῆς
2965 501 3136 562 λείας,
3170 498 3440 568 ἐπανῆλθε
3468 501 3535 553 τὰ
3565 504 3672 554 κάλ
3692 533 3710 542 -

453 583 613 650 longe
647 594 949 648 superare;
990 582 1112 647 ipso
1145 588 1324 634 tamen
1357 580 1466 635 Deo
1495 582 1820 638 clementior
1854 587 2019 640 videri

2130 588 2290 643 λιστα
2332 591 2724 660 κομισάμενος.
2779 593 2886 643 Καὶ
2940 591 3100 653 αὐτὸς
3131 592 3320 660 ὁρίσας
3356 593 3563 661 τροφῆς
3601 609 3713 662 μη-

451 671 646 726 vniuit.
691 671 940 738 Cumque
985 670 1119 722 nihil
1163 669 1231 720 de
1265 671 1447 738 praeda
1499 671 1801 743 decerpere
1831 675 2026 744 jussus

448 772 615 827 esset,
645 760 1042 830 pretiosissima
1068 759 1316 816 abduxit.
1347 761 1470 832 Ipse
1503 764 1722 817 interim
1741 766 2020 834 jejunium

447 852 716 916 indicens,
749 865 911 906 suum
953 850 1057 905 hoc
1079 851 1362 905 decrettnn
1408 854 1726 919 defendere,
1763 867 1817 911 et
1847 858 2027 912 vituli-

444 958 577 997 care
609 943 1104 1013 satagebatmeqne
1135 945 1361 1014 proprio
1385 945 1528 999 Filio
1563 947 1882 1002 misericors
1915 949 2026 1003 sci-

445 1034 575 1088 licet
611 1034 891 1104 parcebat.
925 1036 1357 1096 Atnelecltvero.
1378 1053 1538 1106 quem
1570 1035 1712 1092 Deus
1739 1055 1866 1107 tnon
1891 1031 2022 1108 pro-

443 1135 562 1194 pter
597 1125 932 1195 impietatem
965 1141 1095 1197 erga
1134 1143 1216 1192 se,
1246 1128 1340 1182 sed
1376 1138 1602 1198 propter
1637 1131 2021 1186 crudelitatem

439 1220 494 1271 in
555 1219 815 1286 populum
865 1218 1050 1286 suum)
1103 1219 1617 1286 anathematizavit,
1647 1222 1921 1292 neglecto,
1971 1231 2026 1277 et

439 1309 738 1377 prmterito,
789 1324 970 1378 neque
1021 1309 1206 1363 Achar
1257 1310 1511 1380 exemplo
1555 1312 1776 1365 cautior
1815 1313 2019 1378 factus,

440 1415 530 1454 res
574 1399 1008 1469 pretiosissimas
1039 1401 1274 1470 accepit.
1310 1400 1468 1466 Quod
1500 1410 1684 1458 autem
1718 1404 1863 1460 Deus
1901 1418 2022 1474 pte-

437 1506 564 1545 nam
591 1491 1024 1545 Amalecitarum
1065 1493 1354 1562 hucusque
1379 1494 1610 1556 distulit.
1652 1494 1832 1564 ipsius
1853 1497 2022 1551 etiam

435 1597 566 1650 erga
595 1582 850 1636 homines
887 1583 1094 1638 amoris
1133 1593 1239 1648 est,
1275 1595 1330 1638 et
1359 1585 1738 1654 benignitatis,
1767 1588 1863 1656 qui
1895 1595 2021 1642 tan—

437 1683 553 1728 tum
615 1673 884 1744 temporis
933 1675 1280 1744 pmnitentiaa
1331 1675 1582 1746 ipsormn
1635 1677 1886 1741 dedit.et
1924 1695 2021 1733 ex-

439 1771 730 1838 spectavit,
769 1769 950 1826 donec
979 1785 1241 1825 mensura
1295 1781 1650 1841 peccatorum
1689 1773 2012 1844 adimplere-

437 1866 549 1912 tnr.
579 1858 716 1913 Cum
749 1859 970 1915 interim
1004 1860 1106 1930 ipsi
1129 1861 1251 1917 loco
1274 1862 1631 1931 pmnitentia,
1657 1878 1822 1932 quam
1858 1879 2022 1934 agere

437 1951 726 2017 deberent,
775 1961 1003 2022 peccata
1061 1954 1305 2024 peccatis
1353 1955 1739 2022 cumularent;
1781 1970 2020 2026 cumque

438 2052 518 2098 tot
564 2053 830 2115 tantaque
891 2046 1164 2100 miracula
1251 2046 1304 2100 in
1358 2053 1660 2116 conspectu
1713 2046 2020 2111 baberent,

436 2151 560 2206 quae
606 2136 660 2190 in
704 2135 912 2206 populo
960 2136 1266 2193 Israelitico
1301 2138 1469 2203 edita,
1501 2152 1600 2193 eos
1635 2137 1700 2192 ad
1739 2139 2020 2208 pmniten—

404 2229 566 2282 'tiam
623 2243 931 2299 provocare
967 2229 1320 2296 debuerunt;
1353 2229 1500 2300 quod
1549 2245 1682 2285 vero
1706 2271 1720 2297 ,
1753 2245 1877 2284 cum
1912 2245 2022 2284 ma-

429 2323 582 2389 jores
615 2321 923 2391 peccarint,
955 2321 1161 2390 posteri
1219 2322 1569 2391 puniuntur;
1608 2321 1846 2390 primum
1892 2321 2020 2391 qui-
2053 2349 2059 2356 -

434 2411 560 2468 dem
614 2413 682 2466 ab
724 2411 835 2466 illis
898 2426 1159 2467 mensura
1200 2422 1284 2467 est
1339 2412 1587 2482 impleta,
1633 2427 1758 2467 cum
1803 2420 2018 2468 tantum

432 2503 730 2574 praeteritis
772 2501 1016 2572 peccatis
1073 2500 1425 2571 adjecerint;
1473 2501 1704 2570 deinde,
1756 2517 1880 2557 cum
1929 2503 2020 2572 ju-

432 2602 580 2649 stum
634 2595 708 2648 sit
755 2593 974 2649 Domini
1011 2591 1308 2663 judicium,
1353 2593 1596 2663 majores
1651 2595 1818 2651 etiam
1869 2595 2022 2665 ipso-

433 2700 554 2738 l‘lllll
603 2697 798 2754 pmnas
853 2697 960 2737 non
1027 2680 1504 2752 subterfugerunt.
1546 2683 1714 2756 Atqui
1768 2687 1848 2752 bi,
1892 2702 2016 2742 cum

433 2781 664 2835 meritas
697 2793 890 2848 poenas
923 2777 1203 2839 dederint,
1240 2777 1366 2832 aliis
1390 2777 1446 2834 in
1477 2779 1791 2849 exemplum
1817 2796 2020 2850 propo-

432 2870 526 2923 siti
567 2878 727 2934 snnt;
759 2867 1082 2938 temperatis
1133 2881 1235 2936 pro
1277 2867 1477 2921 merito
1506 2867 1564 2922 in
1600 2869 1726 2934 hoc,
1762 2880 1817 2925 et
1851 2871 2017 2925 etiam

2127 680 2250 734 δένα
2285 681 2632 750 μεταλαϐεῖν,
2674 683 2766 734 τὸν
2813 682 2941 734 ἴδιον
2975 683 3100 750 ὅρον
3143 682 3382 736 ἐκδικεῖν
3438 685 3715 750 κατηπεί-

2127 788 2274 838 γετο,
2303 771 2437 842 μηδὲ
2474 772 2661 836 παιδὸς
2691 773 2720 825 6
2756 773 2916 840 δῆθεν
2952 772 3198 842 ἐλεήμων
3235 772 3568 841 φειδόμενος.
3602 775 3716 827 Τοῦ

2126 863 2182 916 δὲ
2205 864 2340 916 Θεοῦ
2365 865 2454 916 τὸν
2488 865 2734 935 Ἀμαλὴκ
2757 863 3276 934 ἀναθεματίσαντος,
3309 865 3370 916 οὺ
3392 864 3482 917 διὰ
3504 865 3604 935 τὴν
3633 868 3718 927 εἰς

2125 954 2291 1006 αὐτὸν
2323 954 2598 1021 ἀσέϐειαν,
2628 955 2718 1008 διὰ
2748 955 2806 1008 δὲ
2835 955 2894 1008 τὸ
2929 954 3056 1024 περὶ
3083 953 3173 1007 τὸν
3195 953 3320 1006 λαὸν
3344 954 3570 1030 ἀπηνὲς,
3600 971 3714 1006 πα-

2129 1044 2302 1113 ραϐὰς
2351 1045 2623 1115 λαμϐάνει
2658 1045 2726 1098 τὰ
2781 1045 3068 1110 κάλλιστα,
3103 1045 3239 1114 μηδὲ
3289 1045 3366 1114 τῷ
3394 1044 3492 1097 τοῦ
3535 1045 3718 1115 Ἀχὰρ

2128 1135 2522 1203 σωφρονισθείς
2550 1136 2928 1207 ὑποδείγματι.
2959 1136 3021 1188 Ei
3059 1135 3116 1188 δὲ
3148 1135 3338 1205 παρίδε
3363 1135 3526 1206 μέχρι
3551 1135 3666 1210 νῦν.
3689 1137 3718 1188 6

2125 1227 2256 1290 Θεὸς
2309 1228 2410 1297 τὴν
2447 1228 2605 1298 δίκην
2641 1228 2735 1280 τοῦ
2776 1227 3024 1298 Ἀμαλὴκ
3047 1267 3061 1292 ,
3088 1228 3187 1296 τῆς
3219 1225 3383 1278 αὐτοῦ
3427 1225 3716 1280 καὶτοῦτο

2125 1319 2560 1392 φιλανθρωπίας,
2594 1305 2863 1373 τοσοῦτον
2889 1320 2970 1381 είς
3019 1318 3310 1388 μετάνοιαν
3356 1317 3714 1381 ἐνδεδωκότος

2124 1409 2325 1472 αὐτοῖς,
2361 1407 2452 1460 καὶ
2496 1407 2852 1478 πληρωθῆναι
2904 1406 3002 1469 τὰς
3038 1405 3312 1477 ἁμαρτίας
3341 1406 3519 1458 αὐτῶν
3551 1423 3715 1474 περι-

2127 1499 2432 1568 μείναντος,
2491 1499 2610 1551 ἀντὶ
2681 1498 2969 1568 μετανοίας
3041 1497 3441 1569 προστιθέντων
3491 1497 3706 1560 αὐταῖς.

2125 1589 2319 1642 Καίτοι
2369 1587 2606 1642 τοσαῦτα
2649 1589 2778 1658 περὶ
2807 1589 2898 1642 τὸν
2921 1589 3142 1658 Ἰσραὴλ
3184 1588 3427 1655 ἐγεγόνει
3472 1587 3540 1640 τὰ
3573 1587 3711 1640 0.1.6-

2127 1695 2297 1748 ματα,
2323 1680 2390 1733 δι’
2425 1673 2502 1734 ὧν
2537 1679 2710 1751 ἐχρῆν
2744 1679 3189 1750 ἐπιστρέφεσθαι.
3226 1679 3287 1730 Εἰ
3318 1678 3398 1740 δὲ,
3423 1677 3530 1730 τῶν
3557 1679 3710 1748 πρῶ·

2124 1787 2234 1823 των
2281 1772 2702 1842 ἡμαρτηκότων,
2751 1767 2898 1824 οὗτοι
2937 1771 3287 1833 κολάζονται,
3335 1771 3554 1840 πρῶτον
3602 1771 3706 1840 μὲν

2053 1844 2096 1900 Β
2123 1863 2216 1914 ἐπὶ
2245 1862 2452 1915 τούτων
2489 1862 2550 1916 τὸ
2615 1864 2814 1932 μέτρον
2855 1862 3236 1934 πεπλήρωται,
3269 1862 3506 1916 τοσαῦτα
3534 1879 3700 1934 προσο

2125 1951 2345 2007 θέντων.
2382 1952 2634 2017 Ἔπειτα,
2681 1953 2918 2023 κρίσεως
2963 1952 3128 2021 οὔσης
3151 1991 3166 2017 ,
3201 1954 3446 2007 κάκεῖνοι
3493 1953 3591 2024 τὴν
3625 1953 3700 2006 δί-

2124 2061 2228 2113 κην
2265 2044 2362 2098 οὐκ
2417 2044 2617 2114 ἔφυγον
2643 2061 2656 2076 ο
2690 2045 2785 2099 καὶ
2812 2039 2959 2098 οὗτοι
2997 2045 3375 2109 κολασθέντες,
3417 2047 3497 2108 είς
3526 2044 3704 2116 napa-

2124 2135 2324 2206 δειγμα
2375 2139 2488 2200 τοῖς
2515 2136 2714 2200 ’ἄλλοις
2769 2137 3049 2204 ἐγένοντο,
3114 2137 3500 2208 μετρουμένων
3567 2135 3702 2206 πρὸς

2123 2229 2280 2292 ἀξίαν
2337 2230 2433 2282 καὶ
2485 2229 2592 2282 τῶν
2647 2228 2880 2282 ἐνταῦθα
2933 2227 3239 2289 κολάσεων,
3266 2228 3363 2282 καὶ
3400 2229 3508 2281 τῶν
3540 2229 3597 2280 ὲν
3626 2227 3702 2297 τῷ

2127 2318 2376 2389 μέλλοντι
2403 2336 2417 2350 ο
2453 2322 2502 2373 εί
2534 2322 2628 2374 καὶ
2659 2323 2687 2374 6
2717 2325 2908 2394 χρόνος
2934 2321 3023 2374 διά
3045 2320 3146 2392 τὴν
3181 2319 3495 2390 οἰκονομίαν
3525 2318 3705 2387 διάφοο

2125 2428 2240 2482 ρος,
2277 2412 2412 2481 μηδὲ
2449 2413 2654 2466 τούτων
2696 2413 2930 2467 ἐνταῦθα
2979 2413 3043 2465 τδ
3090 2413 3369 2484 προσῆκον
3404 2413 3702 2466 ἀποτισάνο

2121 2519 2249 2556 των.
2280 2505 2394 2556 Μία
2416 2505 2523 2574 γὰρ
2546 2503 2668 2576 δίκη
2695 2503 2832 2576 πρὸς
2859 2505 2918 2560 τὸ
2941 2505 3139 2577 παρὸν,
3169 2503 3286 2568 πῶς
3317 2502 3384 2558 ἂν
3413 2503 3551 2572 πρὸς
3569 2501 3698 2556 πολ-

2123 2595 2241 2659 λὰς,
2275 2597 2366 2648 καὶ
2407 2597 2650 2666 μεγάλας
2715 2597 2970 2660 ἀσεϐείας
3012 2597 3331 2666 ἀρκέσειεν;
3375 2596 3444 2648 Ἢ
3493 2594 3598 2664 γὰρ
3633 2594 3697 2647 ἂν

2122 2687 2274 2741 οὐδὲν
2320 2687 2386 2741 ἂν
2424 2689 2640 2760 ὑπῆρχε
2688 2687 3155 2761 μακαριώτερονὶ
3197 2687 3546 2758 ἁμαρτωλοῖς
3591 2687 3696 2740 τῶν

2121 2777 2354 2832 ἐνταῦθα
2411 2778 2812 2850 κολαζομένων.
2859 2780 3118 2850 Κρίνεται
3173 2778 3228 2832 δὲ
3267 2779 3362 2830 καὶ
3408 2778 3594 2841 ἔθνος,
3623 2776 3699 2837 ὡς

2124 2867 2276 2932 ἔθνος
2299 2884 2313 2898 ⁶
2346 2869 2441 2924 καὶ
2464 2870 2512 2922 οἱ
2548 2871 2688 2924 κατά
2715 2871 2902 2940 μέρος,
2938 2869 3074 2940 πρὸς
3113 2869 3212 2940 τὴν
3235 2869 3414 2934 ἀξίαν.

431 2963 494 3018 in
522 2960 706 3016 futuro
734 2959 956 3024 szecnlo,
991 2960 1356 3030 pmnis;cum
1415 2967 1632 3030 tempus
1670 2969 1899 3031 propter
1925 2962 2392 3032 dispensationem
2449 2960 2729 3017 diversum
2788 2963 2883 3029 sit,
2917 2978 3095 3034 neque
3161 2964 3238 3018 illi
3308 2965 3361 3017 in
3430 2963 3535 3017 hoc
3597 2978 3696 3018 sa:-

431 3055 788 3126 culojustam
817 3068 1036 3124 poenam
1055 3052 1645 3119 dederint.Quomodo
1674 3055 1822 3111 enim
1847 3057 2008 3112 unica
2055 3069 2220 3127 poena
2281 3057 2336 3110 in
2391 3070 2642 3126 praesens
2690 3071 2791 3125 pro
2825 3069 3044 3126 magna,
3079 3064 3135 3109 et
3181 3055 3472 3124 multiplici
3509 3056 3698 3124 impie-

431 3152 544 3200 tate
589 3141 840 3200 suﬂlcere
877 3143 1198 3213 potuisset?
1247 3141 1383 3197 Nam
1405 3153 1557 3199 certe
1589 3147 2002 3216 peccatoribus,
2079 3147 2174 3217 qui
2242 3147 2297 3200 in
2332 3149 2439 3202 hoc
2473 3147 2678 3202 sacculo
2713 3147 3041 3217 puniuntur,
3076 3147 3216 3200 nihil
3242 3147 3476 3212 beatius,
3513 3153 3568 3200 et
3592 3161 3693 3216 op-

434 3235 658 3291 tabilius
699 3235 972 3305 potuisset
1011 3233 1283 3290 accidere.
1345 3233 1644 3290 Judieatur
1683 3237 1828 3290 enim
1855 3253 2012 3308 gens,
2052 3247 2110 3292 ut
2140 3253 2297 3308 gens,
2336 3239 2542 3307 aliique
2591 3238 2991 3308 particulatim,
3028 3247 3191 3308 prout
3217 3248 3517 3294 merentur.

515 3323 788 3380 Vers.32.
828 3322 899 3377 Et
945 3323 1140 3377 occidit
1170 3323 1389 3380 Samuel
1437 3323 1606 3394 Agag.
1655 3323 1726 3380 Ut
1781 3324 2015 3384 Phinees

2188 3329 2294 3382 Καὶ
2319 3327 2549 3396 ἔσφαξε
2597 3328 2885 3397 Σαμουὴλ
2928 3329 3036 3382 τὸν
3076 3329 3274 3398 Ἀγάγ.
3323 3331 3411 3394 Ὠς
3451 3331 3480 3382 6
3510 3330 3692 3391 Φινεὲς

435 3414 694 3485 Santbri;
725 3430 851 3471 nam
885 3414 1034 3488 quod
1087 3415 1233 3474 Deus
1279 3409 1592 3488 imperavit,
1623 3416 1771 3487 pium
1803 3427 1910 3474 est.

1081 3599 1234 3656 CAP.
1257 3599 1401 3656 XVI.

518 3690 684 3746 Vens.
712 3691 769 3747 2.
810 3695 1087 3761 Quomodo
1133 3695 1374 3751 cadam?
1403 3695 1449 3749 si
1481 3694 1710 3748 audierit
1743 3693 1900 3760 Saul,
1932 3710 2015 3749 oc-

435 3785 572 3838 cidet
603 3801 703 3838 me.
731 3785 955 3842 Samuel
981 3803 1140 3844 more
1164 3787 1450 3842 hominum
1470 3795 1674 3841 metum
1701 3785 2014 3856 praetendit.

434 3873 815 3930 Constitutum
849 3885 1032 3930 autem
1064 3887 1204 3944 erat,
1230 3887 1288 3931 ut
1325 3877 1431 3932 sub
1465 3876 1726 3932 sacrificii
1753 3883 2018 3946 praetextu

435 3967 636 4031 abiret,
683 3983 796 4022 non
851 3969 1220 4024 mendaciter.
1253 3967 1474 4024 Μετιιὶτί
1517 3968 1666 4022 enim
1714 3984 1822 4024 non
1859 3969 2020 4024 docet

438 4057 728 4124 Dominus,
769 4075 899 4115 vere
943 4060 1091 4114 enim
1143 4061 1346 4115 obtulit
1398 4060 1760 4116 sacriﬁcium.
1797 4061 2017 4115 Dictum

433 4147 596 4217 igitur
633 4155 719 4203 est
767 4149 841 4212 ei,
884 4156 944 4204 ut
992 4149 1196 4205 factum
1243 4151 1470 4214 celaret.
1531 4159 1588 4207 et
1643 4150 1816 4216 aliud,
1855 4165 2018 4220 quam

437 4253 526 4296 res
555 4248 696 4304 erat,
727 4240 960 4297 diceret.

516 4331 628 4385 Cur
657 4345 764 4386 non
803 4333 1128 4387 nominatim
1161 4334 1402 4404 appellat
1426 4332 1708 4399 Davidem,
1733 4333 1829 4389 sed
1850 4348 2019 4388 unum

433 4441 462 4476 ε
497 4425 624 4478 (iliis
654 4423 842 4480 Jesse?
873 4423 944 4480 Ut
974 4442 1082 4480 non
1115 4427 1304 4482 eadem
1336 4427 1651 4482 acciderent
1683 4425 1869 4480 Daridi
1889 4441 2014 4496 quae

429 4513 670 4585 Josepito
711 4529 741 4568 a
778 4513 1070 4572 fratribus.
1104 4517 1574 4587 lgnoratioigitur
1605 4527 1691 4572 est
1726 4526 1906 4571 mater
1929 4531 2020 4572 se-

2117 3417 2210 3470 τὸν
2263 3417 2496 3490 Σαμϐρί.
2528 3418 2602 3472 Τὸ
2653 3419 2762 3490 γὰρ
2806 3419 2961 3491 παρά
3013 3419 3149 3472 Θεοῦ
3181 3419 3558 3491 κελευόμενον,
3599 3423 3690 3475 εὑ-

2121 3507 2299 3570 σεὸἑς.

2695 3601 2950 3655 ΚΕΦΑΛ.
2985 3603 3102 3668 ις’.

2191 3689 2323 3758 Πῶς
2351 3687 2664 3760 πορευθῶ;
2693 3691 2790 3744 καί
2821 3691 3142 3745 ἀκούσεται
3180 3691 3402 3755 Σαούλ,
3434 3689 3562 3746 κτλ.
3605 3691 3689 3754 Ὡς

2119 3784 2404 3855 ἄνθρωπος
2431 3783 2634 3854 δειλιᾷν
2664 3784 3007 3854 προΐσχεται.
3029 3782 3379 3854 Προσετάχθη
3401 3782 3458 3835 δὲ
3484 3784 3693 3855 προφά-

2119 3893 2204 3929 σει
2237 3875 2427 3938 θυσίας
2459 3879 2681 3946 χωρεῖν,
2717 3877 2780 3928 οὐ
2810 3875 3039 3945 ψευδῶς.
3070 3875 3376 3928 Ψεύδεσθαι
3401 3876 3511 3948 γὰρ
3536 3877 3598 3928 οὐ
3619 3874 3694 3928 δι-

2118 3968 2309 4022 δάσκει
2329 3966 2484 4030 Θεὸς,
2505 3965 2722 4036 ἀληθῶς
2745 3966 2854 4037 γὰρ
2876 3966 3164 4018 ἐπετέλεσε
3189 3966 3290 4037 τὴν
3320 3967 3536 4022 θυσίαν.
3573 3968 3695 4037 Ἐρ-

2122 4057 2252 4129 ρέθη
2307 4057 2486 4111 τοίνυν
2532 4057 2682 4129 αὐτῷ
2722 4057 2928 4128 κρύψαι
2980 4057 3042 4112 τὸ
3083 4057 3266 4131 ἔργον,
3293 4058 3470 4112 εἰπεῖν
3524 4060 3581 4114 δὲ
3635 4060 3696 4113 τὸ

2123 4149 2261 4220 πάρε
2271 4165 2366 4219 ργι.
2382 4195 2392 4204 .

2196 4328 2347 4382 Διατί
2373 4330 2434 4382 οὺ
2465 4330 2614 4398 λέγει
2659 4330 2921 4400 ὀνομαστὶ
2959 4331 3052 4384 τὸν
3085 4329 3270 4394 Δαϐὶδ,
3306 4331 3422 4385 ἀλλ’
3453 4331 3550 4384 ἕνα
3586 4331 3694 4384 τῶν

2123 4421 2254 4474 υἱῶν
2290 4420 2532 4488 Ὶεσσαί;
2568 4421 2686 4474 Ἵνα
2723 4421 2796 4492 μὴ
2852 4421 3002 4494 πάθῃ
3049 4421 3213 4475 Δαὸὶδ
3251 4422 3425 4476 ταύτά
3462 4421 3541 4492 τῷ
3585 4423 3695 4474 Ἰω-

2125 4515 2233 4586 σὴφ
2287 4513 2394 4566 ὑπὸ
2451 4513 2561 4566 τῶν
2633 4513 2902 4580 ἀδελφῶν.
2937 4515 3100 4566 Ὥστε
3157 4515 3190 4584 ἡ
3249 4513 3439 4582 ἄγνοια
3510 4516 3694 4584 μήτηρ

431 4631 444 4656 ι
466 4609 708 4662 nritatis.
728 4607 836 4662 Ant
862 4610 1137 4677 ignoravit
1157 4609 1226 4666 de
1255 4625 1364 4679 quo
1387 4617 1664 4680 ageretur,
1691 4609 1838 4679 quod
1864 4607 2009 4664 Dens

2127 4600 2442 4668 ἀσφαλείας.
2480 4601 2554 4654 Ἢ
2585 4603 2819 4673 ἠγνόησε
2847 4603 2908 4655 τὸ
2939 4600 3294 4672 ζητούμενον,
3321 4602 3415 4656 τοῦ
3441 4603 3578 4657 Θεοῦ
3601 4621 3693 4658 συ-

433 4698 578 4766 insta
619 4700 835 4751 ratione
864 4676 1240 4754 occultaverat
1265 4676 1572 4770 Droplietze.
1605 4697 1683 4753 Illi
1708 4676 1862 4754 enim
1904 4699 2008 4752 soli

2127 4693 2428 4757 στέλλοντος
2477 4692 2615 4765 πρὸς
2657 4693 2718 4746 τὸ
2767 4695 2987 4765 μέτριον
3041 4695 3134 4749 τὸν
3177 4697 3486 4767 προφήτην.
3522 4696 3694 4751 Μόνον

430 4803 613 4843 οιιιιιιε
645 4789 881 4843 scientia
913 4791 1202 4859 competit.

503 4875 670 4933 Vens.
707 4877 762 4934 6.
805 4877 874 4934 Et
908 4879 1038 4934 vidit
1077 4879 1258 4949 Etiab,
1303 4887 1414 4936 etc.
1455 4880 1513 4937 Si
1561 4881 1750 4937 statim
1799 4880 1868 4936 ad
1905 4879 2012 4933 Da-

430 4968 612 5024 videm
664 4970 1038 5040 perrexisset,
1096 4987 1162 5026 ex
1227 4973 1529 5042 anticipata
1593 4971 1830 5042 quadam
1897 4971 2018 5042 opi-

430 5060 627 5126 nione,
681 5061 767 5115 vel
825 5063 1256 5132 praesumptione
1313 5063 1417 5120 hoc
1477 5062 1661 5118 facere
1713 5061 2015 5119 videretur.

429 5150 570 5223 Cum
605 5167 737 5207 vero
769 5153 837 5208 ad
867 5169 1062 5210 omnes
1095 5155 1360 5217 venisset,
1397 5153 1642 5208 ostendit
1691 5152 2008 5220 Dominum,

432 5243 662 5312 reliquis
708 5243 964 5314 rejectis,
1013 5242 1275 5299 Davidem
1321 5244 1576 5314 elegisse.
1613 5245 1673 5298 Si
1717 5257 1851 5298 vero
1899 5245 2015 5298 haec

432 5349 557 5386 eum
593 5332 738 5387 facta
779 5333 914 5399 sint,
959 5335 1161 5391 fratres
1211 5334 1597 5399 nihilominus,
1636 5334 1892 5389 Davidem
1933 5335 2014 5388 vi-

432 5423 628 5479 dentes
670 5425 727 5480 in
766 5427 990 5492 castris,
1024 5426 1294 5481 invidiam
1343 5425 1741 5492 ostenderunt;
1777 5426 1936 5496 quid,
1969 5427 2017 5481 si

434 5512 552 5570 haec
584 5514 731 5570 facta
766 5531 878 5571 non
911 5526 1122 5587 essent,
1153 5533 1261 5575 non
1294 5526 1454 5574 erant
1487 5517 1725 5572 facturi?

2121 4785 2230 4854 γὰρ
2260 4784 2468 4838 ἐκείνου
2493 4786 2526 4854 ἡ
2560 4783 2782 4838 πάντων
2816 4786 3036 4854 γνῶσις.
3059 4786 3122 4841 C.
3157 4786 3214 4841 L.

2189 4877 2302 4930 Καὶ
2324 4872 2445 4930 εἶδε
2461 4875 2568 4929 τὸν
2589 4877 2808 4941 Ἑλιὰϐ,
2835 4895 2891 4932 κ.
2914 4894 2964 4932 τ.
2987 4877 3039 4932 λ.
3059 4879 3119 4930 Ei
3137 4879 3296 4942 εὐθὺς
3323 4878 3583 4950 ὥρμησεν
3609 4881 3694 4934 ἐπὶ

2119 4969 2212 5021 τὸν
2249 4967 2432 5034 Δαὸὶδ,
2457 4970 2522 5022 ὲκ
2565 4968 2896 5039 προλήψεως
2924 4987 3067 5032 τινος
3098 4971 3273 5024 ἐδόκει
3299 4971 3459 5024 τοῦτο
3497 4976 3686 5025 ποιεῖν.

2134 5061 2334 5115 Ἐλθὼν
2395 5060 2456 5115 δὲ
2498 5061 2588 5115 διὰ
2637 5061 2879 5127 πάντων,
2921 5062 3121 5129 ἔδειξεν
3166 5063 3242 5125 ὡς
3286 5065 3315 5116 ό
3366 5065 3520 5129 Θεὸς,
3573 5071 3694 5129 τοὺς

2119 5149 2309 5214 ἄλλους
2337 5150 2662 5222 ἀποκρίνας,
2702 5150 2798 5202 τὸν
2836 5149 3003 5202 Δαδὶδ
3035 5148 3335 5215 ἐξελέξατο.
3370 5152 3430 5202 Ei
3469 5152 3578 5224 γὰρ
3605 5151 3698 5204 καὶ

2121 5242 2312 5296 τούτου
2342 5243 2625 5312 γεγονότος
2658 5242 2710 5294 οἱ
2744 5241 2962 5310 ἀδελφοὶ
3000 5241 3090 5294 τὸν
3121 5241 3315 5310 φθόνον
3351 5241 3693 5312 ἐγύμνωσαν,

2124 5334 2183 5387 ὲν
2219 5337 2286 5406 τῇ
2316 5333 2622 5406 παρατάξει
2661 5334 2753 5387 τὸν
2791 5331 2957 5387 Δασὶδ
3005 5332 3365 5404 θεασάμενοι,
3403 5335 3456 5387 τί
3490 5335 3578 5402 ἂν,
3619 5335 3694 5406 μὴ

2124 5423 2315 5477 τούτου
2345 5423 2652 5493 γεγονότος,
2680 5423 2782 5478 οὐκ
2814 5421 3096 5496 ἔπραξανς

1702 5653 1936 5710 γΑιιιᾹς
1985 5650 2394 5710 LECTIONES.

509 5746 525 5799 Ι
561 5747 620 5804 C.
653 5748 718 5804 Ν.
774 5751 860 5802 ad.
893 5750 968 5803 ἐν.
