3992 6392
440 391 579 460 1103

1765 397 2119 459 PROCOPII
2162 398 2402 460 GAZJSI

3560 391 3696 456 1104

436 510 601 564 ailixit
629 506 937 570 Dominum,
971 523 1066 578 per
1098 524 1315 564 crucem
1357 510 1645 580 tyrannide
1685 522 1883 565 exutus
1919 519 1996 565 est

2131 528 2253 580 κην.
2282 513 2506 582 Σταυρῷ
2538 512 2644 581 γὰρ
2670 518 2694 547 ο
2726 508 3088 581 προσηλώσας
3134 507 3225 561 τὸν
3261 508 3558 577 Δεσπότην,
3606 507 3699 560 διὰ.

435 610 614 672 Atque
648 609 705 654 ut
737 602 1056 671 impleretur
1080 601 1285 655 dictum
1313 603 1443 657 illud
1478 625 1488 659 :
1528 603 1584 656 In
1608 603 1869 673 operibus
1902 619 2017 657 ma-

436 710 606 747 nuum
638 693 1073 762 comprehensus
1102 702 1185 748 est
1220 701 1475 763 peccator
1506 693 1548 747 ⁸.

506 876 672 932 Vens.
709 877 797 933 55.
838 876 1007 947 Cujus
1055 878 1201 948 [ilius
1244 887 1322 934 est
1368 881 1453 934 hic
1492 881 1842 935 adolescens?
1868 881 2014 947 Quo.

434 968 594 1022 modo
633 967 801 1023 David
838 968 989 1023 Sauli
1027 969 1248 1038 ignotus
1282 970 1425 1026 fuit?
1458 970 1555 1025 Vel
1587 973 1714 1040 quia
1754 971 2013 1026 furibun-

433 1063 535 1112 dus
583 1060 793 1113 cithara
846 1059 1133 1116 ludentem
1185 1077 1292 1118 non
1344 1064 1638 1126 sentiebat,
1670 1065 1774 1128 vel,
1809 1065 2014 1118 invidia

433 1151 784 1215 stimulante,
840 1153 1140 1223 diligenter
1214 1164 1270 1209 et
1346 1162 1605 1210 accurate
1678 1170 2014 1227 cognoscere

436 1240 603 1293 voluit
632 1240 788 1309 cujus
817 1252 871 1296 et
902 1244 1155 1313 quisnam
1187 1252 1359 1300 esset.

503 1330 669 1386 Vens.
706 1332 756 1385 '5.
807 1331 1041 1404 Diligens
1074 1351 1214 1402 eum,
1251 1344 1507 1405 quantum
1550 1336 1785 1390 animum
1836 1352 2009 1390 suam.

430 1422 647 1490 Aquila,
686 1424 972 1477 secundum
1022 1426 1257 1479 animam
1301 1443 1476 1483 suam.
1526 1424 1581 1481 Id
1618 1442 1748 1481 vero
1787 1426 1869 1481 lex
1908 1425 2012 1481 Do-

432 1514 563 1565 mini
598 1529 816 1582 quoque
846 1515 1094 1585 prazcipit
1126 1534 1138 1570 :
1182 1534 1200 1567 ι
1242 1515 1444 1588 Diliges
1475 1517 1787 1588 proximum
1834 1526 2008 1582 tuum,

430 1606 577 1659 sicut
609 1607 840 1677 tcipsltm
875 1610 918 1662 ³.
959 1626 977 1661 ι

1032 1697 1187 1754 CAP.
1231 1699 1420 1755 XVIII.

502 1787 670 1844 Vms.
701 1789 757 1844 2.
799 1787 866 1841 Et
908 1789 1199 1860 mandyan.
1232 1792 1420 1846 Genus
1454 1800 1542 1847 est
1574 1793 1741 1847 vestis
1774 1794 2005 1848 exterio-

2128 601 2360 670 σταυροῦ
2400 604 2497 671 τῆς
2528 601 2841 673 τυραννίδος
2879 599 3125 665 ἐξέπεσε.
3158 598 3269 652 Καὶ
3313 595 3400 650 ῐνα
3430 596 3693 667 πληρωθῇ

2117 696 2199 758 τὸ,
2244 696 2332 748 Ἐν
2357 699 2469 758 τοῖς
2502 696 2684 766 ἔργοις
2720 693 2829 746 τῶν
2859 691 3058 763 χειρῶν
3096 689 3259 745 αὐτοῦ
3289 689 3593 763 συνελήφθη
3666 689 3696 739 6

2119 787 2461 856 ἁμαρτωλός.
2490 787 2547 840 C.
2573 786 2635 840 L.

2200 879 2331 945 Υἱὸς
2374 880 2539 944 τίνος
2591 874 2825 943 οὗτοςό
2877 876 3157 942 νεανίας;
3209 872 3333 935 Πῶς
3364 871 3633 941 ἠγνόησεν
3664 872 3693 923 6

2117 970 2290 1024 Σαοὺλ
2321 971 2410 1024 τὸν
2445 970 2646 1036 Δαϐίδ;
2683 971 2740 1041 ἢ,
2779 971 2862 1023 ὃτι
2898 967 3157 1040 μεμηνὼς
3193 968 3293 1020 οὐκ
3326 964 3591 1036 ᾐσθάνετο
3622 964 3690 1032 τῇ

2115 1062 2319 1133 κιθάρᾳ
2346 1061 2630 1133 χρωμένου
2656 1080 2670 1129 ;
2704 1063 2763 1131 ἢ,
2792 1061 2876 1115 ὅτι
2902 1063 2930 1114 6
2981 1060 3170 1130 φθόνος
3201 1057 3363 1112 αὑτὸν
3395 1055 3694 1126 παρεκίνη-

2117 1170 2206 1207 σεν
2246 1154 2490 1228 ἀκριϐῶς
2520 1154 2715 1226 μαθεῖν
2753 1155 2877 1207 ὅθεν
2923 1153 3108 1212 ἐστίνς

2192 1331 2411 1402 Ψυχὴν
2457 1329 2707 1400 ἀγαπῶν
2740 1328 3057 1384 τοσοῦτον.
3102 1326 3356 1389 Ἀκύλας,
3384 1298 3535 1377 κατὰ
3573 1322 3690 1389 τὴν

2112 1421 2326 1490 ψυχὴν
2352 1420 2561 1475 αὑτοῦ.
2602 1419 2774 1473 Τοῦτο
2798 1420 2853 1471 δὲ
2905 1419 2998 1472 καὶ
3045 1419 3073 1470 6
3100 1416 3238 1479 θεῖος
3288 1415 3451 1483 νόμος
3481 1428 3689 1483 παρεγο

2112 1509 2221 1578 γυᾷ
2240 1524 2253 1539 ’
2288 1526 2306 1559 ι
2336 1507 2670 1578 Ἀγαπήσεις
2699 1507 2791 1561 τὸν
2813 1505 3039 1576 πλησίον
3078 1521 3193 1570 σου,
3216 1503 3292 1566 ὡς
3323 1501 3568 1556 σεαυτόν.
3592 1521 3610 1552 ι

2693 1690 2949 1746 ΚΕΦΔΛ.
2988 1688 3096 1744 IH'.

2187 1784 2297 1840 Kal
2335 1786 2444 1838 τὸν
2485 1782 2783 1853 μανδύαν.
2818 1779 2969 1845 Εἶδος
3015 1779 3353 1851 ὲφεστρίδος.
3383 1774 3554 1848 Οἶμαι
3603 1776 3683 1839 δὲ,

431 1880 529 1937 ris.
563 1879 835 1934 Existimo
881 1889 1083 1946 autem,
1124 1883 1327 1952 inquit,
1366 1885 1454 1939 vel
1495 1885 1822 1939 Arcadicam
1865 1901 2005 1949 esse,

2117 1874 2305 1944 φησὶν.
2359 1851 2686 1944 Ἀρκαδικὴν
2733 1868 2894 1935 εἶναι,
2930 1870 2964 1942 ἢ
3014 1869 3077 1923 τὺ
3121 1869 3273 1936 παρὰ
3316 1868 3422 1921 τῶν
3474 1867 3683 1920 πολλῶν

432 1972 537 2032 vt-I,
582 1986 746 2040 quam
792 1972 950 2042 vulgo
1000 1974 1245 2027 mantion
1295 1975 1594 2045 appellant.
1646 1975 2010 2047 Septuaginta

429 2063 576 2114 cnim
627 2062 821 2116 dicunt
880 2062 968 2133 (τὰ
1024 2064 1238 2135 ἱμάτια)
1294 2066 1622 2122 vestimenta
1673 2067 1855 2133 illius,
1917 2068 2008 2138 qui

430 2150 712 2205 nuntiavit
768 2152 972 2207 caedent
1031 2154 1267 2209 ﬁliorum
1320 2154 1471 2221 Heli,
1522 2158 1759 2212 discissa
1814 2158 2005 2214 fuisse.

433 2238 538 2294 Ubi
590 2241 788 2311 Aquila
841 2243 1085 2312 μανδύαν
1137 2244 1397 2301 reddidit.
1445 2246 1561 2302 Rex
1606 2247 2011 2305 Ammoniticus

431 2333 709 2401 praesciuit
740 2331 849 2386 τῶν
890 2335 1162 2405 paveam,
1197 2337 1303 2391 hoc
1337 2344 1441 2405 est,
1474 2336 1543 2393 de
1577 2340 1826 2395 vestibus
1860 2341 2011 2411 lega-

432 2434 613 2480 torum
651 2423 899 2490 Davidis,
932 2425 1220 2480 dimidiam
1256 2437 1489 2496 partem,
1530 2443 1704 2499 usque
1745 2431 1813 2484 ad
1852 2437 2010 2486 nates

431 2518 706 2587 ipsorum.

501 2605 664 2661 Vnus.
695 2605 782 2660 10.
814 2603 988 2660 Irrut't
1022 2608 1240 2676 spiritus
1284 2607 1462 2663 malus
1509 2626 1668 2679 super
1697 2608 1932 2684 Saulem,
1959 2620 2010 2665 et

432 2701 783 2768 propltetavit,
810 2708 921 2753 etc.
959 2698 1243 2769 Scriptura
1274 2701 1553 2770 acquivoce
1586 2706 1750 2756 etiam
1783 2702 2012 2771 pseudo-

434 2792 732 2859 prOphetae
757 2798 811 2845 et
836 2788 1005 2844 falsos
1041 2789 1175 2844 deos
1199 2791 1457 2861 appellat.
1481 2791 1753 2846 Cancrum
1777 2792 2010 2860 pseudo-

430 2880 714 2950 prnpltetas
744 2880 1150 2936 insanientibus
1179 2882 1389 2937 similes
1423 2890 1598 2943 erant,
1631 2885 1812 2953 qualis
1841 2885 2007 2938 etiam

431 2971 562 3023 Saul
611 2977 750 3024 erat.
799 2967 904 3024 Sed
950 2969 1052 3023 iste
1101 2970 1288 3024 divina
1330 2972 1504 3042 gratia
1549 2972 1652 3025 luit
1690 2973 2002 3028 destitutus.

432 3058 601 3113 David
632 3074 762 3113 vero
788 3059 1050 3128 psallens,
1078 3061 1342 3115 daemonis
1374 3061 1521 3115 illam
1557 3065 1828 3117 insaniam
1858 3066 2006 3118 miti-

428 3150 597 3219 gavit,
627 3157 682 3203 et
714 3149 975 3203 invidiam
1009 3147 1193 3206 Saulis
1222 3154 1506 3221 repressit.
1782 3166 1785 3167 '

498 3326 615 3381 Non
674 3325 885 3395 Spiritu
934 3327 1118 3380 divino
1180 3328 1454 3396 repletus,
1518 3330 1847 3383 vaticinatus
1898 3341 2001 3384 est.

428 3418 715 3485 Quomodo
744 3418 890 3472 enim
923 3417 1040 3471 ﬁeri
1074 3418 1270 3487 potuit,
1302 3428 1358 3472 ttt
1387 3419 1549 3474 simul
1579 3422 1717 3473 male
1740 3421 2004 3478 daemonis

428 3521 481 3565 et
518 3509 760 3579 Spiritus
790 3509 964 3562 sancti
999 3494 1276 3579 particeps
1305 3510 1497 3564 esset?
1539 3509 1647 3564 Sed
1684 3513 1860 3566 malus
1892 3511 2004 3581 spi-

428 3603 568 3656 ritus
619 3618 742 3655 cum
791 3611 1074 3670 torquens,
1108 3601 1241 3653 talia
1295 3600 1449 3654 eilari
1499 3605 1702 3672 coegit,
1743 3602 2001 3656 nimirum

428 3692 545 3747 fore
571 3702 629 3745 ut
656 3692 944 3759 imperium
972 3691 1039 3746 ab
1067 3691 1188 3760 ipso
1214 3690 1456 3744 ablatum
1487 3699 1733 3746 transeat
1756 3692 1822 3744 ad
1851 3693 2001 3746 illum

424 3782 513 3835 cui
560 3781 857 3834 invidebat.
896 3780 1087 3835 Simile
1131 3780 1262 3849 quid
1304 3780 1474 3835 I’aulo
1519 3788 1574 3834 et
1617 3780 1745 3836 Sila:
1777 3783 1998 3848 accidit,

425 3872 494 3926 de
540 3871 741 3941 quibus
782 3870 984 3924 mulier
1032 3870 1301 3940 Pythonis
1344 3873 1590 3926 daemone
1633 3872 1860 3926 obsessa
1908 3887 1987 3927 ex-

424 3963 728 4017 clamavit:
770 3979 789 4013 ι
826 3962 1094 4017 Altissimi
1146 3962 1242 4016 Dei
1286 3964 1429 4017 servi
1472 3973 1601 4018 sunt
1631 3964 1671 4016 °.
1714 3982 1733 4016 ι
1783 3963 2002 4019 Etenim

427 4053 518 4108 ubi
558 4053 700 4108 Deus
732 4052 987 4119 volnt-rit,
1022 4053 1186 4106 etiam
1222 4048 1508 4109 daemones
1556 4054 1842 4110 veritatem
1885 4056 2004 4111 elo-

423 4145 517 4214 qui
549 4150 848 4212 coguntur.

495 4320 797 4377 Vens-.12.
866 4320 1122 4376 Dominus
1183 4325 1513 4392 omnipotens
1550 4326 1688 4380 erat
1746 4343 1862 4381 cum
1920 4343 2000 4404 ep.

424 4410 690 4480 Spiritum
747 4421 998 4467 sanctum
1051 4414 1154 4466 hoc
1216 4415 1378 4469 modo
1440 4416 1778 4485 appellavit;
1839 4418 2003 4487 cujus

420 4503 588 4564 dono,
612 4512 673 4573 et
706 4503 884 4571 gratia
912 4501 1171 4574 dignatus
1203 4513 1342 4558 erat.
1828 4513 1866 4529 ”

496 4592 655 4647 Vens.
691 4594 775 4647 I7.
812 4591 934 4648 Non
964 4595 1037 4648 sit
1081 4606 1269 4648 manus
1299 4611 1416 4649 mea
1457 4597 1510 4649 in
1552 4612 1647 4659 eo;
1677 4601 1766 4652 sed
1807 4615 1994 4653 manus

427 4686 856 4741 l’a-‘wstiuorum.
904 4685 1148 4741 Historia
1197 4687 1493 4742 consilium
1547 4699 1602 4742 et
1652 4691 1995 4760 propositum

425 4776 606 4830 Saulis
650 4764 910 4845 aperuit:
950 4777 1267 4848 cottjugium
1323 4778 1457 4832 illud
1510 4779 1743 4836 insidias
1804 4781 1995 4848 fuisse,

423 4883 531 4921 non
562 4868 909 4921 beneﬁcium.
1836 4864 1843 4871 ’

499 4956 662 5013 Vens.
708 4957 799 5012 27.
852 4957 912 5013 Si
958 4959 1185 5013 ducenta
1231 4960 1495 5027 prwputt'a
1553 4958 1992 5016 Palwstinorum.

422 5049 604 5115 Quare
644 5065 753 5104 non
792 5050 1011 5119 capita?
1038 5049 1333 5120 Propterea
1371 5050 1517 5120 quod
1551 5056 1763 5119 metuit,
1794 5070 1862 5110 ne
1897 5056 1999 5109 ali-

423 5148 557 5210 quot
597 5155 663 5195 ex
709 5140 827 5195 suis
868 5141 1271 5198 contribulihus
1313 5143 1640 5207 interfectis,
1679 5149 1860 5216 capita
1906 5162 2000 5202 eo-

426 5249 543 5285 rum
590 5232 840 5299 aﬂ'errct;
877 5233 1234 5303 quamobrem
1274 5237 1537 5305 praputia
1591 5240 1742 5307 petit,
1784 5248 1842 5293 ut
1886 5255 2000 5293 ma-

424 5322 684 5377 nili-stum
719 5324 791 5378 sit
826 5323 1144 5379 Palaestinos
1172 5340 1315 5380 esse.

497 5465 520 5497 ι
548 5463 693 5519 Psal.
731 5480 806 5530 ιιι,
846 5464 931 5519 16.
1008 5467 1029 5499 ⁸
1056 5465 1247 5522 Matth.
1284 5482 1396 5533 xu,
1433 5466 1518 5522 19.
1595 5469 1616 5500 ⁶
1640 5471 1764 5525 Act.
1793 5472 2010 5537 xvr,t7.

2114 1967 2335 2038 μαντίον
2395 1966 2707 2035 λεγόμενον.
2757 1966 2819 2018 Οἱ
2863 1964 2964 2033 μὲν
3001 1961 3404 2032 Ἐσδομήκοντα
3458 1960 3685 2030 διεῤῥω-

2110 2062 2247 2130 γότα
2280 2061 2410 2129 φασὶ
2465 2058 2534 2112 τὰ
2567 2058 2756 2129 ἱμάτια
2788 2054 3031 2127 τοῦ⁷τὴν
3074 2054 3357 2125 ἀναίρεσιν
3408 2050 3517 2106 τῶν
3566 2051 3685 2104 Ἠλὶ

2109 2150 2317 2204 παίδων
2370 2151 2728 2220 μηνύσαντος.
2780 2148 2837 2201 '0
2874 2147 2930 2199 δὲ
2975 2145 3207 2209 Ἀκύλας
3272 2144 3365 2198 τὸν
3406 2141 3686 2213 μανδύαν

2109 2241 2394 2308 ἐξέδωκεν.
2431 2242 2543 2294 Καὶ
2578 2242 2605 2294 6
2634 2241 2742 2294 τῶν
2771 2236 3081 2309 Ἀμανιτῶν
3109 2235 3360 2307 βασιλεὺς
3380 2233 3490 2287 τῶν
3519 2232 3685 2286 Δαδὶδ

2110 2332 2394 2404 πρέσϐεων
2428 2333 2602 2386 ἀνεῖλε
2637 2332 2746 2384 τῶν
2768 2326 3058 2400 par-6min»
3095 2329 3156 2382 τὸ
3195 2327 3388 2397 ἥμισυ,
3427 2324 3534 2388 ἕως
3584 2323 3685 2393 τῆς

2108 2423 2378 2493 ἀναϐολῆς
2412 2424 2522 2476 τῶν
2555 2421 2741 2493 ἰσχίων
2776 2421 2975 2475 αὐτῶν.

2177 2598 2287 2653 Kal
2309 2597 2571 2651 ἐπέπεσε
2600 2595 2835 2664 πνεῦμα
2866 2592 3133 2661 πονηρὸν
3162 2590 3262 2645 ἐπὶ
3305 2588 3528 2656 Σαοὺλ,
3583 2587 3682 2642 καὶ

2108 2690 2539 2760 προεφήτευεν,
2562 2707 2616 2744 κ.
2638 2706 2689 2741 τ.
2715 2687 2761 2741 λ.
2797 2686 3136 2756 Ὀμωνύμως
3162 2701 3173 2712 ·
3195 2685 3290 2736 καὶ
3330 2681 3457 2745 τοὺς
3493 2680 3685 2749 ψευδο-

2108 2786 2387 2853 προφήτας
2416 2782 2525 2851 γὰρ
2576 2781 2859 2849 προφήτας
2890 2777 3054 2846 φησιν
3078 2777 3110 2846 ή
3132 2774 3320 2845 Γραφή
3343 2789 3359 2804 ’
3388 2773 3484 2826 καὶ
3502 2772 3677 2833 θεοὺς,

2107 2874 2231 2934 τοὺς
2252 2872 2657 2942 ψευδωνύμους.
2676 2871 2739 2923 Οί
2756 2869 2814 2922 δὲ
2832 2866 3401 2938 ψευδοπροφῆταιτοῖς
3417 2862 3677 2933 μαινομέ-

2107 2981 2216 3027 νοις
2246 2964 2516 3033 ἐῴκεσαν,
2551 2964 2732 3025 ὁποῖος
2757 2956 2822 3032 ἦν
2854 2963 2881 3013 6
2903 2958 3105 3012 Σαούλ.
3152 2956 3296 3010 Ἀλλ’
3323 2958 3527 3016 ἐκεῖνος
3558 2955 3676 3024 μὲν,

2105 3056 2201 3124 τῆς
2235 3056 2384 3118 θείας
2408 3053 2759 3124 γεγύμνωται
2803 3052 3055 3122 χάριτος·
3085 3050 3113 3100 6
3154 3047 3211 3101 δὲ
3241 3047 3426 3108 Δαὸὶδ,
3459 3046 3677 3115 ψάλλων

2107 3146 2206 3215 τὴν
2240 3147 2338 3214 μὲν
2368 3144 2463 3198 τοῦ
2511 3146 2764 3215 δαίμονος
2811 3142 3016 3215 μανίαν
3066 3139 3354 3206 ἐπράῦνεν,
3376 3137 3469 3190 τὸν
3493 3136 3551 3189 δὲ
3582 3133 3676 3188 τοῦ

2109 3235 2278 3288 Σαοὺλ
2310 3235 2587 3288 κατέπαυε
2612 3233 2807 3302 φθόνον

2144 3370 2152 3377 .
2178 3325 2291 3394 Οὐχ
2319 3326 2401 3377 ὅτι
2433 3323 2492 3377 δὲ
2533 3323 2849 3393 Πνεύματος
2878 3323 3033 3391 ἁγίου
3060 3321 3261 3392 τυχὼν,
3307 3319 3672 3392 προεφήτευε.

2106 3414 2229 3478 Πῶς
2258 3415 2366 3484 γὰρ
2399 3415 2457 3467 ὲν
2482 3414 2669 3484 καύτῷ
2692 3410 2760 3486 ἢν
2789 3410 2899 3467 οἷόν
2935 3431 2998 3467 τε
3029 3415 3270 3486 πονηροῦ
3302 3431 3361 3466 τε
3393 3414 3487 3467 καὶ
3518 3410 3673 3478 ἁγίου

2107 3507 2355 3578 μετέχειν
2372 3507 2729 3577 Πνεύματος;
2777 3506 2915 3559 Ἀλλ’
2948 3507 3033 3560 ὅτι
3077 3507 3139 3560 τὸ
3178 3506 3416 3577 πονηρὸν
3460 3502 3675 3572 πνεῦμα

2106 3599 2313 3666 πνίγων
2358 3598 2545 3664 αὐτὸν,
2582 3595 2962 3671 παρεσκεύαζε
3003 3608 3032 3649 P
3079 3598 3308 3652 τοιαῦτα
3351 3597 3566 3649 λαλεῖνο
3599 3594 3673 3657 ὼς

2103 3689 2529 3761 ἀφαιρεθήσεται
2560 3691 2659 3761 μὲν
2690 3692 2846 3755 αὐτὸς
2877 3691 2977 3762 τὴν
3010 3689 3305 3761 βασιλείαν,
3343 3688 3672 3759 μεταστήσε-

2102 3798 2190 3834 ται
2215 3791 2243 3831 (ι
2268 3780 2325 3834 δὲ
2357 3783 2439 3844 εἰς
2480 3782 2689 3837 ἐκεῖνον
2720 3782 2842 3836 καθ’
2892 3776 2954 3835 οὗ
2980 3785 3008 3836 6
3038 3782 3251 3850 φθόνος.
3289 3776 3414 3834 Οῒον
3457 3779 3553 3833 καὶ⁸
3583 3776 3672 3830 ὲπὶ

2102 3871 2311 3928 Παῦλον
2350 3874 2447 3928 καὶ
2491 3873 2684 3927 Σίλλαν
2713 3875 2949 3940 ἐγένετο,
2987 3876 3072 3944 ἐφ’
3100 3868 3174 3927 ὧν
3208 3876 3240 3942 ἡ
3275 3874 3336 3926 τὸ
3359 3870 3455 3926 τοῦ
3485 3870 3673 3924 Πύθω-

2101 3981 2192 4028 νος
2235 3962 2434 4033 ἔχουσα
2479 3964 2717 4034 πνεῦμα,
2755 3966 2917 4019 ἐϐόα·
2961 3985 2979 4017 ι
3006 3967 3130 4019 Ὅτι
3167 3964 3342 4018 δοῦλοι
3388 3963 3483 4017 τοῦ
3535 3960 3670 4015 θεοῦ

2100 4056 2196 4110 τοῦ
2245 4056 2472 4127 ὑψίστου
2514 4058 2642 4112 stat.
2674 4078 2692 4110 ι
2726 4057 2862 4112 Θεοῦ
2905 4060 3015 4129 γὰρ
3048 4058 3393 4129 βουλομένου,
3430 4055 3670 4122 ἀναγκά-

2103 4149 2287 4212 ζονται
2340 4148 2438 4204 καὶ
2493 4148 2563 4202 τὰ
2614 4148 2867 4219 δαιμόνια
2912 4150 3205 4220 ὁμολογεῖν,
3234 4149 3332 4219 τὴν
3389 4146 3663 4217 ἀλήθειανς

2173 4327 2284 4383 Kal
2313 4327 2529 4397 Κύριος
2563 4328 2982 4397 παντοκράτωρ
3004 4324 3084 4398 ἦν
3108 4329 3235 4397 μετ’
3272 4327 3478 4384 αὐτοῦ.
3512 4324 3667 4379 Οὖτω

2102 4417 2164 4470 ἰδ
2184 4418 2449 4486 πανὰγιον
2476 4419 2726 4490 ὠνόμασε
2760 4417 2999 4489 Πνεῦμα.
3032 4416 3247 4486 Ταύτης
3279 4416 3387 4487 γὰρ
3410 4411 3479 4486 ἦν
3502 4414 3665 4485 ἠξιω-

2032 4514 2074 4568 D
2106 4506 2266 4578 μένος
2289 4508 2388 4577 τῆς
2414 4506 2658 4579 χάριτος.
3373 4539 3381 4543 -

2174 4597 2274 4667 Μὴ
2309 4599 2465 4653 ἔστω
2514 4599 2552 4665 ἡ
2612 4598 2742 4667 χείρ
2784 4615 2904 4667 μου
2949 4599 3043 4652 ἐπ’
3094 4598 3276 4665 αὐτῷ,
3332 4600 3473 4654 ἀλλ’
3514 4600 3668 4653 ἔστω

2101 4691 2193 4747 ἐπ’
2224 4690 2385 4756 αὐτῷ
2413 4692 2452 4760 -ὴ
2488 4691 2619 4760 χεὶρ
2643 4689 2767 4745 τῶν
2785 4691 3172 4761 ἀλλοφύλων.
3198 4692 3439 4757 Ἔδειξεν
3469 4696 3503 4764 ἡ
3531 4696 3668 4746 ἱστο-

2106 4784 2195 4855 ρία
2229 4783 2325 4836 τοῦ
2358 4782 2530 4835 Σαοὺλ
2573 4781 2667 4835 τὸν
2719 4782 2950 4849 σκοπὸν,
2985 4782 3062 4847 ὡς
3104 4783 3398 4855 ἐπιϐουλῆς
3438 4780 3528 4856 ἦν,
3570 4784 3668 4837 οὐκ

2103 4874 2439 4944 εὐεργεσίας,
2467 4873 2497 4926 6
2519 4874 2720 4943 γάμος.

2189 4969 2345 5022 Ἀλλ’
2375 4966 2415 5036 ἢ
2455 4967 2677 5023 ἑκατὸν
2703 4978 2725 5007 ι’
2746 4968 3148 5039 ἀκροϐυστίας
3167 4972 3558 5040 ἀλλοφύλων.
3575 4971 3668 5023 Διὰ

2101 5061 2153 5113 τί
2189 5062 2264 5131 μὴ
2308 5060 2949 5135 κεφαλάς;Ἐπειδήπερ
2996 5063 3372 5130 ὑπώπτευσεν,
3425 5064 3510 5118 ὅτι
3562 5048 3669 5117 τῶν

2101 5152 2389 5222 ὁμοφύλων
2417 5151 2573 5217 τινὰς
2590 5153 2818 5220 ἀνελὼν,
2856 5155 2993 5208 οῐσει
3024 5156 3230 5210 τούτων
3264 5157 3361 5219 τὰς
3400 5156 3659 5225 κεφαλάς*

2117 5239 2182 5296 ob
2219 5244 2285 5314 δὴ
2318 5244 2483 5316 χάριν
2510 5244 2613 5309 τὰς
2640 5246 3010 5316 ἀκροϐυστίας
3036 5249 3210 5317 ζητεῖ,
3240 5248 3270 5301 6
3299 5247 3452 5320 δηλοί
3487 5251 3547 5301 τὸ
3577 5249 3661 5302 ἀλ.

2104 5335 2335 5406 λόφυλον

1692 5582 1931 5640 VARUE
1971 5585 2377 5644 LECTIONES.

503 5674 529 5754 ξ
560 5668 718 5754 Γᾲρρ
749 5670 1024 5754 Διὰξιολος.
1043 5672 1122 5754 ⁸Ὀ
1146 5675 1245 5754 τῇς
1274 5674 1572 5754 Αὐγκξὼδ..
1601 5675 1683 5727 Τὰ
1721 5678 1870 5754 αύτὰ-
1899 5679 1955 5731 δέ
1994 5683 2101 5734 είσι
2153 5685 2261 5743 τοῖς
2308 5680 2400 5733 τοῦ
2429 5681 2733 5754 λΘεοδῳρίτ.
2810 5691 2840 5732 Ρ
2871 5683 3093 5737 Ἐποίει.
3121 5685 3181 5754 'lt
3203 5688 3295 5754 τῆς
3325 5686 3457 5751 Adv.
3531 5688 3653 5743 κὼδο

424 5737 799 5813 ιιΒασιλεύ-σει
845 5741 899 5791 δὲ
929 5745 956 5794 6
999 5737 1382 5813 ιξθονούμενοςξ
1421 5748 1479 5799 ’0
1504 5748 1627 5798 αύτ.

1707 5755 1727 5783 ¹
1761 5747 1815 5800 In
1857 5750 2100 5803 Litvau'ri
2135 5755 2325 5806 codice
2356 5752 2567 5805 videtur
2596 5747 2769 5806 fuisse
2799 5760 2844 5805 σ⁹
2877 5770 2977 5823 pro
3000 5759 3066 5816 ρ’.
3112 5752 3218 5807 Sed
3249 5747 3426 5811 nostri
3452 5760 3653 5813 codici:

440 5806 600 5860 lectio
622 5809 844 5873 melior;
875 5820 925 5863 ct
950 5826 977 5863 a
1013 5806 1315 5866 Bibliorum
1344 5806 1443 5868 hoc
1477 5821 1594 5869 loco
1622 5824 1769 5869 textu
1808 5826 2216 5888 cimupruhutur.
