  <div class='ocr_page' id='page_1' title='image "/cluster/home/n/w/nwhite01/storage/ocr_20150623/87:pt.1/coo.31924054869882/563.png"; bbox 0 0 3992 6408; ppageno 0'>
   <div class='ocr_carea' id='block_1_1' title="bbox 341 409 478 474">
    <p class='ocr_par' dir='ltr' id='par_1_1' title="bbox 341 409 478 474">
     <span class='ocr_line' id='line_1_1' title="bbox 341 409 478 474; baseline -0.015 0"><span class='ocrx_word' id='word_1_1' title='bbox 341 409 478 474; x_wconf 72' lang='lat'><strong>1105</strong></span> 
     </span>
    </p>
   </div>
   <div class='ocr_carea' id='block_1_2' title="bbox 1349 419 2559 487">
    <p class='ocr_par' dir='ltr' id='par_1_2' title="bbox 1349 419 2559 487">
     <span class='ocr_line' id='line_1_2' title="bbox 1349 419 2559 487; baseline 0.007 -7"><span class='ocrx_word' id='word_1_2' title='bbox 1349 419 1882 484; x_wconf 81' lang='lat' dir='ltr'><strong>COMMENTARII</strong></span> <span class='ocrx_word' id='word_1_3' title='bbox 1923 423 2003 482; x_wconf 88' lang='lat' dir='ltr'><strong>IN</strong></span> <span class='ocrx_word' id='word_1_4' title='bbox 2035 425 2234 484; x_wconf 89' lang='lat' dir='ltr'><strong>LIB.I</strong></span> <span class='ocrx_word' id='word_1_5' title='bbox 2272 426 2559 487; x_wconf 79' lang='lat' dir='ltr'><strong>REGUM.</strong></span> 
     </span>
    </p>
   </div>
   <div class='ocr_carea' id='block_1_3' title="bbox 3449 429 3583 492">
    <p class='ocr_par' dir='ltr' id='par_1_3' title="bbox 3449 429 3583 492">
     <span class='ocr_line' id='line_1_3' title="bbox 3449 429 3583 492; baseline 0 -1"><span class='ocrx_word' id='word_1_6' title='bbox 3449 429 3583 492; x_wconf 70' lang='grc'><strong>1106</strong></span> 
     </span>
    </p>
   </div>
   <div class='ocr_carea' id='block_1_4' title="bbox 419 525 1909 611">
    <p class='ocr_par' dir='ltr' id='par_1_4' title="bbox 419 525 1903 599">
     <span class='ocr_line' id='line_1_4' title="bbox 419 525 1903 599; baseline 0.009 -23"><span class='ocrx_word' id='word_1_7' title='bbox 419 525 558 578; x_wconf 84' lang='grc' dir='ltr'>Ἀλλ’</span> <span class='ocrx_word' id='word_1_8' title='bbox 595 526 744 596; x_wconf 82' lang='grc' dir='ltr'>ὅμως</span> <span class='ocrx_word' id='word_1_9' title='bbox 770 528 950 599; x_wconf 74' lang='grc' dir='ltr'>φθόνῳ</span> <span class='ocrx_word' id='word_1_10' title='bbox 991 528 1260 585; x_wconf 81' lang='grc' dir='ltr'><strong>δουλεύων</strong></span> <span class='ocrx_word' id='word_1_11' title='bbox 1285 534 1310 586; x_wconf 83' lang='grc' dir='ltr'>ὁ</span> <span class='ocrx_word' id='word_1_12' title='bbox 1351 533 1525 586; x_wconf 81' lang='grc' dir='ltr'>Σαοὺλ</span> <span class='ocrx_word' id='word_1_13' title='bbox 1548 533 1641 588; x_wconf 85' lang='grc' dir='ltr'><strong>τὸν</strong></span> <span class='ocrx_word' id='word_1_14' title='bbox 1672 535 1766 588; x_wconf 89' lang='grc' dir='ltr'>τοῦ</span> <span class='ocrx_word' id='word_1_15' title='bbox 1796 539 1903 590; x_wconf 85' lang='grc' dir='ltr'><strong>Δα-</strong></span> 
     </span>
    </p>
   </div>
   <div class='ocr_carea' id='block_1_5' title="bbox 2024 525 3584 611">
    <p class='ocr_par' dir='ltr' id='par_1_5' title="bbox 2078 537 3584 611">
     <span class='ocr_line' id='line_1_5' title="bbox 2078 537 3584 611; baseline 0.003 -21"><span class='ocrx_word' id='word_1_16' title='bbox 2078 537 2332 593; x_wconf 87' lang='lat' dir='ltr'><strong>Attamen</strong></span> <span class='ocrx_word' id='word_1_17' title='bbox 2365 539 2584 595; x_wconf 69' lang='lat' dir='ltr'><strong>invidite</strong></span> <span class='ocrx_word' id='word_1_18' title='bbox 2615 539 2906 611; x_wconf 78' lang='lat' dir='ltr'><strong>indulgens</strong></span> <span class='ocrx_word' id='word_1_19' title='bbox 2940 540 3071 596; x_wconf 87' lang='lat' dir='ltr'><strong>Saul</strong></span> <span class='ocrx_word' id='word_1_20' title='bbox 3104 553 3334 597; x_wconf 86' lang='lat' dir='ltr'><strong>mortem</strong></span> <span class='ocrx_word' id='word_1_21' title='bbox 3367 541 3584 595; x_wconf 84' lang='lat' dir='ltr'><strong>Davidis</strong></span> 
     </span>
    </p>
   </div>
   <div class='ocr_carea' id='block_1_6' title="bbox 207 618 1910 698">
    <p class='ocr_par' dir='ltr' id='par_1_6' title="bbox 207 618 1910 698">
     <span class='ocr_line' id='line_1_6' title="bbox 207 618 1910 698; baseline 0.01 -31"><span class='ocrx_word' id='word_1_22' title='bbox 207 632 235 654; x_wconf 78' lang='grc' dir='ltr'><strong>ο</strong></span> <span class='ocrx_word' id='word_1_23' title='bbox 335 618 420 671; x_wconf 80' lang='grc' dir='ltr'><strong>ϐὶδ</strong></span> <span class='ocrx_word' id='word_1_24' title='bbox 463 619 700 691; x_wconf 78' lang='grc' dir='ltr'>ἐτήρησε</span> <span class='ocrx_word' id='word_1_25' title='bbox 763 619 1016 677; x_wconf 81' lang='grc' dir='ltr'>θάνατον.</span> <span class='ocrx_word' id='word_1_26' title='bbox 1058 622 1186 676; x_wconf 81' lang='grc' dir='ltr'>Ὅτε</span> <span class='ocrx_word' id='word_1_27' title='bbox 1241 624 1298 678; x_wconf 80' lang='grc' dir='ltr'><strong>δὲ</strong></span> <span class='ocrx_word' id='word_1_28' title='bbox 1347 625 1622 682; x_wconf 79' lang='grc' dir='ltr'><strong>σέσωσται</strong></span> <span class='ocrx_word' id='word_1_29' title='bbox 1671 627 1760 682; x_wconf 85' lang='grc' dir='ltr'>διὰ</span> <span class='ocrx_word' id='word_1_30' title='bbox 1808 629 1910 698; x_wconf 76' lang='grc' dir='ltr'><strong>τῆς</strong></span> 
     </span>
    </p>
   </div>
   <div class='ocr_carea' id='block_1_7' title="bbox 332 708 1912 790">
    <p class='ocr_par' dir='ltr' id='par_1_7' title="bbox 332 708 1912 790">
     <span class='ocr_line' id='line_1_7' title="bbox 332 708 1912 790; baseline 0.007 -26"><span class='ocrx_word' id='word_1_31' title='bbox 332 710 571 782; x_wconf 82' lang='grc' dir='ltr'>Μελχὸλ,</span> <span class='ocrx_word' id='word_1_32' title='bbox 611 708 712 786; x_wconf 84' lang='grc' dir='ltr'>ᾖσε</span> <span class='ocrx_word' id='word_1_33' title='bbox 752 713 844 768; x_wconf 77' lang='grc' dir='ltr'><strong>τὸν</strong></span> <span class='ocrx_word' id='word_1_34' title='bbox 881 720 962 784; x_wconf 80' lang='grc' dir='ltr'><strong>νη¹</strong></span> <span class='ocrx_word' id='word_1_35' title='bbox 989 712 1206 785; x_wconf 81' lang='grc' dir='ltr'>ψαλμόν</span> <span class='ocrx_word' id='word_1_36' title='bbox 1231 733 1244 748; x_wconf 91' lang='grc'>·</span> <span class='ocrx_word' id='word_1_37' title='bbox 1287 735 1306 769; x_wconf 77' lang='grc' dir='ltr'><strong>ι</strong></span> <span class='ocrx_word' id='word_1_38' title='bbox 1348 717 1566 784; x_wconf 79' lang='grc' dir='ltr'>Ἑξελοῦ</span> <span class='ocrx_word' id='word_1_39' title='bbox 1610 737 1678 790; x_wconf 87' lang='grc' dir='ltr'><strong>με</strong></span> <span class='ocrx_word' id='word_1_40' title='bbox 1708 721 1772 774; x_wconf 83' lang='grc' dir='ltr'>ὲκ</span> <span class='ocrx_word' id='word_1_41' title='bbox 1801 719 1912 774; x_wconf 90' lang='grc' dir='ltr'><strong>τῶν</strong></span> 
     </span>
    </p>
   </div>
   <div class='ocr_carea' id='block_1_8' title="bbox 333 801 1172 874">
    <p class='ocr_par' dir='ltr' id='par_1_8' title="bbox 333 801 1172 874">
     <span class='ocr_line' id='line_1_8' title="bbox 333 801 1172 874; baseline 0.012 -21"><span class='ocrx_word' id='word_1_42' title='bbox 333 801 546 874; x_wconf 78' lang='grc' dir='ltr'>ἐχθρῶν</span> <span class='ocrx_word' id='word_1_43' title='bbox 573 821 696 874; x_wconf 88' lang='grc' dir='ltr'>μου,</span> <span class='ocrx_word' id='word_1_44' title='bbox 731 805 758 858; x_wconf 82' lang='grc' dir='ltr'>ὁ</span> <span class='ocrx_word' id='word_1_45' title='bbox 779 804 931 869; x_wconf 86' lang='grc' dir='ltr'>Θεός.</span> <span class='ocrx_word' id='word_1_46' title='bbox 967 825 986 858; x_wconf 74' lang='grc' dir='ltr'><strong>ι</strong></span> <span class='ocrx_word' id='word_1_47' title='bbox 1019 805 1081 863; x_wconf 86' lang='lat' dir='ltr'><strong>C.</strong></span> <span class='ocrx_word' id='word_1_48' title='bbox 1109 805 1172 863; x_wconf 88' lang='lat' dir='ltr'><strong>L.</strong></span> 
     </span>
    </p>
   </div>
   <div class='ocr_carea' id='block_1_9' title="bbox 411 976 1904 1062">
    <p class='ocr_par' dir='ltr' id='par_1_9' title="bbox 411 976 1904 1062">
     <span class='ocr_line' id='line_1_9' title="bbox 411 976 1904 1062; baseline 0.014 -33"><span class='ocrx_word' id='word_1_49' title='bbox 411 976 640 1046; x_wconf 86' lang='grc' dir='ltr'><strong>Ὅμοιον</strong></span> <span class='ocrx_word' id='word_1_50' title='bbox 676 979 784 1052; x_wconf 84' lang='grc' dir='ltr'><strong>τῷ·</strong></span> <span class='ocrx_word' id='word_1_51' title='bbox 823 1001 842 1033; x_wconf 81' lang='grc' dir='ltr'><strong>ι</strong></span> <span class='ocrx_word' id='word_1_52' title='bbox 877 983 1004 1038; x_wconf 86' lang='grc' dir='ltr'><strong>Ἐάν</strong></span> <span class='ocrx_word' id='word_1_53' title='bbox 1037 986 1119 1047; x_wconf 88' lang='grc' dir='ltr'><strong>τίς</strong></span> <span class='ocrx_word' id='word_1_54' title='bbox 1151 1004 1212 1040; x_wconf 86' lang='grc' dir='ltr'><strong>σε</strong></span> <span class='ocrx_word' id='word_1_55' title='bbox 1245 987 1573 1062; x_wconf 82' lang='grc' dir='ltr'>ἀγγαρεύσῃ</span> <span class='ocrx_word' id='word_1_56' title='bbox 1616 993 1798 1062; x_wconf 82' lang='grc' dir='ltr'>μίλιον</span> <span class='ocrx_word' id='word_1_57' title='bbox 1825 995 1904 1061; x_wconf 78' lang='grc' dir='ltr'><strong>ἓν,</strong></span> 
     </span>
    </p>
   </div>
   <div class='ocr_carea' id='block_1_10' title="bbox 336 1063 1910 1153">
    <p class='ocr_par' dir='ltr' id='par_1_10' title="bbox 336 1063 1910 1153">
     <span class='ocr_line' id='line_1_10' title="bbox 336 1063 1910 1153; baseline 0.014 -35"><span class='ocrx_word' id='word_1_58' title='bbox 336 1063 520 1153; x_wconf 74' lang='grc' dir='ltr'>ὕπαγε</span> <span class='ocrx_word' id='word_1_59' title='bbox 554 1068 672 1138; x_wconf 86' lang='grc' dir='ltr'>μετ’</span> <span class='ocrx_word' id='word_1_60' title='bbox 701 1071 867 1124; x_wconf 81' lang='grc' dir='ltr'>αὑτοῦ</span> <span class='ocrx_word' id='word_1_61' title='bbox 906 1072 1036 1128; x_wconf 84' lang='grc' dir='ltr'>δύω.</span> <span class='ocrx_word' id='word_1_62' title='bbox 1063 1094 1081 1126; x_wconf 73' lang='grc' dir='ltr'><strong>ι</strong></span> <span class='ocrx_word' id='word_1_63' title='bbox 1125 1077 1508 1134; x_wconf 86' lang='grc' dir='ltr'>Ἐπιτάττεται</span> <span class='ocrx_word' id='word_1_64' title='bbox 1541 1081 1652 1153; x_wconf 84' lang='grc' dir='ltr'><strong>γὰρ</strong></span> <span class='ocrx_word' id='word_1_65' title='bbox 1680 1085 1708 1138; x_wconf 83' lang='grc' dir='ltr'><strong>ὁ</strong></span> <span class='ocrx_word' id='word_1_66' title='bbox 1743 1085 1910 1140; x_wconf 80' lang='grc' dir='ltr'>Δασὶδ</span> 
     </span>
    </p>
   </div>
   <div class='ocr_carea' id='block_1_11' title="bbox 337 1151 1944 1242">
    <p class='ocr_par' dir='ltr' id='par_1_11' title="bbox 337 1151 1944 1242">
     <span class='ocr_line' id='line_1_11' title="bbox 337 1151 1944 1242; baseline 0.016 -39"><span class='ocrx_word' id='word_1_67' title='bbox 337 1151 600 1220; x_wconf 83' lang='grc' dir='ltr'>φονεῦσαι</span> <span class='ocrx_word' id='word_1_68' title='bbox 626 1156 818 1211; x_wconf 79' lang='grc' dir='ltr'>ἑκατὸν</span> <span class='ocrx_word' id='word_1_69' title='bbox 848 1159 1206 1230; x_wconf 78' lang='grc' dir='ltr'>ἀλλοφύλους,</span> <span class='ocrx_word' id='word_1_70' title='bbox 1233 1167 1328 1218; x_wconf 79' lang='grc' dir='ltr'>καὶ</span> <span class='ocrx_word' id='word_1_71' title='bbox 1365 1151 1678 1234; x_wconf 80' lang='grc' dir='ltr'>διακοσίους</span> <span class='ocrx_word' id='word_1_72' title='bbox 1700 1173 1906 1242; x_wconf 84' lang='grc' dir='ltr'>ἀνεῖλε,</span> <span class='ocrx_word' id='word_1_73' title='bbox 1929 1212 1944 1217; x_wconf 92' lang='grc'><strong><em>-</em></strong></span> 
     </span>
    </p>
   </div>
   <div class='ocr_carea' id='block_1_12' title="bbox 337 1246 1908 1334">
    <p class='ocr_par' dir='ltr' id='par_1_12' title="bbox 337 1246 1908 1334">
     <span class='ocr_line' id='line_1_12' title="bbox 337 1246 1908 1334; baseline 0.016 -40"><span class='ocrx_word' id='word_1_74' title='bbox 337 1246 675 1300; x_wconf 85' lang='grc' dir='ltr'>καταπατῶν</span> <span class='ocrx_word' id='word_1_75' title='bbox 706 1249 804 1318; x_wconf 81' lang='grc' dir='ltr'><strong>τὴν</strong></span> <span class='ocrx_word' id='word_1_76' title='bbox 828 1249 924 1303; x_wconf 87' lang='grc' dir='ltr'>τοῦ</span> <span class='ocrx_word' id='word_1_77' title='bbox 972 1253 1148 1308; x_wconf 82' lang='grc' dir='ltr'>Σαοὺλ</span> <span class='ocrx_word' id='word_1_78' title='bbox 1173 1257 1462 1328; x_wconf 77' lang='grc' dir='ltr'>ἐπήρειαν,</span> <span class='ocrx_word' id='word_1_79' title='bbox 1499 1261 1642 1316; x_wconf 80' lang='grc' dir='ltr'>κατὰ</span> <span class='ocrx_word' id='word_1_80' title='bbox 1679 1263 1777 1334; x_wconf 71' lang='grc' dir='ltr'><strong>τὴν</strong></span> <span class='ocrx_word' id='word_1_81' title='bbox 1814 1265 1908 1319; x_wconf 86' lang='grc' dir='ltr'><strong>τοῦ</strong></span> 
     </span>
    </p>
   </div>
   <div class='ocr_carea' id='block_1_13' title="bbox 336 1331 956 1403">
    <p class='ocr_par' dir='ltr' id='par_1_13' title="bbox 336 1331 956 1403">
     <span class='ocr_line' id='line_1_13' title="bbox 336 1331 956 1403; baseline 0.016 -18"><span class='ocrx_word' id='word_1_82' title='bbox 336 1331 500 1403; x_wconf 86' lang='grc' dir='ltr'>λόγου</span> <span class='ocrx_word' id='word_1_83' title='bbox 527 1334 758 1392; x_wconf 79' lang='grc' dir='ltr'>ἔκδοσιν.</span> <span class='ocrx_word' id='word_1_84' title='bbox 796 1339 860 1394; x_wconf 86' lang='lat' dir='ltr'><strong>C.</strong></span> <span class='ocrx_word' id='word_1_85' title='bbox 895 1339 956 1395; x_wconf 86' lang='lat' dir='ltr'><strong>L.</strong></span> 
     </span>
    </p>
   </div>
   <div class='ocr_carea' id='block_1_14' title="bbox 928 1433 1324 1492">
    <p class='ocr_par' dir='ltr' id='par_1_14' title="bbox 928 1433 1324 1492">
     <span class='ocr_line' id='line_1_14' title="bbox 928 1433 1324 1492; baseline 0.013 -7"><span class='ocrx_word' id='word_1_86' title='bbox 928 1433 1179 1492; x_wconf 78' lang='grc' dir='ltr'><strong>ΚΕΦΑΛ.</strong></span> <span class='ocrx_word' id='word_1_87' title='bbox 1223 1436 1324 1490; x_wconf 85' lang='grc' dir='ltr'><strong>ΙΘ’.</strong></span> 
     </span>
    </p>
   </div>
   <div class='ocr_carea' id='block_1_15' title="bbox 407 1513 1909 1598">
    <p class='ocr_par' dir='ltr' id='par_1_15' title="bbox 407 1513 1909 1598">
     <span class='ocr_line' id='line_1_15' title="bbox 407 1513 1909 1598; baseline 0.015 -31"><span class='ocrx_word' id='word_1_88' title='bbox 407 1513 516 1568; x_wconf 80' lang='lat' dir='ltr'><strong>Kal</strong></span> <span class='ocrx_word' id='word_1_89' title='bbox 535 1514 753 1570; x_wconf 74' lang='grc' dir='ltr'>ἐλαϐεν</span> <span class='ocrx_word' id='word_1_90' title='bbox 771 1522 1014 1590; x_wconf 74' lang='grc' dir='ltr'><strong>Μελχὸλ</strong></span> <span class='ocrx_word' id='word_1_91' title='bbox 1032 1523 1104 1578; x_wconf 84' lang='grc' dir='ltr'><strong>τὰ</strong></span> <span class='ocrx_word' id='word_1_92' title='bbox 1115 1527 1462 1598; x_wconf 69' lang='grc' dir='ltr'>κενοτάφια,</span> <span class='ocrx_word' id='word_1_93' title='bbox 1489 1549 1602 1586; x_wconf 89' lang='grc' dir='ltr'>κ.τ.</span> <span class='ocrx_word' id='word_1_94' title='bbox 1619 1532 1909 1598; x_wconf 80' lang='grc' dir='ltr'>λ.Ἀκύλας</span> 
     </span>
    </p>
   </div>
   <div class='ocr_carea' id='block_1_16' title="bbox 336 1603 1910 1697">
    <p class='ocr_par' dir='ltr' id='par_1_16' title="bbox 336 1603 1910 1697">
     <span class='ocr_line' id='line_1_16' title="bbox 336 1603 1910 1697; baseline 0.017 -45"><span class='ocrx_word' id='word_1_95' title='bbox 336 1603 701 1697; x_wconf 35' lang='lat' dir='ltr'><strong>negotiumst:</strong></span> <span class='ocrx_word' id='word_1_96' title='bbox 724 1609 907 1678; x_wconf 71' lang='grc' dir='ltr'>φησὶν,</span> <span class='ocrx_word' id='word_1_97' title='bbox 937 1613 1051 1697; x_wconf 51' lang='grc' dir='ltr'>καὶ.</span> <span class='ocrx_word' id='word_1_98' title='bbox 1070 1613 1131 1667; x_wconf 82' lang='grc' dir='ltr'>τὺ</span> <span class='ocrx_word' id='word_1_99' title='bbox 1149 1611 1306 1688; x_wconf 79' lang='grc' dir='ltr'>ἧπαρ</span> <span class='ocrx_word' id='word_1_100' title='bbox 1335 1619 1446 1673; x_wconf 89' lang='grc' dir='ltr'>τῶν</span> <span class='ocrx_word' id='word_1_101' title='bbox 1477 1623 1672 1688; x_wconf 76' lang='grc' dir='ltr'>αἰγῶν,</span> <span class='ocrx_word' id='word_1_102' title='bbox 1708 1625 1770 1677; x_wconf 77' lang='grc' dir='ltr'><strong>τὸ</strong></span> <span class='ocrx_word' id='word_1_103' title='bbox 1801 1626 1910 1679; x_wconf 81' lang='grc' dir='ltr'>πᾶν</span> 
     </span>
    </p>
   </div>
   <div class='ocr_carea' id='block_1_17' title="bbox 335 1692 1911 1780">
    <p class='ocr_par' dir='ltr' id='par_1_17' title="bbox 335 1692 1911 1780">
     <span class='ocr_line' id='line_1_17' title="bbox 335 1692 1911 1780; baseline 0.017 -37"><span class='ocrx_word' id='word_1_104' title='bbox 335 1692 541 1763; x_wconf 81' lang='grc' dir='ltr'>πλῆθος</span> <span class='ocrx_word' id='word_1_105' title='bbox 566 1696 664 1750; x_wconf 73' lang='grc' dir='ltr'>καὶ</span> <span class='ocrx_word' id='word_1_106' title='bbox 691 1692 1126 1774; x_wconf 73' lang='grc' dir='ltr'>στρογγύλωμα</span> <span class='ocrx_word' id='word_1_107' title='bbox 1166 1707 1392 1777; x_wconf 84' lang='grc' dir='ltr'><strong>τριχῶν,</strong></span> <span class='ocrx_word' id='word_1_108' title='bbox 1429 1713 1819 1780; x_wconf 84' lang='grc' dir='ltr'>φυγαδεύσασα</span> <span class='ocrx_word' id='word_1_109' title='bbox 1853 1717 1911 1769; x_wconf 82' lang='grc' dir='ltr'><strong>δὲ</strong></span> 
     </span>
    </p>
   </div>
   <div class='ocr_carea' id='block_1_18' title="bbox 331 1782 1908 1876">
    <p class='ocr_par' dir='ltr' id='par_1_18' title="bbox 331 1782 1908 1876">
     <span class='ocr_line' id='line_1_18' title="bbox 331 1782 1908 1876; baseline 0.016 -42"><span class='ocrx_word' id='word_1_110' title='bbox 331 1782 426 1837; x_wconf 81' lang='grc' dir='ltr'><strong>τὸν</strong></span> <span class='ocrx_word' id='word_1_111' title='bbox 459 1785 648 1854; x_wconf 78' lang='grc' dir='ltr'><strong>Δαϐὶδ,</strong></span> <span class='ocrx_word' id='word_1_112' title='bbox 674 1789 774 1860; x_wconf 81' lang='grc' dir='ltr'><strong>τὴν</strong></span> <span class='ocrx_word' id='word_1_113' title='bbox 800 1790 989 1864; x_wconf 79' lang='grc' dir='ltr'>κλίνην</span> <span class='ocrx_word' id='word_1_114' title='bbox 1018 1795 1102 1856; x_wconf 80' lang='grc' dir='ltr'><strong>εἰς</strong></span> <span class='ocrx_word' id='word_1_115' title='bbox 1131 1797 1541 1868; x_wconf 80' lang='grc' dir='ltr'>ἀρρωστοῦντος</span> <span class='ocrx_word' id='word_1_116' title='bbox 1574 1804 1908 1876; x_wconf 80' lang='grc' dir='ltr'><strong>ἐσχημάτισε</strong></span> 
     </span>
    </p>
   </div>
   <div class='ocr_carea' id='block_1_19' title="bbox 329 1877 1980 1968">
    <p class='ocr_par' dir='ltr' id='par_1_19' title="bbox 329 1877 1980 1968">
     <span class='ocr_line' id='line_1_19' title="bbox 329 1877 1980 1968; baseline 0.016 -42"><span class='ocrx_word' id='word_1_117' title='bbox 329 1877 541 1968; x_wconf 63' lang='grc' dir='ltr'>τύπον,</span> <span class='ocrx_word' id='word_1_118' title='bbox 573 1877 807 1948; x_wconf 76' lang='grc' dir='ltr'><strong>ἱματίων</strong></span> <span class='ocrx_word' id='word_1_119' title='bbox 852 1883 952 1951; x_wconf 79' lang='grc' dir='ltr'>μὲν</span> <span class='ocrx_word' id='word_1_120' title='bbox 1005 1885 1212 1956; x_wconf 81' lang='grc' dir='ltr'>πλῆθος</span> <span class='ocrx_word' id='word_1_121' title='bbox 1243 1889 1599 1968; x_wconf 76' lang='grc' dir='ltr'>ἐπιϐαλοῦσα,</span> <span class='ocrx_word' id='word_1_122' title='bbox 1632 1899 1905 1967; x_wconf 89' lang='grc' dir='ltr'>στρογγύ-</span> <span class='ocrx_word' id='word_1_123' title='bbox 1939 1877 1980 1931; x_wconf 74' lang='grc' dir='ltr'><strong>Β</strong></span> 
     </span>
    </p>
   </div>
   <div class='ocr_carea' id='block_1_20' title="bbox 329 1964 1907 2050">
    <p class='ocr_par' dir='ltr' id='par_1_20' title="bbox 329 1964 1907 2050">
     <span class='ocr_line' id='line_1_20' title="bbox 329 1964 1907 2050; baseline 0.016 -34"><span class='ocrx_word' id='word_1_124' title='bbox 329 1964 492 2035; x_wconf 88' lang='grc' dir='ltr'>λωμα</span> <span class='ocrx_word' id='word_1_125' title='bbox 523 1967 582 2020; x_wconf 83' lang='grc' dir='ltr'><strong>δὲ</strong></span> <span class='ocrx_word' id='word_1_126' title='bbox 628 1970 830 2042; x_wconf 86' lang='grc' dir='ltr'>τριχῶν</span> <span class='ocrx_word' id='word_1_127' title='bbox 869 1973 1132 2030; x_wconf 83' lang='grc' dir='ltr'>ὑποθεῖσα</span> <span class='ocrx_word' id='word_1_128' title='bbox 1169 1980 1282 2042; x_wconf 83' lang='grc' dir='ltr'>τοῖς</span> <span class='ocrx_word' id='word_1_129' title='bbox 1327 1964 1588 2050; x_wconf 77' lang='grc' dir='ltr'>ἱματίοις,</span> <span class='ocrx_word' id='word_1_130' title='bbox 1637 1964 1779 2038; x_wconf 82' lang='grc' dir='ltr'>ὥστε</span> <span class='ocrx_word' id='word_1_131' title='bbox 1816 2005 1907 2049; x_wconf 82' lang='grc' dir='ltr'>μι-</span> 
     </span>
    </p>
   </div>
   <div class='ocr_carea' id='block_1_21' title="bbox 331 2057 1906 2148">
    <p class='ocr_par' dir='ltr' id='par_1_21' title="bbox 331 2057 1906 2148">
     <span class='ocr_line' id='line_1_21' title="bbox 331 2057 1906 2148; baseline 0.015 -39"><span class='ocrx_word' id='word_1_132' title='bbox 331 2057 554 2148; x_wconf 82' lang='grc' dir='ltr'>μεῖσθαι</span> <span class='ocrx_word' id='word_1_133' title='bbox 583 2060 682 2131; x_wconf 82' lang='grc' dir='ltr'><strong>τὴν</strong></span> <span class='ocrx_word' id='word_1_134' title='bbox 713 2065 978 2135; x_wconf 85' lang='grc' dir='ltr'>κεφαλήν.</span> <span class='ocrx_word' id='word_1_135' title='bbox 1016 2067 1172 2131; x_wconf 82' lang='grc' dir='ltr'>Τινὲς</span> <span class='ocrx_word' id='word_1_136' title='bbox 1205 2071 1263 2122; x_wconf 85' lang='grc' dir='ltr'><strong>δὲ</strong></span> <span class='ocrx_word' id='word_1_137' title='bbox 1308 2073 1663 2145; x_wconf 80' lang='grc' dir='ltr'>μορφώματα</span> <span class='ocrx_word' id='word_1_138' title='bbox 1691 2077 1789 2148; x_wconf 81' lang='grc' dir='ltr'><strong>τὴν</strong></span> <span class='ocrx_word' id='word_1_139' title='bbox 1823 2081 1906 2132; x_wconf 87' lang='grc' dir='ltr'><strong>εἰ-</strong></span> 
     </span>
    </p>
   </div>
   <div class='ocr_carea' id='block_1_22' title="bbox 327 2146 1904 2240">
    <p class='ocr_par' dir='ltr' id='par_1_22' title="bbox 327 2146 1904 2240">
     <span class='ocr_line' id='line_1_22' title="bbox 327 2146 1904 2240; baseline 0.013 -40"><span class='ocrx_word' id='word_1_140' title='bbox 327 2146 464 2240; x_wconf 82' lang='grc' dir='ltr'>κόνα</span> <span class='ocrx_word' id='word_1_141' title='bbox 495 2149 628 2219; x_wconf 79' lang='grc' dir='ltr'>φασὶ</span> <span class='ocrx_word' id='word_1_142' title='bbox 653 2150 748 2205; x_wconf 86' lang='grc' dir='ltr'>τοῦ</span> <span class='ocrx_word' id='word_1_143' title='bbox 776 2153 962 2222; x_wconf 77' lang='grc' dir='ltr'>Δαϐὶδ,</span> <span class='ocrx_word' id='word_1_144' title='bbox 986 2156 1052 2226; x_wconf 84' lang='grc' dir='ltr'><strong>ἢν</strong></span> <span class='ocrx_word' id='word_1_145' title='bbox 1074 2161 1184 2222; x_wconf 85' lang='grc' dir='ltr'>τοῖς</span> <span class='ocrx_word' id='word_1_146' title='bbox 1211 2161 1446 2230; x_wconf 75' lang='grc' dir='ltr'>ἱματίοις</span> <span class='ocrx_word' id='word_1_147' title='bbox 1474 2146 1904 2240; x_wconf 37' lang='grc' dir='ltr'>ἐκάλυψα-πλὴν</span> 
     </span>
    </p>
   </div>
   <div class='ocr_carea' id='block_1_23' title="bbox 327 2239 1898 2331">
    <p class='ocr_par' dir='ltr' id='par_1_23' title="bbox 327 2239 1898 2331">
     <span class='ocr_line' id='line_1_23' title="bbox 327 2239 1898 2331; baseline 0.015 -40"><span class='ocrx_word' id='word_1_148' title='bbox 327 2239 492 2331; x_wconf 63' lang='grc' dir='ltr'>ενίων</span> <span class='ocrx_word' id='word_1_149' title='bbox 510 2242 605 2295; x_wconf 88' lang='grc' dir='ltr'>τοῦ</span> <span class='ocrx_word' id='word_1_150' title='bbox 635 2243 932 2314; x_wconf 86' lang='grc' dir='ltr'>προσώπου</span> <span class='ocrx_word' id='word_1_151' title='bbox 960 2249 1186 2319; x_wconf 88' lang='grc' dir='ltr'>μορίων,</span> <span class='ocrx_word' id='word_1_152' title='bbox 1207 2251 1281 2305; x_wconf 85' lang='grc' dir='ltr'><strong>Τὸ</strong></span> <span class='ocrx_word' id='word_1_153' title='bbox 1303 2252 1360 2306; x_wconf 84' lang='grc' dir='ltr'><strong>δὲ</strong></span> <span class='ocrx_word' id='word_1_154' title='bbox 1390 2254 1498 2309; x_wconf 92' lang='grc' dir='ltr'>τῶν</span> <span class='ocrx_word' id='word_1_155' title='bbox 1528 2258 1700 2326; x_wconf 84' lang='grc' dir='ltr'><strong>αἰγῶν</strong></span> <span class='ocrx_word' id='word_1_156' title='bbox 1725 2239 1898 2331; x_wconf 81' lang='grc' dir='ltr'>ἧπαρ,</span> 
     </span>
    </p>
   </div>
   <div class='ocr_carea' id='block_1_24' title="bbox 325 2329 1905 2421">
    <p class='ocr_par' dir='ltr' id='par_1_24' title="bbox 325 2329 1905 2421">
     <span class='ocr_line' id='line_1_24' title="bbox 325 2329 1905 2421; baseline 0.015 -41"><span class='ocrx_word' id='word_1_157' title='bbox 325 2329 516 2401; x_wconf 69' lang='grc' dir='ltr'>ἐπειδή</span> <span class='ocrx_word' id='word_1_158' title='bbox 548 2348 714 2401; x_wconf 84' lang='grc' dir='ltr'>φασιν</span> <span class='ocrx_word' id='word_1_159' title='bbox 735 2335 868 2388; x_wconf 81' lang='grc' dir='ltr'>αὑτό</span> <span class='ocrx_word' id='word_1_160' title='bbox 889 2353 1034 2402; x_wconf 86' lang='grc' dir='ltr'>τινες</span> <span class='ocrx_word' id='word_1_161' title='bbox 1056 2340 1322 2396; x_wconf 89' lang='grc' dir='ltr'>κινεῖσθαι</span> <span class='ocrx_word' id='word_1_162' title='bbox 1349 2345 1512 2416; x_wconf 81' lang='grc' dir='ltr'>μέχρι</span> <span class='ocrx_word' id='word_1_163' title='bbox 1537 2347 1732 2403; x_wconf 87' lang='grc' dir='ltr'>πολλοῦ</span> <span class='ocrx_word' id='word_1_164' title='bbox 1749 2329 1905 2421; x_wconf 77' lang='grc' dir='ltr'>μετὰ</span> 
     </span>
    </p>
   </div>
   <div class='ocr_carea' id='block_1_25' title="bbox 339 2421 1006 2501">
    <p class='ocr_par' dir='ltr' id='par_1_25' title="bbox 339 2421 1006 2501">
     <span class='ocr_line' id='line_1_25' title="bbox 339 2421 1006 2501; baseline 0.018 -30"><span class='ocrx_word' id='word_1_165' title='bbox 339 2421 428 2491; x_wconf 74' lang='grc' dir='ltr'><strong>τὴν</strong></span> <span class='ocrx_word' id='word_1_166' title='bbox 459 2421 554 2474; x_wconf 87' lang='grc' dir='ltr'>τοῦ</span> <span class='ocrx_word' id='word_1_167' title='bbox 591 2421 734 2488; x_wconf 83' lang='grc' dir='ltr'>ζώου</span> <span class='ocrx_word' id='word_1_168' title='bbox 767 2429 1006 2501; x_wconf 72' lang='grc' dir='ltr'>σφαγήν.</span> 
     </span>
    </p>
   </div>
   <div class='ocr_carea' id='block_1_26' title="bbox 403 2513 1905 2604">
    <p class='ocr_par' dir='ltr' id='par_1_26' title="bbox 403 2513 1905 2604">
     <span class='ocr_line' id='line_1_26' title="bbox 403 2513 1905 2604; baseline 0.015 -38"><span class='ocrx_word' id='word_1_169' title='bbox 403 2513 507 2568; x_wconf 79' lang='grc' dir='ltr'><strong>Καὶ</strong></span> <span class='ocrx_word' id='word_1_170' title='bbox 529 2515 768 2584; x_wconf 78' lang='grc' dir='ltr'>ἐγένετο</span> <span class='ocrx_word' id='word_1_171' title='bbox 807 2519 907 2574; x_wconf 74' lang='grc' dir='ltr'><strong>ἐπὶ</strong></span> <span class='ocrx_word' id='word_1_172' title='bbox 951 2523 1094 2588; x_wconf 79' lang='grc' dir='ltr'>τοὺς</span> <span class='ocrx_word' id='word_1_173' title='bbox 1119 2523 1414 2594; x_wconf 72' lang='grc' dir='ltr'>ἀγγέλους</span> <span class='ocrx_word' id='word_1_174' title='bbox 1441 2529 1644 2584; x_wconf 75' lang='grc' dir='ltr'>Σαοὺλ</span> <span class='ocrx_word' id='word_1_175' title='bbox 1670 2533 1905 2604; x_wconf 78' lang='grc' dir='ltr'>πνεῦμα</span> 
     </span>
    </p>
   </div>
   <div class='ocr_carea' id='block_1_27' title="bbox 337 2605 1902 2694">
    <p class='ocr_par' dir='ltr' id='par_1_27' title="bbox 337 2605 1902 2694">
     <span class='ocr_line' id='line_1_27' title="bbox 337 2605 1902 2694; baseline 0.016 -38"><span class='ocrx_word' id='word_1_176' title='bbox 337 2605 505 2670; x_wconf 82' lang='grc' dir='ltr'><strong>Θεοῦ,</strong></span> <span class='ocrx_word' id='word_1_177' title='bbox 519 2607 616 2660; x_wconf 78' lang='grc' dir='ltr'>καὶ</span> <span class='ocrx_word' id='word_1_178' title='bbox 633 2611 1115 2680; x_wconf 69' lang='grc' dir='ltr'>προεφήτευσαν.</span> <span class='ocrx_word' id='word_1_179' title='bbox 1136 2617 1263 2680; x_wconf 86' lang='grc' dir='ltr'><strong>Πῶς</strong></span> <span class='ocrx_word' id='word_1_180' title='bbox 1281 2612 1430 2674; x_wconf 73' lang='grc' dir='ltr'>οὗτοι</span> <span class='ocrx_word' id='word_1_181' title='bbox 1461 2627 1902 2694; x_wconf 84' lang='grc' dir='ltr'>προφητεύουσι;</span> 
     </span>
    </p>
   </div>
   <div class='ocr_carea' id='block_1_28' title="bbox 333 2695 1908 2782">
    <p class='ocr_par' dir='ltr' id='par_1_28' title="bbox 333 2695 1908 2782">
     <span class='ocr_line' id='line_1_28' title="bbox 333 2695 1908 2782; baseline 0.017 -35"><span class='ocrx_word' id='word_1_182' title='bbox 333 2695 452 2760; x_wconf 86' lang='grc' dir='ltr'><strong>πῶς</strong></span> <span class='ocrx_word' id='word_1_183' title='bbox 483 2697 540 2752; x_wconf 79' lang='grc' dir='ltr'><strong>δὲ</strong></span> <span class='ocrx_word' id='word_1_184' title='bbox 569 2701 663 2753; x_wconf 83' lang='grc' dir='ltr'>καὶ</span> <span class='ocrx_word' id='word_1_185' title='bbox 693 2701 866 2756; x_wconf 85' lang='grc' dir='ltr'>Σαοὺλ</span> <span class='ocrx_word' id='word_1_186' title='bbox 895 2703 1160 2776; x_wconf 75' lang='grc' dir='ltr'>ὖστερονς</span> <span class='ocrx_word' id='word_1_187' title='bbox 1193 2708 1449 2782; x_wconf 79' lang='grc' dir='ltr'>Διάφορα</span> <span class='ocrx_word' id='word_1_188' title='bbox 1479 2713 1660 2768; x_wconf 88' lang='grc' dir='ltr'><strong>τοίνυν</strong></span> <span class='ocrx_word' id='word_1_189' title='bbox 1685 2717 1778 2770; x_wconf 80' lang='grc' dir='ltr'>τοῦ</span> <span class='ocrx_word' id='word_1_190' title='bbox 1810 2721 1908 2772; x_wconf 80' lang='grc' dir='ltr'><strong>Δε-</strong></span> 
     </span>
    </p>
   </div>
   <div class='ocr_carea' id='block_1_29' title="bbox 333 2789 1906 2879">
    <p class='ocr_par' dir='ltr' id='par_1_29' title="bbox 333 2789 1906 2879">
     <span class='ocr_line' id='line_1_29' title="bbox 333 2789 1906 2879; baseline 0.017 -40"><span class='ocrx_word' id='word_1_191' title='bbox 333 2789 532 2879; x_wconf 82' lang='grc' dir='ltr'>σπότου</span> <span class='ocrx_word' id='word_1_192' title='bbox 567 2790 635 2844; x_wconf 78' lang='grc' dir='ltr'><strong>τὰ</strong></span> <span class='ocrx_word' id='word_1_193' title='bbox 689 2793 961 2867; x_wconf 83' lang='grc' dir='ltr'>θήρατρα.</span> <span class='ocrx_word' id='word_1_194' title='bbox 995 2798 1135 2863; x_wconf 82' lang='grc' dir='ltr'><strong>Τοὺς</strong></span> <span class='ocrx_word' id='word_1_195' title='bbox 1185 2800 1284 2868; x_wconf 83' lang='grc' dir='ltr'><strong>μὲν</strong></span> <span class='ocrx_word' id='word_1_196' title='bbox 1317 2801 1427 2874; x_wconf 81' lang='grc' dir='ltr'>γὰρ</span> <span class='ocrx_word' id='word_1_197' title='bbox 1489 2803 1556 2856; x_wconf 81' lang='grc' dir='ltr'><strong>δι’</strong></span> <span class='ocrx_word' id='word_1_198' title='bbox 1599 2805 1906 2879; x_wconf 85' lang='grc' dir='ltr'>ἀνθρώπων</span> 
     </span>
    </p>
   </div>
   <div class='ocr_carea' id='block_1_30' title="bbox 332 2877 1906 2968">
    <p class='ocr_par' dir='ltr' id='par_1_30' title="bbox 332 2877 1906 2968">
     <span class='ocr_line' id='line_1_30' title="bbox 332 2877 1906 2968; baseline 0.016 -38"><span class='ocrx_word' id='word_1_199' title='bbox 332 2877 591 2950; x_wconf 82' lang='grc' dir='ltr'><strong>θηρεύει·</strong></span> <span class='ocrx_word' id='word_1_200' title='bbox 641 2885 769 2948; x_wconf 86' lang='grc' dir='ltr'>τοὺς</span> <span class='ocrx_word' id='word_1_201' title='bbox 835 2885 894 2940; x_wconf 82' lang='grc' dir='ltr'><strong>δὲ</strong></span> <span class='ocrx_word' id='word_1_202' title='bbox 962 2888 1198 2962; x_wconf 81' lang='grc' dir='ltr'>ἁορασίᾳ</span> <span class='ocrx_word' id='word_1_203' title='bbox 1271 2889 1512 2963; x_wconf 83' lang='grc' dir='ltr'><strong>θηρεύει.</strong></span> <span class='ocrx_word' id='word_1_204' title='bbox 1573 2877 1751 2968; x_wconf 81' lang='grc' dir='ltr'>Ὅπερ</span> <span class='ocrx_word' id='word_1_205' title='bbox 1813 2902 1906 2956; x_wconf 73' lang='grc' dir='ltr'><strong>ἐπὶ</strong></span> 
     </span>
    </p>
   </div>
   <div class='ocr_carea' id='block_1_31' title="bbox 343 2971 1907 3064">
    <p class='ocr_par' dir='ltr' id='par_1_31' title="bbox 343 2971 1907 3064">
     <span class='ocr_line' id='line_1_31' title="bbox 343 2971 1907 3064; baseline 0.017 -42"><span class='ocrx_word' id='word_1_206' title='bbox 343 2971 650 3064; x_wconf 74' lang='grc' dir='ltr'>Ἐλισσαίου</span> <span class='ocrx_word' id='word_1_207' title='bbox 696 2978 1011 3050; x_wconf 82' lang='grc' dir='ltr'>γεγένηται.</span> <span class='ocrx_word' id='word_1_208' title='bbox 1041 2981 1276 3051; x_wconf 81' lang='grc' dir='ltr'><strong>Τούτους</strong></span> <span class='ocrx_word' id='word_1_209' title='bbox 1325 2986 1382 3040; x_wconf 81' lang='grc' dir='ltr'><strong>δὲ</strong></span> <span class='ocrx_word' id='word_1_210' title='bbox 1423 2987 1514 3043; x_wconf 83' lang='grc' dir='ltr'>διὰ</span> <span class='ocrx_word' id='word_1_211' title='bbox 1561 2985 1907 3064; x_wconf 69' lang='grc' dir='ltr'>προφητικῆς</span> 
     </span>
    </p>
   </div>
   <div class='ocr_carea' id='block_1_32' title="bbox 326 3061 1908 3138">
    <p class='ocr_par' dir='ltr' id='par_1_32' title="bbox 326 3061 1908 3138">
     <span class='ocr_line' id='line_1_32' title="bbox 326 3061 1908 3138; baseline 0.016 -25"><span class='ocrx_word' id='word_1_212' title='bbox 326 3061 554 3134; x_wconf 77' lang='grc' dir='ltr'>χάριτος</span> <span class='ocrx_word' id='word_1_213' title='bbox 582 3065 674 3122; x_wconf 74' lang='grc' dir='ltr'><strong>τὸν</strong></span> <span class='ocrx_word' id='word_1_214' title='bbox 703 3065 868 3122; x_wconf 75' lang='grc' dir='ltr'><strong>Δαὸὶδ</strong></span> <span class='ocrx_word' id='word_1_215' title='bbox 912 3071 1234 3129; x_wconf 83' lang='grc' dir='ltr'>ἀποκτεῖναι</span> <span class='ocrx_word' id='word_1_216' title='bbox 1265 3076 1567 3134; x_wconf 84' lang='grc' dir='ltr'><strong>κεκώλυκε.</strong></span> <span class='ocrx_word' id='word_1_217' title='bbox 1601 3082 1710 3136; x_wconf 81' lang='grc' dir='ltr'><strong>Καὶ</strong></span> <span class='ocrx_word' id='word_1_218' title='bbox 1735 3061 1908 3138; x_wconf 74' lang='grc' dir='ltr'>Σαοῦλ</span> 
     </span>
    </p>
   </div>
   <div class='ocr_carea' id='block_1_33' title="bbox 2015 629 3584 702">
    <p class='ocr_par' dir='ltr' id='par_1_33' title="bbox 2015 629 3584 702">
     <span class='ocr_line' id='line_1_33' title="bbox 2015 629 3584 702; baseline 0.004 -22"><span class='ocrx_word' id='word_1_219' title='bbox 2015 640 2231 696; x_wconf 85' lang='lat' dir='ltr'><strong>semper</strong></span> <span class='ocrx_word' id='word_1_220' title='bbox 2278 629 2464 684; x_wconf 88' lang='lat' dir='ltr'><strong>animo</strong></span> <span class='ocrx_word' id='word_1_221' title='bbox 2512 629 2786 686; x_wconf 80' lang='lat' dir='ltr'><strong>volvebat.</strong></span> <span class='ocrx_word' id='word_1_222' title='bbox 2834 630 2937 696; x_wconf 86' lang='lat' dir='ltr'><strong>Qui</strong></span> <span class='ocrx_word' id='word_1_223' title='bbox 2985 641 3342 702; x_wconf 80' lang='lat' dir='ltr'><strong>posteaquam</strong></span> <span class='ocrx_word' id='word_1_224' title='bbox 3379 632 3584 686; x_wconf 80' lang='lat' dir='ltr'><strong>auxilio</strong></span> 
     </span>
    </p>
   </div>
   <div class='ocr_carea' id='block_1_34' title="bbox 2013 719 3585 794">
    <p class='ocr_par' dir='ltr' id='par_1_34' title="bbox 2013 719 3585 794">
     <span class='ocr_line' id='line_1_34' title="bbox 2013 719 3585 794; baseline 0 -20"><span class='ocrx_word' id='word_1_225' title='bbox 2013 719 2245 774; x_wconf 85' lang='lat' dir='ltr'><strong>Melchol</strong></span> <span class='ocrx_word' id='word_1_226' title='bbox 2299 723 2489 780; x_wconf 83' lang='lat' dir='ltr'><strong>salvus</strong></span> <span class='ocrx_word' id='word_1_227' title='bbox 2537 733 2824 789; x_wconf 76' lang='lat' dir='ltr'><strong>evaserat,</strong></span> <span class='ocrx_word' id='word_1_228' title='bbox 2871 723 3389 794; x_wconf 49' lang='lat' dir='ltr'><strong>quinquagesimum</strong></span> <span class='ocrx_word' id='word_1_229' title='bbox 3433 730 3585 776; x_wconf 78' lang='lat' dir='ltr'><strong>octa-</strong></span> 
     </span>
    </p>
   </div>
   <div class='ocr_carea' id='block_1_35' title="bbox 2011 812 3584 886">
    <p class='ocr_par' dir='ltr' id='par_1_35' title="bbox 2011 812 3584 886">
     <span class='ocr_line' id='line_1_35' title="bbox 2011 812 3584 886; baseline 0.003 -23"><span class='ocrx_word' id='word_1_230' title='bbox 2011 825 2136 866; x_wconf 84' lang='lat' dir='ltr'><strong>vum</strong></span> <span class='ocrx_word' id='word_1_231' title='bbox 2193 812 2394 869; x_wconf 80' lang='lat' dir='ltr'><strong>cecinit</strong></span> <span class='ocrx_word' id='word_1_232' title='bbox 2439 816 2711 885; x_wconf 83' lang='lat' dir='ltr'><strong>psalmum</strong></span> <span class='ocrx_word' id='word_1_233' title='bbox 2751 833 2763 870; x_wconf 91' lang='lat'><strong>:</strong></span> <span class='ocrx_word' id='word_1_234' title='bbox 2810 833 2828 866; x_wconf 82' lang='grc' dir='ltr'><strong>ι</strong></span> <span class='ocrx_word' id='word_1_235' title='bbox 2874 813 3034 886; x_wconf 82' lang='lat' dir='ltr'><strong>Eripe</strong></span> <span class='ocrx_word' id='word_1_236' title='bbox 3089 830 3175 870; x_wconf 88' lang='lat' dir='ltr'><strong>me</strong></span> <span class='ocrx_word' id='word_1_237' title='bbox 3224 815 3295 870; x_wconf 89' lang='lat' dir='ltr'><strong>de</strong></span> <span class='ocrx_word' id='word_1_238' title='bbox 3342 812 3584 868; x_wconf 85' lang='lat' dir='ltr'><strong>inimicis</strong></span> 
     </span>
    </p>
   </div>
   <div class='ocr_carea' id='block_1_36' title="bbox 2011 900 2666 966">
    <p class='ocr_par' dir='ltr' id='par_1_36' title="bbox 2011 900 2666 966">
     <span class='ocr_line' id='line_1_36' title="bbox 2011 900 2666 966; baseline 0.008 -14"><span class='ocrx_word' id='word_1_239' title='bbox 2011 900 2171 966; x_wconf 85' lang='lat' dir='ltr'><strong>meis,</strong></span> <span class='ocrx_word' id='word_1_240' title='bbox 2206 901 2349 958; x_wconf 89' lang='lat' dir='ltr'><strong>Deus</strong></span> <span class='ocrx_word' id='word_1_241' title='bbox 2382 919 2538 960; x_wconf 87' lang='lat' dir='ltr'><strong>meus</strong></span> <span class='ocrx_word' id='word_1_242' title='bbox 2565 905 2610 958; x_wconf 84' lang='grc'>⁷.</span> <span class='ocrx_word' id='word_1_243' title='bbox 2644 923 2666 957; x_wconf 74' lang='grc' dir='ltr'><strong>ι</strong></span> 
     </span>
    </p>
   </div>
   <div class='ocr_carea' id='block_1_37' title="bbox 2083 991 3586 1072">
    <p class='ocr_par' dir='ltr' id='par_1_37' title="bbox 2083 991 3586 1072">
     <span class='ocr_line' id='line_1_37' title="bbox 2083 991 3586 1072; baseline -0.002 -24"><span class='ocrx_word' id='word_1_244' title='bbox 2083 991 2276 1050; x_wconf 87' lang='lat' dir='ltr'><strong>Simile</strong></span> <span class='ocrx_word' id='word_1_245' title='bbox 2325 1003 2410 1050; x_wconf 87' lang='lat' dir='ltr'><strong>est</strong></span> <span class='ocrx_word' id='word_1_246' title='bbox 2455 994 2536 1048; x_wconf 83' lang='lat' dir='ltr'><strong>illi</strong></span> <span class='ocrx_word' id='word_1_247' title='bbox 2584 994 2774 1072; x_wconf 86' lang='lat' dir='ltr'><strong>dicto:</strong></span> <span class='ocrx_word' id='word_1_248' title='bbox 2814 1012 2832 1044; x_wconf 82' lang='grc' dir='ltr'><strong>ι</strong></span> <span class='ocrx_word' id='word_1_249' title='bbox 2869 993 2927 1049; x_wconf 91' lang='lat' dir='ltr'><strong>Si</strong></span> <span class='ocrx_word' id='word_1_250' title='bbox 2957 995 3083 1064; x_wconf 89' lang='lat' dir='ltr'><strong>quis</strong></span> <span class='ocrx_word' id='word_1_251' title='bbox 3120 1005 3173 1049; x_wconf 86' lang='lat' dir='ltr'><strong>te</strong></span> <span class='ocrx_word' id='word_1_252' title='bbox 3213 992 3586 1064; x_wconf 77' lang='lat' dir='ltr'><strong>angariaverit</strong></span> 
     </span>
    </p>
   </div>
   <div class='ocr_carea' id='block_1_38' title="bbox 2014 1082 3585 1153">
    <p class='ocr_par' dir='ltr' id='par_1_38' title="bbox 2014 1082 3585 1153">
     <span class='ocr_line' id='line_1_38' title="bbox 2014 1082 3585 1153; baseline -0.001 -15"><span class='ocrx_word' id='word_1_253' title='bbox 2014 1100 2183 1139; x_wconf 83' lang='lat' dir='ltr'><strong>unum</strong></span> <span class='ocrx_word' id='word_1_254' title='bbox 2235 1085 2492 1153; x_wconf 88' lang='lat' dir='ltr'><strong>milliare,</strong></span> <span class='ocrx_word' id='word_1_255' title='bbox 2523 1083 2660 1142; x_wconf 83' lang='lat' dir='ltr'><strong>vade</strong></span> <span class='ocrx_word' id='word_1_256' title='bbox 2703 1101 2828 1141; x_wconf 90' lang='lat' dir='ltr'><strong>cum</strong></span> <span class='ocrx_word' id='word_1_257' title='bbox 2877 1099 2944 1142; x_wconf 91' lang='lat' dir='ltr'><strong>eo</strong></span> <span class='ocrx_word' id='word_1_258' title='bbox 2970 1085 3056 1140; x_wconf 87' lang='lat' dir='ltr'><strong>vel</strong></span> <span class='ocrx_word' id='word_1_259' title='bbox 3079 1085 3191 1140; x_wconf 89' lang='lat' dir='ltr'><strong>duo</strong></span> <span class='ocrx_word' id='word_1_260' title='bbox 3213 1084 3257 1140; x_wconf 82' lang='grc'>⁸.</span> <span class='ocrx_word' id='word_1_261' title='bbox 3291 1103 3310 1135; x_wconf 82' lang='grc' dir='ltr'><strong>ι</strong></span> <span class='ocrx_word' id='word_1_262' title='bbox 3338 1082 3585 1152; x_wconf 83' lang='lat' dir='ltr'><strong>Namque</strong></span> 
     </span>
    </p>
   </div>
   <div class='ocr_carea' id='block_1_39' title="bbox 2015 1174 3588 1246">
    <p class='ocr_par' dir='ltr' id='par_1_39' title="bbox 2015 1174 3588 1246">
     <span class='ocr_line' id='line_1_39' title="bbox 2015 1174 3588 1246; baseline 0 -17"><span class='ocrx_word' id='word_1_263' title='bbox 2015 1175 2180 1230; x_wconf 85' lang='lat' dir='ltr'><strong>David</strong></span> <span class='ocrx_word' id='word_1_264' title='bbox 2211 1184 2432 1231; x_wconf 90' lang='lat' dir='ltr'><strong>centum</strong></span> <span class='ocrx_word' id='word_1_265' title='bbox 2459 1175 2793 1246; x_wconf 80' lang='lat' dir='ltr'><strong>alienigenas</strong></span> <span class='ocrx_word' id='word_1_266' title='bbox 2825 1174 3132 1232; x_wconf 86' lang='lat' dir='ltr'><strong>lnlerlicere</strong></span> <span class='ocrx_word' id='word_1_267' title='bbox 3155 1175 3365 1246; x_wconf 86' lang='lat' dir='ltr'><strong>iussus,</strong></span> <span class='ocrx_word' id='word_1_268' title='bbox 3389 1175 3588 1230; x_wconf 84' lang='lat' dir='ltr'><strong>ducen-</strong></span> 
     </span>
    </p>
   </div>
   <div class='ocr_carea' id='block_1_40' title="bbox 2010 1263 3582 1332">
    <p class='ocr_par' dir='ltr' id='par_1_40' title="bbox 2010 1263 3582 1332">
     <span class='ocr_line' id='line_1_40' title="bbox 2010 1263 3582 1332; baseline 0.003 -14"><span class='ocrx_word' id='word_1_269' title='bbox 2010 1272 2097 1320; x_wconf 92' lang='lat' dir='ltr'><strong>tos</strong></span> <span class='ocrx_word' id='word_1_270' title='bbox 2131 1265 2355 1332; x_wconf 86' lang='lat' dir='ltr'><strong>occidit,</strong></span> <span class='ocrx_word' id='word_1_271' title='bbox 2388 1281 2498 1320; x_wconf 90' lang='lat' dir='ltr'><strong>non</strong></span> <span class='ocrx_word' id='word_1_272' title='bbox 2544 1265 2728 1321; x_wconf 86' lang='lat' dir='ltr'><strong>habita</strong></span> <span class='ocrx_word' id='word_1_273' title='bbox 2772 1263 2959 1321; x_wconf 85' lang='lat' dir='ltr'><strong>Saulis</strong></span> <span class='ocrx_word' id='word_1_274' title='bbox 3006 1265 3314 1322; x_wconf 69' lang='lat' dir='ltr'><strong>insolentiae</strong></span> <span class='ocrx_word' id='word_1_275' title='bbox 3349 1266 3582 1328; x_wconf 86' lang='lat' dir='ltr'><strong>ratione,</strong></span> 
     </span>
    </p>
   </div>
   <div class='ocr_carea' id='block_1_41' title="bbox 2012 1355 2550 1411">
    <p class='ocr_par' dir='ltr' id='par_1_41' title="bbox 2012 1355 2550 1411">
     <span class='ocr_line' id='line_1_41' title="bbox 2012 1355 2550 1411; baseline -0.002 -1"><span class='ocrx_word' id='word_1_276' title='bbox 2012 1364 2070 1410; x_wconf 90' lang='lat' dir='ltr'><strong>ut</strong></span> <span class='ocrx_word' id='word_1_277' title='bbox 2103 1356 2330 1411; x_wconf 72' lang='lat' dir='ltr'><strong>historia</strong></span> <span class='ocrx_word' id='word_1_278' title='bbox 2361 1355 2550 1410; x_wconf 82' lang='lat' dir='ltr'><strong>refert.</strong></span> 
     </span>
    </p>
   </div>
   <div class='ocr_carea' id='block_1_42' title="bbox 2630 1445 2968 1501">
    <p class='ocr_par' dir='ltr' id='par_1_42' title="bbox 2630 1445 2968 1501">
     <span class='ocr_line' id='line_1_42' title="bbox 2630 1445 2968 1501; baseline 0 0"><span class='ocrx_word' id='word_1_279' title='bbox 2630 1446 2788 1501; x_wconf 86' lang='lat' dir='ltr'><strong>CAP.</strong></span> <span class='ocrx_word' id='word_1_280' title='bbox 2825 1445 2968 1501; x_wconf 80' lang='lat' dir='ltr'><strong>XIX.</strong></span> 
     </span>
    </p>
   </div>
   <div class='ocr_carea' id='block_1_43' title="bbox 2075 1535 3585 1607">
    <p class='ocr_par' dir='ltr' id='par_1_43' title="bbox 2075 1535 3585 1607">
     <span class='ocr_line' id='line_1_43' title="bbox 2075 1535 3585 1607; baseline 0 -17"><span class='ocrx_word' id='word_1_281' title='bbox 2075 1535 2239 1593; x_wconf 71' lang='lat' dir='ltr'><strong>Vsus.</strong></span> <span class='ocrx_word' id='word_1_282' title='bbox 2275 1537 2362 1592; x_wconf 77' lang='grc'><strong>15.</strong></span> <span class='ocrx_word' id='word_1_283' title='bbox 2399 1536 2602 1594; x_wconf 79' lang='lat' dir='ltr'><strong>Micltol</strong></span> <span class='ocrx_word' id='word_1_284' title='bbox 2643 1539 2836 1607; x_wconf 84' lang='lat' dir='ltr'><strong>accepit</strong></span> <span class='ocrx_word' id='word_1_285' title='bbox 2880 1538 3214 1606; x_wconf 83' lang='lat' dir='ltr'><strong>cenotaphia,</strong></span> <span class='ocrx_word' id='word_1_286' title='bbox 3247 1546 3354 1593; x_wconf 88' lang='lat' dir='ltr'><strong>etc.</strong></span> <span class='ocrx_word' id='word_1_287' title='bbox 3387 1537 3585 1606; x_wconf 80' lang='lat' dir='ltr'><strong>Aquila</strong></span> 
     </span>
    </p>
   </div>
   <div class='ocr_carea' id='block_1_44' title="bbox 2015 1627 3582 1700">
    <p class='ocr_par' dir='ltr' id='par_1_44' title="bbox 2015 1627 3582 1700">
     <span class='ocr_line' id='line_1_44' title="bbox 2015 1627 3582 1700; baseline 0 -20"><span class='ocrx_word' id='word_1_288' title='bbox 2015 1627 2380 1700; x_wconf 86' lang='grc' dir='ltr'>μορφώματα,</span> <span class='ocrx_word' id='word_1_289' title='bbox 2414 1627 2464 1682; x_wconf 89' lang='lat' dir='ltr'><strong>id</strong></span> <span class='ocrx_word' id='word_1_290' title='bbox 2509 1635 2593 1684; x_wconf 84' lang='lat' dir='ltr'><strong>est</strong></span> <span class='ocrx_word' id='word_1_291' title='bbox 2642 1628 2848 1699; x_wconf 78' lang='lat' dir='ltr'><strong>ﬁguras</strong></span> <span class='ocrx_word' id='word_1_292' title='bbox 2897 1627 3054 1692; x_wconf 85' lang='lat' dir='ltr'><strong>dicit,</strong></span> <span class='ocrx_word' id='word_1_293' title='bbox 3087 1635 3142 1682; x_wconf 88' lang='lat' dir='ltr'><strong>et</strong></span> <span class='ocrx_word' id='word_1_294' title='bbox 3185 1627 3354 1696; x_wconf 88' lang='lat' dir='ltr'><strong>hepar</strong></span> <span class='ocrx_word' id='word_1_295' title='bbox 3392 1641 3582 1697; x_wconf 79' lang='lat' dir='ltr'><strong>capra-</strong></span> 
     </span>
    </p>
   </div>
   <div class='ocr_carea' id='block_1_45' title="bbox 2013 1718 3584 1790">
    <p class='ocr_par' dir='ltr' id='par_1_45' title="bbox 2013 1718 3584 1790">
     <span class='ocr_line' id='line_1_45' title="bbox 2013 1718 3584 1790; baseline -0.004 -14"><span class='ocrx_word' id='word_1_296' title='bbox 2013 1737 2158 1784; x_wconf 87' lang='lat' dir='ltr'><strong>rum,</strong></span> <span class='ocrx_word' id='word_1_297' title='bbox 2190 1735 2523 1790; x_wconf 88' lang='lat' dir='ltr'><strong>omnemque</strong></span> <span class='ocrx_word' id='word_1_298' title='bbox 2554 1719 2988 1783; x_wconf 85' lang='lat' dir='ltr'><strong>multitudinem,</strong></span> <span class='ocrx_word' id='word_1_299' title='bbox 3019 1727 3074 1774; x_wconf 89' lang='lat' dir='ltr'><strong>et</strong></span> <span class='ocrx_word' id='word_1_300' title='bbox 3114 1718 3584 1778; x_wconf 87' lang='lat' dir='ltr'><strong>convolutionem,</strong></span> 
     </span>
    </p>
   </div>
   <div class='ocr_carea' id='block_1_46' title="bbox 2013 1805 3588 1880">
    <p class='ocr_par' dir='ltr' id='par_1_46' title="bbox 2013 1805 3588 1880">
     <span class='ocr_line' id='line_1_46' title="bbox 2013 1805 3588 1880; baseline 0 -18"><span class='ocrx_word' id='word_1_301' title='bbox 2013 1809 2433 1880; x_wconf 81' lang='grc' dir='ltr'>στρογγύλωμα,</span> <span class='ocrx_word' id='word_1_302' title='bbox 2467 1809 2724 1879; x_wconf 90' lang='lat' dir='ltr'><strong>pilorum.</strong></span> <span class='ocrx_word' id='word_1_303' title='bbox 2764 1807 3004 1864; x_wconf 90' lang='lat' dir='ltr'><strong>Dimisso</strong></span> <span class='ocrx_word' id='word_1_304' title='bbox 3053 1823 3184 1863; x_wconf 87' lang='lat' dir='ltr'><strong>vero</strong></span> <span class='ocrx_word' id='word_1_305' title='bbox 3226 1805 3450 1872; x_wconf 87' lang='lat' dir='ltr'><strong>Davide,</strong></span> <span class='ocrx_word' id='word_1_306' title='bbox 3513 1807 3588 1862; x_wconf 87' lang='lat' dir='ltr'><strong>le-</strong></span> 
     </span>
    </p>
   </div>
   <div class='ocr_carea' id='block_1_47' title="bbox 2009 1896 3589 1970">
    <p class='ocr_par' dir='ltr' id='par_1_47' title="bbox 2009 1896 3589 1970">
     <span class='ocr_line' id='line_1_47' title="bbox 2009 1896 3589 1970; baseline -0.004 -16"><span class='ocrx_word' id='word_1_307' title='bbox 2009 1908 2158 1955; x_wconf 90' lang='lat' dir='ltr'><strong>ctum</strong></span> <span class='ocrx_word' id='word_1_308' title='bbox 2207 1899 2539 1970; x_wconf 81' lang='lat' dir='ltr'><strong>composuit,</strong></span> <span class='ocrx_word' id='word_1_309' title='bbox 2570 1907 2832 1969; x_wconf 86' lang='lat' dir='ltr'><strong>tanquam</strong></span> <span class='ocrx_word' id='word_1_310' title='bbox 2877 1897 3224 1969; x_wconf 66' lang='lat' dir='ltr'><strong>aegrotantis,</strong></span> <span class='ocrx_word' id='word_1_311' title='bbox 3264 1896 3437 1951; x_wconf 83' lang='lat' dir='ltr'><strong>multa</strong></span> <span class='ocrx_word' id='word_1_312' title='bbox 3485 1898 3589 1950; x_wconf 88' lang='lat' dir='ltr'><strong>im-</strong></span> 
     </span>
    </p>
   </div>
   <div class='ocr_carea' id='block_1_48' title="bbox 2005 1987 3585 2062">
    <p class='ocr_par' dir='ltr' id='par_1_48' title="bbox 2005 1987 3585 2062">
     <span class='ocr_line' id='line_1_48' title="bbox 2005 1987 3585 2062; baseline -0.003 -18"><span class='ocrx_word' id='word_1_313' title='bbox 2005 2005 2216 2062; x_wconf 86' lang='lat' dir='ltr'><strong>ponens</strong></span> <span class='ocrx_word' id='word_1_314' title='bbox 2275 1988 2622 2053; x_wconf 88' lang='lat' dir='ltr'><strong>vestimenta,</strong></span> <span class='ocrx_word' id='word_1_315' title='bbox 2656 1989 3074 2044; x_wconf 84' lang='lat' dir='ltr'><strong>conversionem</strong></span> <span class='ocrx_word' id='word_1_316' title='bbox 3128 1987 3296 2043; x_wconf 89' lang='lat' dir='ltr'><strong>etiam</strong></span> <span class='ocrx_word' id='word_1_317' title='bbox 3349 1987 3585 2058; x_wconf 88' lang='lat' dir='ltr'><strong>pilorum</strong></span> 
     </span>
    </p>
   </div>
   <div class='ocr_carea' id='block_1_49' title="bbox 1985 2075 3598 2151">
    <p class='ocr_par' dir='ltr' id='par_1_49' title="bbox 1985 2075 3598 2151">
     <span class='ocr_line' id='line_1_49' title="bbox 1985 2075 3598 2151; baseline -0.003 -16"><span class='ocrx_word' id='word_1_318' title='bbox 1985 2080 2262 2151; x_wconf 51' lang='lat' dir='ltr'><strong>,ponendo</strong></span> <span class='ocrx_word' id='word_1_319' title='bbox 2309 2079 2414 2134; x_wconf 84' lang='lat' dir='ltr'><strong>sub</strong></span> <span class='ocrx_word' id='word_1_320' title='bbox 2459 2090 2659 2144; x_wconf 83' lang='lat' dir='ltr'><strong>vestes,</strong></span> <span class='ocrx_word' id='word_1_321' title='bbox 2691 2079 2923 2144; x_wconf 85' lang='lat' dir='ltr'><strong>idolum,</strong></span> <span class='ocrx_word' id='word_1_322' title='bbox 2960 2089 3155 2148; x_wconf 69' lang='lat' dir='ltr'><strong>praeter</strong></span> <span class='ocrx_word' id='word_1_323' title='bbox 3199 2077 3466 2148; x_wconf 87' lang='lat' dir='ltr'><strong>quasdam</strong></span> <span class='ocrx_word' id='word_1_324' title='bbox 3513 2075 3598 2130; x_wconf 81' lang='lat' dir='ltr'><strong>fa-</strong></span> 
     </span>
    </p>
   </div>
   <div class='ocr_carea' id='block_1_50' title="bbox 2004 2166 3588 2242">
    <p class='ocr_par' dir='ltr' id='par_1_50' title="bbox 2004 2166 3588 2242">
     <span class='ocr_line' id='line_1_50' title="bbox 2004 2166 3588 2242; baseline -0.006 -15"><span class='ocrx_word' id='word_1_325' title='bbox 2004 2173 2108 2228; x_wconf 89' lang='lat' dir='ltr'><strong>ciei</strong></span> <span class='ocrx_word' id='word_1_326' title='bbox 2152 2183 2357 2242; x_wconf 83' lang='lat' dir='ltr'><strong>partes,</strong></span> <span class='ocrx_word' id='word_1_327' title='bbox 2397 2171 2660 2226; x_wconf 84' lang='lat' dir='ltr'><strong>contexit.</strong></span> <span class='ocrx_word' id='word_1_328' title='bbox 2690 2170 2994 2241; x_wconf 81' lang='lat' dir='ltr'><strong>Caprarum</strong></span> <span class='ocrx_word' id='word_1_329' title='bbox 3023 2179 3205 2224; x_wconf 88' lang='lat' dir='ltr'><strong>autem</strong></span> <span class='ocrx_word' id='word_1_330' title='bbox 3237 2167 3408 2238; x_wconf 87' lang='lat' dir='ltr'><strong>hepar</strong></span> <span class='ocrx_word' id='word_1_331' title='bbox 3439 2166 3588 2221; x_wconf 88' lang='lat' dir='ltr'><strong>adhi.</strong></span> 
     </span>
    </p>
   </div>
   <div class='ocr_carea' id='block_1_51' title="bbox 2003 2255 3583 2330">
    <p class='ocr_par' dir='ltr' id='par_1_51' title="bbox 2003 2255 3583 2330">
     <span class='ocr_line' id='line_1_51' title="bbox 2003 2255 3583 2330; baseline -0.006 -12"><span class='ocrx_word' id='word_1_332' title='bbox 2003 2262 2152 2327; x_wconf 89' lang='lat' dir='ltr'><strong>buit,</strong></span> <span class='ocrx_word' id='word_1_333' title='bbox 2199 2276 2266 2317; x_wconf 88' lang='lat' dir='ltr'><strong>eo</strong></span> <span class='ocrx_word' id='word_1_334' title='bbox 2318 2261 2467 2330; x_wconf 91' lang='lat' dir='ltr'><strong>quod</strong></span> <span class='ocrx_word' id='word_1_335' title='bbox 2515 2259 2740 2330; x_wconf 88' lang='lat' dir='ltr'><strong>quidam</strong></span> <span class='ocrx_word' id='word_1_336' title='bbox 2791 2259 3010 2323; x_wconf 80' lang='lat' dir='ltr'><strong>dicant,</strong></span> <span class='ocrx_word' id='word_1_337' title='bbox 3067 2265 3308 2312; x_wconf 83' lang='lat' dir='ltr'><strong>mactato</strong></span> <span class='ocrx_word' id='word_1_338' title='bbox 3361 2255 3583 2312; x_wconf 84' lang='lat' dir='ltr'><strong>animali</strong></span> 
     </span>
    </p>
   </div>
   <div class='ocr_carea' id='block_1_52' title="bbox 2005 2355 2978 2430">
    <p class='ocr_par' dir='ltr' id='par_1_52' title="bbox 2005 2355 2978 2430">
     <span class='ocr_line' id='line_1_52' title="bbox 2005 2355 2978 2430; baseline -0.004 -18"><span class='ocrx_word' id='word_1_339' title='bbox 2005 2357 2152 2430; x_wconf 76' lang='lat' dir='ltr'><strong>longi</strong></span> <span class='ocrx_word' id='word_1_340' title='bbox 2188 2356 2450 2428; x_wconf 83' lang='lat' dir='ltr'><strong>temporis</strong></span> <span class='ocrx_word' id='word_1_341' title='bbox 2481 2355 2660 2428; x_wconf 86' lang='lat' dir='ltr'><strong>spatio</strong></span> <span class='ocrx_word' id='word_1_342' title='bbox 2690 2355 2978 2426; x_wconf 87' lang='lat' dir='ltr'><strong>palpitare.</strong></span> 
     </span>
    </p>
   </div>
   <div class='ocr_carea' id='block_1_53' title="bbox 2076 2531 3584 2604">
    <p class='ocr_par' dir='ltr' id='par_1_53' title="bbox 2076 2531 3584 2604">
     <span class='ocr_line' id='line_1_53' title="bbox 2076 2531 3584 2604; baseline -0.005 -13"><span class='ocrx_word' id='word_1_343' title='bbox 2076 2537 2237 2593; x_wconf 68' lang='lat' dir='ltr'><strong>Vens.</strong></span> <span class='ocrx_word' id='word_1_344' title='bbox 2279 2538 2368 2594; x_wconf 77' lang='lat'><strong>‘20.</strong></span> <span class='ocrx_word' id='word_1_345' title='bbox 2415 2536 2483 2593; x_wconf 80' lang='lat' dir='ltr'><strong>Et</strong></span> <span class='ocrx_word' id='word_1_346' title='bbox 2519 2537 2656 2592; x_wconf 79' lang='lat' dir='ltr'><strong>venit</strong></span> <span class='ocrx_word' id='word_1_347' title='bbox 2699 2551 2854 2604; x_wconf 70' lang='lat' dir='ltr'><strong>super</strong></span> <span class='ocrx_word' id='word_1_348' title='bbox 2887 2535 3102 2588; x_wconf 78' lang='lat' dir='ltr'><strong>nuntios</strong></span> <span class='ocrx_word' id='word_1_349' title='bbox 3149 2531 3333 2590; x_wconf 73' lang='lat' dir='ltr'><strong>Saulis</strong></span> <span class='ocrx_word' id='word_1_350' title='bbox 3363 2531 3584 2602; x_wconf 73' lang='lat' dir='ltr'><strong>spiritus</strong></span> 
     </span>
    </p>
   </div>
   <div class='ocr_carea' id='block_1_54' title="bbox 2009 2623 3582 2697">
    <p class='ocr_par' dir='ltr' id='par_1_54' title="bbox 2009 2623 3582 2697">
     <span class='ocr_line' id='line_1_54' title="bbox 2009 2623 3582 2697; baseline -0.005 -15"><span class='ocrx_word' id='word_1_351' title='bbox 2009 2627 2136 2693; x_wconf 84' lang='lat' dir='ltr'><strong>Dei,</strong></span> <span class='ocrx_word' id='word_1_352' title='bbox 2180 2638 2233 2684; x_wconf 83' lang='lat' dir='ltr'><strong>et</strong></span> <span class='ocrx_word' id='word_1_353' title='bbox 2286 2628 2690 2697; x_wconf 79' lang='lat' dir='ltr'><strong>prophetarum.</strong></span> <span class='ocrx_word' id='word_1_354' title='bbox 2749 2625 3040 2692; x_wconf 87' lang='lat' dir='ltr'><strong>Quomodo</strong></span> <span class='ocrx_word' id='word_1_355' title='bbox 3095 2625 3172 2679; x_wconf 93' lang='lat' dir='ltr'><strong>illi</strong></span> <span class='ocrx_word' id='word_1_356' title='bbox 3230 2623 3582 2695; x_wconf 84' lang='lat' dir='ltr'><strong>prophetam,</strong></span> 
     </span>
    </p>
   </div>
   <div class='ocr_carea' id='block_1_55' title="bbox 2005 2714 3585 2790">
    <p class='ocr_par' dir='ltr' id='par_1_55' title="bbox 2005 2714 3585 2790">
     <span class='ocr_line' id='line_1_55' title="bbox 2005 2714 3585 2790; baseline -0.003 -20"><span class='ocrx_word' id='word_1_357' title='bbox 2005 2717 2282 2788; x_wconf 87' lang='lat' dir='ltr'><strong>quomodo</strong></span> <span class='ocrx_word' id='word_1_358' title='bbox 2327 2727 2516 2790; x_wconf 87' lang='lat' dir='ltr'><strong>postea</strong></span> <span class='ocrx_word' id='word_1_359' title='bbox 2561 2717 2734 2773; x_wconf 86' lang='lat' dir='ltr'><strong>Saul?</strong></span> <span class='ocrx_word' id='word_1_360' title='bbox 2765 2716 2926 2770; x_wconf 79' lang='lat' dir='ltr'><strong>Varia</strong></span> <span class='ocrx_word' id='word_1_361' title='bbox 2961 2717 3154 2786; x_wconf 82' lang='lat' dir='ltr'><strong>utique</strong></span> <span class='ocrx_word' id='word_1_362' title='bbox 3200 2714 3420 2768; x_wconf 85' lang='lat' dir='ltr'><strong>Domini</strong></span> <span class='ocrx_word' id='word_1_363' title='bbox 3455 2722 3585 2770; x_wconf 89' lang='lat' dir='ltr'><strong>sunt</strong></span> 
     </span>
    </p>
   </div>
   <div class='ocr_carea' id='block_1_56' title="bbox 2009 2807 3585 2881">
    <p class='ocr_par' dir='ltr' id='par_1_56' title="bbox 2009 2807 3585 2881">
     <span class='ocr_line' id='line_1_56' title="bbox 2009 2807 3585 2881; baseline -0.006 -11"><span class='ocrx_word' id='word_1_364' title='bbox 2009 2815 2171 2870; x_wconf 85' lang='lat' dir='ltr'><strong>retia.</strong></span> <span class='ocrx_word' id='word_1_365' title='bbox 2201 2813 2480 2881; x_wconf 84' lang='lat' dir='ltr'><strong>Quosdam</strong></span> <span class='ocrx_word' id='word_1_366' title='bbox 2515 2813 2659 2869; x_wconf 89' lang='lat' dir='ltr'><strong>enim</strong></span> <span class='ocrx_word' id='word_1_367' title='bbox 2696 2811 2982 2867; x_wconf 85' lang='lat' dir='ltr'><strong>hominum</strong></span> <span class='ocrx_word' id='word_1_368' title='bbox 3017 2825 3210 2881; x_wconf 86' lang='lat' dir='ltr'><strong>opera,</strong></span> <span class='ocrx_word' id='word_1_369' title='bbox 3245 2821 3300 2863; x_wconf 81' lang='lat' dir='ltr'><strong>et</strong></span> <span class='ocrx_word' id='word_1_370' title='bbox 3332 2807 3585 2862; x_wconf 90' lang='lat' dir='ltr'><strong>ministe-</strong></span> 
     </span>
    </p>
   </div>
   <div class='ocr_carea' id='block_1_57' title="bbox 2009 2890 3586 2973">
    <p class='ocr_par' dir='ltr' id='par_1_57' title="bbox 2009 2890 3586 2973">
     <span class='ocr_line' id='line_1_57' title="bbox 2009 2890 3586 2973; baseline -0.006 -14"><span class='ocrx_word' id='word_1_371' title='bbox 2009 2906 2095 2959; x_wconf 88' lang='lat' dir='ltr'><strong>rio</strong></span> <span class='ocrx_word' id='word_1_372' title='bbox 2123 2890 2304 2973; x_wconf 53' lang='lat' dir='ltr'><strong>capit&#39;;</strong></span> <span class='ocrx_word' id='word_1_373' title='bbox 2332 2905 2604 2973; x_wconf 85' lang='lat' dir='ltr'><strong>quosdam</strong></span> <span class='ocrx_word' id='word_1_374' title='bbox 2634 2902 2882 2957; x_wconf 73' lang='lat' dir='ltr'><strong>caecitate</strong></span> <span class='ocrx_word' id='word_1_375' title='bbox 2911 2909 3157 2955; x_wconf 86' lang='lat' dir='ltr'><strong>venatur.</strong></span> <span class='ocrx_word' id='word_1_376' title='bbox 3187 2897 3243 2952; x_wconf 79' lang='grc' dir='ltr'>ω</span> <span class='ocrx_word' id='word_1_377' title='bbox 3267 2899 3413 2970; x_wconf 86' lang='lat' dir='ltr'><strong>quod</strong></span> <span class='ocrx_word' id='word_1_378' title='bbox 3441 2899 3586 2954; x_wconf 88' lang='lat' dir='ltr'><strong>acci—</strong></span> 
     </span>
    </p>
   </div>
   <div class='ocr_carea' id='block_1_58' title="bbox 2008 2989 3587 3066">
    <p class='ocr_par' dir='ltr' id='par_1_58' title="bbox 2008 2989 3587 3066">
     <span class='ocr_line' id='line_1_58' title="bbox 2008 2989 3587 3066; baseline -0.006 -16"><span class='ocrx_word' id='word_1_379' title='bbox 2008 2995 2089 3050; x_wconf 91' lang='lat' dir='ltr'><strong>dit</strong></span> <span class='ocrx_word' id='word_1_380' title='bbox 2121 2996 2462 3066; x_wconf 88' lang='lat' dir='ltr'><strong>temporibus</strong></span> <span class='ocrx_word' id='word_1_381' title='bbox 2508 2994 2712 3050; x_wconf 70' lang='lat' dir='ltr'><strong>Elisaei.</strong></span> <span class='ocrx_word' id='word_1_382' title='bbox 2755 2991 2882 3047; x_wconf 86' lang='lat' dir='ltr'><strong>illos</strong></span> <span class='ocrx_word' id='word_1_383' title='bbox 2929 2999 3110 3046; x_wconf 90' lang='lat' dir='ltr'><strong>autem</strong></span> <span class='ocrx_word' id='word_1_384' title='bbox 3161 3005 3258 3060; x_wconf 90' lang='lat' dir='ltr'><strong>per</strong></span> <span class='ocrx_word' id='word_1_385' title='bbox 3306 2989 3587 3060; x_wconf 79' lang='lat' dir='ltr'><strong>prapheti—</strong></span> 
     </span>
    </p>
   </div>
   <div class='ocr_carea' id='block_1_59' title="bbox 2009 3069 3585 3158">
    <p class='ocr_par' dir='ltr' id='par_1_59' title="bbox 2009 3069 3585 3158">
     <span class='ocr_line' id='line_1_59' title="bbox 2009 3069 3585 3158; baseline -0.008 -16"><span class='ocrx_word' id='word_1_386' title='bbox 2009 3102 2129 3142; x_wconf 90' lang='lat' dir='ltr'><strong>cam</strong></span> <span class='ocrx_word' id='word_1_387' title='bbox 2175 3087 2408 3158; x_wconf 76' lang='lat' dir='ltr'><strong>gratiam</strong></span> <span class='ocrx_word' id='word_1_388' title='bbox 2452 3069 2711 3142; x_wconf 82' lang='lat' dir='ltr'><strong>Davidem</strong></span> <span class='ocrx_word' id='word_1_389' title='bbox 2757 3085 3068 3140; x_wconf 82' lang='lat' dir='ltr'><strong>interﬁcere</strong></span> <span class='ocrx_word' id='word_1_390' title='bbox 3115 3081 3414 3153; x_wconf 86' lang='lat' dir='ltr'><strong>prohibuit.</strong></span> <span class='ocrx_word' id='word_1_391' title='bbox 3457 3078 3585 3133; x_wconf 80' lang='lat' dir='ltr'><strong>Saul</strong></span> 
     </span>
    </p>
   </div>
   <div class='ocr_carea' id='block_1_60' title="bbox 328 3153 1909 3268">
    <p class='ocr_par' dir='ltr' id='par_1_60' title="bbox 328 3153 1908 3268">
     <span class='ocr_line' id='line_1_60' title="bbox 328 3153 1908 3268; baseline 0.015 -62"><span class='ocrx_word' id='word_1_392' title='bbox 328 3153 411 3216; x_wconf 85' lang='grc' dir='ltr'>δὲ,</span> <span class='ocrx_word' id='word_1_393' title='bbox 455 3156 604 3268; x_wconf 61' lang='grc' dir='ltr'>μετὰ</span> <span class='ocrx_word' id='word_1_394' title='bbox 635 3157 862 3268; x_wconf 57' lang='grc' dir='ltr'><strong>⁸ἰιοίντας</strong></span> <span class='ocrx_word' id='word_1_395' title='bbox 919 3162 1124 3231; x_wconf 79' lang='grc' dir='ltr'>ἐλθὼν,</span> <span class='ocrx_word' id='word_1_396' title='bbox 1186 3167 1294 3221; x_wconf 87' lang='grc' dir='ltr'>τῶν</span> <span class='ocrx_word' id='word_1_397' title='bbox 1340 3169 1440 3240; x_wconf 80' lang='grc' dir='ltr'>τῆς</span> <span class='ocrx_word' id='word_1_398' title='bbox 1495 3171 1908 3246; x_wconf 82' lang='grc' dir='ltr'>φιλανθρωπίας</span> 
     </span>
    </p>
   </div>
   <div class='ocr_carea' id='block_1_61' title="bbox 2024 3153 3588 3268">
    <p class='ocr_par' dir='ltr' id='par_1_61' title="bbox 2024 3170 3588 3247">
     <span class='ocr_line' id='line_1_61' title="bbox 2024 3170 3588 3247; baseline -0.005 -15"><span class='ocrx_word' id='word_1_399' title='bbox 2024 3180 2201 3243; x_wconf 72' lang='lat' dir='ltr'><strong>etiam,</strong></span> <span class='ocrx_word' id='word_1_400' title='bbox 2233 3179 2326 3246; x_wconf 88' lang='lat' dir='ltr'><strong>qui</strong></span> <span class='ocrx_word' id='word_1_401' title='bbox 2365 3187 2486 3247; x_wconf 89' lang='lat' dir='ltr'><strong>post</strong></span> <span class='ocrx_word' id='word_1_402' title='bbox 2529 3191 2724 3232; x_wconf 91' lang='lat' dir='ltr'><strong>omnes</strong></span> <span class='ocrx_word' id='word_1_403' title='bbox 2753 3175 2922 3240; x_wconf 87' lang='lat' dir='ltr'><strong>venit,</strong></span> <span class='ocrx_word' id='word_1_404' title='bbox 2956 3173 3318 3230; x_wconf 78' lang='lat' dir='ltr'><strong>humanitatis</strong></span> <span class='ocrx_word' id='word_1_405' title='bbox 3347 3170 3588 3226; x_wconf 80' lang='lat' dir='ltr'><strong>vinculis</strong></span> 
     </span>
    </p>
   </div>
   <div class='ocr_carea' id='block_1_62' title="bbox 330 3249 1906 3340">
    <p class='ocr_par' dir='ltr' id='par_1_62' title="bbox 330 3249 1906 3340">
     <span class='ocr_line' id='line_1_62' title="bbox 330 3249 1906 3340; baseline 0.016 -42"><span class='ocrx_word' id='word_1_406' title='bbox 330 3249 590 3340; x_wconf 86' lang='grc' dir='ltr'>τυγχάνει</span> <span class='ocrx_word' id='word_1_407' title='bbox 631 3249 867 3322; x_wconf 83' lang='grc' dir='ltr'>δεσμῶν.</span> <span class='ocrx_word' id='word_1_408' title='bbox 918 3255 1262 3328; x_wconf 83' lang='grc' dir='ltr'>Προφητεύει</span> <span class='ocrx_word' id='word_1_409' title='bbox 1319 3263 1420 3332; x_wconf 80' lang='grc' dir='ltr'><strong>μὲν</strong></span> <span class='ocrx_word' id='word_1_410' title='bbox 1471 3263 1604 3336; x_wconf 78' lang='grc' dir='ltr'>γὰρ,</span> <span class='ocrx_word' id='word_1_411' title='bbox 1661 3267 1778 3321; x_wconf 84' lang='grc' dir='ltr'>ἀλλ’</span> <span class='ocrx_word' id='word_1_412' title='bbox 1809 3269 1906 3340; x_wconf 81' lang='grc' dir='ltr'><strong>οὐχ</strong></span> 
     </span>
    </p>
   </div>
   <div class='ocr_carea' id='block_1_63' title="bbox 328 3339 1905 3430">
    <p class='ocr_par' dir='ltr' id='par_1_63' title="bbox 328 3339 1905 3430">
     <span class='ocr_line' id='line_1_63' title="bbox 328 3339 1905 3430; baseline 0.016 -40"><span class='ocrx_word' id='word_1_413' title='bbox 328 3339 547 3430; x_wconf 72' lang='grc' dir='ltr'>ὁμοίως</span> <span class='ocrx_word' id='word_1_414' title='bbox 584 3344 700 3406; x_wconf 82' lang='grc' dir='ltr'>τοῖς</span> <span class='ocrx_word' id='word_1_415' title='bbox 757 3344 958 3408; x_wconf 78' lang='grc' dir='ltr'>ἄλλοις.</span> <span class='ocrx_word' id='word_1_416' title='bbox 999 3349 1240 3416; x_wconf 80' lang='grc' dir='ltr'>Ἀνάξιος</span> <span class='ocrx_word' id='word_1_417' title='bbox 1270 3353 1380 3424; x_wconf 82' lang='grc' dir='ltr'><strong>γὰρ</strong></span> <span class='ocrx_word' id='word_1_418' title='bbox 1421 3355 1497 3407; x_wconf 83' lang='grc' dir='ltr'><strong>ὢν</strong></span> <span class='ocrx_word' id='word_1_419' title='bbox 1531 3357 1630 3428; x_wconf 86' lang='grc' dir='ltr'><strong>τῆς</strong></span> <span class='ocrx_word' id='word_1_420' title='bbox 1661 3339 1905 3430; x_wconf 81' lang='grc' dir='ltr'>χάριτος,</span> 
     </span>
    </p>
   </div>
   <div class='ocr_carea' id='block_1_64' title="bbox 330 3429 1904 3516">
    <p class='ocr_par' dir='ltr' id='par_1_64' title="bbox 330 3429 1904 3516">
     <span class='ocr_line' id='line_1_64' title="bbox 330 3429 1904 3516; baseline 0.014 -38"><span class='ocrx_word' id='word_1_421' title='bbox 330 3429 642 3496; x_wconf 79' lang='grc' dir='ltr'>γυμνωθεὶς</span> <span class='ocrx_word' id='word_1_422' title='bbox 670 3430 772 3500; x_wconf 78' lang='grc' dir='ltr'>τῆς</span> <span class='ocrx_word' id='word_1_423' title='bbox 805 3431 1035 3504; x_wconf 78' lang='grc' dir='ltr'>ἐσθῆτος</span> <span class='ocrx_word' id='word_1_424' title='bbox 1074 3439 1416 3508; x_wconf 82' lang='grc' dir='ltr'>πανημέριος</span> <span class='ocrx_word' id='word_1_425' title='bbox 1455 3441 1652 3497; x_wconf 77' lang='grc' dir='ltr'>ἔκειτο.</span> <span class='ocrx_word' id='word_1_426' title='bbox 1689 3446 1904 3516; x_wconf 74' lang='grc' dir='ltr'>Ἐδήλου</span> 
     </span>
    </p>
   </div>
   <div class='ocr_carea' id='block_1_65' title="bbox 329 3518 1906 3602">
    <p class='ocr_par' dir='ltr' id='par_1_65' title="bbox 329 3518 1906 3602">
     <span class='ocr_line' id='line_1_65' title="bbox 329 3518 1906 3602; baseline 0.014 -33"><span class='ocrx_word' id='word_1_427' title='bbox 329 3518 387 3570; x_wconf 81' lang='grc' dir='ltr'><strong>δὲ</strong></span> <span class='ocrx_word' id='word_1_428' title='bbox 423 3519 484 3569; x_wconf 83' lang='grc' dir='ltr'><strong>τὸ</strong></span> <span class='ocrx_word' id='word_1_429' title='bbox 507 3519 698 3588; x_wconf 84' lang='grc' dir='ltr'>σχῆμα</span> <span class='ocrx_word' id='word_1_430' title='bbox 723 3521 824 3592; x_wconf 84' lang='grc' dir='ltr'><strong>τὴν</strong></span> <span class='ocrx_word' id='word_1_431' title='bbox 846 3524 946 3592; x_wconf 81' lang='grc' dir='ltr'>τῆς</span> <span class='ocrx_word' id='word_1_432' title='bbox 976 3523 1256 3593; x_wconf 86' lang='grc' dir='ltr'>βασιλείας</span> <span class='ocrx_word' id='word_1_433' title='bbox 1280 3529 1589 3602; x_wconf 81' lang='grc' dir='ltr'>ἀφαίρεσιν.</span> <span class='ocrx_word' id='word_1_434' title='bbox 1615 3533 1726 3586; x_wconf 73' lang='grc' dir='ltr'><strong>Καὶ</strong></span> <span class='ocrx_word' id='word_1_435' title='bbox 1751 3535 1906 3599; x_wconf 80' lang='grc' dir='ltr'>δίκας</span> 
     </span>
    </p>
   </div>
   <div class='ocr_carea' id='block_1_66' title="bbox 329 3605 1901 3693">
    <p class='ocr_par' dir='ltr' id='par_1_66' title="bbox 329 3605 1901 3693">
     <span class='ocr_line' id='line_1_66' title="bbox 329 3605 1901 3693; baseline 0.014 -35"><span class='ocrx_word' id='word_1_436' title='bbox 329 3606 389 3660; x_wconf 77' lang='grc' dir='ltr'><strong>δὲ</strong></span> <span class='ocrx_word' id='word_1_437' title='bbox 421 3605 558 3661; x_wconf 88' lang='grc' dir='ltr'>τίνει</span> <span class='ocrx_word' id='word_1_438' title='bbox 592 3609 687 3662; x_wconf 83' lang='grc' dir='ltr'>τοῦ</span> <span class='ocrx_word' id='word_1_439' title='bbox 723 3613 1069 3682; x_wconf 83' lang='grc' dir='ltr'>προφητικοῦ</span> <span class='ocrx_word' id='word_1_440' title='bbox 1110 3621 1534 3691; x_wconf 76' lang='grc' dir='ltr'>καταφρονήσας</span> <span class='ocrx_word' id='word_1_441' title='bbox 1567 3623 1901 3693; x_wconf 80' lang='grc' dir='ltr'>πνεύματος.</span> 
     </span>
    </p>
   </div>
   <div class='ocr_carea' id='block_1_67' title="bbox 330 3700 1902 3791">
    <p class='ocr_par' dir='ltr' id='par_1_67' title="bbox 330 3700 1902 3791">
     <span class='ocr_line' id='line_1_67' title="bbox 330 3700 1902 3791; baseline 0.013 -39"><span class='ocrx_word' id='word_1_442' title='bbox 330 3700 411 3770; x_wconf 83' lang='grc' dir='ltr'><strong>Τῇ</strong></span> <span class='ocrx_word' id='word_1_443' title='bbox 446 3701 556 3772; x_wconf 86' lang='grc' dir='ltr'><strong>γὰρ</strong></span> <span class='ocrx_word' id='word_1_444' title='bbox 585 3705 728 3758; x_wconf 77' lang='grc' dir='ltr'>κατὰ</span> <span class='ocrx_word' id='word_1_445' title='bbox 760 3707 927 3760; x_wconf 77' lang='grc' dir='ltr'>Δαϐὶδ</span> <span class='ocrx_word' id='word_1_446' title='bbox 963 3709 1101 3781; x_wconf 78' lang='grc' dir='ltr'>ὀργῇ</span> <span class='ocrx_word' id='word_1_447' title='bbox 1153 3712 1215 3764; x_wconf 81' lang='grc' dir='ltr'><strong>τὸ</strong></span> <span class='ocrx_word' id='word_1_448' title='bbox 1250 3713 1394 3768; x_wconf 82' lang='grc' dir='ltr'>θεῖον</span> <span class='ocrx_word' id='word_1_449' title='bbox 1427 3714 1618 3788; x_wconf 76' lang='grc' dir='ltr'>ὕϐρισε</span> <span class='ocrx_word' id='word_1_450' title='bbox 1660 3720 1902 3791; x_wconf 82' lang='grc' dir='ltr'>Πνεῦμα.</span> 
     </span>
    </p>
   </div>
   <div class='ocr_carea' id='block_1_68' title="bbox 343 3791 1906 3876">
    <p class='ocr_par' dir='ltr' id='par_1_68' title="bbox 343 3791 1906 3876">
     <span class='ocr_line' id='line_1_68' title="bbox 343 3791 1906 3876; baseline 0.013 -32"><span class='ocrx_word' id='word_1_451' title='bbox 343 3791 626 3849; x_wconf 83' lang='grc' dir='ltr'>Ἐντεῦθεν</span> <span class='ocrx_word' id='word_1_452' title='bbox 653 3795 710 3849; x_wconf 84' lang='grc' dir='ltr'><strong>δὲ</strong></span> <span class='ocrx_word' id='word_1_453' title='bbox 738 3796 919 3868; x_wconf 87' lang='grc' dir='ltr'>δῆλον,</span> <span class='ocrx_word' id='word_1_454' title='bbox 947 3799 1022 3863; x_wconf 83' lang='grc' dir='ltr'>ὠς</span> <span class='ocrx_word' id='word_1_455' title='bbox 1053 3802 1082 3854; x_wconf 84' lang='grc' dir='ltr'><strong>ὁ</strong></span> <span class='ocrx_word' id='word_1_456' title='bbox 1121 3801 1468 3873; x_wconf 84' lang='grc' dir='ltr'>κολλώμενος</span> <span class='ocrx_word' id='word_1_457' title='bbox 1507 3806 1706 3874; x_wconf 81' lang='grc' dir='ltr'>ἁγίοις,</span> <span class='ocrx_word' id='word_1_458' title='bbox 1752 3809 1906 3876; x_wconf 74' lang='grc' dir='ltr'>ἅγιος</span> 
     </span>
    </p>
   </div>
   <div class='ocr_carea' id='block_1_69' title="bbox 329 3882 1904 3972">
    <p class='ocr_par' dir='ltr' id='par_1_69' title="bbox 329 3882 1904 3972">
     <span class='ocr_line' id='line_1_69' title="bbox 329 3882 1904 3972; baseline 0.013 -37"><span class='ocrx_word' id='word_1_459' title='bbox 329 3882 516 3950; x_wconf 77' lang='grc' dir='ltr'>ἔσται,</span> <span class='ocrx_word' id='word_1_460' title='bbox 549 3884 653 3940; x_wconf 76' lang='grc' dir='ltr'><strong>κᾶν</strong></span> <span class='ocrx_word' id='word_1_461' title='bbox 685 3885 1015 3963; x_wconf 85' lang='grc' dir='ltr'>πρότερονῇ</span> <span class='ocrx_word' id='word_1_462' title='bbox 1059 3893 1321 3964; x_wconf 84' lang='grc' dir='ltr'>πονηρός⁶</span> <span class='ocrx_word' id='word_1_463' title='bbox 1361 3895 1457 3949; x_wconf 76' lang='grc' dir='ltr'><strong>καὶ</strong></span> <span class='ocrx_word' id='word_1_464' title='bbox 1500 3897 1734 3968; x_wconf 84' lang='grc' dir='ltr'>μάλιστα</span> <span class='ocrx_word' id='word_1_465' title='bbox 1756 3940 1771 3965; x_wconf 94' lang='grc'><strong>,</strong></span> <span class='ocrx_word' id='word_1_466' title='bbox 1831 3903 1904 3972; x_wconf 82' lang='grc' dir='ltr'>μὴ</span> 
     </span>
    </p>
   </div>
   <div class='ocr_carea' id='block_1_70' title="bbox 329 3974 1409 4057">
    <p class='ocr_par' dir='ltr' id='par_1_70' title="bbox 329 3974 1409 4057">
     <span class='ocr_line' id='line_1_70' title="bbox 329 3974 1409 4057; baseline 0.013 -31"><span class='ocrx_word' id='word_1_467' title='bbox 329 3974 714 4049; x_wconf 86' lang='grc' dir='ltr'>παλινδρομῶν</span> <span class='ocrx_word' id='word_1_468' title='bbox 739 3976 896 4044; x_wconf 79' lang='grc' dir='ltr'>αὖθις</span> <span class='ocrx_word' id='word_1_469' title='bbox 923 3983 1018 4036; x_wconf 77' lang='grc' dir='ltr'><strong>ἐπὶ</strong></span> <span class='ocrx_word' id='word_1_470' title='bbox 1049 3983 1118 4038; x_wconf 84' lang='grc' dir='ltr'>τὰ</span> <span class='ocrx_word' id='word_1_471' title='bbox 1141 3985 1409 4057; x_wconf 80' lang='grc' dir='ltr'>πρότερα.</span> 
     </span>
    </p>
   </div>
   <div class='ocr_carea' id='block_1_71' title="bbox 928 4163 1307 4218">
    <p class='ocr_par' dir='ltr' id='par_1_71' title="bbox 928 4163 1307 4218">
     <span class='ocr_line' id='line_1_71' title="bbox 928 4163 1307 4218; baseline 0.013 -4"><span class='ocrx_word' id='word_1_472' title='bbox 928 4163 1177 4218; x_wconf 83' lang='grc' dir='ltr'><strong>ΚΕΦΑΛ.</strong></span> <span class='ocrx_word' id='word_1_473' title='bbox 1221 4165 1307 4218; x_wconf 83' lang='grc' dir='ltr'><strong>Κ⁹.</strong></span> 
     </span>
    </p>
   </div>
   <div class='ocr_carea' id='block_1_72' title="bbox 401 4248 1905 4329">
    <p class='ocr_par' dir='ltr' id='par_1_72' title="bbox 401 4248 1905 4329">
     <span class='ocr_line' id='line_1_72' title="bbox 401 4248 1905 4329; baseline 0.015 -27"><span class='ocrx_word' id='word_1_474' title='bbox 401 4248 812 4320; x_wconf 58' lang='grc' dir='ltr'>’.ἀποκαλύψει</span> <span class='ocrx_word' id='word_1_475' title='bbox 836 4251 901 4306; x_wconf 82' lang='grc' dir='ltr'><strong>τὸ</strong></span> <span class='ocrx_word' id='word_1_476' title='bbox 935 4253 1113 4308; x_wconf 73' lang='grc' dir='ltr'>ὠτίον</span> <span class='ocrx_word' id='word_1_477' title='bbox 1141 4273 1274 4321; x_wconf 83' lang='grc' dir='ltr'>μου.</span> <span class='ocrx_word' id='word_1_478' title='bbox 1308 4255 1627 4329; x_wconf 78' lang='grc' dir='ltr'>Σύμμαχος,</span> <span class='ocrx_word' id='word_1_479' title='bbox 1655 4258 1796 4313; x_wconf 72' lang='grc' dir='ltr'><strong>Ἐὰν</strong></span> <span class='ocrx_word' id='word_1_480' title='bbox 1819 4259 1905 4329; x_wconf 73' lang='grc' dir='ltr'>μὴ</span> 
     </span>
    </p>
   </div>
   <div class='ocr_carea' id='block_1_73' title="bbox 328 4339 1266 4414">
    <p class='ocr_par' dir='ltr' id='par_1_73' title="bbox 328 4339 1266 4414">
     <span class='ocr_line' id='line_1_73' title="bbox 328 4339 1266 4414; baseline 0.006 -22"><span class='ocrx_word' id='word_1_481' title='bbox 328 4339 578 4409; x_wconf 75' lang='grc' dir='ltr'>δηλώσῃ</span> <span class='ocrx_word' id='word_1_482' title='bbox 609 4343 696 4407; x_wconf 82' lang='grc' dir='ltr'>εὶς</span> <span class='ocrx_word' id='word_1_483' title='bbox 715 4342 912 4409; x_wconf 79' lang='grc' dir='ltr'><strong>ἀκοήν</strong></span> <span class='ocrx_word' id='word_1_484' title='bbox 934 4362 1076 4414; x_wconf 84' lang='grc' dir='ltr'>μου.</span> <span class='ocrx_word' id='word_1_485' title='bbox 1110 4345 1174 4400; x_wconf 89' lang='lat' dir='ltr'><strong>C.</strong></span> <span class='ocrx_word' id='word_1_486' title='bbox 1205 4345 1266 4398; x_wconf 91' lang='lat' dir='ltr'><strong>L.</strong></span> 
     </span>
    </p>
   </div>
   <div class='ocr_carea' id='block_1_74' title="bbox 398 4432 1902 4511">
    <p class='ocr_par' dir='ltr' id='par_1_74' title="bbox 398 4432 1902 4511">
     <span class='ocr_line' id='line_1_74' title="bbox 398 4432 1902 4511; baseline 0.008 -27"><span class='ocrx_word' id='word_1_487' title='bbox 398 4432 492 4495; x_wconf 82' lang='grc' dir='ltr'><strong>Τὸ,</strong></span> <span class='ocrx_word' id='word_1_488' title='bbox 533 4433 987 4502; x_wconf 70' lang='grc' dir='ltr'>Ἐμπέπλησται</span> <span class='ocrx_word' id='word_1_489' title='bbox 1004 4437 1233 4504; x_wconf 80' lang='grc' dir='ltr'>μεταξὺ</span> <span class='ocrx_word' id='word_1_490' title='bbox 1256 4437 1424 4506; x_wconf 83' lang='grc' dir='ltr'>ἐμοῦ.</span> <span class='ocrx_word' id='word_1_491' title='bbox 1459 4441 1550 4494; x_wconf 79' lang='grc' dir='ltr'>καὶ</span> <span class='ocrx_word' id='word_1_492' title='bbox 1567 4441 1714 4511; x_wconf 77' lang='grc' dir='ltr'>ἑξῆς,</span> <span class='ocrx_word' id='word_1_493' title='bbox 1740 4442 1902 4496; x_wconf 84' lang='grc' dir='ltr'>Ἀκύ-</span> 
     </span>
    </p>
   </div>
   <div class='ocr_carea' id='block_1_75' title="bbox 2015 3264 3586 3339">
    <p class='ocr_par' dir='ltr' id='par_1_75' title="bbox 2015 3264 3586 3339">
     <span class='ocr_line' id='line_1_75' title="bbox 2015 3264 3586 3339; baseline -0.004 -16"><span class='ocrx_word' id='word_1_494' title='bbox 2015 3269 2264 3324; x_wconf 63' lang='lat' dir='ltr'><strong>irretitus</strong></span> <span class='ocrx_word' id='word_1_495' title='bbox 2305 3278 2412 3324; x_wconf 90' lang='lat' dir='ltr'><strong>est.</strong></span> <span class='ocrx_word' id='word_1_496' title='bbox 2455 3268 2756 3339; x_wconf 85' lang='lat' dir='ltr'><strong>Prnphetat</strong></span> <span class='ocrx_word' id='word_1_497' title='bbox 2804 3269 2972 3333; x_wconf 90' lang='lat' dir='ltr'><strong>enim,</strong></span> <span class='ocrx_word' id='word_1_498' title='bbox 3019 3265 3114 3323; x_wconf 88' lang='lat' dir='ltr'><strong>sed</strong></span> <span class='ocrx_word' id='word_1_499' title='bbox 3157 3280 3266 3320; x_wconf 86' lang='lat' dir='ltr'><strong>non</strong></span> <span class='ocrx_word' id='word_1_500' title='bbox 3309 3264 3586 3323; x_wconf 87' lang='lat' dir='ltr'><strong>similiter,</strong></span> 
     </span>
    </p>
   </div>
   <div class='ocr_carea' id='block_1_76' title="bbox 2014 3356 3589 3429">
    <p class='ocr_par' dir='ltr' id='par_1_76' title="bbox 2014 3356 3589 3429">
     <span class='ocr_line' id='line_1_76' title="bbox 2014 3356 3589 3429; baseline -0.005 -15"><span class='ocrx_word' id='word_1_501' title='bbox 2014 3370 2070 3414; x_wconf 91' lang='lat' dir='ltr'><strong>ut</strong></span> <span class='ocrx_word' id='word_1_502' title='bbox 2109 3361 2324 3429; x_wconf 87' lang='lat' dir='ltr'><strong>reliqui.</strong></span> <span class='ocrx_word' id='word_1_503' title='bbox 2357 3359 2618 3428; x_wconf 76' lang='lat' dir='ltr'><strong>Indignus</strong></span> <span class='ocrx_word' id='word_1_504' title='bbox 2650 3359 2796 3412; x_wconf 88' lang='lat' dir='ltr'><strong>enim</strong></span> <span class='ocrx_word' id='word_1_505' title='bbox 2833 3356 3028 3428; x_wconf 76' lang='lat' dir='ltr'><strong>gratia,</strong></span> <span class='ocrx_word' id='word_1_506' title='bbox 3060 3362 3215 3410; x_wconf 87' lang='lat' dir='ltr'><strong>veste</strong></span> <span class='ocrx_word' id='word_1_507' title='bbox 3241 3361 3440 3410; x_wconf 81' lang='lat' dir='ltr'><strong>exutus</strong></span> <span class='ocrx_word' id='word_1_508' title='bbox 3475 3359 3589 3406; x_wconf 90' lang='lat' dir='ltr'><strong>tota</strong></span> 
     </span>
    </p>
   </div>
   <div class='ocr_carea' id='block_1_77' title="bbox 2013 3443 3587 3522">
    <p class='ocr_par' dir='ltr' id='par_1_77' title="bbox 2013 3443 3587 3522">
     <span class='ocr_line' id='line_1_77' title="bbox 2013 3443 3587 3522; baseline -0.006 -18"><span class='ocrx_word' id='word_1_509' title='bbox 2013 3451 2102 3505; x_wconf 79' lang='lat' dir='ltr'><strong>die</strong></span> <span class='ocrx_word' id='word_1_510' title='bbox 2127 3451 2368 3522; x_wconf 85' lang='lat' dir='ltr'><strong>jacebat.</strong></span> <span class='ocrx_word' id='word_1_511' title='bbox 2407 3447 2640 3504; x_wconf 84' lang='lat' dir='ltr'><strong>Habitus</strong></span> <span class='ocrx_word' id='word_1_512' title='bbox 2687 3457 2868 3504; x_wconf 90' lang='lat' dir='ltr'><strong>autem</strong></span> <span class='ocrx_word' id='word_1_513' title='bbox 2919 3447 3010 3504; x_wconf 86' lang='lat' dir='ltr'><strong>ille</strong></span> <span class='ocrx_word' id='word_1_514' title='bbox 3057 3446 3210 3518; x_wconf 82' lang='lat' dir='ltr'><strong>regni</strong></span> <span class='ocrx_word' id='word_1_515' title='bbox 3257 3443 3587 3499; x_wconf 87' lang='lat' dir='ltr'><strong>ablationem</strong></span> 
     </span>
    </p>
   </div>
   <div class='ocr_carea' id='block_1_78' title="bbox 2014 3538 3586 3610">
    <p class='ocr_par' dir='ltr' id='par_1_78' title="bbox 2014 3538 3586 3610">
     <span class='ocr_line' id='line_1_78' title="bbox 2014 3538 3586 3610; baseline -0.008 -14"><span class='ocrx_word' id='word_1_516' title='bbox 2014 3541 2384 3610; x_wconf 79' lang='lat' dir='ltr'><strong>signiﬁcabat.</strong></span> <span class='ocrx_word' id='word_1_517' title='bbox 2409 3539 2610 3596; x_wconf 84' lang='lat' dir='ltr'><strong>Pcenas</strong></span> <span class='ocrx_word' id='word_1_518' title='bbox 2636 3540 2766 3594; x_wconf 91' lang='lat' dir='ltr'><strong>item</strong></span> <span class='ocrx_word' id='word_1_519' title='bbox 2792 3538 2943 3594; x_wconf 84' lang='lat' dir='ltr'><strong>dedit</strong></span> <span class='ocrx_word' id='word_1_520' title='bbox 2965 3546 3191 3608; x_wconf 87' lang='lat' dir='ltr'><strong>propter</strong></span> <span class='ocrx_word' id='word_1_521' title='bbox 3216 3543 3586 3605; x_wconf 88' lang='lat' dir='ltr'><strong>contemptum</strong></span> 
     </span>
    </p>
   </div>
   <div class='ocr_carea' id='block_1_79' title="bbox 2013 3625 3589 3700">
    <p class='ocr_par' dir='ltr' id='par_1_79' title="bbox 2013 3625 3589 3700">
     <span class='ocr_line' id='line_1_79' title="bbox 2013 3625 3589 3700; baseline -0.003 -18"><span class='ocrx_word' id='word_1_522' title='bbox 2013 3629 2319 3699; x_wconf 84' lang='lat' dir='ltr'><strong>prophetici</strong></span> <span class='ocrx_word' id='word_1_523' title='bbox 2361 3631 2614 3700; x_wconf 89' lang='lat' dir='ltr'><strong>spiritus.</strong></span> <span class='ocrx_word' id='word_1_524' title='bbox 2664 3627 2750 3682; x_wconf 82' lang='lat' dir='ltr'><strong>ira</strong></span> <span class='ocrx_word' id='word_1_525' title='bbox 2783 3629 2928 3682; x_wconf 86' lang='lat' dir='ltr'><strong>enim</strong></span> <span class='ocrx_word' id='word_1_526' title='bbox 2962 3636 3156 3682; x_wconf 85' lang='lat' dir='ltr'><strong>contra</strong></span> <span class='ocrx_word' id='word_1_527' title='bbox 3195 3626 3475 3691; x_wconf 84' lang='lat' dir='ltr'><strong>Davidem,</strong></span> <span class='ocrx_word' id='word_1_528' title='bbox 3507 3625 3589 3678; x_wconf 86' lang='lat' dir='ltr'><strong>di-</strong></span> 
     </span>
    </p>
   </div>
   <div class='ocr_carea' id='block_1_80' title="bbox 2013 3718 3586 3789">
    <p class='ocr_par' dir='ltr' id='par_1_80' title="bbox 2013 3718 3586 3789">
     <span class='ocr_line' id='line_1_80' title="bbox 2013 3718 3586 3789; baseline -0.003 -17"><span class='ocrx_word' id='word_1_529' title='bbox 2013 3723 2198 3773; x_wconf 88' lang='lat' dir='ltr'><strong>vinum</strong></span> <span class='ocrx_word' id='word_1_530' title='bbox 2242 3719 2509 3789; x_wconf 87' lang='lat' dir='ltr'><strong>Spiritum</strong></span> <span class='ocrx_word' id='word_1_531' title='bbox 2561 3719 2901 3774; x_wconf 85' lang='lat' dir='ltr'><strong>contumelia</strong></span> <span class='ocrx_word' id='word_1_532' title='bbox 2953 3718 3153 3776; x_wconf 76' lang='lat' dir='ltr'><strong>affecit.</strong></span> <span class='ocrx_word' id='word_1_533' title='bbox 3208 3718 3352 3772; x_wconf 86' lang='lat' dir='ltr'><strong>Hinc</strong></span> <span class='ocrx_word' id='word_1_534' title='bbox 3403 3724 3586 3770; x_wconf 86' lang='lat' dir='ltr'><strong>autem</strong></span> 
     </span>
    </p>
   </div>
   <div class='ocr_carea' id='block_1_81' title="bbox 2013 3807 3590 3876">
    <p class='ocr_par' dir='ltr' id='par_1_81' title="bbox 2013 3807 3590 3876">
     <span class='ocr_line' id='line_1_81' title="bbox 2013 3807 3590 3876; baseline -0.003 -14"><span class='ocrx_word' id='word_1_535' title='bbox 2013 3807 2365 3862; x_wconf 78' lang='lat' dir='ltr'><strong>manifestum</strong></span> <span class='ocrx_word' id='word_1_536' title='bbox 2393 3815 2479 3863; x_wconf 88' lang='lat' dir='ltr'><strong>est</strong></span> <span class='ocrx_word' id='word_1_537' title='bbox 2535 3809 2702 3876; x_wconf 82' lang='lat' dir='ltr'><strong>quod,</strong></span> <span class='ocrx_word' id='word_1_538' title='bbox 2731 3807 2820 3874; x_wconf 88' lang='lat' dir='ltr'><strong>qui</strong></span> <span class='ocrx_word' id='word_1_539' title='bbox 2852 3809 3058 3862; x_wconf 86' lang='lat' dir='ltr'><strong>sanctis</strong></span> <span class='ocrx_word' id='word_1_540' title='bbox 3087 3807 3348 3871; x_wconf 67' lang='lat' dir='ltr'><strong>adhaeret,</strong></span> <span class='ocrx_word' id='word_1_541' title='bbox 3376 3816 3428 3860; x_wconf 86' lang='lat' dir='ltr'><strong>et</strong></span> <span class='ocrx_word' id='word_1_542' title='bbox 3459 3821 3590 3860; x_wconf 88' lang='lat' dir='ltr'><strong>con-</strong></span> 
     </span>
    </p>
   </div>
   <div class='ocr_carea' id='block_1_82' title="bbox 2013 3897 3587 3963">
    <p class='ocr_par' dir='ltr' id='par_1_82' title="bbox 2013 3897 3587 3963">
     <span class='ocr_line' id='line_1_82' title="bbox 2013 3897 3587 3963; baseline -0.001 -13"><span class='ocrx_word' id='word_1_543' title='bbox 2013 3909 2284 3963; x_wconf 82' lang='lat' dir='ltr'><strong>versatur,</strong></span> <span class='ocrx_word' id='word_1_544' title='bbox 2326 3908 2554 3953; x_wconf 88' lang='lat' dir='ltr'><strong>sanctus</strong></span> <span class='ocrx_word' id='word_1_545' title='bbox 2587 3897 2840 3960; x_wconf 61' lang='lat' dir='ltr'><strong>(allii-itur.</strong></span> <span class='ocrx_word' id='word_1_546' title='bbox 2871 3901 2973 3952; x_wconf 85' lang='lat' dir='ltr'><strong>etsi</strong></span> <span class='ocrx_word' id='word_1_547' title='bbox 3020 3907 3144 3952; x_wconf 86' lang='lat' dir='ltr'><strong>ante</strong></span> <span class='ocrx_word' id='word_1_548' title='bbox 3181 3899 3360 3953; x_wconf 69' lang='lat' dir='ltr'><strong>malus</strong></span> <span class='ocrx_word' id='word_1_549' title='bbox 3402 3897 3587 3952; x_wconf 86' lang='lat' dir='ltr'><strong>luerit.</strong></span> 
     </span>
    </p>
   </div>
   <div class='ocr_carea' id='block_1_83' title="bbox 2016 3988 3592 4060">
    <p class='ocr_par' dir='ltr' id='par_1_83' title="bbox 2016 3988 3592 4060">
     <span class='ocr_line' id='line_1_83' title="bbox 2016 3988 3592 4060; baseline 0.003 -20"><span class='ocrx_word' id='word_1_550' title='bbox 2016 3988 2182 4058; x_wconf 72' lang='lat' dir='ltr'><strong>quue</strong></span> <span class='ocrx_word' id='word_1_551' title='bbox 2230 3999 2344 4044; x_wconf 85' lang='lat' dir='ltr'><strong>tum</strong></span> <span class='ocrx_word' id='word_1_552' title='bbox 2388 3990 2644 4054; x_wconf 80' lang='lat' dir='ltr'><strong>maxime,</strong></span> <span class='ocrx_word' id='word_1_553' title='bbox 2679 3990 2721 4044; x_wconf 86' lang='lat' dir='ltr'><strong>si</strong></span> <span class='ocrx_word' id='word_1_554' title='bbox 2775 3990 2841 4044; x_wconf 82' lang='lat' dir='ltr'><strong>ad</strong></span> <span class='ocrx_word' id='word_1_555' title='bbox 2895 3989 3081 4060; x_wconf 80' lang='lat' dir='ltr'><strong>priora</strong></span> <span class='ocrx_word' id='word_1_556' title='bbox 3125 3991 3306 4044; x_wconf 74' lang='lat' dir='ltr'><strong>denuo</strong></span> <span class='ocrx_word' id='word_1_557' title='bbox 3352 4007 3458 4046; x_wconf 80' lang='lat' dir='ltr'><strong>non</strong></span> <span class='ocrx_word' id='word_1_558' title='bbox 3506 4007 3592 4045; x_wconf 80' lang='lat' dir='ltr'><strong>rc-</strong></span> 
     </span>
    </p>
   </div>
   <div class='ocr_carea' id='block_1_84' title="bbox 2014 4092 2222 4135">
    <p class='ocr_par' dir='ltr' id='par_1_84' title="bbox 2014 4092 2222 4135">
     <span class='ocr_line' id='line_1_84' title="bbox 2014 4092 2222 4135; baseline 0.005 -1"><span class='ocrx_word' id='word_1_559' title='bbox 2014 4092 2222 4135; x_wconf 86' lang='lat' dir='ltr'><strong>currat.</strong></span> 
     </span>
    </p>
   </div>
   <div class='ocr_carea' id='block_1_85' title="bbox 2662 4173 2987 4227">
    <p class='ocr_par' dir='ltr' id='par_1_85' title="bbox 2662 4173 2987 4227">
     <span class='ocr_line' id='line_1_85' title="bbox 2662 4173 2987 4227; baseline 0.003 -1"><span class='ocrx_word' id='word_1_560' title='bbox 2662 4174 2816 4227; x_wconf 71' lang='lat' dir='ltr'><strong>CAP.</strong></span> <span class='ocrx_word' id='word_1_561' title='bbox 2870 4173 2987 4227; x_wconf 71' lang='lat' dir='ltr'><strong>XX.</strong></span> 
     </span>
    </p>
   </div>
   <div class='ocr_carea' id='block_1_86' title="bbox 2087 4266 3590 4344">
    <p class='ocr_par' dir='ltr' id='par_1_86' title="bbox 2087 4266 3590 4344">
     <span class='ocr_line' id='line_1_86' title="bbox 2087 4266 3590 4344; baseline 0.001 -26"><span class='ocrx_word' id='word_1_562' title='bbox 2087 4267 2248 4319; x_wconf 68' lang='lat' dir='ltr'><strong>Vens.</strong></span> <span class='ocrx_word' id='word_1_563' title='bbox 2289 4267 2372 4319; x_wconf 78' lang='lat' dir='ltr'><strong>l3.</strong></span> <span class='ocrx_word' id='word_1_564' title='bbox 2412 4266 2593 4344; x_wconf 67' lang='lat' dir='ltr'><strong>Neque</strong></span> <span class='ocrx_word' id='word_1_565' title='bbox 2621 4267 2871 4319; x_wconf 66' lang='lat' dir='ltr'><strong>ret-elabit</strong></span> <span class='ocrx_word' id='word_1_566' title='bbox 2905 4269 3126 4322; x_wconf 72' lang='lat' dir='ltr'><strong>auribus</strong></span> <span class='ocrx_word' id='word_1_567' title='bbox 3161 4271 3308 4322; x_wconf 82' lang='lat' dir='ltr'><strong>meis.</strong></span> <span class='ocrx_word' id='word_1_568' title='bbox 3344 4269 3590 4339; x_wconf 62' lang='lat' dir='ltr'><strong>Symma-</strong></span> 
     </span>
    </p>
   </div>
   <div class='ocr_carea' id='block_1_87' title="bbox 2015 4356 3080 4425">
    <p class='ocr_par' dir='ltr' id='par_1_87' title="bbox 2015 4356 3080 4425">
     <span class='ocr_line' id='line_1_87' title="bbox 2015 4356 3080 4425; baseline -0.003 -10"><span class='ocrx_word' id='word_1_569' title='bbox 2015 4360 2174 4425; x_wconf 85' lang='lat' dir='ltr'><strong>chus,</strong></span> <span class='ocrx_word' id='word_1_570' title='bbox 2211 4356 2336 4412; x_wconf 77' lang='lat' dir='ltr'><strong>Nisi</strong></span> <span class='ocrx_word' id='word_1_571' title='bbox 2367 4359 2681 4412; x_wconf 75' lang='lat' dir='ltr'><strong>iudicaverit</strong></span> <span class='ocrx_word' id='word_1_572' title='bbox 2713 4360 2922 4411; x_wconf 76' lang='lat' dir='ltr'><strong>azzditui</strong></span> <span class='ocrx_word' id='word_1_573' title='bbox 2950 4376 3080 4412; x_wconf 75' lang='lat' dir='ltr'><strong>meo.</strong></span> 
     </span>
    </p>
   </div>
   <div class='ocr_carea' id='block_1_88' title="bbox 2085 4432 3589 4521">
    <p class='ocr_par' dir='ltr' id='par_1_88' title="bbox 2085 4432 3589 4521">
     <span class='ocr_line' id='line_1_88' title="bbox 2085 4432 3589 4521; baseline 0 -19"><span class='ocrx_word' id='word_1_574' title='bbox 2085 4449 2213 4512; x_wconf 86' lang='lat' dir='ltr'><strong>Pro,</strong></span> <span class='ocrx_word' id='word_1_575' title='bbox 2268 4432 2528 4516; x_wconf 59' lang='lat' dir='ltr'><strong>lihpletur</strong></span> <span class='ocrx_word' id='word_1_576' title='bbox 2585 4451 2724 4503; x_wconf 82' lang='lat' dir='ltr'><strong>inter</strong></span> <span class='ocrx_word' id='word_1_577' title='bbox 2772 4466 2872 4514; x_wconf 78' lang='lat' dir='ltr'><strong>nte,</strong></span> <span class='ocrx_word' id='word_1_578' title='bbox 2919 4461 3028 4508; x_wconf 80' lang='lat' dir='ltr'><strong>cte.</strong></span> <span class='ocrx_word' id='word_1_579' title='bbox 3076 4452 3274 4520; x_wconf 77' lang='lat' dir='ltr'><strong>Aquila</strong></span> <span class='ocrx_word' id='word_1_580' title='bbox 3329 4463 3382 4504; x_wconf 85' lang='lat' dir='ltr'><strong>et</strong></span> <span class='ocrx_word' id='word_1_581' title='bbox 3432 4451 3589 4521; x_wconf 72' lang='lat' dir='ltr'><strong>Synt-</strong></span> 
     </span>
    </p>
   </div>
   <div class='ocr_carea' id='block_1_89' title="bbox 327 4523 1909 4614">
    <p class='ocr_par' dir='ltr' id='par_1_89' title="bbox 327 4523 1905 4614">
     <span class='ocr_line' id='line_1_89' title="bbox 327 4523 1905 4614; baseline 0.008 -39"><span class='ocrx_word' id='word_1_582' title='bbox 327 4523 427 4614; x_wconf 82' lang='grc' dir='ltr'><strong>λας</strong></span> <span class='ocrx_word' id='word_1_583' title='bbox 455 4525 876 4614; x_wconf 11' lang='grc' dir='ltr'>καιΣύμμῄαχος</span> <span class='ocrx_word' id='word_1_584' title='bbox 900 4532 947 4590; x_wconf 79' lang='grc'>³,</span> <span class='ocrx_word' id='word_1_585' title='bbox 972 4527 1157 4580; x_wconf 86' lang='grc' dir='ltr'>Ὅσον</span> <span class='ocrx_word' id='word_1_586' title='bbox 1183 4527 1358 4598; x_wconf 80' lang='grc' dir='ltr'>,βῆμα</span> <span class='ocrx_word' id='word_1_587' title='bbox 1392 4530 1734 4598; x_wconf 75' lang='grc' dir='ltr'>ἀναμεταξὺ</span> <span class='ocrx_word' id='word_1_588' title='bbox 1759 4534 1905 4602; x_wconf 65' lang='grc' dir='ltr'>ἐμοῦ</span> 
     </span>
    </p>
   </div>
   <div class='ocr_carea' id='block_1_90' title="bbox 2024 4523 3590 4614">
    <p class='ocr_par' dir='ltr' id='par_1_90' title="bbox 2024 4541 3590 4614">
     <span class='ocr_line' id='line_1_90' title="bbox 2024 4541 3590 4614; baseline 0 -19"><span class='ocrx_word' id='word_1_589' title='bbox 2024 4541 2243 4596; x_wconf 88' lang='lat' dir='ltr'><strong>machus</strong></span> <span class='ocrx_word' id='word_1_590' title='bbox 2271 4541 2476 4597; x_wconf 87' lang='lat' dir='ltr'><strong>habent</strong></span> <span class='ocrx_word' id='word_1_591' title='bbox 2511 4561 2522 4596; x_wconf 87' lang='lat'><strong>:</strong></span> <span class='ocrx_word' id='word_1_592' title='bbox 2557 4541 2828 4608; x_wconf 82' lang='lat' dir='ltr'><strong>Quantum</strong></span> <span class='ocrx_word' id='word_1_593' title='bbox 2855 4544 3054 4614; x_wconf 74' lang='lat' dir='ltr'><strong>gradus</strong></span> <span class='ocrx_word' id='word_1_594' title='bbox 3090 4544 3228 4596; x_wconf 80' lang='lat' dir='ltr'><strong>inter</strong></span> <span class='ocrx_word' id='word_1_595' title='bbox 3259 4559 3340 4596; x_wconf 83' lang='lat' dir='ltr'><strong>me</strong></span> <span class='ocrx_word' id='word_1_596' title='bbox 3371 4553 3418 4596; x_wconf 83' lang='lat' dir='ltr'><strong>et</strong></span> <span class='ocrx_word' id='word_1_597' title='bbox 3446 4559 3590 4596; x_wconf 78' lang='lat' dir='ltr'><strong>mor-</strong></span> 
     </span>
    </p>
   </div>
   <div class='ocr_carea' id='block_1_91' title="bbox 329 4611 1070 4670">
    <p class='ocr_par' dir='ltr' id='par_1_91' title="bbox 329 4611 1070 4670">
     <span class='ocr_line' id='line_1_91' title="bbox 329 4611 1070 4670; baseline 0.008 -6"><span class='ocrx_word' id='word_1_598' title='bbox 329 4611 426 4665; x_wconf 78' lang='grc' dir='ltr'>καὶ</span> <span class='ocrx_word' id='word_1_599' title='bbox 455 4612 565 4666; x_wconf 82' lang='grc' dir='ltr'>τοῦ</span> <span class='ocrx_word' id='word_1_600' title='bbox 595 4612 880 4668; x_wconf 80' lang='grc' dir='ltr'>θανάτου.</span> <span class='ocrx_word' id='word_1_601' title='bbox 919 4615 982 4670; x_wconf 91' lang='lat' dir='ltr'><strong>C.</strong></span> <span class='ocrx_word' id='word_1_602' title='bbox 1009 4614 1070 4670; x_wconf 89' lang='lat' dir='ltr'><strong>L.</strong></span> 
     </span>
    </p>
   </div>
   <div class='ocr_carea' id='block_1_92' title="bbox 414 4704 1912 4779">
    <p class='ocr_par' dir='ltr' id='par_1_92' title="bbox 414 4704 1912 4779">
     <span class='ocr_line' id='line_1_92' title="bbox 414 4704 1912 4779; baseline 0.009 -24"><span class='ocrx_word' id='word_1_603' title='bbox 414 4704 715 4774; x_wconf 78' lang='grc' dir='ltr'>Ἠγάπησε</span> <span class='ocrx_word' id='word_1_604' title='bbox 762 4705 978 4775; x_wconf 69' lang='grc' dir='ltr'><strong>’ψυχὴν</strong></span> <span class='ocrx_word' id='word_1_605' title='bbox 1015 4707 1366 4776; x_wconf 73' lang='grc' dir='ltr'>ἀγαπῶντος</span> <span class='ocrx_word' id='word_1_606' title='bbox 1407 4711 1612 4767; x_wconf 79' lang='grc' dir='ltr'>αὐτόν.</span> <span class='ocrx_word' id='word_1_607' title='bbox 1662 4714 1912 4779; x_wconf 81' lang='grc' dir='ltr'>Ἀκύλας,</span> 
     </span>
    </p>
   </div>
   <div class='ocr_carea' id='block_1_93' title="bbox 332 4793 1305 4865">
    <p class='ocr_par' dir='ltr' id='par_1_93' title="bbox 332 4793 1305 4865">
     <span class='ocr_line' id='line_1_93' title="bbox 332 4793 1305 4865; baseline 0.008 -20"><span class='ocrx_word' id='word_1_608' title='bbox 332 4793 494 4847; x_wconf 81' lang='grc' dir='ltr'>Κατὰ</span> <span class='ocrx_word' id='word_1_609' title='bbox 525 4795 642 4862; x_wconf 78' lang='grc' dir='ltr'><strong>τὴν</strong></span> <span class='ocrx_word' id='word_1_610' title='bbox 663 4795 875 4865; x_wconf 69' lang='grc' dir='ltr'><strong>ψυχὴν</strong></span> <span class='ocrx_word' id='word_1_611' title='bbox 907 4798 1115 4851; x_wconf 82' lang='grc' dir='ltr'>αὑτοῦ.</span> <span class='ocrx_word' id='word_1_612' title='bbox 1146 4797 1210 4853; x_wconf 90' lang='lat' dir='ltr'><strong>C.</strong></span> <span class='ocrx_word' id='word_1_613' title='bbox 1240 4797 1305 4852; x_wconf 91' lang='lat' dir='ltr'><strong>L.</strong></span> 
     </span>
    </p>
   </div>
   <div class='ocr_carea' id='block_1_94' title="bbox 405 4883 1911 4964">
    <p class='ocr_par' dir='ltr' id='par_1_94' title="bbox 405 4883 1911 4964">
     <span class='ocr_line' id='line_1_94' title="bbox 405 4883 1911 4964; baseline 0.008 -29"><span class='ocrx_word' id='word_1_614' title='bbox 405 4883 500 4948; x_wconf 82' lang='grc' dir='ltr'><strong>Τὸ,</strong></span> <span class='ocrx_word' id='word_1_615' title='bbox 548 4886 1065 4954; x_wconf 76' lang='grc' dir='ltr'>Ἐπισκεπήσεται</span> <span class='ocrx_word' id='word_1_616' title='bbox 1085 4887 1124 4954; x_wconf 74' lang='grc' dir='ltr'>ἡ</span> <span class='ocrx_word' id='word_1_617' title='bbox 1147 4887 1404 4958; x_wconf 81' lang='grc' dir='ltr'>καθέδρα</span> <span class='ocrx_word' id='word_1_618' title='bbox 1429 4904 1568 4954; x_wconf 89' lang='grc' dir='ltr'>σου,</span> <span class='ocrx_word' id='word_1_619' title='bbox 1590 4892 1911 4964; x_wconf 74' lang='grc' dir='ltr'>Σύμμαχος,</span> 
     </span>
    </p>
   </div>
   <div class='ocr_carea' id='block_1_95' title="bbox 327 4975 970 5043">
    <p class='ocr_par' dir='ltr' id='par_1_95' title="bbox 327 4975 970 5043">
     <span class='ocr_line' id='line_1_95' title="bbox 327 4975 970 5043; baseline 0.011 -18"><span class='ocrx_word' id='word_1_620' title='bbox 327 4975 766 5043; x_wconf 81' lang='grc' dir='ltr'>Ζητηθήσεται.</span> <span class='ocrx_word' id='word_1_621' title='bbox 812 4977 876 5032; x_wconf 89' lang='lat' dir='ltr'><strong>C.</strong></span> <span class='ocrx_word' id='word_1_622' title='bbox 911 4979 970 5032; x_wconf 87' lang='lat' dir='ltr'><strong>L.</strong></span> 
     </span>
    </p>
   </div>
   <div class='ocr_carea' id='block_1_96' title="bbox 405 5067 1908 5146">
    <p class='ocr_par' dir='ltr' id='par_1_96' title="bbox 405 5067 1908 5146">
     <span class='ocr_line' id='line_1_96' title="bbox 405 5067 1908 5146; baseline 0.005 -26"><span class='ocrx_word' id='word_1_623' title='bbox 405 5067 818 5136; x_wconf 69' lang='lat' dir='ltr'><strong>Tptcasda&#39;stc.</strong></span> <span class='ocrx_word' id='word_1_624' title='bbox 847 5071 1106 5134; x_wconf 79' lang='grc' dir='ltr'>Ἀκύλας,</span> <span class='ocrx_word' id='word_1_625' title='bbox 1131 5072 1288 5140; x_wconf 85' lang='grc' dir='ltr'>τρεῖς</span> <span class='ocrx_word' id='word_1_626' title='bbox 1311 5073 1533 5144; x_wconf 79' lang='grc' dir='ltr'>ἡμέρας</span> <span class='ocrx_word' id='word_1_627' title='bbox 1555 5077 1874 5146; x_wconf 75' lang='grc' dir='ltr'>ἀναμενεῖς</span> <span class='ocrx_word' id='word_1_628' title='bbox 1895 5097 1908 5110; x_wconf 81' lang='grc' dir='ltr'><strong>ο</strong></span> 
     </span>
    </p>
   </div>
   <div class='ocr_carea' id='block_1_97' title="bbox 323 5159 1911 5241">
    <p class='ocr_par' dir='ltr' id='par_1_97' title="bbox 323 5159 1911 5241">
     <span class='ocr_line' id='line_1_97' title="bbox 323 5159 1911 5241; baseline 0.009 -31"><span class='ocrx_word' id='word_1_629' title='bbox 323 5159 414 5214; x_wconf 82' lang='grc' dir='ltr'><strong>διὰ</strong></span> <span class='ocrx_word' id='word_1_630' title='bbox 445 5160 498 5212; x_wconf 85' lang='grc' dir='ltr'>τί</span> <span class='ocrx_word' id='word_1_631' title='bbox 524 5160 582 5214; x_wconf 82' lang='grc' dir='ltr'><strong>δὲ</strong></span> <span class='ocrx_word' id='word_1_632' title='bbox 609 5162 686 5231; x_wconf 82' lang='grc' dir='ltr'><strong>τῷ</strong></span> <span class='ocrx_word' id='word_1_633' title='bbox 709 5164 872 5216; x_wconf 76' lang='grc' dir='ltr'><strong>Δαὸὶδ</strong></span> <span class='ocrx_word' id='word_1_634' title='bbox 901 5162 990 5216; x_wconf 81' lang='grc' dir='ltr'><strong>διὰ</strong></span> <span class='ocrx_word' id='word_1_635' title='bbox 1023 5164 1193 5232; x_wconf 80' lang='grc' dir='ltr'>βελῶν</span> <span class='ocrx_word' id='word_1_636' title='bbox 1216 5166 1384 5235; x_wconf 75' lang='grc' dir='ltr'>ἦγουν</span> <span class='ocrx_word' id='word_1_637' title='bbox 1406 5168 1671 5222; x_wconf 84' lang='grc' dir='ltr'>ἀκοντίων</span> <span class='ocrx_word' id='word_1_638' title='bbox 1691 5172 1790 5241; x_wconf 84' lang='grc' dir='ltr'><strong>τὴν</strong></span> <span class='ocrx_word' id='word_1_639' title='bbox 1816 5173 1911 5226; x_wconf 83' lang='grc' dir='ltr'><strong>τοῦ</strong></span> 
     </span>
    </p>
   </div>
   <div class='ocr_carea' id='block_1_98' title="bbox 325 5251 1910 5332">
    <p class='ocr_par' dir='ltr' id='par_1_98' title="bbox 325 5251 1910 5332">
     <span class='ocr_line' id='line_1_98' title="bbox 325 5251 1910 5332; baseline 0.009 -29"><span class='ocrx_word' id='word_1_640' title='bbox 325 5251 572 5322; x_wconf 79' lang='grc' dir='ltr'>πατέρος</span> <span class='ocrx_word' id='word_1_641' title='bbox 606 5254 878 5324; x_wconf 78' lang='grc' dir='ltr'>ἐμήνυσεν</span> <span class='ocrx_word' id='word_1_642' title='bbox 929 5255 1188 5310; x_wconf 85' lang='grc' dir='ltr'>Ἰωνάθαν</span> <span class='ocrx_word' id='word_1_643' title='bbox 1242 5259 1576 5332; x_wconf 77' lang='grc' dir='ltr'>ὲπιϐουλήν;</span> <span class='ocrx_word' id='word_1_644' title='bbox 1616 5263 1780 5326; x_wconf 81' lang='grc' dir='ltr'>Τινὲς</span> <span class='ocrx_word' id='word_1_645' title='bbox 1823 5266 1910 5319; x_wconf 72' lang='grc' dir='ltr'><strong>διὰ</strong></span> 
     </span>
    </p>
   </div>
   <div class='ocr_carea' id='block_1_99' title="bbox 323 5345 1908 5424">
    <p class='ocr_par' dir='ltr' id='par_1_99' title="bbox 323 5345 1908 5424">
     <span class='ocr_line' id='line_1_99' title="bbox 323 5345 1908 5424; baseline 0.009 -30"><span class='ocrx_word' id='word_1_646' title='bbox 323 5345 420 5396; x_wconf 79' lang='grc' dir='ltr'><strong>τὸν</strong></span> <span class='ocrx_word' id='word_1_647' title='bbox 452 5346 667 5416; x_wconf 68' lang='grc' dir='ltr'><strong>,οἰκέτην</strong></span> <span class='ocrx_word' id='word_1_648' title='bbox 685 5347 872 5416; x_wconf 74' lang='grc' dir='ltr'>φασὶν,</span> <span class='ocrx_word' id='word_1_649' title='bbox 905 5348 992 5401; x_wconf 80' lang='grc' dir='ltr'>ἵνα</span> <span class='ocrx_word' id='word_1_650' title='bbox 1025 5348 1100 5421; x_wconf 84' lang='grc' dir='ltr'>μὴ</span> <span class='ocrx_word' id='word_1_651' title='bbox 1119 5349 1266 5421; x_wconf 83' lang='grc' dir='ltr'>μάθῃ</span> <span class='ocrx_word' id='word_1_652' title='bbox 1304 5351 1373 5404; x_wconf 79' lang='grc' dir='ltr'><strong>τὰ</strong></span> <span class='ocrx_word' id='word_1_653' title='bbox 1401 5354 1739 5424; x_wconf 85' lang='grc' dir='ltr'>μηνυόμενα.</span> <span class='ocrx_word' id='word_1_654' title='bbox 1767 5356 1908 5410; x_wconf 73' lang='grc' dir='ltr'>Ἀλλ’</span> 
     </span>
    </p>
   </div>
   <div class='ocr_carea' id='block_1_100' title="bbox 327 5433 1901 5515">
    <p class='ocr_par' dir='ltr' id='par_1_100' title="bbox 327 5433 1901 5515">
     <span class='ocr_line' id='line_1_100' title="bbox 327 5433 1901 5515; baseline 0.009 -29"><span class='ocrx_word' id='word_1_655' title='bbox 327 5433 456 5506; x_wconf 75' lang='grc' dir='ltr'>ἐξῆν</span> <span class='ocrx_word' id='word_1_656' title='bbox 482 5437 577 5490; x_wconf 70' lang='grc' dir='ltr'><strong>καὶ</strong></span> <span class='ocrx_word' id='word_1_657' title='bbox 605 5437 752 5507; x_wconf 83' lang='grc' dir='ltr'>μόνῳ</span> <span class='ocrx_word' id='word_1_658' title='bbox 780 5439 1195 5510; x_wconf 82' lang='grc' dir='ltr'>παραγενέσθαι</span> <span class='ocrx_word' id='word_1_659' title='bbox 1219 5457 1232 5471; x_wconf 75' lang='grc'><strong><em>³</em></strong></span> <span class='ocrx_word' id='word_1_660' title='bbox 1265 5441 1383 5496; x_wconf 77' lang='grc' dir='ltr'>ἀλλ’</span> <span class='ocrx_word' id='word_1_661' title='bbox 1409 5445 1509 5497; x_wconf 85' lang='grc' dir='ltr'><strong>ούκ</strong></span> <span class='ocrx_word' id='word_1_662' title='bbox 1539 5444 1604 5498; x_wconf 79' lang='grc' dir='ltr'>ἂν</span> <span class='ocrx_word' id='word_1_663' title='bbox 1633 5446 1734 5515; x_wconf 86' lang='grc' dir='ltr'><strong>τὴν</strong></span> <span class='ocrx_word' id='word_1_664' title='bbox 1797 5449 1901 5500; x_wconf 78' lang='grc' dir='ltr'><strong>ὑπ-</strong></span> 
     </span>
    </p>
   </div>
   <div class='ocr_carea' id='block_1_101' title="bbox 403 5610 1389 5681">
    <p class='ocr_par' dir='ltr' id='par_1_101' title="bbox 403 5610 1389 5681">
     <span class='ocr_line' id='line_1_101' title="bbox 403 5610 1389 5681; baseline 0.009 -18"><span class='ocrx_word' id='word_1_665' title='bbox 403 5611 426 5638; x_wconf 77' lang='grc'>’</span> <span class='ocrx_word' id='word_1_666' title='bbox 461 5610 604 5668; x_wconf 85' lang='lat' dir='ltr'><strong>Psal.</strong></span> <span class='ocrx_word' id='word_1_667' title='bbox 641 5618 857 5679; x_wconf 71' lang='lat' dir='ltr'><strong>Lvut,2.</strong></span> <span class='ocrx_word' id='word_1_668' title='bbox 931 5615 953 5646; x_wconf 84' lang='grc'>⁸</span> <span class='ocrx_word' id='word_1_669' title='bbox 986 5615 1176 5674; x_wconf 78' lang='lat' dir='ltr'><strong>Matth.</strong></span> <span class='ocrx_word' id='word_1_670' title='bbox 1206 5633 1260 5681; x_wconf 79' lang='grc' dir='ltr'>ν,</span> <span class='ocrx_word' id='word_1_671' title='bbox 1299 5619 1389 5672; x_wconf 73' lang='grc'><strong>41.</strong></span> 
     </span>
    </p>
   </div>
   <div class='ocr_carea' id='block_1_102' title="bbox 2015 4643 2139 4686">
    <p class='ocr_par' dir='ltr' id='par_1_102' title="bbox 2015 4643 2139 4686">
     <span class='ocr_line' id='line_1_102' title="bbox 2015 4643 2139 4686; baseline -0.016 0"><span class='ocrx_word' id='word_1_672' title='bbox 2015 4643 2139 4686; x_wconf 80' lang='lat' dir='ltr'><strong>tem.</strong></span> 
     </span>
    </p>
   </div>
   <div class='ocr_carea' id='block_1_103' title="bbox 2086 4721 3592 4792">
    <p class='ocr_par' dir='ltr' id='par_1_103' title="bbox 2086 4721 3592 4792">
     <span class='ocr_line' id='line_1_103' title="bbox 2086 4721 3592 4792; baseline 0 -16"><span class='ocrx_word' id='word_1_673' title='bbox 2086 4721 2254 4776; x_wconf 72' lang='lat' dir='ltr'><strong>Vsus.</strong></span> <span class='ocrx_word' id='word_1_674' title='bbox 2291 4722 2378 4776; x_wconf 81' lang='grc'>17.</span> <span class='ocrx_word' id='word_1_675' title='bbox 2413 4721 2679 4792; x_wconf 80' lang='lat' dir='ltr'><strong>Diligebat</strong></span> <span class='ocrx_word' id='word_1_676' title='bbox 2718 4723 2954 4776; x_wconf 73' lang='lat' dir='ltr'><strong>animum</strong></span> <span class='ocrx_word' id='word_1_677' title='bbox 2995 4722 3110 4792; x_wconf 78' lang='lat' dir='ltr'><strong>ejus</strong></span> <span class='ocrx_word' id='word_1_678' title='bbox 3143 4723 3231 4792; x_wconf 84' lang='lat' dir='ltr'><strong>qui</strong></span> <span class='ocrx_word' id='word_1_679' title='bbox 3263 4724 3435 4789; x_wconf 82' lang='lat' dir='ltr'><strong>ipsum</strong></span> <span class='ocrx_word' id='word_1_680' title='bbox 3465 4722 3592 4776; x_wconf 74' lang='lat' dir='ltr'><strong>dili-</strong></span> 
     </span>
    </p>
   </div>
   <div class='ocr_carea' id='block_1_104' title="bbox 2009 4811 3025 4882">
    <p class='ocr_par' dir='ltr' id='par_1_104' title="bbox 2009 4811 3025 4882">
     <span class='ocr_line' id='line_1_104' title="bbox 2009 4811 3025 4882; baseline 0.001 -18"><span class='ocrx_word' id='word_1_681' title='bbox 2009 4811 2179 4882; x_wconf 87' lang='lat' dir='ltr'><strong>gebat.</strong></span> <span class='ocrx_word' id='word_1_682' title='bbox 2217 4814 2432 4880; x_wconf 74' lang='lat' dir='ltr'><strong>Aquila,</strong></span> <span class='ocrx_word' id='word_1_683' title='bbox 2463 4813 2542 4864; x_wconf 79' lang='lat' dir='ltr'><strong>uti</strong></span> <span class='ocrx_word' id='word_1_684' title='bbox 2581 4828 2733 4865; x_wconf 84' lang='lat' dir='ltr'><strong>suam</strong></span> <span class='ocrx_word' id='word_1_685' title='bbox 2768 4815 3025 4866; x_wconf 65' lang='lat' dir='ltr'><strong>animum.</strong></span> 
     </span>
    </p>
   </div>
   <div class='ocr_carea' id='block_1_105' title="bbox 2085 4901 3590 4974">
    <p class='ocr_par' dir='ltr' id='par_1_105' title="bbox 2085 4901 3590 4974">
     <span class='ocr_line' id='line_1_105' title="bbox 2085 4901 3590 4974; baseline 0.002 -20"><span class='ocrx_word' id='word_1_686' title='bbox 2085 4903 2208 4965; x_wconf 83' lang='lat' dir='ltr'><strong>I’ro,</strong></span> <span class='ocrx_word' id='word_1_687' title='bbox 2257 4901 2576 4972; x_wconf 85' lang='lat' dir='ltr'><strong>Contegetur</strong></span> <span class='ocrx_word' id='word_1_688' title='bbox 2606 4903 2774 4956; x_wconf 77' lang='lat' dir='ltr'><strong>sessio</strong></span> <span class='ocrx_word' id='word_1_689' title='bbox 2821 4913 2914 4956; x_wconf 83' lang='lat' dir='ltr'><strong>tua</strong></span> <span class='ocrx_word' id='word_1_690' title='bbox 2948 4945 2964 4969; x_wconf 90' lang='lat'><strong>,</strong></span> <span class='ocrx_word' id='word_1_691' title='bbox 3011 4901 3377 4974; x_wconf 82' lang='lat' dir='ltr'><strong>Symmachus</strong></span> <span class='ocrx_word' id='word_1_692' title='bbox 3408 4904 3590 4966; x_wconf 79' lang='lat' dir='ltr'><strong>habet,</strong></span> 
     </span>
    </p>
   </div>
   <div class='ocr_carea' id='block_1_106' title="bbox 2010 4993 2350 5061">
    <p class='ocr_par' dir='ltr' id='par_1_106' title="bbox 2010 4993 2350 5061">
     <span class='ocr_line' id='line_1_106' title="bbox 2010 4993 2350 5061; baseline 0 -15"><span class='ocrx_word' id='word_1_693' title='bbox 2010 4993 2350 5061; x_wconf 78' lang='lat' dir='ltr'><strong>Requiretur.</strong></span> 
     </span>
    </p>
   </div>
   <div class='ocr_carea' id='block_1_107' title="bbox 2083 5082 3589 5154">
    <p class='ocr_par' dir='ltr' id='par_1_107' title="bbox 2083 5082 3589 5154">
     <span class='ocr_line' id='line_1_107' title="bbox 2083 5082 3589 5154; baseline 0.002 -19"><span class='ocrx_word' id='word_1_694' title='bbox 2083 5082 2456 5153; x_wconf 85' lang='grc' dir='ltr'>Τρισσεύσεις.</span> <span class='ocrx_word' id='word_1_695' title='bbox 2515 5084 2736 5154; x_wconf 80' lang='lat' dir='ltr'><strong>Aquila,</strong></span> <span class='ocrx_word' id='word_1_696' title='bbox 2786 5086 2954 5140; x_wconf 78' lang='lat' dir='ltr'><strong>tribus</strong></span> <span class='ocrx_word' id='word_1_697' title='bbox 3008 5083 3195 5140; x_wconf 77' lang='lat' dir='ltr'><strong>diebus</strong></span> <span class='ocrx_word' id='word_1_698' title='bbox 3241 5085 3589 5154; x_wconf 71' lang='lat' dir='ltr'><strong>exspectabis.</strong></span> 
     </span>
    </p>
   </div>
   <div class='ocr_carea' id='block_1_108' title="bbox 2009 5175 3592 5248">
    <p class='ocr_par' dir='ltr' id='par_1_108' title="bbox 2009 5175 3592 5248">
     <span class='ocr_line' id='line_1_108' title="bbox 2009 5175 3592 5248; baseline 0.001 -19"><span class='ocrx_word' id='word_1_699' title='bbox 2009 5176 2192 5242; x_wconf 86' lang='lat' dir='ltr'><strong>Quare</strong></span> <span class='ocrx_word' id='word_1_700' title='bbox 2240 5185 2425 5232; x_wconf 88' lang='lat' dir='ltr'><strong>autem</strong></span> <span class='ocrx_word' id='word_1_701' title='bbox 2476 5175 2750 5232; x_wconf 84' lang='lat' dir='ltr'><strong>Jonathan</strong></span> <span class='ocrx_word' id='word_1_702' title='bbox 2806 5194 2903 5246; x_wconf 80' lang='lat' dir='ltr'><strong>per</strong></span> <span class='ocrx_word' id='word_1_703' title='bbox 2942 5177 3150 5248; x_wconf 80' lang='lat' dir='ltr'><strong>jactuni</strong></span> <span class='ocrx_word' id='word_1_704' title='bbox 3207 5178 3464 5243; x_wconf 85' lang='lat' dir='ltr'><strong>telorum,</strong></span> <span class='ocrx_word' id='word_1_705' title='bbox 3498 5187 3592 5230; x_wconf 82' lang='lat' dir='ltr'><strong>aut</strong></span> 
     </span>
    </p>
   </div>
   <div class='ocr_carea' id='block_1_109' title="bbox 2009 5267 3593 5340">
    <p class='ocr_par' dir='ltr' id='par_1_109' title="bbox 2009 5267 3593 5340">
     <span class='ocr_line' id='line_1_109' title="bbox 2009 5267 3593 5340; baseline -0.003 -16"><span class='ocrx_word' id='word_1_706' title='bbox 2009 5268 2509 5337; x_wconf 87' lang='lat' dir='ltr'><strong>certejaenlorum,</strong></span> <span class='ocrx_word' id='word_1_707' title='bbox 2543 5268 2734 5323; x_wconf 81' lang='lat' dir='ltr'><strong>Davidi</strong></span> <span class='ocrx_word' id='word_1_708' title='bbox 2774 5269 2951 5340; x_wconf 85' lang='lat' dir='ltr'><strong>patris</strong></span> <span class='ocrx_word' id='word_1_709' title='bbox 2979 5268 3209 5324; x_wconf 80' lang='lat' dir='ltr'><strong>insidias</strong></span> <span class='ocrx_word' id='word_1_710' title='bbox 3257 5267 3593 5323; x_wconf 80' lang='lat' dir='ltr'><strong>declaravit?</strong></span> 
     </span>
    </p>
   </div>
   <div class='ocr_carea' id='block_1_110' title="bbox 2009 5357 3591 5430">
    <p class='ocr_par' dir='ltr' id='par_1_110' title="bbox 2009 5357 3591 5430">
     <span class='ocr_line' id='line_1_110' title="bbox 2009 5357 3591 5430; baseline 0 -19"><span class='ocrx_word' id='word_1_711' title='bbox 2009 5360 2244 5426; x_wconf 80' lang='lat' dir='ltr'><strong>Quidam</strong></span> <span class='ocrx_word' id='word_1_712' title='bbox 2275 5370 2494 5430; x_wconf 86' lang='lat' dir='ltr'><strong>propter</strong></span> <span class='ocrx_word' id='word_1_713' title='bbox 2525 5375 2746 5414; x_wconf 86' lang='lat' dir='ltr'><strong>servum</strong></span> <span class='ocrx_word' id='word_1_714' title='bbox 2777 5360 2972 5414; x_wconf 87' lang='lat' dir='ltr'><strong>dicunt</strong></span> <span class='ocrx_word' id='word_1_715' title='bbox 3000 5360 3113 5412; x_wconf 72' lang='lat' dir='ltr'><strong>lucc</strong></span> <span class='ocrx_word' id='word_1_716' title='bbox 3145 5357 3288 5412; x_wconf 78' lang='lat' dir='ltr'><strong>facta</strong></span> <span class='ocrx_word' id='word_1_717' title='bbox 3321 5375 3468 5425; x_wconf 79' lang='lat' dir='ltr'><strong>esse,</strong></span> <span class='ocrx_word' id='word_1_718' title='bbox 3504 5376 3591 5423; x_wconf 78' lang='lat' dir='ltr'><strong>ne,</strong></span> 
     </span>
    </p>
   </div>
   <div class='ocr_carea' id='block_1_111' title="bbox 2017 5449 3594 5519">
    <p class='ocr_par' dir='ltr' id='par_1_111' title="bbox 2017 5449 3594 5519">
     <span class='ocr_line' id='line_1_111' title="bbox 2017 5449 3594 5519; baseline 0.003 -19"><span class='ocrx_word' id='word_1_719' title='bbox 2017 5450 2147 5518; x_wconf 87' lang='lat' dir='ltr'><strong>quid</strong></span> <span class='ocrx_word' id='word_1_720' title='bbox 2173 5449 2598 5518; x_wconf 49' lang='lat' dir='ltr'><strong>signiﬁcaretur,</strong></span> <span class='ocrx_word' id='word_1_721' title='bbox 2624 5456 3005 5517; x_wconf 67' lang='lat' dir='ltr'><strong>t&#39;ogtmst&#39;t‘ret.</strong></span> <span class='ocrx_word' id='word_1_722' title='bbox 3037 5451 3104 5500; x_wconf 64' lang='lat' dir='ltr'><strong>At</strong></span> <span class='ocrx_word' id='word_1_723' title='bbox 3137 5450 3406 5519; x_wconf 72' lang='lat' dir='ltr'><strong>potuisset</strong></span> <span class='ocrx_word' id='word_1_724' title='bbox 3444 5453 3594 5505; x_wconf 63' lang='lat' dir='ltr'><strong>Sl&#39;ilh‘</strong></span> 
     </span>
    </p>
   </div>
   <div class='ocr_carea' id='block_1_112' title="bbox 1648 5707 2332 5808">
    <p class='ocr_par' dir='ltr' id='par_1_112' title="bbox 1648 5707 2332 5808">
     <span class='ocr_line' id='line_1_112' title="bbox 1648 5707 2332 5808; baseline 0.006 -47"><span class='ocrx_word' id='word_1_725' title='bbox 1648 5707 1890 5808; x_wconf 61' lang='grc' dir='ltr'><strong>ἾΑΙίΙίΙῖΙ</strong></span> <span class='ocrx_word' id='word_1_726' title='bbox 1923 5709 2332 5768; x_wconf 56' lang='lat' dir='ltr'><strong>LEGTlOXl‘LS.</strong></span> 
     </span>
    </p>
   </div>
   <div class='ocr_carea' id='block_1_113' title="bbox 407 5793 1852 5868">
    <p class='ocr_par' dir='ltr' id='par_1_113' title="bbox 407 5793 1852 5868">
     <span class='ocr_line' id='line_1_113' title="bbox 407 5793 1852 5868; baseline 0.006 -23"><span class='ocrx_word' id='word_1_727' title='bbox 407 5803 429 5830; x_wconf 79' lang='grc'><strong><em>³</em></strong></span> <span class='ocrx_word' id='word_1_728' title='bbox 456 5793 548 5858; x_wconf 84' lang='grc' dir='ltr'><strong>Τὸ,</strong></span> <span class='ocrx_word' id='word_1_729' title='bbox 580 5793 894 5866; x_wconf 62' lang='grc' dir='ltr'>Σύμμαχος,</span> <span class='ocrx_word' id='word_1_730' title='bbox 928 5799 983 5850; x_wconf 79' lang='grc' dir='ltr'><strong>ὲν</strong></span> <span class='ocrx_word' id='word_1_731' title='bbox 1009 5797 1086 5867; x_wconf 83' lang='grc' dir='ltr'><strong>τῷ</strong></span> <span class='ocrx_word' id='word_1_732' title='bbox 1120 5798 1216 5868; x_wconf 78' lang='grc' dir='ltr'>τῆς</span> <span class='ocrx_word' id='word_1_733' title='bbox 1245 5798 1378 5868; x_wconf 82' lang='grc' dir='ltr'>Λὺγ.</span> <span class='ocrx_word' id='word_1_734' title='bbox 1411 5799 1535 5855; x_wconf 72' lang='grc' dir='ltr'>κὼδ.</span> <span class='ocrx_word' id='word_1_735' title='bbox 1570 5801 1630 5853; x_wconf 80' lang='grc' dir='ltr'><strong>ού</strong></span> <span class='ocrx_word' id='word_1_736' title='bbox 1658 5803 1852 5854; x_wconf 77' lang='grc' dir='ltr'>κεῖται.</span> 
     </span>
    </p>
   </div>
  </div>
