3992 6408
400 411 534 475 1109

1406 407 1942 470 COMMENTARII
1988 407 2068 467 ΙΝ
2110 409 2307 468 LIB.I
2341 408 2633 471 REGUM-

3519 386 3651 450 1110

395 531 511 590 τοῖς
543 528 639 582 σὺν
669 524 836 596 αὐτῷ,
869 528 966 596 τῆς
988 524 1146 593 ἁγίας
1175 523 1270 576 καὶ
1301 523 1578 594 ἱερατικῆς
1605 521 1830 593 τροφῆς,
1857 523 1976 591 μεῖ-

2116 521 2356 585 ontifex,
2412 519 2597 575 Davidi
2630 557 2644 580 ,
2688 525 2741 571 et
2787 515 2908 586 ejus
2953 508 3290 581 comitibus,
3342 505 3651 558 concedens

399 619 492 682 ζον
520 619 734 689 ἐφρόνει
767 618 866 688 τῆς
893 617 995 670 τῶν
1027 616 1237 670 πολλῶν
1269 615 1536 680 διανοίας.

471 799 934 870 Πυνθανόμειοος
979 795 1068 858 δὲ,
1115 799 1167 850 el
1197 797 1426 866 καθαρὰ
1453 795 1527 850 τὰ
1559 793 1840 864 παιδάρια
1859 795 1976 848 ἀπὸ

400 892 706 962 γυναικόφ
764 887 1020 960 Παρέστη
1076 898 1139 953 ⁸,
1193 887 1275 940 ὅτι
1329 887 1363 957 ή
1418 885 1728 957 καθαρότης
1803 886 1895 938 καὶ
1945 887 1978 956 ὴ

403 982 599 1050 ἁγνεία
638 981 914 1051 ἰσοτίμους
943 980 1058 1041 τοῖς
1092 977 1299 1048 ἱερεῦσι
1331 979 1495 1030 ποιεῖ.

474 1075 632 1129 Κατὰ
671 1071 942 1144 ἐρώτησιν
979 1069 1273 1138 ἀνάγνωθι,
1317 1067 1598 1122 τουτέστιο
1631 1069 1743 1122 Καὶ
1774 1066 1979 1136 ταύτην

403 1167 504 1236 τὴν
533 1164 650 1219 ὁδὸν
676 1163 894 1218 καλέσοι
921 1161 984 1215 ἄν
1018 1179 1102 1224 τις
1137 1159 1364 1231 βέὕηλον
1386 1199 1401 1224 ,
1430 1159 1552 1228 ἥτις
1605 1157 1865 1226 ἡγίασται
1893 1155 1982 1209 διὰ

403 1261 474 1310 τὰ
510 1255 678 1326 σκεύη
715 1273 842 1326 μου,
873 1253 1120 1308 τουτέστι
1163 1255 1262 1319 τὴν
1304 1249 1580 1326 ἐξόπλισίν
1626 1258 1754 1318 μου,
1799 1249 1895 1301 καὶ
1920 1248 1982 1301 τὸ

406 1347 500 1400 ἐπὶ
530 1345 765 1417 πόλεμόν
791 1363 857 1416 με
875 1345 1133 1409 ἀπιέναι;
1161 1343 1330 1412 Δῆλον
1349 1343 1413 1394 ὲκ
1446 1339 1663 1403 τούτου,
1687 1340 1760 1404 ὡς
1795 1357 1984 1392 σκευο-

407 1440 567 1511 φόροι
599 1439 752 1502 δντες
784 1439 835 1490 oi
870 1436 1080 1500 παῖδες,
1115 1435 1211 1488 καὶ
1233 1435 1301 1487 τὰ
1325 1433 1464 1486 ὅπλα
1507 1432 1672 1486 αὐτοῦ
1699 1432 1984 1502 βαστάζον-

404 1549 515 1596 τες,
539 1529 842 1600 ήγνίζοντο,
873 1527 1109 1594 ἐξιόντος
1135 1526 1300 1579 αὐτοῦ
1325 1524 1418 1579 ἐπὶ
1443 1523 1678 1594 πόλεμον
1701 1524 1752 1578 ι).
1784 1525 1906 1577 ’Ότι
1928 1524 1985 1576 δὲ

405 1625 473 1677 τὰ
501 1623 766 1694 παιδάρια
787 1621 1118 1694 ἠκολούθουν
1149 1617 1298 1690 αὐτῷ
1329 1617 1403 1680 ὡς
1435 1619 1788 1689 σκευοφόροι,
1826 1619 1984 1688 δῆλον

406 1718 471 1768 ἐκ
493 1715 724 1780 πολλῶν,
763 1716 856 1768 καὶ
882 1714 1019 1779 τέως
1041 1715 1107 1768 ἐκ
1142 1713 1239 1767 τοῦ
1271 1715 1454 1779 τέλους
1487 1715 1586 1784 τῆς
1622 1713 1846 1785 πρώτης
1878 1716 1985 1768 τῶν

411 1806 729 1870 Βασιλειῶν,
784 1805 914 1860 ἔνθα
956 1807 1121 1878 φησί·
1161 1826 1180 1859 ι
1214 1808 1326 1860 Καὶ
1375 1803 1497 1860 εἷπε
1529 1807 1703 1861 Σαοὺλ
1731 1807 1870 1876 πρὸς
1895 1806 1987 1860 τὸν

2083 611 2266 666 cibum
2299 619 2575 675 sanctum,
2609 618 2664 663 et
2693 603 3084 677 pontiﬁcalem,
3119 601 3242 671 plus
3265 612 3427 668 quam
3462 598 3654 665 vulgus

2084 701 2352 771 sapiebat.

2155 790 2322 845 Vens.
2355 791 2410 844 4.
2464 789 2836 857 Interrogans,
2887 801 2956 839 an
3001 782 3124 852 puri
3170 797 3201 833 α
3235 778 3453 831 muliere
3507 775 3658 842 pueri
3725 841 3732 848 ι

2081 880 2545 940 essent.Ostcndit
2571 877 2922 933 sanctitatem
2971 883 3026 928 et
3051 867 3441 925 castimoniam
3465 863 3656 920 eodem

2084 991 2187 1030 nos
2218 989 2342 1028 cum
2378 969 2734 1042 pontiﬁcibus
2769 969 2976 1021 ltouore
3016 961 3216 1033 dignos
3243 957 3478 1013 efficere.

2157 1041 2555 1132 Interrogando
2595 1060 2709 1113 haec
2747 1057 2898 1116 eifer,
2950 1053 3099 1108 hunc
3135 1052 3188 1104 in
3223 1048 3483 1102 modum:
3516 1041 3656 1096 Num

2083 1157 2209 1226 quis
2242 1153 2524 1223 profanam
2559 1147 2915 1220 appellaverit
2970 1144 3112 1198 hanc
3169 1143 3334 1204 viam,
3367 1151 3489 1208 quae
3533 1149 3661 1189 san-

2084 1245 2322 1301 ctiﬁcata
2353 1252 2545 1312 estper
2575 1254 2702 1293 vasa
2734 1252 2875 1298 mea,
2910 1234 2964 1289 id
2989 1241 3070 1288 est
3099 1242 3434 1285 armaturam
3461 1239 3658 1287 meam,

2086 1351 2190 1391 nec
2225 1351 2333 1388 non
2363 1349 2429 1388 eo
2463 1331 2607 1402 quod
2639 1329 2705 1382 ad
2739 1327 2942 1382 bellum
2979 1323 3301 1393 proﬁciscor
3327 1339 3342 1375 ι
3371 1319 3514 1372 umle
3561 1331 3659 1384 ap-

2085 1436 2242 1498 paret
2285 1439 2478 1482 servos
2527 1422 2650 1492 ejus
2689 1419 2810 1491 qui,
2857 1419 2978 1488 ipso
3011 1416 3076 1470 ad
3113 1411 3424 1468 faciendum
3458 1409 3658 1464 bellum

2087 1517 2506 1590 progrediente,
2551 1527 2682 1567 vasa
2738 1521 2905 1580 atque
2948 1521 3100 1561 arma
3148 1505 3268 1576 ejus
3329 1501 3660 1572 portabant,

2087 1609 2464 1666 sanctiﬁcatos
2537 1620 2683 1662 esse.
2749 1600 2906 1669 Quod
2964 1608 3147 1653 autem
3212 1593 3460 1650 nonnulli
3517 1591 3661 1648 servi

2088 1704 2268 1772 ipsum
2295 1699 2472 1756 secuti
2504 1697 2617 1752 sint
2645 1711 2774 1750 vasa
2801 1699 3102 1764 gestantes,
3133 1698 3330 1760 praeter
3360 1685 3528 1739 multa
3559 1683 3664 1736 alia

2087 1794 2496 1848 demonstratur
2515 1803 2579 1843 ex
2601 1787 2706 1842 ﬁne
2725 1782 2889 1855 primi
2913 1781 3225 1850 Regnorum
3245 1777 3396 1838 libri,
3422 1775 3514 1828 ubi
3536 1773 3669 1843 legi-

410 1897 636 1970 αἴροντα
664 1898 734 1952 τὰ
771 1898 941 1970 σκεύη
971 1897 1136 1953 αὐτοῦ
1158 1911 1169 1922 ·
1189 1899 1401 1954 Σπάσαι
1447 1899 1550 1970 τὴν
1588 1899 1861 1970 ῥομφαίαν
1893 1915 1986 1951 σου

2116 1901 2216 1937 ur:
2253 1902 2270 1934 ι
2313 1880 2379 1934 Et
2401 1880 2537 1935 dixit
2575 1877 2709 1932 Saul
2733 1876 2797 1930 ad
2829 1891 2954 1929 eum
2997 1871 3089 1940 qui
3119 1870 3294 1939 ipsius
3323 1880 3452 1920 vasa
3479 1871 3668 1934 porta-

411 1954 507 2044 κοὶι
540 1954 1014 2060 ἀποκέντησόν’με
1053 1993 1110 2044 ὲν
1148 1991 1310 2062 αὐτῇ.
1355 2009 1373 2043 ι
1409 1954 1519 2045 Καί
1556 1954 1719 2058 arabat.
1745 1991 1805 2043 τὸ
1839 1991 1989 2054 τέλος

2116 1983 2181 2027 »ιιι
2204 1993 2218 2028 :
2245 1973 2465 2042 Stringe
2494 1970 2734 2041 gladium
2771 1975 2924 2020 tuum
2953 1977 3129 2032 eoque
3162 1975 3250 2014 me
3283 1954 3538 2026 transﬁge
3567 1954 3608 2006 ’.
3644 1970 3663 2002 ι
3758 1974 3764 1980 -

411 2085 514 2154 τῆς
539 2045 994 2155 δευτέραςιφησίν
1021 2085 1078 2138 ἐν
1115 2087 1179 2155 τῇ
1207 2045 1586 2155 ἀπαριθμήσει
1611 2045 1719 2138 τῶν
1747 2045 1990 2137 δυνατῶν

2116 2069 2156 2120 Et
2182 2081 2376 2120 versus
2406 2064 2570 2118 ﬁnem
2613 2059 2844 2118 secundi
2877 2057 3044 2120 libri,
3091 2053 3184 2106 ubi
3213 2052 3484 2121 primores
3510 2045 3670 2099 Davi-

411 2137 508 2229 τοῦ
536 2137 740 2230 Δαϐίέ·
779 2196 798 2228 ι
835 2137 1048 2248 Ϋέλωρὲ
1073 2179 1102 2230 δ
1146 2137 1460 2247 ἓηρωθαίος
1483 2137 1672 2247 ἀἴρων
1719 2176 1788 2228 τὰ
1819 2175 1990 2243 σκεύη

2116 2159 2175 2214 lis
2206 2163 2590 2220 recensentur,
2625 2152 2740 2206 haec
2784 2149 2998 2204 habes:
3050 2163 3068 2196 ι
3109 2143 3308 2198 Gelore
3352 2137 3670 2193 Berotltazus

427 2267 588 2321 Ἰωὰὄ
619 2267 736 2321 υἱοῦ
787 2267 1044 2340 Σαρουῖα.
1085 2288 1102 2320 ι
1157 2267 1328 2320 Τοῦτο
1373 2263 1470 2322 οὖν
1513 2251 1668 2334 ’λέγει
1699 2264 1934 2320 ἐνταῦθα
1963 2264 1992 2315 ὁ

419 2359 584 2412 Δαϐίδ
605 2375 618 2388 ⁸
651 2357 998 2428 Ἥγνισμένοι
1031 2358 1168 2411 εἰσὶν
1198 2361 1246 2411 οἱ
1284 2358 1496 2421 παῖδες,
1530 2357 1620 2410 διὰ
1642 2357 1700 2409 τὸ
1734 2355 1994 2422 σκευοφό·

427 2471 550 2523 ρους
587 2453 784 2516 αὐτοὺς
807 2446 965 2518 εἶναι,
1002 2453 1050 2506 εἰ
1079 2451 1262 2505 καὶτὰ
1287 2451 1521 2520 μάλιστα
1543 2449 1637 2505 νῦν
1662 2450 1750 2504 διὰ
1775 2450 1835 2504 τὸ
1861 2449 1991 2518 φεύ-

427 2557 564 2609 γειν,
598 2541 736 2594 ὅπλα
757 2535 1206 2610 οὐκὶπεφέρετο.
1241 2539 1303 2594 C.
1347 2539 1408 2592 L.

497 2631 615 2685 Τῶν
639 2632 820 2701 μέντοι
852 2633 964 2695 τοῖς
987 2629 1223 2700 ἱερεῦσιν
1242 2630 1550 2700 ἀπονενεμη
1561 2628 1734 2700 μένων
1760 2627 1997 2698 μεταλαο

425 2721 533 2774 ὁὼν
556 2725 582 2776 ὁ
617 2722 799 2788 Δασὶδ,
832 2721 1136 2793 προύδήλου
1182 2721 1283 2790 τὴν
1323 2721 1458 2774 πᾶσι
1520 2719 1998 2794 προτεθησομένην

423 2817 538 2879 τοῖς
559 2815 808 2868 εὐσεϐέσι
830 2815 1106 2886 τράπεζαν
1140 2814 1428 2886 μυστικήν.
1467 2811 1572 2866 Τοῦ
1597 2813 1707 2883 γὰρ
1740 2816 2000 2865 Δεσποτι-

425 2905 523 2960 κοῦ
571 2905 824 2976 σώματος
869 2907 1068 2977 ὁμοίως
1126 2905 1634 2976 μεταλαμϐάνουσιν
1687 2909 1853 2976 ἱερεῖς
1909 2910 2004 2962 καὶ

423 2999 544 3052 λαοὶ
578 3009 624 3066 ο,
659 2999 775 3052 ὅσοι
807 2999 1070 3069 μετέσχον
1103 2997 1196 3052 τοῦ
1237 2997 1380 3052 θείου
1411 2997 1810 3070 βαπτίσματος.

2091 2253 2185 2322 qui
2227 2249 2477 2320 portabat
2505 2261 2633 2301 vasa
2662 2243 2820 2306 Joab,
2869 2241 2965 2295 ﬁlii
3011 2237 3218 2293 Sarvite
3249 2233 3316 2288 ¹⁰.
3358 2251 3377 2284 ι
3415 2229 3529 2284 Hoc
3566 2229 3671 2299 igi-

2094 2321 2182 2397 tur
2215 2341 2382 2395 David
2435 2340 2609 2395 dicit:
2648 2333 2995 2391 Sanctiﬁcati
3039 2337 3169 2385 sunt
3219 2325 3365 2382 servi
3414 2339 3480 2378 eo
3525 2321 3670 2391 quod

2094 2447 2225 2488 Vasa
2257 2431 2474 2486 ferunt:
2515 2426 2766 2498 quamvis
2797 2438 2947 2478 nunc
2979 2420 3238 2490 quidem,
3275 2413 3407 2485 quia
3454 2412 3510 2466 in
3547 2411 3671 2478 fuga

2095 2535 2270 2585 erant.
2304 2536 2454 2577 arma
2489 2535 2597 2573 non
2629 2515 2988 2572 inferrentur.

2168 2615 2324 2683 Quod
2381 2620 2562 2668 autem
2625 2606 2795 2662 David
2854 2619 3070 2666 eorum,
3127 2613 3250 2670 qua:
3295 2593 3676 2653 sacerdotibus

2099 2711 2377 2779 assignata
2434 2711 2630 2766 erant,
2679 2699 2952 2772 particeps
3013 2693 3192 2748 factus
3244 2699 3366 2753 est,
3421 2685 3678 2742 omnibus

2100 2775 2498 2871 piis‘mensam
2553 2794 2840 2864 mysticam
2895 2781 3304 2858 proponendant
3365 2792 3493 2834 esse
3551 2775 3681 2830 inde

2105 2886 2456 2944 manifestum
2481 2893 2588 2939 est.
2613 2879 2900 2936 Dotninieo
2930 2877 3074 2933 enim
3109 2887 3342 2943 corpore
3365 2867 3682 2925 sacerdotes

2105 2983 2330 3054 pariter,
2361 2989 2416 3034 et
2441 2977 2564 3032 laici
2593 2975 2948 3046 participant,
2994 2971 3268 3040 quotquot
3330 2959 3474 3018 sacri
3505 2958 3682 3028 bapti-

2109 3047 2302 3133 smatis
2333 3072 2630 3145 participes
2662 3067 2790 3122 facti
2825 3072 2974 3122 sunt.
3512 3047 3522 3058 ’

498 3173 814 3244 Ἐλεύθερον
847 3174 904 3226 δὲ
948 3173 1040 3227 τὸν
1083 3173 1247 3227 Δαὸὶδ
1275 3173 1376 3245 τῆς
1405 3175 1468 3228 ὲκ
1507 3175 1600 3228 τοῦ
1645 3177 1839 3244 φαγεῖν
1872 3193 1997 3230 κατ·

2183 3166 2439 3221 Davidem
2475 3178 2542 3217 eo
2571 3158 2718 3231 quod
2755 3155 3080 3220 comederit,
3125 3151 3334 3207 nullam
3367 3145 3686 3202 accusatio-

2465 3255 2476 3258 -
2717 3251 2728 3258 ,
2861 3245 2892 3258 η
2939 3247 2949 3258 ,
3031 3256 3040 3258 _
3162 3243 3176 3258 ,
3593 3233 3684 3258 μμ

423 3265 654 3338 ηγορίας
681 3267 774 3318 καὶ
803 3268 830 3319 ὁ
853 3265 1044 3335 Σωτὴρ
1075 3264 1294 3330 ἔδειξεν,
1337 3267 1414 3328 είς
1446 3265 1545 3335 τὴν
1591 3266 1731 3337 ὑπὲρ
1762 3266 1870 3320 τῶν
1903 3286 2006 3335 μα-

429 3355 609 3426 θητῶν
639 3353 936 3422 ἀπολογίαν
959 3355 1119 3408 τοῦτο
1147 3353 1385 3425 εἰρηκὼς
1413 3357 1474 3408 τὸ
1507 3355 1773 3427 διήγημα.
1811 3358 1870 3413 C.
1905 3358 1967 3414 L.

501 3535 609 3590 Καὶ
633 3535 672 3602 ἡ
695 3534 834 3601 ὁδὸς
864 3535 1014 3602 αὕτη
1031 3535 1321 3601 βέϐηλος.
1351 3534 1559 3600 Εἰπὼν,
1577 3536 1660 3590 ὅτι
1694 3539 1842 3606 τρεῖς
1871 3538 2007 3607 ἡμέ-

431 3643 532 3698 ρας
557 3627 877 3698 ήγνεύκασι,
912 3626 1297 3698 προστέθεικεν
1357 3627 1438 3681 ὅτι
1476 3627 1564 3681 διὰ
1584 3627 1682 3698 τὴν
1715 3632 2009 3697 προκειμέ-

430 3738 528 3788 νην
559 3718 876 3788 ἀναγκαίως
914 3720 1012 3789 τῆς
1052 3720 1204 3790 ἱερᾶς
1232 3721 1442 3790 τροφῆς
1475 3720 1880 3796 μεταλήψεται,
1927 3731 2007 3796 ὡς

427 3813 494 3865 ἂν
526 3812 616 3865 ὑπ’
644 3811 816 3881 αὐτῆς
837 3811 1179 3882 κρατυνθεὶς,
1204 3814 1273 3865 τὰ
1301 3791 1634 3883 προκείμενά
1661 3791 2003 3888 κατορθῶσῄ.

331 3921 334 3924 ’
429 3905 502 3958 Τὸ
544 3905 601 3956 δὲ
625 3904 924 3971 βέϐηλον,
967 3904 1068 3956 οὐκ
1109 3904 1202 3956 ἐπὶ
1231 3904 1324 3957 τοῦ
1355 3905 1696 3974 ἀκαθάρτου
1739 3907 2006 3972 τέθεικεν,

427 3997 545 4049 ἀλλ’
576 3997 668 4049 ἐπὶ
711 3996 806 4050 τοῦ
852 3996 940 4064 μὴ
998 3996 1181 4064 ἱεροῦ,
1217 3997 1338 4050 ὅθεν
1371 3997 1466 4050 καὶ
1508 3997 1740 4062 Ἀκύλας
1781 3999 2010 4066 Jahrh?

427 4087 712 4152 ἐξέδωκεν.
763 4088 1079 4151 Τουτέστιν,
1119 4089 1168 4140 εί
1216 4089 1310 4141 καὶ
1343 4089 1520 4158 ἱερεὺς
1567 4089 1669 4142 οὐκ
1691 4091 1828 4158 εἰμί,
1873 4091 2010 4144 ἀλλὰ

430 4180 778 4250 προφητικῆς
801 4180 1076 4250 τετύχηκα
1096 4181 1338 4250 χάριτος.
1367 4179 1543 4250 Σκεύη
1569 4181 1678 4252 γὰρ
1695 4182 1874 4234 αὐτῶν
1915 4183 2010 4237 καὶ

429 4270 728 4336 πανοπλία,
755 4272 788 4340 ἡ
823 4269 1173 4340 πνευματικὴ
1205 4267 1404 4338 δωρεά.

501 4445 622 4500 ’Ὁτι
655 4447 769 4500 οὐκ
800 4444 972 4500 ἐστιν
1009 4445 1180 4513 ἑτέρα
1212 4446 1418 4514 ’παρὲξ
1452 4445 1643 4513 αὐτῆς
1693 4440 1830 4502 ὦδε.
1873 4449 2011 4503 Οὐδὲ
2044 4426 2049 4432 ⁸

2113 3275 2236 3315 nem
2272 3255 2574 3312 incurrisse
2595 3293 2610 3316 ,
2659 3251 2826 3305 etiam
2860 3245 3115 3302 Salvator
3145 3237 3568 3302 demonstravit,
3593 3233 3686 3288 ubi

2115 3361 2174 3406 ttt
2197 3348 2500 3419 discipulos
2526 3358 2659 3401 suos
2688 3339 3028 3401 defenderet,
3049 3335 3216 3406 hujus
3243 3331 3322 3389 rei
3351 3329 3686 3386 mentionem

2115 3443 2265 3496 fecit.

2187 3531 2360 3586 Vens.
2387 3529 2441 3584 5.
2491 3529 2556 3583 Et
2601 3529 2686 3582 via
2710 3529 2823 3580 Iuro
2866 3523 3115 3589 impura,
3162 3525 3213 3570 et
3257 3511 3511 3583 profana.
3549 3506 3688 3560 Cum

2115 3624 2182 3678 ad
2237 3633 2352 3676 tres
2404 3621 2525 3675 dies
2583 3616 2966 3672 sanetiﬁeatos
3012 3623 3136 3665 esse
3182 3605 3450 3668 dixissel,
3488 3596 3692 3665 adjecit

2115 3730 2176 3770 se
2219 3715 2282 3767 ad
2339 3713 2444 3766 iter
2496 3709 2839 3784 propositum
2889 3699 3330 3760 conﬁciendum,
3375 3690 3692 3762 impellente

2115 3807 2469 3868 neceSsitate,
2508 3803 2650 3858 sacri
2685 3801 2792 3855 cibi
2831 3805 3040 3868 partem
3077 3799 3438 3860 accepturum
3464 3786 3694 3846 esse,ut

2117 3899 2449 3953 necessitate
2485 3897 2665 3948 victus
2709 3907 2822 3946 rem
2870 3896 3194 3960 praesentem
3243 3879 3599 3936 defenderet,
3639 3883 3693 3926 et

2115 3990 2436 4059 corrigeret.
2464 3985 2924 4056 Béﬁnlovmutetu
2951 3994 3060 4034 non
3090 3991 3187 4046 pro
3219 3971 3556 4041 ἀκαθάρτου.
3587 3964 3686 4019 sed

2116 4098 2214 4152 pro
2255 4057 2328 4151 μὴ
2374 4078 2546 4151 ἱεροῦ,
2583 4077 2635 4130 id
2672 4083 2787 4137 est,
2825 4088 2934 4128 non
2990 4076 3218 4149 sancto,
3272 4065 3477 4133 posuit.
3531 4057 3692 4113 Unde

2115 4143 2506 4241 Aquila-etiam
2547 4169 2739 4222 laicam
2763 4161 3036 4234 exposuit,
3073 4143 3176 4212 lioe
3215 4165 3298 4210 est
3323 4171 3336 4208 :
3363 4153 3476 4206 Etsi
3515 4163 3696 4204 sacer-

2117 4263 2216 4317 dos
2251 4277 2356 4316 non
2387 4261 2490 4315 sim
2523 4297 2538 4320 ,
2592 4258 2796 4312 donum
2837 4250 3219 4324 propheticum
3277 4243 3510 4310 adeptus
3550 4251 3694 4292 sum.

2118 4355 2261 4408 Vasa
2294 4355 2438 4408 cnim
2467 4351 2611 4421 ejus.
2648 4357 2702 4404 et
2735 4354 3036 4404 armatura,
3081 4341 3285 4394 donum
3324 4331 3632 4404 spirituale.

2189 4447 2360 4500 Vens.
2400 4444 2454 4496 9.
2502 4419 2636 4496 Non
2694 4441 2836 4494 alius
2868 4447 2941 4491 est
2991 4437 3074 4487 hic
3114 4440 3306 4500 pra’ter
3359 4428 3518 4479 hunc.
3580 4419 3696 4474 Non

425 4541 538 4610 γὰρ
572 4539 701 4610 ἐξῆν
737 4541 796 4592 ἐν
825 4541 890 4609 τῇ
927 4541 1098 4610 σκηνῇ
1156 4539 1252 4592 τοῦ
1303 4539 1438 4591 Θεοῦ
1487 4539 1840 4594 ἀποτίθεσθαι
1871 4543 1997 4596 ὅπλα

2119 4540 2266 4594 enim
2299 4539 2380 4592 fas
2411 4545 2554 4595 erat,
2593 4533 2645 4586 in
2681 4528 3042 4584 tabernaculo
3071 4520 3280 4576 Domini
3316 4533 3470 4573 arma
3496 4514 3696 4567 bellica

429 4630 725 4700 πολεμικά.
764 4628 910 4699 Αθτη
943 4629 1052 4698 γὰρ
1072 4628 1320 4681 ἀνέκειτο
1348 4629 1740 4698 χαριστήριον
1772 4633 1848 4696 είς
1878 4635 2014 4702 μνή-

435 4737 542 4792 μην
569 4721 666 4790 τῆς
697 4721 855 4792 νίκης
888 4718 964 4788 τῷ
989 4719 1089 4787 τὴν
1123 4717 1280 4786 νίκην
1313 4718 1708 4791 δωρησαμένῳ.

500 4905 607 4958 Καὶ
633 4905 1050 4973 προσεποιεῖτο
1073 4904 1142 4958 ἐν
1164 4903 1238 4972 τῇ
1262 4905 1450 4974 ἡμέρᾳ
1478 4906 1702 4976 ἐκείνῃ,
1721 4910 1820 4962 καὶ
1835 4911 2010 4980 ἐτυμ-

433 4994 694 5057 πάν·ιᾷν.
709 4997 964 5062 Ἀκύλας,
991 4999 1268 5066 παρείετο
1297 4999 1396 5052 καὶ
1432 4999 1864 5069 προσέκρουεν.

995 5173 1248 5228 ΚΕΦΑΛ.
1297 5174 1428 5232 KB'.

503 5262 914 5332 Δυσσεϐεστέρα
933 5262 988 5315 δὲ
1007 5261 1116 5315 τῶν
1141 5263 1318 5318 ἄλλων
1341 5265 1374 5334 ή
1397 5265 1539 5320 κατὰ
1561 5266 1668 5320 τῶν
1701 5270 1892 5337 ἱερέων
1916 5272 2008 5324 τοῦ

434 5347 609 5401 Σαοὺλ
638 5346 706 5400 αὖ
719 5365 778 5418 τη
815 5350 1114 5417 μιαιφονία.
1145 5350 1252 5404 Τοῦ
1287 5351 1384 5421 μὲν
1415 5353 1524 5424 γὰρ
1555 5355 1689 5408 Θεοῦ
1717 5357 1888 5429 ἄρδην
1920 5360 2012 5414 τὸν

447 5439 693 5512 Ἀμαλὴκ
725 5441 989 5510 ἀφανίσαι
1032 5443 1460 5514 προστεταχότος
1487 5487 1501 5514 ,
1549 5450 1888 5520 παρήκουσε,
1919 5456 2014 5509 καὶ

502 5592 690 5666 'llteg.
733 5613 888 5662 xxxi,
914 5600 975 5654 4.
1088 5598 1129 5629 ¹⁰
1161 5597 1203 5650 ll
1242 5599 1374 5670 Reg.
1401 5617 1558 5664 χχιιι,
1589 5603 1680 5658 57.

2119 4646 2404 4699 reponere.
2458 4628 2558 4680 llic
2593 4632 2774 4678 autem
2822 4619 3040 4692 gladius
3074 4621 3194 4670 erat
3228 4609 3588 4683 χαριστήριον
3619 4603 3697 4671 (id

2117 4732 2244 4787 est,
2315 4735 2518 4774 munus
2573 4716 2876 4786 repositum
2931 4712 2983 4764 in
3037 4705 3362 4762 memoriam
3430 4695 3696 4763 victoriae)

2120 4815 2251 4879 Deo,
2283 4814 2380 4884 qui
2414 4809 2704 4867 victoriam
2743 4804 2916 4875 gratis
2942 4800 3278 4881 contulerat.

2196 4880 2358 4960 Vens.
2393 4903 2480 4956 10.
2528 4900 2595 4954 Et
2624 4896 2916 4954 simulabat
2943 4880 2997 4948 in
3025 4893 3109 4946 die
3135 4890 3255 4951 illa,
3295 4897 3343 4940 et
3370 4880 3697 4938 verberabat.

2116 4999 2337 5066 Aquila,
2367 4996 2628 5064 παρείετο
2653 4991 2746 5044 καὶ
2770 4988 3159 5059 προσέκρουεν,
3189 4983 3240 5036 id
3293 4985 3380 5035 est
3410 4974 3596 5028 aderat
3651 4980 3699 5022 et

2117 5087 2478 5158 reprimebat;
2516 5086 2623 5149 vel,
2651 5083 3000 5154 percutiebat.

2740 5171 2892 5228 CAP.
2926 5165 3096 5222 XXII.

2193 5270 2320 5327 llaec
2355 5271 2409 5324 in
2442 5267 2762 5326 sacerdotes
2787 5260 3089 5321 commissa
3121 5271 3150 5309 a
3175 5253 3339 5308 Saule
3370 5249 3547 5304 credes
3577 5262 3696 5299 0m-

2121 5365 2273 5418 nium
2305 5365 2543 5416 maxime
2596 5353 2959 5413 exsecrabilis
2997 5355 3102 5404 est.
3146 5346 3282 5399 Cum
3331 5343 3476 5398 enim
3511 5354 3540 5392 ει
3592 5338 3702 5394 Deo

2123 5454 2454 5510 Amalceitas
2483 5451 2748 5507 radicitus
2773 5453 3020 5502 evertere
3049 5442 3242 5510 jussus
3271 5444 3440 5497 esset,
3479 5433 3535 5484 ἰιι
3569 5430 3700 5484 obe-

1759 5694 1991 5748 VARIAS
2019 5693 2424 5752 LECTIONES.

479 5790 503 5858 ἦ
533 5781 591 5830 (ι.
619 5777 679 5831 L.
717 5779 973 5858 rapina.
1090 5781 1167 5834 re
1201 5783 1308 5858 ἀπὸ
1336 5784 1450 5848 τοῦ,
1483 5785 1563 5837 ὅτι
1589 5785 1662 5851 δὲ,
1690 5785 1814 5855 ἄχρι
1845 5782 1960 5848 τοῦ,
1985 5785 2012 5836 ὁ
2041 5784 2226 5854 Δαϐὶδ,
2268 5786 2328 5838 οὐ
2359 5785 2603 5858 nep-.513:
2661 5786 2688 5837 ὁ
2721 5784 2816 5853 τῆς
2845 5781 2974 5850 Ᾱῦγ.
3013 5782 3142 5834 κωδ.
3217 5790 3236 5818 ε
3265 5779 3330 5834 C.
3361 5776 3421 5832 Ιι.
3449 5769 3516 5848 ἧς
3549 5773 3702 5842 κοινῇ

437 5849 632 5913 πάντες
673 5836 972 5920 [xiiii/.0313";
1004 5855 1050 5905 οἱ
1084 5855 1282 5908 πιστοί.
