3992 6400
289 422 418 492 1113

1321 437 1855 498 COMMENTARII
1897 439 1977 498 IN
2022 442 2167 500 LIB.
2209 443 2529 506 IBEGUM

3405 450 3538 516 1114

215 610 220 616 .
289 537 527 593 ἐναντίον
550 535 650 608 τῷ,
681 555 700 590 ι
732 537 792 592 Ei
814 538 1170 595 ἁνταπέδωκα
1206 545 1318 606 τοῖς
1336 546 1748 600 ἀνταποδιδοῦσί
1773 566 1864 616 μοι

1995 566 2161 607 ιιιεοιιι
2195 568 2308 608 suae
2340 556 2638 623 impietatis
2681 555 2942 612 invidiam
2991 558 3240 622 habebat,
3269 577 3430 630 quam
3470 581 3539 619 ex

287 629 454 684 κακά·
483 647 502 680 ι
537 631 604 684 τὸ
630 631 702 699 μὴ
740 633 900 700 μόνον
925 631 1261 700 αὐτὸν,ἁλλὰ
1280 637 1513 702 καὶτοὺς
1540 639 1703 692 αὐτοῦ
1725 641 1862 693 πάν-

285 736 383 779 τας
415 715 624 772 ἀνελεῖν
669 723 1112 791 κατεπείγεσθαι.
1163 727 1302 797 Πρὸς
1343 727 1372 780 ὃ
1401 728 1613 800 ῥητέον,
1640 728 1714 793 ὡς
1743 731 1862 784 οὐδὲ

289 811 668 864 ἀνταπέδωκεν
691 815 756 866 ἐκ
786 814 883 884 τῆς
904 814 998 868 τοῦ
1027 816 1162 872 Θεοῦ
1187 821 1568 891 κεκωλυμένος
1586 823 1858 894 προνοίας,

289 903 384 974 τῆς
411 904 478 956 τὰ
527 903 635 956 τῶν
669 905 840 972 ἁγίων
870 908 1296 981 ἀναπληρούσης
1343 912 1702 984 ἐλλείμματα.
1764 916 1864 970 Διά

289 994 454 1048 ταῦτα
475 997 618 1066 τάχα
631 997 794 1068 φησίν
813 1015 827 1029 ·
854 999 1025 1064 «Ἐγὼ
1041 1001 1096 1053 δὲ
1123 997 1274 1054 εἷπον
1297 1004 1354 1054 ἐν
1385 1006 1449 1074 τῇ
1480 1004 1704 1075 εὐθηνίᾳ
1725 1022 1852 1072 μου,

293 1089 365 1141 Οὐ
392 1086 466 1158 μὴ
492 1087 738 1142 σαλευθῶ
761 1092 840 1153 είς
861 1092 952 1144 τὸν
975 1093 1165 1149 αἰῶνα.
1199 1095 1392 1168 Κύριε,
1417 1099 1472 1148 ὲν
1495 1096 1571 1166 τῷ
1597 1096 1864 1168 θελήματι

293 1195 384 1232 σου
417 1178 701 1250 παράσχου
738 1181 816 1252 τῷ
841 1184 1028 1238 κάλλει
1069 1203 1170 1255 μου
1204 1187 1455 1256 δύναμινι
1487 1188 1866 1258 Ἀπέστρεψας

290 1273 344 1326 δὲ
371 1272 432 1326 τὸ
467 1273 760 1344 πρόσωπόν
790 1293 906 1342 σου,
948 1279 1040 1332 καὶ
1073 1279 1338 1350 ἐγενήθην
1369 1283 1794 1352 τεταραγμένος.
1842 1302 1860 1333 ι

293 1363 533 1417 Γίνονται
561 1363 668 1436 γὰρ
695 1367 1134 1436 ἐγκαταλείψεις,
1167 1371 1298 1442 πρὸς
1329 1371 1389 1424 τὸ
1423 1372 1496 1442 μὴ
1521 1373 1644 1436 τοὺς
1677 1374 1865 1441 ἁγίους

292 1455 632 1524 ἐπαίρεσθαι,
661 1455 737 1520 ὡς
761 1457 950 1528 Πέτρῳ
975 1460 1123 1530 παρὰ
1146 1464 1242 1532 τὴν
1269 1462 1518 1533 ἄρνησιν,
1552 1466 1643 1517 καὶ
1666 1465 1864 1533 Παύλῳ

292 1545 519 1613 ἄγγελος
553 1547 752 1602 Σατᾰν.
790 1549 882 1602 Διὸ
920 1551 1014 1602 καὶ
1045 1551 1104 1604 τὸ
1133 1555 1196 1622 τῇ
1234 1553 1458 1623 προνοίᾳ
1487 1553 1869 1623 διλκονισάμε-

295 1652 380 1688 νον
411 1635 638 1702 γύναιον
674 1639 1130 1709 ὑπερηγάπησεν,
1179 1643 1254 1706 ὡς
1297 1644 1464 1710 είκὸς,
1497 1644 1573 1707 ὡς
1614 1645 1867 1714 ἐμποδὼν

293 1726 438 1797 αὑτῷ
475 1730 777 1800 γενομένην
828 1731 920 1784 τοῦ
973 1733 1200 1794 πάθους.
1251 1734 1324 1787 Τὸ
1356 1733 1412 1786 δὲ
1450 1735 1661 1797 Νσϐἁλ,
1695 1736 1867 1808 ἑρμη-

293 1815 506 1870 νεύεται
537 1818 854 1888 ἀφροσύνη
876 1838 890 1851 ·
922 1821 998 1884 ὡς
1045 1824 1138 1875 καὶ
1174 1823 1308 1894 γυνή
1342 1841 1498 1894 φησι,
1559 1826 1655 1878 καὶ
1691 1829 1723 1898 ή
1759 1827 1869 1880 τῶν

1971 654 2115 696 metu
2179 645 2465 699 amittendi
2527 649 2684 718 regni
2749 659 3094 721 conceperat.
3173 651 3540 710 Nihilominus

1972 742 2153 787 tamen
2184 743 2386 803 pugnat
2411 751 2534 790 cum
2576 738 2707 793 illo:
2741 757 2758 790 ι
2785 737 2840 794 Si
2886 742 3088 796 malum
3140 746 3360 813 rependi
3409 747 3540 798 Inibi

1973 822 2115 874 mala
2145 823 2546 892 inferentibus;
2586 825 2775 896 Lquod
2809 844 2916 882 non
2953 831 3113 884 modo
3148 832 3215 886 ad
3248 833 3538 904 delendum

1971 909 2230 966 Nabalem
2264 953 2277 975 ,
2339 914 2434 968 sed
2481 915 2548 968 ad
2596 925 2764 972 totam
2819 920 2984 972 etiam
3041 921 3220 988 ipsius
3272 923 3536 976 familiam

1971 1002 2404 1057 exscindendum
2451 1016 2730 1074 properat.
2785 1008 2864 1062 Ad
2917 1026 3038 1075 qtne
3075 1011 3363 1067 dicendum
3413 1023 3538 1074 est,

1973 1092 2254 1154 Davidetn,
2290 1093 2613 1161 prohibente
2644 1095 2827 1150 divina
2866 1097 3215 1154 Providentia
3249 1102 3392 1172 (qua:
3425 1103 3536 1165 illa,

1971 1198 2092 1250 qua:
2130 1183 2336 1235 Sanctis
2373 1184 2602 1246 desunt,
2651 1189 2929 1256 resarcit),
2965 1191 3166 1244 malum
3205 1208 3312 1245 non
3344 1209 3536 1262 repen-

1971 1272 2140 1325 disse.
2175 1269 2311 1324 illnc
2344 1271 2484 1326 forte
2513 1274 2645 1326 dicit
2674 1292 2686 1327 :
2718 1293 2735 1326 ι
2775 1275 2888 1328 Dixi
2928 1279 2981 1331 in
3009 1281 3341 1334 abundantia
3379 1300 3493 1335 mea
3522 1302 3534 1334 :

1972 1362 2089 1415 Non
2144 1365 2530 1419 commovebor
2594 1365 2647 1418 in
2711 1376 2998 1422 aeternum.
3057 1369 3322 1438 Domine,
3383 1373 3540 1440 juxta

1971 1458 2310 1509 voluntatem
2365 1466 2512 1510 tuam
2563 1460 2868 1525 prmstitisti
2927 1463 3095 1516 robur
3143 1464 3327 1518 decori
3387 1483 3540 1527 ineo;

1973 1554 2225 1602 avertens
2249 1547 2437 1602 faciem
2467 1558 2636 1610 tuam,
2666 1553 3030 1608 conturbatus
3054 1569 3174 1608 sum
3194 1555 3258 1608 ¹⁰.
3287 1575 3303 1605 ι
3331 1556 3545 1609 Μλιιιξιθῐ

1974 1647 2118 1699 enim
2171 1646 2224 1699 in
2275 1646 2487 1700 sanctis
2540 1648 2820 1719 reliquiae,
2865 1664 2936 1704 ne
2981 1650 3339 1705 insolescant.
3375 1651 3440 1705 Ut
3491 1653 3544 1704 in

1975 1738 2157 1802 Petro,
2219 1746 2444 1808 propter
2499 1741 2873 1808 negationem;
2947 1740 3000 1794 in
3064 1740 3256 1805 Paulo,
3319 1745 3548 1808 angelus

1978 1832 2168 1886 Satan.
2203 1829 2547 1901 Quapmpter
2596 1833 2735 1887 lianc
2767 1835 2930 1890 etiam
2980 1837 3386 1898 mulierculam,
3421 1851 3549 1904 pro-

307 1906 615 1998 Ἐϐραῖκῶν
652 1911 933 1982 ὀνομάτων
956 1914 1224 1984 ἑρμηνεία
1255 1916 1594 1985 παρέδωκεν.
1628 1912 1703 1990 τῌ
1731 1936 1868 1990 aug.-

1995 1926 2226 1982 tidentiae
2274 1925 2368 1979 Dei
2418 1925 2844 1991 inservientem,
2884 1937 2942 1981 ut
2979 1944 3076 1998 par
3108 1935 3263 1994 erat,
3305 1929 3550 1996 iiiqwnse

297 1997 489 2066 φωνῶν
514 1998 774 2064 Ἀκύλας,
807 2001 1068 2065 ἐξέδωκεν
1089 2021 1100 2034 ·
1137 2005 1479 2072 Ἆπόρευσις
1507 2009 1636 2076 μετ’
1661 2011 1864 2066 αὑτοῦ.

296 2087 400 2142 Τοῦ
440 2089 552 2160 γὰρ
580 2091 844 2162 λογισμοῦ
879 2085 1238 2166 ὑπορρέοντος
1266 2116 1322 2150 τε
1361 2099 1454 2152 καὶ
1489 2100 1870 2173 σϐεννυμένου,

293 2177 488 2248 τὸτῆς
539 2183 852 2255 ἀφροσύνης
903 2187 1112 2253 γίνεται
1165 2188 1354 2252 πάθος.
1411 2191 1662 2262 Ληφθείη
1710 2195 1756 2247 δ’
1810 2196 1874 2248 ἂν

294 2268 468 2323 ταῦτα
497 2273 586 2324 καὶ
619 2273 700 2336 είς
729 2274 821 2328 τὸν
857 2275 1071 2346 πρῶτον
1117 2278 1266 2342 λαὸν,
1308 2282 1400 2334 τὸν
1431 2282 1744 2352 ἀγνώμονα.
1785 2287 1872 2337 καὶ

299 2360 442 2413 κακὰ
473 2362 586 2415 ἀντ’
613 2363 837 2431 ἀγαθῶν
884 2367 1268 2422 ἀποδεδωκότα
1307 2372 1554 2444 Χριστῷ.
1579 2375 1671 2439 Ἐξ
1702 2368 1876 2444 οὗπερ

301 2453 335 2519 ἡ
362 2451 453 2504 τοῦ
495 2453 628 2507 Θεοῦ
661 2453 888 2526 λατρεία
923 2459 1223 2528 μετέπεσεν
1262 2463 1344 2524 είς
1387 2463 1478 2516 τὸν
1520 2463 1640 2517 νέον
1691 2465 1875 2530 Δαϐὶδ,

303 2541 368 2593 δι’
413 2543 484 2613 ἣν
533 2545 811 2609 παντελῶς
859 2547 961 2600 οὐκ
1030 2549 1300 2612 ἀπώλετο.
1355 2553 1450 2606 ἐπὶ
1497 2556 1564 2624 τῇ
1598 2555 1880 2626 ἀφροσύνῃ

308 2637 636 2710 συγγνώμην
663 2640 866 2709 λαϐὼν,
891 2643 1136 2706 εἰπόντος
1175 2643 1268 2698 τοῦ
1325 2645 1562 2716 Χριστοῦ
1583 2661 1596 2675 ο
1629 2664 1647 2695 ‹
1678 2645 1877 2715 Πάτερ,

303 2728 436 2796 ἄφες
475 2730 689 2794 αὐτοῖς’
715 2733 775 2785 οὐ
799 2734 908 2804 γὰρ
940 2733 1144 2790 οἴδασιν
1165 2733 1190 2787 ὃ
1214 2735 1480 2789 ποιοῦσιν.
1524 2753 1544 2786 ι
1572 2735 1660 2787 Ἐν
1678 2730 1759 2798 οἷς
1786 2735 1881 2806 ζη-

301 2820 402 2873 τῶν
429 2821 633 2893 βρῶμα
656 2824 752 2896 οὑχ
780 2822 958 2897 εὗρεν,
985 2827 1060 2891 ὠς
1083 2829 1202 2881 οὐδὲ
1224 2831 1282 2881 ὲν
1309 2831 1375 2900 τῇ
1405 2832 1566 2899 συκῇ,
1587 2833 1653 2900 τῇ
1685 2830 1882 2882 τυπού-

303 2928 364 2984 an
390 2914 497 2986 τὴν
520 2913 786 2972 Ἰουδαίων
808 2920 1158 2990 Συναγωγήν.
1187 2920 1250 2975 Τί
1267 2921 1468 2993 δήποτε
1497 2921 1552 2976 δὲ
1578 2920 1882 2994 ὀμωμοκὼς

295 3012 324 3063 ὁ
361 3011 536 3066 Δαδὶδ
566 3013 660 3067 καὶ
692 3015 878 3078 αὑτὸν,
913 3017 1152 3082 καὶτοὺς
1185 3020 1282 3073 σὺν
1307 3019 1456 3090 αὑτῷ
1475 3020 1730 3082 κτείνειν,
1756 3037 1886 3090 παρ-

305 3101 403 3175 έϐη
459 3105 562 3159 τὸν
593 3107 787 3177 ὃρκον;
821 3108 1043 3180 Ῥητέον
1079 3105 1256 3174 οῦνὼς
1293 3113 1321 3165 ὁ
1363 3111 1463 3182 μὲν
1500 3113 1662 3183 ὅρκος
1697 3107 1764 3183 ἦν
1791 3111 1884 3164 τοῦ

305 3191 514 3250 δικαίου
551 3195 726 3268 θυμοῦ
749 3215 763 3229 ο
793 3201 825 3270 ή
857 3200 912 3254 δὲ
937 3201 1119 3269 φειδὼ,
1162 3201 1255 3255 τοῦ
1283 3201 1560 3272 σώφρονος
1599 3203 1882 3273 λογισμοῦ.

308 3285 612 3358 Δεξάμενος
659 3291 768 3360 γὰρ
818 3294 915 3362 τῆς
942 3293 1224 3360 Ἀϐιγαίας
1256 3294 1352 3364 τὴν
1402 3295 1659 3354 ἱκετείαν,
1691 3295 1884 3349 ἔσϐεσε

305 3377 398 3429 τὸν
425 3377 597 3448 θυμόν
615 3397 628 3410 ·
663 3380 886 3450 ἄμεινον
916 3383 1024 3451 γὰρ
1052 3384 1365 3454 παραϐῆναι
1405 3384 1506 3454 τῆς
1541 3385 1772 3455 ἀπειλῆς
1798 3387 1886 3438 τὸν

306 3467 453 3537 ὅρον,
494 3470 528 3540 ἢ
559 3471 814 3526 τοσοῦτον
835 3475 1168 3542 ἐργάσασθαι
1205 3474 1386 3542 φόνον.

1975 2017 2216 2081 amavit,
2257 2016 2458 2086 quippe
2499 2032 2617 2085 quae
2653 2018 2933 2084 impedivit
2963 2035 3122 2083 eum,
3167 2034 3234 2074 ne
3265 2033 3426 2072 casus
3465 2019 3553 2073 ille

1975 2109 2156 2164 tristis
2189 2108 2638 2177 subsequeretur.
2672 2106 2868 2171 Nabal,
2900 2109 2943 2163 si
2988 2110 3342 2180 interpretari
3373 2111 3508 2163 velis
3534 2150 3548 2171 ,

1975 2210 2055 2256 est
2083 2199 2458 2268 imprudentia.
2485 2199 2748 2253 Similiter
2766 2201 2816 2254 lo
2837 2201 3010 2269 luitur
3037 2202 3204 2255 etiam
3234 2202 3468 2270 Abigail,
3497 2211 3551 2254 et

1980 2293 2369 2346 llcliraicorum
2402 2305 2622 2360 quoque
2667 2292 2953 2345 nominum
3011 2295 3393 2363 interpretatio
3459 2310 3549 2347 re-

1980 2381 2231 2446 spondet.
2273 2381 2372 2434 Cui
2428 2381 2754 2450 astipulatur
2810 2381 3050 2450 Aquila,
3110 2383 3550 2452 qui,exposuit.

1993 2470 2313 2540 Ἀπόρευσις
2341 2473 2461 2541 μετ’
2481 2471 2666 2524 αὑτοῦ.
2686 2469 2820 2524 Nam
2854 2471 3162 2536 recedente,
3197 2481 3251 2526 et
3277 2474 3551 2527 exstincta

1983 2559 2213 2618 ratione,
2265 2560 2650 2630 imprudentia:
2696 2560 2912 2616 alfectio
2942 2564 3159 2617 teritur.
3217 2562 3389 2617 Porro
3443 2566 3557 2618 iure

1981 2651 2152 2704 veteri
2206 2651 2422 2720 ingrato
2471 2651 2673 2722 populo
2732 2653 3137 2722 relinquantur,
3192 2655 3284 2724 qui
3332 2655 3558 2708 Christo

1984 2757 2082 2810 pro
2107 2742 2385 2797 beneficiis
2428 2744 2694 2798 maleficia
2729 2747 2997 2814 rependit,
3039 2760 3102 2798 ex
3140 2760 3250 2812 quo
3281 2746 3347 2799 ad
3373 2746 3559 2813 junio-

1985 2850 2098 2887 rem
2145 2833 2402 2888 Davidem
2451 2836 2633 2890 cultus
2690 2835 2783 2890 Dei
2839 2833 3128 2890 devolutus
3176 2845 3287 2901 est,
3339 2845 3563 2906 propter

1985 2941 2145 2997 quem
2194 2927 2402 2981 cultum
2457 2927 2694 2994 pepulns
2740 2927 2853 2990 ille,
2902 2942 3008 2980 non
3068 2925 3318 2981 funditus
3363 2929 3558 2997 periit.

1987 3027 2210 3088 propter
2275 3018 2644 3088 ignorantiam
2719 3018 2932 3073 veniam
2997 3019 3279 3089 adeptus,
3346 3019 3564 3072 dicente

1987 3113 2253 3168 Christo:
2289 3130 2307 3162 ι
2346 3108 2524 3173 Pater.
2564 3111 2790 3182 ignosce
2820 3111 2922 3176 eis,
2967 3111 3222 3166 nesciunt
3245 3111 3389 3166 enim
3435 3109 3563 3178 quid

1988 3203 2194 3258 faciant
2218 3202 2281 3254 ¹⁰.
2311 3221 2328 3254 ι
2365 3201 2424 3256 in
2456 3202 2659 3271 quibus
2680 3217 2804 3258 eum
2836 3217 2957 3270 quae
2982 3203 3200 3258 sivisset
3227 3202 3434 3262 cibum,
3455 3214 3563 3254 non

1991 3295 2224 3352 invenit.
2249 3290 2707 3363 quemadmodum
2745 3309 2848 3350 nec
2873 3295 2926 3348 in
2957 3296 3049 3349 illa
3080 3294 3208 3356 ﬁcu,
3233 3309 3356 3364 quae
3388 3291 3560 3363 Syna-

1989 3400 2140 3455 εοεαε
2156 3381 2467 3436 ,Ιιιιίσεοιηιιη
2490 3391 2678 3452 typum
2705 3381 3168 3453 prmierebatﬁur
3193 3383 3356 3452 igitur
3376 3381 3566 3446 David,

1993 3476 2084 3545 qui
2118 3480 2306 3531 sanete
2333 3474 2541 3542 juravit
2587 3489 2648 3528 se
2691 3489 2799 3528 non
2837 3473 2998 3527 modo
3036 3472 3297 3528 Nabalem
3321 3512 3334 3530 .
3387 3473 3481 3527 sed
3516 3480 3572 3526 et

313 3573 479 3622 lotam
509 3561 688 3632 ipsius
730 3563 994 3618 familiam
1027 3565 1370 3631 deletorum,
1419 3565 1646 3620 violavit
1729 3564 2147 3634 juramentum?
2189 3565 2488 3618 Dicendum
2549 3572 2634 3619 est
2685 3565 3059 3632 juramentum
3117 3563 3279 3633 iustae
3345 3564 3570 3616 iracun-

309 3651 414 3706 dia:
443 3651 648 3718 fuisse;
679 3653 1106 3707 misericordiam
1135 3669 1262 3709 vero
1291 3654 1572 3724 prudentis
1618 3655 1846 3708 rationis
1904 3663 1959 3709 et
2017 3653 2253 3708 consilii.
2299 3655 2534 3721 Accepta
2574 3655 2718 3707 enim
2782 3652 3182 3722 supplicatione
3246 3651 3525 3722 Abigaelis
3552 3686 3566 3711 ,

311 3743 570 3797 restinxit
602 3745 860 3798 furorem.
913 3743 1096 3799 Satius
1129 3745 1272 3799 enim
1300 3754 1402 3807 est,
1431 3760 1552 3814 qure
1579 3745 1815 3800 minatus
1835 3761 1894 3799 es
1932 3745 2224 3815 negligere,
2257 3759 2418 3813 quam
2451 3751 2656 3796 tantam
2687 3740 2886 3797 caedem
2912 3742 3110 3796 facere.

376 3834 688 3902 οὐροῦντα
704 3838 854 3903 πρὸς
878 3836 1104 3904 τοῖχον.
1124 3838 1239 3889 Οὐκ
1255 3834 1517 3904 οὑρεί’τις
1545 3835 1739 3901 ἑστὼς,
1771 3837 1892 3890 οὐδὲ

312 3925 450 3996 πρὸς
479 3928 680 3996 τοῖχον,
717 3922 766 3978 εί
795 3925 872 3996 μὴ
922 3927 1196 3996 σχολάζοι.
1245 3927 1412 3980 Τοῦτο
1441 3923 1534 3980 οὖν
1583 3945 1777 3999 φησιν,
1812 3929 1895 3981 ὅτι

313 4019 410 4070 καὶ
449 4017 543 4070 τὸν
574 4017 882 4086 ἀμέριμνον
909 4019 1001 4072 καὶ
1036 4019 1204 4089 μηδὲν
1244 4019 1633 4090 προσδοκῶντα
1664 4018 1856 4072 παθεῖν
1877 4033 1891 4049 ο

317 4108 346 4178 ἦ
383 4107 649 4178 οὐροῦντα
695 4109 832 4176 πρὸς
879 4111 1080 4180 τοῖχον,
1129 4109 1219 4164 τὸν
1254 4109 1496 4172 ἀσθενῶς
1529 4109 1895 4180 διακείμενον,

318 4199 410 4250 καὶ
447 4199 644 4267 στῆναι
675 4198 798 4269 δίχα
824 4199 919 4253 τοῦ
953 4201 1254 4272 ἐρείδεσθαι
1285 4199 1360 4270 τῷ
1389 4201 1551 4270 τοίχῳ
1572 4201 1899 4255 ἀδυνατοῦν⁹

316 4303 404 4341 τα.
437 4289 623 4342 Ἄλλοι
657 4291 716 4343 δὲ
747 4291 855 4344 τὸν
895 4292 1051 4345 κύνα
1073 4293 1355 4364 είρήκασι.
1398 4291 1567 4345 Τοῦτο
1609 4292 1719 4362 γὰρ
1749 4293 1898 4362 αὑτῴ

317 4377 458 4442 ἔθος.
511 4381 600 4443 Ὠς
629 4379 696 4433 ἂν
722 4383 772 4434 εί
806 4380 1172 4450 ἕλεγεν,⁸Ἐως
1199 4382 1358 4446 κυνὸς
1387 4385 1484 4452 οὐχ
1512 4382 1896 4454 ὑπολείψομαι.

315 4468 375 4522 C.
415 4467 474 4524 L.
1266 4472 1277 4482 “

2071 3835 2238 3891 Vnus.
2269 3836 2359 3891 ‘2'2.
2387 3833 2444 3889 Μ
2450 3837 2709 3906 ingentem
2743 3834 2814 3888 ad
2845 3833 3119 3903 parietem.
3139 3831 3250 3886 Nec
3275 3831 3568 3902 quisquam
3600 3903 3608 3909 ι

2002 3938 2156 3984 stans
2196 3928 2412 3998 niingit,
2457 3943 2636 3997 neque
2676 3928 2740 3980 ad
2775 3929 3060 3996 parietem,
3108 3925 3216 3979 nisi
3259 3925 3428 3978 otium
3474 3924 3576 3975 Ιιιιν

2005 4018 2146 4072 beat.
2213 4019 2328 4070 Hoc
2368 4017 2536 4086 igitur
2589 4015 2725 4070 dicit
2777 4016 2927 4085 quod
2976 4028 3234 4070 securum
3265 4028 3485 4082 quoque
3521 4021 3575 4065 et

2005 4124 2127 4164 sese
2158 4109 2291 4163 nihil
2341 4123 2632 4178 passurum
2683 4113 3099 4176 exspectantem
3144 4119 3253 4159 non
3283 4105 3576 4171 relinquet.

2003 4202 2096 4257 Vel
2116 4203 2450 4271 mingentem
2473 4201 2539 4256 ad
2563 4202 2849 4271 parietem,
2871 4200 3148 4254 inlirmuin
3179 4199 3334 4259 dicit,
3363 4206 3417 4253 et
3435 4209 3581 4251 stare

2002 4309 2109 4347 non
2143 4294 2438 4356 valentem,
2465 4291 2569 4346 n'si
2611 4290 2822 4361 pariete
2849 4289 3132 4343 fulciatur.
3161 4288 3264 4341 Alii
3297 4303 3476 4340 canem
3501 4287 3584 4339 in-

2003 4393 2401 4456 terpretantur,
2430 4384 2558 4453 quia
2599 4380 2917 4454 hujusmodi
2951 4381 3112 4436 istius
3155 4393 3358 4432 mores.
3411 4375 3580 4442 Quasi

2000 4475 2209 4531 diceret
2261 4471 2658 4542 Deus:.Usque
2712 4471 2778 4527 ad
2835 4486 3026 4525 canem
3085 4485 3194 4522 non
3251 4467 3578 4534 relinquam.

383 4560 481 4612 Ἐν
513 4557 674 4626 ἐμοὶ,
690 4559 866 4625 Κύριέ
883 4575 1024 4626 μου,
1047 4558 1085 4626 ἡ
1103 4559 1323 4623 ἀδικία,
1343 4560 1464 4614 ἀντὶ
1482 4560 1600 4622 τοῦ,
1629 4561 1774 4630 ἐμοὶ,
1798 4578 1881 4630 φηη

2073 4564 2140 4619 1η
2198 4582 2278 4620 me
2329 4566 2430 4627 sit,
2479 4564 2700 4617 Domine
2759 4562 2852 4623 mi.
2906 4562 3014 4614 haec
3079 4559 3373 4626 iniquitas,
3445 4573 3582 4625 pro,

322 4649 394 4715 σὶ,
427 4650 674 4719 λόγισαι,
711 4649 786 4712 ὡς
817 4650 955 4720 αὐτῇ
997 4651 1330 4721 ἁδικησάσῃ.
1382 4652 1446 4705 Ἦ
1481 4652 1554 4722 μὴ
1594 4653 1900 4722 ἀδικήσασα

325 4742 499 4798 ταῦτα
518 4759 706 4813 φησιν,
743 4743 827 4794 ἵνα
855 4744 884 4794 ὁ
911 4743 1118 4808 δίκαιος
1155 4743 1322 4796 Δαϐὶδ
1357 4743 1529 4815 ταύτῃ
1567 4743 1634 4797 τὰ
1664 4743 1756 4797 τοῦ
1783 4742 1902 4794 ὶδι-

328 4838 562 4903 κηκότος
596 4833 914 4904 χαρίσηται.
948 4833 1011 4888 C.
1050 4834 1113 4890 L.

397 4948 471 5002 Τὸ
500 4947 708 5003 Νάϐιιλ
739 4947 795 5000 δὲ
822 4947 995 5018 ὄνομα
1028 4947 1324 5017 μετέϐαλεν
1355 4949 1387 5018 ἠ
1436 4947 1710 5016 Ἀϐιγαία,
1742 4947 1770 5000 ὅ
1794 4949 1910 4999 ὲστι

331 5039 608 5109 θρηνῶδες
659 5041 965 5111 ἐπίρρημα.
1011 5039 1263 5103 Τοιοῦτος
1310 5041 1417 5111 γὰρ
1459 5041 1714 5102 κάκεῖνος
1760 5038 1912 5104 ἄξιος

333 5127 558 5199 θρήνου.
585 5127 648 5183 C.
682 5127 742 5182 L.

405 5241 517 5294 Kal
553 5239 670 5306 τὴν
702 5239 936 5307 ψυχὴν,
971 5239 1157 5310 φησὶν,
1205 5237 1436 5306 ἐχθρῶν
1489 5254 1605 5292 σου
1647 5240 1910 5307 σφενδο-

339 5329 574 5396 νήσεις.
626 5330 880 5384 Τοιοῦτόν
923 5346 1093 5402 φησι·
1125 5333 1233 5384 Καὶ
1264 5334 1360 5385 ἐὰν
1411 5333 1486 5395 ῶς
1541 5333 1597 5384 ὲν
1649 5333 1910 5403 σφενδόνη

346 5423 473 5474 ποτε
504 5421 738 5492 εὑρεθῇς
779 5425 838 5474 ἐν
873 5423 1022 5492 μέσῳ
1051 5422 1160 5474 τῶν
1198 5422 1407 5492 ἐχθρῶν
1437 5439 1554 5482 σου,
1585 5422 1686 5474 οὐκ
1731 5423 1920 5474 ἀποτι-

347 5514 613 5587 ναχθήση,
646 5515 765 5568 οὐδὲ
792 5515 1230 5588 σφενδονηθὴσῃ·
1280 5519 1329 5568 οί
1365 5515 1546 5586 μέντοι
1591 5515 1775 5586 ἐχθροί
1823 5533 1915 5568 σου

348 5606 574 5660 ἀποτινα
582 5609 646 5678 χο
659 5612 681 5678 f,
691 5626 892 5662 σονται.

418 5699 528 5752 Καὶ
555 5703 665 5754 οὐκ
693 5703 861 5756 ἔσται
889 5717 986 5756 σοι
1005 5697 1628 5768 βδελυγμός.“Δ;ιᾶλας,
1658 5699 1909 5766 λυπῇς,

420 5816 484 5852 ¹⁰⁶
513 5818 665 5878 PSal.
701 5837 848 5890 uix,
881 5825 930 5886 '7,
967 5825 1014 5874 8.
1100 5821 1178 5850 '°“
1215 5819 1350 5874 Luc.
1389 5831 1536 5869 xxiii.
1571 5819 1654 5871 3i.

2007 4657 2142 4711 mihi
2186 4655 2464 4711 innocenti
2499 4655 2642 4707 hanc
2687 4651 3017 4720 iniustitiam
3083 4649 3315 4718 imputa.
3347 4645 3468 4700 llaec
3503 4649 3586 4697 di-

2011 4749 2086 4802 cit
2116 4749 2382 4802 innocens
2417 4755 2473 4799 ut
2517 4746 2704 4814 justus
2765 4741 2938 4796 David
3006 4739 3226 4794 veniam
3277 4738 3448 4808 iniqui
3483 4732 3612 4806 ἰνδι

2015 4840 2316 4895 concedat.

2074 4957 2285 5027 Abigail
2329 4970 2459 5010 vero
2499 4953 2918 5007 transformavit
2975 4964 3176 5002 nomen
3225 4945 3408 4998 Nabal
3443 4943 3586 5013 quod

2020 5055 2104 5102 est
2161 5049 2414 5116 planctus
2465 5058 2794 5110 cognomen.
2858 5040 2948 5093 Ille
2986 5039 3190 5092 etenim
3243 5036 3445 5106 dignus
3475 5046 3591 5089 crat

2011 5139 2251 5206 planctu.

2091 5246 2157 5301 Et
2193 5211 2525 5301 inimicorum
2553 5254 2784 5306 tuorum,
2836 5241 3036 5311 inquit,
3082 5239 3266 5294 anima
3308 5236 3591 5290 relabitur.

2019 5339 2184 5404 Quasi
2207 5335 2444 5390 diceret:
2472 5333 2698 5387 Etiamsi
2730 5334 2890 5398 quasi
2925 5332 2978 5383 in
3013 5328 3181 5382 funda
3217 5326 3514 5396 aliquando
3543 5327 3594 5376 in

2025 5427 2204 5479 medio
2255 5426 2607 5478 inimicorum
2663 5433 2886 5476 tuorum
2943 5421 3204 5474 inventus
3262 5419 3452 5478 fueris,
3491 5432 3596 5468 non

2027 5515 2349 5576 cxcutieris,
2385 5529 2563 5581 neque
2633 5512 2910 5564 rutabitur
2971 5511 3154 5563 anima
3215 5517 3329 5562 tua.
3385 5505 3598 5559 Inimici

2029 5621 2156 5656 vero
2187 5601 2262 5654 tui
2301 5602 2667 5655 excutientur.

2093 5695 2255 5747 Vens.
2308 5694 2396 5745 51.
2461 5691 2524 5744 Et
2578 5709 2676 5745 non
2737 5693 2834 5744 erit
2895 5691 2988 5743 tibi
3051 5690 3204 5744 homo
3256 5685 3598 5743 «imminutio,
