3992 6408
299 389 428 455 1121

1231 388 1765 450 COMMENTARlI
1828 389 1910 448 ΙΝ
1939 388 2088 448 LIB.
2128 389 2188 448 II
2229 389 2524 450 REGUM.

3415 385 3552 451 1122

293 507 388 570 τὴν
427 499 668 571 ἱστορίαν
717 495 1052 568 γεγράφθαι.
1085 497 1356 567 Ζητητέον
1385 498 1462 563 δὲ,
1496 499 1544 550 ει
1606 498 1743 552 κατὰ
1773 515 1874 566 φι-

2002 499 2103 552 icis
2129 498 2284 552 libris
2316 499 2602 553 collectam
2633 511 2772 552 esse.
2803 493 3198 566 Inquirendum
3225 507 3308 551 est
3341 507 3548 559 autem,

296 601 518 666 λόσοφον
547 593 610 647 τὸ
638 593 880 664 θρηνεῖν,
914 591 1008 645 καὶ
1055 591 1206 655 τίνας
1232 592 1382 663 αύτῷ
1427 593 1746 664 θρηνητέον,
1780 593 1875 646 καὶ

296 693 342 745 εί
371 689 460 742 διὰ
500 687 629 749 τοὺς
656 684 991 754 θνήσκοντας
1027 683 1373 754 θρηνήσειεν,
1406 683 1529 755 ἢδι⁹
1555 685 1767 749 ἑαυτὸν,
1801 683 1877 747 ὡς

294 783 344 834 οἱ
392 779 486 832 τὸν
515 775 748 832 κοπετὸν
779 775 874 831 ἐπὶ
896 773 1157 845 Στεφάνῳ
1191 784 1206 811 ι
1245 776 1600 848 ποιήσαντες.

369 1043 703 1111 Στήλωσον
730 1041 1006 1111 Ἰσραήλ.
1035 1039 1288 1104 Ἀκύλας,
1321 1039 1666 1108 ἀκριϐωσαι.
1694 1037 1804 1108 Ούχ
1841 1039 1875 1108 ὴ

297 1135 558 1206 τυχοῦσα,
595 1135 780 1204 φησὶν,
811 1134 844 1202 ἡ
877 1131 1085 1202 πληγή.
1130 1130 1394 1192 Βασιλεὺς
1446 1129 1476 1180 ὁ
1521 1134 1722 1192 πεσὼν,
1780 1127 1877 1181 καὶ

300 1225 568 1298 βασιλέως
617 1224 754 1288 υίὸς,
785 1223 882 1277 καὶ
932 1222 1041 1275 τῶν
1071 1221 1357 1292 ὁμοφύλων
1387 1221 1437 1274 οἱ
1461 1218 1696 1290 ἄριστοι.
1753 1219 1878 1272 ὐτι

297 1317 354 1370 δὲ
404 1314 527 1368 λίαν
562 1313 723 1367 αὐτὸν
756 1313 885 1382 ἡνία
936 1311 1044 1364 τῶν
1070 1309 1388 1381 ἀλλοφύλων
1441 1307 1504 1362 τὸ
1535 1311 1757 1380 κράτος,
1809 1308 1878 1362 τὰ

301 1404 504 1474 ἐφεξῆς
533 1406 822 1475 μαρτυρεῖ.

372 1581 708 1648 Στήλωσον
751 1578 1026 1648 Ἰσραὴλ,
1063 1579 1186 1632 ἀντὶ
1223 1577 1340 1642 τοῦ,
1366 1579 1442 1644 ὡς
1501 1577 1742 1646 στήλην
1785 1575 1878 1644 ἐφ’

301 1671 550 1740 ὑψηλοῦ
587 1670 881 1739 ἱσταμένην
910 1669 998 1738 ἔχε
1019 1667 1079 1720 τὸ
1099 1667 1319 1735 γεγονὸς
1345 1668 1548 1738 πτῶμα
1578 1683 1593 1698 ο
1612 1668 1733 1721 ἀντὶ
1755 1665 1875 1731 τοῦ,

1977 602 2045 641 an
2077 587 2256 642 virum
2287 590 2593 657 sapientem
2644 586 2836 642 deceat
2869 587 3079 656 lugere,
3108 594 3161 641 et
3185 587 3408 657 quinam
3467 588 3550 640 lu-

1977 679 2139 749 gendi
2173 678 2309 734 sint.
2338 677 2492 744 Item,
2529 695 2599 734 an
2633 687 2856 748 propter
2878 679 3027 744 illos,
3056 679 3148 748 qui
3187 681 3242 733 in
3271 679 3376 734 hoc
3402 678 3549 733 bello

1976 771 2374 831 occubuerunt,
2415 771 2750 826 lamentatus
2799 770 2892 834 sit,
2918 785 2988 824 an
3015 778 3237 840 propter
3280 772 3550 840 seipsum,

1976 861 2441 930 quemadmodum
2492 861 2716 933 illi,qui
2761 862 3042 933 planctum
3085 861 3338 916 fecerunt
3387 876 3550 931 super

1979 949 2340 1021 Stephanum.

2047 1040 2208 1110 Erige
2270 1049 2667 1093 monumentum
2735 1038 2925 1092 Israel.
2979 1039 3174 1108 Aquila
3220 1041 3546 1113 άκρίόωσαι,

1979 1140 2228 1186 accurate
2277 1144 2528 1199 pernosce
2588 1127 2705 1181 Non
2777 1129 3042 1197 vulgaris,
3100 1128 3302 1196 inquit,
3365 1131 3550 1184 clades

1978 1228 2082 1276 est.
2135 1219 2249 1282 Rex
2298 1220 2443 1274 enim
2501 1217 2700 1271 cecidit
2747 1218 2899 1286 regis
2938 1216 3101 1280 ﬁlius,
3169 1228 3223 1272 et
3260 1218 3552 1274 fortissimi

1980 1311 2183 1379 quique
2213 1325 2277 1366 ex
2302 1309 2730 1362 coutrihnlibus.
2767 1307 2923 1372 Quod
2970 1315 3151 1362 autem
3181 1311 3446 1377 potentia,
3498 1319 3554 1364 et

1979 1400 2274 1468 imperium
2316 1397 2735 1470 Palmstinorum
2765 1395 3024 1450 Davidem
3067 1399 3305 1452 maxime
3332 1400 3556 1452 crucia-

1979 1491 2109 1555 rint,
2132 1489 2417 1558 sequentia
2457 1495 2752 1543 testantur.

2049 1577 2218 1633 Vens.
2253 1577 2338 1633 19.
2364 1575 2657 1633 Considera
2711 1575 2910 1640 Israel,
2975 1591 3095 1646 pro,
3135 1588 3194 1630 ut
3249 1579 3554 1633 columnam

1979 1685 2139 1738 super
2155 1667 2363 1722 excelsa
2408 1678 2500 1721 tua
2538 1675 2776 1723 erectam
2830 1677 3157 1736 praesentem
3199 1683 3388 1723 casum
3416 1685 3555 1723 con-

306 1764 558 1832 μέμνησο
594 1761 693 1832 τῆς
725 1760 819 1814 νῦν
843 1759 1077 1830 πληγῆς,
1107 1760 1201 1812 καὶ
1231 1757 1384 1829 ζήτει
1417 1761 1517 1831 τὴν
1547 1759 1730 1812 αἰτίαν
1771 1757 1874 1828 τῆς

1996 1761 2200 1823 sidera;
2238 1775 2359 1828 pro,
2391 1766 2667 1813 memento
2696 1759 2981 1828 praesentis
3023 1759 3221 1830 plagae,
3270 1762 3558 1832 divinique

305 1851 626 1921 θεομηνίας.

387 1941 582 2011 Ἀποοὶ
617 1943 939 2012 ἀπαρχῶν·
985 1945 1240 2012 Ἀκύλας,
1277 1945 1721 2015 ἀφαιρεμάτων-ο
1746 1943 1880 1998 Θεο-

303 2033 520 2097 δοτίων,
555 2033 842 2088 θανάτου.
877 2037 1312 2106 Προσωχθίσθη
1350 2037 1592 2104 θυρεός·
1625 2033 1878 2098 ’Δκύλας,

304 2125 642 2194 ἀπεϐλήθη.
674 2124 736 2179 c.
771 2126 834 2180 L.

375 2217 521 2284 Ὅρη
553 2219 626 2269 τὰ
659 2217 945 2276 Γελϐουὲ.
989 2218 1296 2290 Ἐπαρᾶται
1329 2221 1442 2284 τοῖς
1497 2220 1727 2290 ἀψύχοις
1779 2222 1883 2276 ὑπὸ

303 2311 400 2380 τῆς
425 2310 652 2382 ὀδύνης,
719 2309 910 2382 ὥσπερ
969 2315 1020 2366 οἱ
1058 2313 1246 2384 μόριόν
1275 2331 1327 2392 τι
1359 2314 1452 2368 τοῦ
1481 2315 1732 2384 σώματος
1776 2316 1884 2369 πά-

308 2419 555 2472 σχοντες,
591 2402 764 2473 ἢτοίς
789 2406 1012 2472 τοίχοις,
1043 2403 1076 2474 ἢ
1111 2407 1176 2475 τῇ
1212 2405 1390 2478 κλίνῃ,
1438 2407 1882 2477 προσαράσσουσι

309 2492 402 2554 τὰς
438 2494 656 2563 χεῖρας,
686 2493 786 2555 τὰς
815 2493 1117 2564 ἀλγηδόνας
1143 2495 1222 2566 μὴ
1275 2498 1554 2566 φέροντες.
1609 2498 1884 2568 Δηλώσειε

308 2583 352 2637 δ’
390 2583 467 2636 άν
495 2600 545 2636 τι
573 2582 669 2638 καὶ
728 2582 1080 2654 ὑψηλότερον,
1132 2586 1372 2656 Χριστοῦ
1413 2587 1737 2658 Θρηνοῢντος
1793 2589 1885 2645 τὸν

306 2672 529 2742 πρῶτον
556 2671 706 2738 λαὸν,
731 2675 824 2728 καὶ
861 2676 989 2738 τοὺς
1046 2675 1427 2747 άστειοτέρους
1462 2679 1587 2742 τοὺς
1639 2681 1696 2733 ὲν
1737 2679 1884 2750 αὐτῷ

307 2763 398 2816 καὶ
425 2763 534 2832 τῆς
563 2764 794 2835 νομικῆς
819 2763 1070 2835 λατρείας
1083 2766 1144 2819 τὸ
1167 2766 1320 2837 παρὰ
1340 2767 1466 2832 τοὺς
1488 2768 1735 2833 ὲθνικοὺς
1753 2770 1886 2840 ύψηο

309 2853 413 2908 λὸν.
447 2853 645 2921 Ἔλεγε
669 2855 799 2926 γάρ·
825 2872 844 2908 ι
891 2855 1269 2927 Ἰερουσαλὴμ,
1301 2857 1671 2928 Ἰερουσαλὴμ,
1705 2859 1886 2928 ήάπο-

309 2945 602 2999 κτείνουσα
630 2949 758 3010 τοὺς
789 2944 1095 3016 προφήτας,
1136 2964 1156 2998 ι
1197 2946 1292 3001 καὶ
1337 2947 1408 3001 τὰ
1439 2947 1584 3018 ἑξῆς.
1647 2949 1885 3015 Θάνατος

307 3035 414 3108 γὰρ
449 3035 654 3101 αὐτῶν,
698 3038 730 3106 ἡ
762 3035 874 3089 τῶν
906 3037 965 3103 ἐξ
996 3035 1229 3108 ούρανοῦ
1255 3037 1474 3110 δωρεῶν
1502 3039 1729 3112 ἐρημία.
1763 3041 1884 3094 Κα-

307 3127 376 3180 τὰ
426 3126 490 3181 τό
516 3143 530 3157 ο
570 3145 589 3179 ι
633 3127 760 3182 Ἰδοὺ
825 3127 1046 3196 ἀφίεται
1090 3130 1222 3200 ἡμῖν
1252 3131 1280 3184 ὁ
1327 3127 1475 3194 οἶκος
1547 3130 1702 3202 ὑμῶν
1754 3130 1882 3204 ἔρη-

313 3234 436 3287 μος.
477 3236 496 3268 ι

393 3307 458 3366 Ἠ
481 3309 786 3378 ἀγάπησις
813 3325 929 3364 σου
953 3310 1034 3376 ὡς
1055 3309 1363 3378 ἀγάπησις
1409 3311 1531 3365 τῶν
1558 3312 1880 3383 γυναικῶν.

313 3399 435 3453 Ἵνα
458 3396 610 3470 δείξῃ
637 3398 738 3468 τῆς
763 3398 1146 3468 φιλοστοργίας
1169 3399 1232 3452 τὸ
1256 3399 1455 3469 θερμόν
1479 3418 1540 3454 τε
1596 3403 1692 3456 καὶ
1747 3405 1884 3475 γνή-

309 3505 447 3544 σιον.
479 3488 714 3558 Τοιαύτη
748 3488 857 3557 γὰρ
888 3490 922 3558 ή
955 3488 1049 3542 τοῦ
1077 3489 1270 3558 ἀνδρὸς
1331 3491 1458 3560 περὶ
1511 3490 1611 3562 τὴν
1645 3497 1883 3562 γυναῖκα

307 3579 554 3642 διάθεσις
581 3579 656 3642 ὡς
688 3579 778 3632 τὸν
803 3579 1045 3649 περὶτοῦ
1063 3580 1244 3652 γάμου
1265 3579 1428 3649 νόμον
1461 3581 1636 3634 εἰπεῖν
1656 3599 1670 3613 ο
1703 3601 1722 3634 ι
1769 3584 1887 3636 Ἀν-

306 3671 362 3723 τὶ
408 3667 602 3722 τούτου
633 3668 948 3737 καταλείψει
977 3667 1263 3737 ἄνθρωπος
1325 3669 1418 3722 τὸν
1449 3671 1659 3742 πατέρα
1695 3671 1882 3739 αὐτοῦ,

306 3763 403 3815 καὶ
427 3761 532 3830 τὴν
565 3761 776 3832 μητέρα
805 3759 992 3826 αὐτοῦ,
1027 3761 1122 3814 καὶ
1155 3760 1696 3833 προσκολληθήσεται
1746 3763 1885 3834 πρὸς

304 3856 407 3924 τὴν
454 3855 695 3921 γυναῖκα
748 3851 936 3918 αὑτοῦ,
967 3852 1061 3904 καὶ
1107 3851 1323 3905 ἔσονται
1369 3853 1418 3906 οί
1449 3851 1543 3906 δύο
1579 3854 1660 3917 είς
1707 3855 1886 3926 σάρκα

311 3945 464 4014 μίαν.
505 3961 526 3992 ι
562 3939 733 3994 Τοῦτο
770 3940 864 3993 καὶ
897 3942 926 3993 ὁ
968 3939 1200 3993 Ἐλκανὰ
1237 3939 1529 4010 δεδήλωκε,
1561 3941 1660 4010 τὴν
1687 3941 1887 3993 ’Δνναν

307 4035 660 4108 ψυχαγωγῶν
687 4052 730 4087 't
759 4035 872 4088 Ούκ
894 4033 1092 4102 ἀγαθός
1123 4049 1207 4086 σοι
1228 4034 1337 4101 γὰρ
1357 4031 1490 4100 ἐγὼ,
1512 4031 1640 4102 ἔφη,
1659 4032 1798 4103 ὑπὲρ
1811 4032 1891 4087 δέ·

309 4150 384 4186 κα
414 4133 625 4195 τέκνω
661 4149 679 4182 ι
722 4131 786 4183 Ὃ
805 4125 898 4182 οὖν
937 4129 1030 4182 ἐπὶ
1075 4126 1186 4181 τῶν
1229 4127 1574 4198 γαμούντων,
1599 4128 1679 4190 εις
1709 4127 1890 4196 σάρκα

313 4225 476 4296 μίαν,
503 4221 664 4274 τοῦτο
679 4222 772 4274 ἐπὶ
794 4220 902 4276 τῶν
931 4218 1294 4288 ἀγαπώντων,
1325 4219 1404 4282 είς
1429 4217 1606 4288 ψυχὴν
1633 4219 1782 4288 μίαν.

379 4319 440 4370 Μ
446 4314 482 4382 ὴ
507 4315 598 4377 εις
620 4311 788 4375 νῖκος
832 4309 1231 4379 καταφάγεται
1256 4310 1292 4376 ἡ
1317 4309 1584 4376 ῥομφαία
1614 4323 1633 4371 ;
1683 4309 1758 4362 Οὐ
1813 4308 1892 4361 δί-

307 4419 490 4466 καιον,
542 4399 700 4470 φησὶ,
726 4401 854 4461 τοὺς
915 4399 1184 4459 νικῶντας
1247 4397 1624 4466 πανωλεθρίαν
1665 4396 1892 4461 ἐπάγειν

1911 1829 1951 1884 Β
1985 1849 2186 1904 luroris
2225 1862 2409 1914 quaere
2439 1862 2685 1902 causam.

2051 1940 2216 1996 Vens.
2250 1940 2340 1992 91.
2373 1939 2502 2007 Agri
2553 1939 2953 2007 primitiarnm;
3002 1941 3217 2007 Aquila,
3251 1941 3369 2008 agri
3402 1943 3557 1996 abla-

1985 2031 2228 2094 tionum;
2269 2029 2638 2090 'l'heodotion,
2689 2029 2808 2097 agri
2853 2031 3064 2084 mortis.
3115 2029 3442 2101 Indignatus
3480 2041 3560 2087 est

1983 2125 2239 2192 clypeus;
2280 2117 2498 2189 Aquila,
2548 2118 2782 2188 abjectus
2824 2129 2924 2173 cst.

2059 2212 2222 2268 Vens.
2257 2213 2348 2266 τι.
2377 2210 2584 2266 Montes
2647 2209 2855 2266 Gelboc.
2904 2211 3098 2267 Dolore
3128 2227 3418 2280 accensus,
3469 2230 3558 2270 rcs

1982 2303 2316 2363 inanimatas
2345 2317 2686 2370 exsecratur,
2717 2305 3183 2375 quemadmodum
3211 2305 3315 2370 illi,
3358 2309 3455 2378 qui
3499 2309 3556 2362 in

1984 2411 2136 2468 parte
2165 2399 2351 2470 aliqua
2416 2399 2666 2468 corporis
2694 2397 2980 2451 cruciatus
3037 2397 3310 2462 sentiunt,
3344 2399 3560 2454 doloris

1985 2491 2326 2560 impatientia
2387 2505 2586 2544 manus
2635 2488 2960 2558 parietibus,
2996 2499 3092 2543 aut
3131 2489 3274 2544 lecto
3298 2489 3556 2545 allidunt.

1985 2583 2294 2638 Sublimius
2367 2581 2841 2652 autemquiddam
2924 2581 3238 2649 signiﬁcare
3303 2582 3556 2648 videtur;

1983 2673 2268 2728 Christum
2303 2675 2544 2736 scilicet,
2588 2672 2965 2742 deplorantem
2997 2681 3235 2727 veterem
3269 2675 3557 2742 pupulum,

1983 2775 2040 2822 et
2067 2767 2344 2821 civiliores
2374 2782 2440 2821 ex
2479 2767 2618 2836 ipso,
2644 2773 2700 2820 et
2748 2766 2944 2838 legalis
2967 2767 3147 2820 cultus
3165 2766 3310 2835 apud
3362 2776 3559 2837 gentes

1984 2861 2325 2916 altitudinem
2350 2859 2754 2926 ;dicebatenim
2785 2875 2798 2910 :
2827 2878 2845 2911 ι
2870 2858 3196 2924 Jerusalem,
3227 2858 3556 2923 Jerusalem,

1991 2966 2114 3020 qua:
2139 2950 2347 3005 occidis
2377 2949 2670 3018 prophetas
2699 2949 2766 3011 ι’,
2809 2967 2830 3000 ›
2868 2955 2924 3003 et
2963 2948 3196 3017 reliqua.
3233 2947 3380 3002 Mors
3408 2948 3557 3002 enim

1985 3044 2396 3110 prophetarum.
2429 3038 2722 3099 donorum,
2751 3053 2873 3107 qua:
2933 3036 3151 3092 coalitus
3173 3039 3391 3100 dantur,
3429 3038 3558 3092 ﬁnis

1988 3127 2291 3185 fuitJuxta
2323 3125 2457 3182 illud
2498 3143 2512 3178 :
2542 3145 2564 3178 ι
2593 3127 2757 3192 Ecce,
2805 3127 3003 3184 domus
3033 3137 3216 3183 vestra
3248 3127 3405 3182 vobis
3459 3131 3558 3182 deo
3585 3159 3590 3164 -

1986 3228 2130 3277 serta
2162 3221 2494 3290 relinquitur
2527 3219 2590 3273 “.
2643 3239 2664 3272 ι

2057 3308 2226 3366 Vsns.
2259 3311 2348 3365 26.
2367 3311 2532 3365 Amor
2558 3320 2704 3374 tuus,
2757 3321 3016 3381 tanquam
3075 3327 3230 3366 amor
3253 3311 3556 3364 mulierum.

1987 3401 2114 3459 Haec
2172 3403 2239 3457 ad
2286 3401 2682 3458 ostendendam
2745 3405 2952 3458 amoris
3002 3403 3450 3469 vehementiam,
3507 3414 3559 3459 et

1985 3493 2362 3547 sinceritatem
2389 3491 2682 3560 pertinent.
2719 3489 2871 3546 Talis
2898 3493 3043 3545 enim
3104 3499 3192 3548 est
3251 3492 3355 3545 viri
3427 3508 3558 3562 erga

1987 3594 2214 3636 uxorem
2242 3578 2481 3644 aﬁ‘ectio,
2515 3579 2700 3648 qualis
2741 3579 2796 3633 in
2841 3579 2958 3650 lege
2994 3581 3340 3634 matrimonii
3371 3585 3560 3650 expri-

1987 3676 2200 3728 mitur:
2241 3691 2261 3725 ι
2306 3675 2602 3743 Propterea
2637 3673 2910 3742 relinquet
2940 3674 3102 3728 homo
3127 3682 3338 3744 patrem
3372 3690 3558 3740 suum,

1984 3774 2039 3821 et
2077 3773 2330 3828 matrem,
2360 3775 2413 3819 et
2449 3764 2884 3834 agglutinabilur
2924 3765 3080 3818 uxori
3142 3781 3277 3832 suae,
3310 3773 3364 3820 et
3396 3775 3562 3820 erunt

1985 3856 2096 3910 duo
2129 3854 2186 3908 in
2221 3869 2388 3909 carne
2419 3869 2528 3908 una
2570 3853 2632 3910 “.
2696 3873 2714 3904 ι
2752 3853 2807 3907 ld
2862 3855 3039 3908 etiam.
3067 3852 3305 3910 Helcana
3347 3854 3558 3910 Annam

1986 3947 2285 4001 consolans
2313 3945 2661 4016 signiﬁcavit.
2690 3965 2708 3996 ι
2757 3944 3014 4014 Nunquid
3048 3962 3180 4010 non,
3207 3946 3425 4010 dicens,
3461 3963 3564 4016 ego

1989 4038 2084 4092 tibi
2118 4037 2315 4092 melior
2345 4053 2466 4092 sum
2494 4037 2683 4092 decem
2710 4039 2900 4092 liberis
2931 4039 3007 4090 "1'
3055 4057 3075 4091 ι
3124 4037 3281 4105 Quod
3309 4041 3476 4110 igitur
3495 4041 3564 4094 de

1987 4128 2345 4181 matrimonio
2396 4127 2670 4196 copulatis
2711 4127 2936 4190 dicitur,
2973 4129 3026 4181 in
3080 4143 3307 4184 carnem
3369 4145 3566 4196 unam;

1989 4219 2095 4272 hoc
2147 4217 2213 4271 de
2245 4216 2437 4272 amicis
2464 4233 2588 4272 sese
2615 4217 2973 4285 diligentibus
3003 4219 3057 4272 in
3095 4221 3341 4274 animam
3371 4237 3564 4274 unam.

2065 4307 2226 4362 Vens.
2262 4307 2353 4361 26.
2382 4305 2530 4360 Num
2559 4309 2616 4361 in
2643 4317 2954 4376 perpetuum
3025 4319 3145 4363 tuus
3182 4325 3364 4363 mucro
3395 4313 3570 4365 deste-

1992 4399 2140 4466 vict?
2195 4396 2314 4452 Non
2376 4412 2592 4465 aequum
2635 4407 2740 4463 est,
2777 4398 2975 4468 inquit,
3035 4400 3276 4455 victores
3317 4416 3568 4470 quaerere

307 4498 419 4558 τοῖς
445 4491 783 4564 ἡττωμένοις
814 4488 1020 4558 ζητεῖν.
1059 4488 1324 4549 Πολλάκις
1371 4488 1480 4556 γὰρ
1528 4488 1577 4538 οί
1627 4487 1883 4551 νικῶντες

1996 4490 2424 4546 internecionem
2457 4489 2721 4544 inducere
2773 4492 2956 4546 victis.
3017 4489 3172 4560 Saepe
3217 4493 3422 4562 saepius
3477 4507 3562 4550 et-

306 4585 604 4658 ἡττῶνται,
659 4581 755 4634 καὶ
786 4579 838 4632 οἱ
890 4577 1178 4641 διώκοντες
1212 4577 1497 4646 φεύγουσι.
1554 4577 1644 4630 Διό
1699 4595 1884 4648 φησιν,

305 4677 388 4730 ὅτι
417 4672 602 4744 πικρά
635 4670 788 4725 ἔσται
835 4667 907 4723 τὰ
941 4668 1166 4740 ἔσχατα.
1231 4667 1544 4740 ’Υπέμνησε
1569 4669 1624 4722 δὲ
1657 4669 1750 4722 καὶ
1789 4669 1890 4739 τῆς

310 4764 660 4836 συγγενείας,
692 4763 786 4816 καὶ
839 4760 1068 4815 πέπεικε
1097 4771 1145 4814 t.
1171 4759 1246 4812 Τὸ
1271 4759 1352 4823 δὲ,
1388 4759 1561 4830 πικρὰ
1615 4759 1771 4813 ἔσται
1819 4760 1889 4814 τὰ

305 4859 513 4928 ἔσχατα
535 4871 552 4885 ο
617 4854 702 4906 ὅτι
759 4852 874 4916 τοῖς
925 4849 1171 4919 ἀδελφοῖς
1250 4849 1507 4919 πολεμεῖν
1585 4847 1888 4919 μετάμελον

252 4923 260 4932 ’
303 4923 438 5020 his}.
475 4947 542 5003 c.
571 4943 634 5000 ιι.

912 5123 1162 5178 ΚΕΦΔΛ.
1193 5121 1272 5177 B'.
1301 5173 1307 5180 .

380 5220 489 5276 Kal
513 5215 706 5285 εἶπεν,
733 5218 838 5284 Εἰς
859 5216 1114 5284 Χεϐρών.
1131 5215 1227 5270 Ἐκ
1246 5207 1712 5282 τῶνφαινομένων
1737 5211 1885 5265 ἔστιν

255 5305 282 5312 “
309 5314 505 5370 εἰπεῖν,
539 5310 629 5362 διὰ
655 5309 718 5362 τὺ
745 5309 868 5370 τοὺς
896 5306 1241 5376 πατριάρχας
1278 5303 1394 5356 ἐκεῖ
1439 5301 1765 5370 κατοικῆσαί
1821 5317 1881 5353 τε

313 5407 406 5456 καὶ
433 5401 694 5470 ταφῆναι.
749 5400 856 5464 Καὶ
909 5399 988 5451 ὅτι
1032 5398 1128 5466 τῆς
1180 5395 1347 5448 Ἰούδα
1404 5396 1599 5464 φυλῆς,
1654 5394 1774 5446 ὅθεν
1823 5388 1891 5461 ἦν

1995 4579 2143 4634 enim
2171 4579 2409 4634 victores
2435 4579 2736 4632 vincuntur
2758 4591 2811 4633 et
2841 4578 3023 4650 fugam
3048 4581 3274 4649 capiunt
3323 4584 3415 4652 qui
3445 4600 3569 4652 per-

1993 4667 2388 4737 sequebantur.
2439 4666 2572 4722 ideo
2594 4667 2748 4730 dicit,
2791 4671 2923 4738 quia
2945 4685 3132 4725 amara
3148 4659 3314 4728 erunt
3345 4676 3564 4734 ultima.

1993 4757 2224 4812 Generis
2265 4756 2706 4810 communionem
2734 4757 2788 4810 in
2827 4761 3148 4814 memoriam
3176 4765 3451 4820 revocavit
3505 4774 3563 4822 et

1993 4853 2319 4916 paruerunt.
2345 4845 2460 4902 Hoc
2491 4854 2700 4911 autem,
2735 4848 2864 4918 quia
2913 4865 3099 4904 aliiara
3135 4863 3298 4907 erunt
3331 4857 3564 4924 ultima;

1959 4937 2124 5007 'quia
2169 4937 2436 4992 adversus
2501 4936 2700 4993 fratres
2767 4953 3034 5010 pugnare,
3097 4944 3437 5010 paenitentiae
3461 4948 3564 5001 ob-

1989 5029 2234 5084 noxium.

2623 5119 2777 5176 CAP.
2823 5121 2884 5178 ll.

2067 5211 2232 5268 Vens.
2261 5210 2311 5266 1.
2347 5207 2680 5278 Respondit:
2721 5211 2780 5266 In
2815 5212 3086 5268 Chebron.
3121 5214 3397 5281 Quantum
3431 5233 3567 5273 con-

1953 5303 2221 5371 'jccturis
2283 5301 2584 5371 colligitur,
2620 5315 2914 5370 possumus
2965 5302 3172 5370 dicere,
3203 5321 3270 5360 eo
3290 5309 3435 5377 quod
3473 5324 3574 5380 pa-
3640 5371 3651 5380 _

2003 5396 2261 5447 triart-hae
2305 5391 2378 5444 ibi
2421 5391 2836 5458 habitaverunt,
2868 5404 2922 5450 et
2947 5397 3149 5466 sepulti
3169 5405 3324 5453 sunt.
3361 5395 3571 5456 Deinde

393 5577 435 5608 "
463 5575 656 5633 Matth.
690 5591 850 5640 mn,
877 5578 966 5634 37.
1049 5573 1092 5608 ³⁸
1151 5569 1284 5625 ibid.
1339 5567 1429 5623 58.
1522 5569 1562 5600 “
1591 5565 1728 5622 Gen.
1755 5582 1815 5630 ll,
1849 5566 1883 5620 2

2033 5567 2077 5598 ³⁸
2114 5566 2134 5619 ι
2168 5563 2304 5638 Reg.
2342 5583 2382 5632 ι,
2417 5567 2468 5622 8.

1515 5705 1555 5754 ν
1571 5707 1599 5756 Α
1612 5701 1748 5756 “LE
1791 5696 2194 5755 LECTIONES.

390 5798 402 5836 ⁵
449 5807 513 5862 C.
541 5803 603 5858 L.
630 5802 722 5858 ἐπὶ
749 5802 821 5870 τῷ
852 5800 994 5870 φάνῳ
1016 5838 1030 5853 .
1089 5795 1100 5846 i
1143 5797 1222 5850 Τὰ
1263 5797 1504 5865 ἑπόμενα
1530 5797 1586 5848 ο)
1623 5793 1866 5864 περιέχει
1905 5793 1932 5844 ὁ
1966 5789 2063 5858 τῆς
2091 5789 2224 5856 Αύγ.
2263 5785 2393 5842 κὼδ.

939 5895 1006 5928 Ὧι
