3992 6474
387 373 522 438 11'27

1719 369 2074 431 PROCOPII
2109 368 2356 428 ῢΑΖίΕΙ

3522 377 3670 443 1128

394 486 712 544 custodiret
749 500 932 540 arcam
994 484 1217 541 fault-iis
1253 484 1470 538 Domini
1504 524 1518 539 .
1578 503 1596 536 ι
1632 483 1965 554 Quapropter

2079 481 2304 552 Κυρίου.
2338 498 2357 530 ι
2391 479 2482 533 Διὸ
2537 479 2746 534 καὶτοῦ
2783 481 3091 552 Ἀμιναδὰϐ
3111 485 3302 549 παῖδες
3329 489 3674 562 ἐπορεύοντο

397 580 564 634 ctiam
602 578 696 631 lilii
733 577 1042 630 Aminadab
1071 577 1124 630 iu
1155 577 1420 630 anteriori
1465 585 1621 646 parte
1641 593 1707 630 ex
1738 583 1972 644 utroque

386 669 558 722 latere
589 681 776 720 arcam
808 665 1248 722 comitabantur.
1282 665 1390 720 Sed
1419 665 1698 735 quomodo
1746 677 1972 735 propter

385 756 750 810 temeritatem
795 769 986 824 poenas
1043 755 1216 821 dedit,
1259 771 1408 821 cum,
1453 757 1724 810 inclinato
1772 770 1967 819 curru,

383 861 608 899 manum
649 844 926 912 applicare
963 847 1321 914 oportuerit?
1347 861 1472 902 cum
1527 847 1615 902 lex
1665 847 1969 917 praecipiat,

389 943 444 988 ut
477 949 659 988 arcam
692 933 940 990 humeris
980 943 1192 1005 gestent
1237 937 1578 1001 sacerdotes,
1611 937 1972 1020 nihilominus

395 1036 581 1077 tamen
617 1024 806 1078 currui
863 1039 984 1079 eam
1037 1025 1453 1096 imposuerunt;
1487 1041 1550 1083 ea
1605 1042 1668 1082 re
1730 1027 1972 1097 decepti,

382 1119 528 1188 quod
569 1117 868 1184 Palaestini,
915 1117 1040 1174 hoc'
1072 1120 1234 1174 modo
1266 1135 1385 1176 eam
1419 1121 1776 1186 deducentcs,
1834 1121 1974 1175 nihil

386 1211 596 1264 adversi
673 1211 823 1278 passi
883 1221 1099 1268 essent.
1167 1213 1440 1268 Cat-terum
1503 1213 1968 1269 considerandum

385 1310 501 1357 erat
534 1299 658 1354 illos
689 1316 872 1370 neque
924 1303 1099 1372 legem
1139 1303 1354 1358 Domini
1391 1305 1638 1367 novisse,
1669 1319 1848 1374 neque
1883 1317 1972 1357 sa-

386 1391 634 1448 cerdotes
672 1391 888 1447 Domini
939 1393 1234 1449 habuisse.
1287 1394 1476 1467 Itaque
1501 1410 1628 1450 cum
1680 1395 1791 1450 Oza
1826 1396 1972 1450 ccci-

385 1489 578 1551 disset,
624 1487 792 1542 David
831 1489 1010 1543 noluit
1040 1503 1226 1543 arcam
1282 1489 1338 1542 in
1405 1489 1612 1559 regiam
1661 1489 1964 1552 deducere,

385 1581 808 1650 pertimescens,
845 1589 903 1632 ut
943 1593 1043 1648 par
1100 1587 1240 1642 erat,
1274 1594 1344 1634 ne
1386 1581 1772 1649 attingeretur.
1807 1577 1970 1635 Post-

384 1685 546 1738 quam
573 1687 705 1726 vero
744 1671 915 1724 Deum
948 1668 1330 1733 Obed—Edom,
1364 1671 1458 1740 qui
1503 1685 1686 1725 arcani
1735 1687 1968 1740 excepe-

385 1770 491 1825 rat,
529 1762 884 1818 beuedixisse
931 1760 1354 1825 animadvertit,
1399 1776 1519 1816 eam
1556 1761 1623 1816 ad
1677 1777 1738 1816 se
1796 1763 1966 1828 ducit,

2073 571 2387 642 ἔμπροσθεν
2421 575 2486 624 ἐκ
2551 571 2799 641 πλαγίων
2857 573 2956 643 τῆς
2991 575 3249 632 κιϐωτοῦ.
3285 579 3410 644 Πῶς
3433 583 3492 634 δέ
3525 603 3676 657 προ-

2072 665 2294 726 πετείας
2319 663 2464 717 ἔτισε
2517 663 2692 734 δίκην,
2747 664 2905 727 ὅπου,
2955 663 3236 738 κλιθείσης
3287 667 3389 738 τῆς
3419 671 3670 742 ἁμάξης,

2075 753 2244 824 ἐχρῆν
2274 758 2630 825 προσερεῖσαι
2658 755 2755 825 τὴν
2805 757 2965 825 χεῖρα
2992 773 3006 821 ;
3041 755 3208 828 ἐτέρα
3246 760 3430 815 τοίνυν
3453 763 3673 838 ταύτης

2071 845 2246 909 αἰτία,
2276 843 2372 899 τοῦ
2397 845 2508 916 γὰρ
2531 845 2696 915 νόμου
2740 845 3170 916 προστάξαντος,
3219 851 3306 904 ἐπ’
3334 849 3504 921 ὤμων
3533 858 3672 920 τοὺς

2075 935 2257 1006 ἱερέας
2291 935 2481 1007 φέρειν
2537 936 2638 1008 τὴν
2686 935 2938 1002 κιϐωτὸν,
2972 937 3060 1007 ἐφ’
3100 938 3324 1010 ἁμάξης
3355 943 3666 1015 ἐπέθηκαν,

2069 1024 2415 1095 ἠπατημένοι
2461 1023 2544 1094 τῷ
2595 1025 2752 1094 παρὰ
2803 1024 2913 1078 τῶν
2968 1024 3286 1095 ἀλλοφύλων
3321 1026 3472 1082 οὕτω
3515 1046 3667 1100 πεμ-

2072 1117 2303 1186 φθεῖσαν
2355 1117 2522 1187 μηδὲν
2566 1115 2935 1187 λυμήνασθαι,
2968 1117 3098 1171 Δέον
3142 1121 3387 1186 σκοπεῖν,
3418 1121 3496 1185 ὡς
3538 1122 3668 1176 οὔτε

2071 1207 2164 1261 τὸν
2185 1207 2352 1277 νόμον
2389 1207 2590 1279 ᾔδεσαν
2637 1209 2858 1272 ἐκεῖνοι,
2911 1207 3035 1261 οὔτε
3071 1209 3330 1279 παρῆσαν
3358 1211 3547 1275 αὐτοῖς
3587 1213 3671 1264 is-

2077 1300 2188 1370 ρεῖς
2219 1299 2450 1370 Κυρίου.
2483 1299 2790 1368 Τοιγαροῦν
2837 1300 3196 1362 πεπτωκότας
3237 1299 3390 1367 Ὀζὰ,
3424 1303 3520 1354 καὶ
3552 1305 3669 1355 Δαε-

2072 1390 2158 1443 6ὶδ
2187 1390 2452 1460 φοϐηθεὶς
2479 1392 2560 1454 είς
2590 1390 2656 1443 τὰ
2687 1389 2935 1460 βασίλεια
2983 1390 3189 1461 ταύτην
3217 1394 3558 1460 εἰσαγαγεῖν,
3589 1393 3671 1458 ὡς

2071 1481 2242 1546 εἰκὸς,
2281 1481 2378 1552 τὴν
2408 1481 2552 1549 ἁφὴν
2612 1481 2985 1544 ὑποπτεύσας.
3027 1482 3116 1545 Ὠς
3158 1481 3217 1535 δέ
3243 1483 3336 1536 τὸν
3363 1482 3666 1553 δεξάμενον

2071 1572 2240 1642 αὐτὴν
2311 1571 2635 1626 Ἀϐεδδαδὰν
2690 1571 2720 1612 ιι
2771 1567 2912 1626 εἶδεν
2949 1571 3340 1642 εὐλογημένον,
3367 1573 3493 1643 ἄγει
3523 1574 3666 1644 πρὸς

2071 1665 2284 1730 ἑαυτὸν,
2308 1666 2406 1736 οὐχ
2437 1665 2622 1736 ἀμάξῃ
2683 1667 3056 1736 χρησάμενος,
3087 1665 3226 1720 ἀλλὰ
3279 1669 3395 1730 τοῖς
3449 1667 3665 1738 ἱερεῦσι

2073 1757 2216 1811 κατὰ
2247 1757 2339 1809 τὸν
2364 1758 2528 1827 νόμον
2591 1759 3034 1828 ἀνακρουόμενος
3094 1759 3211 1820 τοῖς
3245 1757 3521 1828 ὀργάνοις,
3565 1759 3667 1812 καὶ

385 1867 494 1906 non
529 1853 779 1922 plaustro
834 1861 1015 1924 utens,
1050 1851 1150 1908 sed
1181 1851 1532 1906 sacerdotum
1585 1867 1778 1922 opera,
1814 1853 1965 1923 juxta

2077 1849 2271 1920 στολὴν
2301 1847 2544 1914 ἐξαλλον,
2579 1850 2829 1902 τουτέστι
2883 1849 3160 1919 ποικίλην,
3213 1849 3566 1920 ἐνδεδυμένος
3607 1849 3652 1903 1.

385 1944 556 2013 legem
591 1943 834 2012 Domini;
870 1945 1100 2014 pulsans
1141 1959 1370 2014 organa,
1398 1946 1540 2000 stola
1571 1945 1773 2014 insigni
1807 1947 1974 2002 variis

382 2034 633 2103 gemmis,
673 2045 729 2090 et
751 2035 1030 2090 coloribus
1061 2035 1348 2098 distincta,
1403 2036 1648 2094 indutus.
1699 2037 1968 2104 Quemad-

383 2121 603 2176 modum
630 2123 938 2178 luculenter
963 2123 1016 2178 in
1051 2124 1192 2178 libro
1219 2122 1680 2196 Paralipomenon
1705 2126 1972 2195 exprimi-

385 2221 498 2266 tur.
545 2230 565 2264 ‹
597 2213 659 2268 Ει
723 2215 991 2281 tulerunt,
1033 2215 1238 2286 inquit,
1286 2233 1471 2271 arcam
1516 2217 1753 2282 Domini,
1810 2217 1971 2273 sieuti

384 2313 724 2371 praeceperat
757 2305 994 2376 Moyses,
1029 2306 1084 2360 in
1112 2308 1282 2360 verbo
1318 2306 1536 2362 Domini
1559 2307 1652 2364 Dei
1705 2308 1874 2364 Israel
1902 2309 1968 2373 ιτ,

381 2393 630 2448 vectibus
685 2395 875 2465 (juxta
931 2395 1313 2468 Scripturam)
1365 2399 1422 2453 in
1477 2398 1724 2453 humeris
1763 2399 1903 2456 suis.
1945 2418 1966 2452 ι

383 2482 487 2536 Sed
519 2483 647 2546 hoc,
679 2485 726 2540 si
761 2499 948 2540 verum
981 2493 1087 2549 est,
1127 2485 1410 2556 quomodo
1445 2488 1602 2544 solus
1651 2487 1818 2544 Ozam
1853 2503 1969 2559 pee-

380 2587 480 2628 nas
508 2573 680 2638 dedit,
705 2583 760 2630 et
786 2591 896 2630 non
929 2591 1124 2632 omnes
1156 2575 1404 2632 Levitze?
1433 2577 1620 2644 Quare
1646 2595 1755 2634 non
1781 2579 1965 2646 initio,

379 2664 477 2720 sed
503 2681 672 2730 nunc,
698 2667 928 2736 quando
953 2682 1138 2721 arcam
1181 2669 1438 2724 stabilire
1463 2669 1784 2739 aggreditur
1805 2671 1967 2742 Hgi-

378 2764 489 2816 tur,
516 2763 612 2810 aut
638 2757 754 2827 ipse
778 2772 1001 2823 suasor,
1069 2769 1374 2828 auctorque
1421 2760 1504 2815 eis
1560 2760 1685 2826 fuit,
1745 2770 1804 2814 ut
1846 2777 1967 2818 eam

378 2844 629 2912 plaustro
657 2845 1026 2911 imponerent,
1055 2861 1228 2914 quare
1260 2847 1414 2904 solus
1441 2848 1610 2904 etiam
1645 2849 1828 2917 puniri
1867 2847 1966 2904 de-

380 2935 517 2994 buit,
554 2933 701 2986 unde
733 2931 922 2988 forsan
953 2934 1242 3005 Scriptura
1273 2951 1397 2991 eum
1454 2936 1722 2990 fratribus
1754 2953 1967 3008 priapo-

379 3022 510 3076 suit.
534 3021 598 3074 Et
620 3023 844 3092 punitus
865 3031 950 3079 est
981 3025 1070 3079 ubi
1097 3026 1352 3096 apparuit
1367 3026 1498 3096 quid
1526 3042 1591 3081 ex
1615 3026 1968 3096 impositione

379 3114 433 3166 in
461 3115 706 3182 plaustro
740 3115 1006 3170 acciderit
1033 3123 1089 3170 et
1139 3115 1286 3174 Deus
1312 3133 1438 3173 eum
1471 3118 1745 3189 castigare
1767 3118 1961 3182 voluit,

379 3215 474 3261 aut
503 3207 641 3262 alias
675 3208 935 3279 indignus
965 3203 1091 3264 fuit.

453 3296 621 3352 Vens.
658 3299 744 3354 15.
781 3299 850 3354 Ει
879 3301 1119 3369 despexit
1146 3317 1268 3358 eum
1293 3301 1350 3356 in
1376 3303 1532 3356 corde
1559 3319 1676 3357 suo.
1713 3303 1966 3357 Alienum

380 3407 408 3444 a
443 3393 711 3461 dignitate
744 3394 893 3463 regia
923 3410 1049 3449 csse
1083 3395 1314 3465 putavit,
1335 3395 1479 3464 quod
1513 3397 1730 3466 publice
1760 3396 1814 3450 in
1850 3411 1970 3447 0m—

379 3482 534 3536 nium
586 3493 887 3553 conspectu
931 3485 1191 3540 saltabat.
1246 3485 1542 3542 Nesciebat
1591 3487 1739 3542 enim
1795 3487 1966 3541 divini

377 3571 594 3626 ardoris
623 3573 906 3638 stimulos,
955 3574 1102 3642 quod
1137 3573 1310 3630 David
1345 3591 1606 3632 sermone
1660 3578 1727 3632 ad
1789 3578 1967 3647 ipsam

377 3659 602 3718 Melchoi
637 3664 956 3719 declaravit.
989 3665 1155 3719 Addit
1205 3666 1272 3720 ad
1301 3667 1419 3722 haec
1459 3667 1771 3738 Scriptura,
1819 3669 1964 3736 quod

259 3777 270 3786 -
378 3751 548 3804 lilium
573 3769 680 3806 non
713 3754 993 3829 habuerit,
1023 3769 1137 3810 suae
1166 3757 1450 3814 irrisionis
1469 3772 1662 3828 poenas
1688 3759 1966 3825 indicans;

375 3834 578 3889 deinde
609 3837 800 3901 etiam,
838 3853 906 3892 ne
935 3840 1146 3909 regium
1171 3855 1364 3896 semen
1389 3857 1457 3896 ex
1488 3842 1582 3896 illa
1610 3859 1844 3910 regnum
1875 3846 1946 3898 ob

379 3927 600 3980 tineret.
641 3928 956 3988 Verisimile
1014 3932 1164 3984 enim
1213 3940 1298 3986 est
1350 3933 1606 3988 subditos
1645 3949 1798 3998 eum,
1870 3933 1964 4003 qui

377 4026 679 4088 utrumque
713 4035 998 4088 parentem
1031 4039 1097 4076 ex
1120 4025 1268 4094 regia
1297 4025 1475 4096 stirpe
1499 4024 1814 4092 habuisset,
1840 4029 1966 4082 aliis

377 4109 504 4164 filiis
542 4112 868 4180 prazlaturos
910 4112 1106 4170 fuisse.
1433 4128 1438 4133 '

449 4220 515 4274 Et
543 4223 782 4278 saltabat
819 4223 990 4280 David
1034 4229 1312 4285 concinno
1359 4233 1615 4304 corporis
1639 4234 1790 4288 motu
1827 4232 1966 4288 foris

372 4313 672 4369 ostendens
693 4317 962 4370 interuam
986 4318 1649 4393 dispositionem,nosque
1663 4324 1968 4380 simuledo—

313 4475 320 4480 Ι
375 4421 508 4460 rens
541 4421 652 4460 non
685 4409 1018 4464 erubescere
1047 4427 1294 4468 crucem.
1327 4413 1790 4484 Exprobrabatur
1831 4424 1966 4472 tunc

2084 1941 2149 1992 Ὀ
2167 1939 2224 1993 δὲ
2250 1940 2438 2010 σαφῶς
2469 1939 2702 2010 ἐδήλωσε
2720 1940 2826 1992 τῶν
2859 1940 3360 2012 Παραλειπομένων
3399 1943 3432 2012 ἡ
3456 1941 3664 2012 βίϐλος.

2081 2049 2101 2084 ι
2147 2027 2332 2104 *Ηραν
2361 2031 2491 2102 γὰρ.
2555 2033 2713 2102 φησι,
2770 2031 2870 2100 τὴν
2930 2031 3185 2094 κιόωτὸν,
3217 2031 3294 2094 ὼς
3354 2031 3665 2086 ἐνετείλατο

2073 2122 2314 2191 Moesi];
2344 2125 2402 2174 ἐν
2432 2121 2576 2192 λόγῳ
2609 2120 2812 2191 Κυρίου
2839 2119 2975 2173 Θεοῦ
3005 2119 3242 2191 Ἰσραὴλ,
3283 2139 3303 2174 ι
3337 2119 3430 2174 ὑπ’
3455 2123 3664 2192 ἀναφοο

2077 2215 2285 2287 ρεῦσιν,
2320 2216 2462 2268 κατὰ
2492 2215 2592 2284 τὴν
2617 2212 2862 2284 Γραφὴν,
2899 2214 2956 2266 ἐν
2994 2211 3166 2283 ὤμοις
3207 2211 3411 2267 αὐτῶν.
3439 2213 3580 2266 Ἀλλ’
3610 2215 3661 2266 εἰ

2073 2305 2256 2368 τοῦτο,
2288 2304 2407 2368 πῶς
2463 2304 2624 2374 μόνος
2658 2301 2818 2365 Ὀζὰν
2877 2300 3074 2362 ἔπαθε,
3127 2303 3225 2354 καὶ
3263 2299 3340 2372 μὴ
3378 2299 3584 2365 πάντες
3611 2303 3660 2354 οί

2073 2395 2426 2460 ΛευῖταιςΤί
2487 2395 2544 2448 δὲ
2588 2394 2664 2466 μὴ
2714 2395 2774 2460 ἐξ
2831 2395 3026 2464 ἀρχῆς,
3071 2392 3208 2450 ἀλλὰ
3247 2391 3342 2446 νῦν
3377 2393 3656 2463 στηρίζειν

2072 2488 2410 2559 ἐπιχειρῶν;
2464 2489 2532 2540 Ἢ
2592 2489 2776 2540 τοίνυν
2835 2487 2998 2548 αὐτὸς
3061 2486 3403 2556 εἰσηγήσατο
3459 2487 3522 2539 τὸ
3570 2486 3650 2556 ἐφ’

2073 2581 2292 2654 ἀμάξης
2345 2581 2550 2652 βαλεῖν,
2609 2579 2692 2633 διὸ
2728 2578 2823 2632 καὶ
2865 2579 3025 2648 μόνος
3075 2577 3380 2648 ἐπαμύνειν
3399 2578 3653 2650 ἠξίωσεν,

2069 2675 2194 2730 ὅθεν
2255 2675 2396 2744 τάχα
2467 2674 2561 2727 καὶ
2613 2669 2920 2743 προῦταξεν
2988 2669 3154 2723 αὑτὸν
3205 2669 3316 2724 τῶν
3345 2669 3654 2742 ἁδελφῶνή

2069 2767 2285 2839 Γραφή.
2319 2766 2428 2820 Καὶ
2481 2765 2720 2819 πέπονθε
2753 2763 2970 2826 κακῶς.
3004 2763 3093 2816 ὅτε
3137 2761 3200 2816 τὸ
3228 2761 3444 2816 ἀποϐὰν
3473 2764 3537 2816 ἐκ
3558 2763 3654 2818 τοῦ

2071 2861 2252 2931 βαλεῖν
2281 2859 2363 2928 ἐφ’
2389 2859 2605 2928 ἁμάξης
2657 2857 2932 2920 τεθέαται,
2959 2856 3112 2926 παρὰ
3174 2854 3236 2908 τδ
3270 2854 3500 2925 σφάλμα
3527 2871 3654 2908 παι-

2067 2954 2353 3016 δεύσαντο,
2402 2953 2564 3006 αὐτὸν
2617 2949 2711 3004 τοῦ
2766 2948 2924 3017 Θεοῦ,
2969 2949 3002 3020 ἢ
3063 2948 3161 3002 καὶ
3197 2947 3374 3012 ἄλλως
3416 2949 3655 3020 ὑπῆρχεν

2069 3046 2309 3111 ἀνάξιος.

2146 3306 2256 3357 Kal
2287 3303 2706 3366 ἑξουδένωσεν
2757 3302 2945 3356 αὐτὸν
2990 3303 3060 3356 ἐν
3086 3300 3161 3370 τῇ
3196 3302 3414 3372 καρδίᾳ
3439 3303 3650 3370 αὐτῆς.

2081 3397 2247 3468 ᾭήθη
2302 3395 2580 3466 ,ϐασιλέως
2644 3395 2930 3464 ἀλλότριον
2981 3395 3042 3447 τὸ
3095 3395 3335 3466 δημοσίᾳ
3381 3398 3652 3466 χορεύειν.

2069 3489 2143 3543 Οὐ
2164 3489 2272 3558 γὰρ
2307 3487 2420 3558 ᾔδει
2467 3486 2564 3540 τοῦ
2616 3486 2760 3540 θείου
2819 3485 2987 3538 πόθου
3035 3487 3104 3538 τὰ
3145 3487 3370 3557 κέντρα,
3400 3490 3544 3558 ἂπερ
3568 3487 3654 3540 διὰ

2067 3581 2177 3634 τῶν
2207 3580 2339 3650 πρὸς
2370 3577 2542 3649 αὐτὴν
2588 3579 2822 3648 ἀνέφηνε
2869 3577 3067 3646 λόγων.
3114 3578 3396 3648 Ἐπήγαγε
3425 3578 3482 3632 δὲ
3516 3579 3650 3630 τού-

2066 3689 2180 3736 τοις
2235 3675 2267 3742 ἡ
2316 3670 2530 3742 Γραφὴ,
2564 3669 2638 3732 ὡς
2691 3669 2790 3721 οὐκ
2848 3669 3066 3738 ἐγένετο
3093 3667 3306 3722 παιδίον
3364 3669 3526 3738 αὐτῇ,
3561 3667 3652 3720 τοῦ

2065 3764 2371 3836 διασυρμοῦ
2399 3763 2495 3835 τὴν
2527 3763 2685 3834 δίκην
2745 3762 3088 3831 ἐμφαίνουσα
3111 3777 3128 3793 ο
3177 3761 3274 3813 καὶ
3305 3752 3396 3814 διὰ
3431 3762 3512 3826 τὸ,
3547 3776 3653 3831 μηο

2066 3855 2192 3907 δένα
2223 3853 2283 3918 ἐξ
2311 3854 2523 3906 ἐκείνου
2575 3849 2896 3920 βασιλεῦσαι
2948 3847 3044 3902 τοῦ
3103 3848 3438 3919 σπέρματος.
3493 3849 3653 3911 Εἰκὸς

2069 3947 2178 4014 γὰρ
2225 3941 2294 4016 ἦν
2328 3945 2456 4006 τοὺς
2515 3943 2798 4012 ὑπηκόους
2839 3941 2928 3994 τὸν
2981 3939 3324 4010 ἑκατέρωθεν
3377 3937 3652 4008 βασιλικὸν

2070 4037 2408 4110 προτιμῆσαι
2444 4033 2552 4088 τῶν
2578 4032 2778 4088 ἄλλων.
3297 4069 3308 4076 .
3407 4027 3412 4032 “

2152 4213 2394 4282 Ὠρχεῖτο
2447 4211 2505 4265 δέ
2558 4211 2743 4276 Δαϐὶδ,
2774 4213 2840 4282 τῇ
2877 4211 3142 4285 εὐρύθμῳ
3176 4213 3387 4282 κινήσει
3421 4213 3518 4267 τοῦ
3545 4213 3652 4268 σώ-

2073 4322 2241 4375 ματος
2272 4305 2372 4375 τὴν
2403 4304 2552 4358 ἔνδον
2612 4304 2956 4374 δημοσιεύων
2984 4305 3250 4371 διάθεσιν,
3291 4307 3408 4375 ἅμα
3437 4308 3495 4360 δὲ
3527 4325 3652 4360 παι·

2069 4397 2243 4450 δεύων
2275 4397 2422 4466 ἡμᾶς
2484 4395 2559 4466 μὴ
2619 4395 3050 4464 ἐπαισχύνεσθαι
3086 4397 3178 4450 τὸν
3231 4397 3486 4466 σταυρόν.
3517 4399 3650 4451 Τότε

373 4501 629 4567 saltat-io,
681 4518 830 4557 nunc
874 4519 1011 4558 crux
1048 4505 1337 4561 irridetur.
1372 4505 1480 4562 Sed
1510 4507 1680 4563 David
1737 4510 1958 4580 quidem

2077 4493 2172 4564 μὲν
2198 4495 2304 4563 γὰρ
2328 4493 2556 4561 ἤρχησις
2590 4491 2922 4557 ὠνειδίζετο,
2951 4491 3047 4544 νῦν
3091 4493 3149 4546 δὲ
3185 4493 3416 4563 σταυρὸς
3448 4497 3594 4546 ἐστιν
3622 4493 3650 4545 ό

370 4593 498 4646 data
531 4600 614 4646 est
637 4594 855 4663 pietatis
886 4611 1116 4662 merces,
1151 4596 1456 4654 fecunditas
1485 4599 1782 4655 liberorum
1811 4599 1958 4670 quod

2077 4584 2488 4656 χλευαζόμενος.
2548 4583 2707 4635 Ἀλλὰ
2735 4583 2812 4650 τῷ
2844 4585 2943 4652 μὲν
2972 4583 3136 4637 Δαόὶδ
3183 4585 3340 4654 ἐδόθη
3363 4587 3465 4655 τῆς
3491 4585 3618 4638 εύλα
3637 4613 3650 4623 η

375 4679 429 4734 in
457 4683 574 4752 lege
603 4698 864 4753 magnum
900 4695 1019 4740 erat
1054 4687 1279 4755 bonum;
1317 4688 1550 4744 Melchol
1604 4700 1786 4746 autem
1834 4692 1958 4745 iuli-

371 4771 616 4824 dclitalis
655 4787 874 4842 pinnam
913 4776 1060 4842 tulit,
1092 4777 1302 4832 scilicet
1343 4780 1717 4834 sterilitatem.

445 4947 612 5004 Vens.
667 4950 756 5004 22.
811 4951 881 5006 Et
923 4956 1001 5008 sic
1055 4956 1296 5012 nudabor
1347 4958 1542 5024 adhuc,
1567 4969 1613 5015 et
1661 4978 1752 5014 ero
1803 4963 1958 5018 vilis.

368 5039 592 5111 Aquila,
613 5042 694 5097 Ad
723 5043 838 5098 haec
862 5047 1095 5114 amplius
1113 5047 1519 5118 dehonestabat",
1537 5061 1586 5106 et
1612 5052 1827 5109 humilis
1845 5072 1934 5110 ero

901 5221 1056 5278 CAP.
1115 5225 1205 5280 Vl.
1245 5225 1412 5301 [vn]

444 5307 612 5364 Vens.
658 5311 714 5365 5.
780 5310 848 5365 Et
881 5315 1018 5368 dixit
1077 5315 1302 5372 Nathan
1353 5321 1422 5373 ad
1477 5321 1649 5392 regem
1683 5339 1700 5376 :
1735 5322 1953 5389 Omnia,

364 5415 486 5466 qua:
515 5405 797 5470 concepisti
829 5419 886 5458 tn
915 5407 1075 5460 corde
1103 5417 1216 5472 tuo,
1242 5411 1394 5476 vade,
1419 5424 1468 5466 et
1493 5414 1603 5482 fac.
1659 5413 1955 5485 Propheta:

335 5506 475 5544 -non
509 5493 694 5546 omnia
731 5496 1114 5565 providerunt,
1151 5501 1247 5556 sed
1279 5504 1368 5556 illa
1403 5507 1693 5572 duntaxat,
1729 5524 1851 5577 qua!
1876 5508 1952 5562 di-

369 5579 496 5634 uina
525 5582 703 5646 gratia
733 5585 814 5639 eis
849 5588 1133 5644 revelavit.
1175 5591 1250 5646 Ita
1285 5596 1505 5648 Samuel
1531 5611 1751 5665 quoque
1790 5601 1945 5667 igno-

379 5674 383 5681 ’
436 5674 522 5729 ³⁷1
558 5675 732 5732 l’aral.
767 5695 855 5744 xv,
890 5680 976 5737 15.

2066 4675 2220 4738 θείας
2258 4674 2503 4743 μισθὸςή
2537 4673 2864 4726 πολυτεκνία
2889 4690 2902 4704 ·
2953 4671 3112 4726 τοῦτο
3153 4673 3262 4740 γὰρ
3298 4683 3337 4711 ¹³
3369 4675 3446 4745 τῷ
3501 4677 3650 4744 νόμῳ

2070 4767 2213 4840 μέγα
2243 4761 2310 4836 ἦν
2334 4765 2544 4842 ἀγαθόν
2563 4780 2576 4794 ο
2616 4766 2682 4835 τῇ
2707 4764 2763 4818 δέ
2788 4763 3004 4834 Μελχὸλ
3039 4765 3138 4834 τῆς
3166 4765 3426 4829 ἀπιστίας
3459 4766 3647 4836 μισθὸς

2067 4857 2312 4912 ἀτεκνία.
2343 4858 2404 4910 C.
2442 4857 2503 4913 Ι).

2137 4953 2246 5006 Καὶ
2285 4950 2876 5021 ἀποκαλυφθήσομωι
2937 4951 3027 5005 ἔτι
3055 4951 3270 5018 οὕτως,
3307 4953 3408 5007 καί
3433 4953 3676 5023 ἔσομαι.

2063 5045 2326 5114 ἀχρεῖος.
2366 5045 2621 5110 Ἀκύλας,
2669 5044 2779 5098 Kal
2807 5045 3294 5116 ἀτιμασθήσομαι
3349 5045 3438 5101 ἔτι
3495 5046 3650 5115 ὑπὲρ

2027 5207 2038 5217 θ
2065 5138 2264 5200 τοῦτο,
2292 5137 2389 5190 καὶ
2409 5136 2624 5206 ἔσομαι
2649 5136 2952 5202 ταπεινός.

2654 5228 2906 5282 ΚΕΦΑΛ.
2960 5230 3052 5295 ς’.

2137 5318 2246 5372 Καὶ
2280 5313 2410 5371 εἷπε
2442 5313 2650 5370 Ναϐὰν
2674 5316 2822 5384 πρὸς
2855 5317 2962 5370 τὸν
2975 5316 3508 5385 βασιλέα,Πὰντα,
3533 5318 3653 5372 ὅσα

2064 5412 2142 5465 ἂν
2177 5411 2250 5464 ἐν
2277 5408 2352 5477 τῇ
2417 5407 2632 5476 καρδίᾳ
2678 5423 2817 5472 σου,
2869 5406 3099 5472 βάδιζε,
3152 5409 3254 5462 καὶ
3303 5410 3482 5464 ποίει.
3539 5409 3652 5478 Οὐχ

2059 5504 2282 5558 ἅπαντα
2309 5501 2619 5572 προῄδεσαν
2673 5500 2724 5552 οἱ
2779 5499 3085 5570 προφῆται,
3121 5501 3238 5554 ἀλλ’
3270 5502 3414 5572 ἅπερ
3459 5503 3493 5571 ὴ
3529 5500 3650 5554 θεία

2055 5597 2217 5668 χάρις
2247 5592 2658 5647 ἀπεκάλυπτεν.
2692 5588 2882 5656 Οὕτως
2928 5594 2956 5646 ό
2986 5593 3244 5665 Σαμουὴλ
3269 5593 3508 5663 ἠγνόησε
3531 5591 3652 5645 τίνα

1689 5751 1924 5807 VAlll/E
1966 5754 2372 5812 LECTIONES.

403 5841 430 5880 ιι
459 5841 537 5893 Ad
563 5854 715 5892 oram
750 5843 875 5895 libri
905 5845 1172 5912 scriptum
1207 5855 1325 5898 erat
1356 5843 1696 5912 Ἀὗεεδαραίη

1793 5845 1811 5924 _1
1856 5848 2003 5924 "me
2028 5849 2482 5924 codexlmvateri
2531 5853 2825 5922 separabat
2855 5868 2886 5907 a
2921 5853 3301 5924 superioribus
3329 5850 3488 5922 quasi
3525 5865 3646 5908 ver-

373 5909 436 5964 ῑιτι
486 5917 669 5964 textus
701 5921 923 5973 essent,
965 5909 1070 5965 non
1109 5914 1377 5968 Procooii.
1461 5927 1498 5953 ιιι
1543 5909 1606 5967 Ὃ
1635 5915 1708 5966 τῶ
1744 5917 1914 5970 νᾶιιίσ).
1957 5918 2015 5970 Ὀ
2053 5920 2150 5988 τῆς
2189 5922 2321 5986 Αύγ.
2353 5921 2483 5974 κιὶλὸ.
