3992 6406
236 429 361 500 ΗΠ

1208 418 1760 491 ἘΟΜΜΕΝΤᾹΒΙΙ
1801 429 1883 491 1N
1921 398 2076 493 LIB:
2116 427 2178 490 11
2210 426 2503 491 REGUM.

3351 421 3486 487 H38

290 522 769 606 Hapdrtrdym‘oc
817 537 927 602 ἕως
969 536 1076 591 τοῦ
1119 536 1262 605 ρὥ.
1317 537 1411 605 Ei;
1439 541 1537 609 τὴν
1591 539 1790 609 ἄκραν.

1966 538 2131 594 Vens.
2173 538 2262 592 52.
2312 540 2447 592 ('um
2498 537 2725 592 venisset
2781 551 2943 605 usque
2993 533 3066 588 ad
3107 544 3372 589 verticem.
3430 536 3485 591 lu

223 631 385 699 Λέγει
428 630 484 684 δὲ
524 629 616 684 τὸν
641 630 928 697 Ἐλαιῶνα,
970 629 1095 684 ὅθεν
1119 634 1147 685 ὁ
1177 632 1454 702 Δεσπότης
1501 626 1801 705 ἀνειλήφθη

227 722 483 791 Χριστός.
514 723 627 778 Καὶ
654 722 1065 794 προσεκύνησεν
1111 724 1230 778 ἐκεῖ
1257 724 1336 794 τῷ
1373 724 1496 795 Θεῷ
1516 766 1531 790 ,
1578 729 1659 789 είς
1703 726 1804 795 τὴν

226 810 448 881 σκηνὴν,
484 810 561 874 ὡς
590 811 755 875 είκδς,
792 811 1121 883 ὑποϐλέψας,
1157 814 1253 868 καὶ
1284 814 1384 885 την
1417 814 1674 879 κιϐωτὸν,
1705 814 1805 886 τὴν

226 906 283 956 ἐν
314 901 490 974 ταύτῃ
521 904 805 972 κειμένην.

293 993 482 1047 Χουσὶ
507 997 538 1046 ό
570 993 944 1062 ἀρχιεταῖρος
975 994 1176 1051 Δαὸίᾶ.
1204 995 1361 1059 Τινὲς
1393 996 1493 1049 οὐκ
1522 995 1804 1057 ἐπαινοῦσι

223 1085 313 1137 τοῦ
363 1085 534 1138 Χουσὶ
562 1086 621 1137 τὸ
640 1085 855 1154 ψεῦδος,
885 1087 1208 1154 ἀγνοοῦντες
1247 1086 1323 1150 ὡς
1378 1086 1476 1140 σὺν
1525 1086 1715 1156 ἁγαθῷ
1746 1086 1807 1141 τὸ

222 1177 414 1247 ψεῦδος
440 1178 556 1231 ἴσον
586 1178 703 1230 ἐστὶ
732 1180 796 1246 τῇ
828 1178 1084 1249 ἀληθείᾳ.
1119 1178 1372 1248 Ἀγαθῶν
1393 1177 1525 1247 γὰρ,
1571 1179 1666 1233 καὶ
1695 1178 1806 1232 τῶν

223 1270 505 1334 ἐναντίων,
527 1269 618 1322 τὸν
641 1270 845 1323 σκοπὸν
876 1270 1164 1341 ζητητέον,
1187 1271 1281 1323 καὶ
1301 1269 1476 1333 οὕτως
1499 1270 1807 1342 εὑρήσομεν

225 1361 488 1429 ἑκάτερον
535 1359 763 1427 ἀγαθὸν,
817 1359 851 1431 ἢ
914 1362 1105 1414 κακόν.
1138 1360 1235 1424 Τίς
1282 1360 1393 1430 γὰρ
1434 1360 1538 1414 οὐκ
1591 1360 1658 1415 ἂν
1706 1362 1808 1432 τὴν

225 1450 488 1518 ἀλήθειαν
527 1448 627 1517 τὴν
660 1449 934 1523 ¹Ἡρώδου
986 1451 1449 1520 κακηγορήσειεν,
1505 1451 1602 1505 ἐπὶ
1660 1452 1807 1523 φόνῳ

227 1542 521 1611 γενομένην
548 1539 643 1594 τοῦ
676 1541 1017 1608 Βαπτιστοῦ;
1050 1542 1205 1596 Ἐπεὶ
1228 1543 1338 1613 γὰρ
1358 1540 1571 1612 ὤμοσεν
1595 1541 1670 1606 ὡς
1708 1545 1808 1597 οὐκ

228 1635 351 1695 ἔδει,
383 1634 445 1686 τὸ
471 1632 667 1702 ψεῦδος
710 1633 1077 1704 αἱρετώτερον
1111 1633 1216 1703 τῆς
1238 1634 1474 1703 σφαγῆς.
1512 1634 1810 1693 Κάνταῦθα

228 1729 407 1779 τοίνυν
454 1725 486 1793 ὴ
526 1725 821 1796 ὑπόκρισις
858 1726 960 1779 οὐκ
995 1726 1088 1778 ἐπὶ
1122 1724 1304 1795 κέρδει
1348 1726 1671 1796 χρημάτων,
1708 1727 1810 1782 οὒκ

228 1818 311 1882 ἐφ’
338 1817 545 1884 ἐτέρων
580 1815 749 1888 λύμῃ,
776 1816 891 1870 ἀλλ’
919 1817 1011 1870 ἐπὶ
1044 1817 1156 1889 ζωῇ
1194 1816 1478 1889 προφήτου
1536 1819 1633 1873 καὶ
1656 1817 1810 1890 βασι-

228 1909 357 1973 λέως
390 1908 747 1973 εύσεϐοῦντος
776 1910 1015 1979 ἐγένετο.

826 2173 1078 2229 ΚΕΦΛΛ.
1113 2175 1209 2228 IA'.

310 2264 468 2320 Ἰδού
512 2280 616 2320 σοι
646 2263 847 2319 πάντα
903 2263 975 2319 τὰ
1026 2263 1405 2334 Μεμφιϐαάλ.
1455 2264 1568 2337 Τὴν
1609 2265 1810 2337 εὐχερῆ

156 2420 159 2425 _
235 2354 396 2409 πειθὼ
420 2354 517 2409 τοῦ
543 2355 710 2408 Δαϐίδ
746 2371 893 2418 τινες
945 2355 1393 2425 κατεμέμψαντο.
1422 2356 1565 2411 Ἀλλ’
1595 2358 1811 2428 εἴρηται

239 2446 623 2510 πολλάκι;,’ὼς
653 2447 752 2517 οὐχ
783 2445 1002 2500 ἅπαντα
1031 2445 1395 2513 γινώσκουσιν
1422 2449 1473 2502 oi
1508 2449 1808 2519 προφῆται.

241 2534 401 2601 Οὗτος
454 2540 510 2593 δὲ
555 2541 650 2593 καὶ
694 2540 958 2602 πιθανοὺς
1024 2539 1218 2608 λόγους
1279 2541 1372 2595 καὶ
1416 2540 1566 2612 δῶρα
1638 2557 1812 2613 προσ-

245 2635 457 2700 ήνεγκε,
495 2630 592 2702 τὴν
639 2630 854 2684 εὔνοιαν
885 2630 1318 2700 ἐνδεικνύμενος.
1359 2631 1566 2685 Μαθὼν
1602 2630 1661 2685 δὲ
1712 2631 1813 2703 τὴν

234 2706 493 2793 ἀλήθειαν
532 2725 560 2777 ὀ
607 2723 794 2788 Δαϐὶδ,
843 2723 1174 2794 ἀμφοτέροις
1203 2723 1431 2794 ἐμέρισε
1460 2725 1560 2794 τὴν
1602 2723 1810 2779 ούσίαν.

248 2816 488 2893 Ἐκεῆίνου
519 2833 579 2870 τε
637 2817 800 2870 πάλιν
843 2816 1091 2887 ὲκήδετο.
1145 2817 1257 2870 Καὶ
1292 2818 1400 2870 τῶν
1451 2817 1815 2872 Γαϐαωνιτῶν

239 2907 364 2961 ἑπτὰ
399 2907 507 2962 τοῦ
538 2908 713 2961 Σαοὺλ
758 2907 853 2960 ἐπὶ
898 2908 978 2977 τῷ
1020 2907 1165 2977 λιμῷ
1201 2911 1485 2977 συγγενεῖς
1512 2907 1815 2979 ῂτηκότων,

234 2998 326 3051 οὐκ
350 2999 594 3065 ἐξέδωκε
626 2999 717 3051 τὸν
752 2998 1221 3068 Μεμφιϐαὰλ,τὰς
1249 2999 1385 3071 πρὸς
1410 2999 1666 3055 Ἰωνάθαν
1697 3015 1821 3052 συν-

1907 633 2164 685 verticem
2199 629 2458 698 intelligit
2505 636 2684 683 autem
2727 634 2968 683 montem
2994 627 3308 688 Olivarum,
3342 630 3497 682 utile

1906 721 2171 777 Dominus
2197 729 2384 777 noster
2416 719 2669 776 Christus
2703 726 3022 789 assumptus
3048 727 3154 775 est.
3196 717 3262 772 Et
3284 719 3488 773 adora-

1907 813 1982 867 vit
2011 812 2087 866 ibi
2134 811 2326 876 Deum,
2360 810 2430 863 ad
2477 808 2920 875 tabernaculum,
2969 819 3025 864 et
3074 823 3260 864 aream
3312 808 3368 862 in
3420 822 3495 863 eo

1904 904 2223 975 repositam,
2259 910 2319 956 ut
2357 917 2457 971 par
2484 908 2629 967 erat,
2666 901 2990 970 respiciens.

1974 994 2146 1051 Vens.
2188 996 2280 1052 37.
2324 992 2495 1049 Clausi
2528 1008 2768 1047 summus
2801 993 3006 1046 amicus
3039 991 3232 1047 David.
3254 991 3488 1058 Quidam

1906 1087 2252 1144 mendacium
2316 1085 2420 1139 hoe
2464 1082 2634 1139 Chusi
2685 1099 2794 1137 non
2852 1084 3109 1154 probant.
3166 1082 3495 1155 lgnorantes

1909 1179 2283 1242 mendacium,
2315 1175 2463 1246 quod
2496 1176 2700 1229 bouum
2734 1174 2894 1230 linem
2919 1174 3273 1246 praepositum
3301 1174 3486 1235 habet,

1907 1272 2126 1330 veritati
2173 1271 2547 1342 aquipollere.
2584 1268 2863 1325 Bonorum
2907 1271 3052 1326 enim
3106 1276 3163 1327 et
3220 1270 3489 1324 malorum

1909 1361 2228 1426 consilium,
2275 1369 2328 1415 et
2369 1375 2573 1431 scopus
2608 1360 2973 1433 inquirendus
3012 1370 3117 1425 est,
3148 1369 3202 1415 et
3227 1360 3308 1415 sic
3339 1358 3493 1414 iuve-

1909 1452 2127 1508 niemus
2168 1458 2352 1506 utrum
2412 1451 2617 1507 bonum
2661 1468 2731 1506 an
2782 1451 2986 1506 malum
3038 1452 3129 1505 sit.
3165 1448 3300 1516 Quis
3344 1450 3490 1504 enim

1909 1544 2199 1599 veritatem
2242 1541 2480 1599 Herodis
2511 1545 2567 1599 in
2599 1544 2749 1600 caede
2792 1543 3025 1599 Joannis
3073 1541 3334 1612 Baptistae
3380 1556 3490 1596 non

1910 1637 2109 1691 merito
2167 1636 2633 1705 reprehenderet?
2678 1636 2815 1691 Cum
2873 1635 3023 1690 enim
3083 1635 3330 1689 illicitam
3376 1649 3491 1687 rem

1906 1727 2377 1797 jurasset,satias
2420 1728 2624 1784 fuisset
2672 1729 2918 1791 mentiri,
2959 1742 3126 1798 quam
3162 1727 3369 1782 caedem
3414 1725 3497 1780 fa-

1911 1835 2058 1874 cere.
2095 1818 2272 1886 Atque
2302 1819 2406 1875 hac
2450 1822 2675 1891 quidem
2725 1821 2780 1874 in
2820 1836 2882 1876 re
2925 1835 3035 1874 non
3084 1819 3388 1881 simulavit,
3439 1829 3499 1872 ut

1914 1915 2203 1984 pecuniam
2248 1912 2583 1980 acquireret,
2638 1922 2734 1968 aut
2795 1914 3100 1984 perniciem
3155 1913 3279 1969 aliis
3336 1911 3501 1969 alier-

1911 2009 2034 2067 ret;
2071 2000 2188 2067 sed,
2254 2008 2315 2056 ut
2356 2002 2430 2072 pii
2488 2003 2636 2074 regis
2675 2010 2730 2059 et
2775 2002 3058 2074 prophetze
3099 2003 3266 2058 vitam
3312 2001 3502 2059 defen-

1909 2093 2088 2150 deret.

2412 2185 2565 2242 CAP.
2605 2184 2726 2242 xw
2792 2185 2990 2261 [XVI].

1975 2276 2143 2335 Vens.
2183 2279 2235 2334 4.
2281 2277 2415 2336 Ecce
2466 2289 2560 2334 tua
2609 2288 2733 2335 sunt
2790 2282 2996 2348 omnia,
3035 2274 3156 2353 qua:
3203 2291 3354 2337 erant
3392 2281 3506 2337 Me-

1910 2370 2147 2440 phibaal.
2189 2370 2427 2438 Quidam
2481 2372 2708 2427 nimiam
2755 2374 2899 2428 hanc
2930 2372 3154 2429 Davidis
3202 2375 3503 2431 credulita-

1911 2469 2021 2515 tem
2044 2462 2534 2531 reprehenderunt.
2592 2460 3088 2521 Verumenimvero
3122 2481 3504 2536 saepenumero

1913 2551 2120 2607 dictum
2182 2561 2270 2609 est
2343 2555 2643 2624 prophetas
2697 2572 2808 2611 non
2864 2558 3050 2613 omnia
3099 2559 3340 2615 novisse.
3404 2556 3505 2613 llic

1914 2650 2099 2697 autem
2158 2642 2521 2712 probabilem,
2577 2653 2633 2698 et
2668 2644 2733 2699 ad
2785 2644 3234 2713 persuadendum
3285 2647 3507 2717 apposi-

1915 2739 2025 2785 tam
2050 2731 2355 2787 orationem
2394 2731 2619 2799 habuit;
2663 2731 2883 2794 deinde,
2938 2748 3166 2788 munera
3220 2733 3387 2788 etiam
3428 2741 3507 2787 at-

1917 2827 2064 2893 tulit,
2090 2841 2248 2882 suam
2286 2827 2723 2884 benevolentiam
2759 2828 3075 2884 declarans.
3115 2827 3286 2885 David
3321 2838 3505 2885 autem

1916 2932 1978 2971 re
1999 2916 2239 2987 cognita,
2280 2925 2343 2972 ut
2380 2932 2574 2974 revera
2612 2933 2674 2974 se
2703 2918 2960 2983 habebat,
3023 2919 3247 2990 utrique
3295 2928 3507 2990 partem

1919 3007 2243 3063 substantiae
2273 3008 2598 3079 assignavit,
2648 3017 2705 3064 et
2762 3007 2948 3063 denuo
2988 3009 3134 3064 illius
3182 3024 3372 3065 curam
3418 3024 3511 3064 ra-

231 3092 401 3162 θήκας
442 3091 650 3161 τηρῶν.
685 3091 797 3142 Καὶ
829 3088 1070 3160 μειώσας
1108 3090 1165 3143 δὲ
1195 3090 1297 3158 τὴν
1342 3090 1557 3151 οὐσίαν,
1600 3088 1818 3143 καθεῖλε

1931 3096 2243 3166 lienemque
2283 3096 2498 3152 habuit.
2547 3095 2684 3150 Nam
2730 3111 2858 3151 cum
2912 3095 3236 3152 Gabaonitae
3267 3107 3515 3165 tempore

234 3183 295 3235 τὸ
328 3182 587 3253 φρόνημα
632 3179 724 3234 τοῦ
763 3180 838 3250 μὴ
884 3178 1179 3251 τυραννίδα
1230 3178 1618 3248 φαντάζεσθαι,
1657 3180 1821 3243 Ἴσως

1931 3187 2085 3242 ramis
2125 3196 2335 3258 septem
2385 3198 2652 3258 cognatos
2701 3188 2884 3245 Saulis
2916 3196 3191 3260 peterent,
3233 3203 3344 3243 non
3398 3195 3515 3242 tra-

238 3274 331 3326 καὶ
375 3274 588 3342 μαθὼν,
636 3270 880 3326 τοιοῦτόν
920 3288 972 3324 τι
1003 3269 1388 3338 πεφαντάσοαι
1433 3270 1526 3323 τὸν
1573 3270 1693 3323 νέον
1718 3310 1734 3336 ,
1768 3270 1818 3323 εί

1931 3276 2059 3334 didit
2087 3280 2169 3334 eis
2194 3278 2525 3349 Mephihaal,
2580 3280 2678 3336 sed
2724 3292 2950 3351 pactqu
2986 3297 3112 3335 cum
3142 3279 3374 3334 Jonatha
3410 3279 3518 3332 ini—

237 3367 331 3417 καὶ
354 3366 454 3434 τὴν
491 3362 788 3430 ἀπολογίαν
822 3361 898 3424 ὡς
950 3360 1160 3430 ἀγαθὸς
1204 3359 1556 3431 παρεδέξατο.
1604 3361 1680 3414 Οὐ
1710 3359 1820 3431 γὰρ

1931 3379 2035 3425 tum
2092 3372 2355 3427 servavit.
2418 3372 2731 3438 Praeterea,
2792 3372 3171 3427 substantiam
3236 3373 3513 3435 minuens,

237 3459 326 3516 ἂν,
358 3457 451 3510 τὸν
476 3455 740 3509 δεσπότου
787 3452 1296 3527 καταψευσάμενον,
1329 3452 1426 3504 σὺν
1475 3451 1626 3523 αὐτῷ
1659 3469 1818 3523 μεριο

1931 3461 2163 3515 Inimum
2215 3462 2389 3531 ipsius
2417 3462 2617 3533 dejecit
2666 3479 2734 3518 ne
2772 3477 3002 3533 regnum
3035 3462 3336 3518 al'l'ectaret.
3389 3460 3520 3517 For-

237 3550 372 3617 στὴν
400 3545 718 3615 εἰργάσατο,
748 3543 868 3596 δέον
890 3544 986 3596 καὶ
1009 3542 1455 3613 τιμωρήσασθαι.

1931 3550 2088 3605 lassis
2134 3554 2421 3622 cognovit,
2482 3562 2540 3608 et
2605 3554 2998 3609 animadvertit
3049 3553 3212 3608 talem
3271 3553 3515 3623 aliquam

239 3657 267 3691 ιι
310 3636 609 3692 otecentis
639 3634 1109 3703 imaginationem,
1144 3643 1200 3686 et
1240 3634 1416 3689 bonus
1470 3646 1593 3689 cum
1640 3639 1811 3700 esset,
1852 3646 2268 3700 excusationem
2321 3646 2551 3717 recepit.
2599 3645 2933 3702 Aliasenim
2992 3645 3168 3710 illum,
3249 3647 3341 3716 qui
3419 3648 3519 3699 ad-

239 3745 436 3783 \‘t't'stts
467 3726 754 3780 Dominum
799 3738 959 3778 suum
1001 3722 1350 3778 mendaciqu
1424 3723 1662 3789 dixerat,
1730 3739 1894 3795 quem
1934 3730 2132 3799 punire
2154 3733 2343 3803 potius
2372 3734 2630 3799 debebat,
2660 3746 3019 3806 nequaquam
3037 3732 3364 3806 participem
3391 3750 3518 3789 cum

238 3836 307 3874 eo
332 3819 577 3873 fecisset.

311 3914 463 3967 Ἰδοὺ
494 3915 624 3981 υἱός
642 3932 785 3985 μου,
814 3921 848 3971 ό
887 3918 1160 3983 ἐξελθὼν
1180 3921 1250 3976 ἐκ
1280 3919 1395 3989 τῆς
1418 3921 1658 3986 κοιλίας
1684 3936 1830 3989 μου.

241 3997 438 4065 Οὗτος,
486 4005 640 4073 φησὶ,
688 4006 928 4061 παλαιὰν
979 4004 1096 4080 εἶχε
1151 4010 1294 4082 πρὸς
1354 4011 1456 4081 ἐμὲ
1491 4008 1592 4080 τὴν
1628 4010 1832 4079 δυσμέ-

214 4098 418 4160 ‘vszav,
453 4099 518 4150 ἐκ
564 4101 667 4167 τῆς
708 4100 806 4153 τοῦ
843 4102 1017 4156 Σαοὺλ
1049 4103 1376 4171 συγγενείας
1418 4102 1704 4173 ὑπάρχων,
1737 4100 1835 4153 καὶ

243 4189 417 4254 ἀξιοῖς
451 4180 643 4244 τοῦτον
685 4190 1003 4262 ἀμύνασθαι
1040 4193 1134 4246 τὸν
1189 4195 1324 4263 ἐμὸν
1357 4194 1476 4247 υίδν
1528 4192 1835 4265 φρονοῦντα

246 4280 468 4351 θεωρῶν
500 4284 620 4335 κατ’
655 4282 812 4352 ἐμοῦ.
853 4284 986 4337 Θεία
1009 4286 1191 4339 τοίνυν
1214 4289 1247 4355 ἡ
1283 4285 1491 4356 ψῆφος,
1523 4289 1698 4355 πέρας
1724 4288 1836 4349 τοῖς

246 4373 646 4444 προρρηθεῖσιν
697 4374 1002 4443 ἐπάγουσα.
1053 4376 1166 4429 Καὶ
1221 4376 1305 4429 δεῖ
1354 4379 1683 4447 καρτερεῖν,
1739 4376 1836 4428 καὶ

246 4465 523 4534 πραότητι
556 4464 657 4534 τὴν
690 4465 842 4519 θείαν
880 4466 1239 4534 μεταϐάλλειν
1272 4468 1465 4539 ὀργήν.
1512 4468 1624 4521 Καὶ
1663 4465 1861 4520 ταῦτα.

207 4594 217 4630 _.
251 4557 343 4623 μὲν
364 4558 392 4609 ὀ
423 4556 577 4619 θεῖος
606 4558 767 4628 ἁνήρ.
803 4558 949 4629 Πλὴν
976 4560 1037 4612 οὐ
1058 4559 1160 4630 τῆς
1192 4560 1344 4623 θείας
1375 4559 1680 4629 ἐνεργείας,
1711 4557 1836 4612 οὔτε

198 4648 219 4737 ξ
251 4648 341 4700 τοῦ
372 4649 612 4719 Ἀμμὼν
638 4651 671 4718 ἡ
704 4650 1021 4719 παράνομος
1054 4650 1333 4713 συνουσία,
1368 4649 1491 4705 οὔτε
1524 4651 1618 4704 τοῦ
1642 4650 1837 4703 ’Λϐεσ-

263 4737 450 4810 σαλὼμ
475 4741 512 4808 ὴ
566 4737 973 4807 ἁδελφοκτονία,
1023 4741 1119 4792 καὶ
1167 4742 1201 4810 ἡ
1234 4742 1376 4795 κατὰ
1407 4739 1503 4793 τοῦ
1544 4740 1751 4812 πατρὸς
1804 4742 1838 4811 ἡ

258 4831 492 4900 τοσαύτη
529 4831 720 4898 μανία,
764 4832 904 4884 ἀλλὰ
934 4832 1036 4902 τῆς
1081 4831 1234 4895 θείας
1276 4835 1308 4900 ἡ
1343 4831 1438 4885 τοῦ
1481 4831 1644 4885 Δαόὶδ
1691 4832 1842 4886 οίκία

256 4921 608 4988 γυμνωθεῖσα
654 4920 1006 4993 κηδεμονίας,
1067 4924 1276 4993 σκάφος
1296 4924 1668 4997 ἀκυϐέρνητον
1714 4923 1841 4992 ἐμισ-

264 5014 434 5080 μείτο,
461 5014 567 5066 καὶ
607 5013 707 5077 τὰς
739 5014 851 5068 τῶν
882 5014 1137 5087 πονηρῶν
1171 5016 1433 5086 κυμάτων
1470 5016 1688 5086 ἐδέχετο
1715 5031 1841 5086 τρι-

261 5104 486 5173 κυμίας.

332 5191 529 5261 οὗτος
564 5192 734 5251 πᾶσα
756 5194 1017 5264 ἠβουλὴ
1046 5196 1105 5252 Ἀ
1117 5198 1365 5266 χιτόφελ
1398 5196 1499 5253 καί
1530 5195 1610 5263 τῷ
1637 5195 1841 5260 Δαϐίδ,

264 5287 362 5341 καί
389 5288 469 5354 τῷ
497 5289 913 5358 Ἀσεσσαλώμ
964 5289 1089 5353 Πῶς
1130 5292 1158 5345 ὁ
1205 5290 1369 5343 Δαδὶδ
1416 5290 1615 5361 ἐχρῆτο
1669 5290 1845 5359 τούτῳ

270 5379 579 5450 συμϐούλῳ.
607 5382 821 5453 πονηρὰ
856 5381 1318 5453 συμῦουλεύοντις
1355 5382 1493 5437 ἀλλὰ
1531 5383 1747 5453 δηλῶν,
1768 5381 1845 5448 ὡς

267 5476 380 5535 τοῖς
431 5473 704 5545 παροῦσιν
734 5450 1081 5545 ηρμόττετο,
1129 5476 1223 5526 καὶ
1258 5475 1395 5543 πρὸς
1451 5474 1544 5528 τὸν
1577 5450 1843 5540 ἑκατέρου

273 5565 467 5634 τρόπον
496 5567 731 5620 ἐποιεῖτο
759 5568 857 5629 τὰς
886 5565 1218 5637 ωμὸουλάς.
1258 5565 1404 5636 Πρὸς
1441 5566 1541 5636 μὲν
1569 5566 1662 5620 τὸν
1710 5566 1845 5633 ἀγα-

271 5655 383 5720 θὸν,
419 5655 707 5727 κρύπτων’
741 5658 877 5725 πρὸς
921 5658 980 5711 δὲ
1036 5656 1127 5711 τὸν
1161 5657 1364 5728 φαῦλον
1386 5696 1401 5719 ,
1442 5658 1539 5711 καὶ
1585 5656 1845 5727 χαίροντα

273 5750 478 5809 κακοῖς,
511 5749 608 5819 τὴν
647 5750 913 5819 πονηρίαν
955 5749 1187 5811 δεικνύς.
1238 5750 1343 5803 Καὶ
1375 5749 1464 5801 τὸν
1501 5748 1667 5803 saeta
1705 5750 1842 5800 ἀπο-

267 5837 496 5897 assistam
524 5841 804 5910 ἠπείγετο,
836 5840 1041 5907 δεδιὼς,
1081 5841 1154 5912 μὴ
1205 5841 1410 5913 try/iit,
1460 5841 1592 5913 πρὸς
1624 5841 1840 5895 διαλλα-

1998 3921 2168 3980 Vsas.
2212 3924 2301 3980 ﬂ.
2342 3923 2480 3980 Ecce
2506 3925 2655 3996 ﬁlias
2686 3941 2856 3987 meus,
2907 3924 3000 3994 qui
3036 3938 3279 3995 egressus
3321 3933 3400 3978 est
3459 3922 3524 3974 de

1936 4025 2085 4068 utero
2146 4031 2283 4082 utea,
2328 4024 2440 4072 etc.
2490 4017 2629 4070 Cum
2677 4013 2897 4082 Samaei,
2946 4016 3145 4086 inquit,
3199 4014 3268 4071 de
3315 4014 3524 4070 familia

1937 4105 2123 4162 Saulis
2174 4108 2445 4164 oriundus
2488 4108 2580 4173 sit,
2629 4114 2868 4164 veterem
2922 4122 3139 4162 mecum
3188 4106 3523 4162 simultatem

1933 4207 2175 4262 exercet,
2211 4197 2280 4252 de
2310 4198 2416 4252 hoe
2447 4198 2714 4253 ultionem
2739 4197 2824 4253 vis
2867 4196 3110 4266 exigere,
3162 4211 3290 4252 cum
3334 4195 3526 4251 videas

1939 4287 2111 4340 lilium
2143 4288 2271 4341 vita:
2303 4285 2535 4342 insidias
2563 4285 2825 4341 struere?
2853 4280 3047 4340 Divina
3075 4285 3347 4341 sententia
3385 4284 3523 4350 haec,

1936 4394 2059 4448 qua!
2081 4379 2339 4449 praedicta
2366 4387 2516 4444 sunt,
2548 4378 2616 4433 ad
2649 4378 2809 4433 tinem
2838 4393 2991 4433 nunc
3018 4378 3291 4447 perducit.
3321 4376 3529 4431 Perdu-

1941 4470 2176 4525 randum
2219 4470 2409 4541 igitur,
2456 4478 2513 4527 et
2561 4471 2823 4540 patientia
2854 4470 2934 4522 ira
2972 4469 3160 4523 divina
3216 4467 3527 4537 superanda

1940 4571 2046 4618 est.
2073 4562 2254 4631 Atque
2299 4562 2414 4617 hate
2464 4560 2551 4617 vir
2580 4561 2672 4615 ille
2717 4567 2967 4615 sanctus.
3005 4559 3295 4622 Caeterum,
3348 4573 3530 4627 neque

1946 4652 2234 4707 Ammonis
2293 4653 2484 4722 iniqua
2546 4650 2919 4715 cohabitatio,
2969 4663 3147 4719 neque
3213 4646 3528 4703 Absalomis

1941 4744 2323 4816 parricidium,
2359 4758 2539 4814 neque
2579 4750 2766 4797 tantus
2798 4750 2991 4797 contra
3024 4746 3307 4811 parentem
3347 4737 3526 4799 furor,

1941 4855 2008 4893 ex
2035 4838 2355 4910 operatione
2387 4837 2575 4893 divina
2617 4836 2743 4901 fuit,
2778 4835 2875 4891 sed
2921 4834 3123 4890 donius
3149 4831 3399 4898 Davidis,
3433 4830 3526 4886 Dei

1944 4930 2340 4999 gubernatione
2380 4927 2670 4993 destituta,
2729 4926 2878 4991 navi,
2936 4940 3061 4996 quae
3104 4924 3528 4996 gubernatorem

1944 5038 2053 5077 non
2086 5022 2271 5080 habet.
2305 5020 2505 5077 similis
2539 5029 2678 5083 erat,
2713 5028 2767 5074 et
2797 5019 3070 5073 malorum
3100 5017 3358 5083 maximis
3392 5030 3534 5087 pro—
3600 5054 3607 5061 .

1944 5111 2098 5165 cellis
2144 5117 2200 5165 et
2229 5116 2553 5179 tempestate
2580 5107 2915 5179 iactabatur.

2015 5200 2182 5256 Vsus.
2222 5201 2317 5256 23.
2343 5200 2411 5254 Et
2436 5200 2539 5271 fuit
2561 5216 2721 5254 omne
2748 5198 3036 5254 consilium
3059 5195 3389 5263 Achitophet.
3418 5205 3532 5249 tam

1946 5290 2088 5356 apud
2122 5288 2313 5353 David,
2343 5304 2505 5359 quam
2528 5285 2688 5357 ἀραιά
2729 5285 2984 5341 Αὸεαίοη.
3030 5282 3316 5351 Quomodo
3363 5282 3532 5338 David

1951 5383 2051 5436 hoc
2076 5381 2420 5442 consiliario,
2448 5378 2590 5433 mala
2623 5378 2967 5441 consulente,
2993 5391 3129 5433 usus
3161 5376 3287 5431 est?
3308 5375 3533 5430 Certum

1949 5481 2035 5528 est
2080 5471 2497 5542 Aehitopheiem
2536 5485 2597 5525 se
2620 5469 2784 5525 rebus
2816 5469 3181 5538 praesentibus
3212 5483 3535 5524 accommo-

1949 5563 2131 5627 dasse,
2168 5569 2223 5616 et
2252 5576 2351 5631 pro
2384 5561 2674 5629 utriusque
2722 5558 2945 5630 ingenio
3000 5566 3056 5613 et
3105 5559 3349 5614 moribus
3396 5573 3533 5613 con-

1950 5656 2075 5709 silia
2105 5653 2327 5710 dedisse
2358 5668 2374 5706 :
2412 5666 2562 5722 ergg
2584 5651 2790 5706 bonum
2834 5650 3102 5705 malitiam
3151 5651 3362 5714 celans,
3403 5665 3533 5717 erga

1952 5762 2178 5814 pravum
2223 5753 2429 5805 autem,
2489 5756 2545 5800 et
2602 5742 2762 5799 malis
2834 5742 3160 5813 gaudentem
3211 5739 3532 5828 ostendaps.

1946 5837 2270 5896 Festinabat
2300 5846 2480 5897 autem
2516 5835 2584 5892 ad
2607 5835 2914 5892 tollendum
2944 5833 3235 5902 Davidem,
3283 5838 3534 5888 metuens
