3992 6398
511 368 649 436 1139

1810 386 2162 463 PROCOPII
2196 404 2443 467 GAZIEI

3646 413 3789 479 1140

508 498 578 538 ne
605 494 801 541 natura
837 498 1129 565 utrumque
1178 500 1520 567 conciliaret,
1567 514 1622 562 et
1674 509 1741 563 ad
1780 510 2067 570 faciendun

508 571 688 602 tam]..-
720 579 1017 602 :..._-n-_,,.
1092 593 1130 602 _.
1168 586 1180 599 ο
1443 593 1474 602 ..
1508 596 1518 602 .

2196 518 2302 588 γὰς
2334 522 2679 594 ἀμφοτέρους
2708 524 2741 594 ἡ
2770 524 2953 593 φύσις,
2989 525 3082 578 καὶ
3110 524 3237 600 τίσῃ
3272 525 3426 593 δίκας
3452 530 3556 600 τῆς
3588 534 3790 602 προδο-

506 571 689 630 foedus
720 579 1039 648 impelleret,
1081 593 1136 639 et
1167 586 1284 656 ipse
1320 593 1650 660 proditionis
1692 615 1884 664 poenas
1910 605 2085 661 daret.

504 663 875 730 Nihilominus
941 683 1122 753 tamen
1194 696 1412 753 pinnam
1492 706 1602 745 non
1679 694 1903 766 cffugit,
1967 700 2086 765 sed,

2196 612 2338 678 σίας.
2370 615 2561 685 ’Ὅμως
2589 616 2690 689 τὴν
2716 618 2878 688 δίκην
2905 619 3008 671 οὐκ
3035 618 3258 688 ἔφυγεν,
3302 623 3468 678 παῖδα
3496 625 3600 694 μὲν
3631 627 3788 682 61:1!-

2196 720 2296 763 σας
2326 707 2469 761 κοιτά
2498 708 2730 779 πατρὸς,
2748 708 2913 772 αὐτὸς
2942 708 2998 763 δὲ
3025 709 3116 778 ὑφ’
3140 711 3339 766 ἑαυτοῦ
3362 713 3661 786 δεξάμενος
3684 720 3788 789 τὴν

504 772 630 810 eum
690 761 858 818 filium
904 765 959 820 in
1002 779 1210 838 patrem
1256 788 1547 844 armasset,
1588 782 1691 865 sibi
1738 761 1841 856 ipsi
1886 761 2087 845 manus
2193 761 2431 871 πλήγήν.

505 851 712 906 attulit.

997 948 1152 1009 CAP.
1197 953 1295 1011 xv
1366 958 1579 1034 [xvu].

572 1033 880 1094 Notandum
922 1047 1068 1113 quod
1118 1047 1206 1105 hic
1240 1052 1461 1120 quidem
1504 1033 1671 1113 Chusi
1708 1072 1865 1115 vocat
1905 1062 2074 1119 filium

2768 977 3025 1033 ΚΕΦΑΛ.
3079 980 3182 1034 lE’.

2261 1065 2605 1133 Σημειωτέον
2641 1066 2719 1129 δὲ,
2747 1069 2832 1122 ὅτι
2856 1070 3098 1125 ἐνταῦθα
3135 1071 3238 1142 μὲν
3263 1073 3379 1128 υἱὸν
3415 1074 3615 1146 Ἆραχὶ
3633 1076 3767 1146 λέγει

497 1126 889 1195 Arachi,duin
928 1137 981 1190 in
1030 1138 1395 1212 inscriptione
1443 1150 1638 1215 psalmi
1699 1154 1877 1207 octavi
1935 1155 2067 1212 filqu

2188 1153 2277 1208 τὸν
2304 1126 2496 1220 Χουσὶ,
2535 1158 2594 1209 ἐν
2624 1156 2682 1211 δὲ
2710 1126 2779 1229 γτῇ
2813 1160 3095 1233 ἐπιγραφῇ
3127 1126 3223 1216 ἑοῦ
3270 1126 3777 1237 ἐϐδόμού

495 1220 730 1280 Jetninei
765 1228 991 1284 dicitur.
1029 1233 1221 1290 Nonne
1254 1236 1509 1306 forsitan,
1534 1246 1665 1312 quia
1688 1260 1940 1316 magnam
1970 1252 2082 1304 for-

496 1316 789 1372 titudinem
822 1330 874 1376 et
894 1327 1284 1381 strenuitatem
1316 1345 1383 1384 ex
1417 1333 1675 1390 amicitiae
1702 1337 1886 1392 hahitu
1918 1354 2079 1396 acce-

2186 1248 2299 1301 υίὸν
2331 1249 2578 1318 Ἰεμενεί.
2605 1250 2697 1321 Μή
2718 1269 2851 1305 ποτε
2875 1250 2990 1318 οὖν,
3010 1255 3201 1325 ἐπειδὴ
3227 1256 3472 1328 μεγάλην
3491 1260 3780 1329 ἀριστείαν

2183 1340 2277 1393 καὶ
2324 1340 2692 1412 ἀνδραγαθίαν
2718 1345 2783 1397 ἐκ
2812 1345 2906 1398 τοῦ
2944 1346 3075 1417 περὶ
3122 1347 3221 1419 τὴς
3267 1349 3451 1416 φιλίας
3505 1369 3779 1421 σχηματι-

495 1416 671 1474 ιηψοι,
703 1411 822 1465 ideo
850 1413 1001 1468 illutn
1033 1416 1169 1471 dicit
1202 1419 1640 1486 filiumJeminei,
1690 1427 1740 1482 id
1771 1438 1877 1495 est,
1905 1432 2067 1488 lilium

2188 1431 2324 1501 σμοῢ
2353 1411 2674 1497 ἐνεδείξατο,
2724 1434 2811 1489 διὰ
2844 1411 3189 1501 τοῦτούἱὺξ
3209 1411 3456 1511 Ἰεμενεὶ,
3493 1411 3779 1497 robii-501w

492 1497 772 1554 dexteras?
798 1501 1090 1572 Sapienter
1124 1518 1304 1565 autem
1346 1512 1514 1567 David
1550 1517 1666 1570 viro
1696 1523 1901 1585 potenti
1938 1540 2074 1593 pru-

2180 1524 2296 1587 υῐὸς
2340 1524 2554 1592 δεξιᾶς;
2589 1528 2890 1596 Πανσόφως
2925 1529 2979 1582 δὲ
3004 1531 3032 1584 6
3066 1532 3231 1586 Δασὶδ
3269 1534 3346 1603 τῷ
3373 1534 3586 1605 συνετῷ
3614 1547 3638 1574 ι’
3686 1537 3780 1591 τδν

490 1588 711 1643 dentem
762 1592 941 1647 virum
991 1601 1273 1666 opposuit.
1312 1602 1614 1660 Prudentia
1651 1610 1799 1662 enim
1844 1614 2067 1670 validiov

2188 1616 2404 1669 συνετὸν
2438 1588 2757 1688 ἀντέστησε.
2787 1588 3027 1685 ’Σύνεσις
3070 1621 3179 1693 γὰρ
3235 1588 3567 1696 ίσχιυροτὲραῖ
3610 1588 3781 1681 δυνάσ

491 1693 569 1735 est
609 1686 879 1752 potentia.
931 1688 1180 1747 Potentia
1224 1696 1343 1750 sine
1380 1700 1674 1768 prudentia
1724 1703 1951 1770 perdere
1970 1722 2074 1760 tto-

488 1778 567 1827 vit
595 1791 691 1830 eos
724 1779 816 1845 qui
862 1781 916 1834 in
948 1798 1011 1837 ea
1053 1787 1362 1844 confidunt.

2182 1725 2359 1779 μεως·
2413 1710 2446 1780 ἡ
2499 1709 2556 1761 δὲ
2580 1709 2808 1780 δύναμις
2848 1712 2978 1766 ἄνευ
3013 1715 3282 1779 συνέσεως
3317 1718 3612 1774 ἀπολλύειν
3666 1715 3776 1772 οἶδε

2177 1801 2303 1863 τοὺς
2334 1800 2507 1873 ταύτῃ
2530 1800 2799 1873 ὲπιθαρσή
2810 1822 3031 1869 σαντας.

3496 1810 3559 1867 C.
3592 1811 3659 1867 L.

565 1865 730 1925 Vens.
773 1870 857 1924 14.
901 1872 968 1927 Ει
994 1874 1254 1933 Dominus
1292 1884 1569 1950 pra’cepit,
1609 1894 1665 1937 ut
1717 1886 2067 1957 dissiparetur

2250 1892 2360 1945 Kal
2409 1865 2628 1960 Κύριος
2664 1865 3004 1952 east-ellum;
3054 1898 3450 1956 διασκεδάσαι
3474 1904 3593 1968 τὴν
3612 1905 3765 1968 ﬂavo

492 1959 774 2012 consilium
797 1963 1125 2033 Arhitophel.
1152 1969 1318 2023 Sacra
1332 1974 1614 2043 Scriptura
1634 1977 1843 2040 docuit,
1876 1996 2071 2049 quent-

487 2051 840 2107 madmodum
877 2054 1045 2128 526
1083 2056 1227 2115 Deus
1257 2061 1449 2118 fecerit
1477 2080 1601 2119 cum
1629 2067 1821 2123 Chusi.
1858 2070 2068 2126 Bonum

485 2152 668 2198 autem
725 2148 1018 2203 consilium
1073 2153 1334 2221 appellat,
1382 2156 1531 2225 quod
1588 2160 1862 2230 tyrannidi
1900 2177 2069 2231 cxpe-

484 2230 691 2287 diebat.
728 2232 1080 2307 Quapropter
1118 2242 1285 2297 David
1309 2245 1448 2299 dixit
1477 2248 1531 2300 in
1565 2246 1841 2306 Psalmis:
1872 2269 1891 2303 ι
1927 2251 2069 2308 Ecce

485 2326 727 2391 parturit
761 2328 1131 2400 iniquitatem,
1168 2337 1427 2407 concepit
1466 2339 1735 2405 dolorem,
1763 2347 1817 2395 et
1856 2343 2069 2413 peperit

402 2402 406 2409 “
482 2416 858 2486 iniquitatem,
896 2424 1101 2480 fossam
1151 2402 1393 2495 aperuit,
1430 2438 1482 2485 et
1518 2430 1739 2500 effodit;
1770 2445 1826 2490 et
1856 2402 2067 2491 incidet

479 2509 536 2563 itt
573 2510 808 2580 foveam,
845 2532 1011 2585 quam
1048 2518 1180 2575 fecit
1203 2522 1271 2576 ’⁸.
1306 2542 1324 2575 t

558 2602 726 2660 Vens.
772 2606 864 2663 28.
909 2607 978 2662 Et
1019 2612 1240 2668 siccavit
1271 2616 1542 2683 potat/tas.
1572 2622 1766 2691 Aquila
1818 2636 1873 2679 et
1903 2625 2064 2698 Sym-

483 2697 720 2756 machus
750 2699 972 2768 habent,
1005 2707 1276 2775 ptisanas,
1307 2710 1363 2765 id
1395 2719 1503 2778 est,
1537 2713 1824 2783 hordeum,
1855 2697 2067 2778 veltri-

479 2789 655 2844 ticum
685 2792 1104 2854 decorticatum.

553 2884 730 2939 Dat-id
791 2896 967 2944 autem
1024 2893 1159 2947 venit
1229 2895 1285 2948 in
1355 2894 1620 2955 Manaim.
1679 2900 1736 2956 ltt
1805 2901 2064 2973 Manaim,

479 2969 845 3042 Tlteodotion,
872 2978 925 3032 in
955 2991 1154 3036 castra.

553 3062 815 3133 Samphot
853 3069 1051 3137 boum;
1084 3071 1451 3143 Theodotion,
1491 3077 1647 3133 lactei
1684 3081 1863 3137 vituli.

960 3249 1112 3306 CAP.
1170 3253 1289 3309 XVI
1358 3255 1595 3330 [an].

549 3336 719 3394 Vens.
767 3341 822 3397 ὖ.
860 3341 985 3407 Non
1018 3356 1242 3414 ponetur
1275 3349 1331 3402 in
1362 3366 1456 3405 nos
1492 3367 1604 3407 cor.
1644 3351 2060 3425 lntcrrogative,

479 3431 537 3486 Si
586 3443 871 3502 superstes
904 3436 1099 3504 fueris,
1134 3439 1352 3505 dicunt,
1406 3459 1590 3499 nonne
1625 3446 1833 3502 erimus
1870 3462 2063 3505 omnes

479 3524 605 3579 t'orti
647 3525 1003 3583 animo?Vel
1055 3532 1329 3602 negative,
1390 3534 1445 3589 Si
1499 3538 1798 3595 occumbas
1848 3550 2061 3597 certum

474 3626 581 3673 est.
617 3615 764 3685 quod
793 3621 1294 3676 conslernabimur.
1347 3623 1443 3679 Sin
1473 3635 1656 3682 autem
1692 3644 1757 3683 ex
1788 3640 1946 3700 parte
1979 3633 2064 3687 itt-

476 3708 836 3773 terfieiamur,
878 3711 1095 3777 dicunt,
1140 3716 1474 3786 superstites
1502 3723 1569 3774 ad
1618 3724 2061 3780 consolationem

474 3814 636 3867 pares
671 3817 779 3856 non
812 3814 996 3859 erunt.
1043 3804 1305 3862 Davidem
1348 3809 1519 3880 igitur
1547 3812 1699 3868 exire
1742 3816 2060 3883 prohibent,

475 3892 659 3959 veriti,
696 3909 769 3949 ne
796 3896 927 3965 quid
972 3897 1191 3956 adversi
1221 3900 1269 3956 ei
1299 3902 1538 3957 accidat.
1574 3903 1892 3961 Verisimile
1914 3908 2059 3962 enim

472 3991 594 4035 crat
649 3983 838 4040 hostes
882 3995 937 4042 et
985 3988 1244 4047 inimicos
1300 3992 1482 4062 ipsum
1535 3995 1714 4049 solum
1776 4007 2056 4067 expetere.

472 4072 648 4127 Simul
694 4075 859 4130 etiam
915 4088 1220 4137 metuentes
1268 4098 1358 4147 ne,
1416 4084 1463 4141 si
1516 4085 1693 4140 victor
1761 4088 2059 4152 evasisset,

472 4165 856 4222 misericordia
911 4185 1039 4241 erga
1106 4182 1403 4245 tyrannum
1455 4189 1793 4234 moveretur.
1856 4178 2061 4235 Dicunt

473 4257 680 4324 itaque,
712 4261 858 4329 quod
890 4263 937 4317 si
991 4263 1122 4319 victi
1155 4266 1209 4319 in
1247 4266 1429 4338 fugam
1464 4271 1713 4327 conversi
1763 4271 2058 4353 fuerimus,

471 4359 624 4403 tuam
653 4352 823 4407 vitam
869 4355 1134 4414 habemus
1181 4359 1547 4417 sufficientem
1588 4363 2057 4419 consolationem.

472 4444 628 4508 Quod
655 4447 701 4500 si
735 4447 829 4501 tibi
889 4449 1095 4521 aliquid
1127 4451 1347 4507 adversi
1376 4452 1666 4518 acciderit,
1697 4455 1918 4526 publica
1953 4456 2061 4510 erit

469 4536 779 4594 calamitas.
814 4537 894 4593 'l'u
924 4543 1127 4596 etenim
1156 4543 1308 4599 solus
1346 4544 1580 4601 infinitis
1616 4546 1863 4616 partibus
1898 4547 2059 4602 nobis

469 4629 730 4685 omnibus
770 4631 1017 4688 excellis.
1056 4632 1170 4688 lloc
1220 4634 1387 4690 etiam
1444 4634 1814 4706 Symmachus
1864 4646 2054 4695 osten-

471 4721 571 4779 dit,
611 4719 802 4774 dicens
835 4737 850 4774 :
891 4720 960 4775 Et
995 4733 1073 4784 tu,
1127 4733 1186 4777 ut
1229 4726 1409 4780 decem
1445 4726 1622 4782 millia
1657 4739 1917 4783 nostrum.

549 4808 715 4864 Vens.
771 4810 860 4864 l8.
907 4811 1183 4878 Quoniam
1203 4814 1340 4870 dixit
1370 4832 1390 4871 .'
1428 4817 1553 4872 Non
1591 4830 1669 4875 est
1717 4821 1849 4874 mihi
1887 4820 2058 4891 ﬁlius,
2095 4821 2138 4875 D

2096 3216 2138 3273 α
2175 3186 2416 3255 σχάρια.

2174 1981 2299 2049 λὴν
2333 1983 2677 2053 Ἀχιτόφελμ
2711 1984 2980 2053 Ἐδίδαξεν
3018 1990 3051 2055 ἠ
3086 1988 3206 2041 θεία
3234 1990 3452 2062 Γραφὴ,
3484 1991 3563 2054 ὡς
3587 1996 3615 2046 6
3639 1993 3780 2057 Θεὸς

2177 2077 2481 2148 συνέπραξε
2529 2078 2607 2148 τῷ
2637 2079 2827 2134 Χουσί.
2874 2080 3111 2151 Ἀγαθὴν
3141 2083 3198 2135 δὲ
3232 2083 3381 2151 λέγει
3409 2084 3509 2153 τὴν
3557 2089 3626 2156 τῇ
3679 2104 3777 2140 τυ-

2177 2168 2379 2238 ραννίδι
2411 2170 2817 2240 συμφέρουσαν.
2855 2174 2934 2225 Δι’
2972 2174 3109 2242 ὅπερ
3140 2174 3328 2243 ἔλεγεν
3357 2178 3414 2229 ὲν
3453 2177 3712 2247 Ψαλμοῖς
3739 2182 3768 2233 6

2173 2260 2356 2314 Δαϐίδο
2390 2282 2409 2314 ι
2459 2262 2590 2317 ’ἰδοὺ
2621 2263 2885 2335 ὡδίνησεν
2933 2267 3187 2338 ἀνομίαν,
3236 2269 3533 2322 συνέλαϐεν
3582 2272 3757 2336 πόνον,

2173 2353 2268 2405 καὶ
2302 2352 2487 2408 ἔτεκεν
2521 2356 2753 2424 ἀνομίαν
2777 2373 2790 2387 ·
2832 2356 3037 2411 λάκκον
3067 2358 3295 2427 ὤρυξεν,
3326 2360 3421 2413 καὶ
3454 2361 3752 2432 ἀνέσκαψεν

2171 2443 2354 2511 αὐτὸν,
2384 2445 2479 2500 καὶ
2507 2447 2832 2516 ἐμπεσεῖται
2862 2450 2941 2512 sl;
2974 2448 3186 2522 βόθρον,
3220 2452 3279 2505 ὃν
3309 2453 3629 2523 εἰργάσατο.
3664 2472 3683 2504 ι

2242 2631 2351 2686 Kal
2406 2618 2642 2701 ἐψυχεν
2674 2634 2972 2700 παλάθας.
3028 2635 3259 2699 Ἀκύλας
3302 2636 3397 2690 καὶ
3443 2636 3767 2708 Σύμμαχος,

2169 2723 2495 2790 πτισάνας.
2888 2752 2895 2760 ·

2240 2906 2351 2962 Καὶ
2398 2906 2574 2961 Δαϐὶδ
2619 2906 2979 2975 παρεγένετο
3031 2909 3121 2972 εἰς
3175 2907 3436 2977 Marum.
3490 2902 3773 2973 Μαναΐμ·

2168 2999 2487 3063 Θεοδοτίων,
2523 2999 2924 3068 παρεμϐολάς.
3493 2998 3557 3052 C.
3585 2996 3654 3051 L.

2238 3093 2333 3158 Τὸ,
2361 3092 2660 3163 Σαπφθὼν
2687 3092 2826 3163 βοῶν
2851 3110 2864 3123 ·
2907 3092 3199 3146 Θεοδοτξιυν
3218 3133 3232 3159 ,
3280 3089 3632 3147 Γαλάκτινα
3657 3107 3779 3160 μου

3427 3181 3488 3236 C.
3519 3182 3579 3236 L.

2744 3276 2996 3329 ΚΕΦΑΛ.
3037 3276 3154 3342 πεῖι.

2243 3370 2325 3422 Οὐ
2355 3368 2648 3437 στήσεται
2692 3368 2763 3421 ἐν
2800 3367 2947 3436 ἡμῖν
2992 3366 3228 3434 καρδία.
3285 3366 3423 3420 Κατ’
3462 3363 3770 3437 ἐρώτησιν,

2166 3455 2296 3511 Ἐὰν
2343 3455 2462 3528 ζῇς,
2531 3456 2732 3525 φησὶν,
2795 3456 2898 3509 οὐκ
2926 3454 3165 3525 ἐσόμεθα
3224 3455 3429 3518 πάντες
3491 3453 3765 3525 εὔψυχοις

2165 3549 2228 3601 Et
2282 3548 2340 3602 δὲ
2379 3549 2523 3603 κατά
2560 3549 2860 3615 ἀπόφασιν,
2909 3547 3038 3600 Ἐὰν
3082 3547 3396 3618 ἀποθάνῃς,
3452 3545 3633 3615 δηλῶν
3679 3546 3767 3599 ὅτι

2166 3640 2574 3710 Ἀθυμήσομεν.
2596 3639 2706 3692 Καὶ
2726 3638 2823 3691 ἐὰν
2839 3639 2903 3691 ὲκ
2923 3639 3146 3708 μέρους,
3172 3639 3357 3707 φησιν,
3372 3637 3767 3707 ἀποθάνωμεν,

2164 3733 2263 3801 οὐχ
2317 3731 2494 3791 ἱκανοὶ
2537 3731 2677 3800 πρὸς
2723 3727 3078 3799 παραμυθίαν
3130 3729 3181 3780 οἱ
3220 3727 3574 3796 σεσωσμένοι.
3636 3728 3767 3779 Κω-

2165 3821 2351 3876 λύουσι
2397 3822 2454 3875 δὲ
2498 3822 2588 3875 τὸν
2624 3821 2790 3874 Δαόὶδ
2826 3819 3063 3884 ἐξελθεῖν
3090 3861 3105 3885 ,
3150 3820 3386 3882 δεδιότες
3436 3819 3509 3888 μή
3563 3834 3617 3871 τι
3664 3819 3766 3871 καὶ

2166 3914 2316 3985 πάθῃ
2345 3926 2359 3940 ⁸
2387 3912 2532 3975 εἰκὸς
2564 3913 2672 3981 γὰρ
2695 3906 2784 3980 ἦν,
2816 3911 2937 3964 κατ’
2968 3909 3135 3965 αὐτοῦ
3166 3910 3332 3979 μόνου
3362 3909 3615 3981 χωρῆσαι
3633 3908 3768 3970 τοὺς

2164 4005 2450 4073 δυσμενεῖς
2478 4020 2493 4035 ·
2531 4003 2653 4070 ἅμα
2679 4001 2734 4055 δὲ
2757 4003 2853 4055 καὶ
2876 4002 3126 4065 δεδιότες,
3158 4001 3232 4071 μὴ
3252 4002 3483 4071 νικήσας
3510 3999 3764 4070 οίκτείρῃ

2162 4094 2255 4146 τὸν
2302 4092 2584 4162 τύραννον.
2619 4093 2788 4146 Φασὶν
2827 4088 2943 4158 οὖν,
2989 4093 3066 4156 ὡς
3103 4092 3230 4145 Ἐὰν
3258 4090 3590 4161 ἡττηθέντες
3623 4090 3767 4144 ἀπο-

2164 4186 2477 4257 δράσωμεν,
2510 4184 2609 4253 τὴν
2645 4183 2743 4254 σὴν
2780 4170 2926 4254 ζωῆν
2953 4183 3152 4254 ἔχομεν
3208 4181 3543 4252 ἀποχρῶσαν
3571 4198 3763 4251 παρα-

2166 4276 2367 4349 ψυχήν
2401 4277 2499 4330 ὲάν
2542 4276 2599 4329 δὲ
2636 4274 2700 4328 σύ
2745 4293 2796 4329 τι
2840 4274 3043 4344 πάθῃς,
3085 4273 3330 4344 χωρήσει
3363 4272 3507 4326 κατὰ
3538 4273 3768 4326 πάντων

2166 4373 2200 4440 ἡ
2228 4368 2504 4439 συμφορά.
2536 4367 2609 4420 Σὺ
2635 4368 2746 4436 γὰρ
2777 4366 2936 4436 μόνος
2969 4365 3191 4436 μυρίαις
3224 4364 3442 4434 μοίραις
3466 4363 3769 4432 ύπερέχεις

2168 4462 2390 4516 πάντων
2423 4459 2600 4529 ἡμῶν.
2633 4458 2806 4512 Τοῦτο
2836 4458 2946 4529 γὰρ
2991 4459 3083 4511 καὶ
3127 4457 3421 4528 Σύμμαχος
3466 4457 3640 4526 δηλοῖ,
3666 4456 3769 4509 λέ-

2167 4570 2302 4620 γων·
2344 4552 2455 4607 Καὶ
2485 4550 2567 4606 σὺ
2596 4551 2679 4615 ὡς
2702 4549 2876 4620 ἡμεῖς
2899 4549 3048 4604 δέκα
3071 4547 3361 4620 χιλιάσιν.

2238 4816 2371 4869 ’Ὅτι
2392 4814 2627 4894 ἔλεγεν·
2670 4814 2795 4867 Οὐκ
2827 4813 2961 4867 ἔστι
2990 4830 3089 4882 μοι
3137 4800 3299 4879 υἱός.
3334 4812 3527 4866 Καίτοι
3569 4815 3772 4880 προεῖ-

472 4909 580 4955 etc.
610 4901 776 4969 Atqui
813 4901 1036 4959 divinus
1079 4904 1325 4974 scriptor
1371 4922 1537 4975 supra
1601 4909 1741 4964 dixit
1782 4926 1907 4965 eum
1944 4918 2055 4963 tres

2188 4925 2267 4961 τεν
2318 4909 2348 4960 6
2395 4905 2773 4975 συγγραφεὺς,
2806 4905 2888 4958 ὅτι
2928 4907 3078 4974 τρεῖς
3122 4904 3282 4972 ἔσχεν
3312 4904 3480 4967 υἱοὺς,
3517 4904 3647 5010 μίαν
3696 4904 3772 4958 δὲ

473 4994 638 5058 filios,
668 5001 725 5049 et
783 4992 948 5049 filiam
1001 5011 1242 5067 quoque,
1299 4998 1582 5055 hab-uisse.
1637 5000 1928 5057 Probabile
1973 5009 2059 5057 est

2188 5000 2485 5070 Ιυγατέρα,
2518 4997 2632 5050 ἀλλ’
2671 4997 2855 5060 εἰκὸς,
2895 4995 3057 5049 αὑτὸν
3095 4994 3510 5064 παιδοποιῆσαι,
3551 4995 3647 5047 καὶ
3666 5012 3773 5047 τε-

2298 5092 2322 5103 ..
2518 5090 2530 5103 .
2694 5089 2742 5103 ..κ
3158 5087 3197 5103 ε..
3238 5085 3258 5103 ..
3468 5085 3488 5096 -
3636 5086 3648 5103 .
3711 5086 3724 5103 .

473 5087 613 5141 filios
643 5104 991 5159 procreassc,
1025 5100 1081 5147 et
1126 5092 1347 5148 eosdem
1396 5094 1728 5176 decessisse.
1778 5094 2058 5166 Iosephus

2188 5092 2427 5162 ιευτῆσαι
2452 5090 2579 5152 τοὺς
2614 5089 2829 5151 παῖδας.
2868 5086 3129 5156 Ἰώσηπος
3153 5087 3208 5139 δὲ
3236 5085 3362 5156 ἔφη,
3400 5085 3558 5138 τοῦτο
3589 5086 3770 5139 αὑτὸν

471 5189 654 5234 σοις-ιιι
710 5182 813 5237 hac
851 5184 918 5239 de
954 5199 1122 5240 causa
1150 5201 1275 5241 eum
1309 5185 1360 5241 id
1391 5186 1591 5243 fecisse
1618 5168 1837 5254 scribit,
1884 5188 2056 5259 quod,

2188 5184 2510 5255 ἰεδρακέναι,
2541 5181 2616 5246 ὡς
2635 5181 2746 5233 τῶν
2776 5179 2982 5233 παίδων
3008 5180 3105 5250 μὲν
3134 5181 3228 5234 ἐπὶ
3257 5180 3391 5233 πολὺ
3415 5180 3659 5249 διαρκεῖν
3691 5179 3770 5231 οὐ

430 5256 594 5325 ἰηιηί
650 5274 746 5327 filii
799 5275 971 5345 longo
1026 5285 1276 5347 tempore
1336 5279 1639 5349 perdurare
1669 5295 1781 5336 non
1822 5256 2059 5351 possint,

2188 5278 2502 5347 ῖυναμένων,
2536 5274 2636 5344 τῆς
2680 5274 2738 5326 δὲ
2783 5272 3095 5343 οἰκοδομίας
3145 5272 3349 5343 μᾶλλον
3377 5272 3770 5341 φυλαττούσης

472 5365 601 5417 illud
632 5364 929 5420 :edificium
961 5370 1289 5425 memoriam
1334 5371 1418 5427 sui
1444 5372 1654 5428 diutius
1680 5381 2057 5428 conservaret.

547 5452 663 5505 Non
722 5457 1107 5513 critninattdus
1161 5458 1300 5516 Joab
1358 5462 1507 5531 quod
1542 5479 1682 5517 cum
1757 5463 2063 5519 audivisset

476 5545 641 5598 tiavid
689 5561 915 5615 parcere
947 5550 1283 5609 adolescenti
1326 5555 1633 5624 iubentem,
1673 5554 1938 5613 Absalom
1976 5566 2058 5609 ta-

551 5663 596 5694 "
638 5660 787 5716 l‘sal.
820 5678 914 5726 vn,
960 5662 1043 5716 l5.

2162 5369 2539 5467 τὴνμνῖλμηῖῖ
2618 5459 2629 5467 .
2706 5457 2717 5467 .
2841 5456 2863 5467 -
3143 5458 3176 5467 .-
3240 5455 3300 5467 .-
3558 5454 3571 5467 .

2242 5462 2355 5514 Οὐκ
2372 5460 2552 5514 ἔστιδὲ
2576 5456 2929 5512 αἰτιάσασθαι
2952 5459 2995 5494 τ’
3020 5457 3110 5510 τὸν
3143 5455 3300 5511 Ἰωὲιϐ
3323 5455 3769 5525 παρακούσαντα

2166 5553 2260 5607 τοῦ
2308 5552 2471 5608 Δαὸὶδ
2522 5550 2767 5612 εἰπόντος
2801 5548 3096 5619 φείσασθαι
3148 5548 3243 5601 τοῦ
3311 5546 3620 5619 μειρακίου,
3655 5545 3767 5598 καὶ

1764 5753 1848 5805 VA
1861 5751 1999 5806 RM}
2043 5750 2337 5808 LECTION
2347 5751 2446 5805 ES.

621 5844 633 5861 ¹
699 5862 740 5905 τινι
769 5844 931 5897 mlum
971 5844 1100 5897 mihi
1134 5843 1347 5899 videtur
1370 5842 1596 5913 δυνατῷ.

1681 5854 1698 5881 ν
1727 5848 1737 5861 '
1762 5844 1871 5897 Οὔκ
1909 5843 2198 5896 αἰτιατέον.
2266 5843 2322 5895 ὐ
2367 5843 2465 5911 τῆς
2501 5843 2630 5909 Aﬁr.
2673 5841 2796 5896 κώδ,
