3992 6418
464 344 593 410 1141

1447 353 1982 418 COMMENTARII
2017 356 2099 415 IN
2121 355 2267 416 LIB.
2311 350 2374 415 II
2412 350 2708 415 REGUM.

3574 343 3706 410 1142

455 460 711 515 ἀνελόντα
739 458 829 513 τὸν
870 458 1242 532 ’Δὸεσσαλὼμ.
1276 461 1448 527 Αὐτὸς
1482 466 1589 534 γὰρ
1614 468 1643 518 6
1667 466 1799 530 Θεὸς
1828 465 2028 535 προλαο

2142 482 2256 536 men
2297 464 2598 520 interfecit.
2648 462 2785 517 Nam
2838 460 2984 515 Deus
3028 459 3149 529 ipse
3179 458 3520 527 praeveniens
3554 460 3706 513 illum

456 552 567 605 ὁὼν
598 552 904 624 ἐκρέμασεν
929 561 954 591 ³
991 554 1152 607 αὑτὸν
1200 556 1259 608 ἐν
1300 558 1414 620 τοῖς
1464 560 1563 625 τῆς
1602 559 1762 628 δρυὸς
1788 558 2023 624 κλάδοις,

454 639 541 697 οἷα
571 642 877 714 κακοῦργον
921 642 1364 715 βασανιζόμενον.
1417 648 1594 719 Ὅπερ
1626 652 1643 684 ι
1691 650 2028 720 θεασάμενος

469 736 646 801 Ἰωάϐ,
678 741 769 790 τὸν
816 735 918 805 μὲν
952 739 1167 807 πατέρα
1211 740 1509 810 κεχρῆσθαι
1541 744 1608 812 τῇ
1646 742 2028 813 φιλανθρωπίᾳ

456 830 768 894 κατέλιπεν,
801 830 961 893 αὐτὸς
1000 830 1057 883 δὲ
1102 830 1302 900 ἔχρησε
1346 832 1424 901 τῷ
1456 833 1574 903 Θεῷ
1613 835 1710 905 τὴν
1744 836 1886 889 κατὰ
1931 835 2026 887 τοῦ

467 920 822 990 Ἀδεσσαλὼμ
845 919 1048 986 δεξιὰν,
1076 921 1174 974 καὶ
1202 921 1295 975 ἐπὶ
1330 925 1397 993 τῇ
1431 925 1798 996 μυσαρωτάτῃ
1828 925 2028 994 καρδίᾳ

451 1012 520 1065 τὰ
557 1012 683 1083 βέλη
715 1012 1012 1082 κατέπηξε.
1726 1018 1788 1071 C.
1821 1016 1883 1070 L.

521 1103 631 1176 Kal
660 1104 999 1171 ἐδάκρυσεν
1037 1109 1072 1160 ὁ
1105 1106 1428 1173 βασιλεύς.
1468 1108 1526 1161 '0
1569 1107 1678 1179 γὰρ
1716 1108 1804 1162 διὰ
1841 1107 2029 1174 φιλαν-

451 1192 703 1263 θρωπίαν
737 1194 1010 1266 πενθήσας
1053 1198 1145 1251 τὸν
1183 1197 1379 1262 Σαοὺλ,
1422 1198 1540 1261 πῶς
1579 1201 1671 1252 ἐπὶ
1710 1200 1898 1263 παιδὸς
1927 1202 2027 1256 οὐκ

448 1284 515 1337 ἂν
545 1284 773 1355 ἐνικήθη
791 1287 858 1355 τῇ
893 1286 1094 1354 φύσεις
1127 1288 1330 1359 Θρηνεῖ
1359 1290 1416 1343 δὲ
1448 1290 1538 1343 καὶ
1571 1291 1646 1353 ὼς
1680 1291 1910 1362 εὐσεϐὴς
1934 1292 2027 1346 τὸν

449 1374 537 1427 διὰ
578 1374 947 1446 μεταμελείας
977 1376 1197 1446 ιαθῆναι
1236 1378 1436 1449 μηκέτι
1460 1378 1778 1449 δυνάμενον.

1036 1552 1287 1607 ΚΕΦᾹΔ.
1325 1554 1425 1608 ΙΖ’.

518 1643 585 1696 El
607 1641 695 1712 μὴ
720 1642 1196 1715 ἀρχιστράτηγος
1220 1645 1335 1714 ἔσῃ
1353 1664 1477 1714 μοι.
1521 1647 1584 1700 Et
1612 1647 1720 1718 γὰρ
1760 1648 1856 1702 καὶ
1895 1648 2028 1703 πολ-

445 1732 570 1795 λοὺς
598 1733 736 1804 ὑπερ
763 1734 929 1788 Δαὸὶδ
957 1737 985 1788 6
1033 1733 1189 1787 Ἰωὲὸ
1234 1735 1503 1806 ὑπέμεινη
1526 1748 1555 1776 υ
1584 1738 1884 1806 κινδύνους,
1908 1738 2028 1793 ἀλλ’

2128 572 2364 627 quercus
2418 557 2586 612 ramis
2629 553 2937 624 suspendit,
2986 559 3047 605 ut
3103 551 3232 604 talia
3270 559 3555 620 pateretur
3603 553 3709 605 iste

2129 648 2432 717 improbus.
2476 646 2631 712 Quod
2667 660 2791 700 cum
2838 644 3067 698 vidisset
3100 640 3261 705 Joab,
3322 653 3531 711 patrem
3576 642 3706 709 qui-

2127 740 2247 793 dem
2280 739 2357 792 uti
2401 738 2745 791 humanitate
2791 735 3039 805 reliquit,
3098 734 3216 804 ipse
3260 747 3391 787 vero
3424 734 3706 787 dexteram

2127 830 2239 885 Deo
2267 838 2457 884 contra
2502 829 2767 884 Absalom
2799 827 3189 891 commodavit,
3236 834 3291 880 et
3339 826 3395 879 in
3425 825 3709 881 scelestis-

2128 923 2270 977 simo
2318 920 2485 1000 corde
2518 920 2737 976 lanceas
2776 919 2975 973 inﬁxit.

2205 1098 2367 1154 Vens.
2422 1098 2511 1153 53.
2556 1097 2627 1153 Et
2677 1099 2819 1168 ﬂevit
2877 1113 2990 1153 rex.
3048 1096 3339 1164 Quomodo
3376 1097 3522 1152 enim
3588 1098 3700 1164 ille,

2128 1192 2223 1261 qui
2274 1199 2499 1259 propter
2540 1189 2936 1243 humanitatem
2995 1187 3214 1243 Saulem
3273 1188 3433 1253 luxit,
3478 1187 3591 1257 jam
3653 1190 3709 1242 in

2129 1283 2225 1337 filii
2260 1282 2414 1336 obitu
2443 1296 2473 1334 a
2497 1288 2693 1335 natura
2717 1295 2825 1334 non
2857 1279 3210 1334 vinceretur?
3245 1279 3513 1333 Praeterea
3545 1280 3701 1333 illum

2128 1375 2211 1427 vir
2242 1373 2366 1443 pius
2396 1372 2665 1442 deplorat,
2695 1373 2791 1443 qui
2825 1385 2920 1440 per
2957 1370 3341 1441 paenitentiam
3375 1374 3562 1424 curari
3592 1386 3710 1425 am-

2129 1465 2273 1534 plius
2305 1479 2412 1518 non
2453 1464 2648 1533 potuit.

2621 1552 2777 1610 CAP.
2815 1551 2960 1608 xvu
3019 1551 3217 1625 [XIX].

2271 1646 2440 1704 Vsus.
2483 1647 2570 1702 15.
2632 1644 2886 1699 Summus
2930 1646 3221 1714 imperator
3267 1647 3397 1701 mihi
3442 1650 3567 1702 eris.
3608 1646 3715 1701 Ta-

2130 1740 2292 1796 metsi
2320 1738 2459 1794 Joab
2501 1737 2669 1791 multa
2711 1738 2955 1806 pericula
2988 1752 3090 1805 pro
3128 1736 3329 1792 Davide
3392 1740 3704 1804 subiverit;

445 1825 625 1893 ἐμίσει
649 1822 842 1877 τούτου
869 1824 932 1877 τὸ
958 1823 1180 1897 θράσος.
1222 1826 1497 1897 Ἠνείχετο
1529 1828 1587 1881 δὲ
1619 1829 1709 1883 διά
1728 1847 1788 1882 τε
1819 1832 1919 1900 τὴν
1942 1834 2022 1895 είς

2142 1846 2248 1902 ipse
2271 1842 2452 1884 tamen
2480 1829 2764 1883 audaciam
2798 1828 2947 1882 illius
2980 1828 3224 1884 hominis
3256 1831 3383 1886 odio
3418 1845 3716 1900 proseque-

446 1916 608 1969 αὐτὸν
639 1913 872 1981 εὔνοιαν,
904 1919 971 1988 ῆν
995 1918 1202 1980 ἐκεῖνος
1230 1917 1521 1985 ἐφύλαττε,
1556 1922 1650 1973 καὶ
1669 1921 1852 1985 δεδιὼς
1882 1922 2019 1993 ἅμα,

448 2008 523 2075 μή
549 2025 602 2060 τι
630 2007 895 2081 βουλεύσῃ
930 2009 1216 2082 νεώτερον.
1251 2009 1369 2065 Νῦν
1396 2012 1454 2066 δέ
1480 2012 1670 2084 καιρὸν
1696 2012 1892 2086 εὑρὼν,
1926 2015 2024 2086 τὴν

447 2102 784 2170 στρατηγίαν
816 2100 1212 2170 ἐπαγγέλλεται
1241 2101 1321 2171 τῷ
1363 2102 1627 2173 Ἂμεσσᾷ,
1655 2103 1714 2157 δν
1742 2104 2025 2171 ἀπέδειξεν

458 2190 816 2261 Ἀὅεσσαλὼμ
876 2192 1206 2264 στρατηγόν.
1241 2190 1352 2245 Ἦν
1393 2192 1450 2246 δέ
1489 2194 1585 2247 καὶ
1610 2195 1773 2259 αὐτὸς
1806 2196 2023 2264 ἀδελφι-

445 2280 567 2343 δοῦς
592 2281 669 2351 τῷ
705 2282 889 2335 Δαϐίδ.
932 2284 998 2335 ’Ὀ
1025 2283 1214 2353 μαθὼν
1256 2283 1433 2352 Ἱωὰϐ,
1465 2287 1813 2356 προσχήματι
1843 2288 2024 2357 φιλίας
2078 2312 2079 2315 η

447 2373 632 2426 τοῦτον
656 2374 997 2428 ἀπέκτεινεν.

1036 2651 1291 2706 ΚΕΦΑΛ.
1332 2651 1439 2708 IH'.

518 2739 621 2792 Καὶ
642 2739 900 2807 ἐξελύθη
926 2741 1125 2797 Δαϐίδ.
1154 2743 1473 2813 Πρεσϐύτης
1499 2743 1607 2814 γὰρ
1636 2744 1731 2810 ὢν,
1762 2744 1853 2798 καὶ
1877 2744 2027 2798 πλεῖ-

360 2882 379 2905 ,
447 2845 548 2882 στα
574 2833 1089 2903 προμαχεσάμενος,
1117 2834 1319 2888 ἀπεῖπε
1341 2835 1420 2905 τῷ
1444 2836 1677 2906 σώματι,
1703 2836 1817 2890 ἀλλ’
1848 2836 2024 2908 ἐσώθη

447 2920 765 2991 παραδόξως
794 2921 889 2975 τοῦ
918 2922 1172 2993 γίγαντος
1199 2924 1297 2988 τὰς
1328 2927 1514 2997 χεῖρας
1538 2926 1836 2996 διαφυγών.
1868 2927 2029 2998 Δηλοῖ

445 3013 502 3066 δὲ
548 3014 583 3084 ἡ
631 3015 845 3087 Γραφὴ,
886 3016 963 3080 ὡς
995 3017 1168 3080 οὕτως
1212 3019 1441 3072 ἐκάλουν
1470 3020 1520 3072 οἱ
1543 3020 1664 3073 τότε
1694 3021 1822 3085 τοὺς
1857 3020 2028 3091 μεγάο

2130 1926 2313 1980 batur.
2372 1919 2606 1975 Ferebat
2659 1928 2840 1973 autem
2893 1934 3019 1973 eum
3074 1919 3478 1984 nihilominus,
3514 1922 3716 1991 partim

2133 2022 2354 2086 propter
2386 2011 2847 2076 benevolentiam,
2881 2024 3047 2079 quam
3096 2025 3225 2080 erga
3273 2010 3534 2068 Davidem
3585 2014 3716 2066 reti-

2132 2102 2312 2165 nebat,
2347 2099 2545 2168 partim
2602 2105 2875 2163 metuens,
2907 2112 2977 2153 ne
3020 2098 3188 2154 rebus
3240 2102 3399 2154 novis
3445 2100 3713 2155 studeret.

2129 2190 2248 2246 Jam
2290 2191 2455 2260 igitur
2488 2188 2955 2259 opportunitatem
2986 2197 3205 2257 nactus,
3248 2190 3511 2255 Amesan,
3548 2205 3713 2261 quem

2131 2284 2389 2338 Absalom
2452 2281 2645 2337 ducem
2712 2281 2937 2342 fecerat,
2991 2295 3265 2335 summum
3325 2280 3712 2350 imperatorem

2130 2376 2374 2431 declarat
2407 2375 2545 2446 (erat
2571 2381 2753 2429 autem
2795 2382 2849 2427 et
2880 2372 3002 2442 ipse
3030 2373 3394 2429 consobrinus
3432 2372 3714 2439 Davidis);

2131 2468 2277 2538 quod
2311 2467 2404 2522 ubi
2453 2465 2802 2537 cognovisset
2840 2462 3000 2529 Joab,
3037 2464 3142 2521 sub
3167 2473 3430 2536 praetextu
3461 2466 3716 2522 amicitia

2133 2561 2279 2615 hunc
2310 2559 2473 2615 etiam
2496 2557 2792 2614 interfecit.

2625 2647 2781 2703 CAP.
2821 2647 2987 2704 xvm
3056 2647 3224 2721 [XX].

2206 2740 2518 2795 Dissolutus
2558 2749 2637 2795 est
2671 2740 2865 2795 David.
2895 2739 3033 2794 Nam
3065 2755 3189 2795 cum
3233 2753 3400 2794 senex
3439 2738 3609 2793 multa
3658 2736 3717 2792 in

2136 2832 2293 2888 bellis
2324 2847 2522 2903 passus
2557 2840 2729 2898 esset,
2755 2832 3006 2901 corporis
3037 2831 3251 2885 viribus
3282 2829 3503 2893 defecit,
3534 2830 3716 2884 mani-

2135 2925 2237 2980 lius
2276 2933 2458 2981 tamen
2489 2926 2726 2996 gigantis
2754 2940 2852 2995 per
2880 2924 3064 2995 fugam
3101 2932 3349 2994 ereptus,
3386 2922 3720 2978 mirabiliter

2135 3026 2387 3073 servatus
2446 3023 2553 3071 est.
2630 3014 2841 3070 lndicat
2888 3024 3074 3070 autem
3129 3014 3414 3084 Scriptura
3465 3013 3716 3069 homines

442 3102 571 3166 λους
607 3104 686 3169 τῷ
734 3105 969 3177 σώματι,
1019 3108 1115 3162 καὶ
1161 3107 1352 3181 ῥώμην
1394 3108 1607 3180 ἄμαχον
1653 3109 1896 3183 ἔχοντας,
1931 3114 2027 3167 καὶ

2142 3116 2293 3165 vasto
2315 3121 2567 3177 corpore,
2601 3115 2656 3162 et
2686 3107 2895 3161 invicto
2929 3107 3130 3160 robore
3157 3103 3442 3174 praeditos,
3472 3116 3582 3156 non
3617 3116 3726 3153 au-

446 3191 568 3245 ούτε
585 3196 710 3259 τοὺς
743 3196 1046 3266 δυσσεϐεῖς,
1088 3199 1212 3253 οὔτε
1245 3201 1372 3265 τοὺς
1394 3200 1807 3273 πολυχρονίους,
1842 3203 1916 3269 ὥς
1949 3221 2028 3259 τις

2142 3210 2240 3255 tem
2282 3169 2504 3271 impios,
2561 3206 2657 3253 aut
2704 3199 2985 3255 diuturnae
3045 3169 3174 3252 vitas—
3224 3195 3715 3267 (quemadmodum

444 3302 535 3349 νες
566 3286 935 3358 ύπετόπησαν.

1035 3466 1289 3521 ΚΕΦΑΛ.
1332 3466 1434 3522 ΙΘ’.

529 3549 700 3616 Ἀνὴρ
728 3551 798 3606 ἐκ
846 3552 1067 3620 Γάδης.
1145 3554 1398 3621 Ἀκύλας,
1453 3556 1790 3624 ἀντίδικος,
1864 3560 2027 3629 ἠγουν

448 3641 758 3711 ἀντιλογίας
778 3661 792 3677 ·
823 3646 852 3697 6
874 3644 932 3697 δὲ
964 3645 1285 3719 Σύμμαχος,
1316 3650 1666 3719 πρόμετρος.

1046 3828 1302 3882 ΚΕΦΑΛ.
1337 3830 1422 3886 K’.

521 3910 671 3979 Τοὺς
702 3917 926 3986 λόγους
950 3917 1063 3987 τῆς
1089 3920 1252 3990 ᾠδῆς
1283 3923 1524 3988 ταύτης.
1574 3921 1730 3975 Μετὰ
1773 3923 1903 3985 τοὺς
1933 3939 2029 3979 που

445 4000 648 4073 λέμους
693 4007 963 4062 ἐπινίκιον
1007 4009 1085 4081 τῷ
1135 4011 1254 4082 Θεῷ
1300 4013 1645 4067 συντέθεικεν
1691 4011 1881 4079 ὕμνον.
1916 4014 2029 4066 Καὶ

448 4099 783 4169 προφητεύει
815 4101 1059 4173 περὶτοῦ
1087 4105 1358 4158 Δεσπότου
1380 4106 1638 4177 Χριστοῦ⁸
1666 4105 1782 4159 ἐστι
1809 4105 1866 4159 δέ
1889 4105 2030 4176 πλὴν

449 4189 648 4259 ὀλίγων
669 4194 696 4246 6
720 4193 885 4258 αὐτὸς
906 4194 983 4265 τῷ
1013 4197 1056 4259 ζ’
1085 4195 1288 4267 ψαλμῷ
1306 4207 1357 4251 ν.

1024 4287 1277 4341 ΚΕΦΑΛ.
1318 4288 1449 4342 KA'.

521 4372 763 4443 Πνεῦμα
789 4376 1008 4443 Κυρίου
1035 4375 1346 4445 ἐλάλησεν
1364 4378 1436 4432 ἐν
1461 4379 1613 4449 ἐμοί.
1648 4376 2031 4452 Αίσχυνθήτωέ

2128 3293 2351 3363 quidam
2408 3291 2675 3363 suspicati
2735 3290 2886 3361 sunt)
2951 3290 3058 3345 hoc
3114 3290 3343 3343 nomine
3411 3284 3717 3357 appellatos

2128 3398 2273 3439 esse.

2629 3472 2784 3529 CAP.
2830 3470 2949 3528 XIX
3014 3469 3207 3543 [XXI].

2196 3563 2366 3622 Vens.
2400 3566 2454 3622 5.
2498 3565 2594 3619 Vir
2620 3581 2686 3621 ea:
2717 3563 2890 3620 Gada.
2933 3563 3151 3632 Aquila,
3194 3562 3490 3623 ἀντίδικος,
3520 3559 3716 3614 adver-

2129 3657 2327 3722 sarius,
2376 3656 2770 3711 controversia:
2819 3655 3101 3710 nimirum.
3169 3652 3533 3723 Symmachus
3583 3665 3716 3706 vero

2130 3744 2315 3812 habet,
2346 3748 2678 3818 πρόμετρος.

2620 3834 2774 3891 CAP.
2821 3834 2919 3889 xx
2985 3833 3200 3907 [xxut

2206 3925 2370 3983 Vens.
2416 3927 2467 3981 1.
2520 3926 2686 3981 Verba
2735 3927 2898 3996 hujus
2943 3928 3222 3980 carminis.
3281 3923 3415 3979 Post
3466 3922 3716 3978 devictos

2132 4022 2341 4084 hostes,
2380 4034 2601 4073 carmen
2627 4020 2926 4087 epinicium
2946 4019 3057 4072 Deo
3076 4018 3406 4088 composuit.
3436 4014 3718 4069 Vaticinr

2131 4121 2222 4167 tur
2251 4120 2434 4166 autem
2460 4112 2528 4166 de
2562 4110 2787 4166 Christo
2813 4109 3074 4164 Domino.
3092 4109 3189 4175 Et,
3216 4108 3409 4179 paucis
3444 4107 3715 4177 exceptis,

2130 4200 2275 4255 idem
2302 4206 2390 4256 est
2414 4213 2539 4253 cum
2567 4197 2766 4269 psalm.
2797 4213 2983 4253 cxm.

2595 4286 2751 4343 CAP.
2808 4285 2932 4340 XXI
3020 4283 3259 4359 [XXIII].

2207 4380 2375 4437 Vens.
2413 4380 2469 4435 2.
2509 4380 2741 4449 Spiritus
2773 4378 2985 4435 Domini
3009 4380 3066 4433 in
3099 4395 3181 4433 me
3211 4378 3423 4433 locutus
3445 4386 3543 4432 est.
3578 4376 3718 4430 Ern--

452 4478 552 4515 σαν
597 4463 863 4531 Ἰουδαῖοι,
911 4467 1198 4538 προφήτην
1232 4469 1408 4521 εἰπεῖν
1444 4469 1545 4522 ούκ
1583 4470 1905 4541 ἀνεχόμενοι
1936 4471 2028 4525 τὸν

2142 4466 2362 4531 bescant
2394 4486 2542 4527 nunc
2575 4470 2771 4535 Judzei,
2808 4470 2900 4540 qui
2947 4467 3201 4522 Davidem
3247 4477 3355 4522 tam
3405 4469 3712 4531 evidenter,

450 4556 648 4619 Aa6l.6,
674 4556 751 4619 ὠς
794 4558 1034 4627 ἐνεργῶς
1077 4560 1148 4611 τὰ
1176 4560 1306 4631 περὶ
1348 4561 1609 4630 Χριστοῦ,
1654 4561 1879 4632 καὶτῆς
1917 4562 2027 4615 τῶν

2142 4560 2187 4623 et
2211 4565 2504 4636 perspicue
2529 4562 2598 4618 de
2625 4563 2794 4618 rebus
2824 4560 3050 4623 Christi,
3082 4569 3137 4614 et
3164 4559 3270 4614 fide
3287 4560 3712 4624 vaticinantem,

450 4645 619 4705 ἐθνῶν
649 4648 1094 4718 προθεσπίσαντα
1118 4652 1375 4717 πίστεως.
1408 4652 1471 4706 El
1502 4654 1612 4724 γὰρ
1641 4653 1865 4724 Πνεῦμα
1890 4652 2024 4707 Θεοῦ

450 4739 506 4791 ἐν
532 4739 698 4809 αὐτῷ.
732 4742 826 4792 καὶ
858 4742 886 4793 6
913 4741 1045 4805 Θεὸς
1079 4741 1273 4796 Ἰακὼῦ
1310 4745 1603 4815 εὐδόκησεν
1647 4748 1706 4798 ἐν
1751 4746 1901 4817 αὐτῷ
1928 4745 2023 4798 λα-

448 4830 632 4898 λῆσαι,
686 4833 779 4885 καὶ
806 4833 877 4887 τά
925 4834 1131 4904 κρύφια
1169 4835 1268 4906 τῆς
1315 4838 1510 4907 σοφίας
1544 4837 1815 4923 ἐδήλωσεν
1852 4836 2023 4909 αὐτῷ,

449 4923 567 4986 πῶς
598 4925 659 4976 οὐ
686 4927 1007 4996 προφήτηςς

517 5016 625 5068 Καὶ
655 5018 765 5069 οὐκ
788 5016 1068 5073 ἐϐούλετο
1093 5019 1326 5073 ποιεῖνι
1350 5021 1517 5074 αὐτό.
1550 5020 1867 5083 Παιδευθεὶς
1898 5021 2029 5091 γὰρ,

449 5103 607 5174 ἔγνω,
636 5108 777 5161 ὅσων
802 5112 837 5180 ἡ
861 5110 1127 5181 ἐπιθυμία
1154 5111 1410 5183 πρόξενος
1441 5112 1756 5183 συμφορῶν.

2132 4656 2458 4727 prophetam
2491 4652 2755 4724 appellari
2785 4666 2897 4705 non
2943 4649 3250 4721 patiuntur.
3280 4649 3337 4703 Si
3379 4649 3524 4704 enim
3551 4650 3718 4716 spiri-

2133 4761 2225 4808 tus
2258 4750 2351 4805 Dei
2381 4756 2466 4803 est
2498 4747 2554 4802 in
2597 4748 2741 4817 ipso,
2778 4745 2823 4799 si
2863 4745 2974 4799 Deo
3006 4742 3177 4799 Jacob
3215 4744 3271 4798 in
3306 4743 3426 4815 ipso
3454 4744 3602 4814 loqui
3629 4745 3715 4799 vi-

2134 4858 2257 4900 sum
2288 4850 2393 4905 est,
2422 4840 2467 4895 si
2512 4852 2714 4894 arcana
2757 4835 3044 4908 sapientiae
3076 4850 3191 4892 suae
3236 4837 3453 4908 aperuit
3494 4838 3569 4902 ci,
3616 4852 3717 4892 cur

2138 4931 2404 5003 propheta
2434 4944 2543 4983 non
2570 4928 2759 4983 esset?
3692 4956 3699 4976 _.
3786 4964 3795 4986 ,

2206 5020 2373 5076 Vens.
2445 5019 2529 5074 16.
2603 5018 2673 5073 Et
2732 5017 2903 5072 noluit
2958 5016 3132 5087 facere
3189 5014 3347 5071 illud.
3400 5014 3716 5086 Castigatus

2135 5113 2307 5174 enim,
2354 5111 2510 5165 novit
2549 5120 2884 5181 quantamm
2915 5108 3296 5163 calamitatum
3330 5107 3535 5177 hospes
3566 5114 3717 5165 esset

2133 5201 2427 5272 cupiditas.

1688 5377 1773 5433 VA
1782 5377 1920 5433 BHE
1956 5376 2246 5433 LECTION
2254 5375 2358 5432 ES.

522 5540 544 5567 '
593 5534 748 5605 Ξύλῳ
769 5530 931 5605 αὑτὸν
958 5530 1295 5605 ἀνήρτησεν.
1334 5531 1545 5605 Ὀῌαύτ

1664 5535 1681 5570 ί
1721 5533 2005 5618 Ἱξοῦτόητις
2038 5534 2146 5618 τῷν
2178 5534 2717 5618 arpgttmgt'v‘1§dix,
2748 5534 2849 5587 οὐκ
2887 5533 3091 5618 ἐτόλμα
3121 5531 3451 5618 πληχὴντῷ
3492 5531 3581 5618 διὰ
3612 5530 3713 5600 τῆς

454 5605 631 5674 κόμης
680 5602 998 5674 πεδηθέντι-
1024 5602 1539 5674 ἐπαγαγεῖνκέῌδει
1568 5602 1675 5673 γὰρ
1711 5603 1803 5674 τὸν
1826 5603 1918 5657 τοῦ
1950 5604 2214 5674 βασιλέως
2245 5602 2429 5674 νόμον.
2462 5604 2613 5658 Ἰαὰϐ
2653 5604 2740 5667 δὲ,
2767 5622 2853 5657 κτ.
2891 5605 2949 5657 Ὀ
2988 5602 3110 5657 αὐτ.
3173 5602 3380 5659 ιι⁷(3.ἰλ.
3424 5603 3707 5671 ὑπέμεινε.

455 5683 479 5745 Υ
516 5672 848 5729 Ιιιιιινοιοτί
881 5672 1069 5726 codice
1099 5673 1312 5745 videtur
1343 5672 1534 5738 fuisse,
1567 5674 1709 5745 p).a.'.
1742 5672 2005 5745 Neutrum
2044 5684 2210 5729 recte.
2256 5672 2519 5730 ltescribo
2561 5673 2637 5745 τῷ
2683 5674 2748 5740 ις’
2785 5674 2845 5745 ψ.
2900 5674 3103 5730 Confer
3133 5690 3257 5729 cum
3304 5689 3369 5729 eo
3414 5676 3625 5743 psalmo
3657 5679 3712 5726 et

455 5744 725 5810 invenies,
769 5745 958 5813 paucis
992 5752 1201 5797 tantum
1252 5744 1580 5811 immutatis,
1614 5743 1802 5801 eadem
1830 5743 1972 5802 esse.
2040 5760 2066 5787 ι
2098 5746 2275 5800 Scrili.
2333 5748 2497 5799 πιεῖν.
