3992 6416
481 367 536 435 ll
555 367 615 435 37
1809 368 2079 431 PROCOI

2146 367 2162 427 ῐ
2196 366 2443 427 ΘΑΖιΕΙ
3610 357 3772 424 1148

476 482 571 536 bili
605 483 888 538 comburet
908 483 975 536 ³³.
998 501 1016 534 ι
1054 481 1205 536 Hanc
1223 482 1392 552 igitur
1421 493 1602 534 aream
1634 478 2036 549 intelligibilem
2069 517 2079 538 ι

2146 475 2331 540 αὑτοῦ,
2365 475 2462 528 καὶ
2496 472 2714 538 συνάξει
2757 471 2850 527 τὸν
2901 473 3048 525 σῖτον
3075 471 3245 525 αὐτοῦ
3277 471 3357 533 είς
3394 469 3492 542 τὴν
3531 470 3770 540 ἀποθή-

479 571 710 643 (νοητὸν)
738 572 986 628 Christus
1023 571 1418 641 quinquaginta
1469 569 1642 634 siclis,
1678 570 1780 622 hoc
1803 577 1910 630 est,
1941 583 2054 622 non

2157 583 2282 636 κην,
2311 566 2373 619 τὸ
2402 566 2459 618 δὲ
2488 565 2688 636 ἄχυρον
2723 563 3066 618 κατακαύσει
3089 563 3224 634 πυρὶΙ
3257 561 3530 631 ἀσϐέστῳ.
3554 581 3573 614 ι
3596 561 3766 616 Ταύ-

487 677 660 730 parvo
679 664 854 734 pretio
883 662 1036 717 emit.
1067 662 1336 716 Caeterum
1381 675 1672 716 numerum
1703 673 1924 730 quoque
1962 659 2057 713 de-

2154 675 2256 728 την
2281 657 2390 728 ἄρα
2417 657 2520 726 τὴν
2545 657 2660 711 ἅλω
2687 656 2788 727 τὴν
2813 656 3014 726 νοητὴν
3035 654 3330 726 ὲξεπρίατο
3350 653 3591 724 Χριστὸς
3614 671 3768 719 πεντ

481 751 1104 819 clarantdimissionis;
1137 752 1377 820 seipsum
1412 752 1558 806 enim
1614 749 1766 802 dedit
1823 763 1922 818 pro
1968 762 2052 811 ea,

2157 751 2398 821 τήκοντα
2430 749 2631 802 σίκλων
2657 764 2671 778 ·
2715 749 3026 812 τουτέστιν,
3065 747 3168 799 οὑκ
3219 745 3474 816 ἐλαφρῶν
3501 747 3768 816 τιμημά-

422 893 443 904 ,
481 850 536 897 et
575 858 723 896 aram
763 842 819 896 in
851 844 940 896 illa
968 843 1170 912 posuit.
1211 841 1278 895 Et
1331 840 1776 912 quandoquidem
1805 853 2056 894 summus

2158 859 2284 895 των.
2313 840 2477 893 Ἀλλὰ
2505 841 2600 892 καὶ
2625 840 2717 894 τὸν
2743 839 2979 910 ἀριθμὸν
3008 837 3335 908 ἐμφαίνουσι
3358 839 3459 906 τῆς
3475 837 3758 906 ἀφέσεως.

488 941 568 988 est
605 931 876 1003 pontifex,
910 933 1028 1002 ipse
1048 935 1293 999 seipsum
1315 947 1535 1001 quoque
1565 929 1902 984 sacriﬁcium
1956 928 2058 982 ob-

2168 929 2394 985 Ἐαυτδν
2415 928 2524 1000 γὰρ
2542 929 2776 982 δέδωκεν
2797 927 2938 996 ὑπὲρ
2963 927 3153 996 αὐτῆς,
3175 927 3268 980 καὶ
3297 925 3500 994 ἔπηξεν
3525 927 3585 978 ὲν
3610 925 3758 998 αὐτῇ

483 1025 629 1088 tulit,
686 1025 846 1093 cujus
895 1024 974 1078 rei
1026 1033 1214 1095 typum
1279 1023 1490 1077 vitulus
1523 1022 1578 1076 in
1631 1037 1760 1076 area
1789 1027 2058 1074 mactatus

2159 1019 2568 1090 θυσιαστήριον.
2597 1019 2707 1073 Καὶ
2738 1019 2968 1089 ἐπείπερ
3002 1019 3150 1070 ἐστὶν
3182 1017 3502 1088 ἀρχιερεὺς,
3529 1015 3630 1068 καὶ
3653 1017 3756 1069 αύ-

482 1115 750 1185 praztulit.
793 1115 858 1168 Et
923 1113 1103 1170 lactus
1153 1122 1238 1168 est
1288 1113 1690 1178 holocaustum,
1743 1119 1797 1165 et
1833 1109 2058 1185 pacifica

2158 1112 2251 1175 τὸς
2275 1111 2338 1164 τὸ
2365 1111 2516 1181 θύμα
2548 1111 2950 1181 προσεκόμισεν
2994 1107 3186 1162 ἑαυτὸν
3207 1149 3222 1172 ,
3249 1107 3326 1171 ὡς
3361 1109 3421 1160 ὲν
3455 1105 3618 1176 τύπῳ
3661 1107 3748 1160 τοῦ

485 1207 687 1262 hostia.
717 1185 1007 1262 Sublatqu
1047 1208 1190 1261 enim
1222 1215 1308 1261 est
1339 1206 1392 1260 in
1427 1205 1648 1261 Christo
1681 1205 2056 1260 interstitium.

2161 1202 2420 1266 ἁλοῦντος
2481 1202 2706 1273 μόσχου.
2774 1201 2888 1256 Καὶ
2943 1201 3168 1270 γέγονεν
3223 1197 3615 1266 όλοκαύτωμα,
3663 1199 3756 1249 κα.

483 1294 605 1366 Ipse
641 1303 724 1351 est
758 1311 861 1365 pax
888 1305 1099 1360 nostra,
1127 1295 1284 1366 juxta
1316 1294 1633 1365 Scripturas
1663 1293 1746 1346 ἐς

2162 1290 2416 1364 εἰρηνικὴ
2440 1291 2622 1346 θυσία.
2662 1291 2901 1346 Λέλυται
2925 1291 3035 1362 γὰρ
3070 1289 3132 1343 τὸ
3165 1287 3506 1360 μεωλαὸοὖν
3537 1287 3597 1340 ἐν
3621 1287 3754 1358 Χρι-

2165 1386 2297 1456 στῷ.
2353 1385 2528 1449 Αὐτὸς
2578 1385 2689 1457 γάρ
2741 1387 2890 1440 ἐστιν
2925 1387 2960 1457 ή
3014 1385 3208 1456 εἰρήνη
3265 1382 3424 1454 ήμῶν
3477 1380 3626 1436 κατὰ
3660 1380 3762 1444 τὰς

2163 1479 2411 1550 Γραφάς.

2234 1569 2545 1640 Κτήσομαι
2595 1568 2756 1638 παρὰ
2820 1567 2939 1622 σοῦ
2987 1567 3057 1620 ἐν
3103 1564 3466 1634 ἀλλὰγματι.
3527 1563 3770 1633 Ὠφελη-

493 1655 681 1710 lomon
715 1655 848 1709 dicit
881 1673 894 1709 :
939 1673 958 1706 ι
995 1655 1212 1710 llonora
1237 1654 1524 1708 Dominum
1563 1654 1813 1722 dejustis
1844 1655 1954 1710 tuis
1984 1656 2065 1709 Ia-

2165 1659 2276 1721 Oe‘tc
2295 1660 2386 1713 τὸν
2409 1660 2622 1730 πατέρα
2645 1661 2740 1714 καὶ
2764 1657 3017 1728 Σολομὼν
3036 1659 3163 1728 ἔφη·
3194 1678 3213 1710 ι
3236 1659 3384 1729 Τίμα
3409 1655 3505 1710 τὸν
3547 1655 3766 1726 Κύριον

485 1745 731 1810 boribus,
759 1754 812 1800 et
842 1746 1040 1816 largire
1067 1747 1116 1801 ei
1146 1748 1213 1802 de
1236 1748 1344 1802 tuis
1367 1747 1634 1802 fructibus
1663 1747 1891 1817 justitia:
1923 1747 2014 1800 ⁸ν.
2035 1767 2055 1800 ι

2165 1751 2274 1804 ἀπὸ
2307 1751 2416 1804 σῶν
2445 1751 2670 1806 δικαίων
2702 1751 2902 1817 πόνων,
2933 1752 3027 1806 καὶ
3047 1750 3300 1820 ἀπάρχου
3332 1747 3487 1818 αύτῷ
3513 1747 3625 1801 ἀπὸ
3651 1745 3770 1799 σῶν

485 1833 546 1889 In
589 1835 678 1891 illo
713 1851 842 1891 vero
870 1811 1002 1906 agro
1023 1837 1309 1892 :edillcavit
1341 1837 1600 1891 Solomon
1627 1811 2062 1908 tentplum.Dicit

2169 1843 2394 1913 καρπῶν
2431 1843 2795 1914 δικαιοσύνης.
2836 1864 2854 1896 ι
2889 1811 2984 1897 ζΕν
3008 1811 3304 1912 exuvias:
3342 1839 3423 1912 τῷ
3451 1811 3642 1910 ξωρίῳ
3669 1838 3754 1891 τοι

487 1927 632 1979 enim
665 1927 894 1982 historia
924 1944 937 1980 :
971 1945 990 1980 ι
1019 1927 1285 1998 Adjunxit
1317 1927 1580 1983 Solomon
1639 1929 1706 1984 ad
1733 1930 1906 1985 altare
1945 1931 2067 1985 ulti-

2161 1930 2300 1984 νεὼν
2360 1933 2677 2004 ᾠκοδόμησε
2731 1933 3008 2002 Σολομὼν.
3063 1932 3205 2003 Φησὶ
3254 1931 3366 2002 γὰρ
3416 1933 3450 2000 ή
3511 1929 3760 2000 ίστορίαο

487 2030 598 2078 mo,
627 2017 768 2085 quod
802 2017 854 2070 in
891 2017 1162 2086 principio
1189 2033 1417 2087 parvum
1457 2029 1596 2072 erat.
1643 2038 1662 2070 ι
1735 2020 2064 2088 Signiﬁcans

2172 2039 2192 2072 ι
2230 2021 2578 2094 Προσέθηκεν
2605 2025 2632 2077 ό
2686 2023 2943 2093 Σολομὼν
2975 2024 3070 2078 ἐπὶ
3121 2023 3184 2076 τὸ
3233 2021 3630 2090 θυσιαστήριον
3670 2021 3742 2071 ὲπ

488 2104 840 2176 Evangeliuln
867 2122 1158 2177 progressu
1189 2107 1454 2178 temporis
1509 2112 1960 2178 promovendum,
2009 2119 2064 2165 et

2165 2110 2399 2181 ἐσχάτῳ,
2445 2113 2526 2164 ὅτι
2577 2111 2775 2183 μικρὸν
2805 2108 2874 2184 ἦν
2899 2113 2958 2166 ὲν
2997 2112 3259 2180 πρώτοις.
3315 2131 3334 2164 ι
3375 2108 3764 2176 ’Υποδηλοῦσιι

487 2197 1062 2264 propagandUIlteSSe.
1104 2199 1330 2268 Semper
1371 2199 1516 2253 enim
1563 2215 1628 2254 ex
1670 2202 1853 2268 parvis
1891 2201 2063 2258 initiis

2163 2199 2263 2270 τὴν
2288 2201 2430 2254 κατὰ
2467 2203 2695 2272 καιροὺς
2724 2203 2992 2279 ἐσομένην
3032 2202 3128 2256 τοῦ
3173 2201 3511 2270 Εὑαγγελίου
3555 2216 3756 2269 προκο-

486 2285 728 2340 Ecclesia
758 2287 1042 2352 dilatatur,
1067 2300 1120 2344 et
1163 2288 1399 2344 subinde
1429 2291 1616 2360 plures
1650 2289 1951 2346 adduntur.

2165 2291 2294 2361 πήν.
2322 2293 2430 2345 Καὶ
2459 2294 2492 2364 ἡ
2517 2293 2816 2365 Ἐκκλησία
2837 2295 2946 2364 γὰρ
2975 2295 3065 2348 διὰ
3097 2294 3299 2358 παντὸς
3329 2295 3395 2348 ὲκ
3427 2293 3750 2366 μικροτέρας

1717 2385 1730 2397 ·
2161 2382 2473 2454 εὐρύνεται,
2511 2387 2604 2441 καὶ
2639 2387 3025 2459 προστίθενται
3051 2388 3292 2450 πλείους.

555 1562 718 1619 Vens.
742 1562 836 1618 24.
865 1562 1160 1618 Possidebo
1188 1581 1220 1618 a
1251 1571 1300 1618 te
1321 1563 1374 1618 in
1397 1563 1804 1632 permutatione,
1836 1563 2054 1620 etc.Sa-

553 2523 602 2554 ⁸³
636 2521 827 2579 Matth.
863 2539 946 2590 ιιι,
981 2525 1068 2580 12.
1141 2526 1186 2559 ³⁸
1211 2525 1415 2598 Ephes.
1449 2543 1511 2592 ιι,
1544 2527 1632 2583 14.
1711 2528 1778 2561 ³⁸⁵
1811 2529 1972 2598 Prov.
2009 2547 2087 2596 ιιι,
2119 2532 2176 2587 9.

766 2889 1009 3002 ΕΙΣ
1079 2888 1395 3002 ΤΗΝ
1504 2885 2062 2999 ΤΡΙΤΗΝ
2178 2887 2482 3000 ΤΩΝ
2597 2886 2784 2999 ΒΑ
2807 2880 3460 3002 ΣΙΛΕΙΩΝ.

913 3273 1076 3398 ΙΝ
1169 3276 1779 3405 LIBRUM
1870 3274 2606 3404 TERTIUM
2723 3273 3330 3402 REGUM.

1054 3658 1208 3716 CAP.
1251 3657 1550 3715 PRIMUM.

2470 3672 2476 3678 ‘
2592 3651 2988 3709 ΚΕΦΑΛΑΙΟΝ
3031 3653 3329 3709 ΠΡΩΤΟΝ.

557 3771 725 3829 Vens.
765 3772 814 3826 Ι.
832 3769 901 3826 Et
923 3785 1014 3826 rea:
1037 3769 1208 3825 David
1239 3787 1396 3826 senex
1422 3771 1728 3827 admodum.
1748 3773 1974 3840 Qumres
1997 3785 2063 3824 an

2214 3769 2352 3826 ,Καὶ
2379 3767 2729 3836 ὀβασιλεὺς
2761 3763 2941 3819 Δαϐὶδ
2968 3764 3312 3834 πρεσϐύτης
3365 3762 3626 3832 σφόδρα.
3655 3765 3764 3832 Ζη-

488 3863 858 3937 πρεσϐύτερος
883 3863 952 3917 de
976 3862 1228 3932 improbo
1263 3871 1565 3933 usurpetur
1599 3877 1629 3917 a
1651 3863 1969 3934 Scriptura,
1996 3879 2067 3919 an

2167 3865 2388 3935 τήσεις,
2427 3865 2583 3917 εἵπου
2625 3861 2686 3914 τὸ
2723 3859 3128 3927 πρεσϐύτερος
3169 3856 3262 3910 ἐπὶ
3295 3855 3502 3924 φαύλου
3527 3855 3635 3910 ύπὺ
3665 3855 3762 3910 τοῦ

487 3955 557 4010 de
591 3961 810 4018 sancto;
867 3961 942 4016 et.
997 3967 1066 4006 an
1115 3950 1477 4023 προϐεϐηκὼς
1518 3954 1756 4026 ἡμέραις
1803 3955 2065 4010 dicatur:

2170 3953 2464 4025 προσώπου
2487 3953 2586 4021 τῆς
2619 3950 2846 4023 Γραφῆς
2874 3947 3114 4020 εἴρηται,
3153 3947 3187 4017 ἢ
3217 3947 3312 3998 ἐπὶ
3334 3945 3492 4014 ἁγίου
3512 3960 3528 3973 ·
3559 3945 3678 4011 καὶ,
3710 3946 3764 3998 εἰ

489 4047 641 4112 item,
686 4060 754 4100 an
787 4043 1046 4100 diﬂ‘erant
1077 4043 1450 4116 πρεσϐύτερος
1478 4051 1533 4101 et
1587 4045 1926 4120 πρεσϐύτης.

2169 4046 2232 4098 τὸ
2261 4043 2640 4112 προϐεϐηκὼς
2671 4043 2923 4112 ἡμέραις
2949 4041 3203 4110 λέγεται·
3254 4039 3349 4092 καὶ
3369 4079 3384 4105 ,
3425 4039 3476 4091 εί
3513 4039 3763 4110 διαφέρει

2171 4135 2574 4204 πρεσϐύτερος
2607 4133 2701 4186 καὶ
2724 4133 3088 4202 πρεσϐύτης.

563 4219 728 4276 Vsus.
763 4220 816 4275 ι.
851 4219 919 4274 Et
960 4219 1260 4277 dormiebat
1315 4237 1590 4294 cumrege.
1619 4222 1932 4280 Florentem
1969 4223 2072 4278 vir-

2243 4227 2351 4281 Καὶ
2382 4222 2462 4298 ἦν
2493 4223 2574 4291 τῷ
2592 4224 2851 4291 ,βασιλεῖ
2865 4210 3210 4294 σύγκοιτος.
3235 4222 3312 4276 Τὸ
3337 4222 3440 4291 τῆς
3487 4221 3762 4292 παρθένου

489 4313 636 4382 ginis
673 4320 890 4368 aetatem
916 4314 1358 4378 considerarunt,
1391 4329 1514 4384 qua!
1557 4314 1744 4384 vigore
1771 4325 1827 4370 et
1885 4316 2072 4372 calore

483 4402 792 4472 jurentutis
842 4419 956 4458 suae
999 4403 1225 4460 Davidis
1269 4419 1494 4459 carnem
1581 4406 1875 4461 solaretur.
1933 4406 2070 4462 Nam

489 4495 950 4549 vestimentorum
978 4494 1204 4564 quidem
1245 4502 1445 4550 natura
1473 4502 1579 4560 est,
1615 4503 1677 4550 ut
1701 4492 1954 4568 corporis
1973 4513 2071 4553 ca-

489 4583 656 4637 lorem
699 4591 1053 4648 conservent,
1115 4591 1172 4638 et
1202 4583 1484 4639 inventum
1538 4585 1777 4640 calorem
1809 4599 2069 4660 augeant,

489 4673 624 4726 nihil
653 4690 785 4729 vero
840 4673 1042 4743 frigido
1101 4674 1323 4747 corpori
1365 4675 1681 4731 conferant.
1709 4677 1855 4735 Caro
1886 4693 2070 4734 autem

487 4762 688 4828 calida,
717 4763 786 4817 de
831 4779 934 4818 suo
973 4765 1183 4830 calore,
1237 4779 1400 4834 quem
1465 4764 1652 4832 habet,
1685 4768 1740 4822 in
1774 4784 1911 4833 rem,
1949 4784 2074 4839 quae

488 4851 846 4921 suscipiendo
871 4853 1042 4908 calori
1073 4839 1272 4908 idonea
1303 4863 1409 4917 est,
1439 4857 1786 4913 transmittit.

562 4941 729 4997 Vens.
757 4942 812 4997 5.
836 4942 904 4996 Et
947 4941 1119 4997 Ornia
1147 4943 1294 5013 ﬁlius
1345 4943 1551 5018 Hagqid
1577 4945 1773 5002 David.
1801 4947 2070 5004 Adouias.

489 5034 794 5088 liinominis
821 5033 970 5089 enim
997 5043 1141 5090 erat.

557 5125 726 5182 Vens.
759 5127 814 5182 9.
836 5127 905 5181 Et
931 5144 1071 5195 oues,
1103 5137 1152 5183 et
1175 5095 1380 5198 agnos;
1403 5137 1512 5186 etc.
1543 5129 1687 5186 Oves
1729 5131 1954 5202 quidem
2001 5150 2069 5190 ex

2171 4320 2406 4392 ἀκμαῖον
2434 4318 2759 4390 ἐπενόησαν,
2793 4317 2934 4371 ὥστε
2958 4315 3140 4381 ζώσας
3176 4317 3270 4369 καὶ
3309 4315 3544 4385 ζεούσης
3569 4314 3765 4390 νεότη-

2170 4428 2264 4476 τος
2292 4410 2501 4482 σάρκας
2530 4407 2977 4480 παραμυθεῖσθαι
3006 4407 3100 4460 τὸν
3134 4404 3320 4461 Δαϐίδ.
3364 4403 3622 4474 ’ίματίων
3663 4402 3764 4472 μὲν

2172 4503 2282 4574 γὰρ
2314 4501 2477 4573 φύσις
2527 4502 2716 4573 τηρεῖν
2765 4500 2983 4568 πέφυκε
3011 4496 3106 4551 τοῦ
3157 4495 3412 4566 σώματος
3463 4495 3566 4565 τὴν
3587 4494 3763 4560 ζέσιν,

2173 4593 2311 4648 ἀλλὰ
2344 4595 2440 4648 καὶ
2470 4593 2696 4647 πλείονα
2733 4593 2910 4644 ποιεῖν
2944 4591 3010 4662 ἦν
3035 4581 3228 4660 εὗρεν·
3264 4587 3419 4643 οὐδὲν
3463 4588 3522 4642 δὲ
3565 4587 3628 4640 τὸ
3656 4587 3768 4656 ψυ-

2173 4685 2304 4757 χρὸν
2333 4685 2602 4755 ὠφελεϊνο
2638 4685 2672 4755 ή
2705 4683 2764 4736 δέ
2793 4699 2857 4752 γε
2897 4681 3094 4746 ζέουσα
3138 4680 3278 4750 σὰρξ
3321 4681 3420 4750 τῆς
3451 4677 3769 4750 προσούσης

2175 4776 2386 4849 θέρμης
2410 4775 2488 4846 τῷ
2515 4773 2721 4844 ταύτης
2749 4771 2988 4843 δεκτικῷ
3017 4771 3364 4844 μεταδίδωσι.

2245 4948 2357 5004 Καὶ
2415 4946 2616 5017 ὀρνιὰ
2670 4948 2803 5014 υἱὸς
2856 4945 3066 5018 Ἀτγὲθ
3115 4947 3310 5002 Δαϐίδ.
3349 4947 3634 5011 Ἀδωνίας,
3668 4949 3767 5002 καὶ

2103 5029 2149 5085 Ῑ)
2177 5041 2284 5112 γὰρ
2319 5037 2388 5114 ἦν
2415 5039 2702 5108 διώνυμος.

2248 5131 2358 5188 Καὶ
2387 5133 2673 5198 πρόϐατα,
2695 5131 2796 5185 καὶ
2841 5129 3052 5200 ἄρνας.
3082 5130 3312 5200 Μήποτε
3361 5126 3614 5200 πρόσατα
3663 5127 3768 5198 μὲν

484 5221 668 5274 ovium
703 5230 758 5276 et
791 5235 1082 5290 caprarum
1151 5235 1350 5290 grege,
1411 5237 1583 5291 agnos
1611 5237 1740 5278 vero
1791 5239 1860 5279 ex
1883 5225 2070 5280 ovium

2177 5227 2248 5280 τὰ
2263 5227 2342 5278 ’ὲκ
2373 5223 2626 5294 ποιμνίου
2659 5225 2750 5278 καὶ
2773 5223 2834 5288 ἐξ
2867 5223 3138 5287 αἰπολίου,
3161 5222 3336 5292 ἄρνας
3367 5220 3426 5274 δὲ
3451 5222 3520 5273 τὰ
3546 5221 3612 5272 ὲκ
3642 5237 3767 5274 ποι-

483 5328 670 5383 grcgc,
697 5321 754 5368 ct
782 5316 946 5370 unius
976 5315 1248 5368 duntaxat
1287 5315 1490 5370 astatis.

2183 5314 2362 5386 μνίου,
2395 5316 2490 5366 καὶ
2517 5300 2658 5381 μόνα
2697 5314 2827 5383 μιᾶς
2859 5311 3097 5382 ἡλικίας.

561 5404 664 5468 Qui
687 5405 904 5474 junctus
930 5416 1046 5461 erat
1073 5407 1194 5461 Ain.
1214 5405 1617 5478 Epttlumjuxta
1643 5407 1848 5464 fontem
1875 5426 2072 5480 quem-

2255 5406 2370 5461 Τὸν
2397 5406 2691 5474 ἐχόμενον
2725 5407 2868 5460 Ἀῒν.
2891 5405 2966 5457 Τὸ
2995 5402 3269 5456 συσσίτιον
3293 5403 3578 5456 ἐπετέλεσε
3609 5405 3766 5472 παρά

487 5493 614 5546 dam
643 5496 1037 5550 scaturientem
1063 5504 1192 5550 ante
1217 5497 1408 5552 urbem
1429 5497 1703 5552 exhibuit.
1726 5497 1887 5552 Juxta
1909 5514 2071 5569 quem

2178 5513 2301 5551 τινα
2329 5496 2512 5566 πηγὴν
2550 5496 2656 5567 προ
2683 5497 2778 5548 τοῦ
2815 5496 3007 5558 ἄστεος
3055 5493 3488 5558 ἀνασλύζουσαν,
3521 5493 3648 5562 παρ’
3692 5494 3763 5563 ῆν

490 5585 687 5641 hortus
728 5588 915 5656 regius
979 5590 1230 5645 consitus
1290 5598 1432 5654 erat,
1486 5591 1568 5646 sic
1596 5593 1744 5646 enim
1792 5590 2070 5663 Iosephus

2179 5588 2462 5660 βασιλικὸς
2486 5588 2730 5659 έτεθήλει
2771 5588 3118 5658 παράδεισος.
3163 5585 3320 5640 Οὕτω
3360 5587 3469 5656 γὰρ
3493 5583 3763 5654 Ἰώσηπος

492 5677 707 5733 scribit.
733 5675 1097 5747 Symmachus
1123 5679 1292 5735 etiam
1326 5681 1429 5734 Ain
1472 5694 1582 5734 una
1626 5694 1751 5736 cum
1781 5677 1919 5753 Syro
1949 5681 2070 5750 fon-

2175 5679 2304 5750 έφη.
2331 5679 2443 5732 Καὶ
2470 5680 2498 5730 ό
2534 5677 2830 5748 Σύμμαχος
2858 5676 2914 5729 δὲ
2953 5675 3052 5746 τήν
3077 5676 3200 5730 ’Δῖν
3240 5675 3450 5747 πηγὴν
3479 5673 3758 5747 ήρμήνευο

497 5774 600 5819 tem
632 5766 1030 5836 interpretatus
1060 5778 1166 5822 est.

2180 5787 2294 5839 σεν,
2321 5771 2395 5836 ὡς
2428 5771 2521 5824 καὶ
2540 5773 2568 5824 ό
2601 5769 2771 5840 Σύρος
2798 5768 2972 5823 καλεῖ.
