3992 6408
413 429 546 498 1149

1403 421 1938 487 COMMENTARII
1975 371 2080 480 IN’
2099 417 2245 477 LIB.
2275 413 2368 475 III
2401 414 2693 475 REGUM.

3532 413 3673 476 1150

483 545 588 600 Kal
621 543 826 598 Νάθαν
845 538 992 610 ἦλθε
1021 540 1172 608 πρὸς
1204 539 1532 607 Βηρσαϐεέ.
1560 539 1718 600 Τινὲς
1749 537 1991 605 ἀνοήτως

2165 532 2334 588 Vens.
2391 533 2479 586 Μ’.
2539 529 2761 584 Nat/tan
2811 529 2946 584 venit
3005 528 3076 582 ad
3133 529 3408 584 Bersabee.
3436 530 3670 594 Quidam

413 632 681 688 ύπέλαῧον
709 632 946 700 ἀλγῆσαι
967 632 1057 684 τὸν
1084 629 1292 693 Νάθαν,
1320 628 1396 692 ὡς
1427 629 1502 699 μὴ
1528 628 1798 698 κληθέντα
1830 626 1910 686 εἰς
1933 625 1994 677 τὸ

414 725 720 780 συσσίτιον·
757 725 838 777 διὸ
867 722 1041 778 ταῦτα
1076 722 1324 792 ποιῆσαι.
1366 723 1424 775 ὐ
1457 721 1515 774 δὲ
1547 721 1854 790 προφήτης,
1895 717 1993 785 τὴν

411 821 506 874 τοῦ
539 819 674 873 Θεοῦ
725 818 904 887 ψῆφον
953 813 1110 878 εἰδὼς
1169 813 1259 884 (δι’
1300 811 1466 866 αὐτοῦ
1510 810 1619 882 γὰρ
1649 809 1885 879 ἐδήλωσε
1914 805 1992 874 τῷ

414 913 654 984 βασιλεῖ’
691 929 710 963 ι
743 911 820 963 Οὐ
867 911 932 962 σὺ
956 906 1334 976 οίκοδομήσεις
1365 920 1454 974 μοι
1493 898 1674 954 οἷκον·
1711 899 1824 952 ἀλλ’
1859 896 1989 960 ἰδοὺ,

413 1007 530 1067 υίὸς
557 1001 804 1057 τίκτεται
831 1016 936 1061 σοι,
959 997 1211 1068 Σολομῶν
1237 996 1408 1063 ὄνομα
1427 992 1597 1064 αὐτῷ,
1615 987 1768 1054 οὗτος
1789 989 1993 1044 οἰκοδο-

416 1095 582 1165 μήσει
600 1087 748 1144 οἷκον
777 1088 856 1160 τῷ
879 1089 1101 1159 ὀνόματί
1137 1103 1238 1157 μου
1267 1099 1288 1134 ι
1309 1082 1704 1151 ),Θεασάμενος
1725 1079 1818 1132 τὸν
1865 1079 1990 1145 Ὀρ-

411 1193 532 1246 νίαν
559 1189 712 1260 παρὰ
731 1186 830 1258 τὴν
857 1185 1009 1240 θείαν
1039 1183 1233 1254 βουλὴν
1257 1183 1358 1252 τὴν
1386 1177 1667 1249 βασιλείαν
1715 1173 1993 1244 ἁρπάζον-

410 1301 499 1344 τα,
526 1281 798 1351 ἀνέμνησε
827 1277 915 1331 διὰ
946 1277 1046 1344 τῆς
1111 1271 1395 1344 Βηρσαεεὲ
1451 1269 1542 1322 τὸν
1610 1265 1833 1337 βασιλέα
1893 1265 1992 1333 τῆς

411 1375 562 1436 θείας
615 1372 1006 1442 προρρήσεως
1076 1363 1194 1419 εἶτα
1249 1359 1508 1416 εἰσελθὼν
1537 1400 1552 1423 ,
1593 1360 1722 1420 τοὺς
1775 1355 1990 1424 ἐκείνης

408 1463 709 1520 ὲὸεῦαίωσε
755 1461 965 1528 λόγους.

485 1643 590 1698 Καὶ
623 1641 844 1710 ἄρνας,
884 1637 983 1692 καί
1018 1637 1300 1704 πρόϐατα.
1338 1630 1449 1684 Καὶ
1493 1625 1725 1682 ἐνταῦθα
1760 1625 1990 1692 διάφορα

409 1735 586 1790 ταῦτα
609 1749 795 1802 φησιν.

481 1827 586 1882 Καὶ
613 1819 1050 1878 καταϐιϐάσατε
1075 1815 1266 1869 αὐτὸν
1291 1811 1391 1867 ἐπὶ
1428 1811 1537 1864 τὸν
1567 1806 1778 1862 Γειὼν.
1819 1803 1988 1857 Γειὼν

2096 625 2262 678 stulte
2320 630 2373 677 et
2432 624 2614 692 inepte
2672 623 2934 690 suspicati
2991 631 3118 676 sunt
3179 621 3418 684 Nathau,
3463 620 3673 674 doloris

2095 715 2466 783 impatientia,
2521 729 2586 767 eo
2627 715 2772 782 quod
2836 712 2902 766 ad
2936 711 3248 765 convivium
3311 721 3536 765 vocatus
3564 723 3672 761 non

2093 815 2262 870 esset,
2309 805 2665 859 litectecisse.
2725 803 2991 858 Caeterum
3037 804 3326 874 propheta,
3383 805 3679 870 diviuidc—

2095 899 2255 961 creti,
2293 909 2348 954 et
2387 897 2600 952 consilii
2639 913 2874 968 gnarus;
2934 913 3030 967 per
3059 897 3206 950 hunc
3232 898 3376 951 enim
3403 899 3514 964 regi
3543 912 3672 964 ape-

2094 992 2236 1046 ruit:
2277 1011 2296 1044 ι
2341 989 2460 1044 Non
2521 999 2577 1043 tu
2640 990 2934 1044 :rdilicabis
2972 989 3106 1042 mihi
3136 991 3384 1052 domum,
3414 990 3506 1044 sed
3535 1004 3676 1044 ecce

2090 1083 2233 1137 ﬁlius
2269 1090 2530 1136 nascetur
2563 1081 2682 1146 tibi,
2733 1081 2818 1134 cui
2867 1096 3067 1134 nomen
3109 1077 3223 1136 'ei'it
3263 1081 3549 1140 Solomon.
3585 1081 3676 1134 hic

2095 1173 2390 1228 mdiﬁcahit
2443 1173 2650 1227 nomini
2707 1187 2829 1226 meo
2874 1171 3120 1237 domum,
3161 1191 3178 1222 ι
3245 1186 3368 1225 cum
3448 1171 3676 1225 vidisset

2089 1264 2260 1320 Ornia
2298 1271 2492 1318 contra
2525 1263 2858 1315 voluntatem
2899 1274 2952 1315 et
2997 1262 3292 1316 consilium
3327 1261 3416 1313 Dei
3443 1276 3674 1330 regnum

2091 1371 2389 1424 occupare,
2417 1354 2531 1425 regi
2573 1369 2671 1424 per
2721 1352 3051 1408 Bersabeam
3111 1351 3200 1406 Dei
3253 1353 3574 1406 vaticinium
3617 1351 3674 1406 in

2093 1445 2413 1500 memoriam
2441 1449 2747 1510 revocavit;
2810 1451 3020 1512 postea,
3049 1443 3116 1512 ad
3149 1457 3333 1513 regem
3370 1443 3674 1510 ingressus,

2090 1551 2374 1592 seru-ones
2399 1537 2547 1590 illius
2595 1536 2967 1588 conﬁrmavit.

2161 1628 2325 1699 529
2359 1627 2524 1682 Vens.
2549 1627 2642 1682 25.
2677 1626 2747 1680 Et
2781 1642 2968 1696 agnos,
3019 1633 3069 1679 et
3121 1628 3295 1679 boves.
3327 1625 3428 1678 Hic
3457 1637 3676 1694 quoque

2088 1721 2394 1777 differentia
2435 1722 2549 1774 ht'cc
2578 1719 2738 1772 dixit.

2167 1809 2336 1866 Vens.
2359 1811 2450 1864 55.
2490 1809 2560 1862 Et
2583 1809 2822 1863 deducite
2855 1823 2973 1861 eum
3012 1806 3081 1860 ad
3105 1805 3298 1860 Gihon.
3335 1804 3513 1860 Gihon
3550 1805 3676 1873 qui-

415 1921 516 1990 μὲν
545 1920 572 1971 6
603 1915 817 1976 Νεῖλος,
853 1912 929 1974 ὼς
974 1907 1257 1980 Ἱερεμίας.
1291 1904 1403 1958 Καὶ
1441 1903 1536 1954 νῦν
1574 1901 1626 1953 τί
1681 1898 1764 1952 σοὶ
1802 1897 1894 1950 καὶ
1921 1899 1986 1965 τῇ

2115 1908 2211 1964 lem
2254 1905 2407 1959 Nilus
2452 1911 2556 1968 est,
2607 1903 2748 1956 sicut
2806 1898 3099 1955 Jeremias.
3135 1899 3199 1953 Et
3239 1915 3384 1952 nunc
3411 1899 3539 1967 quid
3576 1897 3674 1951 tibi

409 2011 517 2082 ὁδῷ
551 2004 826 2077 Αἰγύπτου
856 2001 950 2056 τοῦ
992 2003 1139 2053 πιεῖν
1181 1997 1323 2068 ὕδωρ
1361 1992 1558 2057 Γειὼν;
1596 1990 1990 2058 Ἐπωνόμασαν

409 2105 468 2156 δὲ
501 2099 706 2154 καὶτὸν
734 2097 957 2164 Σιλωὰμ
979 2093 1168 2145 Γειὼν.
1207 2091 1297 2152 Ἦ,
1323 2089 1396 2148 ὡς
1420 2087 1560 2154 ἄγαν
1581 2083 1810 2155 σμικρὸν
1835 2082 1994 2150 εἰρω-

411 2195 578 2257 νικῶς
609 2193 772 2247 αὑτὸν
798 2189 942 2242 οὕτω
973 2186 1303 2244 καλέσαντες
1323 2197 1336 2210 ·
1372 2181 1428 2250 ἢ,
1469 2179 1656 2246 ἐπειδὴ
1701 2175 1796 2229 καὶ
1829 2173 1992 2237 αὐτὸς

411 2289 472 2353 ἐξ
505 2284 725 2355 ἀφανῶν
754 2282 952 2346 ἔξεισιν
979 2277 1286 2344 ὑπονόμων,
1316 2273 1502 2342 ὥσπερ
1529 2273 1557 2324 6
1583 2268 1792 2355 Νεῖλος.
1827 2266 1990 2329 Τάξει

410 2380 469 2432 δὲ
500 2353 1095 2446 κέχρηται,’προτάξας
1127 2365 1316 2418 Σαδὼκ
1335 2363 1426 2415 τὸν
1454 2360 1627 2430 ἱερέα,
1661 2353 1781 2411 εἶτα
1805 2357 1991 2410 Ναϐὰν

415 2471 511 2524 τὸν
541 2470 848 2540 προφήτην,
885 2463 980 2518 καὶ
1017 2461 1156 2532 μετὰ
1189 2457 1363 2512 ταῦτα
1383 2454 1628 2508 Βαϐαίαν
1651 2452 1766 2504 υἱὸν
1806 2451 1990 2504 Ἰωδαὲ

421 2563 512 2616 τὸν
539 2558 858 2632 στρατηγὸν,
887 2556 1077 2624 ἔχοντα
1103 2549 1481 2622 σφενδονήτας,
1507 2546 1602 2600 καὶ
1628 2543 1870 2609 τοξότας,
1899 2543 1992 2596 τὸν

417 2651 670 2723 Χερεθθὶ,
695 2649 789 2704 καὶ
813 2643 1049 2701 Φιλεθθί.

495 2929 664 2998 Ὑπὲρ
683 2927 752 2982 τὸ
776 2925 967 2996 ὄνομὰ
995 2941 1132 2979 σου.
1172 2921 1408 2994 ᾜδεσαν
1447 2918 1522 2983 ὡς
1556 2916 1730 2980 οὐδεὶς
1749 2959 1764 2982 ,
1801 2931 1994 2984 πατρι-

422 3025 525 3093 κὴν
546 3024 686 3094 ἔχων
716 3017 1121 3089 φιλωστοργίαν,
1157 3012 1527 3086 ἑζηλοτύπησε
1565 3009 1748 3063 παῖδα.
1785 3009 1848 3060 Οἱ
1886 3007 1996 3076 γὰρ

2097 2000 2173 2053 rei
2203 2007 2287 2053 est
2318 2011 2443 2052 cum
2479 1995 2561 2047 via
2591 1993 2812 2064 Egypti
2843 1993 2908 2047 ad
2935 1993 3232 2047 bibendum
3251 2006 3447 2060 aquam
3472 1989 3679 2044 Gihon?

2090 2092 2359 2146 (ia-terum
2392 2087 2507 2143 Silo
2558 2089 2698 2142 hanc
2763 2103 2988 2157 quoque
3035 2087 3214 2142 Gihon
3243 2087 3675 2156 appellaverunt.

2097 2184 2210 2247 Vel,
2235 2182 2380 2252 quod
2437 2180 2596 2235 valde
2617 2181 2852 2249 exiguus
2887 2179 2982 2241 sit,
3041 2193 3138 2248 per
3188 2177 3416 2230 ironiam
3452 2177 3554 2230 hoc
3577 2192 3679 2229 no-

2092 2277 2239 2330 mine
2261 2288 2386 2329 eum
2413 2273 2752 2342 appellantes
2781 2287 2796 2334 ;
2834 2270 2941 2332 vel,
2972 2269 3119 2338 quod
3160 2268 3278 2337 ipse
3326 2283 3547 2337 quoque
3583 2281 3681 2334 per

2091 2367 2337 2423 occultos
2367 2365 2673 2426 cuniculos,
2697 2360 3154 2433 quemadmodum
3184 2358 3360 2426 Nilus,
3392 2365 3675 2428 exsurgat.

2092 2459 2298 2513 Ordine
2380 2468 2558 2511 autem
2645 2471 2780 2510 usus
2837 2461 2956 2520 est,
2999 2453 3177 2523 primo
3237 2454 3360 2506 loco
3407 2452 3678 2506 Sadocum

2095 2547 2444 2601 sacerdotem
2465 2545 2835 2606 constituens,
2855 2542 3053 2596 deinde
3076 2539 3288 2594 Nathan
3329 2541 3681 2610 prophetam,

2095 2647 2286 2710 postea
2342 2638 2616 2704 Baba‘am,
2674 2635 2844 2690 ﬁlium
2921 2632 3092 2689 Jodae
3135 2633 3504 2702 capitaneum,
3564 2647 3675 2685 una

2093 2744 2217 2782 cum
2266 2727 2634 2782 funditoribus
2661 2769 2674 2793 ,
2707 2733 2762 2793 et
2785 2724 3090 2795 sagittariis
3115 2765 3131 2790 ,
3161 2721 3418 2778 Cherethi
3445 2731 3500 2777 et
3532 2720 3681 2774 Phe-

2063 2872 2080 2881 ε
2095 2821 2208 2874 leti.

2167 2911 2331 2967 Vsus.
2365 2911 2454 2966 47.
2477 2908 2644 2975 Super
2669 2924 2853 2962 nomen
2877 2916 3048 2960 tuum.
3075 2905 3334 2961 Sciebant
3367 2903 3668 2963 neminem,

2095 3005 2188 3074 qui
2231 3012 2456 3073 paterno
2487 3001 2688 3056 affectu
2721 2999 2984 3070 praeditus
3029 3003 3198 3062 esset,
3241 2994 3355 3050 ﬁlio
3387 2993 3654 3047 invidere.

415 3085 648 3170 τοιοῦτοι
699 3085 793 3166 καὶ
837 3085 1251 3180 λαμπροτέρους
1314 3103 1562 3176 εὔχονται
1620 3101 1747 3164 τοὺς
1802 3099 1997 3160 παῖδας

2115 3093 2309 3148 Etenim
2355 3092 2518 3156 tales,
2547 3089 2946 3159 splendidiores
2993 3086 3138 3142 ﬁlios
3163 3085 3346 3140 videre
3397 3091 3688 3153 exoptant.

421 3209 565 3260 ίδεῖν.
603 3174 1030 3274 Τοιγαροῦν-καὶ
1066 3174 1234 3252 Δαὸὶδ
1277 3174 1451 3258 οὕτως
1482 3193 1694 3264 ἐφήσθη
1725 3194 1836 3254 τοῖς
1893 3189 1996 3242 ὑπὸ

2115 3185 2467 3252 Quamobrem
2506 3182 2670 3236 etiam
2730 3179 2898 3234 David
2946 3178 3082 3244 haec,
3114 3191 3236 3248 quae
3272 3190 3302 3230 a
3337 3174 3687 3245 principibus-

415 3298 525 3351 τῶν
555 3261 838 3365 ἀρχόντων
859 3291 1192 3362 εἰρημένοις,
1244 3289 1325 3342 ὅτι
1358 3285 1456 3339 καὶ
1489 3261 1584 3338 τού
1625 3261 1808 3354 γήρως
1836 3279 1995 3332 αὑτὸν

2115 3276 2240 3330 lieta
2275 3283 2422 3339 sunt,
2461 3288 2583 3328 cum
2611 3270 2810 3341 gaudio
2851 3279 2904 3326 et
2949 3269 3136 3326 laztitia
3168 3267 3404 3335 excepit.
3429 3261 3684 3334 Cumque

417 3388 717 3455 ἀναστῆναι
752 3383 1074 3446 κωλύοντος,
1120 3376 1584 3446 κατακεκλιμένος
1622 3369 1996 3444 προσεκύνησε

2115 3376 2256 3423 etate
2315 3364 2718 3435 prohiberetur,
2769 3362 3070 3432 quominus
3125 3374 3419 3428 assurgere
3476 3365 3684 3428 posset,

2099 3459 2398 3514 inclinatus
2451 3453 2622 3510 Deum
2689 3452 2960 3516 adoravit,
3005 3451 3102 3522 qui
3156 3450 3552 3522 promissiones
3583 3449 3688 3502 im-

2099 3549 2381 3622 plevisset.

419 3483 513 3536 τὸν
541 3479 697 3545 Θεὸν,
720 3481 839 3540 ταῖς
869 3477 1194 3546 ὑποσχέσεσι
1219 3471 1483 3526 δεδωκότα
1509 3469 1572 3523 τὸ
1600 3469 1796 3538 πέρας.

1023 3647 1278 3704 ΚΕΦΑΛ.
1311 3645 1386 3702 B'.

495 3745 599 3801 Kal
627 3743 1064 3814 οφαταιωθήσῃ,
1089 3743 1188 3795 καί
1209 3739 1324 3809 ἐσῃ
1347 3741 1435 3805 εις
1453 3737 1641 3804 ἄνδρα
1665 3731 1996 3802 δυνάμεως.

438 3828 524 3900 Ὠς
575 3837 726 3900 ὄντος
779 3838 872 3888 ἐπὶ
909 3833 1219 3904 Σολομῶντι
1272 3830 1365 3884 τοῦ
1405 3826 1658 3898 γενέσθαι
1709 3829 1789 3889 εἰς
1831 3825 2002 3894 ἄνδρα

423 3927 598 3984 ταῦτά
621 3946 775 4000 φησι.
817 3927 1038 3997 Πρῶτον
1073 3925 1129 3978 δὲ
1157 3921 1392 3993 ἐνισχύει
1419 3923 1448 3974 ὁ
1493 3919 1750 3990 ἐσόμενος
1789 3917 1870 3980 είς
1901 3915 2000 3970 ἆν-

421 4021 546 4091 δρα.

496 4109 847 4165 Φυλάσσειν
872 4109 1018 4164 ὁδὸν
1035 4107 1244 4171 αὑτοῦ,
1273 4106 1366 4159 καὶ
1391 4102 1460 4156 τὰ
1487 4100 1636 4171 ὲξῆς,
1682 4099 1847 4170 μέχρι
1885 4097 2004 4162 τοῦ,

425 4205 586 4269 ὅπως
613 4204 856 4271 συνίῃς.
879 4201 1036 4254 Τοῦτ’
1055 4201 1192 4265 ἔστι,
1217 4198 1352 4269 μηδὲ
1377 4197 1436 4251 τὸ
1451 4199 1614 4268 τυχὸν
1633 4194 1740 4248 τῶν
1759 4209 1934 4263 γεγρα
1943 4208 2007 4261 μ-

426 4296 608 4364 μὲνων
643 4291 954 4364 παραϐῆναι
981 4288 1283 4362 τολμήσῃς.

499 4475 693 4538 Ὅπως
722 4473 962 4540 συνίῃς.
997 4469 1128 4524 Ἐὰν
1159 4469 1270 4539 γὰρ
1317 4467 1391 4538 μὴ
1440 4466 1510 4520 τὰ
1546 4461 2009 4535 προγεγραμμένα

429 4571 668 4640 σχῶμεν,
693 4567 754 4621 οὐ
783 4567 1037 4635 συνίεμεν
1057 4562 1095 4617 ἃ
1122 4562 1440 4632 ποιήσομεν.

503 4748 612 4802 Kal
655 4745 774 4800 νῦν
827 4739 998 4808 οἶδας
1026 4739 1077 4796 ᾰ-
1097 4735 1351 4804 ἐποίησέ
1393 4730 1494 4804 μοι
1525 4731 1712 4787 Ἰωάὸ.
1771 4727 1895 4791 Πῶς
1939 4725 2016 4796 τῷ

432 4839 586 4894 παιδὶ
602 4834 954 4908 προσέταξεν,
972 4833 1110 4903 ὅπερ
1131 4829 1294 4891 αὐτὸς
1321 4827 1384 4880 ού
1417 4823 1718 4892 πεποίηκεν
1741 4839 1756 4886 ;
1779 4817 2011 4890 ᾘδέσθη

433 4931 534 4998 μὲν
569 4927 726 4982 τοῦτο
757 4926 939 4989 αὐτὸς,
995 4923 1071 4986 ὡς
1121 4919 1394 4972 τοσούτων
1423 4915 1684 4970 κινδύνων
1717 4910 2016 4980 γενόμενον

429 5019 706 5074 κοινωνόν.
739 5015 893 5086 Ἀμα
923 5013 980 5067 δὲ
1005 5014 1098 5066 καὶ
1120 5010 1305 5072 δεδιὼς
1335 5009 1550 5074 ἒλεγεψ
1577 5024 1596 5056 ι
1620 5003 1736 5056 Υἱοὶ
1755 5001 2016 5074 Σερουῖας

432 5111 794 5184 σκληρότεροί
821 5108 924 5181 μού
943 5111 1100 5162 εἰσιν.
1128 5125 1146 5156 ι
1168 5105 1348 5174 Ἐώρα
1366 5103 1424 5156 δὲ
1450 5101 1546 5154 καὶ
1575 5096 2019 5168 συγκατασκευὰ-

431 5207 596 5271 ζοντα
631 5203 793 5257 αὐτὸν
824 5201 901 5272 τῷ
921 5199 1108 5272 Ὀρνία
1126 5197 1226 5268 τὴν
1251 5194 1563 5266 τυραννίδα.
1604 5187 1874 5260 Ἐφοόήθη
1907 5187 2016 5239 τοία

433 5317 552 5360 νυν,
585 5299 658 5368 μὴ
682 5293 977 5365 ἀποκτείνῃ
1005 5294 1096 5346 τὸν
1133 5291 1272 5354 νέον,
1305 5288 1338 5359 ἢ
1367 5287 1543 5340 δοκῶν
1575 5283 1784 5344 εὔνους,
1817 5281 1892 5344 ὼς
1923 5277 2018 5330 τὸν

454 5385 736 5460 Ἀϐεννὴρ,
765 5388 861 5441 καὶ
883 5385 976 5438 τὸν
1023 5380 1264 5452 Ἀμεσσά
1284 5397 1297 5410 ⁸
1335 5379 1368 5449 ἢ
1403 5375 1498 5430 καὶ
1547 5371 1796 5443 φανερῶς
1829 5369 2019 5424 διελὼν

438 5483 532 5535 τὸν
567 5481 717 5532 116;.
751 5479 862 5531 Καὶ
891 5475 966 5544 τῷ
993 5471 1158 5543 Σεμεῖ
1179 5472 1236 5524 δὲ
1260 5466 1596 5538 συγγνώμην
1627 5463 1770 5527 δοὺς,
1800 5463 1895 5514 νῦν
1919 5463 2015 5514 ἁν-

437 5572 582 5625 ελείν
631 5568 793 5622 αὑτὸν
851 5563 1157 5636 προσέταξε
1190 5561 1268 5630 τῷ
1301 5557 1475 5619 παιδὶ,
1526 5555 1714 5616 δεδιὼς
1762 5550 1928 5605 αὐτοῦ
1960 5551 2021 5602 τὸ

441 5665 767 5734 τυραννικὸν
798 5664 893 5714 καὶ
938 5658 1134 5730 θρασύ.
1159 5656 1268 5709 Καὶ
1295 5654 1370 5716 ὡς
1411 5651 1696 5720 προφήτης
1727 5646 1904 5708 εἰδὼς,
1945 5645 2021 5708 ὡς

449 5755 507 5809 οὺ
539 5755 784 5823 φείσεται
814 5751 1006 5820 καιρὸν
1033 5747 1206 5816 εὑρὼν
1233 5745 1352 5798 οὐδὲ
1383 5743 1477 5796 τοῦ
1504 5739 1718 5802 παιδός·
1750 5739 1806 5800 ὃς
1831 5755 1893 5804 γε
1929 5738 2022 5788 καὶ

443 5847 545 5915 τῆς
578 5847 664 5897 τοῦ
702 5843 1040 5912 Σολομῶντος
1080 5836 1423 5909 προστὰξῖωξ
1467 5831 1804 5899 ιῗρῖσκιττῢρτρε.
1849 5829 2022 5881 Φυλά-

2763 3635 2922 3692 CAP.
2957 3634 3026 3692 Il.

2169 3729 2339 3786 Vens.
2373 3731 2424 3786 1.
2481 3727 2559 3784 Tu
2585 3727 2740 3798 [ortis
2792 3726 2920 3793 eris,
2975 3735 3024 3780 et
3062 3724 3142 3778 vir
3169 3731 3374 3794 potens.
3401 3721 3526 3776 Haec
3552 3720 3687 3774 dicit

2103 3829 2363 3890 tanquam
2402 3819 2458 3873 in
2524 3815 2852 3872 Solomonis
2904 3822 3176 3886 potestate
3205 3822 3378 3876 esset,
3417 3813 3470 3865 iu
3509 3811 3688 3862 virum

2105 3910 2362 3966 evadere.
2398 3907 2562 3964 Prius
2619 3905 2764 3962 enim
2798 3907 2944 3962 vires
2979 3905 3172 3972 sumit,
3223 3903 3320 3974 qui
3353 3905 3440 3957 vir
3469 3903 3695 3956 futurus

2105 4012 2187 4056 σει
2197 4041 2210 4056 .
2585 4011 2591 4018 ”

2173 4091 2344 4146 Vens.
2383 4089 2441 4145 2.
2473 4088 2764 4145 Custodire
2793 4089 2936 4144 viam
2969 4088 3105 4157 ejus,
3127 4095 3176 4141 et
3201 4089 3689 4156 quae‘sequuutur,

2107 4197 2288 4252 usque
2318 4183 2384 4237 ad
2436 4182 2594 4247 illud,
2621 4191 2678 4234 ut
2725 4179 3014 4249 intelligas.
3049 4179 3166 4232 Hoc
3206 4184 3312 4241 est,
3339 4191 3518 4244 neque
3551 4176 3694 4230 leve.

2109 4287 2275 4346 atque
2315 4275 2573 4346 exiguum
2601 4273 2864 4344 quiddam
2912 4273 2966 4325 in
3009 4271 3274 4340 speciem,
3319 4271 3538 4325 illorum
3569 4282 3696 4336 qua:

2110 4368 2314 4436 scripta
2340 4376 2470 4422 sunt
2495 4365 2812 4434 transgredi
2861 4363 3086 4418 audeas.

2184 4458 2348 4514 Vatis.
2381 4460 2434 4514 5.
2461 4457 2526 4512 Ut
2551 4457 2842 4527 intelligas.
2875 4456 2988 4511 Nisi
3014 4457 3182 4517 enim,
3209 4470 3329 4524 qua:
3369 4453 3692 4523 pra‘svripta

2040 4549 2086 4602 D
2115 4551 2170 4606 iu
2208 4559 2514 4620 conspectu
2577 4551 2898 4612 habeamus,
2969 4563 3077 4602 non
3137 4547 3541 4614 intelligemus.
3574 4559 3698 4611 quae

2122 4641 2318 4696 facturi
2351 4657 2566 4696 sumus.

2197 4731 2360 4786 Vens.
2389 4731 2441 4784 5.
2477 4729 2636 4784 Nosti
2656 4746 2775 4801 qum
2803 4729 2932 4782 mihi
2983 4728 3161 4793 fecerit
3205 4725 3363 4781 Joab.
3411 4725 3702 4793 Quum-mlo

2123 4825 2234 4880 ﬁlio
2265 4823 2547 4898 mandavit
2577 4825 2656 4889 id,
2690 4824 2835 4893 quod
2870 4825 2986 4890 ipse
3031 4837 3138 4874 non
3187 4821 3355 4874 fecit?
3381 4819 3702 4874 Veritusvst

2121 4920 2238 4988 ipse
2266 4917 2370 4970 hoc
2396 4915 2601 4979 facere,
2642 4930 2708 4968 eo
2768 4913 2917 4982 quod
2945 4921 3026 4966 tot
3061 4911 3434 4981 periculorum
3468 4910 3700 4976 partiri-

2122 5027 2242 5080 pem
2307 5009 2423 5080 ipse
2471 5007 2776 5069 habuisset,
2809 5006 2970 5060 simul
3040 5007 3206 5060 etiau'i
3255 5005 3358 5057 sibi
3427 5012 3698 5066 tut-luem,

2119 5101 2294 5154 dixit:
2325 5117 2344 5146 ο
2374 5098 2579 5152 Set-vite
2613 5097 2706 5150 lilii
2733 5097 2984 5151 duriores
3017 5105 3147 5149 sunt
3197 5109 3359 5163 quam
3395 5109 3520 5162 ego.
3555 5112 3573 5144 ι
3610 5091 3703 5146 Vi-

2119 5194 2283 5247 debat
2312 5193 2483 5255 enim,
2509 5190 2654 5260 quod
2707 5189 2823 5259 ipse
2864 5203 3081 5258 quoque
3100 5202 3224 5240 cum
3251 5183 3444 5248 Ornia,
3474 5201 3700 5253 regnum

2122 5283 2432 5345 aﬁ'eclaute,
2479 5281 2699 5335 faceret.
2762 5277 3007 5332 Metuens
3056 5277 3228 5346 igitur
3283 5291 3352 5329 ne
3416 5276 3700 5344 juvenem,

2123 5376 2204 5431 vel
2254 5377 2469 5429 occulte
2520 5371 2820 5425 amicitiam
2885 5369 3178 5430 simulans,
3233 5367 3703 5436 quemadmodum

2121 5475 2395 5526 Abuerem
2457 5477 2511 5522 et
2569 5469 2882 5529 Amessam,
2921 5464 3002 5518 vel
3049 5472 3238 5532 aperte
3267 5467 3531 5533 populum
3563 5477 3697 5513 cou-

2124 5559 2368 5622 citaudo,
2407 5555 2756 5611 interﬁceret.
2787 5555 3052 5609 Praeterea
3077 5554 3316 5624 injungit
3345 5553 3700 5618 adolescenti,

2125 5662 2178 5705 ut
2217 5648 2410 5704 Sema'i
2455 5660 2700 5716 quoque,
2742 5647 2831 5699 cui
2887 5647 3192 5715 ignoverat,
3241 5643 3564 5699 interliriat.
3595 5642 3706 5694 for-

2127 5740 2345 5794 midans
2407 5735 2755 5807 tyrannidem
2815 5745 2869 5790 et
2929 5735 3316 5790 conﬁdentiam
3371 5733 3564 5802 ipsius.
3601 5731 3708 5783 Dm-

2129 5841 2277 5886 τρι-ιιι
2327 5832 2498 5894 enim,
2558 5836 2738 5896 utpote
2772 5827 3057 5897 prephcta,
3125 5826 3270 5896 quod
3319 5827 3498 5881 oblata
3540 5837 3701 5878 orca-
