3992 6406
330 405 462 473 1151

1623 415 1983 477 PROCOPII
2012 414 2255 477 GAZJEI

3444 397 3589 474 1152

324 526 483 576 sione
512 536 581 579 ne
607 520 719 577 lilio
751 523 970 594 quidem
998 539 1271 594 parsurus
1304 532 1472 583 esset.
1523 524 1617 593 qui
1650 523 1902 579 Solomo-

2042 524 2202 578 ασθαι
2251 523 2434 578 τοίνυν
2488 522 2639 595 αὐτῷ
2693 522 2882 577 τούτου
2931 514 3199 593 πονηρίαν
3244 520 3586 591 παρεκελεύ-

324 614 413 668 nis
448 615 614 669 etiam
646 623 984 684 praceptum
1045 615 1402 686 contempsit.
1448 614 1709 670 Malitiam
1736 615 1903 687 igitur
2004 632 2156 670 σατο.

325 705 501 776 ipsius
530 706 827 761 observare
860 721 985 760 eum
1029 705 1224 775 jussit.

400 794 466 847 Et
498 796 734 864 sepultus
757 804 833 850 est
865 797 919 850 in
943 797 1155 850 civitate
1205 795 1400 851 David.
1439 793 1570 851 Sion
1603 796 1707 850 hoc
1740 797 1906 851 modo

328 882 611 953 Scriptura
650 887 1055 957 appellat,quae
1103 887 1257 942 urbis
1305 902 1403 940 arx
1424 898 1563 940 erat.
1592 885 1727 940 Tota
1775 903 1907 943 vero

328 990 471 1027 nunc
523 973 832 1028 JeruSalem
866 976 1209 1031 nominatur.
1266 974 1323 1029 In
1362 990 1472 1044 qua
1493 974 1766 1045 Iosephus
1803 977 1907 1031 Da-

327 1067 526 1129 vialem,
586 1074 639 1118 et
683 1066 777 1134 qui
816 1074 941 1136 post
997 1083 1122 1122 eum
1185 1068 1409 1122 fuerunt
1456 1083 1638 1138 reges,
1660 1070 1909 1138 sepultos

326 1154 673 1216 esselradit,
732 1163 785 1209 et
834 1166 1251 1211 monumentum
1320 1156 1476 1226 juxta
1532 1157 1737 1212 Siloam
1763 1160 1908 1213 antri

328 1244 569 1310 speciem
622 1245 909 1312 habuisse,
941 1256 995 1301 et
1025 1257 1283 1317 sumptus
1339 1249 1553 1317 regales
1591 1250 1909 1304 ostendens.

328 1326 474 1390 Dicit
505 1345 686 1393 autem
742 1341 978 1392 multum
1039 1340 1159 1394 auri
1197 1356 1303 1393 una
1337 1356 1462 1394 cum
1495 1357 1562 1396 eo
1594 1342 1647 1395 in
1706 1351 1910 1396 terram

330 1426 610 1481 defossum
649 1443 773 1483 esse
809 1429 879 1483 ab
911 1429 1031 1500 ipso
1063 1430 1381 1485 Solomone.
1416 1428 1716 1486 Hircanum
1743 1433 1912 1497 enim,

329 1524 607 1573 Summum
641 1519 977 1587 pontiﬁcem,
1009 1535 1135 1573 cum
1168 1522 1299 1575 urbs
1322 1522 1391 1576 ab
1421 1522 1697 1576 Antiocho
1717 1521 1914 1577 Demc—

256 1647 274 1659 .
328 1610 425 1662 trii
453 1608 563 1662 lilio
593 1609 963 1673 obsideretur,
990 1594 1183 1679 aperto
1206 1623 1563 1667 monumento
1587 1651 1601 1674 ,
1628 1613 1914 1682 octoginta

328 1702 535 1756 talenta
563 1700 863 1771 accepisse.
900 1702 1068 1757 David
1119 1713 1302 1757 autem
1330 1704 1484 1766 obiit,
1516 1719 1641 1758 cum
1695 1713 1917 1773 septua-

2077 795 2185 849 Καὶ
2210 794 2399 863 ἐτάφη
2424 794 2496 848 ἐν
2526 796 2700 850 πόλει
2739 793 2938 849 Δαϐίδ.
2972 793 3129 849 Οὕτω
3153 793 3311 848 καλεῖ
3329 791 3427 863 τὴν
3448 789 3593 847 Σιὼν

2008 888 2042 955 ή
2076 887 2291 957 Γραφὴ,
2323 887 2446 956 ἣτις
2471 880 2539 955 ἦν
2568 887 2601 955 ή
2641 886 2753 939 ἀνω
2774 885 2949 948 ⁸πόλις.
2983 886 3143 938 Πᾶσα
3170 885 3228 937 δὲ
3255 883 3350 937 νῦν
3395 882 3596 953 Ἰερου-

2010 975 2195 1045 σαλὴμ
2217 974 2578 1043 ὀνομάζεται·
2615 975 2675 1026 ὲν
2783 974 3050 1043 τετάφθαι
3099 973 3314 1033 τοῦτον,
3343 973 3440 1026 καὶ
3466 973 3596 1035 τοὺς

2013 1066 2133 1137 μετ’
2170 1066 2332 1118 αὐτὸν
2367 1064 2643 1135 βασιλέας,
2669 1064 2819 1133 λέγει
2839 1064 3167 1135 Ἰὡσηππος.
3210 1062 3284 1116 Τὸ
3312 1063 3371 1116 δὲ
3403 1064 3597 1133 μνῆμα

2013 1158 2165 1228 παρά
2200 1159 2290 1210 τὸν
2330 1157 2551 1227 Σιλωὰμ
2581 1154 2744 1219 εἶναι,
2778 1156 3088 1226 ἀντροειδὲς
3118 1156 3240 1225 ἔχον
3284 1155 3348 1209 τὸ
3383 1156 3594 1225 σχῆμα,

2012 1248 2111 1301 καλ⁵
2142 1246 2428 1317 βασιλικὴν
2453 1246 2652 1318 δηλοῦν
2678 1247 3049 1301 πολυτέλειαν.
3086 1249 3232 1316 Ἔφη
3265 1248 3324 1301 δὲ
3362 1248 3458 1300 καὶ
3493 1264 3598 1300 πο-

2013 1340 2109 1393 λὺν
2137 1339 2290 1409 αύτῷ
2358 1340 2836 1410 συγκατορυγῆναι
2885 1342 3083 1411 χρυσον
3126 1341 3278 1408 παρά
3319 1334 3414 1392 τδῦ
3446 1340 3600 1392 Σολο-

2017 1429 2248 1500 μῶντος.
2293 1428 2561 1500 Ὑρκανὸν
2590 1431 2699 1500 γὰρ
2741 1430 2832 1483 τὸν
2868 1430 3161 1500 ἀρχιερέα,
3197 1430 3593 1499 πολιορκουμέ-

2015 1539 2112 1591 νης
2144 1522 2233 1573 ὑπ’
2257 1522 2531 1591 Ἀντιόχου
2558 1521 2662 1590 τῆς
2686 1519 2894 1586 πόλεως
2915 1522 3008 1576 τοῦ
3039 1522 3353 1592 Δημητρίου
3385 1522 3592 1587 παιδὸς,

2017 1610 2306 1679 ἀνοίξαντα
2332 1612 2392 1665 τὺ
2430 1612 2660 1682 μνῆμα,
2712 1612 2901 1666 λαϐεῖν
2939 1613 3292 1683 ὀγδοήκοντα.
3340 1612 3505 1664 Δαόὶδ
3538 1610 3597 1665 δὲ

2016 1698 2408 1766 τετελεύτηκεν
2424 1699 2561 1753 ὲτῶν
2573 1699 2939 1770 ἑϐδομήκοντα
2953 1700 3308 1775 ,βασιλεύσας
3329 1702 3425 1770 μὲν
3440 1717 3595 1771 τρια-

330 1795 486 1862 ginta
544 1807 817 1845 annorum
855 1802 1023 1864 esset,
1081 1806 1251 1862 regno
1315 1793 1522 1862 potitus
1563 1807 1709 1847 anno
1737 1795 1917 1849 aetatis

2042 1790 2333 1860 ιοντούτης,
2367 1791 2694 1862 βασιλεύσας
2723 1793 2781 1846 δὲ
2809 1794 3246 1864 τεσσαράκοντα.
3268 1794 3342 1846 Τὸ
3368 1794 3426 1847 δὲ
3447 1796 3601 1848 ἐκοι-

330 1860 643 1948 tricesimo,
675 1883 931 1947 regnavit
986 1860 1165 1937 annis
1197 1860 1588 1953 quadraginta.
1616 1883 1754 1937 [liud
1785 1896 1919 1938 vero

2042 1883 2201 1951 ιήθη.
2239 1860 2459 1953 πρῶτον
2488 1885 2580 1938 ἐπὶ
2608 1884 2773 1938 Δαδὶδ
2815 1860 3049 1956 εἴρηται,
3081 1885 3282 1957 δηλοῦν
3318 1886 3596 1957 τελευτήν.

330 1973 610 2034 dormivit,
647 1973 886 2042 primum
936 1972 1004 2027 de
1046 1972 1249 2028 Davide
1303 1974 1514 2028 dictum
1551 1983 1657 2041 est,
1688 1983 1919 2029 mortem

332 2063 676 2133 signiﬁcans.
710 2059 1046 2119 Observabis
1116 2072 1325 2128 autem,
1390 2078 1460 2118 an
1519 2068 1635 2118 haec
1695 2071 1923 2134 propter

331 2153 618 2208 Christum
641 2153 753 2208 sint
781 2140 1011 2224 scripta,
1035 2155 1151 2223 qui,
1199 2168 1325 2208 cum
1364 2154 1680 2217 cecidisset,
1711 2169 1810 2208 ceu
1838 2156 1923 2210 lco

332 2243 615 2309 dormivit,
651 2251 705 2297 et
742 2243 910 2297 veluti
943 2244 1162 2300 catulus
1193 2244 1391 2299 leonis.
1422 2242 1783 2314 Quapropter
1837 2243 1925 2299 di-

328 2347 483 2395 ctum
516 2332 634 2395 est:
661 2356 681 2390 ι
714 2337 824 2407 Ego
846 2337 1156 2393 obdormivi
1193 2340 1259 2404 ³³,
1303 2358 1321 2391 ι
1349 2346 1458 2393 etc.

408 2426 575 2483 Vens.
607 2426 701 2482 25.
731 2425 797 2481 Ει
825 2428 1091 2494 interfecit
1115 2426 1361 2482 Orniam.
1410 2426 1645 2494 Quidam
1693 2442 1928 2484 succen-

335 2512 463 2578 s'ent
489 2522 774 2577 Solomoni
802 2521 951 2592 quod
1010 2522 1241 2576 fratrem
1299 2521 1660 2577 interfecerit.
1685 2520 1928 2577 Diversa:

335 2616 531 2668 autem
548 2613 831 2667 hominum
858 2621 991 2667 sunt
1032 2612 1160 2666 vitae
1211 2612 1483 2667 rationes.
1504 2610 1740 2678 Quidam
1776 2612 1925 2668 enim

338 2700 647 2757 absolutam
689 2712 749 2758 et
809 2700 1112 2772 perfectam
1175 2702 1582 2772 philos0pbi.um
1652 2711 1925 2772 tractant;

338 2792 434 2849 alii
466 2809 595 2849 vero
653 2794 831 2861 illam,
856 2810 980 2865 quae
1016 2795 1203 2849 civilis
1252 2794 1549 2865 disciplina
1580 2797 1925 2867 appellatur;

340 2885 437 2939 alii
469 2901 721 2955 regnum,
752 2895 847 2941 aut
870 2886 1112 2941 militare
1152 2886 1485 2957 imperium,
1514 2887 1927 2941 administrant.

340 2974 788 3049 Unumquodque
837 2977 1123 3032 hominum
1186 2978 1407 3033 illorum
1457 2994 1633 3047 genus
1682 2978 1750 3034 ad
1782 2980 1926 3044 vitae,

342 3081 508 3135 quam
540 3068 813 3138 sequitur,
832 3069 1103 3123 rationem
1155 3067 1491 3138 exigendum
1523 3080 1630 3124 est.
1668 3068 1929 3123 Solomon

344 3159 535 3230 igitur,
585 3174 764 3229 neque
795 3159 1169 3229 propheticam
1226 3159 1402 3223 illam,
1434 3174 1614 3228 neque
1648 3158 1927 3230 politicam

344 3248 742 3320 perfectionem
773 3248 1006 3316 habuit;
1038 3248 1135 3303 sed
1168 3247 1343 3311 illam,
1378 3262 1501 3319 qua
1534 3249 1761 3318 regibus
1792 3264 1931 3304 con-

343 3341 515 3395 venit.
560 3340 699 3397 Cum
742 3341 931 3412 igitur,
982 3340 1232 3410 periculo
1308 3339 1495 3404 facto,
1579 3342 1938 3412 cognovisset

346 3434 574 3488 Orniam
604 3434 952 3505 tyrannidem
980 3430 1246 3488 affectare
1262 3426 1413 3504 (licet
1437 3434 1676 3504 primum
1701 3434 1751 3489 ei
1780 3434 1937 3505 igno-

2033 1974 2381 2040 Ἑπιστήσεις
2402 1976 2480 2039 δὲ,
2511 1979 2561 2029 εί
2590 1975 2677 2030 διὰ
2699 1977 2934 2048 Χριστὸν
2959 1977 3134 2031 ταῦτα
3156 1980 3468 2046 γέγραπται
3488 1995 3501 2009 ·
3541 1978 3603 2044 ὃς

2022 2064 2310 2120 ἀναπεσὼν
2349 2066 2619 2139 ὲκοιμήθη
2655 2067 2730 2131 ὡς
2766 2068 2923 2137 λέων,
2964 2069 3059 2122 καλ⁸
3085 2068 3162 2133 ὡς
3193 2068 3454 2138 σκύμνος.
3487 2069 3611 2123 Διό-

2022 2173 2129 2229 περ
2159 2156 2379 2228 εἴρηται
2401 2176 2414 2191 ο
2446 2178 2465 2211 ι
2497 2158 2641 2229 Ἐγὼ
2676 2159 2999 2234 ὲκοιμήθην,
3052 2160 3150 2215 καὶ
3179 2158 3429 2227 ῦπνωσα,
3462 2179 3480 2212 ι
3512 2160 3603 2215 καὶ

2022 2249 2092 2302 τά
2118 2244 2267 2319 ἑξῆς.

2097 2423 2208 2479 Καὶ
2253 2422 2459 2480 ἀνεῖλε
2490 2424 2600 2479 τὸν
2657 2426 2917 2495 Ὀρνίαν.
2972 2428 3264 2499 Νεμεσῶσί
3299 2445 3485 2493 τινες,
3531 2426 3603 2490 ὡς

2024 2515 2256 2584 ἀδελφὸν
2290 2517 2699 2572 ἀποκτείναντι.
2727 2518 2987 2591 Διάφοροι
3008 2520 3068 2573 δὲ
3090 2520 3199 2573 τῶν
3231 2517 3537 2590 ἀνθρώπων
3560 2520 3610 2572 ot

2030 2607 2157 2679 βίοι.
2197 2608 2262 2661 Oi
2294 2608 2396 2679 μὲν
2450 2612 2560 2681 γὰρ
2593 2611 2823 2666 ἀσκοῦσι
2853 2614 2955 2683 τὴν
2985 2610 3163 2683 ἄκραν
3193 2612 3541 2682 φιλοσοφίαν*
3563 2612 3612 2664 ot

2026 2699 2102 2764 δὲ,
2134 2699 2235 2773 τὴν
2263 2700 2606 2774 καλουμένην
2663 2703 2950 2776 πολιτικὴν
2999 2705 3199 2776 ἀρετήν
3218 2721 3231 2734 °
3273 2704 3424 2759 ἄλλοι
3456 2704 3609 2774 βασι-

2029 2789 2310 2861 σιλείαν,ή
2344 2794 2701 2865 στρατηγίαν,
2736 2795 3028 2851 ίθύνουσιν.
3051 2795 3323 2849 Ἕκαστον
3344 2795 3456 2867 ἄρα
3480 2795 3613 2865 πρὸς

2028 2885 2122 2940 τδν
2153 2886 2269 2956 βίον
2303 2886 2644 2955 ἐξεταστέον.
2675 2890 2931 2961 Σολομῶν
2953 2891 3133 2944 τοίνυν
3166 2891 3228 2944 οὐ
3271 2890 3617 2960 προφητικὴν

2029 2973 2178 3048 εἶχεν
2227 2978 2350 3033 οὐδὲ
2385 2979 2671 3053 πολιτικήν
2716 2982 3051 3054 τελειότητα,
3079 2984 3179 3052 τὴν
3215 2981 3272 3033 δὲ
3306 2980 3616 3051 βασιλεῦσιν

2033 3069 2437 3140 ἁρμόττουσαν.
2503 3072 2794 3143 Πειραθεὶς
2839 3074 3055 3135 τοίνυν,
3091 3072 3209 3144 ᾔδει
3265 3073 3356 3126 τὸν
3403 3072 3619 3142 ὐρνίαν

2032 3164 2317 3232 τυραννεῖν
2371 3164 2659 3236 ἐφιέμενον
2684 3208 2698 3231 ,
2734 3168 2829 3221 καὶ⁸
2883 3169 3153 3236 συγγνοὺς
3189 3167 3251 3220 τὸ
3298 3166 3536 3237 πρῶτον.
3569 3165 3620 3217 εί

2040 3257 2448 3326 σωφρονήσειε·
2494 3256 2592 3311 νῦν
2643 3258 2878 3323 ἀνεῖλεν,
2930 3260 3188 3314 αἰτοῦντα
3231 3259 3329 3331 τὴν
3364 3257 3620 3311 σύνευνον

2040 3343 2134 3398 τοῦ
2166 3348 2373 3417 πατρός
2391 3365 2405 3379 ·
2443 3349 2580 3421 ὅπερ
2608 3351 2923 3424 τυραννίδος
2952 3351 3199 3423 ὑπῆρχεν
3223 3350 3362 3417 ὁδὸς,
3399 3349 3494 3404 καὶ
3521 3364 3623 3403 πο-

2044 3437 2102 3489 λέ
2110 3456 2228 3507 μων
2266 3441 2546 3510 ἐμφυλίων
2579 3444 2747 3517 ἀρχή.

346 3520 537 3591 visset,
567 3531 612 3584 si
645 3528 927 3583 moderate
961 3545 1021 3584 se
1054 3526 1371 3600 gessisset),
1401 3543 1549 3583 nunc
1582 3542 1709 3583 eum
1760 3528 2046 3593 interlicit,
2106 3546 2233 3587 cum
2292 3536 2468 3604 patris
2529 3552 2760 3593 uxorem
2827 3537 3148 3608 petivisset:
3192 3551 3318 3591 nam
3376 3536 3496 3592 haec
3554 3535 3622 3590 ad

350 3619 699 3693 tyrannidem
720 3620 809 3674 via
836 3627 978 3684 erat,
1009 3626 1065 3674 et
1096 3619 1368 3676 bellorum
1402 3620 1793 3676 intestinorum
1827 3622 2042 3677 initium
2072 3642 2087 3691 ;
2120 3633 2180 3679 ιιι
2200 3627 2365 3683 verba
2387 3628 2706 3685 Solomonis
2733 3631 2899 3687 etiam
2930 3630 3237 3686 declarant.

422 3712 589 3770 Vens.
625 3711 718 3766 50.
748 3710 831 3764 Ad
856 3710 1019 3776 Joab,
1050 3711 1102 3765 in
1130 3710 1537 3766 tabernaculum
1566 3710 1810 3767 Domini.
1841 3708 1940 3767 Se-

348 3803 595 3861 cundum
654 3804 826 3873 legem
881 3801 1039 3874 jubet
1093 3802 1455 3869 homicidam,
1502 3802 1690 3873 quiin
1722 3803 1938 3871 Domini

344 3897 768 3952 tabernaculum
794 3894 1142 3967 confugerat,
1164 3895 1444 3951 occidere.

430 3988 593 4046 Vsus.
618 3989 710 4045 35.
738 3987 805 4042 In
830 3990 1064 4058 primum
1101 3988 1433 4044 sacerdotem
1463 3988 1777 4045 Abiatharis
1801 3989 1938 4044 loco.

351 4079 491 4135 Nam
554 4081 603 4137 is
661 4079 847 4135 Orniae
903 4080 1266 4136 consiliorum
1326 4080 1397 4137 de
1425 4096 1599 4153 regno
1630 4081 1943 4137 invadentlo

348 4176 636 4247 particeps
667 4186 808 4230 erat.
831 4173 1008 4230 Porro
1030 4174 1296 4230 Solomon
1323 4176 1527 4231 divinat
1556 4191 1779 4247 quoque
1799 4190 1944 4246 prte-

354 4268 618 4324 dictionis
673 4266 1001 4323 administer
1056 4267 1184 4323 fuit.
1216 4268 1359 4324 Deus
1400 4267 1572 4331 enim,
1621 4283 1734 4323 non
1780 4268 1946 4324 modo

351 4376 459 4431 per
480 4359 814 4425 Samuelem,
845 4359 942 4415 sed
985 4376 1082 4430 per
1114 4361 1285 4416 alium
1333 4375 1559 4431 quoque
1590 4361 1944 4433 prophetam,

353 4452 480 4506 lleli
519 4451 742 4521 generis
779 4449 1066 4507 infamiam
1093 4452 1373 4522 praedixit.

423 4542 595 4615 ’530
618 4542 785 4599 Vsus.
819 4543 911 4600 45.
934 4542 1078 4599 Deus
1106 4543 1252 4599 dedit
1274 4543 1615 4614 prudentiam
1644 4543 1943 4609 Solomoni,

2115 3717 2275 3785 Πρὸς
2307 3719 2490 3787 ’Ῑωὰό,
2517 3723 2607 3788 εὶς
2629 3720 2744 3789 τὴν
2773 3722 3018 3789 σκηνὴν
3039 3716 3145 3776 ἰοῦ
3176 3724 3417 3789 Κυρίου.
3467 3719 3625 3775 Κατά

2042 3806 2135 3859 τὸν
2155 3808 2322 3879 νόμον
2340 3810 2434 3865 τὸν
2460 3812 2726 3881 φονευτὴν
2752 3813 3076 3867 ἀποκτεῖναι
3106 3811 3340 3879 κελεύει,
3382 3828 3627 3884 προσφυ-

2042 3898 2209 3967 γόντα
2234 3901 2300 3971 τῇ
2334 3900 2429 3954 τοῦ
2456 3902 2663 3973 Κυρίου
2693 3905 2890 3975 σκηνῇ.

2113 3993 2219 4057 Είς
2250 3989 2410 4059 ἱερέα
2441 3992 2698 4062 πρῶτον,
2738 3995 2873 4050 ἀντὶ
2916 3993 3199 4059 Ἀϐιάθαρ.
3220 3987 3331 4047 Ἦν
3361 3991 3473 4065 γὰρ
3506 3993 3627 4064 Ὅρ-

2043 4082 2136 4154 νίᾳ
2161 4087 2501 4156 κοινωνήσας
2524 4085 2622 4156 τῆς
2650 4085 2988 4157 τυραννίδος,
3009 4085 3086 4150 ὡς
3111 4085 3264 4156 δηλοῖ
3285 4085 3381 4138 καὶ
3406 4083 3503 4138 τοῦ
3533 4085 3629 4137 Σο-

2043 4174 2321 4245 λομῶντος
2352 4177 2422 4232 τὰ
2447 4178 2690 4250 ῥήματα.
2718 4178 2862 4250 Πλὴν
2893 4180 2922 4233 ό
2957 4177 3213 4247 Σολομῶν
3232 4178 3329 4232 καὶ
3352 4181 3453 4249 τῆς
3480 4177 3627 4241 θείας

2048 4264 2415 4334 προρρήσεως
2447 4265 2672 4334 γέγονεν
2706 4267 3000 4338 ὕπουργός.
3029 4266 3120 4338 Τῷ
3151 4269 3259 4339 γὰρ
3288 4267 3407 4321 Ἠλὶ
3425 4268 3520 4321 καὶ
3540 4266 3629 4321 διὰ

2051 4355 2329 4427 Σαμουὴλ,
2380 4358 2475 4411 καὶ
2508 4357 2576 4411 δι’
2597 4358 2761 4413 ἄλλου
2804 4361 3111 4432 προφήτου,
3161 4359 3570 4431 προηγόρευσεν
3599 4359 3630 4414 ό

2050 4445 2185 4510 Θεὸς
2223 4446 2318 4501 τοῦ
2352 4449 2543 4517 γένους
2577 4449 2678 4522 τὴν
2712 4451 2961 4522 ἀτιμίαν.
3528 4446 3551 4457 ί

2122 4540 2432 4608 Φρόνησιν
2468 4539 2550 4607 τῷ
2586 4542 2955 4612 Σολομῶνα,
2986 4542 3085 4596 καὶ
3112 4543 3338 4612 σοφίαν
3364 4542 3629 4611 πολλὴν.

349 4645 411 4691 σει
426 4637 735 4705 sapientiam
750 4636 997 4691 multam.
1019 4635 1355 4707 Sapientiam
1374 4636 1690 4693 Solomonis
1708 4638 1932 4694 aliorum

2063 4628 2161 4684 Ἐκ
2190 4631 2540 4703 παραλλήλου
2572 4634 2675 4704 τὴν
2705 4633 2898 4703 σοφίαν
2934 4635 3191 4700 ἐδήλωσε.
3215 4633 3421 4687 Τούτου
3451 4634 3630 4705 χάριν,

354 4730 782 4798 comparatione
813 4728 1077 4794 ostendit,
1134 4738 1188 4784 et
1236 4738 1533 4801 propterea
1565 4731 1812 4795 illorum,
1851 4731 1947 4802 qui

356 4822 499 4876 olim
548 4821 818 4890 sapientia
876 4820 1012 4874 clari
1041 4827 1094 4874 et
1148 4820 1401 4879 celebres
1454 4820 1701 4887 fuerunt,
1745 4823 1952 4878 mentio

359 4914 511 4968 {acta
573 4922 680 4977 est;
716 4912 861 4965 inter
890 4924 1033 4981 quos
1059 4909 1373 4981 Egyptios,
1440 4913 1535 4982 qui
1559 4913 1708 4983 apud
1758 4930 1953 4970 omnes

361 5005 659 5076 sapientiae
685 5002 901 5058 laudem
920 5001 1264 5069 :habuerunt,
1318 5003 1500 5074 primo
1549 5004 1674 5061 loco
1745 5006 1953 5074 posuit.

368 5100 1019 5175 Nam-quemadmodum
1038 5099 1220 5156 Graeci
1252 5098 1533 5154 memorize
1567 5096 1950 5168 prodiderunt,

367 5192 722 5265 Pherecydes
753 5193 974 5265 Syrius,
996 5190 1347 5263 Pythagoras
1373 5190 1628 5255 Samius,
1659 5188 1955 5259 Anaxago-

369 5300 469 5339 ras
490 5284 896 5350 Clazomenius,
924 5291 979 5337 et
1029 5281 1190 5337 i’lato
1245 5280 1626 5346 Atheniensis,
1683 5279 1958 5350 physiolo-

365 5377 502 5445 εἶξε,
529 5382 585 5429 et
614 5374 905 5445 theologia:
937 5373 1307 5429 accuratioris
1337 5371 1617 5428 discenda:
1657 5386 1826 5427 causa
1888 5371 1957 5426 ad

372 5467 508 5520 illos
572 5463 806 5533 profecti
860 5473 1011 5519 sunt.
1052 5463 1405 5535 Quapropter
1477 5462 1615 5519 dicit
1669 5462 1959 5531 Scriptura

374 5556 603 5629 Moysen
650 5554 799 5608 onmi
861 5557 1134 5625 sapientia
1196 5554 1579 5627 Egyptiorum
1639 5554 1958 5610 institdtum

371 5664 509 5703 esse
527 5648 593 5702 “.
636 5646 790 5713 Quos
821 5646 1109 5712 Solomon,
1146 5647 1411 5703 divinitus
1434 5646 1723 5718 sapientia
1751 5647 1957 5702 donum

2050 4723 2146 4776 καὶ
2180 4721 2290 4776 τῶν
2324 4724 2491 4779 πάλαι
2525 4726 2914 4797 γεγενημένων
2942 4726 3126 4795 σοφῶν
3158 4725 3427 4797 ἀορίστως
3469 4728 3636 4797 ὲμνή-

2050 4815 2175 4887 σοη.
2208 4817 2320 4870 Καὶ
2366 4820 2494 4882 τοὺς
2541 4819 2878 4887 Αἰγυπτίους
2926 4816 3307 4888 προτέθεικεν,
3343 4816 3638 4878 δοκοῦντας

2053 4907 2207 4978 παρά
2234 4909 2403 4962 πᾶσιν
2436 4906 2583 4963 εἷναι
2606 4908 2825 4974 σοφούς.
2843 4907 2933 4971 Ὧς
2964 4908 3076 4978 γὰρ
3115 4907 3412 4977 ἱστόρησαν
3435 4905 3637 4977 Ἕλλη-

2052 5019 2165 5069 νες,
2193 5002 2507 5074 Φερεκύδης
2530 5003 2559 5056 ὁ
2595 5001 2789 5073 Σύριος
2807 5042 2824 5065 ,
2857 5001 2956 5055 καὶ
2981 5001 3312 5072 Πυθαγόρας
3341 5002 3371 5053 ὁ
3408 5001 3637 5071 Σάμιος,

2057 5093 2155 5145 καὶ
2187 5092 2560 5163 Ἀναξαγόρας
2590 5094 2620 5146 6
2643 5091 3043 5161 Κλαζομένιος.
3065 5091 3162 5145 καὶ
3190 5091 3417 5145 Πλάτων
3437 5089 3642 5160 όᾺθη-

2057 5184 2226 5247 ναῖος,
2247 5181 2384 5252 πρὸς
2412 5181 2639 5245 τούτους
2669 5181 3036 5253 ὲξεδήμησαν,
3074 5178 3424 5249 φυσιολογίας
3452 5176 3639 5248 χάριν,

2058 5274 2155 5329 καὶ
2190 5275 2469 5343 θεολογίας
2493 5273 2912 5348 ἀκριϐεστέρας·
2942 5272 3023 5326 διὸ
3041 5273 3209 5344 φησιν
3235 5274 3268 5342 ἡ
3295 5271 3511 5343 Γραφή·
3529 5268 3642 5323 Καὶ

2061 5369 2303 5437 Μωῦσῆς
2338 5366 2634 5438 ἐπαιδεύθη
2661 5366 2813 5441 πάσῃ
2848 5364 3382 5437 σοφίᾳ’Δίγυπτίων,
3413 5361 3506 5424 οὓς
3530 5361 3640 5416 ἑνί-

2060 5479 2134 5515 κα
2164 5459 2417 5531 Σολομῶν
2436 5443 2886 5532 ,Ὃεόθενξδῶρον
2911 5458 3012 5531 τὴν
3041 5456 3239 5527 σοφίαν
3272 5455 3640 5528 κτησάμενος.

2054 5552 2245 5622 Ψόγον
2267 5553 2326 5606 δὲ
2354 5556 2469 5617 τοῖς
2494 5552 2740 5616 ἐπαίνοις
2761 5550 3081 5618 συνέζευξεν
3102 5552 3138 5619 ή
3158 5548 3374 5621 Γραφή.
3397 5547 3643 5603 Γυναῖκα

2061 5646 2171 5717 γὰρ
2209 5645 2509 5715 ἀλλόφυλον
2540 5645 2882 5716 ’παρανόμως
2917 5643 3180 5714 ήγάγετο.

390 5736 623 5807 adeptus
652 5738 953 5803 superavit.
1001 5736 1478 5805 Vituperationcm
1507 5752 1637 5794 vero
1698 5737 1963 5796 laudibus
2004 5737 2182 5811 ipsius
2231 5737 2517 5809 Scriptura
2574 5734 2888 5808 conjunxit,
2932 5734 3080 5808 quod
3150 5746 3376 5789 uxorem
3440 5729 3641 5788 alieni.

381 5841 579 5897 genam
609 5835 803 5879 contra
833 5828 1003 5895 legem
1045 5827 1281 5881 duxerit.

466 5918 512 5949 ³⁸
556 5918 707 5973 l’sal.
732 5931 814 5982 ιιι,
841 5917 897 5972 6.
974 5915 1019 5948 ³⁶
1051 5916 1177 5975 Act.
1223 5932 1321 5982 vn,
1350 5917 1449 5973 39..
