3992 6438
341 409 478 476 1155

1671 405 2022 466 PBUCOPII
2055 405 2297 464 G-AZEI

3471 405 3625 470 1156

341 527 536 595 pretati
586 533 731 578 sunt.
783 523 878 578 Est
931 531 1112 577 autem
1172 535 1431 577 mensura
1471 519 1912 583 Palmstinorum,

2039 523 2214 580 ιτίνον,
2250 521 2589 587 πεντήκοντα
2621 519 2836 586 ξέστας,
2872 519 2966 574 καὶ
2993 522 3138 590 χοεῖς
3168 521 3362 592 χωρῶν
3399 523 3616 576 τέσσα-

340 619 689 688 septuaginta
742 615 1042 676 sextarios;
1069 621 1124 666 et
1183 615 1375 676 ehoas,
1414 612 1495 667 vel
1525 611 1750 682 congios
1787 627 1921 681 qua-

341 721 467 763 tuor
492 708 745 779 capiens,
787 716 847 761 ut
885 706 1078 761 scribit
1109 703 1400 772 Josephus.

1003 795 1158 852 CAP.
1193 791 1283 846 Vl.

414 887 578 944 Vens.
613 887 664 940 7.
701 885 928 954 Lapides
981 884 1220 938 edolatas
1279 893 1328 937 et
1362 883 1581 952 politos.
1618 880 1696 936 Ex
1733 880 1922 949 hujus-

341 978 554 1033 cemodi
590 977 862 1046 lapidibus
886 977 1148 1043 templum
1199 975 1530 1036 construxit,
1576 989 1702 1027 eum
1741 971 1922 1026 divina

341 1068 758 1138 dispensatione
793 1065 932 1119 tales
965 1064 1292 1125 invenisset,
1337 1077 1405 1118 ne
1435 1062 1585 1117 ferro
1617 1076 1756 1130 opus
1775 1069 1923 1116 esset

339 1162 408 1216 ad
436 1159 914 1215 accuratissimam
949 1159 1269 1228 juncturam
1338 1162 1396 1209 et
1443 1154 1920 1224 compositionem.

342 1255 520 1308 Sectis
547 1267 676 1306 vero
706 1251 985 1322 lapidibus
1039 1250 1427 1306 ambulacrum
1470 1248 1663 1317 templi
1687 1247 1923 1301 aediﬁca-

341 1346 460 1398 vit:
521 1343 729 1412 regiam
782 1343 937 1405 item,
971 1349 1028 1394 ct
1069 1341 1270 1395 moenia
1301 1338 1646 1407 metropolis,
1678 1344 1734 1391 et
1785 1336 1923 1392 alias

339 1436 528 1498 urbes,
565 1451 704 1504 quas
737 1433 1066 1487 munitiores
1099 1432 1357 1487 reddidit.

411 1525 568 1595 53],
605 1525 769 1580 Vsus.
809 1525 892 1580 l7.
937 1523 1312 1594 Quadraginta
1341 1521 1636 1576 cubitorum
1659 1519 1922 1591 longitudo

337 1615 472 1682 ejus.
498 1613 670 1670 Paulo
697 1624 822 1684 post
856 1615 1088 1668 aliorum
1133 1628 1355 1683 qttoque
1381 1612 1692 1666 cubitorum
1724 1612 1920 1664 domus

342 1703 532 1760 Sancti
576 1717 894 1762 sanctorum
957 1704 1234 1768 meminit,
1295 1705 1366 1756 ita
1401 1711 1461 1756 ut
1515 1703 1566 1754 in
1599 1701 1919 1756 universum
1957 1763 1961 1768 ν

337 1799 775 1866 sintsexagiota.
817 1798 1101 1868 Templum
1165 1813 1297 1853 vero
1333 1797 1400 1852 ad
1433 1810 1616 1851 ortum
1653 1797 1920 1865 respicie-

338 1994 472 2032 num
526 1981 658 2037 solis
714 1979 1027 2036 adorarent.
1090 1980 1241 2034 Elam
1295 1994 1427 2034 vero
1459 1977 1799 2033 vestibulum
1827 1990 1924 2046 ap-

338 2068 526 2140 pellat.

418 2163 574 2218 Vsus.
598 2162 682 2218 18.
717 2161 1004 2218 Fenestras
1033 2161 1344 2216 reticulatus
1371 2158 1923 2228 sccretas.Templum

339 2252 614 2307 fenestras
643 2253 838 2307 habuit
866 2254 1018 2306 intus
1056 2253 1218 2313 latas,
1287 2251 1426 2304 l'oris
1450 2249 1610 2304 valde
1635 2258 1920 2327 angustas,

337 2341 636 2410 perforatis
667 2343 942 2411 lapidibus
968 2349 1275 2404 contectas,
1341 2341 1445 2394 hoc
1470 2341 1616 2395 enim
1655 2339 1925 2410 signiﬁcat

338 2433 418 2494 id.
471 2434 623 2504 quod
685 2433 842 2498 dicit,
871 2433 1008 2488 loris
1029 2433 1176 2488 enim
1241 2434 1352 2486 ‘non
1385 2432 1729 2487 videbantur.
1761 2429 1927 2484 Mela-

343 2527 466 2579 thra
533 2542 663 2581 vero
715 2525 981 2581 aediculas
1038 2533 1216 2590 vocat,
1247 2541 1369 2594 quae
1406 2523 1767 2579 circumcirca
1792 2535 1926 2578 tem-

341 2618 495 2688 plum
523 2618 1040 2687 conplectebantur,
1071 2627 1130 2670 ut
1163 2619 1426 2688 templum
1453 2616 1925 2686 fulcirent;utque

340 2723 506 2764 nemo
562 2724 628 2762 ex
683 2707 894 2764 Levitis
957 2709 1212 2776 parietes
1266 2707 1454 2778 templi
1520 2715 1922 2773 contrectaret;

338 2800 495 2863 item,
529 2807 589 2852 ut
609 2798 782 2852 divini
819 2798 1112 2854 ministerii
1179 2813 1306 2853 vasa
1353 2799 1461 2852 huc
1495 2805 1922 2866 reponerentur.

336 2888 517 2942 Dabri
546 2896 756 2955 autem,
793 2887 1055 2942 Sanctum
1082 2896 1397 2942 sanctorum
1429 2889 1684 2958 appellat.

414 2978 588 3036 Vens.
622 2980 719 3034 24.
756 2978 923 3034 Latus
953 2979 1092 3048 quod
1120 2978 1286 3048 infra,
1345 2979 1572 3048 quinque
1628 2977 1926 3031 cubitorum

338 3071 574 3126 latitudo
609 3071 748 3140 “ejus.
774 3069 948 3124 Nemo
982 3071 1234 3134 miretur,
1272 3069 1318 3124 si
1353 3069 1708 3134 domusima,
1759 3078 1814 3122 et
1870 3069 1925 3122 in

2025 620 2190 681 ραςι,
2231 612 2306 676 ὡς
2358 610 2659 682 Ἰώσηππος
2700 612 2920 684 ἔφησεν.

2623 793 2875 846 ΚΕΦΔΛ.
2910 789 3002 858 (τ’.

2093 885 2315 950 Δι’θους
2339 883 2776 952 ἀπελεκήτους.
2819 884 2914 936 Ἐκ
2940 881 3198 936 τοιούτων
3246 881 3413 937 λίθων
3457 884 3614 956 ᾠκοο

2022 976 2225 1046 δόμησε
2253 975 2343 1028 τδν
2372 975 2528 1038 νεὼν,
2561 974 2703 1026 κατὰ
2731 973 2885 1026 θείαν
2913 973 3174 1040 πρόνοιαν
3203 973 3486 1038 τοιούτους
3515 978 3616 1030 εὑ-

2025 1067 2155 1138 ρὼν,
2195 1068 2270 1130 ὼς
2297 1066 2372 1137 μὴ
2403 1065 2611 1118 δεῖσθαι
2639 1065 2859 1135 σιδήρου
2906 1065 3040 1136 πρὸς
3086 1064 3354 1134 ἁρμονίαν
3381 1065 3621 1136 ἀκριϐε-

2026 1161 2228 1228 στάτην
2253 1174 2268 1192 ο
2305 1159 2533 1228 τμητοῖς
2564 1156 2620 1209 δὲ
2649 1157 2816 1218 λίθοις
2860 1156 2958 1208 τὸν
2998 1154 3094 1208 τοῦ
3127 1155 3276 1225 ἱεροῦ
3313 1155 3618 1226 περίϐολον

2022 1251 2359 1323 ᾠκοδόμησε,
2393 1251 2485 1303 καὶ
2534 1249 2602 1300 τὰ
2655 1247 2900 1316 βασίλεια
2921 1289 2936 1312 ,
2980 1246 3074 1300 καὶ
3103 1247 3164 1299 τὸ
3189 1247 3291 1314 τῆς
3328 1247 3616 1317 μητροπό-

2023 1341 2158 1404 λεως
2195 1342 2394 1408 τεῖχος,
2426 1339 2516 1390 καὶ
2557 1337 2658 1400 τὰς
2707 1335 2874 1398 ἄλλας
2917 1336 3118 1400 πόλεις.
3156 1334 3223 1400 ἃς
3269 1335 3614 1406 ὀχυροτέρας

2023 1435 2326 1503 ἀπέφηνεν.

2099 1523 2559 1591 Τεσσαράκοντα
2594 1519 2810 1590 πήχεις
2851 1521 2916 1575 τὸ
2963 1518 3162 1590 μῆκος
3211 1519 3420 1576 αὐτοῦ.
3462 1521 3617 1574 Μετ’

2021 1615 2212 1683 ὀλίγα,
2244 1615 2338 1668 καὶ
2385 1615 2560 1670 ἄλλων
2608 1613 2784 1667 εἴκοσι
2836 1614 3059 1683 πήχεων
3109 1611 3482 1682 ἐπιμέμνηται
3515 1613 3614 1666 τοῦ

2021 1704 2172 1758 οἴκου
2215 1705 2308 1758 τοῦ
2343 1705 2530 1774 Ἀγίου
2561 1703 2671 1757 τῶν
2699 1703 2891 1773 ἁγίων,
2918 1703 2994 1766 ὡς
3041 1698 3182 1756 εἶναι
3229 1705 3358 1766 τοὺς
3401 1707 3618 1768 πάντας

2024 1797 2218 1865 πήχεις
2245 1795 2610 1866 ἑξήκοντα.’0
2639 1793 2698 1846 δὲ
2723 1792 2860 1856 νεὼς
2889 1792 3194 1863 ἐτέτραπτο
3222 1793 3362 1863 πρὸς
3401 1794 3504 1859 ἕω,
3533 1794 3617 1857 ὡς

227 1930 233 1935 .
338 1889 454 1956 bat,
498 1899 559 1944 ut
605 1861 885 1946 adoraturi
914 1861 1022 1946 non
1073 1890 1253 1944 solum
1288 1891 1584 1952 orientem,
1617 1888 1712 1944 sed
1741 1861 1921 1942 [iami-

2039 1861 2174 1940 tibi
2205 1861 2634 1957 προσευχόμενοι
2667 1884 2741 1955 μὴ
2775 1885 2868 1938 τὸν
2913 1861 3062 1955 ἣλιον
3103 1861 3395 1956 ἀνίσχοντα
3437 1903 3618 1958 προσ-

2028 1979 2355 2048 κυνήσωσιν,
2391 1977 2527 2032 ἀλλὰ
2553 1977 2646 2030 τὸν
2680 1975 2774 2030 τοῦ
2807 1975 2960 2048 ἡλίου
3006 1977 3498 2048 Δεσπότην.Ἐλὰμ
3529 1979 3591 2032 δὲ

2028 2085 2102 2139 φη
2111 2069 2163 2121 ei
2199 2068 2260 2122 τὸ
2297 2068 2656 2141 προπύλαιον.

2099 2161 2356 2229 Θυρίδας
2392 2161 2866 2232 δεδικτυωμένας
2907 2161 3195 2231 κρυπτὰς.
3235 2162 3620 2228 Φωταγωγοίρς

2026 2254 2056 2306 ὁ
2089 2251 2224 2316 νεὼς
2254 2247 2419 2322 εἶχεν,
2453 2252 2665 2307 ἔνδοθεν
2714 2253 2816 2324 μὲν
2853 2253 3070 2323 εὐρείας
3095 2294 3110 2316 ,
3141 2251 3341 2318 ἔξωθεν
3388 2251 3447 2306 δὲ
3496 2253 3619 2306 λίαν

2029 2345 2242 2408 στενὰς,
2278 2344 2588 2414 διατρήτοις
2616 2343 2786 2408 λίθοις
2817 2343 3260 2414 κεκαλυμμένας.
3291 2341 3468 2396 Τοῦτο
3508 2344 3608 2412 γὰρ

2025 2437 2177 2506 δηλοῖ
2208 2436 2268 2488 τὸ
2301 2436 2466 2506 ῥητὸν
2490 2477 2504 2498 ,
2538 2437 2636 2506 οὐχ
2683 2436 2904 2507 ὡρῶντο
2945 2435 3055 2506 γὰρ
3087 2436 3312 2501 ἔξωθεν.
3349 2433 3614 2502 Μέλαθρα

2025 2527 2082 2580 δὲ
2115 2527 2242 2590 τοὺς
2271 2527 2550 2590 οἱκίσκους
2579 2525 2754 2589 καλεῖ,
2785 2528 2912 2590 τοὺς
2953 2526 3140 2598 κύκλῳ
3169 2527 3496 2596 συνέχοντας
3521 2524 3618 2576 τὸν

2025 2617 2181 2682 νεὼν,
2203 2617 2278 2681 ὡς
2307 2619 2404 2671 καὶ
2431 2617 2864 2688 διακρατεῖσθαι,
2892 2617 2989 2672 καὶ
3012 2617 3219 2689 μηδένα
3237 2617 3348 2671 τῶν
3369 2615 3618 2670 Λευῖτῶν

2025 2707 2120 2762 τοῦ
2147 2706 2254 2762 νεὼ
2285 2707 2622 2778 προσψαύειν
2655 2710 2767 2772 τοῖς
2793 2709 3014 2778 τοίχοις,
3047 2707 3144 2761 καὶ
3193 2707 3261 2762 τὰ
3309 2707 3412 2777 τῆς
3461 2707 3616 2769 θείας

2025 2800 2364 2870 λειτουργίας
2401 2799 2754 2854 ἀποτίθεσθαι
2781 2799 2974 2870 σκεύη.
3013 2797 3210 2870 Δαϐεὶρ
3237 2799 3318 2863 δὲ,
3337 2798 3400 2850 τὸ
3421 2797 3617 2867 Ἀγιον

2025 2892 2134 2946 τῶν
2171 2893 2340 2959 ἁγίων
2379 2891 2552 2947 καλεῖ.

2111 2985 2176 3040 Ἠ
2197 2984 2450 3052 πλευρὰ,
2479 2985 2518 3051 ἡ
2549 2982 2827 3038 ὑποκάτω
2857 2982 3038 3036 πέντε
3071 2981 3340 3051 πήχεων.
3381 2981 3614 3050 Θαυμα-

2028 3075 2166 3139 ζέτω
2198 3075 2406 3147 μηδεὶς,
2452 3077 2501 3129 εί
2544 3077 2916 3146 πενταπήχεις
2953 3075 3076 3145 μὲν,
3107 3075 3158 3127 οἱ
3191 3075 3439 3128 ἐπίπεδοι
3469 3069 3617 3145 ἦσαν

339 3160 461 3215 solo
519 3160 720 3229 posita,
780 3159 1026 3229 quinque
1072 3158 1383 3211 cubitorum
1427 3155 1564 3222 fuit;
1623 3159 1921 3212 secundum

2039 3163 2166 3221 οἴκοι
2192 3185 2202 3196 ·
2238 3167 2530 3236 ἑξαπήχεις
2555 3167 2634 3232 δὲ,
2663 3168 2714 3220 οἱ
2740 3165 2997 3236 διώροεροι
3018 3183 3032 3198 ·
3071 3167 3413 3237 ἑπταπήχεις
3441 3165 3498 3218 δὲ
3517 3205 3532 3229 ,
3560 3167 3616 3218 οί

338 3258 522 3303 autem
552 3249 853 3304 tabulatum
883 3286 898 3309 ,
946 3261 1040 3301 sex
1079 3243 1429 3301 cubitorum:
1463 3243 1684 3298 tertiqu
1713 3246 1925 3300 tabula-

339 3349 482 3401 rum,
507 3349 713 3407 septem
740 3337 1088 3401 cubitorum;
1127 3335 1268 3388 muri
1309 3335 1452 3388 enim
1512 3334 1726 3387 inferne
1757 3335 1922 3386 latio-

341 3441 434 3480 res
461 3435 636 3490 erant,
667 3435 725 3478 ut
757 3423 974 3478 aediﬁcii
994 3423 1192 3478 molem
1218 3430 1438 3493 portare
1459 3431 1708 3492 possent.
1727 3422 1920 3477 Ablata

344 3527 549 3582 autent,
589 3529 642 3572 et
667 3516 937 3571 diminuta
966 3531 1031 3570 ex
1066 3523 1220 3582 parte
1264 3516 1382 3586 ipsa
1423 3517 1736 3580 latitudine,
1773 3517 1922 3585 adje-

265 3609 274 3616 ”
337 3616 466 3662 ctus
517 3617 603 3662 est
655 3607 875 3662 cubitus
929 3607 1173 3662 secundo
1223 3608 1488 3674 tabulato,
1522 3609 1684 3662 tertio
1737 3617 1916 3662 autent

341 3699 456 3754 duo
492 3699 682 3753 cubiti.
745 3697 1015 3768 Josephus
1073 3697 1218 3752 enim
1275 3697 1408 3752 dicit
1463 3699 1642 3768 ipsmu
1695 3699 1916 3768 quidem

341 3789 602 3858 templum
633 3790 742 3843 duo
781 3790 1023 3843 tabulata
1050 3789 1334 3851 habuisse,
1371 3797 1425 3844 et
1458 3797 1628 3842 totum
1661 3790 1914 3844 altitudi-

343 3896 468 3934 nem
495 3880 664 3934 luisse
697 3894 794 3933 cu
821 3879 1159 3942 cubitorum,
1209 3878 1262 3934 id
1289 3879 1434 3948 quod
1476 3880 1614 3934 liber
1676 3879 1916 3950 Paralip.

341 3986 563 4042 quoque
591 3973 873 4042 exprimit.

419 4065 484 4118 Et
508 4065 710 4118 nullum
737 4066 1144 4118 instrumentum
1199 4063 1426 4132 ferreum
1487 4065 1732 4119 auditum
1791 4065 1914 4133 fuit.

341 4155 581 4226 Lapides
609 4156 752 4210 enim
794 4157 977 4223 templi
1014 4165 1209 4209 natura
1241 4156 1352 4224 apti
1404 4164 1566 4210 erant
1615 4157 1683 4210 ad
1737 4156 1918 4210 aediﬁ-

342 4249 514 4304 cium.
555 4247 790 4318 Lapides
829 4259 1010 4303 autem
1059 4249 1290 4319 periboli
1327 4249 1381 4303 in
1422 4259 1606 4304 monte
1637 4251 1836 4316 secari,
1863 4259 1918 4304 et

339 4339 582 4395 invicem
610 4341 985 4410 coagmentari
1015 4340 1204 4408 jussit.

419 4430 485 4483 Et
516 4429 688 4497 ﬂexus
713 4446 966 4484 ascensus
1000 4431 1053 4484 in
1083 4429 1336 4484 medium.
1384 4428 1520 4483 Cum
1545 4444 1736 4484 murus
1759 4430 1916 4486 latis-

2024 3258 2341 3330 τριώροφοι.
2379 3259 2442 3310 Οί
2485 3259 2654 3326 τοῖχοι
2700 3257 2806 3326 γὰρ
2835 3251 2976 3326 ἦσαν
3010 3255 3298 3326 εὐρύτεροι
3342 3255 3614 3316 κάτωθεν,

2024 3350 2165 3404 ὥστε
2191 3351 2376 3422 φέρειν
2402 3350 2501 3420 τῆς
2539 3349 2850 3418 οἰκοδομίας
2879 3349 2940 3400 τὸ
2969 3348 3154 3418 βάρος.
3173 3346 3616 3419 Ἀφαιρουμένου

2023 3443 2079 3494 δὲ
2110 3443 2252 3496 κατὰ
2281 3441 2446 3512 μέρος
2471 3439 2566 3494 τοῦ
2596 3437 2810 3511 εὔρους,
2835 3439 3140 3508 προσετέθη
3165 3441 3276 3502 τοῖς
3307 3439 3405 3508 μὲν
3430 3434 3623 3506 διωρόὲ

2023 3551 2142 3603 φοις
2171 3537 2198 3586 ὁ
2237 3535 2412 3603 πῆχυς
2433 3573 2448 3594 ,
2479 3535 2594 3595 τοῖς
2636 3533 2694 3585 δὲ
2735 3533 3063 3602 τριωρόφοις
3093 3531 3143 3584 οἱ
3177 3530 3290 3588 δύο.
3309 3530 3620 3601 Ἰὡσηππος

2027 3627 2209 3696 μέντοι
2237 3625 2391 3694 φησὶ,
2424 3624 2518 3678 καὶ
2553 3623 2715 3676 αὐτὸν
2748 3622 2840 3674 τὸν
2879 3621 3015 3675 νεὼν
3043 3621 3308 3694 διὼροερον
3335 3619 3616 3690 γενέσθαι.

2022 3719 2114 3770 καὶ
2139 3717 2244 3770 πᾶν
2267 3716 2325 3768 τὸ
2349 3715 2481 3784 ὕψος
2504 3713 2698 3768 ἑκατὸν
2723 3714 2819 3768 καὶ
2848 3715 3020 3766 εἴκοσι
3045 3714 3362 3784 πήχεων.ὐ
3391 3713 3486 3766 καὶ
3507 3709 3621 3764 τῶν

2022 3806 2532 3877 Παραλειπομὲνων
2563 3805 2596 3874 ἡ
2628 3804 2810 3874 βίϐλος
2842 3803 3011 3876 δηλοῖ.

2093 4063 2201 4118 Καὶ
2228 4063 2349 4119 πᾶν
2375 4065 2600 4132 σκεῦος
2621 4064 2916 4132 σιδηροῦν
2935 4067 3048 4118 οὐκ
3071 4064 3368 4131 ἠκούσθη.
3410 4063 3474 4116 Oi
3507 4058 3617 4131 μὲν

2019 4156 2129 4226 γὰρ
2163 4154 2255 4208 τοῦ
2287 4155 2394 4208 νεὼ
2427 4155 2586 4218 λίθοι,
2623 4151 2764 4226 ἦσαν
2793 4157 3088 4224 αὐτοφυεῖς
3107 4172 3121 4184 ·
3152 4155 3280 4216 τοὺς
3311 4153 3367 4206 δὲ
3398 4151 3490 4206 τοῦ
3514 4167 3620 4204 πε-

2021 4247 2260 4316 ριϐόλου,
2292 4248 2348 4300 ὲν
2372 4245 2448 4316 τῷ
2477 4247 2594 4316 δρει
2626 4246 2906 4316 ξεσθῆναι,
2937 4246 3031 4298 καὶ
3057 4244 3311 4315 ἀλλήλοις
3345 4260 3622 4315 συναρμοο

2020 4339 2240 4408 σθῆναι,
2283 4338 2623 4410 προσέταξεν
2642 4387 2653 4395 .

2093 4431 2203 4483 Καὶ
2233 4430 2444 4497 ἑλικτὴ
2484 4428 2759 4493 διάϐασις
2795 4429 2882 4492 είς
2906 4421 3263 4494 τὴνίιέοην.
3307 4424 3618 4494 Εὐρύτατος

339 4521 518 4573 εἱηιιις
564 4526 734 4583 esset,
791 4519 1050 4574 cochleas
1107 4519 1162 4572 in
1231 4517 1530 4572 secundam
1599 4526 1653 4572 et
1709 4519 1921 4573 tertiam

2039 4523 2138 4590 γὰρ
2167 4519 2242 4573 ὢν
2271 4523 2299 4572 ὁ
2323 4523 2524 4590 τοῖχος,
2559 4519 2862 4590 κοχλιοειδῆ
2896 4519 2995 4588 τὴν
3025 4517 3290 4570 ἀνάϐασιν
3333 4511 3480 4584 εἶχεν
3521 4517 3619 4566 ἐπὶ

345 4611 539 4678 ίθέσινῂ
571 4611 1035 4681 contignationem
1069 4611 1283 4670 habuit,
1323 4620 1726 4680 quaetanquam
1759 4614 1920 4667 tabu-

345 4703 474 4766 lua,
504 4701 586 4755 vel
607 4701 892 4756 cenacula
921 4701 976 4754 in
1012 4704 1216 4772 templo
1247 4701 1488 4758 fuerunt.
1513 4702 1624 4756 lloc
1679 4718 1812 4758 vero
1837 4712 1922 4758 ta-

349 4791 486 4842 Lnlis
514 4789 754 4846 cedrinis
790 4791 1054 4854 contexit,
1075 4801 1139 4865 et
1192 4793 1408 4846 tabulas
1435 4808 1570 4847 auro
1602 4809 1617 4858 ;
1668 4793 1918 4862 ίμαντρί-

341 4876 435 4938 δας
463 4895 612 4938 vero,
654 4877 708 4932 id
747 4885 866 4944 est,
933 4877 1198 4938 tabulata,
1251 4879 1546 4950 ὲνδέσμους
1602 4883 1913 4950 appellavit.

342 4963 447 5021 Per
465 4969 707 5038 quinque
743 4977 922 5023 autem
949 4967 1166 5022 cubitos
1216 4968 1478 5037 lapidum,
1512 4969 1733 5040 iuquit,‘
1783 4985 1916 5024 con-

323 5053 654 5126 ‘iuuclioucs
683 5058 832 5112 fecit.

413 5148 576 5228 Vitas.
627 5148 716 5202 20.
771 5148 838 5204 Et
883 5148 1004 5228 fecit
1060 5147 1234 5228 altore
1302 5149 1356 5200 in
1407 5159 1686 5215 conspectu
1733 5149 1918 5207 Dabir.

343 5221 524 5296 Alt-tre
564 5243 708 5294 enim
739 5216 1114 5312 thymiamatis
1137 5223 1273 5292 ‘anle
1309 5240 1483 5292 velum
1519 5241 1754 5308 positum
1781 5250 1920 5307 erat,

344 5329 488 5396 quod
515 5343 578 5381 ex
613 5344 720 5382 una
752 5339 904 5398 parte
928 5344 1197 5394 mensam,
1233 5345 1298 5382 ex
1335 5331 1506 5383 altera
1526 5331 1916 5386 candelabrum

343 5421 600 5475 habebat.
1726 5411 1732 5418 ’

410 5513 606 5566 Aulum
649 5512 972 5566 interiorem.
1030 5514 1502 5579 Quemadmodum
1545 5515 1810 5584 templum
1859 5515 1912 5568 in

2020 4615 2121 4682 τὴν
2157 4611 2418 4683 δευτέραν
2453 4611 2602 4665 θέσιν
2651 4611 2748 4663 καὶ
2787 4609 3002 4680 τρίτην,
3031 4608 3107 4670 ὼς
3139 4605 3410 4676 ὑπερῴων
3442 4605 3615 4657 ὄντων

2021 4706 2080 4758 ἐν
2103 4703 2180 4774 τῷ
2217 4703 2345 4774 νεῷ.
2377 4704 2595 4756 Σανίσιν
2629 4703 2685 4754 δὲ
2720 4703 2884 4754 αὐτὸν
2921 4700 3195 4769 κεδρίναις
3226 4697 3487 4766 ἐκάλυψε,
3513 4697 3612 4748 καὶ

2019 4797 2204 4866 χρυσῷ
2227 4796 2284 4848 δὲ
2306 4795 2402 4857 τὰς
2429 4793 2647 4856 σανίδας
2667 4809 2680 4824 ’
2711 4793 3001 4862 ὲνδέσμους
3031 4789 3108 4855 δὲ,
3138 4788 3236 4852 τὰς
3264 4785 3613 4857 Ιμαντρίδας

2019 4888 2302 4941 ἐκάλεσεν.
2350 4887 2508 4939 Κατὰ
2543 4885 2702 4938 πέντε
2755 4884 2835 4949 δὲ,
2872 4882 3030 4954 φησὶ,
3066 4882 3228 4935 λίθων
3269 4883 3464 4952 πήχεις
3510 4881 3614 4942 τὰς

2031 4979 2240 5048 ίμαντώ
2248 4997 2301 5032 σε
2313 4997 2360 5042 ις
2401 4980 2679 5048 παρεῖχεν.

2103 5154 2210 5208 Kal
2243 5155 2497 5220 ἐποίησε
2527 5150 3130 5228 θιισιασττίριοιικατὰ
3155 5149 3482 5217 πρόσωπον
3502 5145 3611 5200 τοῦ

2031 5249 2262 5314 Δαΰείρ.
2296 5247 2370 5298 Τὸ
2394 5248 2501 5317 γὰρ
2549 5246 2938 5314 θυσιαστήριον
2973 5241 3066 5294 τοῦ
3117 5237 3613 5309 θυμιάματοςπρδ

2024 5337 2119 5388 τοῦ
2143 5339 2638 5406 καταπετάσματος
2671 5335 2884 5388 ἔκειτο·
2946 5332 3098 5386 ἔνθεν
3169 5330 3270 5400 μὲν
3329 5329 3466 5399 ἔχων
3509 5327 3612 5400 τὴν

2021 5426 2332 5498 τράπεζαν,
2371 5426 2522 5480 ἐνθεν
2549 5427 2606 5480 δὲ
2650 5427 2749 5496 τὴν
2785 5424 3028 5494 λυχνίαν.
3106 5425 3109 5428 ’

2098 5517 2216 5580 Tim
2254 5515 2457 5584 αὐλὴν
2480 5515 2596 5584 τὴν
2613 5515 2930 5584 ἐσωτέραν.
2957 5515 3164 5586 Ὥσπερ
3197 5512 3226 5564 ὁ
3257 5511 3378 5574 ναὸς
3405 5509 3483 5572 είς
3514 5505 3614 5562 δύο

1617 5684 1891 5753 gruum
1919 5685 2322 5742 LECTIONES.

425 5782 452 5816 ⁸
476 5778 534 5829 in
559 5775 744 5830 codice
775 5775 1024 5830 Lavateri
1061 5777 1276 5831 videtur
1299 5776 1490 5842 fuisse,
1522 5777 1703 5830 πέντε.
