3992 6400
229 373 364 444 1157

1175 379 1713 442 COMMENTARII
1745 380 1828 442 IN
1869 381 2018 443 LIB.
2063 381 2158 442 III
2209 383 2505 444 REGUM.

3353 393 3492 458 1158

223 489 461 560 διῄρητο,
491 484 634 538 οὕτω
667 485 760 540 καὶ
783 484 851 539 τὰ
879 483 1139 556 ὕπαιθρα.
1166 484 1525 554 Τούτωντὰρ
1580 484 1652 538 τὰ
1707 486 1793 555 μὲι

1917 484 2050 538 duas
2074 495 2257 554 partes
2290 487 2772 550 distinctum.fuit,
2799 489 2871 543 ita
2899 491 3060 545 etiam
3093 489 3354 564 ὕπαιθρα,
3390 501 3491 555 inc

223 577 289 649 ἦν
331 577 466 648 βατὰ
503 577 665 630 παντὶ
690 575 768 646 τῷ
801 576 944 646 λαῷ·
976 577 1046 630 τά
1073 575 1152 639 δὲ,
1177 579 1290 638 τοῖς
1316 575 1520 646 ἱερεῦσι
1569 577 1663 626 καὶ
1689 579 1801 637 τοῖς

223 671 496 730 Δευῖταις.
537 671 752 739 Διεῖργε
785 667 841 720 δὲ
867 684 1093 730 τουτους
1122 667 1217 719 ἀπ’
1269 667 1492 718 ἐκείνων
1555 663 1800 734 θριγγίον

222 764 314 831 οὐχ
341 760 566 830 ὑψηλὸν,
599 759 740 812 ὥστε
794 759 890 812 καὶ
934 760 1062 822 τοὺς
1115 756 1629 828 άπεσχοινισμένους
1691 755 1799 808 τῶν

221 855 392 917 ἔνδον,
421 854 620 918 ἔξωθεν
655 853 882 923 θεωρεῑν
910 851 1009 922 τὴν
1041 851 1150 904 τῶν
1190 850 1391 903 θυσιῶν
1456 849 1797 918 ἱερουργίαν.

223 946 318 999 Διὰ
340 943 510 1014 τριῶν
536 942 616 1008 δὲ,
648 943 806 1012 φησὶ,
831 941 1012 1012 δόμων
1044 941 1335 1011 ἱμάντωμα
1378 939 1654 996 διέτεινον,
1699 939 1797 1006 κέ-

220 1038 418 1108 δρινον.

809 1224 1064 1279 ΚΕΦΑΛ.
1099 1227 1175 1281 Z'.

285 1315 397 1372 Καὶ
426 1317 537 1372 δύο
555 1315 901 1385 ἐπιθέματα.
941 1315 1090 1368 ’Δντὶ
1122 1311 1238 1377 τοῦ,
1270 1311 1557 1366 ἐπίστυλα.

285 1499 392 1555 Kal
421 1498 730 1569 μέλαθρον
775 1497 870 1552 ἐπ’
895 1493 1246 1566 ἀμφοτέρων
1271 1491 1392 1547 τῶν
1420 1490 1685 1545 στύλων.
1721 1486 1798 1542 Τὸ

215 1591 522 1646 ὲπῐστυλον.

287 1680 414 1749 Τὴν
439 1679 785 1735 θάλασσαν.
819 1677 1074 1748 Λουτῆρα
1099 1673 1358 1746 χαλκοῦν,
1395 1673 1454 1728 δν
1482 1673 1572 1728 διὰ
1600 1672 1662 1726 τὸ
1698 1671 1798 1742 μέ-

213 1773 370 1845 γεθος
402 1773 632 1826 ἐκάλεσε
649 1770 946 1832 θάλασσαν,
980 1769 1061 1831 εις
1089 1766 1450 1820 τὸνίπτεσθαι
1480 1766 1606 1827 τοὺς
1631 1765 1797 1832 ἱερεῖς

214 1870 270 1921 ἐν
303 1865 477 1934 αὐτῷ.
519 1859 676 1925 Εἶδος
701 1861 760 1914 δὲ
807 1863 841 1930 ή
905 1859 1151 1914 θάλασσα
1213 1851 1356 1927 εἶχεν
1409 1854 1790 1926 ἡμισφαιρίου,

213 1957 436 2026 πήχεων
464 1953 595 2006 δέκα
626 1956 725 2022 τὴν
753 1951 1062 2020 διάμετρονο
1090 1949 1152 2002 τὸ
1181 1949 1240 2002 δὲ
1284 1945 1618 2010 κυκλοειδές,
1648 1947 1797 2016 τριά-

214 2063 370 2101 κοντα
404 2045 578 2116 τριῶν
600 2046 819 2116 πήχεων
849 2059 866 2075 ο
905 2042 970 2096 τὸ
1001 2041 1058 2094 δὲ
1084 2041 1278 2111 πάχος,
1335 2038 1638 2108 σπιθαμῆς.
1673 2035 1796 2089 ἰ’ῶν

212 2139 264 2194 δὲ
291 2138 382 2192 δύο
418 2135 730 2205 σπιθαμῶν,
743 2137 841 2206 τῆς
859 2132 1128 2196 ἐντεῦθεν,
1160 2133 1323 2201 φημὶ,
1341 2131 1548 2200 καὶτῆς
1563 2129 1793 2195 ἐκεῖθεν,

209 2233 274 2302 τῇ
303 2229 588 2299 διαμέτρῳ
620 2227 1141 2296 συμμετρουμένων,
1173 2225 1366 2277 ἕνδεκα
1389 2223 1587 2292 πήχεις
1638 2221 1794 2290 εὑρί-

213 2335 458 2374 σκονται.
493 2315 1026 2388 Τριπλασιαζὸμενοι
1057 2315 1114 2369 δὲ
1149 2309 1318 2380 οὗτοι,
1367 2314 1584 2368 ποιοῦσι
1643 2315 1796 2384 τρεῖς

210 2411 303 2463 καὶ
327 2409 653 2479 τριάκοντα.

281 2503 566 2554 Βλαστὸν
593 2501 824 2568 κρίνου.
847 2499 954 2553 Τοῦ
979 2495 1246 2568 λουτῆρας
1275 2494 1335 2550 τὸ
1361 2495 1539 2565 χεῖλος
1585 2491 1796 2546 ἐπικλι-

212 2590 300 2654 νὲς
344 2587 424 2663 ἦν
458 2594 538 2655 εὶς
568 2594 638 2645 τὰ
676 2591 803 2658 ἔξω,
855 2590 926 2644 τὰ
981 2588 1155 2659 φύλλα
1205 2587 1301 2640 τοῦ
1354 2586 1541 2657 κρίνου
1597 2581 1794 2656 μιμού-

279 2700 384 2740 νον.

208 2699 430 2828 “rixa
452 2773 773 2844 Μηχανώθ.
810 2771 934 2825 Τῶν
995 2768 1491 2842 Παραλειπομένων
1541 2767 1574 2838 ἡ
1611 2765 1790 2836 βίϐλος

124 2890 130 2894 ·
211 2865 479 2939 λουτῆρας
503 2867 603 2930 τὰς
621 2868 903 2936 μηχανὰς
933 2863 1235 2933 ὠνόμασεν.
1268 2862 1328 2916 Ὀ
1357 2861 1412 2914 δὲ
1461 2860 1787 2930 ’Ῑώσηππος,

211 2960 416 3030 βάσεις.
452 2960 846 3032 Τετραγώνους
907 2958 964 3012 δὲ
1009 2955 1181 3020 αὑτὰς
1235 2953 1390 3024 λέγει
1437 2951 1786 3022 γεγενῆσθαι,

205 3053 435 3123 τροχοὺς
473 3051 705 3122 ἐχούσας
733 3051 1146 3120 ὑποκειμένους,
1177 3050 1290 3129 τοῖς
1344 3045 1452 3100 τῶν
1507 3045 1778 3115 ἁρμάτων

1901 585 2008 634 est,
2069 575 2183 627 loca
2231 578 2522 630 sululialia.
2581 578 2636 630 lu
2687 595 2924 647 quorum
2978 581 3210 633 alterum
3269 593 3489 652 quidm:

1901 666 2086 720 omnis
2119 668 2356 736 populus
2399 670 2611 740 ingredi
2664 674 2896 742 potuit;
2942 690 2994 727 ιιι
3030 675 3260 730 alterum
3307 689 3490 732 autem

1903 753 2108 810 Levita:
2133 757 2426 824 duntaxat,
2457 768 2511 813 et
2546 763 2888 818 sacerdotes.
2926 762 3040 818 llos
3069 775 3250 818 autem
3275 766 3488 836 paries,

1901 847 1984 899 vel
2016 857 2230 921 septum
2257 863 2368 902 non
2389 851 2560 903 altum
2591 851 2661 905 ab
2690 851 2800 906 illis
2818 857 3058 917 arcebat,
3082 856 3156 908 ita
3186 863 3245 908 ut
3291 856 3490 926 sejun-

1901 934 1974 986 cti
2005 933 2138 990 foris
2158 935 2559 990 sacrificiorum
2589 938 2923 994 oblationem
2965 949 3216 1008 spectare
3247 955 3490 1010 possent.

1901 1021 2004 1076 Per
2043 1035 2157 1078 tres
2222 1034 2400 1078 autem
2449 1035 2760 1083 structuras
2809 1031 2992 1086 trabes
3020 1071 3034 1096 ,
3079 1047 3202 1102 quae
3248 1034 3489 1101 parietes

1903 1115 2215 1178 continent,
2246 1112 2432 1168 cedris
2466 1115 2680 1170 intexit.

2535 1249 2690 1304 CAP.
2742 1249 2855 1306 VII.

1979 1335 2144 1395 Vens.
2181 1338 2269 1394 l6.
2321 1339 2391 1394 Et
2414 1341 2522 1396 duo
2543 1343 2883 1412 epiutemata.
2912 1342 3019 1398 Pro
3047 1345 3340 1417 epistyliis,
3371 1347 3480 1403 hoc

1895 1436 2004 1493 est,
2037 1429 2310 1496 trabibus,
2341 1447 2464 1500 quae
2495 1448 2662 1500 super
2699 1433 2985 1489 columnas
3015 1446 3316 1511 ponuntur.

1969 1519 2038 1574 Et
2071 1519 2294 1590 laquear
2343 1524 2400 1576 in
2431 1525 2686 1579 ambabus
2739 1526 3024 1580 columnis.
3065 1526 3350 1599 Epistylou
3393 1530 3482 1584 in-

1899 1610 2116 1665 telliait.

1979 1627 2010 1662 ιι
2078 1627 2116 1665 ι.

1972 1627 2141 1756 νξίιε.
2178 1701 2272 1756 ἓὸ.
2320 1701 2498 1757 Mare.
2532 1703 2772 1760 Labrum
2809 1721 3046 1774 aeneum,
3085 1709 3231 1780 quod
3259 1719 3485 1780 propter

1827 1821 1870 1877 Β
1902 1793 2339 1860 magnitudinem
2384 1810 2534 1849 mare
2567 1797 2898 1866 appellavit,
2945 1799 3092 1855 hunc
3126 1815 3285 1855 usum
3319 1801 3489 1856 habe-

1899 1879 2014 1941 bat.
2059 1893 2115 1934 ut
2157 1883 2211 1936 in
2249 1898 2314 1936 eo
2341 1885 2658 1940 sacerdotes
2703 1887 3041 1942 lavarentur.
3075 1886 3278 1944 Habuit
3303 1898 3488 1945 autem

1897 1967 2005 2024 hoc
2040 1987 2190 2026 mare
2223 1971 2450 2042 figuram
2481 1975 2930 2046 hemispltzcrii,et
2956 1977 3142 2034 decem
3175 1981 3484 2034 cubitorum
3580 1995 3591 2004 ‘

1900 2063 2264 2130 diametrum;
2307 2063 2427 2134 ipse
2471 2065 2647 2134 orbis,
2681 2066 2767 2120 vel
2809 2069 3054 2125 circulus
3081 2070 3301 2140 triginta
3331 2073 3489 2126 cubi-

1899 2165 2077 2209 torum
2121 2155 2260 2222 fuit;
2307 2157 2625 2212 crassitudo
2653 2157 2774 2228 ejus
2809 2161 3026 2229 palmus
3071 2161 3196 2216 fuit.
3234 2163 3332 2218 Sin
3381 2179 3484 2218 au-

1897 2254 2006 2300 tem
2045 2247 2152 2300 duo
2178 2246 2366 2315 palmi,
2400 2248 2496 2318 qui
2530 2248 2662 2304 hinc
2730 2259 2785 2304 et
2817 2251 3049 2306 illincin
3070 2253 3338 2310 diametro
3356 2263 3487 2310 sunt

1897 2347 2390 2399 connumerentur,
2441 2337 2802 2394 inveniuntur
2849 2339 3104 2396 undecim
3145 2343 3352 2410 cubiti;
3407 2346 3485 2400 illi

1897 2440 2026 2478 vero
2067 2425 2176 2494 trip
2199 2425 2328 2480 icati
2358 2423 2570 2496 faciunt
2602 2427 2829 2496 triginta
2863 2439 2975 2484 tres
2999 2431 3240 2486 cubitus.

1971 2512 2138 2568 Vens.
2173 2515 2262 2568 26.
2295 2511 2519 2570 German
2554 2517 2681 2570 lilii.
2717 2517 2884 2572 Labri
2925 2519 3130 2574 lahiutn
3161 2521 3482 2576 inclinatum

1894 2615 2012 2660 erat
2053 2609 2108 2662 in
2148 2617 2333 2676 partes
2363 2608 2689 2676 exteriores,
2737 2609 2807 2664 ad
2853 2610 3273 2668 similitudinem
3318 2613 3484 2670 folio-

1897 2711 2018 2749 rum
2052 2696 2174 2752 lilii.

1981 2791 2150 2848 \‘tins.
2185 2793 2278 2848 27.
2315 2792 2505 2859 Decem
2539 2791 2882 2848 Mechanoth.
2913 2792 3077 2850 Liber
3105 2793 3485 2866 Paralipome-

1897 2898 2006 2936 non
2034 2884 2192 2940 labra
2231 2886 2480 2956 μηχανὰς
2501 2880 2736 2948 vocavit,
2765 2885 3042 2956 Josephus
3066 2899 3244 2942 autem
3271 2889 3480 2958 βάσεις.

1896 2971 2406 3046 Quadrangularem
2450 2981 2634 3029 autem
2679 2973 2904 3044 ﬁguram
2947 2992 3042 3031 eas
3095 2975 3352 3032 habuisse
3397 2980 3482 3031 di-

1901 3064 1998 3126 cit,
2051 3072 2105 3116 et
2141 3065 2422 3135 subjectas
2453 3073 2603 3119 rotas
2637 3063 2847 3120 similes
2877 3067 3015 3122 rotis
3045 3082 3332 3122 curruum.
3372 3069 3486 3122 Ha-

205 3144 476 3206 ἐοικότας.
508 3137 668 3214 Εἶχον
701 3142 758 3196 δὲ
779 3136 940 3196 αὗται
965 3141 1079 3196 άνω
1130 3139 1330 3211 χειρῶν
1392 3134 1785 3206 ὲκτυπώματα,

1917 3154 2099 3208 ιρὶιοιιι
2129 3134 2311 3209 autem
2341 3156 2446 3210 illa:
2481 3156 2535 3209 in
2568 3157 2842 3224 superiori
2874 3167 3031 3226 parte
3061 3173 3323 3214 manuum
3363 3160 3478 3215 elli-

207 3251 298 3286 στε
307 3232 571 3304 φανοειδῆ
609 3233 845 3304 φέροντα
863 3231 1085 3286 κύκλον.

273 3326 433 3380 Δέδια
468 3325 936 3396 χυτρογαύλους.
966 3322 1250 3394 Λουτῆρας
1277 3321 1658 3392 ἐπικειμένους
1673 3323 1792 3381 ταῖς

201 3414 456 3488 βάσεσιν,
499 3419 557 3470 ὲν
589 3416 646 3469 δὲ
679 3414 892 3476 τούτοις
923 3415 1151 3466 ἔπλυνον
1209 3412 1280 3466 τὰ
1319 3413 1514 3480 ἱερεῖα,
1569 3413 1663 3464 καὶ
1721 3409 1792 3464 τὰ

197 3507 417 3562 τούτων
444 3508 618 3569 ἐντὸς,
652 3507 748 3559 καὶ
772 3507 899 3569 τοὺς
927 3505 1117 3568 πόδας,
1145 3503 1220 3567 ὡς
1249 3507 1308 3557 ἐν
1349 3504 1470 3566 ταῖς
1521 3501 1793 3572 Παραλει-

201 3602 486 3672 πομέναις
513 3598 700 3670 φησιν.
1413 3605 1417 3614 ’
1497 3673 1504 3677 _

270 3690 384 3746 Καὶ
410 3691 524 3757 τὰς
551 3688 770 3759 θερμὰς
797 3687 976 3758 τρεῖς.
1013 3687 1236 3760 Θερμὰς
1285 3684 1443 3740 καλεῖ
1497 3686 1621 3762 τοὺς
1667 3683 1792 3755 θερ-

199 3785 515 3858 μντῆρας,
551 3785 608 3836 ὲν
629 3777 709 3846 οἷς
738 3782 798 3836 τὸ
831 3781 974 3850 ὕδωρ
1001 3777 1320 3853 θερμαίνειν
1346 3778 1667 3870 εἰώθαμεν..

275 3959 358 4017 Τὰ
397 3957 540 4028 ἅγια
571 3957 770 4013 Δαϐίδ.
801 3958 980 4028 Ἀπερ
1008 3959 1073 4011 ὲκ
1102 3956 1212 4010 τῶν
1233 3955 1486 4026 πολέμων
1529 3953 1791 4024 ἀνέθηκεν
1833 4021 1836 4024 ς

198 4048 594 4196 ἀκξύῗβιῖῗιέον
613 4137 842 4208 δρυμοῦ
873 4135 984 4190 τοῦ
1005 4135 1286 4192 Λιϐάνου.
1326 4133 1529 4189 Τοῦτον
1575 4133 1670 4188 τοῦ
1715 4133 1792 4186 δι-

199 4233 516 4306 καστηρίου
548 4231 819 4300 πεποίηκε
847 4230 1147 4302 πρόδομον.
1173 4225 1300 4300 Εἶχε
1353 4228 1410 4281 δὲ
1449 4226 1674 4290 στύλους
1701 4244 1792 4280 κε-

197 4326 422 4395 δρίνους
457 4326 590 4395 ρλε’.
621 4322 788 4376 Ὅθεν
827 4322 977 4384 εἰκὸς
1003 4321 1168 4376 αὐτὸν
1191 4317 1341 4374 οἷκον
1367 4319 1636 4390 κληθῆναι
1665 4321 1793 4390 δρυο
1811 4347 1826 4356 -

202 4418 309 4490 μοῦ
338 4416 438 4472 τοῦ
469 4415 730 4478 Λιϐάνου,
756 4415 847 4468 διὰ
874 4414 934 4468 τὸ
961 4414 1164 4485 πλῆθος
1186 4413 1302 4467 τῶν
1363 4413 1626 4486 κεδρίνων
1679 4413 1793 4467 κιό-

203 4527 310 4568 νων
345 4511 710 4582 μιμουμένων
745 4507 842 4561 τοῦ
873 4507 1108 4561 Λιϐάνου
1131 4506 1196 4560 τὸ
1217 4506 1400 4570 ἄλσος.
1689 4560 1694 4566 ,

269 4603 468 4658 Πέντε
491 4602 593 4655 καὶ
617 4597 1074 4668 τεσσαράκοντα
1101 4601 1134 4652 ό
1162 4601 1373 4668 στίχος
1422 4601 1458 4652 ὁ
1499 4597 1605 4665 εἷς.
1663 4597 1792 4668 Τρί-

207 4703 376 4747 στωον
399 4689 494 4764 ἦν,
527 4690 760 4761 ἐχούσης
800 4690 1037 4762 ἑκάστης
1068 4690 1232 4752 στοᾶς
1254 4690 1415 4744 πέντε
1447 4691 1540 4744 καὶ
1587 4705 1790 4742 τεσσα-

209 4785 444 4856 ράκοντα
474 4785 684 4846 κίονας.
733 4782 844 4853 Τὴν
881 4781 990 4851 γὰρ
1011 4780 1282 4853 τετάρτην
1309 4781 1472 4836 στοὰν
1536 4781 1791 4835 ἀπετέλει

199 4879 296 4932 τοῦ
320 4877 689 4949 δικαστηρίου
719 4881 788 4931 τά
809 4877 1143 4948 προπύλαια,
1185 4874 1328 4946 ἆπερ
1366 4877 1532 4944 φησιν
1583 4874 1785 4944 Δῑλάμ.

197 4973 262 5026 Al
293 4973 354 5025 δὲ
388 4971 552 5026 στοαὶ
581 4971 840 5040 ἀλλήλαις
853 4969 997 5022 κατὰ
1015 4971 1081 5022 τὰ
1097 4969 1243 5040 ἄκρα
1257 4969 1594 5038 συνήπτοντο
1621 4966 1782 5022 διά...

195 5082 351 5138 χωρα
380 5065 640 5135 επίχωρα
672 5064 932 5134 τρισσῶς.
973 5063 1082 5126 Τὰς
1119 5062 1175 5115 δὲ
1210 5061 1370 5125 στοὰς
1402 5060 1634 5114 ἐκάλεσε
1691 5062 1788 5130 μέ-

197 5156 400 5230 λαθρα.
1627 5178 1631 5182 ·

810 5248 1062 5302 ΚΕΦΑΛ.
1112 5247 1196 5301 H'.

275 5341 336 5394 Ἀ
357 5339 680 5407 ἐλάλησας
709 5339 780 5392 ἐν
801 5337 882 5405 τῷ
910 5339 1164 5408 στόματί
1203 5355 1344 5403 σου,
1363 5339 1474 5392 .xal
1531 5339 1602 5392 ὲν
1659 5338 1788 5403 ταῖς

201 5431 380 5500 χερσί
411 5448 536 5486 σου
555 5429 937 5499 ἑπλήρωσας.
1009 5429 1388 5500 Ἀνθρωπινως
1444 5431 1630 5501 φησὶν,
1678 5431 1782 5494 ὅτι,

201 5514 283 5585 οἷς
316 5517 506 5588 εἶπας,
541 5521 600 5574 τὺ
629 5523 804 5592 πέρας
856 5521 1155 5592 ἐπέθηκας.

275 5611 407 5664 Ὅτι
431 5614 485 5666 ει
510 5611 750 5679 ἀληθῶς
777 5611 1123 5678 κατοικήσει
1152 5615 1184 5665 ὁ
1210 5611 1355 5676 Θεὸς
1379 5609 1531 5680 μετὰ
1559 5609 1783 5679 ἀνθρώ-

202 5717 334 5756 πων·
365 5703 463 5756 ἐπὶ
497 5701 608 5769 τῆς
642 5703 776 5772 τῆς.
807 5703 975 5757 Φύσιν
1000 5703 1159 5774 ἔχων,
1195 5704 1382 5775 φησιν,
1409 5703 1783 5774 ἀπερίληπτον

195 5793 586 5869 λειροττοίητον
614 5796 740 5850 ναὸν
774 5797 1206 5862 κατεσκεύασας,
1233 5796 1330 5850 οὐκ
1371 5797 1428 5848 ἐν
1461 5796 1636 5867 τούτῳ
1675 5811 1780 5848 πε-

1507 5878 1552 5925 Ψ

1893 3247 2030 3315 gies,
2062 3262 2184 3315 quae
2215 3247 2482 3302 circulum
2537 3263 2755 3302 corona:
2801 3250 3046 3304 similem
3093 3251 3479 3322 praeferebant.

1965 3334 2131 3390 Vens.
2176 3336 2264 3391 58.
2320 3337 2508 3392 Decem
2549 3354 2770 3410 magnas
2816 3341 2977 3394 ollas.
3033 3339 3207 3396 Labra
3257 3343 3481 3399 hasibus

1895 3429 2174 3496 apposita.
2213 3427 2269 3482 In
2303 3430 2415 3484 illis
2458 3437 2640 3483 autem
2686 3431 2943 3486 victimas
2986 3433 3262 3496 lavabant,
3295 3441 3349 3488 et
3381 3451 3479 3504 pe-

1893 3519 2014 3584 des,
2047 3517 2509 3586 quemadmodum
2535 3519 2672 3575 liber
2701 3520 3165 3592 Paralipomenon
3193 3525 3354 3579 dicit.

1967 3693 2034 3746 Et
2085 3693 2301 3748 lavacra
2335 3697 2514 3750 calida
2560 3699 2686 3752 tria.
2737 3698 3006 3754 Thermas
3049 3709 3210 3754 vocat
3247 3701 3472 3766 lebetes,

1891 3793 1947 3840 ct
1987 3786 2186 3852 ahena,
2233 3786 2288 3840 in
2327 3789 2529 3857 quibus
2580 3804 2780 3860 aquam
2834 3791 3136 3846 calefacere
3181 3793 3478 3847 consuevi-

1891 3891 2036 3934 mus.

1963 3967 2124 4038 532
2176 3971 2378 4026 Sancta
2419 3971 2610 4028 David.
2665 3972 2872 4046 Spolia,
2920 3988 3040 4046 qua:
3080 3975 3329 4032 hostibus
3380 3977 3476 4033 de-

1893 4068 2068 4114 trarta
2097 4067 2406 4132 suspendit.
2478 4068 2486 4076 '

1963 4151 2188 4206 Domum
2218 4155 2388 4210 saltus
2417 4154 2624 4210 Libani.
2651 4157 2804 4212 lianc
2839 4157 2971 4214 fecit
3006 4160 3334 4216 vestibulum
3369 4161 3478 4218 fori

1887 4245 2393 4316 judicialisdtahuit
2431 4263 2614 4306 autem
2657 4251 2946 4309 columnas
2987 4254 3242 4310 cedrinas
3273 4270 3475 4312 cxxxv.

1895 4340 2050 4396 Unde
2083 4341 2362 4410 probabile
2409 4357 2494 4400 est
2533 4345 2755 4400 domum
2789 4349 2968 4404 saltus
3001 4348 3194 4403 Libani
3234 4353 3476 4420 appella-

1895 4440 2003 4484 tam
2039 4447 2183 4486 esse.
2219 4433 2354 4487 Nam
2385 4446 2604 4506 propter
2648 4439 3060 4494 tunltitudinem
3093 4441 3475 4497 columnarum

1897 4521 2247 4576 cedrinarum
2275 4525 2473 4579 saltum
2509 4526 2708 4582 Libani
2755 4528 3050 4585 referebat.

1971 4611 2344 4684 Quadraginta
2370 4619 2599 4685 quinque
2627 4617 2758 4672 ordo
2791 4635 2948 4673 unus.
2975 4619 3192 4690 Triplex
3225 4623 3476 4692 porticus

1893 4708 2048 4766 erat;
2079 4701 2315 4758 habebat
2344 4711 2525 4760 autem
2555 4694 2810 4775 quaelibet
2841 4709 3204 4780 quadraginta
3234 4713 3479 4782 quinque

1893 4797 2221 4864 columnas;
2256 4810 2504 4868 quartam
2552 4801 2697 4856 enim
2731 4806 3006 4872 porticum
3053 4803 3155 4859 fori
3195 4805 3477 4874 iudicialis

1892 4889 2162 4942 vestibula
2201 4889 2346 4961 (quae
2385 4891 2626 4960 appellat
2659 4891 2836 4965 Elaui)
2873 4896 3266 4962 constituunt;
3299 4897 3476 4965 porti-

1891 4990 1992 5049 cus
2020 4981 2200 5032 autem
2241 4983 2472 5036 invicem
2513 4983 2566 5036 in
2617 4988 2932 5042 summitate
2972 4987 3467 5058 conjungehantur.

1892 5066 2148 5124 Porticus
2179 5079 2360 5126 autem
2385 5072 2650 5128 Melathra
2683 5077 2922 5132 vocavit.

2529 5255 2683 5310 CAP.
2738 5255 2869 5312 VIII.
3011 5275 3042 5307 ο

1963 5337 2131 5395 Vens.
2165 5341 2254 5396 15.
2298 5343 2432 5408 Qua:
2479 5346 2688 5402 (orntus
2726 5367 2780 5403 es
2812 5351 2863 5403 in
2897 5366 2987 5404 ore
3023 5361 3132 5414 tuo,
3171 5361 3221 5405 ct
3261 5353 3314 5406 in
3349 5371 3470 5410 ma-
3503 5395 3514 5404 .

1891 5431 2045 5486 nibus
2082 5435 2188 5488 tuis
2219 5436 2504 5506 perfeciati.
2527 5439 2781 5496 Humano
2803 5459 2956 5498 more
2977 5443 3130 5504 dicit,
3155 5446 3282 5514 quia
3312 5437 3473 5502 linem

1897 5521 2027 5583 illis,
2067 5539 2188 5593 quae
2213 5524 2428 5591 dixisti,
2464 5529 2794 5598 imposuisti.

1962 5615 2128 5671 Vens.
2171 5617 2261 5671 Ξῖ.
2299 5618 2566 5685 Quoniam
2616 5623 2662 5676 si
2716 5639 2827 5678 rere
2867 5625 3126 5679 habitabit
3174 5625 3312 5679 Deus
3355 5643 3474 5680 cum

1889 5711 2187 5766 hominibus
2243 5730 2398 5781 utpcr
2443 5726 2662 5774 (errant.
2723 5720 2860 5774 Cum
2915 5721 3058 5777 Deus
3109 5722 3222 5786 sis,
3275 5723 3474 5790 inquit,

1889 5811 2100 5857 natura:
2148 5805 2748 5879 incomprehensibilis,
2777 5813 2868 5884 qui
2911 5815 3060 5868 nullo
3093 5826 3360 5882 tempore,
3389 5813 3474 5870 vei
