3992 6402
376 362 515 426 1165
1360 348 1905 413 ἘΟΜΜΕΝΤΑΒΠ
1939 347 1962 406 I

2084 348 2215 407 LIB.
2255 346 2349 407 III
2390 345 2681 407 REGUM.
3506 340 3640 404 1166

372 490 469 531 νυν
495 467 529 544 ή
561 470 922 543 προσηγορία,
956 467 1030 531 ὡς
1063 464 1156 520 τοῦ
1180 465 1486 537 πρεσϐύτου
1509 464 1788 536 προφήτου
1816 463 1951 516 πολὺ

2084 460 2328 531 propheta
2392 463 2475 515 vir
2507 459 2600 516 Dei
2640 468 2868 517 vocatus
2903 468 3009 525 est,
3053 460 3146 516 sed
3192 460 3283 530 qui
3340 460 3638 529 perfectam

375 562 703 635 τιμιώτερος
734 558 824 633 ἦν.
1385 563 1388 567 ’
1736 586 1737 595 ι

2084 554 2323 608 virtutem
2350 552 2497 607 nacti
2526 560 2677 617 sunt,
2714 551 2951 624 Moyses,
3002 550 3173 613 Elias,
3206 558 3260 604 et
3293 551 3340 606 si
3368 550 3461 620 qui
3506 551 3641 604 tales

380 657 626 711 fuerunt.
693 652 984 725 Signiﬁcat
1054 652 1224 718 igitur
1287 650 1404 706 haec
1464 649 1798 721 appellatio,
1846 647 1995 704 hunc
2028 647 2206 703 virum
2262 660 2395 704 sene
2448 646 2543 701 illo
2594 647 2861 718 propheta
2912 647 3087 702 multo
3149 645 3322 701 fuisse
3369 653 3642 716 praestan-

385 746 604 799 tiorem.
1265 763 1289 779 ι

971 832 1200 887 ΚΕΦΑΛ
1212 870 1225 883 .
1283 831 1383 885 IA'.

2708 822 2863 877 CAP.
2900 820 3043 877 XIV.

444 924 557 978 Kal
585 923 936 993 σύνδεσμος
969 922 1303 992 γέγονεν-ὲν
1330 919 1406 989 τῇ
1423 918 1520 989 γῇ.
1543 919 1702 975 Οὕτω
1734 920 1829 972 καὶ
1867 919 1962 970 Ἰε-

2135 912 2300 970 Vens.
2335 913 2424 967 10.
2470 912 2534 967 Et
2564 915 2867 983 conjuratio
2903 913 3005 983 fuit
3040 913 3095 966 in
3126 919 3293 967 terra.
3339 911 3432 968 Sic
3480 914 3645 968 etiam

360 1009 559 1081 ’ζάϐελ,
588 1013 682 1068 τοῦ
732 1013 936 1084 Ἰωρὰμ
1002 1011 1249 1083 μαθοῦσα
1278 1010 1377 1082 τὴν
1427 1010 1707 1080 τελευτὴν,
1745 1009 1840 1062 καὶ
1860 1008 1959 1079 τὴν

2084 1002 2312 1070 Iezabel,
2378 1019 2502 1057 cum
2554 1004 2933 1068 intellexisset,
2983 1003 3129 1073 quod
3181 1003 3503 1059 interfectus
3556 1019 3650 1059 es-

372 1105 508 1160 ἰόου
528 1103 828 1175 βασιλείαν,
854 1102 1071 1174 ἐϐόησε,
1098 1101 1424 1172 Σύνδεσμος,
1450 1087 1768 1169 σύνδεσμοςέ
1797 1113 1955 1151 τουτ-

2084 1102 2145 1150 iet
2198 1092 2408 1159 Joram,
2457 1101 2512 1148 et
2557 1091 2688 1148 Joas
2730 1102 3032 1164 regnaret,
3087 1095 3419 1175 exclamarit
3450 1095 3644 1149 :.Con-

369 1194 540 1257 ἐστιν,
598 1192 927 1257 ἀποστασία,
954 1193 1051 1247 καὶ
1081 1189 1357 1260 τυραννίς.

2084 1184 2304 1254 tpiratio
2328 1224 2344 1247 ,
2386 1185 2492 1238 hoc
2530 1193 2616 1239 est
2638 1224 2651 1245 ,
2685 1184 2923 1239 defectio
2965 1192 3020 1240 et
3053 1186 3345 1241 violentia.

434 1286 541 1349 Είς
562 1283 631 1337 τὸ
665 1282 906 1337 Θεκουέ.
944 1283 1038 1337 Ἐν
1093 1280 1172 1352 τῷ
1232 1278 1448 1350 Λεξικῷ
1494 1277 1604 1331 τῶν
1646 1271 1952 1344 Ἑϐραϊκῶν

2122 1275 2187 1329 In
2218 1274 2513 1330 Thecae.ln
2549 1274 2886 1330 Dictionario
2910 1276 3180 1333 llebraico
3209 1279 3505 1347 exponitur
3526 1283 3649 1349 pul-

364 1374 652 1445 ὀνομάτων
680 1374 1045 1445 ἑρμηνεύεται
1070 1374 1190 1439 καὶ,
1216 1371 1588 1439 σαλπισμός.
1633 1369 1723 1433 Ἐξ
1757 1360 1833 1421 ὧν
1865 1366 1946 1431 δὲ,

2084 1367 2211 1430 alio,
2245 1376 2300 1421 et
2328 1367 2547 1437 clangor
2595 1366 2866 1420 tubarum.
2899 1365 2978 1420 Ex
3016 1368 3126 1423 illis
3156 1383 3286 1423 vero
3308 1409 3321 1433 ,
3353 1385 3475 1438 qua:
3514 1369 3648 1422 liber

367 1468 556 1536 φησὶν,
578 1468 636 1519 ἐν
662 1465 1179 1538 Παραλειπομέναις
1207 1463 1353 1517 ἔοικε
1386 1463 1601 1535 δηλοῦν,
1632 1463 1708 1525 ὡς
1741 1461 1947 1515 ἐδίδοτο

2084 1455 2510 1525 'aralipomenon
2538 1456 2723 1522 habet,
2746 1456 2964 1512 videtur
2988 1457 3301 1528 significare
3321 1459 3503 1527 ,’quod
3533 1462 3646 1514 haec

363 1556 540 1610 ταῦτα
566 1560 682 1620 τοῖς
726 1556 827 1620 τὰς
861 1557 1033 1627 θύρας
1062 1555 1172 1609 τῶν
1223 1554 1514 1625 βασιλείων
1534 1553 1899 1622 φυλάττουσιν
1920 1566 1938 1581 ο

2084 1557 2172 1600 ata
2193 1547 2305 1603 sint
2335 1547 2467 1612 illis,
2500 1548 2594 1618 Qui
2643 1547 2792 1603 fores
2839 1548 2978 1618 regii
3033 1550 3217 1618 palatii
3261 1551 3645 1623 custodiebant

362 1649 650 1719 προίόντος
681 1646 738 1703 δὲ
765 1646 861 1700 τοῦ
895 1645 1184 1717 βασιλίως,
1214 1644 1266 1697 οἱ
1301 1643 1400 1713 μὲν
1423 1642 1654 1709 τούτων,
1681 1639 1935 1712 ἡγοῦντο·

2084 1640 2188 1694 lum
2229 1655 2360 1695 vero
2393 1657 2489 1695 rex
2525 1640 2790 1710 prodiret,
2820 1641 3017 1696 horum
3051 1641 3215 1712 aliqui
3249 1645 3623 1712 praecedebant

276 1790 279 1793 λ
360 1739 412 1793 οί
449 1737 532 1803 δὲ,
565 1736 927 1809 παρέτρεχον.
994 1736 1191 1791 Ἦνίκα
1215 1736 1274 1789 δὲ
1295 1735 1377 1798 είς
1404 1734 1498 1788 τὸν
1546 1734 1685 1787 νεὼν
1715 1729 1951 1803 παρεγί-

2084 1728 2195 1794 um,
2231 1730 2400 1801 aliqui
2433 1745 2565 1786 vero
2605 1732 2768 1801 juxta
2792 1736 3113 1807 currebant.
3160 1733 3394 1800 Quando
3428 1751 3556 1791 vero
3590 1740 3644 1791 in

361 1847 544 1896 νοντο,
569 1832 830 1900 ἀπήντων
867 1830 918 1884 οί
949 1828 1393 1899 ἀποστρέφοντες
1419 1826 1530 1880 ἀπὸ
1558 1824 1653 1878 τοῦ
1689 1825 1822 1877 ναοῦ
1847 1822 1919 1891 φύ
1936 1851 1950 1864 ο

2084 1823 2315 1891 emplum
2348 1823 2667 1889 veniebant,
2697 1825 3068 1880 occurrebant
3097 1824 3180 1880 eis
3215 1827 3504 1893 custodes,
3551 1832 3644 1898 qui

359 1917 550 1987 λακες,
580 1924 676 1975 καὶ
719 1921 965 1991 ἐδέχοντο
1011 1919 1185 1974 ταῦτα
1235 1919 1367 1988 παρ’
1401 1915 1603 1972 αὐτῶν.
1632 1916 1746 1969 Καὶ
1774 1913 1950 1969 ταῦτα

2115 1914 2320 1981 templo
2350 1915 2723 1980 revertebant,
2753 1923 2810 1971 et
2859 1917 3207 1986 accipiebant
3236 1919 3353 1976 haec
3385 1921 3453 1976 ab
3489 1922 3644 1992 ipsis.

360 2014 715 2084 κατέχοντες,
754 2011 861 2084 πρὸ
908 2014 1009 2083 τῆς
1068 2010 1246 2080 πύλης
1302 2010 1625 2077 ἐστήκεισαν
1659 2004 1756 2059 τοῦ
1793 2004 1949 2064 ναοῦ,

2088 2000 2397 2056 thabentes
2451 2011 2581 2058 ante
2636 2011 2854 2073 portam
2906 2006 3092 2072 templi
3141 2008 3384 2072 stabant,
3430 2018 3490 2063 ut
3535 2011 3648 2065 haec

367 2100 485 2158 ῖινα
501 2103 571 2156 τὰ
593 2102 693 2173 μὲν
716 2102 857 2156 ὅπλα
889 2100 1051 2174 μείνῃ
1089 2099 1196 2170 πρὸ
1228 2099 1337 2150 τῶν
1368 2097 1573 2168 θυρῶν,
1611 2096 1663 2149 οί
1687 2096 1742 2148 δὲ
1773 2093 1948 2147 ταῦτα

2090 2106 2207 2146 rma
2238 2101 2367 2147 ante
2400 2091 2548 2148 fores
2572 2104 2884 2150 manerent.
2905 2096 3009 2162 Qui
3040 2108 3220 2152 autem
3252 2100 3345 2152 illa
3381 2100 3645 2163 ferebam,

304 2226 309 2231 -
357 2193 708 2264 κομίζοντες,
731 2192 834 2245 σὺν
849 2191 930 2263 τῷ
952 2189 1171 2262 βασιλεῖ
1187 2188 1279 2242 τὸν
1309 2188 1441 2241 Θεὸν
1474 2186 1950 2258 προσκυνήσωσιν.

2084 2195 2184 2234 um
2208 2195 2338 2251 rege
2372 2183 2544 2237 Deum
2620 2184 2958 2240 adorabant.
3007 2186 3301 2244 Probabile
3346 2193 3508 2246 etiam
3564 2201 3649 2246 est

357 2284 527 2347 Εἰκὸς
546 2283 602 2336 δὲ
638 2285 733 2339 καὶ
759 2279 907 2337 οἷκον
945 2281 1282 2351 γεγενῆσθαι
1314 2279 1422 2351 πρὸ
1449 2279 1558 2331 τῶν
1594 2276 1796 2347 θυρῶν,
1841 2274 1953 2328 ὧσ-

2084 2268 2283 2323 lomum
2311 2280 2441 2326 ante
2479 2270 2630 2328 fores
2667 2273 2863 2339 fuisse,
2896 2286 2957 2331 ut
2999 2290 3151 2331 arma
3182 2278 3446 2348 ferentes,
3492 2297 3647 2336 arma

357 2394 415 2431 τε
448 2376 585 2439 τοὺς
615 2375 957 2445 ὁπλοφόρους
986 2375 1104 2426 ἐκεῖ
1122 2372 1193 2433 τὰ
1210 2372 1350 2424 ὅπλα
1374 2366 1790 2423 κατατίθεσθαι.
1816 2405 1830 2419 .
1857 2402 1871 2419 .
1894 2404 1908 2418 .
1935 2405 1949 2419 .

2085 2362 2138 2419 bi
2172 2371 2506 2432 reponerent
2534 2365 2799 2435 ;quitlam
2824 2358 3167 2423 hastatorum
3190 2372 3492 2427 satellitum
3522 2384 3647 2429 ante

358 2466 612 2537 ἐῴκεσαν
646 2503 661 2521 .
699 2506 713 2520 .
747 2504 760 2519 .
793 2465 904 2518 τῶν
931 2464 1253 2535 δορυφόρων
1286 2463 1432 2525 τινὲς
1467 2457 1953 2531 προλαμϐάνοντες

2084 2453 2318 2516 ιτεὸοηι,
2351 2462 2405 2509 et
2422 2462 2552 2511 ante
2576 2456 2839 2526 templum
2873 2459 3173 2521 adventum
3200 2462 3343 2536 regis
3363 2465 3646 2535 praestola-

364 2558 723 2628 προσκυνεῖν,
773 2559 870 2609 καὶ
904 2553 1225 2624 περιμένειν
1279 2552 1387 2622 πρὸ
1415 2549 1510 2603 τοῦ
1544 2548 1670 2612 νεὼ,
1710 2559 1957 2617 παρατη-

2084 2556 2290 2604 iantur.
2352 2548 2457 2614 Qui
2506 2549 2673 2604 etiam
2721 2550 3121 2610 deducentibus
3195 2568 3379 2626 regem
3450 2570 3647 2613 occur-

358 2650 591 2717 ροῦντες
622 2650 721 2719 τὴν
746 2648 935 2717 ἄφιξιν
981 2646 1074 2700 τοῦ
1127 2644 1416 2714 βασιλέως.
1453 2641 1517 2696 Οἳ
1542 2641 1638 2694 καὶ
1676 2641 1787 2702 τοῖς
1826 2656 1959 2709 προ-

2084 2649 2278 2706 'entes,
2314 2648 2371 2696 et
2396 2656 2593 2697 manus
2629 2643 2964 2713 injicientes,
3003 2661 3156 2701 arma
3196 2649 3277 2703 eis
3316 2649 3646 2719 eripiebant.

354 2742 677 2814 πέμπουσιν
713 2741 875 2794 αὑτὸν
910 2728 1394 2810 προαπαντῶντες,
1420 2733 1514 2787 καὶ
1542 2735 1732 2805 χεῖρας
1761 2728 2124 2797 ἐπιτιθέντες,
2152 2731 2474 2804 ἀφώπλιζον
2516 2733 2737 2801 αὐτοὺς,
2794 2735 2869 2800 ὡς
2935 2739 3305 2803 συνεισιόντας
3354 2741 3434 2812 τῷ
3496 2740 3649 2812 βασι-

354 2835 460 2908 λεῖ,
494 2837 592 2891 καὶ
622 2836 947 2891 ἀπετίθεντο
987 2835 1152 2905 μέχρι
1181 2833 1347 2887 πάλιν
1379 2832 1535 2898 ἐξίοι.

959 2927 1212 2981 ΚΕΦΑΛ.
1248 2923 1350 2980 IE'.

434 3019 568 3073 ⁷οη
587 3019 669 3085 τῷ
695 3018 875 3072 Δαϐίδ
891 3017 1152 3072 δέδωκεν
1172 3014 1333 3081 αὐτῷ
1353 3016 1568 3084 Κύριος
1582 3015 1951 3083 κατάλειμμᾱ

354 3114 431 3167 ’ἐν
476 3108 893 3180 Ἰερουσαλήμ.
960 3109 1153 3161 Αἰτίαν
1210 3106 1504 3172 ἀπέδωκε,
1554 3105 1621 3159 δι’
1668 3106 1736 3176 ἢν
1801 3103 1956 3167 ὅντες

358 3201 586 3264 ἀσεϐεῖς
615 3199 999 3263 ἐϐασίλευσαν,
1038 3198 1114 3260 ὡς
1149 3198 1218 3251 ἂν
1250 3196 1343 3251 διὰ
1372 3198 1464 3250 τὸν
1494 3196 1762 3267 πρόγονον
1805 3195 1961 3263 διαρη

360 3294 653 3356 κέσαντες.
683 3291 791 3347 Τοῦ
818 3293 1003 3362 μέντοι
1045 3288 1202 3344 Ἀϐία
1247 3288 1317 3346 τὰ
1372 3287 1588 3359 πρῶτα,
1623 3288 1734 3341 τῶν
1778 3288 1965 3355 Παρα-
1998 3350 1999 3353 η

362 3385 708 3456 λειπομένων
748 3384 783 3453 ἠ
819 3382 1001 3451 βίϐλος
1051 3379 1286 3450 ἐπῄνεσε
1317 3394 1330 3408 '
1367 3377 1480 3431 τῶν
1522 3376 1580 3429 δὲ
1619 3375 1966 3442 τελευταίων,

361 3477 682 3548 συμφώνως
726 3476 838 3538 τοῖς
870 3472 966 3526 νῦν
1013 3470 1415 3542 κατηγόρησεν.

439 3653 527 3709 Τὰ
555 3653 624 3707 δὲ
653 3650 870 3721 ὑψηλὰ
893 3651 1006 3704 οὐκ
1027 3644 1267 3716 ἐξῆρεν.
1300 3642 1384 3698 Τὰ
1401 3642 1477 3714 τῷ
1491 3641 1612 3714 Θεῷ
1643 3642 1701 3694 ἐν
1734 3640 1964 3726 ύψηλοῖς

361 3747 711 3816 ἀνακείμενα
742 3742 1128 3813 θυσιαστήρια.

436 3840 625 3908 Δεῦρο
649 3879 664 3903 ,
701 3834 1113 3890 διασκέδασον
1144 3830 1261 3898 τὴν
1292 3824 1590 3897 διαθήκην
1611 3837 1752 3879 σου.
1774 3825 1963 3878 Κατα-

360 3930 545 3988 λιπὼν
602 3929 695 3982 τὸν
724 3928 878 3993 Θεὸν,
914 3925 1012 3996 τὴν
1038 3923 1148 3976 τῶν
1187 3921 1375 3992 Σύρων
1403 3917 1693 3990 ἠσπάσατο
1736 3930 1963 3985 συμμα-

413 4023 502 4076 ίαν
513 4058 526 4075 .

368 4042 978 4179 rigavimus-maca
1025 4106 1091 4160 τὸ
1113 4086 1385 4171 xeiran
1404 4100 1663 4155 ἐνώπιον
1703 4094 1957 4165 Κυρίου.

363 4202 718 4274 Σαφέστερον
742 4203 800 4254 ἐν
823 4196 1358 4269 Παραλειπομέναις.
1400 4194 1488 4246 Ἐν
1521 4191 1632 4262 γὰρ
1675 4191 1744 4260 τῇ
1778 4190 1963 4261 ἀρρω-

366 4293 523 4364 στίᾳ,
549 4291 736 4361 φησίν·
781 4308 800 4342 ‹
822 4287 998 4342 Αὐτοῦ
1030 4287 1133 4340 οὐκ
1163 4285 1394 4355 ἐζήτησε
1422 4282 1512 4336 τὸν
1543 4280 1779 4347 Κύριον.
1799 4279 1962 4332 Ἀλλὰ

363 4386 501 4450 τοὺς
538 4383 775 4455 ἰατρούς.
808 4401 826 4433 ι
860 4381 971 4435 Καὶ
1000 4380 1127 4442 τοὺς
1155 4377 1393 4447 ἐπῳδαῖς
1449 4374 1545 4428 καὶ
1598 4371 1962 4443 μαγγανείαις

368 4477 755 4549 κεχρημένους
797 4472 942 4527 οὕτω
1002 4470 1181 4525 καλεῖ.
1225 4470 1294 4522 Ἢ
1323 4466 1494 4522 ὅτιτὸ
1526 4468 1632 4519 πᾶν
1667 4464 1958 4517 ἐπίστευσε

365 4576 487 4632 τοῖς
550 4571 777 4640 ἰατροῖς,
813 4566 910 4637 τὴν
965 4567 1047 4627 εἰς
1094 4562 1228 4617 Θεὸν
1262 4562 1364 4614 οὐκ
1397 4560 1537 4630 ἔχων
1563 4558 1753 4612 ἐλπίδα
1783 4556 1955 4626 δηλοῖ.

2696 2917 2848 2978 CAP.
2885 2917 3006 2979 ΧΥ.

2131 3004 2300 3068 Vsus.
2327 3016 2381 3068 4.
2434 3013 2574 3080 Quia
2608 3026 2825 3084 propter
2856 3016 3024 3071 David
3049 3017 3190 3071 dedit
3211 3018 3260 3073 ei
3277 3017 3536 3075 Dominus
3565 3037 3650 3076 rc—

2065 3104 2258 3173 liquias
2285 3106 2341 3158 in
2365 3104 2690 3160 Jerusalem.
2713 3105 2948 3162 Causam
2967 3094 3228 3175 ostendit,
3246 3120 3469 3180 prepler
3489 3129 3652 3183 quam

2068 3197 2234 3249 etiam
2254 3196 2404 3266 impii
2426 3212 2583 3268 reges
2619 3213 2852 3267 regnum
2884 3198 3268 3266 obtinuerunt,
3301 3213 3526 3273 pr0pter
3557 3221 3655 3276 pa-

2073 3294 2234 3348 trem,
2261 3296 2315 3341 et
2352 3291 2822 3356 pra-decessore!!!
2865 3292 3262 3360 pertlurarunt.
3310 3291 3533 3363 Initium
3565 3312 3655 3351 rc-

2075 3376 2171 3447 gni
2227 3374 2381 3431 Abiae
2447 3377 2585 3432 liber
2625 3376 3088 3450 Paralipomenon
3142 3381 3492 3451 celebravit;
3530 3386 3656 3443 ﬁnis

2071 3468 2376 3531 similiter,
2440 3469 2905 3539 quemadmodum
2951 3473 3070 3533 ‘hoc
3142 3472 3266 3527 loco
3297 3513 3311 3537 ,
3367 3476 3653 3546 vitupera-

2068 3562 2126 3610 ιιι
2136 3571 2184 3610 r.

2139 3645 2306 3699 Vens.
2348 3645 2435 3700 Η.
2472 3646 2700 3702 Excelsa
2755 3658 2933 3704 autem
2984 3666 3087 3705 non
3131 3653 3385 3709 sustulit.
3440 3657 3647 3712 Altaria

2068 3735 2124 3788 in
2160 3738 2400 3792 excelsis
2425 3746 2777 3793 constructa.

2140 3824 2309 3883 Vsus.
2341 3828 2431 3884 l9.
2460 3829 2591 3898 Age,
2625 3829 2832 3899 dissipa
2890 3835 3186 3902 pactionem
3218 3844 3387 3892 tuam.
3437 3841 3653 3897 Relicto

2069 3915 2201 3982 Deo,
2221 3919 2540 3975 societatem
2564 3921 2818 3977 bellicam
2843 3923 3108 3995 Syrorum
3144 3929 3343 3998 cupide
3365 3934 3653 4002 amplexus

2063 4015 2171 4064 est.
3637 4015 3645 4020 ”

2140 4099 2291 4155 Fecit
2312 4103 2426 4157 Asa
2459 4105 2658 4159 malum
2686 4123 2865 4162 coram
2909 4109 3041 4165 Deo.
3077 4109 3134 4167 Id
3163 4113 3381 4182 planius
3425 4117 3479 4172 in
3513 4116 3653 4173 libro

2066 4194 2531 4266 Paralipomenon
2561 4200 2813 4255 habetur.
2852 4201 2985 4257 Nam
3012 4205 3065 4259 in
3089 4208 3283 4262 morbo
3315 4225 3440 4276 suo,
3490 4212 3649 4275 dicit.

2044 4287 2219 4344 .cNon
2256 4292 2513 4358 quaesivit
2532 4291 2847 4358 Dominum,
2874 4296 2968 4350 sed
2990 4298 3232 4354 medicos
3256 4295 3354 4355 “.i
3385 4301 3651 4358 Caeterum
3694 4324 3699 4327 τ

2066 4381 2212 4447 illos,
2249 4383 2342 4452 qui
2374 4384 2808 4442 incantamentis
2849 4396 2906 4443 et
2954 4391 3242 4445 veneﬁciis
3279 4394 3363 4447 usi
3389 4405 3539 4461 sunt,
3573 4399 3653 4452 sic

2063 4470 2325 4540 appellat.
2359 4470 2459 4526 Vel
2487 4474 2751 4539 ostendit,
2772 4476 2919 4544 quod
2944 4492 3005 4532 se
3027 4486 3199 4533 totum
3229 4480 3459 4537 medicis
3495 4499 3655 4539 com—

2061 4563 2296 4629 miserit,
2323 4578 2425 4619 nec
2458 4579 2611 4635 spem
2643 4566 2696 4620 iu
2727 4566 2838 4622 Deo
2865 4570 3240 4624 collocaverit.
3262 4570 3393 4626 Nam
3425 4590 3492 4629 ex
3545 4576 3652 4631 Deo

378 4664 481 4718 Ἐκ
513 4659 653 4715 Θεοῦ
684 4660 793 4730 γὰρ
843 4658 941 4711 καὶ
968 4656 1178 4727 τέχναι,
1225 4655 1321 4706 καί
1376 4652 1619 4722 βοτάναι.
1659 4651 1768 4703 Καὶ
1819 4650 1958 4720 μετὰ

2084 4665 2198 4710 sunt
2227 4663 2375 4711 artes
2426 4666 2480 4711 et
2508 4657 2739 4725 herbae;
2785 4667 2862 4722 et,
2923 4660 2970 4714 si
3012 4660 3116 4717 lide
3159 4662 3213 4717 in
3248 4664 3427 4734 ipsum
3472 4668 3652 4738 appli-

362 4758 471 4828 τῆς
524 4755 607 4817 είς
651 4753 815 4808 αὐτὸν
875 4751 1116 4814 πίστεως
1165 4747 1341 4803 ταῦτα
1392 4744 1536 4799 καλὰ
1576 4740 1964 4811 ὑπουργοῦντα

364 4850 487 4912 τοῖς
550 4847 918 4917 προσῇκουσιν
960 4840 1109 4913 αὐτῷ
1138 4858 1153 4872 ·
1218 4839 1390 4910 χωρὶς
1438 4836 1497 4889 δὲ
1539 4833 1782 4905 ταύτης,
1839 4832 1965 4885 ἀνό-

366 4952 539 5007 νητα.

973 5019 1231 5073 ΚΕΦΑΔ.
1258 5020 1376 5084 tq'.

447 5115 561 5172 Kal
587 5104 841 5181 εἰσῆλθε
863 5110 1106 5180 Ζαμΰρὶ,
1136 5108 1235 5164 καί
1256 5105 1557 5170 ἐπάταξεν
1584 5102 1793 5159 αὐτόν.
1822 5103 1962 5170 Τοὺς

373 5201 656 5271 πονηροὺς
690 5199 798 5268 γὰρ
822 5198 888 5251 δι’
906 5198 1155 5267 ἀλλήλων
1182 5198 1211 5249 ὁ
1239 5190 1517 5264 Δεσπότης
1547 5191 1768 5256 κολάζει
1803 5192 1960 5260 Θεὸς,

373 5292 473 5345 καὶ
498 5290 578 5361 τῷ
617 5290 966 5360 πονηροτέρῳ
997 5289 1089 5349 τὸν
1123 5286 1364 5359 πονηρὸν
1424 5282 1814 5356 παραδίδωσιν,
1851 5277 1962 5338 οἷόν

373 5399 486 5436 τισι
514 5380 730 5451 δημίοις
757 5379 1094 5449 κεχρημένος
1110 5380 1315 5442 αὐτοῖς.
1512 5440 1519 5448 ν
1627 5361 1640 5371 ’

454 5471 568 5527 Τοῦ
591 5471 811 5540 Κυρίου
834 5471 940 5525 τοῦ
969 5467 1146 5539 ὄρους
1164 5469 1460 5539 Σομόρων.
1494 5464 1626 5520 ’Δπὸ
1648 5464 1741 5518 τοῦ
1775 5463 1961 5537 Σεμὴρ

374 5562 438 5616 τὸ
472 5562 603 5633 δρὸς
634 5561 838 5633 ἐκλήθη
875 5562 1153 5633 Σομόρων.
1174 5560 1307 5616 Ἀπὸ
1330 5560 1385 5613 δὲ
1403 5559 1497 5612 τοῦ
1532 5558 1772 5629 δρους,ἠ
1806 5556 1961 5621 πόλις

412 5741 531 5795 “II
569 5741 744 5797 Paral.
789 5757 897 5807 xw,
936 5741 1022 5796 1‘2.

2070 4750 2287 4808 centur,
2314 4744 2381 4798 ad
2404 4744 2610 4799 bonum
2645 4746 2960 4802 inserviunt
2985 4749 3112 4819 illisl
3143 4751 3238 4822 qui
3273 4755 3439 4810 amici
3475 4757 3651 4827 ipsius

2071 4845 2202 4891 sunt
2245 4856 2260 4904 ;
2311 4840 2519 4908 absque
2570 4838 2660 4893 illa
2715 4839 2822 4895 ﬁde
2860 4842 3087 4899 inutiles
3131 4855 3261 4900 sunt
3310 4858 3363 4902 et
3395 4866 3655 4920 superva-

2072 4941 2278 4983 canem.

2671 5026 2827 5084 CAP.
2864 5024 3003 5085 XVI.

2143 5109 2313 5168 Vsus.
2341 5112 2717 5188 lOJttgressus
2736 5130 2817 5175 est
2843 5120 3080 5186 Sambri,
3112 5133 3160 5177 et
3191 5126 3454 5193 percussit
3509 5144 3651 5186 eum.

2077 5204 2167 5258 Ad.
2193 5207 2370 5263 malos
2412 5210 2558 5262 enim
2610 5204 2920 5280 puniendos
2965 5202 3127 5272 malis
3156 5218 3331 5271 utitur
3364 5217 3651 5285 Dominus.

2069 5302 2117 5349 et
2148 5296 2350 5351 malum
2384 5299 2553 5368 pejori
2585 5303 2786 5368 tradit,
2829 5315 2883 5359 et
2913 5307 3081 5362 veluti
3135 5310 3495 5367 eartiilicibus
3542 5314 3668 5384 qui-

2061 5384 2292 5441 busdam
2321 5389 2455 5457 ipsis
2485 5391 2680 5446 utitur.

2129 5471 2289 5542 535
2326 5473 2539 5530 Domini
2590 5483 2783 5536 montis
2844 5482 3127 5543 Somoron.
3166 5488 3209 5543 Δ
3261 5490 3451 5548 Semer
3500 5509 3658 5550 mons

2056 5560 2330 5618 Somoron
2372 5569 2677 5636 appellatus
2709 5583 2814 5627 est.
2848 5576 2891 5629 Α
2936 5586 3122 5634 monte
3185 5594 3315 5636 vero
3367 5583 3498 5639 urbs
3558 5583 3665 5641 Sa-
