3992 6438
282 353 414 415 1167

1568 351 1922 416 PROCOPII
1960 352 2206 416 ϐΑΖίΕῙ

3390 352 3541 418 1163

274 467 473 531 maria,
498 480 619 537 quae
642 482 790 521 nunc
824 466 1053 523 Sebaste
1100 465 1428 538 appellatur,
1449 466 1504 521 in
1527 481 1636 537 qua
1665 466 1853 522 decem

1974 467 2335 542 Βαμάρεια,ή
2394 469 2491 524 νῦν
2532 470 2782 541 Σεϐάστη
2849 468 3389 541 προσαγορευομένη.
3446 467 3542 520 Ἐν

242 590 245 597 ν
274 560 519 616 tribuum
554 560 705 628 regia
736 568 889 627 erat;
933 574 1056 614 cum
1081 569 1262 613 autem
1307 558 1411 628 ipsi
1434 559 1490 612 in
1524 559 1849 614 servitutem

275 652 492 722 abrepti
523 658 737 716 essent,
768 661 822 706 et
860 660 1010 706 terra
1057 650 1148 705 illa
1187 657 1334 705 esset
1395 656 1633 713 vastata,
1692 662 1850 718 reges

275 742 626 814 Assyriorum
658 745 796 799 alios
833 743 1043 797 incolas
1104 743 1156 796 in
1214 742 1314 798 has
1356 748 1542 812 partes
1588 739 1853 793 traduxe-

274 841 405 888 runt
438 850 577 905 quos
610 850 639 889 a
671 834 916 890 Samaria
956 834 1342 890 Samaritauos
1378 833 1665 888 vocabant.

346 1012 513 1068 Vens.
538 1014 625 1068 M.
651 1011 716 1068 In
751 1007 882 1069 libro
910 1015 1185 1070 verborum
1221 1014 1424 1070 dierum
1451 1029 1628 1085 regum
1658 1012 1851 1069 Israel.

276 1106 528 1164 Praesens
575 1108 903 1176 historicus,
945 1118 996 1164 et
1028 1110 1121 1179 qui
1174 1110 1345 1165 libros
1389 1107 1854 1179 Paralipomenon

275 1198 629 1269 conscripsit,
684 1215 752 1255 ex
796 1200 909 1256 illis
966 1200 1129 1255 libris
1177 1199 1455 1256 scribendi
1502 1198 1854 1254 occasionem

276 1286 589 1343 habuerunt
619 1306 636 1356 ;
667 1290 856 1345 omnia
886 1290 1036 1345 enim
1066 1290 1569 1359 consignabantur.

348 1379 416 1434 Et
458 1391 649 1449 pactus
700 1392 777 1437 est
827 1381 1113 1450 Iosophat.
1183 1380 1472 1434 Contraxit
1534 1378 1855 1435 aﬂinitatem

275 1470 562 1541 Josaphat,
608 1471 1074 1542 quemadmodum
1126 1471 1182 1526 in
1223 1471 1360 1525 libro
1399 1469 1855 1539 Paralipomenon

278 1569 478 1615 exstat.
1240 1580 1243 1583 ‘

344 1651 514 1708 Vens.
568 1655 658 1709 52.
718 1653 965 1709 Serviunt
1009 1655 1166 1709 Baal.
1201 1653 1495 1726 Tyriorum
1552 1654 1657 1709 iSte
1712 1651 1857 1706 Deus

277 1745 400 1811 fuit,
439 1754 501 1800 ut
542 1745 679 1800 dicit
729 1745 1052 1817 Iosephus;
1091 1748 1313 1801 Astarte
1355 1753 1536 1799 autem
1592 1741 1854 1797 Sidonio-

277 1856 423 1895 rum.
480 1839 621 1896 Huic
682 1805 1043 1897 etiamducos
1105 1842 1451 1911 plantarunt.
1502 1838 1597 1894 Est
1667 1838 1850 1894 aulein
1887 1805 1931 1860 Β

277 1931 497 1985 Astarte
552 1931 766 1997 eadem,
807 1944 930 2000 quae
972 1927 1115 1999 apud
1154 1928 1376 1984 Graecos
1401 1928 1604 1984 Venus.

929 2017 1083 2073 CAP.
1117 2018 1277 2074 XVII.

350 2109 516 2167 Vens.
549 2110 601 2164 i.
634 2109 736 2166 Cui
764 2110 915 2165 auiti
954 2126 1138 2165 coram
1165 2127 1224 2165 eo
1252 2091 1431 2165 hodie.
1465 2110 1588 2165 Non
1626 2110 1856 2165 metitur

280 2210 495 2272 tempus
543 2217 810 2272 prmsens,
862 2204 959 2258 sed
1016 2203 1177 2273 quasi
1218 2203 1467 2273 quotidie
1513 2203 1858 2259 constituens

194 2294 197 2295 ⁷
278 2295 516 2361 initium,
559 2294 711 2352 dedit
744 2311 970 2367 operam
1003 2305 1065 2351 ut
1100 2296 1209 2350 Deo
1264 2298 1525 2366 placeret,
1562 2304 1639 2359 et,
1677 2304 1737 2349 ut
1777 2295 1855 2349 illi

279 2386 525 2457 seipsum
558 2390 823 2442 mundum
865 2376 1035 2443 corde
1054 2387 1349 2457 praeberet,
1376 2393 1431 2442 et
1453 2394 1767 2456 promptum
1787 2383 1856 2438 ad

280 2478 645 2534 obediendum
683 2479 949 2534 voluntati
986 2481 1184 2550 ipsius.

352 2568 479 2624 Nisi
507 2586 600 2639 per
628 2586 685 2625 os
714 2554 972 2625 sermonis
996 2572 1118 2635 mei,
1151 2578 1259 2625 etc.
1287 2570 1391 2637 Qui
1423 2570 1605 2624 omnia
1630 2568 1854 2630 audent,

278 2662 429 2716 illam
478 2677 670 2718 vocem
705 2662 842 2717 Eliae
897 2661 1166 2717 audacem
1213 2671 1269 2716 et
1324 2662 1676 2717 temerariam
1731 2676 1858 2717 esse

281 2754 565 2809 dixerunt.
582 2753 859 2826 Pr0pheta
876 2754 1023 2810 enim
1047 2765 1188 2819 erat,
1206 2763 1260 2810 et
1281 2770 1531 2810 summus
1561 2756 1706 2808 inter
1732 2768 1858 2823 pro-

282 2850 498 2917 phetas,
521 2856 573 2904 et
597 2849 787 2906 divino
805 2849 923 2905 zelo
960 2863 1255 2906 accensus.
1284 2852 1461 2924 Atque
1481 2852 1598 2903 haec
1616 2849 1856 2918 impulsu

254 2939 529 3009 .Spiritus
566 2939 744 2995 sancti
788 2939 1041 3010 protulit,
1080 2942 1226 3017 unde
1259 2955 1421 2995 suum
1473 2940 1642 2995 etiam
1690 2955 1859 2995 even-

287 3037 404 3082 tum
434 3028 775 3085 habuerunt.

1955 555 2100 633 ᾗπερ
2135 556 2204 632 ἦν
2227 561 2335 615 τῶν
2389 561 2522 614 δέκα
2554 561 2738 631 φυλῶν
2768 560 2835 614 τὰ
2864 559 3129 631 βασίλεια.
3173 558 3541 629 Ἐξανδραπο-

1952 654 2237 708 δισθεισῶν
2262 654 2317 707 δέ
2345 652 2577 721 τούτων,
2618 652 2715 707 καὶ
2758 653 2858 723 τῆς
2908 654 3011 721 γῆς
3051 650 3268 721 ἐκείνης
3324 650 3538 720 ἐρήμου

1952 746 2353 817 γεγενημένης,
2389 747 2439 800 οί
2468 746 2578 800 τῶν
2626 742 2931 813 ’Δσσυρίων
2989 741 3231 813 βασιλεῖς
3276 740 3537 803 ἐποίκους

1954 838 2032 900 είς
2061 837 2265 901 ταύτας
2290 836 2626 908 ἐξέπεμψαν,
2651 834 2745 899 οὓς
2775 836 2840 888 ἐκ
2866 835 2967 904 τῆς
2993 831 3311 903 Σαμαρείας
3343 830 3538 902 Σαμα-

1956 926 2143 1000 ρείτας
2179 926 2492 997 ὠνόμασαν.
3460 942 3469 950 ·

2028 1019 2160 1097 Ἐπί
2175 1020 2422 1085 βιϐλίου
2443 1020 2644 1088 ,λόγων
2659 1014 2778 1070 τῶν
2810 1013 3052 1085 ἡμερῶν
3077 1013 3198 1069 τῶν
3220 1011 3542 1077 ,βασιλέων
3646 1042 3651 1045 Α

1968 1112 2237 1181 Ἰσραήλ.
2288 1110 2389 1164 Ἐκ
2416 1108 2525 1163 τῶν
2549 1108 2828 1171 τοιούτων,
2863 1107 2960 1161 καὶ
2987 1107 3016 1159 ὁ
3040 1103 3234 1175 παρὼν
3288 1120 3540 1174 συγγρα-

1955 1205 2112 1276 φεὺς,
2149 1204 2247 1259 καὶ
2274 1205 2303 1258 ὁ
2328 1204 2439 1257 τῶν
2463 1200 2987 1273 Παραλειπομένων,
3029 1198 3190 1271 ἔσχον
3216 1198 3325 1261 τὰς
3356 1199 3538 1268 ἀφορ-

1959 1298 2068 1369 μάς
2088 1311 2104 1329 ο
2126 1296 2305 1351 πάντα
2329 1294 2441 1364 γὰρ
2468 1292 2860 1363 συνεγράφετο.

2026 1390 2137 1445 Καὶ
2190 1388 2482 1467 συνέθετο
2541 1383 2851 1454 Ἰωσαφάτ.
2903 1380 3255 1454 Ἦσπάσατο-
3297 1378 3538 1434 τοῦἏ-

1957 1481 2103 1554 χαὰὃ
2134 1480 2234 1553 τὴν
2290 1478 2635 1548 συγγένειαν,
2666 1476 2743 1541 ὡς
2768 1477 2828 1530 ἐν
2878 1473 3394 1546 Παραλειπομέναις
3421 1489 3533 1542 φη-

1958 1575 2065 1630 σίν.
2851 1590 2861 1600 ·

1990 1670 1997 1676 ’
2025 1666 2134 1721 Kal
2165 1665 2497 1720 ἐδούλευσε
2517 1661 2596 1728 τῷ
2616 1660 2804 1715 Βαάλ.
2827 1656 3040 1730 Τυρίων
3078 1648 3235 1721 οὗτος
3279 1655 3419 1720 θεὸς,
3458 1653 3538 1721 ὣς

1958 1753 2114 1811 εἴπεν
2156 1756 2495 1826 Ἰώσηππος⁸
2532 1756 2565 1823 ἡ
2601 1753 2659 1806 δὲ
2679 1751 2951 1821 Ἀστάρτη
2972 1787 2989 1814 ,
3021 1748 3288 1801 Σιδωνίων
3315 1763 3330 1779 ⁸
3362 1746 3533 1818 ταύτῃ

1960 1848 2052 1901 καὶ⁵
2081 1846 2150 1898 τὰ
2183 1845 2323 1915 ἄλση
2358 1841 2727 1897 συνετίθεσαν.
2759 1837 3035 1907 Ἀστάρτη
3067 1834 3123 1888 δέ
3149 1836 3297 1889 ἐστιν
3347 1834 3383 1905 ἡ
3405 1830 3536 1903 παρ’

1958 1938 2219 2007 Ἕλλησιν
2253 1936 2564 2007 Ἀφροδίτη.

2551 2028 2805 2083 ΚΕΦΑΛ.
2836 2027 2936 2083 IZ'.

2027 2118 2103 2194 ᾯ
2124 2121 2474 2191 παρέστηκα
2493 2119 2752 2174 ἐνώπιον
2787 2119 2976 2175 αὑτοῦ
3009 2117 3298 2188 σήμερον.
3335 2116 3411 2170 Οὐ
3436 2131 3536 2186 μευ

1957 2217 2076 2288 τρεῖ
2097 2216 2189 2268 τὶν
2216 2213 2478 2285 παρόντα,
2512 2211 2629 2275 ἀλλ’
2647 2212 2722 2275 ὡς
2748 2212 2836 2265 ἀεὶ
2863 2210 3136 2265 καταὸαλλ
3148 2210 3341 2280 όμενος
3362 2208 3537 2278 ἀρχὴν

1958 2306 2081 2361 καθ’
2114 2305 2333 2374 ἡμέραν
2386 2301 2718 2355 ἐσπούδασεν
2772 2301 3086 2372 εὐαρεστεῖν
3115 2298 3192 2369 τῷ
3248 2296 3389 2368 Θεῷ,
3444 2294 3541 2350 καὶ

1960 2396 2234 2468 παριστᾷν
2258 2394 2446 2447 ἑαυτὴν
2476 2392 2742 2462 »καθαρὸν
2760 2390 2859 2459 τὴν
2882 2391 3136 2461 καρδίαν,
3182 2389 3409 2459 ἕτοιμον
3436 2388 3541 2441 ὑπ-

1959 2488 2181 2544 ακούειν
2212 2485 2289 2555 τῷ
2323 2485 2623 2555 βουλήματι
2656 2483 2751 2536 τοῦ
2775 2482 2932 2536 Θεοῦ.

2027 2580 2174 2636 Ἐὰν
2200 2578 2281 2646 μὴ
2300 2579 2397 2631 διὰ
2419 2578 2607 2645 λόγου
2632 2575 2928 2644 στόματός
2954 2590 3097 2642 μου.
3122 2572 3186 2626 Oi
3217 2572 3395 2624 πάντα
3424 2568 3540 2623 τολο

1963 2673 2191 2746 μῶντες,
2245 2671 2339 2739 τὴν
2371 2668 2552 2747 Ἠλιοῦ
2611 2665 2794 2735 φωνὴν
2823 2663 3101 2735 τολμηρὰν
3165 2664 3533 2733 ἀπεφήναντο.

1961 2766 2251 2837 προφήτης
2276 2762 2385 2834 γὰρ
2414 2758 2504 2834 ἦν,
2527 2760 2622 2813 καὶ
2650 2756 2948 2831 προφητῶν
2966 2757 3175 2826 ἄκρως,
3201 2756 3295 2810 καὶ
3311 2756 3388 2826 τῷ
3408 2753 3537 2827 θείῳ

1963 2855 2410 2926 πυρπολούμενος
2461 2850 2627 2923 ζήλῳ.
2679 2850 2792 2902 Καὶ
2842 2848 3015 2901 ταῦτα
3047 2847 3142 2901 τοῦ
3190 2847 3338 2901 θείου
3369 2844 3535 2898 Πνεύ-

1966 2963 2135 3017 ματος
2183 2942 2536 3013 ἐνεργοῦντος
2584 2941 2829 3013 εἴρηκεν,
2894 2939 3019 2994 ὅθεν
3074 2938 3170 2992 καὶ
3222 2937 3400 3007 πέρας
3430 2934 3539 2989 ἐδέ-

1963 3035 2112 3101 ξατο.

354 3120 525 3174 Vrzus.
563 3122 615 3176 6.
658 3121 722 3176 Et
751 3125 895 3178 corvi
918 3096 1156 3194 ferebant
1186 3127 1233 3179 ei
1268 3141 1456 3195 panes.
1494 3123 1560 3177 Et
1583 3124 1862 3194 quomodo

1976 3096 1991 3101 ⁷
2036 3121 2219 3176 Καὶοὶ
2257 3121 2511 3189 κόρακες
2541 3121 2762 3188 ἔφερον
2823 3120 2984 3185 αὐτῷ
3007 3118 3247 3187 ἄρτους.
3284 3118 3396 3171 Καὶ
3426 3116 3541 3180 πῶς

286 3212 461 3281 legem
504 3226 613 3265 non
648 3220 1038 3284 transgressus
1085 3225 1170 3271 est
1192 3231 1292 3286 per
1331 3230 1488 3269 avem
1520 3214 1861 3268 immundam

1974 3210 2026 3264 ού
2062 3210 2365 3281 παρενόμει
2394 3209 2462 3261 δι’
2493 3210 2804 3279 ἀκαθάρτου
2824 3208 2966 3271 ζώου
2997 3209 3366 3279 τρεφόμενος;
3400 3207 3541 3260 Ὀτι-

288 3301 577 3356 nutritus?
615 3302 753 3367 Quia
804 3304 921 3373 ipse
969 3305 1255 3374 legislator
1301 3318 1400 3375 per
1432 3318 1634 3359 corvos
1675 3304 1861 3358 cibum

289 3391 394 3460 ipsi
427 3392 638 3457 attulit,
675 3393 1146 3462 quemadmodum
1179 3395 1273 3449 ille
1303 3394 1594 3464 pollicitus
1625 3401 1732 3459 est,
1766 3394 1862 3463 qui

288 3484 448 3538 docet
484 3482 658 3555 legem
689 3493 915 3553 propter
947 3484 1264 3541 Iudaeorum
1297 3486 1677 3541 inﬁrmitatem
1710 3487 1863 3555 posi-

284 3582 401 3629 tam
433 3590 576 3631 esse.
611 3574 795 3642 Quare
834 3577 953 3647 ipse
984 3579 1281 3647 aliquando
1312 3589 1506 3632 contra
1561 3578 1734 3650 legem
1775 3579 1863 3631 l'a-

287 3681 416 3721 cere
470 3667 752 3738 praecepit.
791 3667 971 3723 Veluti
1018 3669 1072 3723 in
1119 3669 1410 3724 obsidione
1441 3668 1684 3732 Jericbo,
1741 3685 1866 3739 quae

290 3756 539 3814 Sabbato
568 3760 712 3815 facta
758 3768 866 3823 est,
899 3768 954 3814 et
988 3776 1138 3815 nunc
1166 3777 1263 3830 per
1289 3776 1488 3816 corvos
1528 3761 1703 3816 Eliam
1733 3778 1861 3835 pas-

288 3862 464 3914 cens;
497 3848 796 3918 aliquando
819 3864 951 3903 vero
970 3849 1118 3914 illos,
1155 3853 1250 3919 qui
1294 3850 1677 3919 hujuscemodi
1725 3868 1866 3922 prsc-

288 3951 451 4008 cepta
483 3940 816 4010 transgressi
853 3949 1006 4006 sunt,
1039 3957 1149 3996 non
1201 3942 1574 4010 reprehendit.
1626 3944 1863 3999 Samson

286 4031 434 4085 enim
487 4039 716 4101 propter
773 4032 1096 4085 ebrietatem
1158 4042 1213 4085 et
1260 4032 1612 4088 immodicam
1675 4036 1864 4091 libidi-

288 4134 415 4175 nem
450 4123 703 4190 privatus
732 4128 817 4176 est
857 4123 1034 4187 gratia
1074 4120 1171 4177 Dei
1207 4141 1224 4189 ;
1285 4122 1403 4185 sed,
1437 4138 1564 4177 eum
1612 4140 1678 4180 ex
1710 4142 1864 4181 mor-

288 4221 388 4266 tuo
444 4213 601 4266 leone
647 4213 751 4266 mel
792 4212 1046 4269 silvestre
1090 4217 1444 4281 comedisset,
1478 4220 1865 4287 reprehensio-

289 4318 414 4357 nem
459 4317 565 4355 non
622 4300 883 4367 incurrit,
930 4312 984 4357 et
1037 4305 1362 4362 accedentes
1418 4307 1483 4360 ad
1536 4319 1761 4366 sanctos
1810 4311 1867 4365 in

290 4397 494 4449 luetain
512 4395 813 4462 daemones,
832 4395 1493 4469 inlelligibilisalintonize
1513 4415 1682 4456 causa
1708 4403 1865 4470 ﬁunt,

1969 3300 2444 3370 περόνομοθέτης
2497 3300 2585 3352 διὰ
2622 3301 2830 3352 τούτων
2889 3300 3039 3369 αὐτῷ
3085 3300 3394 3371 προσέφερε
3444 3298 3541 3369 τὴν

1965 3393 2191 3464 τροφὴν,
2221 3391 2410 3461 ὥσπερ
2436 3392 2727 3460 ὑπέσχετο,
2765 3392 3032 3444 διδάσκων
3056 3390 3130 3455 ὡς
3159 3393 3188 3444 ὁ
3212 3390 3377 3460 νόμος
3406 3389 3541 3460 πρὸς

1964 3484 2064 3554 τὴν
2120 3470 2230 3537 τῶν
2285 3482 2559 3536 Ἰουδαίων
2600 3482 2889 3535 ἀσθένειαν
2926 3481 3105 3535 ἔκειτο
3129 3498 3144 3513 ο
3175 3481 3254 3534 διὸ
3282 3482 3414 3534 ποτὲ
3445 3480 3542 3550 μὲν

1968 3572 2131 3635 αὐτὸς
2186 3572 2503 3642 παραϐῆναι
2562 3565 2952 3640 προσέταττεν,
2984 3570 3059 3633 ὡς
3088 3566 3181 3623 ἐπὶ
3202 3572 3297 3640 τῆς
3323 3574 3383 3625 ἐν
3401 3570 3544 3624 Σαδ-

1966 3666 2114 3736 6ἀτῳ
2138 3664 2451 3736 πολιορκίας
2481 3662 2764 3734 Ἱεριχοῦς,
2796 3664 2888 3716 καὶ
2912 3663 3006 3714 νῦν
3036 3663 3124 3716 διὰ
3152 3664 3402 3733 κοράκων
3422 3664 3545 3732 τρέ-

1966 3776 2082 3828 φων
2103 3757 2290 3810 Ἠλίαν
2310 3772 2325 3787 ·
2394 3756 2523 3809 ποτέ
2546 3756 2602 3808 δὲ
2626 3758 2738 3818 τοῖς
2766 3754 2833 3808 τὰ
2871 3742 3099 3808 τοιαῦτα
3144 3754 3545 3825 παραϐαίνουσι

1971 3852 2045 3922 μὴ
2073 3850 2445 3920 μεμφόμενος.
2512 3847 2751 3917 Σαμψὼν
2805 3848 2913 3918 γὰρ
2955 3848 3043 3900 διὰ
3097 3847 3193 3918 μὲν
3242 3848 3340 3917 τὴν
3375 3848 3544 3918 μέθην

1968 3943 2064 3995 καὶ
2114 3941 2212 4011 τὴν
2242 3941 2495 4009 λαγνείαν
2533 3938 2824 4009 ἐγυμνώθη
2858 3939 2956 4008 τῆς
2988 3940 3224 4009 χάριτος
3264 3938 3452 4008 φαγὼν
3478 3940 3536 3996 δὲ

1969 4034 2030 4087 τὸ
2058 4037 2121 4087 ἐκ
2152 4032 2246 4086 τοῦ
2273 4032 2467 4102 νεκροῦ
2489 4031 2703 4094 λέοντος
2754 4031 2897 4102 μέλι,
2925 4032 3260 4101 κατηγορίας
3286 4032 3386 4084 οὐκ
3422 4032 3547 4085 έτυ-

1968 4145 2080 4198 χεν.
2121 4125 2230 4178 Καὶ
2261 4127 2373 4187 τοῖς
2403 4124 2577 4192 ἁγίοις
2603 4124 2659 4176 δὲ
2695 4120 3012 4193 προσῖόντες
3043 4125 3121 4184 είς
3154 4122 3329 4192 πάλην
3361 4124 3546 4177 οἰδαί-

1972 4235 2155 4290 μονες,
2182 4217 2383 4287 νοητῆς
2400 4215 2611 4287 τροφῆς
2639 4216 2801 4269 αἴτιοι
2839 4214 3101 4283 γίνονται,
3134 4215 3547 4285 στηριζομένοις

1972 4314 2160 4374 αὑτοῖς
2196 4311 2294 4379 τὴν
2344 4309 2591 4379 καρδίαν,
2646 4310 2741 4362 καὶ
2804 4307 3233 4378 γυμναζομένοις
3286 4308 3385 4378 τὴν
3410 4308 3544 4372 ἕξιν.

1971 4398 2072 4458 Ὦν
2103 4406 2252 4457 ἐστιν
2283 4404 2316 4473 ἡ
2346 4402 2542 4472 στερεὰ
2587 4400 2762 4471 τροφὴ
2804 4401 2899 4454 καὶ
2927 4400 3214 4471 ἀθλητική.
3246 4401 3407 4465 "Hm;
3435 4399 3549 4466 ἐξις

291 4487 419 4541 dum
462 4485 567 4557 ipsi
604 4485 773 4541 corde
807 4487 1116 4553 ﬁrmantur,
1162 4494 1218 4542 et
1266 4487 1459 4541 habitu
1493 4499 1863 4563 exercentur;

1974 4496 2104 4566 ἡμῖν
2136 4491 2273 4562 μετὰ
2299 4490 2499 4553 πολλὰς
2533 4491 2835 4557 ἐπιγίνεται
2868 4491 3043 4554 πάλας
3068 4490 3131 4542 τὸ
3161 4491 3406 4545 δειλινόν.

290 4598 526 4651 quorum
569 4590 655 4637 est
690 4582 844 4637 ﬁrma
874 4581 1158 4648 alimonia,
1187 4588 1243 4637 et
1272 4582 1556 4648 athletica,
1589 4586 1682 4656 qui
1719 4588 1939 4648 habitus
1985 4596 2178 4660 postea
2214 4586 2275 4641 ﬁt
2317 4589 2372 4642 in
2414 4586 2579 4641 nobis
2646 4595 2769 4655 post
2839 4588 3020 4643 luctas
3093 4587 3300 4644 multas
3364 4600 3553 4654 pome-

293 4674 515 4728 ridiano
546 4682 813 4743 tempore.

360 4764 528 4823 Vsus.
563 4767 619 4822 9.
651 4765 716 4820 In
742 4766 1039 4835 Sarephtha
1059 4766 1317 4825 Sidoniae.
1349 4769 1415 4825 Et
1444 4786 1618 4841 quare
1651 4774 1716 4829 ad
1740 4776 1872 4832 alie-

295 4860 548 4928 nigenam
581 4858 606 4911 ἲ
640 4857 888 4928 ejusdem
926 4858 1076 4914 enim
1122 4861 1300 4931 culpae.
1354 4863 1518 4917 etiam
1579 4865 1686 4921 boc
1743 4866 1870 4924 fuit.

298 4950 445 5005 Deus
479 4952 625 5006 enim
654 4951 1137 5004 conversationem
1170 4965 1294 5004 cum
1331 4953 1664 5024 alienigenis
1684 4958 1872 5026 prohi-

250 5092 256 5100 .
297 5042 494 5096 buerat
515 5048 741 5110 propter
763 5037 1079 5094 Judaaorutn
1113 5038 1572 5110 imbecillitatem,
1598 5060 1762 5113 quam
1794 5045 1876 5100 eis

235 5146 240 5153 '
297 5134 668 5204 permisisset,
704 5132 751 5187 si
782 5131 924 5187 ﬁrmi
962 5132 1296 5187 exsistentes
1325 5131 1460 5202 ipsis
1489 5135 1751 5203 prodesse
1781 5152 1875 5205 po-

298 5227 559 5289 tuissent,
586 5221 1048 5292 quemadmodum
1075 5222 1225 5276 Elias
1246 5222 1702 5291 propheta.Hane
1730 5228 1875 5280 enim

302 5316 357 5370 in
380 5314 501 5383 lege
561 5312 775 5367 vitandi
823 5312 1145 5367 commercii
1185 5312 1616 5382 alienigenarum
1651 5325 1875 5365 causam

2041 4772 2144 4836 Εἰς
2172 4768 2484 4838 Σαρεςρθὰν
2534 4765 2648 4835 τῆς
2693 4767 3003 4834 Σιδωνίας.
3049 4768 3160 4821 Καὶ
3215 4767 3302 4822 διὰ
3333 4768 3389 4820 τί
3417 4768 3553 4838 πρὸς

1975 4857 2306 4927 ἁλλόφυλονς
2342 4857 2439 4926 τῆς
2470 4857 2642 4925 αὐτῆς
2699 4856 2879 4919 αἰτίας
2912 4859 3007 4910 καὶ
3036 4858 3216 4911 τοῦτο.
3257 4858 3553 4911 Κεκὼλυκε

1974 4949 2083 5019 γὰρ
2131 4947 2242 5018 τὴν,
2282 4946 2418 5018 πρὸς
2479 4945 2813 5014 ἀλλοφύλους
2847 4948 3153 5018 ἐπιμιξίαν,
3209 4948 3297 5002 διὰ
3319 4950 3417 5020 τὴν
3444 4949 3554 5002 τῶν

1989 5042 2261 5096 Ἰουδαίων
2319 5040 2606 5093 ἀσθένειαν
2633 5080 2647 5103 ,
2693 5040 2760 5111 ἢν
2807 5040 2872 5094 ἂν
2922 5042 3240 5113 ἐπέτρεψεν,
3277 5043 3326 5094 εί
3353 5042 3556 5112 ἐδραίοι

1978 5132 2130 5194 ὄντες
2182 5128 2414 5197 ὠφελεῖν
2442 5131 2683 5194 ἐκείνους
2708 5130 2977 5199 ἠδύναντο
2998 5169 3014 5196 ,
3050 5132 3324 5203 ⁴καθάπερ
3359 5135 3388 5187 ὁ
3418 5151 3554 5204 προσ

1984 5222 2395 5293 φητηςίἮλίας.
2453 5221 2672 5292 Ταύτην
2703 5222 2814 5292 γὰρ
2838 5225 2896 5275 ὲν
2924 5223 3002 5293 τῷ
3029 5224 3179 5295 νόμῳ
3205 5226 3305 5294 τῆς
3333 5225 3557 5295 ἀμιξίας

1983 5315 2163 5367 αἰτίαν
2221 5313 2376 5399 φησί,
2411 5312 2471 5364 τὸ
2505 5312 2580 5383 μὴ
2616 5312 2982 5383 ἐκπορνεῦσαι
3034 5316 3174 5386 πρὸς
3217 5316 3344 5380 τοὺς
3403 5317 3559 5379 θεοὺς

304 5402 485 5469 aifert,
520 5418 590 5457 ne
616 5403 965 5457 fornicentur
995 5416 1121 5456 cum
1184 5402 1292 5457 diis
1329 5402 1594 5472 ipsorum,
1649 5414 1744 5456 aut
1789 5403 1858 5456 ﬁli

1984 5406 2186 5468 αὐτῶν,
2214 5407 2247 5476 ἦ
2283 5407 2409 5469 τοὺς
2447 5406 2597 5467 υἱοὺς
2629 5407 2755 5469 τοὺς
2779 5405 2836 5472 ἐξ
2862 5407 3106 5479 Ἰσραὴλ,
3143 5408 3177 5477 ἢ
3202 5407 3301 5469 τὰς
3335 5407 3562 5475 θυγατέ,

303 5496 475 5553 lsrael
538 5495 621 5549 vel
657 5494 786 5548 ﬁlia:
817 5493 1031 5561 nuptiis
1064 5509 1187 5548 cum
1220 5494 1405 5563 impiis
1445 5496 1749 5549 contraetis
1790 5510 1879 5550 se-

1989 5515 2109 5568 ρας,
2146 5497 2440 5567 γινομένης
2466 5497 2788 5565 ἐπιγαμίας.
2824 5497 2986 5551 Ἀλλὰ
3013 5499 3108 5552 καὶ
3129 5498 3219 5553 διὰ
3245 5498 3352 5552 τῶν
3382 5498 3560 5568 ἔργων

303 5591 602 5645 ducantur.
643 5585 916 5641 Craterum
971 5585 1152 5655 reipsa
1197 5586 1362 5639 etiam
1418 5584 1549 5640 Elite
1587 5586 1863 5640 ostendert

1981 5589 2211 5658 ἠθέλησε
2268 5588 2428 5660 Ἠλίᾳ
2464 5587 2633 5653 δεῖξαι
2683 5589 3080 5662 δαπανωμένην
3129 5590 3227 5659 τὴν
3280 5590 3561 5661 ἀνθρωπό-

305 5682 502 5747 voluit,
534 5697 698 5752 quam
732 5680 934 5750 indiga
990 5680 1062 5733 sit
1113 5695 1296 5735 rerum
1340 5681 1585 5735 omnium
1644 5681 1863 5735 ltuman:

1982 5696 2154 5751 τητα·
2182 5662 2401 5748 πρῶτον
2456 5681 2554 5749 μὲν
2601 5681 2681 5743 είς
2715 5681 3052 5752 χειμάρρουν
3093 5681 3257 5736 αὐτὸν
3304 5680 3555 5748 ἀγαγὼν,

306 5785 529 5843 natura,
557 5776 795 5846 primum
816 5773 1031 5845 quidem
1067 5774 1133 5829 ad
1165 5781 1464 5830 torrentem
1495 5775 1674 5845 ipsum
1709 5772 1880 5829 dedu-

1985 5769 2082 5825 καὶ
2118 5771 2354 5840 ποιήσας
2410 5767 2595 5842 ξηρόνο
2634 5764 2758 5827 εἶτα
2812 5772 2948 5841 πρὸς
2973 5771 3151 5842 χήραν
3184 5771 3314 5841 μιᾶς
3343 5770 3563 5843 ἡμέρας,
