3992 6400
351 425 485 491 1169

1334 425 1869 488 COMMENTARII
1933 425 2016 486 IN
2056 425 2203 485 LIB.
2245 425 2338 486 IIl
2381 425 2673 490 REGUM.

3474 417 3609 484 1170

349 523 578 606 ιχουσαν
651 531 790 602 βίον,
818 531 933 585 ἐστι
965 531 1022 585 δὲ
1040 529 1135 584 καὶ
1183 530 1354 595 τύπος
1373 533 1473 602 τῆς
1503 531 1563 597 ἐξ
1596 531 1765 586 ἐθνῶν
1795 531 1920 584 Ἐκ-

2049 543 2174 594 ens,
2213 535 2269 584 et
2305 531 2599 586 exsiccans
2629 543 2794 596 eum;
2825 525 3024 584 deinde
3052 524 3119 580 ad
3160 523 3381 580 viduam
3440 540 3606 582 unius

349 627 608 696 κλησίας,
672 623 940 694 δεξαμένη
999 623 1207 686 πιστῶς
1261 624 1352 676 τὸν
1389 623 1494 676 ὑπὸ
1563 623 1922 694 Ἰσραηλιτῶν

2049 614 2136 674 Iiei
2155 620 2358 674 victum
2377 621 2692 676 habentem;
2715 619 2814 676 Est
2835 617 3002 674 etiam
3029 624 3191 688 typus
3220 613 3480 671 Ecclesiae
3491 617 3606 670 col-

351 713 697 784 διωκόμενον,
733 713 922 785 ὥσπερ
954 713 1137 784 ἐκείνη
1165 715 1289 778 τοὺς
1315 715 1666 779 ἀποστόλους.

427 983 515 1055 Ζῇ
531 985 748 1055 Κύριος
769 986 802 1040 δ
823 984 968 1052 Θεός
989 999 1127 1040 σου.
1160 978 1303 1054 Εὖγε
1324 983 1425 1054 τῆς
1451 985 1786 1056 πραότητος.
1812 983 1929 1038 Οὔκ

356 1082 734 1152 ἐδυσχέραινεν
757 1081 816 1135 ἐν
834 1079 1124 1145 τοσαύταις
1155 1081 1468 1152 συμφοραῖς
1494 1079 1780 1150 αίτηθείσα
1810 1094 1930 1148 τρο-

358 1173 486 1244 φήν.
513 1171 678 1227 Ἀλλὰ
732 1171 892 1243 μόνον
947 1170 1117 1236 ἔδειξε
1162 1170 1263 1243 τὴν
1293 1171 1531 1241 ἐσχάτην
1579 1169 1796 1232 πενίαν,
1831 1168 1930 1224 καὶ

355 1263 456 1334 τήν
504 1263 841 1332 ἐπαγγελίαν
871 1262 1079 1326 πιστῶς
1131 1260 1398 1332 δεξαμένη
1461 1261 1804 1332 προσήνεγκε
1832 1259 1933 1330 τὴν

356 1355 584 1428 τροφὴν,
619 1357 714 1410 καὶ
741 1355 914 1410 ταῦτα
947 1355 1046 1408 οὐκ
1075 1355 1250 1408 εἰδυῖα
1281 1355 1371 1408 τὸν
1399 1353 1708 1424 ἄνθρωπον.
1741 1351 1931 1406 Ἀλλόο

356 1445 525 1514 φυλος
581 1445 691 1518 γὰρ
719 1441 808 1520 ἦν,
832 1445 1176 1517 προφητικῆς
1217 1443 1499 1515 δυνάμεως
1532 1445 1729 1517 πεῖραν
1759 1443 1818 1498 οὐ
1845 1445 1935 1498 δε-

354 1531 618 1605 δεγμένηο

437 1702 502 1770 Τί
527 1715 658 1786 ἐμοὶ
691 1717 789 1772 καί
807 1717 932 1782 σοι,
953 1717 1226 1788 ἄνθρωπε
1257 1715 1366 1772 τοῦ
1405 1717 1554 1774 Θεοῦ
1575 1684 1606 1782 ;⁴
1665 1715 1940 1786 ’Δφθόνως

2025 714 2182 766 lectae
2215 725 2280 766 ex
2314 713 2594 782 gentibus,
2641 726 2770 768 vera
2821 709 2926 765 ﬁde
2961 709 3116 764 illum
3143 707 3450 778 excipiens,
3501 706 3600 777 qui

2027 801 2481 870 persecutionem
2517 800 2588 858 ab
2631 800 2899 858 lsraelitis
2932 796 3310 862 substinebat,
3345 795 3612 867 quemad-

2028 891 2251 946 modum
2285 891 2378 946 illa
2411 889 2716 959 apostolos.

2103 980 2268 1037 Vens.
2293 981 2385 1036 12.
2422 981 2560 1037 Vivit
2599 981 2862 1036 Dominus
2911 980 3054 1036 Deus
3101 989 3246 1034 tuus.
3308 977 3459 1048 Euge
3493 989 3610 1031 ma.

2031 1085 2154 1142 gnte
2179 1071 2470 1126 bonitatis!
2499 1085 2607 1126 non
2639 1082 2784 1141 aegre
2813 1070 2961 1135 tulit,
2997 1069 3145 1140 quod
3178 1069 3234 1123 in
3260 1067 3431 1123 tantis
3454 1067 3605 1122 cala-

2035 1163 2322 1219 mitatibus
2345 1163 2502 1218 cibus
2525 1163 2594 1218 ab
2621 1163 2736 1233 ipsa
2763 1169 3057 1232 peteretur.
3071 1160 3180 1216 Sed
3205 1167 3411 1215 tantum
3432 1165 3611 1214 extre-

2033 1268 2178 1308 mam
2213 1263 2587 1324 paupertatem
2614 1251 2877 1317 ostendit,
2901 1259 2958 1306 et
2992 1249 3419 1320 promissionem
3453 1247 3612 1302 ﬁrma

2035 1344 2142 1400 ﬁdo
2165 1346 2443 1416 accipiens
2495 1345 2684 1401 cibum
2734 1343 2939 1409 attulit,
2961 1351 3129 1416 atque
3159 1343 3266 1398 hoc
3305 1343 3464 1408 fecit,
3485 1355 3610 1396 cum

2037 1435 2314 1492 hominem
2351 1451 2462 1490 non
2498 1435 2744 1490 novisset
2777 1451 2793 1500 ;
2824 1433 3129 1504 alienigena
3179 1433 3326 1488 enim
3371 1439 3506 1498 erat,
3557 1437 3614 1486 et

2038 1507 2268 1582 virtutis
2313 1523 2653 1597 prophetica:
2679 1523 2887 1578 nullam
2919 1522 3318 1593 experientiam
3355 1534 3612 1591 sumpse-

2039 1626 2251 1772 ἐἰδυῖά
2279 1707 2429 1774 mihi,
2457 1717 2506 1762 et
2539 1693 2827 1774 tibi,homo
2855 1703 2986 1762 Dei?
3010 1690 3175 1776 536
3192 1701 3466 1773 Propheta
3486 1713 3614 1755 cum
3677 1729 3684 1736 -

349 1811 377 1864 6
401 1813 702 1882 ’προφήτης
733 1811 1028 1866 ἀπολαύων
1057 1814 1156 1882 τῆς
1175 1811 1410 1880 τροφῆς,
1437 1812 1536 1880 τῆς
1590 1811 1700 1865 τῶν
1758 1809 1938 1864 ἄλλων

2049 1798 2247 1854 aﬂ'atim
2300 1800 2424 1854 cibo
2467 1799 2709 1857 refectus
2751 1807 2926 1864 esset,
2955 1798 3324 1854 calamitatem
3376 1793 3615 1882 aliorum

348 1901 667 1972 ἀνθρώπων
697 1902 996 1956 ἐπελάθετο
1053 1881 1343 1974 συμφορᾶς
1367 1919 1382 1933 ο
1415 1896 1480 1957 οὗ
1498 1903 1563 1973 δὴ
1585 1903 1746 1972 χάριν
1774 1903 1804 1954 6
1831 1903 1932 1954 Δε-

2049 1890 2330 1946 hominum
2359 1890 2727 1946 obliviscitur.
2753 1889 3127 1958 Quamobrem
3153 1887 3300 1944 Deus
3323 1883 3508 1941 viduae
3529 1881 3618 1938 lle-

355 1994 571 2064 σπότης
598 1994 746 2066 αὐτῷ
773 1995 872 2056 τὰς
897 1999 995 2065 τῆς
1013 1997 1190 2066 χήρας
1206 1995 1640 2066 ἐπεστράτευσεν
1661 1992 1930 2066 οἰμωγάς.

368 2085 617 2154 Ἐπέγνω
641 2086 697 2140 δέ
719 2087 814 2140 καὶ⁹
829 2087 992 2151 αὐτὸς
1017 2087 1117 2157 τὴν
1143 2087 1342 2140 αἰτίαν.
1377 2105 1396 2139 ι
1419 2087 1488 2140 Ol.’
1512 2103 1604 2157 μοι
1624 2087 1754 2157 γὰρ,
1771 2087 1931 2154 φησι,

355 2175 559 2249 Κύριε,
586 2177 616 2229 ὁ
647 2177 857 2248 μάρτυς
893 2177 994 2247 τῆς
1038 2179 1237 2246 χήρας,
1268 2197 1288 2230 ι
1319 2177 1412 2231 καὶ
1449 2177 1518 2231 τὰ
1560 2175 1710 2246 ἑξῆς.
1749 2175 1934 2240 Ἀξιά-

356 2285 539 2337 γαστα
559 2269 616 2322 δέ
645 2269 745 2338 τῆς
770 2268 1024 2340 χήραςτὰ
1057 2270 1298 2340 ῥήματα.
1329 2268 1418 2338 Τῷ
1447 2267 1526 2338 σῷ
1547 2268 1708 2338 φωτὶ,
1740 2268 1932 2339 φησὶν,

358 2357 654 2429 ἐγυμνώθη
679 2361 747 2412 τὰ
779 2360 1139 2430 κεκρυμμένα
1211 2376 1312 2430 μου
1341 2359 1812 2430 πλημμελήματα,
1843 2359 1936 2411 καὶ

359 2452 462 2521 οὐχ
481 2451 558 2513 ὡς
577 2450 874 2518 ἀλλόφυλος
919 2449 1020 2520 τὴν
1053 2449 1261 2504 εἴσοδον
1289 2450 1576 2512 οίωγίσατο
1618 2449 1718 2520 τήν
1743 2448 1932 2514 αὑτοῦ,

363 2537 504 2592 ἀλλᾶ
529 2539 647 2601 ταῖς
675 2537 834 2600 ἰδίαις
855 2537 1167 2609 ἐπέγραψεν
1193 2538 1510 2610 ἁμαρτίαις.
1535 2536 1693 2592 Οὕτω
1715 2540 1815 2610 τὴν
1839 2539 1937 2593 τοῦ

361 2629 646 2700 προφήτου
673 2629 1021 2685 διδασκαλίαν
1046 2631 1317 2700 ώφέλητο.
1358 2633 1519 2695 Ἴσως
1549 2633 1644 2686 καὶ
1670 2631 1738 2686 δι’
1767 2631 1937 2704 αὐτὴν

357 2717 392 2788 ή
421 2716 522 2771 τοῦ
557 2719 744 2782 παιδὸς
779 2719 974 2788 γέγονε
1027 2720 1276 2790 τελευτή,
1330 2719 1417 2773 ίνα
1474 2719 1789 2792 θεασαμένη
1839 2721 1939 2784 τήν

359 2809 516 2880 παρὰ
565 2809 728 2879 φύσιν
777 2811 1098 2878 ἀνάστασιν,
1149 2811 1373 2882 βεϐαίαν
1421 2809 1643 2884 δέξηται
1665 2811 1762 2883 τὴν
1785 2812 1940 2866 εὐσέ-

359 2900 538 2956 Getam.

430 2990 546 3047 Καὶ
577 2993 926 3062 ἐνεφύσησε
961 2992 1042 3060 τῷ
1079 2996 1363 3066 μειρακίῳ
1390 2996 1608 3065 τρίτον.
1655 2995 1813 3066 Μετὰ
1839 2995 1943 3066 τήν

294 3132 302 3140 .
363 3081 702 3154 προσευχὴν,
736 3083 860 3153 τρὶς
886 3086 1234 3158 ἐμφυσήσας,
1267 3089 1346 3152 είς
1377 3087 1522 3159 ζωὴν
1547 3088 1864 3158 ἐπανήγαγε
1879 3086 1940 3140 τὸ

2033 1982 2184 2036 tibus
2253 1996 2378 2038 eum
2409 1981 2684 2038 adoritur.
2723 1981 2963 2052 Agnovit
3001 1979 3307 2047 etiamipse
3337 1989 3560 2032 causam
3591 1989 3608 2036 ;

2033 2071 2170 2126 dicit
2201 2072 2350 2128 enim
2379 2088 2440 2127 τι
2487 2071 2602 2127 lleu
2639 2071 2795 2138 mihi,
2815 2069 3062 2135 Domine,
3097 2067 3256 2122 testis
3276 2064 3470 2130 viduae,
3503 2082 3522 2116 ι
3561 2064 3616 2115 et

2035 2171 2256 2219 caetera.
2274 2163 2448 2220 Porro
2465 2165 2632 2220 verba
2661 2162 2840 2218 viduae
2867 2163 3037 2230 digna
3063 2165 3194 2215 sunt
3221 2155 3614 2213 admiratione.

2037 2256 2157 2313 Tua
2185 2257 2329 2324 luce,
2349 2257 2555 2328 inquit,
2583 2263 2792 2312 retecta
2825 2263 2959 2312 sunt
2976 2255 3198 2312 occulta
3222 2267 3344 2308 mea
3365 2257 3613 2322 peccata,

2035 2356 2090 2404 et
2117 2365 2250 2413 non,
2285 2357 2344 2404 ut
2371 2336 2702 2420 alienigena,
2732 2347 3048 2416 ingressum
3081 2342 3366 2416 prephetae
3410 2339 3616 2396 malum
3661 2403 3668 2408 Ι

2037 2452 2199 2494 omen
2228 2437 2770 2506 fuisseinterpretata
2803 2434 3023 2501 est,sed
3042 2435 3158 2490 suis
3185 2430 3423 2503 peccatis
3440 2443 3616 2484 .mor—
3681 2448 3695 2484 .-

2041 2537 2150 2582 tem
2184 2527 2344 2597 pueri
2399 2527 2685 2596 ascripsil.
2720 2526 2900 2595 Atque
2947 2524 3028 2580 sic
3081 2538 3147 2578 ex
3203 2523 3480 2592 prepheta:
3513 2519 3616 2574 do-
3678 2522 3695 2564 ἱ.

2038 2618 2219 2673 ctrina
2257 2616 2496 2675 fructum
2532 2617 2798 2688 percepit.
2833 2613 3113 2672 Fortassis
3133 2614 3299 2670 etiam
3324 2613 3379 2667 in
3409 2609 3616 2666 bonum

2037 2707 2222 2764 viduae
2277 2723 2417 2779 puer
2449 2716 2708 2764 mortuus
2741 2715 2847 2772 est,
2890 2711 2950 2760 ut
2981 2705 3030 2760 si
3061 2703 3272 2758 videret
3323 2699 3480 2772 pueri
3522 2713 3616 2756 re-

2039 2801 2443 2858 surrectionem
2491 2816 2614 2872 quae
2667 2807 2864 2856 contra
2906 2806 3165 2856 naturam
3209 2803 3315 2860 est,
3381 2791 3617 2852 solidam

2040 2895 2302 2966 pietatem
2339 2903 2394 2948 et
2432 2891 2590 2948 ﬁdem
2615 2887 2913 2964 reciperet.

2117 2985 2284 3042 Vsus.
2315 2985 2408 3040 21.
2448 2983 2518 3038 Et
2556 2985 2765 3056 inﬂavit
2795 3001 2958 3055 puero
2995 2993 3096 3040 ter.
3141 2983 3277 3038 Cum
3322 2992 3445 3052 post
3489 2996 3618 3038 ora-
3682 2981 3694 2991 '

2043 3075 2248 3131 tionem
2289 3090 2460 3146 puero
2503 3075 2769 3142 inﬁnsset,
2807 3077 2860 3131 in
2913 3077 3076 3132 vitam
3121 3091 3245 3132 eum
3321 3074 3616 3131 revocavit.

365 3173 678 3242 μειράκιον.
722 3171 884 3242 Δηλοῖ
905 3173 963 3228 δὲ
995 3177 1024 3229 6
1076 3175 1177 3243 μὲν
1210 3177 1446 3248 ἀριθμὸς
1470 3178 1570 3249 τὴν
1603 3195 1938 3252 προσκυνου-

2051 3165 2340 3237 Signiﬁcat
2357 3175 2537 3223 autem
2569 3167 2663 3222 hic
2707 3182 2972 3224 numerus
2993 3167 3334 3224 adorandam
3369 3167 3618 3224 Trinita-

366 3263 538 3334 μένην
582 3263 848 3334 Τριάδα,’
874 3275 939 3318 το
976 3265 1032 3319 δέ
1080 3267 1388 3339 ἐμφύσημα
1425 3268 1526 3338 τὴν
1573 3271 1632 3322 ἐν
1665 3271 1809 3340 ἀρχῇ
1841 3270 1938 3340 τῆς

2049 3265 2193 3319 tem;
2221 3256 2432 3313 inﬂatio
2462 3267 2644 3312 autem
2677 3255 2794 3322 illa,
2823 3257 3020 3312 animae
3040 3259 3377 3314 creationem
3411 3257 3480 3312 ab
3513 3257 3622 3311 ini-

361 3353 544 3424 ψυχῆς
576 3354 954 3424 γεγενημένην
979 3355 1367 3426 δημιουργίαν.
1401 3358 1544 3410 Ἀλλ’
1583 3360 1612 3412 6
1651 3362 1943 3432 προφήτης

363 3445 696 3530 ἐμφυσήσας
729 3445 828 3497 οὐκ
857 3443 1027 3515 ἄλλην
1073 3445 1254 3517 ψυχὴν
1296 3447 1760 3519 ἐδημιούργησεν,
1803 3450 1943 3530 ἀλλὰ

364 3533 466 3600 τὴν
497 3529 861 3600 χωρισθεῖσαν
895 3531 989 3584 τοῦ
1029 3531 1284 3602 σώματος
1320 3533 1694 3604 ἐπανήγαγεν.

967 3625 1215 3680 ΚΕΦΛΛ.
1253 3625 1360 3681 ΙΗ’.
1659 3686 1661 3689 ,

437 3719 782 3786 Πορεύθητι,
835 3717 933 3772 καὶ
979 3713 1190 3788 {sptium
1249 3717 1330 3785 τῷ
1353 3718 1596 3789 Ἀχαιίᾶ
1647 3717 1707 3774 '0
1747 3719 1942 3791 φιλάν-

365 3809 585 3882 θρωπος
624 3809 758 3875 Θεὸς
783 3809 894 3863 τῶν
939 3809 1245 3882 ἀνθρώπων
1279 3811 1340 3865 τὸ
1370 3811 1524 3881 γένος
1555 3811 1698 3884 ὁρῶν
1731 3811 1943 3866 διολλύ-

371 3920 555 3974 μενον,
588 3905 796 3961 καὶτὸν
821 3905 1110 3975 προφήτην
1139 3903 1364 3970 αίτῆσαι
1397 3902 1490 3956 τὸν
1519 3902 1668 3957 ἔλεον
1695 3904 1797 3957 οὐκ
1822 3902 1944 3958 ἐθέ-

363 3994 548 4060 λοντα,
581 3996 825 4060 καὶτοὺς
863 3995 962 4068 μὲν
996 3995 1260 4065 οἰκτεῖραι
1290 3993 1482 4060 θέλων,
1533 3994 1661 4057 τοὺς
1693 3995 1752 4050 δέ
1789 3996 1944 4066 παρὰ

363 4085 596 4156 γνώμην
637 4085 800 4140 λῦσαι
843 4085 940 4158 τὴν
969 4085 1151 4156 ψῆφον
1182 4085 1284 4139 οὐκ
1317 4085 1669 4155 ἀνεχόμενος,
1719 4083 1949 4156 ἔρχεται

365 4174 709 4247 πρεσϐευτὴς
743 4175 881 4248 πρὸς
909 4174 1000 4229 τὸν
1025 4174 1244 4245 οἰκέτην
1274 4175 1302 4228 ὁ
1325 4174 1634 4246 Δεσπότης,
1672 4175 1812 4247 πρὸς
1849 4177 1944 4231 τὸν

367 4266 539 4336 πηλὸν
584 4267 614 4319 6
650 4265 1016 4338 Δημιουργὸς,
1039 4264 1137 4318 καὶ
1182 4264 1570 4320 πείθει-λῦσαι
1597 4265 1710 4344 τῶν
1758 4266 1942 4337 νεφῶν

363 4358 465 4422 τὰς
497 4357 694 4420 ὠδῖνας
726 4357 826 4426 τὴν
855 4357 1176 4428 πεδήσασαν
1203 4355 1474 4426 γλῶτταν.
1827 4431 1834 4437 ι

438 4451 506 4504 El
533 4447 705 4502 ἐστιν
739 4447 936 4514 ἔθνος,
973 4448 1013 4517 ἢ
1055 4449 1364 4514 βασιλεία.
1393 4450 1615 4523 Ἐπειδὴ
1652 4453 1682 4506 6
1719 4454 1940 4525 προφή-

2043 3346 2122 3400 tio
2149 3345 2370 3401 factum.
2408 3346 2678 3402 Caeterum
2718 3361 2844 3401 cum
2907 3347 3173 3419 propheta
3217 3363 3390 3418 puero
3431 3345 3620 3402 inﬂas-

2045 3443 2150 3502 set,
2181 3452 2292 3492 non
2318 3438 2480 3493 aliam
2507 3438 2748 3493 animam
2765 3437 3053 3508 produxit,
3083 3439 3178 3494 sed
3214 3439 3386 3506 illam,
3411 3455 3531 3510 quae
3551 3439 3622 3495 ab

2044 3541 2275 3599 corpore
2307 3539 2640 3591 recesserat.
2671 3530 2738 3582 ad
2771 3543 2977 3600 corpus
3003 3529 3300 3586 revocavit.

2633 3619 2788 3679 CAP.
2837 3621 3029 3680 XVIII.

2114 3711 2282 3770 Vens.
2315 3714 2366 3769 1.
2403 3712 2524 3780 Abi,
2553 3722 2604 3768 et
2629 3714 2843 3770 ostende
2875 3723 2923 3769 te
2954 3714 3412 3771 Achabo.Amans
3441 3715 3624 3772 homi-

2044 3817 2176 3858 num
2223 3803 2368 3859 Deus
2407 3818 2532 3859 cum
2593 3803 2804 3860 videret
2852 3805 3036 3874 perire
3083 3819 3256 3876 genus
3294 3806 3618 3872 humanum,

2044 3909 2224 3966 neque
2268 3895 2591 3965 prophetam
2639 3895 2940 3965 implorare
2981 3895 3419 3952 misericordiam
3455 3897 3616 3964 velle,

2043 4000 2169 4042 cum
2203 3973 2456 4044 misereri
2527 3987 2649 4058 ipse
2701 3997 2949 4057 cuperet,
2990 4003 3170 4059 neque
3199 3995 3381 4044 tamen
3421 3997 3623 4060 praeter

2046 4079 2214 4134 animi
2267 4079 2595 4136 sententiam
2641 4079 2924 4135 decretum
2985 4081 3372 4151 contra-ipsos
3409 4081 3624 4137 solvere

2047 4164 2367 4230 sustineret,
2399 4168 2550 4222 venit
2591 4167 2808 4238 legatus
2834 4169 2902 4223 ad
2949 4185 3168 4226 servum
3205 4163 3486 4226 Dominus
3509 4212 3524 4238 ,
3553 4171 3622 4226 ad

2046 4255 2220 4312 lutum
2260 4255 2462 4326 opifex,
2497 4265 2554 4318 et
2587 4257 2838 4328 linguam
2885 4259 3100 4316 solvere
3149 4261 3468 4332 persuadet,
3497 4277 3622 4332 quae

2045 4347 2274 4403 nubium
2297 4347 2518 4404 dolores
2547 4349 2846 4406 vinciebat.

2113 4439 2296 4497 Vsus-
2329 4441 2419 4496 Η.
2470 4439 2532 4496 Si
2571 4451 2650 4497 est
2713 4459 2863 4514 gens,
2903 4455 2998 4499 aut
3044 4461 3280 4517 regnum.
3349 4446 3621 4512 Quoniam

361 4558 462 4612 της
485 4541 702 4612 εἰρήκει
735 4540 816 4610 τῷ
843 4539 1050 4612 Ἀχαὰὄ
1075 4559 1088 4574 ·
1121 4557 1141 4592 t
1171 4543 1248 4614 Ζῇ
1284 4541 1487 4614 Κύριος
1510 4545 1538 4596 6
1563 4543 1697 4607 Θεός
1733 4538 1862 4614 μους
1889 4547 1938 4599 εί

2049 4533 2304 4603 propheta
2331 4533 2546 4589 dixerat
2577 4533 2648 4588 ad
2677 4535 2866 4590 Achab
2903 4552 2918 4588 :
2957 4555 2977 4588 ι
3017 4535 3168 4590 Vivit
3191 4537 3457 4593 Dominus
3473 4539 3618 4594 Deus

362 4631 522 4685 ἔσται
545 4631 614 4684 τὰ
647 4631 744 4701 ἔτη
775 4630 948 4686 ταῦτα
978 4632 1154 4698 ὑετὸς,
1183 4634 1234 4686 εί
1266 4635 1340 4704 μὴ
1365 4633 1453 4686 διὰ
1485 4632 1646 4702 λόγου
1671 4635 1941 4704 στόματός

364 4726 526 4796 μουοὶ
552 4722 734 4776 λαὸὼν
758 4723 857 4793 τῆς
884 4723 992 4777 τῶν
1017 4723 1195 4793 λόγων
1226 4723 1487 4794 ἀληθείας
1540 4725 1640 4795 τὴν
1685 4728 1882 4798 πεῖραν
1915 4727 1945 4780 6

372 4813 608 4886 ’Δχαά6,
641 4815 957 4882 ἀναγκαίως
979 4815 1164 4887 ἐζήτει
1193 4815 1286 4870 τὸν
1315 4816 1560 4886 δήσαντα
1593 4817 1729 4888 πρὸς
1761 4817 1940 4885 λύσιν,

359 4905 398 4976 ἢ
429 4905 568 4976 πρὸς
593 4905 898 4979 ἀναίρεσιν,
934 4908 984 4960 εἰ
1023 4907 1096 4980 μὴ
1129 4907 1360 4962 πίθοιτο.
1428 4923 1454 4939 ο

377 5138 402 5164 ο
431 5083 550 5140 Καὶ
577 5083 822 5152 Πνεῦμα
843 5084 1064 5154 Κυρίου
1090 5083 1228 5153 ἀρεῖ
1249 5099 1341 5138 σε.
1379 5083 1596 5156 Ἀνδρὸς
1631 5084 1806 5139 ταῦτα
1841 5103 1942 5157 με·

360 5176 628 5240 λετῶντος
663 5177 732 5230 τὰ
767 5173 914 5242 θεῖα,
947 5175 1044 5230 καὶ
1075 5175 1171 5231 τοῦ
1197 5176 1342 5230 θείου
1365 5176 1685 5248 Πνεύματος
1709 5179 1940 5233 ἐπιστα-

364 5267 532 5337 μένου
565 5265 664 5338 τὴν
697 5265 954 5338 δύναμιν.

433 5357 564 5412 Ἐπ’
593 5357 954 5428 ἀμφοτέραις
981 5359 1111 5425 ταῖς
1135 5359 1386 5428 ἰγνύαις.
1419 5359 1529 5414 Καὶ
1553 5360 1645 5414 τὸν
1667 5360 1802 5416 Θεὸν
1831 5363 1940 5434 γὰρ

363 5446 757 5518 προσεκύνουν,
819 5449 916 5502 καὶ
957 5451 1070 5511 τοῖς
1119 5448 1360 5513 εἰδώλοις
1409 5450 1728 5522 ἐλάτρευον.
1793 5453 1850 5508 '0
1881 5454 1940 5508 δὲ

361 5535 518 5602 Θεὸςς
545 5539 733 5610 φησὶν,
786 5539 848 5592 οὐ
884 5538 1136 5610 βούλεται
1163 5541 1291 5604 τοὺς
1333 5540 1728 5613 ψευδωνύμους
1764 5548 1930 5616 τιμᾶ-

365 5625 488 5680 σθαι
513 5626 694 5693 θεοὺς,
725 5628 850 5682 οὔτε
887 5631 1043 5684 αὐτοὶ
1077 5631 1171 5686 τὸν
1207 5631 1461 5704 ἀληθινὸν
1489 5635 1755 5705 τιμᾶσθαι
1781 5637 1936 5694 Θεόν.

378 5713 572 5784 Ὑμεῖς
613 5717 670 5771 δέ
701 5717 796 5772 καὶ
843 5718 1014 5774 ταῦτα
1061 5720 1287 5775 κάκεῖνα
1339 5721 1628 5788 ποιοῦντες
1666 5724 1937 5798 οὐδετέρῳ

368 5803 668 5874 φυλάττετε
702 5810 909 5864 πίστιν.

2045 4640 2222 4689 meus,
2256 4624 2304 4680 si
2337 4625 2444 4680 erit
2469 4625 2631 4680 annis
2664 4627 2750 4682 his
2787 4627 2994 4697 pluvia,
3027 4629 3134 4682 nisi
3168 4643 3266 4699 per
3304 4643 3618 4686 sermonem

2043 4717 2159 4773 oris
2225 4719 2352 4772 mei.
2395 4737 2415 4771 ι
2461 4718 2526 4772 Ει
2571 4717 2763 4772 Achab
2814 4719 2996 4790 reipsa
3066 4729 3324 4791 expertus
3385 4722 3622 4793 prophe-

2046 4820 2156 4864 tam
2187 4825 2376 4890 verum
2406 4810 2636 4874 dixisse,
2660 4811 3000 4867 necessitate
3035 4811 3308 4883 impulsus
3335 4814 3619 4884 quaerebat

2041 4899 2222 4966 illum,
2263 4901 2356 4972 qui
2406 4901 2606 4957 caelum
2640 4902 3016 4970 obstruxerat,
3043 4911 3101 4958 ut
3124 4905 3386 4970 solveret,
3412 4905 3498 4960 vel
3557 4914 3617 4960 ut

2043 5005 2170 5048 eum
2197 4991 2500 5058 occideret,
2533 4993 2642 5049 nisi
2670 4993 3100 5064 obtemperaret.

2113 5081 2286 5140 Vens.
2326 5084 2416 5141 l2.
2443 5084 2682 5155 Spiritus
2707 5085 2924 5140 Domini
2968 5085 3102 5154 {erat
3147 5096 3217 5142 te.
3264 5084 3442 5142 Verba
3487 5097 3618 5144 sunt

2041 5174 2166 5234 viri.
2191 5175 2512 5242 meditantis
2549 5177 2731 5254 divina
2763 5217 2779 5244 ,
2829 5185 2886 5232 et
2933 5177 3162 5234 scientis
3212 5179 3513 5248 petentiam
3561 5187 3617 5236 et

2040 5267 2297 5322 virtutem
2323 5267 2493 5322 divini
2521 5267 2780 5338 Spiritus.

2109 5358 2278 5416 Vens.
2314 5360 2406 5415 21.
2444 5359 2719 5432 Usquequo
2739 5359 3113 5416 claudicabilis
3141 5363 3198 5416 in
3233 5362 3487 5418 ambobus
3525 5377 3620 5431 po-

2039 5449 2286 5520 plitibus?
2312 5449 2447 5506 Nam
2463 5461 2518 5506 et
2533 5451 2700 5506 Deum
2729 5452 3059 5517 adorabunt,
3094 5461 3147 5508 et
3176 5453 3319 5510 idola
3339 5455 3614 5510 colebant:

2039 5541 2188 5599 Deus
2219 5549 2402 5598 autem
2434 5559 2542 5626 non
2585 5543 2720 5608 vult,
2757 5543 2910 5612 dicit,
2967 5554 3025 5600 ut
3057 5543 3181 5602 falsi
3215 5545 3292 5602 dii
3343 5546 3615 5611 colantur,

2041 5651 2222 5706 neque
2251 5635 2334 5691 illi
2379 5637 2596 5702 volunt,
2637 5647 2694 5692 ut
2723 5653 2887 5694 verus
2921 5639 3065 5694 Deus
3090 5637 3326 5694 colatur.
3373 5637 3483 5694 Vos
3514 5651 3646 5690 au-.

2039 5734 2152 5780 tem
2204 5735 2260 5782 et
2305 5727 2443 5791 haec,
2493 5735 2549 5783 et
2585 5727 2678 5783 illa
2707 5728 2994 5798 facientes,
3039 5744 3220 5800 neque
3252 5727 3402 5792 huic,
3438 5742 3620 5799 neque

2044 5817 2123 5872 illi
2157 5817 2394 5874 servatis
2413 5819 2593 5875 ﬁdem.
