3992 6418
424 405 555 472 1171

1764 415 2118 477 PROCOPII
2153 416 2397 477 GAZzEI

3561 413 3686 479 1172

491 525 663 582 νεεδ.
702 526 795 582 25.
829 526 899 582 Et
927 528 1126 600 eligant
1158 528 1261 583 sibi
1289 529 1421 599 ipsis
1453 544 1639 584 unum.
1667 530 1852 599 Quare
1879 546 2006 602 per-

2181 533 2291 586 Καί
2342 529 2812 595 ἐκλεξάσθωοναγ
2872 522 3112 588 ἑαυτοῖς
3161 522 3272 576 τὸν
3322 521 3516 575 τόπον
3563 523 3678 580 ἕνα.

425 619 624 686 misit,,
652 628 713 674 ut
757 619 1074 676 sacerdotes
1102 619 1235 676 Baal
1268 622 1529 693 pinguem
1574 622 1767 679 bovem
1804 623 2009 694 delige-

425 717 583 776 rent,
622 720 677 766 et
698 711 860 779 primi
910 712 1245 769 sacriﬁcium
1291 712 1594 769 oﬂ‘e‘rrent?
1645 713 2005 771 Manifestum

424 812 512 857 est
554 804 733 868 illum,
774 804 868 874 qui
916 819 1108 862 revera
1136 805 1283 862 Deus
1318 810 1428 871 est,
1456 807 1670 863 nullius
1693 808 1890 863 horum
1923 808 2009 864 iu-

428 896 632 966 digere.
668 895 746 950 llli
780 907 963 952 autem
989 897 1196 953 dicturi
1224 908 1381 954 erant
1415 899 1547 955 Baal
1584 916 1697 957 non
1724 905 2011 974 accepisse

429 986 790 1053 sacriﬁcium,
832 998 1125 1058 propterea
1156 991 1305 1061 quod
1334 1006 1479 1061 aegre
1504 994 1715 1060 tulerit,
1747 1010 1807 1052 se
1847 995 2029 1050 alterir

429 1094 541 1133 non
598 1082 883 1149 praelatum
920 1081 1113 1138 fuisse.

501 1169 666 1227 Vens.
696 1171 785 1226 32.
818 1171 889 1225 Et
904 1175 1193 1243 wdiﬁcavit
1215 1176 1411 1231 altare.
1439 1175 1754 1245 Quomodo,
1773 1195 1898 1233 cum
1923 1180 2010 1235 lex

432 1263 714 1333 praecipiat
764 1273 823 1319 ut
869 1267 1037 1322 unico
1081 1267 1137 1321 in
1205 1269 1330 1324 loco
1366 1271 1642 1327 sacriﬁcia
1688 1272 2009 1336 oll'erantur,

430 1352 580 1410 Elias
619 1355 675 1409 in
714 1356 967 1413 Carmelu
986 1360 1162 1431 aitare
1185 1364 1511 1416 exstruxit?
1548 1383 1567 1415 ι
1605 1363 1760 1418 Iusto
1789 1365 1871 1418 lex
1901 1379 2012 1419 non

429 1455 518 1502 est
547 1448 750 1517 posita,
774 1449 935 1519 juxta
975 1451 1161 1506 divum
1193 1455 1518 1523 Apostolum
1546 1455 1612 1519 ι’,
1671 1458 1766 1511 sed
1805 1457 2012 1527 iniquis

430 1545 485 1592 et
527 1539 923 1612 immorigeris.
965 1563 984 1595 ›
1027 1542 1233 1611 Quales
1277 1546 1558 1603 Israelitas
1604 1564 1729 1604 esse
1760 1551 2010 1621 contigit.

432 1633 528 1700 qui
559 1633 766 1703 ubique
788 1637 1159 1692 sacriﬁcaturi
1181 1648 1358 1706 erant,
1383 1641 1829 1710 siimpunitatem
1884 1643 2014 1699 ade-

433 1724 511 1792 pti
555 1722 905 1793 fuissent,et
936 1729 1104 1783 etiam
1141 1730 1418 1785 daemones
1466 1732 1693 1786 culturi.
1736 1724 2013 1801 Propheta

378 1868 379 1871 η
434 1824 619 1870 autem
660 1818 852 1873 volens
871 1819 1162 1876 ostendere
1194 1838 1303 1876 non
1328 1824 1506 1878 solum
1536 1824 1629 1878 Dei
1652 1826 1908 1879 virtutem
1955 1816 2021 1881 et

435 1907 763 1972 potentiam,
814 1911 909 1965 sed
956 1910 1119 1965 etiam
1172 1912 1484 1967 daemonum
1554 1914 2011 1979 imbecillitatem,

435 2011 598 2059 cum,
642 1996 821 2054 diviso
870 2015 1059 2069 regno,
1093 2001 1240 2066 illos,
1280 2003 1373 2073 qui
1420 2013 1719 2072 praesentes
1761 2013 1919 2062 erant
1956 2007 2015 2062 in

436 2088 702 2157 templum
729 2087 1294 2161 llierosolymitanum
1332 2095 1604 2151 deducere
1645 2111 1755 2152 non
1816 2099 2014 2167 potuit,

435 2177 767 2233 necessitate
788 2179 1041 2248 adactus,
1069 2182 1217 2236 venit
1245 2182 1304 2237 in
1336 2182 1683 2253 Carmelum;
1719 2186 1792 2242 ibi
1827 2189 2016 2258 plures

434 2266 846 2336 disputationes
871 2270 1132 2328 habebat.

505 2355 675 2412 Vsus.
731 2359 823 2416 '52.
869 2359 1020 2417 Fecit
1069 2351 1295 2419 Titania.
1344 2363 1641 2439 Iosephus,
1692 2369 2012 2443 δεξαμενήν,

432 2450 705 2505 canalem.

505 2541 672 2599 Vnus.
713 2543 804 2598 56.
836 2544 1017 2601 Tertio
1051 2548 1131 2602 sic
1161 2548 1346 2618 facile.
1390 2549 1596 2606 lterum
1636 2553 1880 2608 ostendit
1917 2568 2018 2608 nu-

338 2654 344 2661 -
434 2648 648 2690 merum
680 2636 977 2693 adorandae
1010 2638 1328 2698 Trinitatis.

507 2727 676 2785 Vnus.
722 2729 810 2786 '58.
851 2729 919 2786 Et
970 2732 1200 2803 lapides,
1242 2745 1293 2789 et
1330 2736 1597 2806 pulverem
1625 2739 1813 2792 elinxit
1854 2739 2014 2808 ignis.

432 2818 512 2876 Ne
541 2820 717 2907 altare
755 2821 853 2877 Dei
888 2823 1164 2880 dedecore
1198 2825 1533 2893 adiceretur,
1578 2844 1703 2885 cum
1735 2830 1887 2901 impii
1926 2844 2019 2884 sa-

343 2985 346 2989 .
433 2910 651 2969 criﬁcia
674 2913 1018 2972 daemonibus
1044 2916 1331 2974 olIcrrent.

1065 3094 1220 3150 CAP.
1252 3095 1397 3152 XIX.

507 3183 672 3240 Vnus.
712 3185 766 3241 3.
803 3188 871 3239 Et
900 3187 1078 3240 timuit
1111 3187 1288 3244 Elius.
1328 3188 1617 3255 Quomodo
1644 3206 1770 3246 cum
1802 3201 2011 3249 tantam

435 3277 667 3333 haberet
704 3280 1004 3348 potentiam
1040 3289 1095 3335 et
1141 3283 1452 3336 virtutem?
1495 3283 1631 3350 Quia
1687 3301 1793 3340 non
1838 3288 2015 3341 solum

437 3371 707 3441 prepheta
760 3382 906 3441 erat,
962 3374 1057 3430 sed
1109 3376 1273 3429 etiam
1309 3377 1491 3430 homo.
1534 3375 1808 3433 Praeterea
1843 3386 2019 3433 metus

437 3463 528 3517 hic
551 3463 754 3518 divinae
787 3460 1224 3533 dispensationis
1267 3466 1390 3520 fuit.
1433 3466 1651 3521 Etenim
1682 3482 1751 3522 ne
1780 3476 1889 3521 tam
1917 3467 2021 3523 mi-

436 3555 679 3611 raculosi
722 3556 909 3625 operis
939 3558 1272 3625 magnitudo
1310 3572 1437 3612 eum
1471 3558 1801 3613 insolentem
1827 3556 2022 3613 redde-

436 3654 545 3710 ret,
576 3646 753 3717 gratia
788 3645 883 3702 Dei
921 3655 1127 3701 metum
1153 3646 1205 3703 ei
1238 3647 1459 3713 indidit,
1497 3656 1558 3703 ut
1590 3664 1746 3704 suam
1767 3648 2019 3704 imbecil-

436 3737 643 3792 litatem
673 3746 1065 3807 cognosceret.

505 3827 677 3885 Vens.
714 3826 800 3885 il.
829 3827 964 3885 Ecce
990 3829 1250 3884 Dominus
1302 3829 1575 3885 transibit.
1615 3830 1815 3885 Docuit
1840 3829 2018 3885 Eliam

435 3921 867 3976 mansuetudine
915 3928 971 3976 et
1041 3921 1463 3993 longanimitate
1523 3922 1685 3993 537
1725 3923 2017 3988 excellere,

436 4025 487 4068 et
515 4013 770 4084 probavit
790 4028 973 4084 genus
1008 4015 1316 4070 hominum.
1357 4006 1513 4080 Item,
1546 4016 1694 4086 quod
1726 4015 1889 4071 facile
1914 4014 2019 4070 sibi

435 4107 510 4159 sit
549 4112 606 4159 et
649 4104 887 4161 fulmina
938 4096 1274 4174 demittere,
1321 4114 1377 4162 et
1425 4117 1630 4162 terram
1680 4116 2019 4173 concutere,

436 4209 676 4264 eamque
733 4195 924 4264 impiis
961 4203 1191 4266 repente
1238 4196 1561 4267 sepulcrum
1605 4196 1920 4263 ostendere,
1968 4202 2023 4252 et

438 4286 736 4356 spirituum
752 4286 806 4342 vi
837 4286 1025 4342 omnia
1060 4286 1311 4358 perdere.
1334 4287 1442 4344 Sed
1465 4288 1857 4361 longanimitas
1886 4288 2022 4343 mihi

439 4381 640 4449 placet,
670 4378 1379 4452 inquitsUnumquemque
1412 4396 1545 4437 vero
1573 4381 1820 4437 aliorum
1839 4381 2021 4437 homi-

440 4488 570 4526 num
601 4474 808 4528 malitia
842 4473 1033 4528 trahit.
1062 4473 1219 4540 Quod
1252 4489 1383 4530 vero
1408 4474 1554 4528 Deus
1591 4474 1795 4530 veteris
1821 4474 2022 4529 Testa-

2107 620 2274 687 ’Τίνος
2302 623 2467 679 ἕνεκα
2493 625 2608 686 τοίς
2645 620 2852 691 ἱερεῦσι
2899 616 2992 671 τοῦ
3023 614 3173 670 Βαὰλ
3217 614 3314 668 τὸν
3358 613 3521 668 πίονα
3569 615 3683 685 βοῦν

2115 713 2443 781 ἐκλέξασθαι
2493 713 2591 769 καὶ
2625 711 2865 783 πρώτοις
2893 708 3205 763 ἐπιτελέσαι
3236 704 3341 776 τὴν
3376 706 3568 760 θυσίαν
3600 709 3684 760 ἐπ.

2116 808 2346 899 ἔτρεψεν
2365 824 2380 873 ;
2402 807 2473 859 Ἢ
2493 805 2651 876 δῆλον
2677 804 2754 866 ὡς
2780 805 2808 856 6
2835 801 2936 899 μέν
2972 797 3297 899 ὅντως-Θείας
3329 798 3547 899 οὐδενὸς
3572 800 3683 899 coii-
3799 808 3805 816 '

2116 889 2226 952 των
2258 899 2410 968 ἐστὶν
2443 898 2648 967 ἐνδεής.
2686 897 2749 948 Οἱ
2795 894 2854 948 δὲ
2906 891 3089 959 λέγειν
3127 889 3394 961 ἤμελλον,
3431 889 3508 952 ὡς
3539 891 3685 960 χαλεο

2116 992 2329 1045 παίνων
2349 993 2378 1044 6
2400 990 2570 1057 Βαὰλ,
2593 988 2670 1052 ὡς
2702 987 2776 1059 μὴ
2802 983 3188 1057 προτιμηθείς,
3210 982 3317 1035 οὐκ
3348 982 3569 1049 ἐδέξατο
3599 976 3685 1055 τὴν

2118 1082 2338 1136 θυσίαν.

2189 1174 2301 1228 Kal
2329 1173 2681 1242 ᾠκοδόμησε
2708 1172 2852 1237 τοὺς
2875 1172 3106 1238 λίθους.
3131 1169 3241 1223 Καὶ
3271 1167 3395 1231 πῶς
3414 1164 3509 1220 τοῦ
3536 1168 3684 1237 νόμον

2116 1264 2537 1337 διαγορεύοντος
2582 1264 2638 1315 ἐν
2674 1263 2755 1316 ἑνὶ
2788 1264 2979 1334 τρόπῳ
3010 1261 3328 1331 λατρεύειν,
3365 1262 3393 1313 6
3428 1259 3610 1321 Ἠλίας
3635 1261 3685 1313 ἐν

2117 1358 2194 1429 τῷ
2228 1357 2514 1429 Καρμήλῳ
2570 1355 2961 1426 θυσιαστήριον
3008 1358 3380 1426 ιξ›κοδόμησε;
3443 1373 3462 1405 ι
3499 1354 3683 1425 Δικαίῳ

2118 1457 2284 1527 νόμος
2316 1455 2376 1509 ού
2419 1458 2622 1520 κεῖται,
2659 1454 2802 1508 κατά
2840 1455 2929 1507 τδν
2992 1453 3135 1507 θεῖον
3173 1452 3533 1510 Ἀπὸστολον,
3575 1451 3685 1504 ἀνό-

2122 1565 2245 1619 μοις
2280 1546 2339 1601 δὲ
2391 1546 2487 1600 καὶ
2514 1546 2934 1608 ἀνυποτάκτοις.
2977 1563 2996 1596 ι
3032 1543 3196 1606 Οἴους
3229 1537 3378 1596 εἶναι
3422 1541 3681 1593 συνέδαινε

2117 1639 2246 1701 τοὺς
2277 1637 2336 1702 ἐξ
2363 1638 2603 1709 Ἰσραήλ.
2636 1637 2746 1691 Καὶ
2768 1635 2862 1689 τοῦ
2893 1635 3173 1706 πανταχοῦ
3206 1633 3361 1687 θύειν
3394 1633 3549 1703 είπερ
3576 1631 3684 1684 ξλα-

2120 1729 2215 1781 6ον
2240 1728 2445 1789 ἄδειαν,
2479 1724 2718 1797 ἧμελλον
2763 1724 3051 1795 λατρεύειν
3093 1725 3188 1777 καὶ¹
3228 1722 3508 1791 δαίμοσιν.
3556 1721 3608 1775 Ὁ
3632 1720 3681 1774 δὲ

2120 1822 2408 1891 προφήτης
2448 1819 2771 1890 βουλόμενος
2800 1817 2972 1883 δεῖξαι
3007 1814 3227 1869 καὶτοῦ
3267 1813 3413 1866 Θεοῦ
3451 1812 3513 1865 τδ
3538 1813 3682 1866 δυνα-

2046 1891 2088 1946 B
2116 1911 2230 1976 τὸν,
2257 1910 2351 1963 καὶ
2380 1908 2489 1962 τῶν
2538 1906 2817 1977 δαιμόνων
2867 1906 2928 1958 τὸ
2958 1904 3206 1968 ἀσθενὲς,
3261 1903 3460 1973 ἐπειδὴ
3511 1903 3679 1974 διῃρη-

2120 2000 2289 2071 μένης
2316 1998 2416 2069 τῆς
2446 1997 2726 2068 βασιλείας
2749 1997 2848 2066 οὐχ
2876 1990 2991 2060 οἷός
3022 2013 3081 2049 τε
3110 1992 3180 2067 ἦν
3208 1990 3370 2063 ἄγειν
3396 1996 3520 2056 τοὺς
3559 2010 3681 2066 παρ-

2117 2094 2279 2155 όντας
2328 2092 2409 2152 είς
2460 2090 2552 2142 τὸν
2601 2089 2660 2142 ἐν
2700 2087 3099 2159 Ἱεροσολύμοις
3154 2086 3334 2151 νεὼν,
3389 2085 3678 2154 ἀναγκαίως

2115 2184 2283 2257 ἦλθεν
2319 2183 2415 2236 ἐπὶ
2448 2182 2541 2235 τὸν
2567 2178 2889 2251 Κάρμηλον,
2912 2177 3041 2234 ἔνθα
3065 2179 3166 2244 τὰς
3183 2178 3447 2243 πλείονας
3472 2179 3680 2233 ἐποιεῖτο

2117 2277 2430 2346 διατριϐάς.
2590 2304 2593 2307 ι

2190 2370 2478 2440 Ἐποίησε
2513 2367 2737 2425 Θααλά.
2767 2366 3100 2439 Ἰὠσηππος,
3126 2361 3493 2434 δεξαμενήν.

2197 2550 2627 2619 Τρισσεύσοτε.
2676 2548 2789 2618 Τῆς
2821 2544 3211 2619 προπυνητῆς
3257 2541 3493 2615 Τριάδος
3543 2540 3678 2595 πάλιν

2119 2643 2380 2714 ἐμφαίνει
2412 2641 2504 2696 τὸν
2528 2640 2784 2712 ἀριθμόν.

2184 2736 2297 2790 Καὶ
2323 2735 2468 2801 τοὺς
2492 2735 2729 2800 λίθους,
2751 2732 2849 2788 καί
2873 2732 2986 2787 τὸν
3011 2731 3167 2800 χοῦν
3190 2729 3465 2796 ἐξέλειξε
3485 2727 3673 2796 τὸπῦρ.
3772 2805 3779 2813 ¹

2121 2830 2289 2883 Ὥστε
2321 2828 2397 2898 μὴ
2425 2825 2865 2896 καθυϐρισθῆναι
2893 2823 2958 2877 τὸ
2987 2823 3130 2877 θεῖον
3154 2820 3562 2892 θυσιαστήριον,
3589 2818 3677 2870 τῶν

2118 2918 2402 2975 δυσσεὸῶν
2445 2919 2674 2972 ἐκείνων
2723 2914 3148 2989 προσφερόντων
3189 2913 3389 2977 θυσίας
3432 2913 3541 2979 τοῖς
3570 2909 3678 2963 δαί-

2124 3027 2311 3084 μοσιν.
3215 3055 3221 3063 .

2709 3100 2966 3155 ΚΕΦΑΛ.
3004 3098 3108 3156 ῙΘ’.

2194 3197 2305 3251 Kal
2334 3194 2600 3263 ἐφοϐήθη
2641 3192 2864 3257 Ἠλίας.
2898 3190 3010 3244 Καὶ
3064 3190 3207 3256 πῶς,
3257 3188 3528 3257 τοσαύτην
3560 3184 3678 3255 ἔχων

2118 3287 2219 3359 τὴν
2267 3286 2536 3356 δύναμιν;
2581 3285 2707 3338 Ὅτι
2765 3285 2827 3338 οὐ
2855 3286 3014 3354 μόνον
3042 3286 3372 3356 προφήτης,
3423 3278 3567 3349 ἀλλά
3596 3276 3679 3330 καὶ

2120 3380 2409 3452 ἄνθρωπος⁵
2445 3375 2536 3449 ἦν.
2573 3377 2785 3440 Ἀλλως
2822 3394 2882 3430 τε
2916 3378 3016 3430 καὶ
3060 3378 3163 3446 τῆς
3198 3375 3354 3439 θείας
3390 3369 3458 3444 ἦν
3495 3373 3678 3425 οἰκονο-

2124 3474 2255 3546 μίας
2298 3473 2361 3527 τδ
2410 3472 2548 3536 δέος.
2584 3470 2859 3540 Ἰναγὰρ
2907 3470 2982 3541 μὴ
3028 3471 3128 3540 τῆς
3166 3460 3677 3540 θαυματουργίαςτὸ

2125 3564 2361 3638 μέγεθος
2397 3562 2584 3636 ἐπάρῃ
2615 3562 2677 3616 τὺ
2700 3563 2979 3632 φρόνημα,
3024 3561 3324 3616 ἐνδέδωκεν
3373 3561 3406 3628 ἡ
3451 3556 3600 3627 χάρις
3623 3551 3676 3620 τῇ

2121 3659 2284 3728 φύσει
2325 3656 2425 3728 τὴν
2472 3654 2676 3709 δειλίαν
2731 3651 3100 3721 εἰσδέξασθαι,
3127 3653 3205 3715 ὡς
3233 3652 3300 3707 ἂν
3350 3645 3551 3717 ἐπιγνῷ
3591 3642 3677 3713 τὴν

2120 3749 2331 3804 οἰκείαν
2363 3748 2675 3803 ἀσθένειαν.

2196 3838 2356 3895 Ἰδοὺ
2383 3840 2598 3908 Κύριος
2627 3838 3087 3908 παρελεύσεται.
3105 3832 3346 3900 Ἐδίδαξε
3376 3833 3464 3886 τὸν
3487 3828 3673 3893 Ἠλίαν,

2122 3931 2199 3995 ὡς
2224 3931 2530 4003 ήμερότητι
2566 3928 2659 3982 καὶ
2693 3927 3051 4000 μακροθυμίᾳ
3114 3924 3477 3997 πρυτανεύειν
3522 3916 3674 4003 ἐδοκί-

2127 4038 2270 4094 μασε
2310 4020 2419 4075 τῶν
2465 4020 2772 4092 ἀνθρώπων
2818 4018 2881 4073 τὸ
2925 4019 3104 4088 γένος.
3156 4018 3268 4071 Kal.
3307 4017 3389 4071 ὅτι
3426 4012 3594 4087 ῥᾴδιον
3620 4002 3677 4077 ἦν

2123 4111 2295 4183 αὐτῷ,
2323 4112 2421 4167 καὶ
2455 4108 2754 4184 κεραυνοὺς
2791 4110 3128 4182 ἐπιπέμψαι,
3163 4110 3260 4163 καὶ
3305 4107 3557 4176 κλονῆσαι
3592 4098 3676 4165 τὴν

2124 4202 2252 4273 γῆν,
2308 4202 2403 4257 καὶ
2454 4203 2567 4265 τοῖς
2630 4199 2889 4254 ἀσεϐέσιν
2944 4198 3225 4264 ἀποδεῖξαι
3284 4199 3455 4265 τάφον
3531 4185 3675 4255 αὐτὴν

2124 4294 2507 4366 αὐτοσχέδιον,
2586 4279 2707 4347 καὶ·
2748 4293 2841 4364 βία
2904 4291 3240 4363 πνευμάτων
3308 4286 3565 4343 ἀπολέσαι
3625 4278 3675 4330 τὸ

2127 4389 2256 4442 πᾶν.
2344 4386 2486 4440 Ἀλλ’
2564 4386 2597 4454 ἠ
2681 4382 3038 4454 μακροθυμία
3124 4399 3217 4452 μοι
3303 4379 3453 4449 φίλη,
3514 4369 3673 4443 φησίν.

2127 4478 2402 4535 ’Έκαστον
2457 4476 2515 4531 δὲ
2536 4475 2643 4530 τῶν
2674 4475 2851 4530 ἄλλων
2895 4478 2928 4545 ἡ
2962 4474 3203 4545 πονηρία
3254 4472 3366 4527 τῶν
3405 4463 3679 4537 ἀνθρώπων

445 4565 617 4620 menti
661 4581 767 4621 non
819 4566 891 4621 sit
925 4565 1093 4636 ignis,
1124 4564 1272 4621 Elias
1302 4566 1552 4630 docetur,
1595 4574 1651 4621 et
1689 4580 1789 4636 per
1837 4565 2018 4636 ipsum

2124 4562 2435 4639 ἐφέλκεται.
2473 4568 2597 4623 Ὀτι
2655 4566 2714 4621 δέ
2774 4567 2834 4621 ού
2894 4563 3008 4638 πῦρ
3043 4567 3071 4619 6
3111 4567 3213 4636 τῆς
3245 4562 3486 4623 Παλαιᾶς
3529 4554 3674 4617 Θεδςν

444 4673 547 4714 nos
589 4672 808 4725 omnes,
859 4657 957 4714 sed
1006 4672 1189 4728 neque
1229 4672 1367 4714 aura
1406 4658 1615 4715 tenuis.
1648 4656 1753 4713 Per
1807 4666 2025 4714 tenuem

442 4762 571 4802 vero
603 4764 796 4805 auram
823 4748 1032 4805 dicitur
1055 4748 1272 4805 adesse.
1299 4747 1437 4803 Cum
1466 4749 1610 4803 enim
1638 4749 1694 4802 in
1727 4748 2030 4820 caliginosa

446 4842 598 4897 nube
645 4850 702 4896 et
764 4841 892 4912 igne
941 4840 1073 4896 ﬁliis
1123 4840 1298 4895 Israel
1345 4841 1690 4911 apparuerit,
1737 4841 2031 4896 inveniens

442 4933 617 4988 Eliam
663 4933 1057 4990 sublimiorum
1097 4932 1387 5003 capacem,
1420 4948 1544 4989 eum
1570 4935 1624 4988 in
1648 4932 1907 4988 notitiam
1940 4933 2030 4987 in-

440 5027 698 5098 corporei
735 5026 1024 5094 subduxit,
1064 5041 1095 5081 a
1136 5034 1479 5092 terraemotu,
1528 5040 1560 5080 a
1613 5026 1837 5096 spiritu,
1871 5034 1926 5082 et
1965 5025 2034 5081 ab

442 5119 568 5187 igne
604 5118 674 5173 ad
725 5126 948 5175 tenuem
983 5134 1203 5175 auram.
1262 5119 1320 5173 Id
1372 5119 1522 5189 quod
1576 5117 1737 5174 aliine
1781 5130 1866 5175 est
1913 5122 2035 5177 voci

444 5209 760 5267 Servatoris
793 5228 805 5267 :
836 5229 859 5264 ι
901 5210 1053 5268 Deus
1082 5208 1319 5283 spiritus
1349 5216 1436 5267 est
1457 5212 1530 5267 “.
1578 5230 1601 5264 ι

513 5382 687 5442 Vens.
720 5386 808 5442 i9.
842 5386 1039 5458 Injecit
1076 5389 1308 5457 pallium
1354 5406 1511 5444 suum
1542 5405 1701 5460 super
1744 5409 1884 5449 eum.
1914 5393 2031 5450 Cur

443 5474 767 5544 Asahelem,
804 5475 969 5541 lehu,
998 5489 1055 5534 et
1084 5479 1345 5536 Elisteum
1374 5481 1571 5551 jussus
1598 5500 1805 5556 ungere
1843 5487 2024 5542 solum

446 5569 772 5638 prophetam
806 5570 1011 5625 unxit?
1039 5570 1229 5627 Gratia
1264 5574 1437 5645 igitur
1467 5575 1764 5646 spirituali,
1804 5595 1913 5650 qua
1938 5581 2026 5652 ip-

447 5676 571 5719 sum
599 5660 780 5727 unxit,
809 5677 1088 5733 quamque
1108 5664 1165 5718 in
1196 5665 1375 5736 ipsum
1406 5667 1663 5737 contulit,
1702 5669 1839 5727 alios
1861 5672 2027 5730 etiam

519 5832 565 5871 δ’
600 5831 622 5891 Ι
651 5831 792 5891 Tim.
822 5853 859 5905 ι,
888 5837 940 5892 9.
1022 5839 1065 5870 ⁵³
1094 5838 1254 5894 Joan.
1302 5858 1374 5906 tv,
1400 5841 1470 5895 24

2137 4661 2326 4726 Ἠλίας
2354 4660 2692 4727 διδάσκεται,
2718 4659 2816 4713 καὶ
2841 4659 2911 4713 δι’
2942 4658 3110 4712 αὐτοῦ
3138 4658 3344 4721 πάντες
3361 4653 3535 4726 ἡμεῖς.
3556 4641 3677 4701 Ἀλλ’

2127 4751 2252 4806 οὐδὲ
2300 4751 2446 4823 αὔρα
2495 4751 2696 4821 λεπτή.
2749 4752 2827 4804 Δι’
2857 4747 3034 4822 αὔρας
3086 4748 3144 4802 δὲ
3198 4748 3413 4818 λέγεται
3447 4739 3674 4811 παρεῖναι

2128 4845 2355 4916 λεπτῆς.
2400 4842 2560 4898 Ἐπεὶ
2592 4844 2702 4914 γάρ
2748 4845 2808 4897 ἐν
2865 4843 3053 4912 γνόφῳ
3093 4842 3187 4895 καὶ
3247 4838 3380 4909 πυρὶ
3426 4832 3534 4895 τοῖς
3561 4828 3675 4887 υἱοῖς

2143 4935 2363 5007 Ἰσραὴλ
2383 4936 2656 5006 ἐπεφάνη,
2682 4935 2774 4989 τὺν
2815 4934 3006 4989 Ἠλίαν
3033 4932 3212 5004 εὑρὼν
3232 4931 3338 4986 τῶν
3358 4921 3672 4998 ὑψηλοτέρων

2139 5027 2465 5099 χωρητικὸν,
2499 5027 2593 5080 ἐπὶ
2629 5026 2729 5095 τὴν
2760 5024 2855 5080 τοῦ
2880 5025 3176 5095 ἀσωμάτου
3215 5021 3403 5077 τοῦτον
3429 5016 3673 5099 ἀνήγαγεν

2139 5095 2371 5182 ἔννοιαν,
2400 5116 2509 5170 ἀπὸ
2543 5116 2791 5187 σεισμοῦ,
2827 5115 2923 5169 καὶ
2938 5114 3274 5184 πνεύματος,
3301 5111 3390 5165 καὶ
3411 5103 3570 5173 πυρὸς
3595 5095 3672 5150 ἐπὶ

2139 5208 2343 5279 λεπτὴν
2373 5206 2568 5280 αὖραν.
2595 5208 2774 5279 Ὅπερ
2804 5208 2972 5277 ἐγγὺς
3005 5205 3071 5261 ἀν
3095 5204 3181 5277 εἴη
3208 5202 3310 5272 τῆς
3332 5200 3423 5255 τοῦ
3450 5192 3671 5262 Σωτῆρος

2141 5298 2331 5369 φωνῆς
2364 5298 2484 5368 τῆς,
2511 5316 2529 5348 ι
2551 5297 2789 5368 Πνεῦμα
2825 5298 2854 5350 6
2885 5296 3071 5359 Θεός.»
3537 5376 3549 5379 _
3627 5368 3646 5379 .

2208 5390 2319 5444 Kal
2362 5389 2608 5458 ἒρῤιψεν
2648 5389 2742 5443 ἐπ’
2775 5388 2965 5443 αὐτὸν
3008 5386 3122 5456 τὴν
3167 5380 3454 5456 μηλωτὴν
3486 5376 3665 5430 αὐτοῦ.

2135 5483 2200 5539 Τί
2226 5484 2428 5555 δήποτε
2462 5484 2553 5537 τὸν
2579 5483 2800 5554 ’Δζαὴλ,
2821 5483 2912 5537 καὶ
2937 5483 3027 5536 τὸν
3058 5481 3223 5550 Ἰηοῦ,
3285 5476 3377 5532 καὶ
3403 5472 3485 5528 τὸν
3526 5464 3667 5520 Ἐλισι

2136 5581 2290 5632 σαῖον
2319 5578 2507 5650 χρίσαι
2562 5576 2950 5648 προσταχθεὶς,
3010 5574 3172 5647 μόνον
3215 5574 3394 5645 ἔχρισε
3441 5565 3523 5618 τὸν
3553 5570 3663 5657 πρξ’

2140 5671 2350 5743 φῆτηἩ
2444 5672 2620 5724 τοίνυν
2646 5669 2862 5741 ἔχρισεν
2891 5668 3074 5735 αὑτὸν,
3094 5667 3190 5724 καὶ
3211 5666 3309 5737 τῆς
3330 5658 3661 5730 πνευματικης
