3992 6402
287 374 410 445 ΗΠ

1240 378 1778 440 COMMENTARII
1804 379 1886 441 IN
1928 382 2075 443 LIB.
2109 384 2206 444 III
2238 384 2538 447 REGUM.

3433 342 3579 450 117s

277 488 536 546 κωλῦσαι
568 485 676 557 γὰρ
709 486 1010 559 δυνάμενος
1043 486 1145 541 οὐκ
1188 488 1484 545 ἐκώλυσεν.
1532 489 1866 560 Ἐπειδήπερ

1976 506 2097 546 cum
2123 497 2270 548 cnim
2301 496 2600 564 prohibere
2632 498 3044 568 potnisset,non
3066 497 3581 569 prohibuit.Achab

274 584 304 635 ὁ
336 575 540 647 Ἀχαὰϐ
581 577 679 646 τῆς
712 576 863 639 θείας
899 571 969 647 ἦν
1018 578 1346 648 κηδεμονίας
1395 580 1633 646 ἀνάξιος.
1678 580 1867 650 Τούτῳ

273 672 329 725 δὲ
352 670 540 738 ὅμοιον
581 667 643 720 τὸ
674 668 779 722 ὑπὸ
805 668 1019 722 Παύλου
1041 669 1359 739 λεγόμενον·
1393 691 1412 723 ι
1441 674 1658 743 Πέμψει
1684 676 1712 726 6
1735 674 1867 737 Θεὸς

279 757 561 830 ἐνέργειαν
594 758 804 826 πλάνης
846 761 957 822 τοῖς
991 760 1092 831 τὴν
1134 761 1399 832 ἀλήθειαν
1442 763 1503 816 ού
1550 763 1866 832 παραδεξα-

279 850 482 923 μένοις.
515 868 534 901 ι
575 848 715 902 Ἀλλ’
760 849 1050 920 ἑρμηνεῖαι
1092 850 1194 921 τῆς
1231 851 1324 905 τοῦ
1361 851 1497 905 Θεοῦ
1555 852 1865 924 βουλήσεως

274 941 635 1010 τυγχάνουσιν
665 941 721 994 αί
755 942 1034 1004 ὀπτασίαι,
1079 944 1178 1014 οὐχ
1207 945 1345 1016 ὅπερ
1382 945 1533 998 ἐστὶν
1563 946 1726 998 αὐτὸν
1756 947 1864 999 δει-

273 1032 555 1097 κνύουσαι,
588 1037 922 1101 σωματικοῖς
953 1035 1010 1088 δὲ
1060 1037 1327 1106 σχήμασι,
1375 1036 1472 1089 καὶ
1501 1036 1863 1108 ἀνθρωπίνοις

270 1124 473 1192 λόγοις,
517 1121 879 1177 διατυποῦσαι
930 1124 1033 1188 τὰς
1090 1124 1187 1178 τοῦ
1236 1124 1373 1178 Θεοῦ
1419 1126 1755 1201 οἰκονομίας,
1788 1125 1864 1187 ὡς

234 1206 247 1218 ’
271 1216 436 1279 αὐτὸς
479 1218 508 1270 6
536 1216 670 1280 Θεός
703 1233 871 1288 φησιν
903 1233 918 1247 ο
956 1234 974 1269 ι
1006 1216 1150 1284 Ἐγὼ
1177 1217 1401 1286 ὁράσεις
1432 1217 1734 1287 ἐπλήθυνα,
1770 1215 1865 1268 καὶ

270 1310 327 1361 ὲν
354 1308 517 1377 χερσὶ
564 1306 861 1379 προφητῶν
913 1305 1227 1377 ὡμοιώθην.
1266 1324 1283 1355 ι
1326 1305 1441 1358 Οὐκ
1485 1306 1650 1367 αὐτὸς
1681 1303 1865 1373 φαίνε-

266 1417 377 1463 ται,
405 1392 784 1469 ἀλλ’όράςεις
830 1397 1119 1468 πληθύνει.
1167 1398 1277 1451 Καὶ
1325 1397 1579 1467 ὁμοίωμα
1622 1396 1863 1450 δείκνυσι

266 1493 375 1556 τοῖς
404 1492 742 1562 προφήταις,
771 1490 1049 1560 βασιλείας
1086 1490 1207 1560 μὲν,
1238 1490 1368 1543 ὅταν
1400 1490 1494 1542 ἐπὶ
1510 1487 1700 1559 θρόνου
1729 1488 1864 1541 καθ-

260 1586 424 1657 εζόμε
438 1603 528 1639 νον
554 1587 749 1657 ὁρῶσι,
777 1586 871 1642 καὶ
906 1587 1035 1656 περὶ
1064 1584 1228 1637 αὐτὸν
1252 1584 1352 1650 τὴν
1374 1583 1630 1653 οὐράνιον
1694 1597 1865 1651 στρα-

257 1680 374 1734 τιάν
398 1695 413 1710 ’
462 1679 700 1748 κρίσεως
736 1679 963 1744 δὲ,ὅταν
999 1676 1183 1731 πολιόν
1211 1675 1471 1745 βλέπωσι,
1498 1674 1715 1737 λευκοῖς
1746 1675 1864 1743 ίμα·

260 1771 395 1833 τίοις
421 1769 832 1840 κοσμούμενον,
862 1770 951 1823 διὰ
985 1769 1047 1822 τὸ
1074 1768 1174 1838 τῆς
1205 1767 1445 1835 κρίσεως
1468 1767 1631 1834 σοφόν
1655 1782 1713 1817 τε
1744 1764 1863 1836 άμα

1977 581 2126 637 enim
2156 583 2417 654 indignus
2450 594 2592 651 erat,
2627 588 2791 657 Cujus
2824 604 3015 644 curam
3069 589 3212 643 Deus
3241 590 3567 667 susciperet.

1974 672 2091 728 Hoc
2126 684 2309 728 autem
2351 676 2535 731 simile
2567 686 2650 732 est
2696 679 2824 734 huic
2855 679 3000 748 quod
3054 693 3081 732 a
3120 678 3291 733 Paulo
3311 678 3522 731 dicitur
3552 692 3565 725 :

1981 784 2000 815 ε
2047 764 2223 819 Mittet
2290 766 2402 821 illis
2456 767 2602 823 Deus
2632 767 2934 824 eﬂicaciam
2964 771 3199 833 erroris,
3233 771 3326 839 qui
3360 770 3569 825 verita-

1972 862 2083 910 tem
2105 870 2215 908 non
2268 858 2682 926 receperunt“,
2719 877 2738 911 ι
2806 859 3080 914 Ctetet'um
3126 861 3368 915 visiones
3390 860 3568 929 expli-

1970 946 2221 1001 cationes
2255 954 2385 1002 sunt
2413 948 2635 1004 consilii
2667 948 2783 1004 Dei.
2817 948 2933 1005 Non
2970 951 3115 1020 quod
3147 953 3266 1021 ipse
3306 935 3380 1016 id,
3417 950 3569 1021 quod

1967 1043 2073 1103 est,
2124 1037 2416 1092 ostendat:
2481 1038 2735 1107 corporis
2766 1048 2950 1094 autem
2992 1041 3205 1109 liguris,
3240 1049 3295 1095 et
3320 1041 3567 1097 humano

1966 1145 2124 1185 more
2149 1129 2344 1185 elﬁctis
2368 1134 2719 1188 sermonibus
2749 1135 3026 1203 exprimit,
3062 1141 3118 1190 et
3151 1136 3423 1189 describit
3465 1133 3559 1189 Dei

1967 1221 2467 1291 dispensationem.
2507 1222 2984 1288 Quemadmodum
3052 1225 3197 1281 Dens
3246 1227 3365 1297 ipse
3395 1227 3559 1282 dicit:

1973 1330 1992 1363 ι
2032 1312 2145 1381 Ego
2179 1311 2423 1367 visiones
2454 1314 2845 1384 multiplicavi,
2909 1324 2962 1369 et
3030 1331 3126 1384 per
3163 1331 3387 1370 manum
3433 1331 3564 1386 pro-

1965 1402 2257 1472 phetarum
2318 1403 2660 1458 assimilatus
2695 1420 2817 1459 sum
2840 1405 2908 1459 ".
2942 1423 2960 1456 ι
3016 1404 3134 1460 Non
3168 1407 3285 1476 ipse
3309 1415 3559 1477 apparet,

1967 1493 2064 1551 sed
2098 1495 2341 1549 visiones
2372 1495 2741 1565 multiplicat,
2766 1506 2820 1551 et
2866 1497 3288 1551 similitudinem
3315 1498 3559 1552 ostendit

1966 1585 2276 1656 prophetis,
2333 1585 2488 1655 regni
2550 1586 2799 1655 quidem,
2855 1585 2901 1641 si
2940 1587 2996 1680 ip
3045 1586 3558 1659 throno-sodalem

1965 1676 2175 1741 vident,
2201 1684 2257 1730 et
2288 1676 2436 1730 circa
2472 1690 2597 1728 eum
2630 1676 2915 1731 cmlestem
2953 1675 3263 1731 Exercitum
3292 1694 3306 1741 ;
3364 1675 3561 1745 judicii

1966 1781 2119 1833 vero,
2139 1767 2364 1835 quando
2402 1781 2603 1821 canum
2642 1768 2850 1831 vident,
2918 1768 3061 1822 albis
3117 1768 3365 1822 vestibus
3398 1781 3563 1820 orna-

269 1863 360 1916 ttat
385 1860 650 1929 καθαρόν.
705 1863 845 1931 ὀρᾷ
888 1861 983 1914 καὶ
1032 1858 1307 1929 Ζαχαρίας
1352 1857 1591 1927 ἀνέμους
1653 1856 1868 1925 ἀνθρω-

1976 1865 2108 1923 tum,
2138 1866 2361 1928 propter
2421 1858 2617 1926 iudicii
2674 1874 2784 1912 non
2851 1858 3204 1928 prudentiam
3244 1859 3428 1920 modo,
3464 1856 3562 1912 sed

271 1954 398 2026 πίνῃ
414 1954 575 2023 φωνῇ
602 1955 941 2024 χρωμένους
966 1971 985 2002 ι
1015 1951 1127 2005 Καὶ
1148 1948 1593 2019 περιοδεύσωμεν
1620 1947 1720 2019 τὴν
1740 1948 1866 2017 γῆν,

270 2042 555 2112 λέγοντας,
589 2044 685 2096 καὶ
712 2043 823 2099 ἰδοὺ
851 2044 1003 2097 πᾶσα
1028 2044 1065 2111 ἡ
1097 2040 1173 2110 γῆ
1221 2041 1584 2094 κατοικεῖται.
1620 2057 1640 2091 ι
1676 2039 1867 2094 Καθά-

270 2151 375 2205 περ
396 2135 515 2207 γὰρ
542 2137 601 2190 ἐν
623 2135 801 2188 είκόσι
826 2138 1066 2206 γραφεῖς
1094 2135 1330 2206 πόλεμόν
1375 2150 1436 2186 τε
1480 2132 1577 2186 καὶ
1615 2132 1865 2203 εἰρήνην,

268 2228 424 2298 νίκην
459 2229 560 2282 καὶ
584 2226 791 2298 φιλίαν,
824 2230 921 2281 καὶ
969 2228 1071 2281 ὅσα
1114 2226 1273 2292 ἄλλα,
1309 2224 1746 2296 σχηματίζουσιν
1786 2224 1868 2286 είς

268 2318 629 2390 ἀνθρωπείων
662 2319 936 2390 σωμάτων
961 2318 1200 2383 εἰκόνας,
1229 2319 1345 2380 τοῖς
1372 2316 1636 2379 τοιούτοις
1675 2314 1870 2386 ὁμοιώο

275 2429 402 2481 μασι
427 2412 497 2465 τὸ
528 2411 777 2483 βούλημα
804 2411 1115 2475 δεικνύντες
1140 2411 1538 2484 ἐναργέστερον
1557 2427 1570 2441 ο
1611 2408 1753 2463 κατὰ
1798 2407 1868 2461 τά

277 2504 411 2557 αὖτὰ
465 2506 562 2557 καὶ
608 2504 669 2557 τὸ
719 2503 949 2575 Πνεῦμα
995 2503 1057 2557 τὸ
1101 2503 1261 2572 ἅγιον
1311 2504 1622 2575 προφήταις
1659 2519 1719 2555 τε
1770 2501 1867 2556 καὶ

275 2596 595 2660 ἀποστόλοις
629 2596 690 2650 τὸ
729 2596 945 2668 θέλημα
975 2596 1072 2650 τοῦ
1106 2597 1265 2663 Θεοῦ,
1300 2597 1395 2651 καὶ
1425 2597 1525 2666 τὴν
1560 2596 1738 2662 δόξαν,
1770 2596 1868 2649 καὶ

272 2685 368 2753 τὴν
390 2686 740 2758 οίκονομίαν,
768 2687 864 2740 καὶ
908 2686 1009 2757 τὴν
1038 2687 1177 2757 ἀρὰν
1208 2680 1484 2759 τῆν’κατὰ
1522 2687 1632 2741 τῶν
1681 2688 1867 2758 ἐπιόρ-

272 2794 403 2845 κων,
427 2778 529 2832 καὶ
553 2778 758 2850 ἑτέρων
779 2778 964 2845 τινῶν,
995 2778 1310 2850 ἐμψύχωνῆ
1336 2778 1582 2849 ἀψύχων,
1611 2779 1705 2833 καὶ
1728 2780 1868 2850 ὅπερ

274 2868 527 2938 βούλεται
559 2871 659 2940 μὲν
682 2871 711 2923 6
739 2869 874 2934 Θεὸς
917 2869 1231 2941 πληρῶσαι,
1274 2870 1331 2923 αἱ
1361 2869 1417 2922 δὲ
1448 2870 1574 2940 ἑξῆς
1609 2869 1868 2939 δυνάμεις

274 2959 597 3031 πληροῦσιν,
621 2960 655 3032 ἢ
682 2961 782 3015 ὅσα
810 2960 987 3033 τολμᾷ
1020 2961 1122 3031 μὲν
1147 2963 1175 3015 6
1196 2959 1443 3023 διάϐολος
1469 2960 1866 3026 ἐπιϐουλεύειν,

276 3056 555 3124 συγχωρεῖ
580 3053 639 3106 δὲ
673 3054 702 3107 ό
724 3054 881 3120 Θεὸς,
908 3053 1083 3109 ταῦτα
1112 3056 1278 3108 τυποῖ
1307 3054 1394 3107 διὰ
1420 3054 1532 3107 τῶν
1563 3053 1866 3118 όπτασιῶν,

1970 1957 2027 2003 et
2080 1948 2398 2018 puritatem.
2457 1947 2758 2003 Zacharias
2818 1949 2984 2002 etiam
3015 1948 3167 2003 videt
3216 1955 3434 2012 ventos,
3459 1948 3564 1999 hu-

1970 2052 2133 2092 mana
2167 2053 2302 2093 voce
2356 2045 2601 2103 utentes,
2655 2047 2710 2092 et
2745 2038 3038 2094 dicentes:
3076 2055 3096 2088 ι
3141 2038 3563 2093 Circumeamus

1970 2137 2197 2195 terram,
2226 2138 2281 2183 et
2310 2143 2437 2183 ecce
2475 2129 2737 2183 universa
2765 2137 2911 2183 terra
2950 2129 3214 2183 incolitur
3235 2129 3332 2180 δ’.»
3359 2126 3562 2193 Quem-

1968 2219 2265 2275 admodum
2339 2220 2486 2275 enim
2556 2220 2796 2290 pictores
2847 2221 2904 2275 in
2966 2221 3304 2292 imaginibus
3355 2221 3561 2276 bellum

1966 2318 2021 2365 et
2045 2325 2254 2380 pacem,
2314 2310 2602 2365 victoriam
2660 2319 2714 2365 et
2745 2310 3075 2377 amicitiam,
3126 2321 3181 2366 et
3213 2326 3563 2383 quaecunque

1968 2401 2075 2455 alia
2112 2402 2377 2472 etIingunt
2412 2403 2465 2455 in
2506 2402 2777 2472 imagines
2821 2402 3196 2457 humanorum
3241 2417 3559 2471 corporum,

1967 2492 2352 2561 hujuscemodi
2387 2494 2855 2550 similitudinibus
2930 2495 3225 2550 consilium
3267 2503 3319 2551 et
3359 2510 3562 2567 propo-

1969 2582 2138 2637 situm
2199 2600 2358 2639 suum
2429 2586 2745 2642 evidentius
2804 2586 3211 2653 ostendentes;
3271 2587 3347 2641 ita
3397 2587 3562 2647 etiam

1970 2672 2216 2742 Spiritus
2253 2685 2480 2730 sanctus
2548 2676 2836 2746 prophetis
2874 2684 2925 2731 et
2981 2677 3252 2747 apostolis
3309 2676 3565 2733 volunta-

1970 2776 2081 2821 tem
2122 2767 2239 2832 Dei,
2276 2777 2323 2823 et
2384 2767 2640 2838 gloriam,
2696 2777 2752 2824 et
2786 2767 3282 2839 dispensationem,
3318 2778 3371 2823 et
3398 2769 3567 2823 male-
3650 2773 3655 2777 ’

1969 2856 2274 2913 dictionem
2310 2865 2505 2913 contra
2539 2859 2821 2929 perjuros,
2875 2867 2933 2914 et
2963 2867 3156 2914 contra
3179 2860 3285 2914 alia
3317 2859 3564 2929 quaedam

1970 2948 2209 3002 animata
2241 2956 2297 3003 et
2355 2948 2688 3016 inanimata,
2714 2949 2932 3020 etquod
2974 2949 3120 3006 Deus
3153 2950 3268 3005 vult
3312 2951 3564 3020 implere,

1970 3040 2234 3111 quodque
2285 3051 2477 3111 postea
2530 3041 2815 3096 exercitus
2879 3041 2969 3097 Dei
3026 3042 3238 3112 implet,
3276 3040 3442 3117 539
3467 3050 3560 3095 aut

275 3140 351 3206 ὡς
389 3142 487 3196 ἐπὶ
510 3143 602 3197 τοῦ
637 3142 775 3198 Ἰὼϐ.
811 3144 879 3197 Αἱ
922 3144 1032 3214 γὰρ
1068 3142 1351 3208 όπτασίαι,
1401 3142 1496 3195 καὶ
1544 3140 1612 3194 τά
1660 3141 1718 3194 ὲν
1747 3142 1868 3205 ταῖς

1976 3151 2316 3208 quaecunque
2371 3135 2541 3191 Satan
2603 3151 2704 3206 per
2749 3136 2983 3193 insidias
3026 3144 3241 3192 tentare
3295 3138 3569 3202 audet,et

276 3232 572 3298 ὁπτασίαις
609 3236 855 3307 ῥήματα,
895 3235 1060 3306 μέρος
1093 3234 1211 3287 ἐστὶ
1237 3237 1339 3305 τῆς
1367 3232 1463 3286 τοῦ
1492 3232 1628 3286 Θεοῦ
1660 3249 1871 3301 συγκα-

277 3326 584 3391 ταϐάσεως.
612 3327 752 3381 Οὔτε
777 3327 887 3398 γάρ
913 3327 1218 3398 περιστερὰ
1244 3325 1305 3378 τὸ
1336 3322 1568 3394 Πνεῦμα
1592 3324 1655 3377 τὸ
1687 3324 1870 3394 ἅγιον·

277 3414 403 3468 οὔτε
436 3417 495 3470 δὲ
525 3418 585 3470 τό
608 3433 624 3447 ·
659 3435 679 3468 ι
704 3418 806 3480 Ὃς
836 3420 984 3469 ἐστιν
1023 3420 1081 3470 ἐν
1127 3415 1278 3485 δεξιᾷ
1323 3413 1417 3467 τοῦ
1461 3414 1596 3467 Θεοῦ
1617 3454 1632 3479 ,
1675 3414 1734 3477 ὃς
1783 3416 1880 3468 καὶ

277 3508 605 3576 ἐντυγχάνει
635 3507 777 3576 ὑπὲρ
806 3505 987 3577 ἡμῶν,
1022 3524 1042 3557 ι
1079 3504 1277 3569 οὕτως,
1309 3504 1385 3567 ὡς
1416 3504 1654 3574 εἴρηται,
1687 3504 1879 3574 νοήσο-

282 3615 405 3668 μεν,
440 3599 521 3663 ὡς
566 3601 626 3653 ὲν
653 3600 804 3670 τόπῳ
862 3599 960 3669 μὲν
985 3599 1142 3661 δντος
1177 3597 1277 3650 τοῦ
1318 3595 1455 3650 Θεοῦ
1475 3637 1490 3661 ,
1524 3596 1782 3666 δεομένου
1820 3596 1879 3648 δὲ

277 3692 376 3760 τῆς
406 3691 552 3761 ὑπὲρ
580 3689 740 3762 ἡμῶν
770 3690 867 3745 τοῦ
917 3689 1261 3759 Μονογενοῦς
1293 3687 1574 3760 ἐντυχίας.
1598 3686 1761 3740 Κατὰ
1788 3686 1879 3739 τὸν

278 3782 441 3835 αὐτὸν
475 3782 638 3851 λόγον
662 3783 782 3837 οὐδὲ
809 3785 867 3836 αἱ
903 3783 1015 3837 τῶν
1049 3781 1350 3853 προφητῶν
1376 3780 1789 3843 όπτασίαι,·καὶ
1819 3779 1878 3832 αἱ
1902 3768 1907 3771 ’

279 3876 481 3941 φωναὶ,
510 3874 654 3929 τοῦτ’
683 3871 849 3947 ἦσαν,
874 3876 1011 3948 ὅπερ
1042 3875 1367 3929 ἐδείκνυντο.
1402 3872 1509 3926 Τοῦ
1533 3873 1592 3927 δὲ
1617 3872 1753 3927 Θεοῦ
1778 3872 1880 3941 τὴν

281 3969 543 4039 βούλησιν
594 3968 912 4038 ἐσήμαινον,
961 3966 994 4036 ἢ
1047 3965 1148 4038 τὴν
1207 3964 1585 4036 συγχώρησιν,
1635 3963 1730 4017 καὶ
1777 3962 1877 4039 τὴν

282 4061 537 4132 ὑπακοὴν
582 4060 693 4113 τῶν
743 4059 1153 4114 ὑπακουόντων.
1212 4057 1323 4111 Καὶ
1370 4059 1471 4135 τὴν
1531 4056 1879 4128 ἐπιχείρησιν

282 4153 394 4207 τῶν
427 4151 778 4223 τολμώντων.
814 4152 912 4216 ’Ὧς
945 4168 1048 4205 που
1073 4151 1169 4205 καὶ
1195 4149 1257 4202 τὸ
1285 4147 1526 4218 πνεῦμα,
1574 4148 1637 4201 τὸ
1663 4147 1877 4218 ψευσάε

287 4264 450 4319 μενον
477 4246 564 4301 διὰ
603 4246 871 4316 στόματος
914 4244 1024 4299 τῶν
1049 4241 1536 4314 ψευδοπροφητῶν,
1578 4240 1713 4294 Θεοῦ
1743 4257 1880 4309 συγ-

285 4343 679 4412 χωρήσαντοςο
718 4342 813 4394 καὶ
848 4339 878 4390 6
908 4337 1179 4409 πειράσας
1223 4337 1281 4390 δὲ
1321 4336 1414 4389 τὸν
1440 4332 1565 4388 Ἰὼϐ
1592 4332 1876 4398 διάϐολος,

283 4428 423 4482 Θεοῦ
457 4430 537 4499 μὴ
581 4428 950 4491 κωλύσαντος.
1008 4427 1086 4480 Δι’
1135 4418 1309 4495 οὗπερ
1356 4423 1598 4491 ἐδίδαξεν
1641 4426 1791 4496 ἡμᾶς
1840 4425 1875 4494 ἡ

1984 3224 2130 3281 Deus
2160 3226 2450 3295 permittit,
2485 3228 2769 3295 proponit,
2798 3234 2853 3280 et
2889 3241 2982 3294 per
3010 3226 3259 3282 visiones
3288 3224 3581 3295 exprimit,

1981 3316 2447 3386 quemadmodum
2475 3316 2529 3370 in
2558 3314 2684 3372 Job.
2719 3314 2995 3373 Visiones.
3029 3318 3201 3385 enim,
3226 3325 3281 3372 et
3309 3317 3472 3372 verba
3512 3316 3569 3370 in

1980 3406 2298 3461 visionibus
2328 3415 2460 3461 sunt
2492 3421 2624 3477 pars
2655 3407 2902 3477 quaedam
2928 3407 3418 3464 condescensionis
3450 3406 3567 3468 Dei,

1981 3510 2169 3564 quase
2193 3494 2258 3549 ad
2293 3504 2516 3567 captum
2557 3506 2815 3553 nostrum
2866 3499 3127 3554 demittit.
3180 3498 3369 3568 Neque
3422 3500 3567 3554 enim

1980 3585 2236 3639 columba
2296 3593 2380 3641 est
2436 3584 2679 3654 Spiritus
2735 3595 2983 3643 sanctus.
3020 3587 3207 3658 Neque
3240 3588 3354 3643 haec
3381 3587 3567 3656 verba,

1986 3695 2006 3727 ί
2035 3678 2140 3743 Qui
2169 3687 2251 3732 est
2278 3679 2331 3732 in
2365 3678 2557 3734 dextra
2587 3678 2700 3744 Dei,
2729 3678 2821 3749 qui
2840 3688 2895 3734 et
2920 3681 3216 3735 intercedit
3240 3695 3335 3749 pro
3350 3681 3563 3745 nobis,»

1980 3769 2080 3835 ita,
2102 3777 2159 3824 ttt
2177 3767 2325 3825 dicta
2346 3780 2502 3836 sunt,
2524 3772 2836 3842 intelligere
2872 3772 3156 3837 debemus,
3182 3774 3340 3842 quasi
3367 3772 3422 3826 in
3448 3773 3571 3827 loco

1980 3862 2128 3919 Deus
2155 3863 2247 3929 sit,
2278 3872 2334 3919 ct
2362 3863 2631 3933 unigeniti
2669 3862 2792 3917 Filii
2837 3879 2937 3934 pro
2972 3863 3134 3920 nobis
3170 3865 3571 3919 intercessione

1982 3945 2245 4023 indigeat.
2280 3951 2458 4008 Simili
2489 3954 2723 4021 ratione,
2773 3970 2955 4025 neque
2983 3955 3375 4025 prophetarum
3406 3955 3572 4009 visio-

1981 4057 2081 4097 nes
2109 4050 2164 4097 et
2212 4056 2401 4108 voces,
2464 4042 2568 4098 hoc
2633 4052 2810 4110 erant,
2872 4046 3019 4115 quod
3065 4046 3569 4116 repraesentahant;

1983 4132 2079 4189 sed
2110 4132 2449 4189 voluntatem
2518 4133 2610 4188 Dei
2667 4135 3082 4204 signiﬁcabant,
3126 4136 3207 4192 vel
3251 4136 3573 4206 permissio-

1980 4242 2132 4289 nem,
2159 4235 2215 4281 et
2244 4209 2620 4283 obedientiam
2664 4225 3040 4283 obedientium
3062 4269 3076 4294 ,
3107 4236 3162 4284 et
3181 4239 3435 4283 conatum
3470 4245 3570 4282 au-

1980 4316 2253 4372 dentium.
2311 4317 2788 4384 Quemadmodum
2837 4322 3004 4376 etiam
3064 4323 3294 4393 spiritus
3335 4321 3570 4376 mendax

1981 4426 2080 4480 per
2142 4427 2206 4468 os
2260 4412 2903 4484 pseudoprophetarnm,
2969 4414 3079 4470 Deo
3103 4416 3482 4486 permittente,
3517 4421 3572 4470 et

283 4521 503 4593 Γραφὴ,
540 4521 616 4584 ὡς
665 4520 769 4591 τῆς
817 4518 914 4573 τοῦ
964 4516 1100 4573 Θεοῦ
1160 4516 1394 4582 κτίσεώς
1442 4518 1581 4586 ἐστι,
1641 4518 1736 4570 καὶ
1770 4516 1871 4586 τῆς

1978 4500 2255 4568 diabolus,
2289 4504 2383 4573 qui
2444 4501 2668 4569 Jobum,
2706 4503 2814 4560 Deo
2860 4519 2971 4559 non
3026 4513 3264 4568 ostante,
3313 4506 3567 4559 tentavit.

283 4612 631 4676 δεσποτείας,
683 4607 973 4683 παρεστὼς
1010 4607 1091 4680 τῷ
1126 4608 1348 4662 πάντων
1401 4606 1670 4678 Δεσπότῃ,
1720 4606 1780 4659 ού
1805 4609 1872 4677 τῇ

284 4703 388 4772 τῆς
420 4701 734 4773 προθέσεως
763 4701 1004 4770 ὑπακοῇ,
1029 4698 1247 4770 ἀλλὰτῇ
1274 4698 1377 4768 τῆς
1403 4697 1630 4768 γενετῆς
1660 4696 1877 4766 φύσεως

286 4793 605 4863 ἀκολουθίᾳ,
653 4793 755 4862 τὴν
816 4791 914 4862 μὲν
960 4790 1188 4861 γνώμην
1243 4789 1649 4862 ἀλλοτριωθεὶς,
1690 4788 1790 4860 τὴν
1818 4787 1876 4841 δὲ

284 4865 478 4940 ούσίοῖν
501 4886 596 4939 τοῦ
634 4883 771 4937 Θεοῦ
794 4884 1079 4955 τυγχάνων
1106 4893 1158 4935 ι’.
1416 4899 1421 4905 ·

364 5063 471 5117 Καὶ
507 5062 800 5131 Ἰωσαφὰτ
814 5057 1114 5125 βασιλεὺς
1146 5055 1345 5112 Ἰούδα
1355 5055 1483 5124 μετ’
1502 5055 1713 5109 αὑτοῦ.
1742 5055 1873 5111 Συνμ
1912 5134 1917 5140 ᾔ

346 5192 402 5225 ⁸⁸
443 5193 603 5249 Rom.
636 5193 795 5261 t,25.
848 5193 893 5226 “
919 5190 1059 5249 Osee
1101 5207 1198 5257 xu,
1235 5189 1324 5247 10.
1378 5189 1424 5219 ⁸⁸
1474 5187 1868 5254 Zachar.t,li.

1982 4592 2088 4647 Per
2113 4593 2260 4663 quod
2290 4592 2481 4648 docuit
2516 4598 2634 4648 'nos
2670 4594 2979 4662 Scriptura,
3010 4594 3158 4664 quod
3184 4609 3213 4647 a
3245 4594 3359 4650 Deo
3380 4590 3601 4649 condi?

1983 4696 2095 4750 tus,
2149 4692 2207 4739 et
2266 4685 2370 4739 sub
2402 4685 2527 4753 ejus
2556 4683 2805 4739 dominio
2839 4686 2935 4748 sit,
2986 4686 3081 4752 qui
3107 4685 3291 4741 adstat
3320 4687 3567 4741 omnium

1984 4764 2222 4833 creatori
2276 4775 2534 4841 Domino,
2592 4791 2702 4830 non
2766 4777 3061 4832 obedicndi
3112 4778 3420 4849 proposito,
3473 4779 3569 4833 scd

1983 4877 2203 4925 naturae
2250 4867 2490 4938 quodam
2556 4868 2746 4935 ductu,
2782 4870 2968 4923 animo
2993 4869 3214 4939 quidem
3237 4870 3568 4933 abalienato,

1984 4960 2081 5017 sed
2113 4960 2370 5015 essentia;
2400 4959 2495 5015 Dei
2526 4959 2936 5029 quodammodo
2960 4962 3257 5031 particeps.

2058 5051 2126 5106 Et
2142 5050 2403 5121 Iosaphat
2434 5067 2528 5105 rea:
2547 5048 2693 5105 Iuda
2721 5067 2841 5105 cum
2872 5068 2954 5106 eo.
2987 5049 3277 5107 Profectus
3316 5059 3402 5106 cst
3458 5066 3565 5106 una

1551 5279 1781 5335 ΥΑῐίΙίΕ
1826 5279 2232 5337 LECTIONES.

402 5388 427 5417 ε
454 5377 512 5432 1η
548 5376 755 5432 Catena
822 5376 1055 5447 Veneta,
1124 5375 1223 5429 fol.
1254 5375 1362 5430 205
1390 5376 1457 5447 ad
1484 5374 1555 5430 lll
1581 5373 1717 5444 Reg.
1762 5393 1901 5442 χχιι,
1951 5377 2063 5447 419,
2102 5377 2196 5432 ubi
2240 5376 2321 5447 de
2365 5374 2609 5431 uicinam
2644 5375 3070 5447 visioneverha
3103 5374 3259 5447 ﬁunt.
3282 5375 3559 5447 prolixum

293 5445 663 5519 fragmentum
689 5448 951 5519 scribitur
975 5446 1078 5501 sub
1101 5446 1260 5519 titulo
1294 5446 1655 5519 ιΘεοδωρήτου
1697 5449 1760 5500 ἐκ
1790 5448 1896 5502 τοῦ.
1912 5445 1960 5515 γ’
1986 5447 2145 5515 λόγου
2169 5445 2264 5519 τοῦ
2292 5447 2433 5519 κατὰ
2463 5446 2802 5516 Μανιχαίων.
2850 5445 3173 5519 Theodoreti
3213 5445 3464 5500 ex‘tertt’o
3496 5446 3563 5500 li-

294 5515 406 5589 lgro'
443 5529 630 5572 contra
689 5515 1044 5589 Monicuwos,
1080 5516 1231 5589 quod
1277 5524 1449 5589 certe
1472 5515 1619 5589 esset
1644 5516 1986 5589 incognitum
2011 5517 2345 5589 'I‘lteojloreti
2398 5533 2577 5589 opus;
2607 5515 2987 5589 verumtamen
3027 5517 3133 5589 hoc
3162 5516 3302 5589 idem
3328 5532 3561 5589 prorsus

296 5585 661 5657 [ragmentum
688 5588 798 5643 vidi
831 5587 1041 5642 editum
1079 5585 1135 5641 in
1160 5587 1366 5642 Catena
1392 5585 1668 5656 Lipsiensi
1701 5585 2125 5657 ad'przedictum
2162 5585 2464 5640 Bibliorum
2492 5588 2674 5641 locum
2718 5588 2823 5642 sub
2852 5587 3104 5655 Procopii
3133 5585 3376 5642 nomine.
3413 5587 3561 5640 Sane

296 5653 629 5726 Procopium
662 5657 981 5727 confecisse
994 5668 1225 5727 catenas
1253 5653 1484 5719 scimus,
1508 5665 1563 5711 et
1592 5653 1815 5727 quidem
1850 5658 2067 5726 aliquas
2101 5657 2431 5727 continuato
2477 5671 2731 5712 sermone
2774 5653 3204 5727 suppressisque
3262 5664 3555 5711 auctorum

296 5725 570 5783 variorum
598 5728 934 5799 nominibus.
963 5725 1126 5799 Nihil
1151 5742 1279 5799 ergo
1292 5728 1491 5799 obstat
1522 5725 1819 5799 quominus
1847 5725 2149 5799 Procopius
2169 5744 2197 5780 a
2222 5726 2747 5799 Tlt_eodoreto__huuc_
2771 5725 2952 5799 locum
2990 5725 3286 5799 sumpserit
3321 5745 3333 5780 :
3380 5740 3560 5797 quan-

300 5810 458 5875 quam
485 5812 586 5875 ego
623 5798 679 5853 iu
715 5797 814 5854 ltoc
846 5798 1012 5854 dubio
1053 5794 1432 5854 nihildeﬁnio.
1463 5794 1596 5853 Ακι.
1637 5796 1766 5868 MAI,
1802 5794 2058 5853 Bibliolh.
2106 5814 2239 5852 nova
2283 5794 2530 5863 Patrum,
2563 5794 2649 5863 ΙΙΙ,
2699 5796 2815 5852 HS.
