3992 6546
363 401 517 509 .1179

1701 405 2049 466 PROCOPII
2088 408 2331 468 GAZ‘IEI

3525 402 3705 468 1180

376 529 501 566 cum
558 510 768 580 Achab,
818 529 915 569 sua
972 516 1170 586 pietate
1226 530 1336 571 rem
1369 514 1650 585 indignam
1724 516 1953 572 faciens.

2090 520 2276 589 ιπῆρεν
2323 519 2565 589 Ἀχαᾶϐ,
2639 520 2739 589 τῆς
2788 493 2935 582 ίδίας
2978 516 3262 581 εὐσεϐείας
3319 517 3527 582 ἀνάξια
3580 518 3701 570 δε⁸

378 604 513 657 (Itun
560 602 705 659 enim
760 606 1079 675 preplictam
1130 606 1550 676 requisivisset,
1616 608 1964 678 pseudOpro--

378 695 573 765 phetas
603 696 928 765 ablegassct,
956 708 1005 750 et
1042 713 1104 752 ex
1143 697 1366 751 lilicliaca
1393 698 1653 768 quidnam
1691 700 1961 767 agendum

379 780 524 841 esset
561 786 862 853 didicisset,
895 788 1188 842 amicitiam
1239 797 1420 843 tamen
1458 790 1648 859 pietati
1716 805 1858 844 vera:
1910 798 1964 846 et

383 875 629 946 religioni
690 879 949 948 praetulit.
1019 879 1286 934 Caeterum
1351 888 1573 950 propter
1628 880 1767 935 alias
1835 897 1965 937 suas

381 968 612 1022 virtutes
642 985 789 1023 curae
820 969 908 1024 Dei
945 985 1073 1041 erga
1118 985 1177 1025 se
1222 971 1459 1024 fructum
1489 973 1752 1041 percepit.

452 1058 620 1115 Vens.
677 1061 765 1115 58.
807 1058 996 1116 Scorta
1027 1062 1345 1116 lavabantur
1377 1064 1431 1117 in
1471 1062 1728 1133 sanguine
1774 1064 1964 1132 ipsius.

385 1147 575 1202 Scnrta
623 1151 724 1205 sub
766 1166 1020 1206 auroram
1056 1168 1154 1222 pro
1192 1168 1344 1208 more
1383 1152 1722 1219 lavabantur,
1759 1170 1867 1209 non
1901 1154 1969 1210 de

384 1240 653 1294 industria
711 1242 764 1295 in
799 1244 1068 1312 sanguine
1106 1245 1355 1300 volentes
1386 1244 1581 1309 lavari,
1614 1245 1732 1307 sed,
1776 1256 1967 1314 quem-

385 1331 675 1386 admodum
715 1345 1133 1400 consueverant,
1162 1335 1218 1389 in
1252 1351 1392 1406 aqua
1443 1335 1665 1391 fontana
1694 1352 1710 1400 ;
1744 1338 1836 1390 illa
1867 1351 1969 1389 au-

384 1432 492 1477 tem
543 1425 811 1495 sanguine
862 1425 1036 1481 tincta
1063 1437 1203 1481 erat.
1257 1427 1322 1482 Et
1369 1429 1486 1483 haec
1517 1443 1676 1499 poena
1733 1429 1972 1484 humano

384 1531 537 1571 more
588 1517 840 1572 acerbior
892 1532 1016 1573 esse
1066 1519 1183 1574 visa
1224 1526 1333 1574 est.
1372 1517 1602 1585 Quidam
1639 1533 1787 1583 vero,
1833 1518 1977 1573 indi-

384 1623 549 1677 gnum
604 1617 881 1678 putantes,
910 1617 969 1664 ut
997 1610 1051 1664 in
1078 1624 1265 1665 sacras
1283 1610 1516 1671 Litteras
1545 1611 1647 1665 hoc
1684 1609 1972 1676 referatur,

385 1700 681 1766 dixerunt,
736 1702 1025 1772 quoniam,
1061 1709 1332 1772 quotquot
1382 1702 1546 1773 hujus
1577 1702 1651 1756 rei
1675 1702 1976 1773 participes

2065 610 2303 681 δρακώς.
2344 612 2715 681 Ἐπιζητήσας
2745 608 2855 678 γὰρ
2900 609 3209 679 προφήτην,
3241 610 3339 661 καὶ
3371 609 3507 671 τοὺς
3535 609 3700 678 ψευ-

2067 702 2415 770 δοπροφήτας
2442 700 2937 771 ἀποπεμψάμενος,
2964 699 3059 750 καὶ
3083 699 3144 751 τὸ
3174 701 3457 770 πρακτέον
3505 699 3697 768 παρὰ

2068 792 2163 846 τοῦ
2181 792 2418 862 Μιχαίου
2446 790 2805 861 μεμαθηκὼς,
2829 788 2931 859 τῆς
2959 788 3246 852 εὐσεϐείας
3270 790 3692 860 προτετίμηκε

2067 884 2167 954 τὴν
2210 882 2412 954 φιλίαν.
2450 883 2597 954 Πλὴν
2646 882 2736 935 διὰ
2781 882 2877 952 τὴν
2917 878 3084 952 ἄλλην
3129 880 3541 952 αὐτοῦάρετῇν
3564 882 3689 951 τῆς

2072 974 2220 1034 Θείας
2249 974 2581 1044 κηδεμονίας
2613 973 2946 1028 ἀπέλαυσεν.

2142 1065 2248 1120 Kal
2275 1067 2334 1117 at
2362 1065 2572 1131 πόρναι
2606 1064 2946 1118 ἐλούσαντο
2978 1064 3048 1117 ἐν
3103 1061 3182 1128 τῷ
3211 1064 3415 1132 αἵματι
3441 1059 3674 1116 αὑτοῦ.

2072 1155 2139 1207 Δί
2172 1154 2365 1222 πόρναι
2398 1153 2502 1205 ὑπὸ
2523 1152 2623 1223 τὴν
2657 1154 2734 1204 ἕω
2763 1153 2908 1205 κατὰ
2947 1152 3009 1205 τὺ
3042 1152 3164 1216 ἔθος
3196 1151 3537 1214 ἐλούσαντο,
3568 1148 3682 1200 οὐκ
3730 1216 3738 1225 ν

2074 1244 2385 1312 ἐξεπίτηδες
2418 1247 2497 1306 εἰς
2533 1244 2595 1297 τὸ
2632 1236 2772 1312 αἷμα
2813 1242 3135 1313 βουλόμεναι
3178 1240 3510 1303 λούσασθαι,
3550 1235 3689 1290 ἀλλ’

2074 1338 2156 1400 είς
2193 1337 2255 1391 τὸ
2282 1338 2538 1406 πηγαῖον,
2558 1336 2644 1398 ,ὡς
2671 1335 2975 1400 εἰώθεισαν,
2998 1334 3177 1407 ὕδωρο
3204 1334 3365 1387 τοῦτο
3383 1334 3441 1385 δὲ
3467 1328 3549 1401 ἦν
3576 1345 3689 1384 κε-

2076 1427 2394 1499 χρωσμένον
2421 1427 2500 1497 τῷ
2527 1427 2743 1496 αἵματι.
2777 1427 2887 1480 Καὶ
2913 1425 2983 1480 τὰ
3011 1424 3109 1495 τῆς
3139 1424 3412 1496 τιμωρίας
3438 1420 3687 1492 ἀνθρω-

2079 1520 2247 1584 πίνως
2274 1519 2455 1584 ἔδοξεν
2501 1515 2645 1573 εἶναι
2689 1519 3014 1590 πικρότεροι.
3034 1516 3197 1581 Τινὶς
3241 1517 3320 1583 δὲ,
3347 1514 3508 1576 θείας
3530 1515 3688 1566 ἀνα-

2079 1615 2301 1685 γραφῆς
2324 1611 2542 1676 ἀνάξιον
2576 1610 2733 1664 τοῦτο
2761 1611 3112 1680 νομίσαντες,
3140 1610 3373 1678 ἔφασαν,
3403 1608 3515 1670 ὅτι,
3548 1606 3688 1659 ὅσοι

2052 1706 2179 1777 “τῆς
2219 1707 2390 1775 αὑτῆς
2437 1704 2692 1775 πράξεως
2735 1703 3092 1765 ἐκοινώνουν,
3120 1702 3452 1771 θεασάμενοι
3481 1697 3687 1751 ἐπαύ-

387 1789 633 1854 l'uerunt,
676 1790 926 1847 videntes
984 1794 1343 1863 quiescebant
1384 1795 1438 1848 in
1492 1802 1771 1863 posterum
1828 1795 1975 1849 rela-

2090 1815 2250 1852 σαντο
2278 1796 2465 1851 λοιπὸν
2488 1798 2561 1860 ὡς
2597 1796 2733 1867 πρός
2759 1811 2830 1850 τι.
2865 1797 2975 1850 Καὶ.
3007 1799 3055 1850 εί
3103 1795 3179 1865 μὴ
3206 1794 3381 1864 αὐτὴν
3407 1792 3528 1860 ἕξιν
3560 1792 3688 1844 ἀπο

387 1880 512 1943 tive,
550 1881 802 1950 quamvis
828 1890 1080 1936 naturam
1115 1899 1222 1939 non
1255 1885 1439 1939 statim
1476 1885 1852 1951 mutaverint,
1912 1891 1968 1939 et

2090 1888 2275 1944 ἔϐαλον
2299 1888 2519 1952 εὐθέως,
2557 1888 2651 1940 καὶ
2675 1887 2818 1941 κατὰ
2845 1888 3001 1940 τοῦτο
3031 1885 3321 1939 ἐλούσαντο
3348 1883 3405 1936 ὲν
3447 1882 3533 1952 τῷ
3580 1881 3687 1934 αἴ-

382 1971 541 2040 juxta
603 1970 709 2026 hoc
766 1966 1090 2029 lavabantur
1130 1974 1186 2030 in
1253 1975 1518 2047 sanguine
1574 1975 1791 2046 ipsius,
1850 1990 1976 2030 cum

393 2077 543 2117 mors
573 2062 781 2118 Acltabi
818 2066 1071 2134 purgatio
1104 2067 1348 2138 ipsorum
1385 2066 1575 2133 ﬂeret;
1620 2080 1742 2120 nam
1777 2066 1977 2120 intem-

387 2156 690 2224 perantiam
724 2165 778 2213 et
826 2161 1184 2230 petulantiam
1235 2161 1480 2230 ipsorum
1513 2157 1812 2230 prohibuit,
1847 2172 1974 2212 cum

387 2245 455 2299 ad
488 2246 632 2301 hunc
667 2248 887 2304 modum
922 2250 1146 2306 lascivia
1187 2251 1280 2305 illa
1330 2258 1387 2308 et
1416 2248 1838 2320 intemperantia
1870 2263 1975 2318 pu-

386 2333 619 2389 niretur.
653 2335 893 2407 Simplex
923 2347 978 2395 et
1026 2340 1295 2397 innocens
1354 2341 1571 2396 cautior
1602 2339 1685 2405 ﬁt,
1712 2339 1868 2407 juxta
1901 2338 1970 2392 il-

390 2425 482 2480 lud
527 2428 670 2496 quod
707 2428 762 2484 in
801 2430 1077 2498 parabolis
1107 2432 1327 2503 legitur.
1358 2430 1472 2498 Sic,
1501 2431 1659 2502 juxta
1688 2427 1975 2493 Davidem,

390 2516 555 2573 etiam
598 2516 778 2587 justus
826 2534 1022 2577 manus
1052 2536 1184 2579 suas
1214 2522 1358 2577 lavat
1390 2522 1446 2577 in
1480 2520 1745 2592 sanguine
1773 2532 1977 2589 pecca-

392 2606 550 2662 turis.

426 2816 3227 2845 "—W

2084 1992 2213 2049 ματι
2244 1975 2434 2042 αὐτοῦ,
2464 1974 2557 2030 τοῦ
2586 1974 2820 2030 θανάτου
2858 1973 3068 2044 ’Δχαὰϐ
3097 1968 3447 2042 καθαρισμὸῦ
3471 1967 3683 2021 αὐτῶν

2080 2068 2395 2139 γενομένου.
2441 2066 2758 2129 Κωλυτικὺς
2782 2068 2892 2136 γὰρ
2935 2065 3092 2135 ὤφθη
3137 2064 3237 2134 τῆς
3266 2061 3495 2116 ἐκείνων
3528 2062 3681 2113 ἁκο-

2080 2159 2296 2221 λασίας.
2329 2156 2487 2211 Οὕτω
2513 2158 2607 2210 καὶ
2631 2155 2725 2209 τοῦ
2761 2155 3200 2227 τιμωρουμένου,
3230 2155 3260 2206 ό
3287 2152 3498 2214 ἄκακος
3532 2167 3684 2201 πανο

2070 2244 2397 2318 ουργύτερος
2428 2244 2665 2313 γίνεται,
2698 2243 2844 2301 κατὰ
2863 2245 2923 2297 τὸ
2949 2245 3008 2297 ὲν
3028 2246 3148 2307 ταῖς
3175 2241 3535 2315 Παροιμίαις.
3568 2238 3681 2292 θῦ-

2071 2356 2151 2393 τω
2194 2338 2333 2391 κατὰ
2371 2336 2554 2402 Δαϐὶδ,
2586 2340 2682 2389 καὶ
2706 2335 2734 2387 ὁ
2765 2334 2973 2397 δίκαιος
3017 2334 3118 2397 τὰς
3163 2336 3354 2405 χεῖρας
3386 2329 3568 2385 αὑτοῦ
3596 2329 3673 2382 νί-

2075 2447 2273 2485 πτεται
2306 2432 2364 2482 ἐν
2395 2428 2475 2498 τῷ
2504 2428 2696 2498 αἵματι
2748 2427 2844 2481 τοῦ
2882 2424 3233 2498 ἁμαρτωλοὶ

536 3002 781 3117 ΕΙΣ
874 3007 1193 3122 ΤΗΝ
1301 3009 2103 3123 ΤΕΤΑΡΤΗΝ
2211 3010 2513 3123 ΤΩΝ
2640 2996 3503 3124 ΒΑΣΙΛΕΙΩΝ.

816 3348 975 3569 IN
1060 3408 1673 3545 LIBRUM
1771 3402 2557 3565 QUARTUM
2620 3404 3231 3543 REGUM.

930 3828 1094 3903 ξω
1123 3827 1355 3886 CAPUT
1382 3827 1429 3884 l.‘

474 3968 638 4026 Vsus.
697 3969 748 4023 1.
784 3965 858 4022 Et
908 3967 1292 4038 prazvaricatus
1335 3975 1415 4022 est
1473 3965 1633 4020 Moab
1684 3967 1739 4021 in
1785 3962 1984 4022 Israel.

402 4060 650 4116 Moabitae
677 4058 917 4123 Achabo,
949 4058 1110 4126 cujus
1141 4055 1371 4126 imperio
1400 4055 1688 4126 parebant,
1720 4055 1988 4110 tributum

414 4151 745 4220 pendebant.
784 4148 879 4203 lllo
908 4156 1088 4203 autem
1118 4145 1401 4214 defuncto,
1428 4144 1601 4201 ﬁlium
1631 4153 1990 4201 contemnen-

407 4248 515 4303 tes,
547 4237 904 4294 deiectionem
935 4236 1005 4290 ab
1032 4233 1095 4292 eo
1130 4235 1400 4291 fecerunt.

476 4348 643 4405 Vens.
673 4347 811 4429 2.1::
843 4347 1102 4429 cancellos
1136 4340 1412 4404 εαιιάειιιὶ.
1451 4346 1658 4404 Domus
1687 4356 1806 4404 erat
1835 4347 1988 4404 aesti-

408 4441 566 4508 valis,
626 4456 747 4512 quae
795 4440 995 4495 multas
1030 4428 1323 4503 fenestras,
1360 4440 1417 4494 in
1441 4438 1663 4496 modum
1694 4441 1828 4497 retis
1857 4457 1990 4496 can-

406 4535 631 4591 cellatas
654 4533 907 4597 habebat,
932 4546 1069 4602 quas
1099 4531 1258 4603 vulgo
1278 4531 1599 4605 διατρήτους
1628 4534 1925 4604 appellant.

481 4624 649 4680 Vsus.
672 4624 726 4680 6.
756 4623 993 4678 Idolum.
1015 4621 1297 4692 Scriptura
1318 4663 1335 4690 ,
1377 4624 1523 4679 idola
1541 4624 1988 4696 προσοχθεσματα

412 4718 505 4773 καὶ
529 4716 877 4789 βδελύγματα
902 4715 1177 4785 appellat;
1229 4714 1599 4770 abominanda
1657 4715 1804 4770 enim
1833 4723 1984 4779 sunt,

412 4822 466 4868 et
499 4812 711 4871 odiosa,
750 4809 803 4864 id
836 4807 982 4878 quod
1013 4807 1286 4876 signiﬁcat
1344 4807 1749 4880 προσόχθισμα,
1787 4822 1985 4876 qncm—

411 4901 702 4957 admodum
746 4897 992 4953 Rebecca
1037 4899 1311 4967 loquitur:
1339 4896 1705 4969 Προσώχθισα
1741 4900 1810 4970 τῇ
1837 4896 1985 4969 ψυχῇ

414 5011 540 5065 μου,
598 4992 688 5047 διὰ
716 4992 814 5053 τὰς
842 4991 1146 5060 θυγατέρας
1173 4989 1283 5042 τῶν
1314 4989 1639 5065 Χαναναίων
1667 5009 1682 5059 ;
1714 4991 1819 5046 hoc
1860 4998 1945 5045 est
1970 5007 1984 5043 :

412 5086 516 5144 Odi
562 5085 797 5139 animant
824 5098 994 5137 meant
1046 5090 1261 5151 propter
1320 5080 1467 5151 ﬁlias
1538 5080 1984 5135 Chananworum.

2510 3825 2909 3880 ΚΕΦΑΛΑΙΟΝ
2952 3816 3250 3879 ΠΡΩΤΟΝ.

2164 3959 2274 4016 Καὶ
2323 3959 2585 4029 ἠθέτησε
2637 3962 2818 4015 Μωὰϐ
2874 3962 2945 4015 ἐν
2978 3959 3246 4027 Ἰσραήλ.
3304 3957 3522 4026 Δασμδν
3550 3955 3673 4026 ἔφε-

2094 4066 2188 4126 ρον
2242 4053 2291 4106 οἱ
2336 4053 2622 4107 Μωαϐῖται
2677 4052 2758 4123 τῷ
2812 4053 3136 4123 Ἀχαὰϐ,ὼς
3186 4053 3439 4121 ὑπήκοοι.
3474 4050 3673 4102 Τελευ-

2092 4145 2360 4216 τήσαντος
2375 4143 2432 4198 δὲ
2458 4145 2694 4212 ἐκείνου,
2722 4146 3240 4216 καταφρονήσαντες
3261 4144 3355 4198 τοῦ
3374 4143 3543 4208 υἱέος,
3568 4144 3673 4196 ἀπ-

2095 4235 2326 4306 ἔκοψαν.

2157 4352 2258 4414 El;
2297 4349 2365 4403 τὸ
2406 4348 2743 4415 δικτυωτὸν⁷
2773 4350 3069 4420 ὑπερῷον.
3115 4346 3280 4414 Οἶκος
3332 4347 3402 4423 ἦν
3437 4349 3663 4421 θερινὸς,

2057 4495 2060 4499 ,
2093 4439 2300 4505 πολλὰς
2347 4438 2487 4510 ἔχων
2540 4441 2918 4510 φωταγωγοὺς
2946 4441 3297 4504 δικτυοειδεῖς
3332 4452 3664 4495 κατεσκευα-

2095 4531 2321 4602 σμένας,
2356 4532 2421 4594 ἃς
2472 4532 2797 4604 διατρίβους
2822 4531 3185 4599 ὀνομάζουσιν
3217 4532 3267 4584 οἱ
3296 4531 3502 4585 πολλοί.

2162 4622 2613 4690 Προσόχθισμα.
2658 4618 3139 4699 Προσοχθίσματα,
3164 4617 3260 4671 καὶ
3302 4616 3660 4688 βδελύγματα,

2093 4709 2162 4764 τὰ
2190 4710 2384 4764 εἴδωλά
2417 4728 2581 4781 φησιν
2607 4712 2640 4780 ἡ
2676 4710 2892 4780 Γραφή.
2930 4708 3168 4780 Βδελυρὰ
3196 4709 3326 4775 γὰρ,
3355 4707 3448 4761 καὶ
3480 4706 3663 4777 μίσους

2093 4802 2240 4867 ἄξια,
2266 4802 2293 4854 ὃ
2323 4802 2474 4873 δηλοῖ
2492 4802 2553 4855 τὸ
2574 4802 2974 4873 προσὸχθισμα·
3026 4796 3164 4871 ὡξή
3198 4797 3467 4853 Ῥεϐέκκα
3497 4796 3660 4867 φησί·

2092 4890 2492 4961 Προσώχθισα
2515 4889 2591 4960 τῇ
2613 4891 2792 4961 ψυχῇ
2810 4908 2947 4960 μου,
2964 4889 3062 4944 διὰ
3077 4889 3184 4957 τὰς
3205 4889 3531 4958 θυγατέρας
3552 4885 3662 4939 τῶν

2092 4985 2465 5048 Χαναναίων,
2495 4984 2765 5048 τουτέστι,
2799 4982 3118 5051 Μεμίσηκα.
3150 4980 3262 5034 Καὶ
3294 4982 3320 5034 ὁ
3345 4978 3530 5032 Δαϐίδο
3552 4980 3660 5031 Κα-

2093 5075 2195 5140 κία
2220 5073 2289 5126 δὲ
2314 5075 2388 5128 οὐ
2447 5073 2855 5143 προσώχθισα,
2907 5073 3207 5135 τουτέστιν,
3258 5071 3357 5125 οὐκ
3401 5069 3657 5141 ἐμίσησεν

412 5177 478 5233 Ει
505 5177 700 5241 David,
734 5176 923 5247 Κακία
959 5174 1015 5229 δὲ
1044 5175 1106 5228 οὐ
1155 5173 1528 5247 προσώχθισα,
1564 5173 1618 5227 id
1661 5182 1767 5237 est,
1812 5192 1831 5224 ι
1868 5171 1986 5227 Νοη
2019 5203 2065 5259 D
2094 5165 2305 5259 attinnt).-
2331 5164 2581 5259 ⁸ΘρηνεῖνΔ
2612 5164 2668 5216 δὲ
2715 5163 2864 5259 αξιον
2928 5164 3028 5229 τὴν
3062 5163 3173 5259 των
3194 5160 3492 5259 μϐυσσεϐιῦν
3541 5159 3656 5259 ἀλο-

410 5268 498 5322 odi
526 5267 698 5321 illam.
733 5283 753 5317 ι
785 5264 979 5320 Merito
1006 5273 1187 5320 autem
1218 5264 1554 5335 deploranda
1581 5270 1667 5318 est
1693 5263 1986 5333 impiorum

364 5364 373 5375 '
411 5358 646 5413 insania.
676 5356 888 5412 Etenim
909 5372 1019 5412 non
1034 5357 1213 5412 solum
1243 5371 1437 5427 magna
1470 5355 1746 5419 animalia,
1767 5352 1862 5409 sed
1889 5352 1993 5406 ml-

413 5451 561 5505 n‘ima
590 5449 754 5503 etiam
802 5458 858 5505 et
874 5448 1063 5503 odiosa
1090 5463 1192 5519 pro
1217 5446 1327 5503 diis
1345 5448 1656 5502 coluerunt.
1678 5444 1817 5511 Quid
1844 5444 1988 5499 enim

412 5538 659 5595 odiosius
706 5546 760 5593 et
808 5541 1172 5608 contemptius
1222 5538 1454 5593 musca?
1499 5537 1869 5592 Nihilominus
1901 5544 1987 5590 ta-

414 5644 561 5695 men,
588 5629 779 5684 relieto
795 5627 1086 5684 Conditore
1115 5629 1382 5693 universi,
1405 5643 1607 5685 muscae
1630 5627 1988 5682 simulacrum

414 5722 482 5776 de
513 5723 624 5775 vita
658 5721 1034 5775 consulebant.
1078 5718 1249 5775 Porro
1277 5736 1345 5776 ex
1389 5719 1496 5787 his,
1538 5733 1661 5790 quae
1716 5715 1991 5773 Eusebius

418 5815 687 5886 principio
723 5814 1049 5887 Evangelicw
1068 5815 1480 5884 pra’parationis
1516 5830 1583 5871 ex
1618 5813 1774 5871 libris
1809 5809 1991 5871 Philo-

2092 5257 2240 5325 γίαν.
2278 5256 2352 5308 Οὐ
2375 5254 2484 5326 γὰρ
2515 5255 2674 5326 μόνον
2694 5255 2763 5309 τὰ
2793 5255 3026 5327 μέγιστα
3043 5252 3165 5313 ⁴τῶν
3189 5251 3345 5317 ζώων
3389 5250 3658 5318 ὲθεοποίη-

2092 5364 2212 5412 σαν,
2249 5346 2387 5401 ἀλλὰ
2439 5348 2534 5402 καὶ
2573 5347 2642 5401 τὰ
2674 5347 3050 5419 σμικρότατα,
3081 5346 3178 5398 καὶ
3226 5345 3421 5415 μίσους
3471 5344 3653 5414 μεστά.

2091 5440 2158 5493 Τί
2187 5440 2296 5512 γὰρ
2342 5437 2710 5511 μυσαρὸτερον
2783 5439 2990 5509 μυίας;
3036 5437 3178 5490 Ἀλλ’
3216 5438 3385 5507 ὅμως,
3430 5436 3519 5489 τὸν
3558 5435 3655 5488 τῶν

2092 5531 2229 5586 ὅλων
2281 5520 2676 5593 καταλιπόντες
2723 5531 2877 5595 Θεὸν,
2931 5531 2991 5583 τὸ
3030 5530 3232 5601 ταύτης
3289 5528 3516 5597 ῐνδαλμα
3540 5528 3655 5596 περὶ

2095 5625 2243 5695 ζωῆς
2274 5623 2597 5696 ἐπηρώτων.
2628 5624 2775 5693 Πλὴν
2802 5623 2919 5677 ἔστι
2954 5623 3142 5694 μαθεῖν
3188 5621 3249 5686 ἐξ
3291 5616 3367 5674 ὧν
3407 5618 3653 5682 Εὐσέϐιος

2096 5719 2154 5771 ὲν
2185 5718 2326 5789 ἀρχῇ
2358 5716 2457 5787 τῆς
2472 5715 2886 5784 Εὺατγελικῆς
2911 5711 3426 5783 προπαρασκευῆς
3457 5715 3520 5766 ὲκ
3553 5712 3651 5766 τῶν

2097 5806 2332 5871 Φίλωνος
2358 5806 2738 5879 παρατίθεται,
2782 5806 2856 5869 ὡς
2904 5790 3112 5876 δαίμων
3173 5802 3274 5876 ἦν,
3307 5802 3449 5859 οὕτω
3510 5801 3649 5869 λεγό-
