3992 6474
249 461 380 527 1193
1230 451 1771 516 COMMENTARII
1823 447 1901 508 IN
1947 445 2094 506 LIB.
2123 444 2199 504 IV
2227 441 2518 503 REGUM.
3362 429 3498 493 ΠΜ

236 576 412 634 λοιποὶ
439 573 546 628 τῶν
593 569 978 644 Ἑρμηνευτῶν
1012 569 1282 634 ἐξέδωκαν
1316 567 1572 638 ἀλλαχοῦ.
1609 566 1811 636 Ὅρους

1971 579 2218 650 δνθήκην,
2249 578 2354 632 hoc
2389 583 2474 632 est
2505 572 2710 638 foedus,
2738 579 2792 628 et
2824 578 3068 643 pactum,
3100 577 3161 626 ut
3192 563 3387 638 reliqui
3415 569 3499 622 in-

243 672 348 742 γὰρ
379 667 584 732 αὐτοῖς,
607 665 700 718 καὶ
725 665 946 733 νόμους,
972 661 1258 732 παρέδωκε
1279 659 1556 714 δουλεύειν
1597 657 1810 726 Κυρίῳ.

1971 675 2187 739 rpretes
2233 667 2436 736 ubique
2479 663 2862 720 reddiderunt.
2917 660 3184 731 Regulam
3251 663 3397 716 enim
3444 667 3500 715 et

243 761 356 824 Φῶς
377 759 456 823 δὲ,
487 756 563 819 ὡς
593 753 828 822 ἀληθῶς,
853 750 1176 814 διδάσκαλος
1205 749 1430 820 ἀγαθός.
1481 742 1555 802 Οὔ
1587 745 1810 812 ζῶντος,

1974 776 2067 832 ges
2101 757 2460 832 praescripsit,
2519 766 2580 810 ut
2630 755 2738 810 Deo
2781 756 3078 811 servirent.
3129 751 3271 808 Vere
3317 759 3498 806 autem

244 854 528 923 ὲλᾴτρευον
553 847 632 918 τῷ
653 845 794 916 Θεῷ.
843 845 988 915 Πλὴν
1027 845 1124 898 καὶ
1168 841 1341 907 οὕτως
1391 837 1533 912 ἦσαν
1581 838 1812 904 ἀτελεῖς,

1971 869 2100 908 unus
2151 852 2413 922 magister
2468 849 2558 903 lux
2612 855 2732 914 est;
2789 861 2898 918 quo
2947 845 3163 900 vivente
3211 843 3502 898 Dominum

245 945 462 1006 θύοντες
505 942 599 994 επὶ
623 937 730 992 τῶν
763 934 984 1006 ὑψηλῶν
1033 933 1113 1005 τῷ
1147 933 1288 1004 Θεῷ,
1315 933 1411 987 καὶ
1444 931 1545 986 οὐκ
1572 931 1630 984 ὲν
1665 928 1818 998 νόμῳ

1971 947 2238 1001 oluerunt.
2285 943 2438 996 Adeo
2503 949 2684 994 tamen
2737 950 2896 994 erant
2954 935 3282 1008 imperfecti,
3329 946 3389 990 ut
3447 935 3503 989 in

243 1035 320 1108 τῷ
345 1033 488 1105 Θεῷ,
517 1029 664 1088 καθὰ
687 1027 930 1092 διέταξεν
951 1027 981 1079 ὁ
1009 1027 1192 1098 νόμος.

823 1227 1076 1282 ΚΕΦΑΛ.
1133 1227 1238 1278 IA'.

203 1365 215 1408 ι
309 1325 618 1398 Ἀργύριον
657 1319 1077 1391 συντιμήσεως
1125 1317 1366 1408 ἁιγδρός.
1415 1313 1566 1408 Ἔφη
1607 1311 1714 1382 γὰρ
1763 1313 1822 1408 εν

212 1402 672 1488 ιΔευτερονομίῳ,
705 1411 832 1474 τοὺς
859 1411 1000 1482 ὑπὲρ
1031 1406 1240 1462 ἑαυτῶν
1286 1404 1629 1476 παρέχοντας
1656 1402 1822 1474 τιμὴν

241 1509 318 1580 τῷ
339 1505 484 1577 Θεῷ,
513 1505 714 1564 πόσους
740 1501 958 1564 σίκλους
981 1499 1249 1570 προσήκει
1271 1496 1496 1551 διδόναι.
1522 1495 1703 1566 Ὅπερ
1729 1493 1824 1547 νῦν

241 1599 516 1672 ἀργύριον
555 1595 710 1658 Ἰωὰς
758 1591 1060 1665 προσέταξε
1087 1591 1217 1652 τοὺς
1252 1588 1437 1660 ἱερέας
1470 1587 1822 1658 κομίσασθαι,

241 1694 335 1749 καὶ
361 1687 698 1762 θεραπεύειν
725 1686 793 1739 τὰ
831 1685 1112 1754 πάσχοντα
1145 1679 1240 1734 τοῦ
1272 1679 1424 1744 ναοῦ,
1455 1677 1828 1750 φθειρομένων

239 1779 443 1854 ξύλὼν,
465 1781 499 1852 ἦ
523 1779 706 1832 λίθων.
745 1773 918 1830 Τοῦτο
939 1775 1048 1844 γὰρ
1073 1772 1226 1844 δηλοῖ
1283 1771 1401 1826 τόδε
1446 1771 1574 1833 Βεκ,
1599 1770 1739 1842 ὅπερ
1771 1771 1829 1822 ὲν

239 1871 763 1946 Παρα).ειπομὲναις
785 1861 1151 1918 ἐπισκευάσαι
1195 1860 1290 1914 τὸν
1317 1857 1467 1912 οἷκον
1507 1856 1712 1946 Κυρίου
1741 1857 1828 1910 λέ-

239 1945 348 2037 γει,
383 1962 495 2019 καὶ
523 1959 708 2024 πάλιν,
742 1955 838 2008 τοῦ
871 1951 1210 2026 θεραπεῦσαι
1232 1951 1324 2004 τὸν
1351 1947 1500 2004 οἷκον
1531 1945 1758 2020 Κυρίου.

836 2046 1092 2101 ΚΕΦΔΛ.
1124 2044 1226 2098 ιΒο.

316 2143 432 2198 Καὶ
471 2135 848 2211 μετεμελήθη
877 2135 1111 2203 Κύριος,
1143 2133 1240 2187 καί
1269 2133 1560 2200 οἵκτειρεν
1591 2129 1833 2196 αὐτούς.

247 2232 642 2302 Μεταμέλειαν
665 2226 822 2280 καλεί
848 2222 947 2295 τὴν
982 2224 1091 2276 ἀπὸ
1131 2221 1230 2290 τῆς
1256 2219 1588 2290 δυσκληρίας
1623 2219 1701 2282 είς
1745 2218 1838 2270 εὐ-

248 2324 490 2398 κληρίαν
525 2317 854 2394 μεταὸολήν.

319 2417 486 2475 Λάϐε
539 2413 724 2476 τόξον
765 2409 866 2464 καὶ
904 2407 1188 2474 βολίδας.
1234 2406 1345 2476 Οὐχ
1377 2403 1518 2458 οὕτω
1565 2401 1676 2472 γὰρ
1723 2401 1842 2454 ὲπί-

255 2524 446 2562 στευον
492 2508 606 2568 τοῖς
637 2503 840 2570 λόγοις,
883 2501 958 2562 ὡς
980 2501 1100 2562 ταῖς
1145 2497 1210 2550 δι’
1235 2496 1412 2569 ἔργων
1447 2495 1839 2566 προρρήσεσιν.

263 2596 592 2654 ’Υπολαὸὼν
614 2596 692 2660 δὲ,
715 2595 790 2658 ὼς
819 2592 1126 2657 αὐτόματος
1147 2591 1348 2660 ἀφήσει
1380 2587 1506 2658 βέλη
1530 2583 1724 2648 πολλὰ,
1748 2581 1843 2636 τοῦ

1927 1037 2163 1094 excelsis
2197 1035 2309 1090 Deo
2339 1033 2737 1102 sacriﬁcarent,
2767 1041 2822 1088 et
2864 1047 2972 1087 non
3005 1031 3061 1086 in
3106 1031 3330 1102 templo,
3365 1031 3508 1087 sicut

1931 1130 1984 1184 in
2013 1130 2130 1200 lege
2160 1134 2276 1182 erat
2305 1124 2708 1195 prtescriptnm.
2831 1155 2836 1160 -

2401 1235 2410 1242 -
2471 1212 2626 1268 CAP.
2666 1211 2760 1268 XI.
2799 1211 2966 1285 [χιι]

2001 1309 2168 1364 Vens.
2207 1307 2263 1363 4.
2300 1306 2600 1378 Argentum,
2624 1305 2996 1360 wstimationis
3038 1305 3158 1360 viri.
3198 1303 3340 1360 Dicit
3362 1304 3508 1358 enim

1932 1404 1988 1459 in
2023 1399 2451 1456 Deuteronomio
2491 1397 2562 1453 de
2603 1398 2735 1462 illis,
2777 1395 2872 1466 qui
2901 1411 3000 1451 sua
3028 1409 3222 1468 sponte
3279 1397 3511 1452 Domino

1933 1505 2136 1549 munus
2175 1487 2490 1554 conferunt,
2519 1495 2655 1558 quot
2690 1487 2860 1542 siclos
2889 1501 2986 1542 eos
3010 1486 3142 1542 dare
3175 1487 3510 1553 conveniat;

1934 1599 2099 1656 quam
2149 1581 2440 1654 pecuniam
2495 1578 2628 1636 Joas
2681 1595 2832 1635 nunc
2891 1580 3208 1636 sacerdotes
3257 1581 3515 1651 colligere

1935 1675 2215 1747 praecepit,
2263 1681 2318 1729 et
2369 1670 2600 1728 reﬁcere
2640 1672 2810 1742 ligna,
2845 1679 2900 1727 et
2937 1672 3148 1742 lapides
3186 1673 3242 1727 in
3287 1674 3514 1744 templo.

1938 1767 2053 1823 Hoc
2086 1766 2232 1821 enim
2280 1764 2558 1836 signiﬁcat
2599 1763 2733 1818 illud
2791 1762 2920 1831 Bek,
2967 1763 3116 1835 quod
3157 1765 3212 1818 in
3268 1763 3514 1836 Paralip.

1939 1863 2070 1918 dicit
2095 1875 2404 1932 praeparare
2428 1861 2710 1931 templum’
2743 1859 2984 1929 Domini,
3011 1869 3066 1918 et
3097 1863 3294 1918 iterum
3325 1877 3521 1918 curare

1864 1933 1906 1988 Β
1935 1951 2157 2006 domum
2189 1949 2430 2006 Domini.

2430 2041 2585 2098 CAP.
2645 2043 2765 2098 xu.
2825 2041 3040 2117 [anJ‘

2002 2135 2172 2192 Vens.
2215 2136 2271 2190 4.
2313 2135 2382 2190 Et
2431 2138 2742 2206 pmuiteutia
2789 2141 2984 2192 ductus
3029 2147 3108 2192 est
3153 2136 3433 2202 Dominus,
3466 2148 3519 2194 et.

1937 2231 2184 2284 misertus
2227 2239 2306 2283 est
2357 2246 2559 2284 eorum.
2607 2229 2996 2285 Paenitentiam
3053 2239 3212 2286 vocat
3263 2231 3521 2288 mutatio-

1939 2335 2063 2374 nem
2107 2320 2446 2378 infelicitatis
2488 2322 2540 2375 in
2575 2320 2916 2378 felicitatem.

2011 2411 2178 2469 Vens.
2235 2413 2323 2468 l5.
2365 2413 2554 2484 Accipe
2615 2432 2800 2470 arcum
2831 2423 2880 2470 et
2905 2417 3158 2487 sagittas.
3211 2415 3330 2472 Non
3372 2417 3521 2473 enim

1943 2511 2153 2559 tantum
2213 2507 2510 2563 credebant
2579 2509 2743 2564 nudis
2803 2509 3198 2576 sermonibus,
3247 2517 3518 2580 quantum

1943 2597 2398 2668 praedictionibus
2465 2616 2589 2672 quae
2632 2615 2730 2672 per
2763 2615 2930 2672 opera
2961 2601 3289 2657 edebantur.
3320 2600 3526 2658 Existi-

257 2691 484 2764 πρώτου
518 2687 884 2759 πεμφθέντος,
917 2683 1044 2752 ἔφη,
1083 2682 1234 2752 βέλος
1267 2681 1541 2750 σωτηρίας
1566 2717 1581 2744 ,
1633 2677 1730 2730 καὶ
1776 2673 1846 2728 τὰ

251 2785 406 2854 ἑξῆς.
452 2783 546 2845 Ὧς
566 2779 625 2834 δὲ
649 2777 780 2849 τρία
806 2775 943 2846 μόνα
964 2771 1296 2842 ἐξέπεμψεν,
1325 2769 1591 2841 ἠχθέσθη,
1627 2769 1702 2831 ὡς
1747 2769 1846 2847 τῆς

249 2877 464 2948 Συρίας
501 2873 685 2945 τρίτον
711 2867 1042 2943 ἡττημένης,
1070 2865 1186 2918 ἀλλ’
1207 2864 1267 2916 οὐ
1295 2861 1674 2934 πανωλεθρίαν
1699 2861 1849 2930 δεχο-

253 2967 455 3039 μένηςο

1945 2705 2102 2744 mans
2133 2701 2315 2746 autem
2357 2707 2456 2748 sua
2499 2702 2696 2764 sponte
2734 2694 3050 2764 complures
3087 2696 3317 2766 sagittas
3361 2694 3530 2749 emise-

1946 2796 2157 2850 surum,
2191 2784 2368 2854 prima
2405 2783 2608 2840 emissa
2635 2822 2650 2848 ,
2689 2782 2848 2852 dixit,
2905 2785 3106 2856 sagitta
3153 2785 3372 2848 salutis,
3416 2796 3527 2843 etc.

1947 2871 2244 2944 Postquam
2280 2889 2410 2928 vero
2466 2885 2578 2930 tres
2619 2869 2798 2930 solum
2845 2877 3050 2942 emisit,
3081 2876 3268 2932 dolore
3304 2876 3533 2933 aﬂ‘ectus

1949 2971 2052 3029 est,
2078 2980 2142 3020 eo
2178 2965 2322 3035 quod
2353 2965 2515 3021 tertio
2547 2966 2709 3038 Syria
2741 2967 2960 3038 quidem
3013 2968 3328 3040 superanda
3359 2979 3530 3038 esset,

1951 3071 2060 3111 non
2096 3065 2276 3112 tamen
2329 3060 2554 3115 omnino
2603 3061 3000 3117 exscindenda.

861 3247 1114 3302 ΚΕΦΔΔ.
1163 3245 1264 3301 ll".
1409 3267 1414 3272 -
1612 3328 1635 3332 μ
1721 3328 1753 3332 μ
1879 3275 1922 3332 c

335 3339 406 3394 Ὀ
441 3337 645 3409 ἀκχὰν
675 3336 810 3411 ὁοέν
839 3335 920 3402 τῷ
944 3336 1195 3401 Λιϐάνῳ.
1225 3333 1540 3404 Ἀμεσσίας,
1567 3328 1679 3384 τῶν
1721 3328 1851 3380 Ἰου-

242 3435 428 3488 δαίων
462 3433 616 3502 νόμῳ
643 3429 880 3496 πολέμου
911 3430 1213 3498 κρατήσας,
1241 3418 1442 3498 ἠλπισε
1465 3423 1561 3478 καὶ
1593 3423 1692 3482 τὰς
1719 3420 1852 3473 δέκα

239 3531 516 3597 νικήσειν
541 3523 739 3594 φυλάς.
797 3523 909 3574 Καὶ
961 3519 1318 3589 προεκαλεῖτο
1357 3518 1494 3588 πρὸς
1547 3516 1724 3586 μάχην
1763 3513 1854 3566 τὸν

235 3613 620 3692 βασιλέα..τοῦ
657 3611 898 3684 Ἰσραήλ.
941 3611 998 3664 'U
1025 3610 1080 3662 δὲ
1101 3609 1200 3680 τὴν
1219 3607 1524 3678 παροιμίαν
1555 3606 1852 3676 ἐδήλωσεν,

232 3709 419 3764 αὑτὸν
453 3707 776 3769 ἀπεικάσας
807 3708 874 3778 τῇ
905 3705 1102 3776 κέδρῳ,
1135 3704 1344 3758 ἐκεῖνον
1374 3701 1432 3755 δὲ
1457 3699 1534 3770 τῷ
1559 3699 1756 3768 ἀκχάν.

2459 3243 2615 3298 CAP.
2657 3243 2791 3300 xm.
2848 3243 3042 3319 μιν]

2031 3334 2197 3390 Vens.
2266 3336 2321 3390 9.
2394 3335 2644 3392 Carduua
2701 3339 2755 3392 in
2806 3337 3034 3393 Libano.
3091 3337 3366 3406 Amesias,
3421 3340 3540 3410 lege

1957 3427 2083 3482 belli
2120 3428 2171 3480 in
2204 3425 2428 3484 Iudaeos
2479 3429 2769 3498 imperium
2808 3435 3023 3494 tenens,
3069 3434 3311 3501 speravit
3347 3447 3406 3486 se
3457 3435 3544 3486 de.

1959 3531 2076 3571 cem
2125 3532 2347 3587 quoque
2397 3501 2578 3572 tribus
2613 3518 2972 3584 domituram,
3005 3528 3060 3572 et
3100 3535 3282 3591 regem
3323 3520 3542 3576 lsraelis

1961 3605 2027 3659 ad
2085 3621 2319 3676 pugnam
2360 3608 2716 3676 provocabat.
2767 3609 2862 3664 ille
2925 3623 3056 3664 vero
3117 3610 3430 3678 parabolam
3489 3628 3540 3668 Cl

1960 3698 2268 3767 proposuit,
2303 3698 2552 3768 seipsum
2604 3700 2770 3755 cedro
2803 3715 3152 3766 comparans,
3207 3703 3358 3758 illum
3413 3719 3544 3758 vero

1961 3791 2089 3844 card
2099 3805 2191 3848 uo.

2034 3879 2200 3935 Vens.
2245 3881 2336 3937 14.
2391 3878 2462 3934 Et
2510 3881 2654 3948 ﬁlios
2705 3882 3134 3938 commistionum
3187 3886 3545 3940 abominatio-

1963 3988 2110 4027 num.
2148 3970 2261 4027 Hoc
2301 3980 2407 4037 est,
2457 3971 2723 4028 falsorum
2759 3974 2986 4029 deorum
3034 3977 3374 4042 sacerdotes,
3422 3993 3549 4048 pro-

1965 4067 2235 4120 miscuam
2277 4066 2520 4134 ipsorum
2557 4066 2965 4123 multitudinem
2991 4069 3334 4138 signiﬁcans.

317 3886 450 3944 Καὶ
487 3883 637 3952 τοὺς
671 3883 844 3948 υιοὺς
875 3883 994 3937 τῶν
1013 3879 1367 3950 σνμμίξεων
1380 3874 1860 3946 τῶνβδελυγμιί-

240 3997 402 4036 των.
430 3975 723 4041 Τουτέστι,
760 3976 886 4038 τοὺς
913 3973 1022 4026 τῶν
1049 3970 1416 4042 ψευδωνύμων
1468 3968 1606 4023 θεῶν
1656 3965 1859 4037 ίερέας,

241 4075 312 4129 τὸ
333 4073 596 4128 ἄτακτον
622 4067 807 4123 αὐτῶν
838 4065 1042 4136 πλῆθος
1078 4063 1274 4132 δηλῶν.

328 4162 470 4228 Τὴν
492 4155 712 4226 Αιλώμ.
745 4155 856 4226 Τὴν
883 4155 978 4208 νῦν
1007 4152 1417 4223 ὀνομαζομένην
1439 4149 1648 4212 ’Δϊλὰν,
1675 4147 1768 4202 ἐπὶ
1785 4145 1863 4217 τῷ
1924 4195 1930 4200 ,

245 4252 514 4322 στόματι
541 4245 633 4300 τοῦ
669 4243 962 4316 ’Δραὸικοῦ
993 4243 1194 4296 κόλπου
1219 4232 1502 4311 κειμένην,
1521 4236 1864 4308 ὃνἘρυθρὰν

243 4335 755 4415 προσαγορεύουσι
786 4335 1078 4388 θάλατταν.

887 4425 1139 4481 ΚΕΦΑΔ.
1177 4426 1272 4480 ῙΔ’.

2035 4155 2202 4212 Vens.
2249 4157 2340 4212 22.
2385 4156 2592 4213 Αῖίοηι.
2643 4158 2774 4225 Quze
2823 4159 2986 4216 hodie
3033 4162 3151 4215 Aila
3207 4163 3548 4230 nominatur,

1967 4251 2071 4305 sita
2129 4248 2286 4319 juxta
2319 4249 2522 4305 ostium
2575 4251 2730 4308 sinus
2773 4251 3012 4318 Arabici,
3051 4269 3212 4324 quem
3255 4270 3406 4309 mare
3433 4253 3548 4308 llu-

1968 4340 2128 4395 brum
2166 4340 2465 4410 appellant.

2459 4430 2614 4488 CAP.
2675 4431 2818 4488 xw.
2885 4431 3052 4506 [xv]

2040 4522 2209 4579 Vens.
2252 4523 2306 4578 5.
2346 4523 2418 4578 Et
2476 4525 2642 4594 tetigit
2691 4525 2946 4578 Dominus
2994 4541 3184 4596 regem.
3222 4527 3446 4584 Planius
3482 4529 3551 4583 de

1897 4651 1940 4706 D
1966 4621 2132 4677 rebus
2161 4621 2328 4690 hujus
2362 4621 2506 4690 regis
2535 4621 2780 4692 loquitur
2811 4622 2905 4676 lib.
2949 4620 3191 4694 Paralip.

2039 4711 2107 4768 In
2131 4712 2288 4766 domo
2329 4713 2657 4783 Apphusotlt.
2697 4713 2910 4782 Reliqui
2957 4717 3261 4787 κρυφαίως,
3305 4719 3549 4784 latenter,

1967 4813 2364 4877 exposuerunt.

321 4525 451 4585 Kal
484 4523 692 4594 ἥψατο
725 4521 941 4590 Κύριος
988 4519 1096 4574 τοῦ
1133 4519 1468 4583 βασιλέως.
1521 4516 1864 4586 Σαφέστερον

216 4621 309 4692 ﬁ
346 4617 514 4676 κατὰ
555 4613 744 4668 τοῦτον
769 4615 827 4666 ὲν
865 4609 1381 4682 Παραλειπομέναις
1412 4610 1598 4680 φησίν.

333 4712 447 4764 Ἐν
470 4705 630 4770 οἴκῳ
669 4701 1036 4773 Ἀπεσουσώθ.
1065 4703 1127 4756 Οί
1147 4701 1325 4754 λοιποὶ
1350 4700 1654 4770 κρυφαίως
1673 4697 1866 4764 ἐξέδω-

247 4818 388 4858 καν.

874 4889 1128 4943 ΚΕΦΑΛ.
1184 4887 1285 4942 1Ε’.

319 4991 451 5047 Καὶ
494 4982 648 5049 τοὺς
701 4983 872 5048 υἱοὺς
896 4981 1084 5036 αὑτοῦ
1118 4979 1329 5050 διῆγεν
1354 4980 1424 5034 ἐν
1469 4980 1634 5050 πυρί.
1682 4977 1865 5032 Ἔοικα

235 5077 463 5152 δηλοῦν
489 5073 562 5126 τδ
589 5070 780 5142 μέχρις
802 5070 960 5140 ἡμῶν
989 5069 1200 5139 φθάσαν
1223 5068 1320 5137 τῆς
1348 5068 1558 5137 πλάνης
1584 5064 1742 5130 εἶδος.
1773 5066 1871 5119 Ἕν

236 5189 366 5228 τισι
390 5168 523 5240 γὰρ
562 5164 786 5217 πόλεσιν
814 5161 964 5226 ἅπαξ
992 5159 1086 5214 τοῦ
1123 5160 1276 5223 ἔτους
1332 5163 1391 5213 ἐν
1424 5162 1545 5224 ταῖς
1584 5159 1870 5222 πλατείαις

237 5261 604 5333 ἁπτομένας
631 5254 813 5325 πυρὰς
842 5252 1134 5307 ἐθεάσαντό
1163 5270 1330 5316 τινες,
1357 5253 1450 5306 καὶ
1475 5251 1678 5314 ταύτας
1700 5251 1872 5322 ὑπερ-

240 5353 618 5426 αλλομένους
653 5347 827 5410 τινὰς,
856 5346 954 5400 καὶ
1003 5345 1306 5414 πηδῶντας,
1349 5345 1410 5396 οὐ
1445 5343 1606 5413 μόνον
1656 5342 1873 5408 παῖδας,

240 5448 403 5504 ἀλλὰ
469 5441 584 5496 καὶ
613 5438 830 5510 ἄνδρας·
860 5435 929 5490 τὰ
959 5434 1016 5489 δὲ
1052 5436 1230 5508 βρέφη
1273 5435 1425 5507 παρὰ
1465 5435 1573 5488 τῶν
1623 5435 1876 5505 μητέρων

245 5530 727 5608 παραφερόμενοι
750 5528 842 5582 διὰ
866 5528 969 5599 τῆς
996 5527 1213 5596 φλογὸς,
1246 5526 1383 5596 πρὸς
1427 5525 1875 5596 ἀποτροπιασμὸν

183 5639 190 5646 ’
243 5630 458 5700 δῆθεν,
497 5621 610 5676 καὶ.
635 5619 927 5692 κάθαρσιν.
965 5619 1270 5687 Ἱώσηππος
1295 5617 1352 5670 δὲ
1383 5617 1480 5670 καὶ
1511 5617 1603 5670 τὸν
1637 5617 1733 5670 ἕνα
1769 5618 1878 5670 τῶν

248 5721 404 5776 υἱῶν
446 5711 842 5772 ὀλοκαυτῶσαί
873 5728 1029 5782 φησι,
1055 5709 1148 5763 τὸν
1183 5707 1350 5780 ’Δχὰζ
1377 5707 1455 5780 τῷ
1483 5709 1654 5765 Βαάλ.

2475 4898 2628 4954 CAP.
2667 4899 2788 4956 xv.
2820 4899 3020 4974 {xu}

2046 4987 2212 5046 Vens.
2253 4991 2308 5045 5.
2349 4990 2418 5046 Et
2454 4991 2598 5062 ﬁlios
2631 5009 2754 5048 suos
2785 4993 3028 5048 traduxit
3049 5011 3141 5063 per
3163 4995 3354 5065 ignem.
3393 4995 3553 5050 Vide-

1973 5091 2060 5137 tur
2081 5083 2398 5153 signiﬁcare
2425 5085 2667 5153 speciem
2700 5085 3040 5155 erroris.qui
3062 5086 3127 5140 ad
3154 5093 3345 5139 nostra
3377 5102 3550 5157 usque

1973 5183 2219 5246 tempora
2249 5179 2515 5246 pervenit.
2554 5175 2610 5230 In
2653 5177 2984 5247 quibusdam
3021 5177 3165 5232 enim
3207 5177 3434 5234 urbibus
3465 5194 3552 5234 se—

1975 5268 2079 5324 mel
2135 5268 2188 5321 in
2245 5283 2390 5322 anno
2421 5283 2686 5322 accensas
2723 5283 2887 5338 pyras
2939 5283 3036 5336 per
3066 5269 3278 5336 plateas
3328 5268 3550 5338 quidam

1975 5359 2356 5429 inspexerunt,
2389 5369 2443 5415 et
2477 5375 2573 5430 per
2597 5359 2722 5414 illas
2751 5359 3150 5424 transilientes,
3185 5368 3240 5412 et
3263 5360 3549 5423 saltantes.

1976 5467 2085 5506 non
2114 5452 2314 5523 pueros
2357 5452 2542 5516 modo,
2576 5451 2671 5506 scd
2719 5453 2882 5504 etiam
2930 5451 3115 5506 viros:
3174 5449 3420 5508 infantes
3450 5468 3553 5506 au-

1977 5553 2085 5599 tem
2139 5559 2170 5598 a
2203 5544 2476 5598 matribus
2524 5549 2770 5613 gestatos
2816 5557 2914 5606 per
2945 5543 3241 5607 ﬂammam,
3296 5544 3552 5597 nimirum

1979 5642 2202 5706 propter
2243 5634 2618 5704 depulsionem
2679 5633 2975 5699 malorum,
3029 5641 3083 5687 et
3144 5633 3552 5688 lustrationem.

1981 5726 2256 5797 Iosephus
2290 5735 2469 5780 autem
2511 5725 2664 5788 dicit,
2692 5725 2873 5779 Achaz
2909 5741 3076 5780 unum
3109 5741 3172 5780 ex
3219 5725 3347 5780 ﬁliis
3381 5716 3554 5779 totum

1981 5819 2086 5890 ipsi
2123 5819 2250 5870 Baal
2278 5817 2674 5872 combussisse.

329 5913 465 5974 Kal
507 5905 640 5966 εἶδε
677 5910 744 5963 τὸ
789 5908 1244 5976 θυσιαστήριον.
1298 5909 1514 5963 Ἔοικεν
1543 5909 1604 5962 ού
1657 5908 1736 5981 τῷ
1766 5907 1843 5964 τῶ

2060 5908 2223 5965 Vens.
2269 5908 2353 5964 42.
2399 5907 2466 5962 Et
2499 5908 2624 5962 vidit
2687 5906 2878 5964 altare.
2939 5905 3058 5962 Non
3117 5904 3249 5966 Deo,
3311 5900 3554 5960 universi

622 6007 898 6066 ΡΑτιιοι..
947 6005 1065 6065 Gn.
1102 6003 1489 6079 LXXXVII.

3167 5998 3246 6058 38
