3992 6406
203 317 340 388 ’1137

1127 311 1664 374 COMMENTARII
1707 308 1784 368 IN
1816 306 1960 368 LIB.
2008 302 2084 362 IV
2124 294 2418 358 REGUM.

3342 281 3479 348 1198

288 425 650 500 Ἡμάρτηκα,
698 423 1121 494 ἀποστράρηοι
1171 424 1274 477 ἀπ’
1315 421 1482 492 ἐμοῦ.
1518 417 1689 489 Ἀχὰζ
1711 460 1725 483 ,
1767 417 1796 468 ὁ

1968 408 2139 464 Vens.
2175 407 2262 460 M.
2311 400 2561 465 Peccavi,
2589 406 2822 454 arertere
2863 413 2895 450 a
2936 412 3038 450 me.
3074 394 3284 460 AclIaz,
3319 404 3478 464 pater

209 525 390 595 πατὴρ
421 519 690 584 Ἐζεκίου,
736 517 828 571 τὸν
869 515 1270 588 Θαλλαφαλσὰρ
1297 517 1322 556 8
1366 515 1445 578 είς
1475 510 1794 584 συμμαχίαν

207 617 348 671 κατὰ
367 616 480 668 τῶν
520 611 711 684 Σύρων
745 609 1003 677 καλέσας,
1039 610 1204 682 φόρον
1231 607 1473 660 τελέσειν
1505 605 1790 672 ὑπέσχετο,

207 708 300 760 καὶ
323 703 514 758 τοῦτον
545 705 754 766 ἐκεῖνος
785 701 1056 756 διετέλεσε
1087 698 1364 770 παρέχων·
1391 699 1419 750 ὁ
1439 696 1496 749 δὲ
1519 693 1790 770 Ἐζεχίας,

207 799 297 853 τὸν
334 795 684 868 ἐπικείμενον
717 793 928 863 δασμὸν
975 792 1076 847 οὐκ
1122 790 1331 857 ἐξέτισε
1355 804 1369 818 ⁸
1405 788 1505 860 τὴν
1537 787 1594 840 δὲ
1631 803 1798 858 στρα-

218 889 329 942 τιὰν
359 885 502 954 ἰδὼν,
540 885 734 940 δώσειν
767 886 1062 956 ὑπέσχετο.

283 982 394 1046 Τὰς
422 982 606 1048 θίφας
631 979 739 1032 τοῦ
772 978 928 1034 ναοῦ
971 979 1215 1046 Κυρίου.
1248 975 1322 1030 Οὐ
1357 973 1467 1046 γὰρ
1508 974 1712 1045 ἤρκουν
1745 972 1795 1024 οἱ

211 1072 480 1148 βασιλικοὶ
533 1071 820 1143 θησαυροὶ,
870 1069 992 1124 ὅθεν
1041 1069 1135 1122 ἐπὶ
1175 1068 1305 1131 τοὺς
1347 1068 1528 1139 ἱεροὺς
1569 1065 1712 1120 κατά
1745 1082 1797 1118 τι

212 1167 326 1228 ἐθος
357 1163 423 1218 δι’
450 1163 702 1234 ἀνάγκην
729 1161 1019 1233 ἐτράπετο,
1055 1160 1143 1214 ἵνα
1178 1159 1254 1232 μὴ
1278 1159 1372 1214 καὶ
1399 1159 1492 1212 τὸν
1515 1155 1646 1212 ναὸν
1703 1157 1800 1210 καὶ

216 1256 306 1328 τὴν
355 1255 515 1306 πόλιν
574 1254 947 1324 ὲμπρήσωσιν
983 1253 1034 1306 oi
1084 1251 1360 1322 πολέμιοι.
1407 1247 1567 1304 Μετὰ
1613 1249 1672 1302 δὲ
1700 1248 1798 1318 τὴν

211 1348 420 1421 χρείαν,
454 1344 808 1416 ἀναπληροῦν
836 1346 1036 1409 αὐτοὺς
1069 1345 1133 1398 ὲκ
1175 1342 1289 1397 τῶν
1327 1343 1582 1414 πολέμων
1611 1339 1800 1394 εἰώθε-

213 1458 328 1493 σαν.
370 1439 512 1492 Νυνὶ
553 1436 609 1491 δὲ
644 1438 740 1490 καὶ
787 1437 888 1502 τὰς
931 1436 1102 1509 θύρας
1134 1435 1404 1507 ἐχώνευσε
1437 1435 1537 1500 τὰς
1567 1435 1796 1506 χρυσᾶς,

212 1529 274 1594 ἃς
301 1528 548 1597 ἐποίησε,
581 1527 677 1580 καὶ
714 1525 842 1590 τούς
869 1527 1076 1580 τούτων
1107 1525 1405 1596 σταθμούς.

283 1621 403 1673 Οὐκ
428 1617 782 1686 ἀπέστησεν
809 1617 882 1671 τὰ
906 1617 1117 1686 ὑψηλὰ
1144 1618 1332 1674 αὐτοῦ
1353 1633 1373 1681 ;
1395 1617 1558 1687 Δηλοῖ
1586 1615 1743 1670 πάλιν
1773 1617 1801 1669 ό

215 1711 587 1784 συγγραφεὺς,
633 1710 717 1764 ὅτι
745 1709 807 1762 οὐ
843 1709 1003 1782 μόνον
1046 1710 1116 1764 τὰ
1147 1709 1354 1781 τεμένη
1384 1709 1496 1763 τῶν
1530 1709 1800 1780 δαιμόνων

213 1802 578 1872 ὀνομάζουσιν
614 1801 816 1872 ὑψηλὰ,
851 1799 990 1854 ἀλλὰ
1029 1803 1126 1854 καὶ
1153 1799 1224 1853 τὰ
1263 1799 1343 1870 τῷ
1373 1799 1492 1870 Θεῷ
1521 1800 1632 1852 τῶν
1665 1797 1802 1854 ὅλων

213 1898 267 1951 ιν
289 1897 399 1958 τοῖς
441 1893 669 1964 ὑψηλοῖς
701 1893 887 1956 τόποις
923 1891 1276 1964 δεδηλωμένα
1309 1891 1693 1963 θυσιαστήρια.

277 1986 386 2044 Καὶ
415 1981 551 2039 εἷπε
579 1982 660 2050 τῷ
700 1984 908 2053 Ἰούδᾳ,
938 1983 1036 2038 καὶ
1058 1983 1132 2052 τῇ
1174 1982 1587 2052 Ἰερουσαλήμ.
1617 1980 1803 2036 Ταῦτα

215 2078 392 2146 ἔλεγεν
425 2078 457 2130 ό
499 2073 798 2145 Ῥαψάκης,
841 2073 1093 2146 Ἐϐραῖος
1119 2071 1214 2141 ὢν,
1239 2074 1315 2137 ὡς
1340 2073 1508 2141 είκδς,
1543 2073 1636 2128 καὶ
1669 2073 1805 2144 πρὸς

215 2169 456 2234 ἐκείνους
493 2167 896 2237 αὐτομολήσας,
942 2167 1062 2237 ἦτοι
1105 2165 1638 2237 ὲξανδραποδισθεὶς,
1683 2166 1803 2231 καὶ,

216 2265 287 2328 ὡς
338 2261 560 2318 εὐνοιαν
615 2259 796 2325 δείξας
850 2261 961 2324 τοῖς
1014 2259 1344 2332 Ἀσσυρίοις,
1397 2259 1498 2331 τὴν
1547 2260 1804 2330 στρατιὰν

218 2353 534 2426 θαῤῥηθείς.
563 2352 642 2424 Τῇ
666 2352 778 2423 γὰρ
819 2351 1060 2424 Ἐϐραΐδι
1088 2351 1390 2423 χρώμενος,
1422 2352 1657 2406 ἐποιεῖτο
1678 2351 1806 2414 τοὺς

218 2447 425 2518 λόγους.

804 2535 1058 2589 ΚΕΦΛΛ.
1107 2537 1214 2590 lH'.

292 2626 412 2681 Ὅτι
446 2623 641 2698 ἦλθον
693 2629 747 2682 oi
795 2625 915 2679 υἱοὶ
993 2625 1104 2692 ἕως
1156 2625 1405 2682 ὠδίνων.
1467 2627 1807 2698 Φλεγόμεθα,

224 2720 372 2789 φησὶ,
405 2719 488 2789 τῷ
530 2717 714 2790 θυμῷ,
742 2717 854 2770 τῶν
891 2717 1151 2789 ἀρρήτων
1187 2717 1412 2772 ἐκείνων
1451 2717 1808 2788 βλασφημιῶν

223 2810 648 2873 ἐπακούσαντες.
709 2808 955 2864 Κολάσαι
1011 2809 1069 2862 δὲ
1119 2809 1246 2874 τοὺς
1302 2808 1503 2880 ἄνδρας
1541 2811 1806 2876 ἐκείνους,

223 2902 342 2966 τοὺς
373 2900 684 2966 δυσσεϐεῖς,
721 2901 784 2958 οὐ
829 2901 1130 2974 δυνάμεθα.
1177 2901 1343 2958 Ὅθεν
1373 2902 1690 2976 ἱκετεύομεν
1719 2903 1809 2956 τὸν

223 2993 328 3045 τῶν
385 2992 749 3064 βλασφημιῶν
799 2992 1022 3048 ἐκείνων
1079 2994 1354 3065 ἀκηκοότα
1399 2995 1552 3060 Θεὸν,
1604 2994 1810 3059 διδάξαι

225 3087 346 3150 τούς
403 3084 674 3152 ἀνοσίους,
718 3085 796 3150 ὡς
825 3086 927 3140 οὐκ
961 3084 1108 3141 ἔστιν
1157 3081 1238 3152 εἷς
1301 3086 1810 3160 τῶψκαλουμένων

226 3177 379 3231 θεῶν.

306 3271 464 3328 Ἰδοὺ
490 3272 606 3343 ἐγὼ
640 3267 848 3344 δίδωμι
873 3273 1113 3342 πνεῦμα
1151 3273 1223 3327 ἐν
1253 3272 1434 3339 αὐτῷ.
1490 3275 1708 3356 μειλίαν
1738 3271 1816 3330 οἶ-

226 3381 325 3433 μαι
351 3365 569 3435 δηλοῦν.
602 3365 712 3418 Καὶ
743 3365 854 3434 γὰρ
886 3367 914 3417 ό
938 3363 1081 3428 θεῖος
1127 3365 1456 3430 Ἀπόστολος
1481 3365 1654 3430 οὕτως
1687 3367 1812 3439 ἔφη,

229 3475 248 3506 ι
284 3456 356 3508 υύ
391 3456 504 3526 γὰρ
533 3455 732 3507 ἔδωκεν
761 3456 892 3524 ἡμῖν
917 3453 1134 3525 πνεῦμα
1159 3454 1382 3518 δειλίας.
1415 3474 1435 3508 ι

290 3545 402 3599 Καὶ
431 3544 634 3613 ἀπῆρε
664 3547 1070 3616 Σενναχειρίμ.
1115 3546 1174 3600 '0
1212 3548 1572 3620 Σενναχειρὶμ
1601 3549 1692 3604 τὸν
1722 3547 1818 3604 Θά-

216 3651 374 3689 νατον
403 3634 718 3707 τηνικαῦτα
737 3635 1014 3706 διέφυγεν,
1043 3635 1130 3689 ἵνα
1159 3639 1296 3693 πᾶσι
1329 3641 1568 3712 μηνύσῃ,
1597 3640 1696 3712 ὅση
1721 3639 1815 3694 τοῦ

213 3726 351 3780 Θεοῦ
373 3726 658 3791 Ἰουδαίων
681 3729 714 3798 ἡ
738 3727 990 3798 δύναμις.
1008 3727 1188 3794 Εὐθὺς
1220 3729 1277 3784 δὲ
1300 3731 1450 3801 παρὰ
1471 3731 1582 3786 τῶν
1607 3733 1816 3786 παίδων

215 3819 448 3886 ἐδέξατο
474 3817 571 3891 τὴν
604 3818 816 3894 δικαίαν
846 3818 1087 3891 σφαγήν.

300 3994 423 4063 Τὴν
464 3991 734 4063 'Apapdt.
767 3991 880 4064 Τὴν
905 3993 1218 4064 Ἀρμενίαν.

811 4085 1063 4139 ΚΕΦΑΛ.
1120 4085 1221 4142 18'.

294 4175 405 4234 Καὶ
466 4175 839 4245 ἀρθήσονται
891 4175 1085 4231 πάντα
1139 4175 1211 4230 τὰ
1259 4177 1328 4232 ἐν
1359 4179 1442 4246 τῷ
1477 4181 1624 4251 οίκῳ
1671 4197 1809 4240 σου.

227 4267 350 4323 Ὀτι
377 4267 500 4321 δέον
537 4269 632 4321 τοῦ
657 4266 792 4322 Θεοῦ
817 4266 1027 4335 διδάξαι
1059 4269 1160 4338 τὴν
1187 4268 1438 4341 δύναμιν,
1463 4273 1558 4328 καὶ
1584 4275 1684 4346 τὴν
1707 4292 1810 4346 κη-

224 4359 500 4430 δεμονίαν,
539 4353 606 4430 ἧς
636 4357 814 4430 ἔτυχε,
844 4359 937 4412 τὸν
969 4360 1199 4415 πλοῦτον
1229 4362 1626 4430 ὐπέδειξε,’τὸν
1661 4367 1811 4422 οὐδὲν

225 4452 416 4522 ἔχοντα
445 4451 690 4523 μόνιμον.

485 4536 488 4540 ’
833 4550 1085 4606 nectit.
1121 4554 1208 4610 K'.

294 4640 405 4696 Καί
439 4639 697 4710 ἐποίησε
743 4642 1088 4712 Μανασσῆς
1130 4645 1198 4700 τὸ
1253 4647 1542 4715 πονηρόν.
1576 4647 1698 4702 Ὅτι
1745 4649 1806 4702 οὐ
1867 4631 1874 4637 ’

232 4730 385 4796 φύσις
413 4733 470 4786 ὲν
501 4734 615 4794 τοῖς
643 4731 916 4803 ψυχικοῖς,
954 4734 1089 4788 ἀλλὰ
1122 4735 1314 4808 γνώμη
1350 4741 1566 4808 κρατεῖ,
1593 4757 1808 4810 μαρτυ-

231 4823 311 4890 ρεῖ
355 4825 680 4895 Μανασσῆς,
723 4825 823 4897 τὴν
865 4827 1067 4898 εὐσεϐῆ
1114 4827 1210 4881 τοῦ
1259 4830 1496 4901 πατέρος
1527 4831 1804 4887 πολιτείαν

228 4913 566 4982 καταλιπὼν,
592 4916 688 4969 καὶ¹
706 4914 805 4990 τὴν
832 4917 1083 4973 ἐναντίαν
1113 4919 1359 4987 ὁδεύσας.

295 5190 470 5262 [Idan
504 5187 580 5258 τῇ
609 5191 859 5261 στρατιᾷ
895 5194 1002 5249 τοῦ
1028 5197 1310 5265 οὐρανοῦ.
1353 5199 1542 5272 Ἡλίῳ,
1591 5204 1684 5258 καὶ
1723 5223 1811 5258 σε-

227 5277 380 5352 λήνῃ,
415 5281 510 5334 καὶ
541 5281 824 5352 ἀστράσιν.

309 5371 557 5442 Ἠχῆσαι
595 5373 899 5445 ἀμφότερα
927 5380 998 5432 τὰ
1039 5373 1178 5434 ὦτα.
1211 5380 1616 5457 Ἐκπληκτικὴν
1651 5388 1804 5455 ἠγεῖο

232 5461 352 5516 σθαι
378 5463 476 5534 τὴν
513 5465 700 5532 ἀκοήν.
1327 5479 1340 5490 ‘

335 5575 424 5630 “ll
453 5576 591 5632 Tim.
625 5593 663 5644 ι,
696 5577 747 5630 7.

1899 498 2170 560 Ezechiae,
2205 490 2677 562 Tlteladphalasar
2725 486 2780 540 in
2829 484 3100 540 auxilium
3151 493 3340 539 contra
3375 485 3477 552 8)·-

1899 605 1993 645 ros
2025 601 2254 651 vocans,
2286 598 2345 638 se
2376 583 2454 636 illi
2496 579 2766 635 tributum
2813 578 3074 632 daturum
3113 575 3394 646 promisit,
3427 587 3482 630 rt

1899 671 2168 754 perpetuo
2208 677 2382 732 dedit.
2424 672 2687 728 Ezechias
2721 675 2902 724 autem
2950 668 3270 739 impositum
3302 667 3483 722 tribu-

1899 783 2015 828 tum
2041 772 2163 842 Inon
2200 767 2505 840 persolvit;
2547 779 2672 819 cum
2708 769 2896 817 autem
2943 768 3273 832 apparatum
3325 758 3485 816 belli-

1901 879 2030 938 cum
2056 861 2292 922 videret,
2330 875 2390 914 se
2433 856 2848 928 persoluturum
2883 853 3160 924 promisit.

1965 951 2135 1008 Vens.
2167 948 2484 1006 l6.Januas
2526 947 2711 1014 templi
2741 943 2974 998 Domini.
3009 941 3128 999 Non
3162 941 3308 998 enim
3335 941 3486 996 suni-

1900 1047 2122 1103 ciebant
2171 1041 2419 1098 thesauri
2478 1037 2663 1109 regii;
2699 1049 2874 1106 quare
2935 1051 3035 1106 pro
3085 1049 3257 1102 more,
3300 1033 3484 1105 aliqua

1901 1137 2217 1212 impellente
2250 1131 2604 1196 necessitate,
2653 1129 2721 1184 ad
2771 1141 2860 1184 res
2905 1142 3096 1184 sacras
3127 1127 3486 1182 converteba-

1903 1241 2015 1298 tur,
2067 1245 2137 1284 ne
2184 1228 2375 1283 hostes
2419 1223 2606 1278 urbem
2675 1230 2730 1276 et
2773 1221 3043 1291 templum
3097 1220 3482 1275 incenderent.

1902 1325 2200 1394 Postquam
2258 1332 2392 1374 vero
2430 1317 2517 1372 usi
2569 1323 2780 1381 essent,
2838 1321 3032 1384 postea
3078 1313 3370 1368 restituere
3418 1328 3484 1366 ex

1903 1417 2060 1474 bellis
2118 1412 2392 1469 solebant.
2455 1405 2616 1462 Nunc
2666 1405 2832 1460 etiam
2859 1405 3064 1474 januas
3097 1417 3316 1470 aureas,
3346 1419 3484 1473 quas

1903 1504 2055 1568 fecit,
2087 1510 2141 1556 et
2173 1499 2434 1555 cardines
2464 1495 2685 1550 illarum
2713 1490 2998 1570 conﬂavit.

1968 1593 2136 1648 Vens.
2169 1590 2260 1645 22.
2293 1587 2485 1642 Nonne
2509 1584 2778 1638 destruxit
2817 1581 3027 1647 excelsa
3055 1581 3170 1650 ejus
3195 1580 3218 1634 ?
3249 1578 3488 1635 Histori-

1905 1702 2007 1742 cus
2039 1685 2238 1739 iterum
2281 1677 2579 1750 signiﬁcat,
2613 1674 2759 1746 quod
2803 1689 2914 1728 non
2945 1673 3126 1729 solum
3169 1673 3325 1728 lucos
3381 1672 3490 1726 dte-

1835 1765 1875 1820 Β
1907 1787 2132 1830 monum
2165 1769 2382 1826 excelsa
2422 1766 2683 1837 appellet,
2722 1763 2820 1818 sed
2861 1763 3028 1818 etiam
3061 1761 3260 1817 altaria
3302 1759 3356 1815 in
3389 1776 3488 1815 et-

1904 1867 2068 1924 cclsis
2103 1863 2240 1920 locis
2297 1861 2432 1926 Deo,
2484 1857 2732 1914 universi
2789 1854 3086 1918 conditori,
3135 1862 3487 1909 consecrata.

1968 1955 2121 2034 Dixit
2176 1950 2246 2006 ad
2299 1948 2470 2017 Juda,
2541 1957 2590 2002 et
2655 1945 2982 2000 Jerusalem.
3029 1943 3158 1999 Hazc
3209 1942 3489 2014 Rapsaces

1905 2048 2072 2112 dixit,
2103 2059 2265 2116 quem
2294 2040 2594 2098 verisimile
2626 2047 2711 2095 est
2744 2037 3035 2093 Hebraeum
3069 2034 3264 2102 fuisse,
3301 2041 3378 2096 et,
3403 2034 3490 2088 vel

1905 2149 2106 2214 sponte
2140 2138 2206 2192 ad
2243 2135 2500 2208 Assyrios
2545 2129 2884 2204 profugisse,
2939 2129 3024 2184 vel
3075 2128 3222 2183 bello
3268 2135 3488 2196 captum

1903 2250 2068 2300 esse;
2123 2240 2199 2300 et,
2235 2241 2291 2285 ut
2319 2226 2565 2299 Assyriis
2599 2239 2759 2280 suam
2803 2221 3248 2280 benevolentiam
3299 2229 3492 2275 osten-

1905 2326 2080 2390 deret,
2115 2322 2418 2380 exercitum
2468 2318 2851 2373 conﬁrmasse.
2903 2313 3172 2370 Hebraica
3205 2311 3352 2367 enim
3384 2309 3477 2364 lin-

1905 2435 2010 2492 gua
2043 2432 2179 2472 usus
2210 2413 2518 2470 orationem
2549 2409 2763 2464 habuit.

2398 2500 2554 2556 CAP.
2579 2495 2770 2552 XVIII;
2795 2494 2990 2570 [XIX]

1976 2599 2140 2656 Vens.
2175 2599 2230 2653 5.
2287 2595 2555 2650 Venerunt
2587 2591 2692 2657 ﬁlii
2726 2607 2887 2661 usque
2936 2589 3005 2644 ad
3037 2588 3247 2643 dolores
3278 2594 3488 2656 partus.

1908 2691 2161 2756 Urimur,
2208 2686 2409 2758 inquit,
2453 2684 2639 2738 animo
2707 2682 2999 2738 audientes
3047 2678 3313 2736 nefandas
3369 2678 3494 2732 illas

1909 2783 2326 2855 blasphemias;
2377 2785 2637 2834 caeterum
2686 2789 2877 2846 poenas
2927 2774 3148 2844 exigere
3193 2771 3262 2827 ab
3305 2771 3494 2840 impiis

1911 2875 2020 2928 illis
2071 2871 2389 2927 hominibus
2438 2883 2548 2923 non
2599 2881 2919 2937 possumus.
2952 2864 3135 2932 Quare
3171 2863 3366 2930 Deum,
3396 2861 3496 2932 qui

1912 2967 2122 3024 audivit
2166 2951 2558 3036 blasphemias'
2597 2961 2743 3025 illas,
2811 2973 3056 3023 oramus,
3109 2965 3167 3011 ut
3232 2954 3497 3027 profanos

1917 3059 2042 3114 illos
2093 3055 2312 3120 doceat,
2361 3069 2433 3110 ne
2470 3065 2641 3107 unum
2668 3051 2887 3121 quidem
2911 3063 3036 3105 esse
3081 3047 3302 3102 illorum
3353 3057 3496 3115 quos

1917 3153 2050 3208 deos
2083 3149 2380 3222 appellant.

1981 3245 2150 3299 Vens.
2185 3243 2237 3298 7.
2276 3240 2416 3296 Ecce
2445 3254 2540 3310 ego
2570 3236 2638 3292 do
2668 3237 2920 3306 spiritum
2949 3236 3004 3288 in
3036 3250 3118 3288 eo.
3147 3230 3496 3302 SigIIitleans,

1917 3346 2072 3410 puto,
2105 3337 2378 3391 timorem.
2413 3329 2584 3386 Divus
2647 3331 2796 3384 enim
2847 3327 3146 3396 Apostolus
3203 3325 3382 3394 inquit
3407 3324 3497 3382 ⁸⁸;

1923 3451 1940 3482 ι
1975 3427 2096 3484 Non
2129 3427 2280 3482 dedit
2310 3424 2472 3480 nobis
2507 3421 2762 3490 spiritum
2803 3413 3045 3474 timoris.
3078 3435 3098 3468 ι

1989 3521 2154 3575 Vens.
2194 3516 2286 3573 46.
2311 3515 2379 3570 Et
2415 3512 2778 3569 Sennacherib
2816 3508 3081 3563 discessit.
3117 3505 3501 3560 Sennacherib

1917 3621 2048 3668 tunc
2081 3609 2300 3680 quidem
2350 3613 2584 3660 mortem
2635 3601 2850 3672 eﬂ'ugit,
2886 3611 2945 3656 ut
2991 3599 3254 3654 omnibus
3305 3605 3501 3656 notum

1917 3704 2122 3760 faceret
2181 3705 2388 3770 quanta
2441 3697 2623 3751 virtus
2673 3703 2823 3749 esset
2870 3701 2924 3747 et
2955 3691 3202 3762 potentia
3255 3688 3348 3744 Dei
3399 3686 3501 3742 Ju-

1915 3796 2181 3851 daeorum.
2249 3789 2370 3846 Mox
2431 3802 2566 3842 vero
2601 3802 2630 3838 a
2663 3785 2789 3840 [iliis
2836 3783 3144 3854 jngulatus,’
3171 3782 3352 3854 justas
3377 3794 3500 3851 ραις-
3600 3793 3604 3795 ’

1915 3900 2014 3940 nas
2053 3882 2224 3938 dedit.
2319 3927 2327 3935 .
2855 3961 2858 3964 ἢ

1989 3975 2156 4029 Vens.
2191 3971 2281 4025 '57.
2318 3971 2539 4023 Arat-at.
2575 3966 2911 4022 Armeniam.

2443 4095 2575 4151 CAP
2619 4093 2762 4148 XIX.
2802 4092 2972 4168 LXX.)

1986 4194 2153 4250 Vens.
2200 4193 2290 4247 17.
2316 4190 2609 4260 Cupientur
2669 4188 2848 4242 omnia
2879 4202 2997 4257 qua:
3045 4193 3170 4240 sunt
3221 4185 3277 4238 in
3337 4183 3498 4238 domo

1917 4295 2030 4339 tua.
2064 4282 2209 4349 Quia
2261 4280 2356 4335 Dei
2407 4281 2705 4350 potentiam
2733 4285 2788 4332 et
2817 4293 3006 4332 curam
3045 4276 3244 4331 docere
3273 4283 3496 4345 oporte-

1914 4376 2032 4440 bat,
2075 4363 2323 4431 ostendit
2384 4385 2540 4440 opes,
2596 4382 2737 4438 quas
2787 4375 3124 4423 consecutus
3174 4373 3312 4425 erat,
3359 4364 3500 4418 nihil

1849 4458 1889 4513 ι)
1919 4467 2138 4523 ﬁrmum
2195 4464 2402 4519 habere
2517 4459 2742 4552 ξιαξίξθ·
2772 4546 2970 4552 ________
3306 4476 3366 4552 θ

2419 4549 2576 4606 CAP.
2608 4549 2728 4604 XX.
2771 4546 2972 4621 [XXII]

1985 4647 2154 4704 Vens.
2204 4646 2260 4702 2.
2301 4644 2370 4698 Et
2420 4643 2544 4708 fecit
2596 4641 2878 4696 Manasses
2935 4637 3158 4695 malum.
3209 4635 3499 4691 Manassen

1911 4748 2145 4796 testatur
2199 4744 2452 4792 naturam
2507 4735 2564 4788 in
2615 4731 2882 4788 animatis
2939 4745 3048 4786 non
3102 4729 3347 4792 vincere,
3394 4727 3496 4782 sed

1910 4833 2246 4886 voluntatem
2298 4837 2354 4882 et
2386 4823 2694 4897 .judicium.
2735 4821 2872 4876 Nam
2928 4822 3272 4885 institutum,
3323 4827 3492 4884 etra-

1911 4929 2120 4982 tionem
2149 4925 2300 4987 vita,
2351 4921 2591 4990 itemque
2613 4915 3044 4972 administrandi
3070 4911 3492 4984 rempublicam,

1909 5032 2018 5088 qua
2049 5023 2202 5087 pater
2254 5025 2390 5068 usus
2440 5019 2581 5076 erat,
2637 5009 2988 5080 relinquens,
3030 5004 3370 5062 contrariam
3402 5016 3492 5056 se-
3551 5021 3557 5028 -

1909 5117 2074 5163 ClllllS
2105 5113 2208 5160 εει.

1975 5198 2142 5251 Vens.
2195 5194 2248 5248 '5.
2309 5189 2469 5246 Omni
2517 5191 2780 5246 exercitui
2835 5189 2976 5245 creti.
3033 5186 3170 5255 Soli,
3225 5185 3389 5250 lunae,
3437 5193 3493 5239 et

1871 5318 1877 5330 -
1911 5287 2108 5343 stellis.

1975 5376 2142 5432 Vens.
2202 5375 2289 5429 ιε.
2343 5371 2414 5428 Ut
2467 5383 2652 5430 sonent
2684 5371 2856 5429 ambae
2893 5387 3071 5426 aures.
3122 5367 3372 5444 Intelligo
3407 5367 3490 5424 ia-

1915 5486 2081 5538 mam,
2115 5484 2236 5542 quae
2285 5477 2554 5524 terrorem
2594 5475 2649 5522 et
2680 5469 2964 5524 horrorem
3023 5463 3240 5520 aﬂ‘erat.

1499 5650 1732 5708 VARIA'J
1772 5652 2180 5712 LECTIONES.

303 5735 327 5774 ε
356 5733 414 5790 ln
461 5738 646 5796 codice
676 5737 930 5796 Lavateri
959 5706 1410 5814 Θελαόιραλασάρ.
