3992 6398
159 417 293 484 1201

1133 413 1674 478 COMMENTARII
1709 416 1794 478 IN
1827 416 1974 478 LIB.
2014 413 2044 476 Ῑ
2098 417 2450 480 PARALIP.

3303 412 3441 480 1202

157 703 400 824 ΕΙΣ
475 703 796 820 ΤΗΝ
854 699 1486 822 ΠΡΩΤΗΝ
1543 704 1848 822 ΤΩΝ
1924 695 3435 825 ΠΑΡΑΛΕΙΠΟΜΕΝΩΝ.

292 1007 458 1221 IN
519 1094 1151 1244 PRIMUM

267 1377 289 1446 ἃ

751 1643 1162 1703 ΠΡΟΟΙΜΙΟΝ.

227 1731 367 1788 Ὅσα
432 1731 740 1804 παρέλιπεν
775 1737 804 1790 6
831 1735 935 1801 τὰς
984 1736 1276 1802 Βασιλείας
1311 1738 1740 1810 συγγεγραφὼς,

154 1825 322 1881 ταῦτα
350 1825 710 1880 συντέθεικεν
737 1826 766 1880 6
795 1829 894 1897 τὴν
950 1828 1236 1899 παροῦσαν
1268 1829 1526 1884 ὑπόθεσιν
1554 1831 1749 1902 ἐνστη-

157 1919 420 1988 σάμενος.
465 1917 556 1981 '0;
603 1919 698 1972 καὶ
735 1918 976 1990 τοῦνομα
1026 1915 1121 1972 τοῦ
1153 1919 1364 1990 βιϐλίου
1390 1922 1568 1992 δηλοῖ,
1601 1922 1746 1995 άπερ

161 2011 222 2064 lx
258 2008 538 2065 πλείστων
557 2010 916 2080 προφητικῶν
969 2011 1310 2078 συνελέξατο.
1362 2013 1542 2068 Πολλὰ
1569 2014 1628 2068 δὲ
1654 2014 1752 2069 καὶ

163 2101 267 2157 τῶν
325 2103 383 2156 ὲν
437 2104 561 2164 ταῖς
617 2101 932 2168 Βασιλείαις
987 2101 1202 2168 τούτοις
1246 2105 1584 2177 συνήρμοσε,
1619 2107 1754 2178 μίαν

168 2194 448 2266 συνέχειαν
482 2193 772 2263 φυλάττειν
797 2194 1431 2260 ἔσπουδακώς.’Λνωθεν
1469 2195 1528 2251 δὲ
1554 2211 1752 2267 γενεαο

169 2287 314 2354 λογεῖ
371 2285 481 2356 τὴν
533 2287 718 2340 πᾶσαν
762 2285 826 2350 ἐξ
873 2285 995 2350 ἐνὸς
1043 2284 1266 2352 δεικνὺς
1319 2287 1749 2361 ἀνθρωπότητα.

181 2377 395 2450 Ἐπειδὴ
425 2377 486 2430 δὲ
521 2378 705 2449 μόνης·
719 2380 821 2448 τῆς
844 2377 1022 2433 Ἰούδα
1059 2376 1342 2449 βασιλείας
1384 2383 1622 2436 ποιεῖται
1648 2382 1753 2453 τὴν

174 2471 412 2540 μνήμην,
447 2469 715 2533 διδάσκει,
747 2469 894 2534 τίνες
925 2469 1135 2524 τούτων
1187 2473 1244 2524 αἱ
1271 2471 1478 2538 κῶμαι,
1517 2472 1615 2526 καὶ
1652 2471 1752 2526 πό-

174 2562 303 2627 λεις,
343 2563 438 2616 καὶ
470 2561 636 2616 πόθεν
675 2562 1009 2634 ἐκλήθησαν.
1050 2562 1334 2617 Ἐντεῦθεν
1383 2565 1753 2636 μανθάνομεν,

172 2654 245 2716 ὡς
273 2653 489 2717 Ναθὰν,
513 2653 576 2721 ἐξ
629 2647 692 2709 οὗ
737 2655 832 2709 τὸν
887 2654 1129 2728 Χριστὸν
1163 2656 1377 2721 Λουκᾶς
1415 2657 1754 2726 γενεαλογεῖ,

171 2749 386 2817 γνήσιος
409 2742 484 2818 ἦν
519 2748 752 2817 ἀδελφὸς
807 2747 1178 2819 Σολομῶντος,
1210 2750 1276 2804 ἐκ
1300 2749 1466 2804 Δαὸὶδ
1495 2751 1587 2804 καὶ
1612 2750 1758 2823 Βηρ-

171 2839 379 2898 σαόαιέ.
424 2841 541 2895 Καὶ
568 2841 662 2896 τὸν
698 2841 906 2914 Ῥηχὰὸ
937 2842 1017 2908 δὲ,
1057 2843 1152 2898 τὸν
1181 2843 1454 2915 πολλαχοῦ
1483 2846 1582 2914 τῆς
1609 2843 1760 2916 Γρα-

1777 1653 1824 1712 Α

1209 1095 1824 1228 LIBRUM
1894 993 3306 1236 PARALIPOMENON.

1177 1332 1448 1392 Ludovico
1477 1331 1742 1394 Lavatero
1795 1333 2055 1410 Tigurino
2107 1339 2416 1412 interprete.

2425 1648 2854 1708 ΡιιοοΕΜιυΜ.

1917 1743 2128 1801 Auctor
2204 1744 2301 1816 qui
2354 1759 2601 1816 praesens
2644 1749 3036 1817 argumentum
3094 1745 3445 1801 tractandum

1849 1837 2116 1907 suscepit,
2147 1851 2236 1902 ea,
2261 1852 2384 1908 quae
2419 1851 2448 1891 a
2487 1835 2763 1908 scriptore
2791 1834 3043 1892 historiae
3066 1837 3281 1909 Regum
3310 1851 3450 1908 prae-

1853 1929 2111 1986 termissa
2161 1937 2315 1998 sunt,
2347 1930 2436 1984 his
2484 1927 2647 1984 libris
2698 1929 3071 2000 persequitur.
3105 1928 3162 1985 Id
3201 1928 3448 2000 quud'ti-

1853 2022 2001 2078 tulus
2024 2021 2160 2077 libri
2189 2023 2359 2078 etiam
2413 2022 2681 2080 ostendit.
2723 2021 2998 2080 Caeterum
3037 2023 3155 2080 haec
3194 2038 3259 2080 ex
3313 2022 3450 2077 mul-

1854 2113 1929 2168 tis
1957 2113 2357 2185 prophetarum
2399 2114 2630 2186 scriptis
2679 2115 2927 2186 collegit.
2961 2114 3141 2171 “Multa
3199 2125 3448 2186 quoque.

1853 2219 1978 2276 quae
2007 2203 2062 2258 in
2095 2203 2256 2259 libris
2288 2201 2500 2276 Regum
2547 2204 2836 2277 leguntur,
2869 2205 2958 2262 his
2981 2199 3310 2276 conjunxit.
3346 2205 3451 2260 De-

1853 2295 1950 2380 dit.
1995 2294 2146 2351 enim
2198 2310 2427 2366 operam
2463 2337 2478 2362 ,
2535 2306 2594 2351 ut
2644 2297 2968 2353 continuam
3023 2305 3074 2353 et
3128 2302 3448 2368 perpetuam

1854 2387 2102 2444 historiae
2131 2386 2335 2444 seriem
2367 2397 2747 2446 conservaret.
2783 2389 2964 2447 Porro
2989 2405 3159 2462 supra
3187 2397 3449 2460 repetens

1856 2479 2263 2552 genealogiam,
2295 2494 2362 2534 ex
2398 2495 2512 2536 uno
2543 2481 2771 2538 homine
2813 2465 3214 2554 totum'genus
3245 2482 3450 2538 huma-

1857 2583 1990 2624 num
2020 2569 2264 2626 deducit.
2302 2567 2388 2637 Et,
2423 2586 2552 2626 cum
2597 2572 2750 2644 regni
2775 2571 2916 2630 Juda
2959 2581 3171 2628 tantum
3213 2572 3443 2629 mentio-

1859 2678 1984 2718 nem
2018 2661 2210 2727 faciat,
2245 2663 2430 2732 docet,
2459 2679 2601 2736 quos
2657 2681 2852 2737 pagos,
2885 2673 2942 2721 et
2980 2680 3124 2736 quas
3155 2665 3324 2722 urbes
3354 2665 3454 2720 ha-

1859 2753 2008 2820 beat,
2061 2761 2117 2809 ct
2146 2754 2292 2810 unde
2346 2771 2549 2810 nomen
2594 2757 2941 2828 acceperint.
2992 2755 3272 2832 Discimus
3323 2755 3453 2813 hinc

1861 2842 2104 2909 Nathan,
2142 2860 2211 2900 ex
2249 2860 2362 2916 quo
2405 2844 2588 2902 Lucas
2615 2847 2996 2918 genealogiam
3019 2845 3451 2902 Christi'dedu-

169 2931 273 3002 φῆς
294 2933 720 3005 ἐπαινούμενον,
765 2927 868 2988 ὧδε
899 2934 1177 2988 δείκνυσιν
1215 2938 1280 2990 ὲκ
1328 2937 1430 3007 τῆς
1461 2935 1636 2990 Ἰούδα
1660 2953 1756 3005 φυ-

1865 2937 1966 3004 cit,
2010 2937 2186 2993 fuisse
2222 2954 2544 3010 germanum
2593 2938 2820 2995 fratrem
2871 2939 3206 3005 Salomonis,
3255 2955 3322 2995 ex
3352 2937 3455 2992 Da-

167 3022 282 3094 λῆς.
315 3024 486 3094 Λέγει
540 3024 598 3078 δὲ
647 3025 742 3080 καὶ
783 3021 1014 3096 Ῥουϐὴν
1070 3025 1181 3080 τῶν
1213 3006 1630 3096 πρωτοτοκειων
1661 3026 1756 3078 ὲκ-

1862 3027 1987 3084 vide
2042 3037 2100 3084 et
2153 3006 2484 3086 Bethsabea.
2541 3029 2606 3084 Et
2633 3028 2884 3096 Rechab,
2941 3046 3108 3108 quem
3160 3029 3454 3100 Scriptura

169 3118 542 3183 πεπτωκέναι,
592 3117 688 3172 τοῦ
743 3117 955 3189 πατρὸς
1011 3117 1112 3190 τὴν
1171 3119 1361 3188 κοίτην
1442 3118 1756 3188 μιάνανταο

167 3208 341 3264 ταῦτα
366 3211 425 3264 δὲ
457 3209 552 3265 τὸν
594 3211 793 3282 Ἰωσὴφ
825 3211 1130 3282 εἰληφέναι.
1165 3211 1270 3265 Τὸν
1319 3211 1378 3264 δὲ
1423 3211 1634 3264 Ἰούδαν
1675 3213 1758 3275 εἰς

167 3303 471 3371 ἠγεμονίαν
529 3302 968 3374 προτιμηθῆναι,
1017 3303 1106 3356 διὰ
1161 3302 1263 3374 τὴν
1295 3302 1752 3372 ὑπερϐάλλουσαν

167 3391 336 3445 αὐτοῦ
385 3392 639 3462 δύναμιν.
676 3393 938 3447 Μάλιστα
959 3393 1041 3458 δὲ,
1075 3393 1166 3446 διὰ
1192 3392 1282 3446 τὸν
1319 3389 1379 3458 ἐξ
1419 3391 1588 3446 αὑτοῦ
1615 3393 1761 3448 κατὰ

165 3483 348 3554 σάρκα
406 3482 792 3553 βλαστήσαντα
815 3483 1052 3554 Κύριον.
1113 3484 1288 3537 Τοῦτο
1321 3484 1431 3555 γάρ
1486 3484 1640 3554 δηλοῖ
1670 3483 1754 3551 τὸ,

159 3577 250 3640 εἰς
282 3573 628 3642 ἡγούμενον
660 3573 730 3639 ἐξ
761 3574 970 3629 αὐτοῦ.
1002 3575 1066 3628 Οῑ
1101 3573 1202 3644 μὲν
1230 3575 1340 3645 γὰρ
1371 3574 1543 3640 ἄλλοι,
1586 3573 1758 3645 πρόσ-

161 3680 349 3734 καιροι
373 3681 389 3696 ο
459 3657 617 3726 οὗτος
669 3664 748 3730 δὲ,
788 3664 951 3733 μόνος
998 3665 1058 3732 ἐξ
1092 3663 1260 3718 αὐτοῦ
1301 3665 1598 3736 προῆλθεν,
1624 3665 1758 3719 ald)-

159 3773 275 3819 νιος
301 3753 380 3807 ὣν
417 3755 692 3826 βασιλεύς.
723 3757 978 3810 Διδάσκει
1016 3756 1074 3810 δὲ
1109 3757 1204 3810 καὶ
1229 3757 1305 3822 ὡς
1333 3759 1390 3810 αἱ
1421 3757 1595 3829 πέραν
1623 3758 1759 3828 Ἰορ-

161 3849 324 3903 δάνου
358 3847 525 3917 φυλαὶ
545 3849 672 3912 τοὺς
705 3847 1043 3918 ἀλλοφύλους
1076 3849 1362 3918 ἐνίκησαν,
1395 3851 1475 3912 εις
1505 3849 1640 3903 Θεὸν
1665 3849 1762 3903 καὶ

167 3939 330 4010 μόνον
365 3941 678 3996 ὲλπίσασαι.
710 3940 1031 4010 Γενεαλογεῖ
1050 3940 1106 3994 δὲ
1139 3941 1236 3994 καὶ
1263 3942 1390 4004 τοὺς
1427 3942 1626 4012 ἱερέας,
1663 3939 1762 3995 καὶ

163 4033 292 4093 τοὺς
322 4033 586 4097 Λευῖτας.
617 4031 731 4086 Καὶ
780 4032 1044 4098 Σαδδοὺκ,
1077 4032 1172 4086 τὸν
1206 4035 1300 4087 ἐπὶ
1346 4034 1442 4086 τοῦ
1472 4033 1636 4086 Δαϐἱδ
1661 4035 1762 4104 ἅρ-

165 4125 618 4198 χιερατεύσαντα,
671 4126 948 4180 δείκνυσιν
1011 4126 1298 4180 ἑνδέκατον
1338 4125 1446 4179 ἀπὸ
1493 4124 1745 4197 ’Λαρώνο

165 4219 262 4273 καλ⁵
298 4219 393 4273 τὸν
413 4219 656 4272 Σαδδοὺκ
679 4218 905 4286 ἔκγονον
957 4217 1220 4291 Ἀζαρίαν
1253 4218 1474 4290 πρῶτον
1505 4217 1761 4290 ἱερατεῦ-

1859 3121 2068 3194 passim
2099 3122 2368 3189 celebrat,
2394 3138 2460 3179 ex
2497 3123 2647 3179 tribu
2691 3121 2834 3178 Juda
2869 3121 3044 3180 fuisse
3069 3121 3334 3178 ostendit.
3368 3121 3451 3176 Ad

1861 3215 1979 3270 haec
2014 3213 2233 3283 Ruben,
2269 3231 2337 3273 eo
2375 3223 2520 3286 quod
2561 3216 2740 3287 patris
2768 3217 2980 3273 lectum
3012 3216 3232 3292 incestu
3263 3225 3454 3271 conta-

1860 3307 2153 3372 minasset,
2207 3307 2302 3378 jus
2371 3309 2826 3380 primogenitum:
2889 3310 3184 3378 amisisse,
3245 3307 3454 3378 Ioseph

1861 3395 2025 3467 547
2056 3413 2185 3453 vero
2216 3397 2394 3468 ipsius
2419 3399 2542 3454 loco
2574 3399 2862 3470 accepisse
2891 3397 3148 3456 docetur.
3191 3397 3326 3453 Item
3363 3395 3458 3452 Ju-

1861 3487 1946 3542 dac
2000 3488 2270 3544 honorem
2355 3489 2732 3560 principatus,
2798 3499 3026 3562 prapter
3085 3489 3453 3546 excellentem

1863 3593 2019 3633 suam
2065 3579 2326 3634 virtutem
2373 3581 2622 3636 habitum
2671 3597 2820 3650 esse,
2865 3580 3106 3638 maxime
3151 3595 3282 3637 vero
3327 3595 3458 3651 pro-

1863 3678 1986 3741 pter
2023 3669 2401 3738 Servatorem,
2432 3671 2530 3743 qui
2554 3689 2620 3728 ex
2649 3689 2717 3729 eo
2749 3673 3061 3728 secundum
3099 3657 3456 3728 carnem'de-

1863 3760 2105 3817 scendit.
2162 3759 2222 3818 Id
2267 3763 2357 3820 his
2403 3761 2588 3821 verbis
2665 3765 3004 3829 declaratur,
3055 3765 3114 3819 in
3168 3763 3355 3818 ducem
3391 3779 3458 3819 ea:

1862 3855 1997 3923 ipso.
2055 3853 2265 3926 Reliqui
2310 3857 2460 3912 enim
2513 3857 2839 3928 temporarii
2868 3857 3129 3924 fuerunt;
3182 3857 3276 3912 hic
3323 3873 3456 3912 vero

1863 3963 1931 4004 ex
1987 3948 2113 4020 ipso
2165 3948 2476 4013 descendit,
2523 3951 2620 4021 qui
2671 3950 2825 4006 solus
2857 3951 3187 4006 saeculorum
3227 3965 3322 4005 rex
3349 3960 3455 4005 est.

1865 4039 2035 4096 Docet
2061 4042 2250 4107 etiam,
2285 4041 2569 4112 quomodo
2593 4043 2794 4105 tribus.
2829 4058 2954 4114 quae
2987 4041 3131 4097 ultra
3155 4039 3454 4098 Iordanem

1864 4141 2014 4196 Sunt,
2049 4137 2104 4190 in
2157 4135 2277 4191 solo
2315 4136 2429 4190 Deo
2474 4136 2592 4206 spei
2623 4135 2884 4206 praesidio
2937 4137 3143 4206 posito,
3189 4134 3457 4208 alienige-

1863 4241 1964 4280 nas
1991 4225 2252 4280 vicerint.
2315 4224 2643 4296 Catalogum
2699 4235 2956 4282 recenset
3000 4211 3224 4297 generis
3273 4240 3460 4282 sacer-

169 4326 280 4370 σαι.
321 4309 462 4378 μετὰ
487 4309 588 4379 τὴν
621 4309 728 4362 ὑπὸ
741 4309 1090 4381 Σολομῶντος
1107 4311 1456 4382 κατασκευὴν
1484 4310 1578 4365 τοῦ
1603 4311 1756 4370 ναοῦ.

1867 4315 2057 4373 dctum
2113 4325 2168 4372 et
2225 4315 2571 4372 Levitarum.
2643 4315 2970 4384 Sadocum,
3031 4314 3128 4387 qui
3191 4325 3459 4386 regnante

180 4399 270 4464 Ἐξ
293 4393 371 4454 ὧν
391 4395 463 4471 ἦν
508 4387 780 4466 Ἰωσεδὲκ,
807 4401 835 4454 ὁ
867 4400 1004 4470 μετὰ
1036 4402 1136 4474 τὴν
1160 4401 1364 4457 ἅλωσιν
1383 4402 1654 4474 ἀπαχθεὶς
1681 4406 1762 4468 εἰς

167 4489 483 4546 Βαϐυλῶνα.
504 4483 691 4563 Οῦπερ
713 4487 780 4562 ἦν
815 4493 932 4556 υἱὸς
975 4493 1206 4565 Ἰησοῦς,
1228 4497 1256 4548 6
1287 4495 1467 4566 ἱερεὺς
1495 4498 1522 4550 6
1565 4495 1762 4566 μέγας.

169 4585 196 4634 6
222 4585 348 4648 τοὺς
373 4581 762 4654 αἰχμαλώτους
822 4586 922 4641 σὺν
973 4585 1052 4656 τῷ
1105 4586 1416 4658 Ζοροϐάϐελ
1439 4587 1761 4657 ἆναγαγών.

183 4671 463 4730 Ἐντεῦθεν
526 4675 897 4747 μανθάνομεν,
931 4677 1007 4740 ὡς
1053 4677 1084 4730 6
1133 4677 1450 4742 ἐπαναστὰς
1510 4678 1654 4750 Κορὲ
1687 4679 1764 4750 τῷ

175 4763 394 4822 Μωΰσεϊ
423 4767 756 4837 ἀνεψιαδοῦς
801 4768 1050 4839 ὑπῆρχεν
1094 4769 1264 4839 αὐτῷ,
1309 4769 1406 4823 τοῦ
1454 4769 1640 4842 Ίσαὰρ
1667 4769 1764 4824 έκ-

173 4869 345 4922 γονος,
401 4857 528 4914 υἱοῦ
585 4858 687 4930 μὲν
745 4859 927 4924 Καάθ,
991 4861 1223 4930 ἀδελφοῦ
1265 4861 1324 4916 δὲ
1359 4863 1606 4934 Ἀμρὰμ,
1665 4865 1762 4919 τοῦ

170 4946 452 5014 Μωῦοέως
486 4950 734 5020 πατρόςο
763 4951 856 5008 καὶ
885 4949 962 5013 ὡς
1004 4953 1054 5005 οἱ
1079 4951 1274 5005 τούτου
1313 4954 1507 5018 παῖδες
1539 4955 1639 5024 τῆς
1665 4953 1762 5008 τοῦ

171 5039 376 5111 πατρὸς
412 5043 478 5097 οὺ
525 5042 900 5112 μετεσχήκασι
937 5042 1116 5114 δίκης.
1166 5045 1425 5115 Σαμουὴλ
1455 5045 1588 5113 γοῦν
1611 5049 1638 5100 6
1669 5047 1765 5115 μέ-

171 5148 270 5200 γας
296 5135 358 5200 ἐξ
382 5135 552 5189 αὐτοῦ
577 5136 810 5204 κατάγει
835 5137 896 5190 τὸ
921 5140 1100 5207 γένος,
1119 5142 1214 5192 καὶ
1241 5142 1306 5193 Al
1315 5140 1465 5211 μὰνὸ
1481 5140 1762 5214 ψαλτῳδὸς

173 5221 397 5291 ἔκγονος
445 5221 516 5296 ἦν
570 5226 849 5297 Σαμουὴλ.
902 5227 1032 5290 Υἱὸς
1079 5229 1190 5300 γὰρ
1221 5224 1290 5300 ἦν
1335 5230 1489 5302 Ίωὴλ
1510 5232 1606 5286 τοῦ
1643 5234 1760 5288 υἱοῦ

172 5313 449 5388 Σαμουὴλ.
503 5317 676 5386 Ἀζὰφ
737 5318 794 5371 δὲ
854 5322 881 5372 6
933 5319 1214 5390 ψαλτῳδὺς
1241 5323 1306 5375 ἐκ
1344 5321 1438 5375 τοῦ
1474 5323 1702 5394 Γεδσὼμ
1730 5327 1759 5366 Ιι

175 5407 379 5476 κατῆγε
443 5410 504 5464 τὸ
561 5410 737 5478 γένος,
769 5410 885 5463 υἱοῦ
938 5411 1090 5476 Λευῒ,
1127 5413 1361 5482 ἀδελφοῦ
1415 5415 1594 5472 Καάθ.
1651 5418 1760 5471 Καὶ

189 5495 364 5569 Ἐθὰμ
411 5500 508 5563 δὲ,
539 5501 649 5554 τῶν
705 5503 942 5574 ᾀδόντων
973 5499 1074 5564 εἷς,
1140 5507 1204 5558 ὲκ
1253 5506 1350 5558 τοῦ
1384 5508 1624 5580 Μεραρὶ,
1663 5510 1758 5564 τοῦ

181 5586 329 5652 Acili,
373 5591 584 5659 κατῆγε
617 5591 678 5644 τὸ
725 5591 902 5660 γένος.
945 5593 1110 5664 Λέγει
1174 5595 1230 5649 δὲ
1273 5599 1367 5651 καὶ
1417 5600 1630 5671 ἱερέων,
1665 5604 1758 5656 καὶ

1869 4406 2073 4462 Davide
2095 4423 2392 4483 .summum_
2415 4408 2801 4476 pontificatum
2831 4407 3033 4480 gessit,
3067 4404 3314 4462 ostendit
3351 4421 3457 4460 un-

1866 4499 2140 4554 decimum
2199 4499 2270 4554 ah
2315 4499 2536 4552 Aarone
2585 4496 2782 4564 fuisse,
2831 4507 2888 4554 et
2944 4494 3146 4553 Sadoci
3198 4501 3456 4566 nepotem

1863 4592 2120 4646 Azariam
2203 4591 2444 4660 primum
2514 4589 2825 4644 sacerdotis
2908 4601 3114 4642 munus
3185 4585 3458 4650 obivisse,

1866 4688 2156 4752 postquam
2191 4679 2454 4750 templum
2473 4693 2504 4732 a
2531 4677 2825 4733 Salomone
2847 4677 3048 4733 fuisset
3072 4683 3455 4742 exstructum;

1863 4789 1933 4829 ex
1980 4773 2184 4844 quibus
2237 4774 2406 4827 etiam
2458 4769 2700 4826 Josedek
2753 4778 2897 4838 erat,
2935 4769 3031 4842 qui
3083 4776 3246 4840 capta
3295 4768 3457 4835 urbe,

1862 4863 2197 4936 Babylonem
2247 4861 2526 4916 abductus
2566 4869 2674 4918 est.
2727 4859 2907 4932 Hujus
2945 4860 3096 4916 [Ilius
3130 4857 3239 4914 fuit
3269 4855 3454 4922 Iesus,

1865 4970 2118 5012 summus
2149 4953 2422 5025 pontifex,
2455 4953 2552 5024 qui
2606 4952 2857 5024 captivos
2886 4967 2994 5007 una
3042 4963 3167 5006 cum
3208 4947 3454 5004 Zoroba-

1863 5048 1987 5104 bele
2027 5047 2270 5102 reduxit.
2324 5043 2468 5100 Ilinc
2525 5044 2866 5114 colligimus,
2920 5041 3253 5098 seditiosum
3311 5037 3456 5093 Core

1866 5139 2172 5210 patruelem
2202 5137 2408 5210 Moysis
2458 5137 2654 5200 fuisse,
2689 5136 2859 5191 [ilium
2899 5133 3094 5200 Isaari,
3131 5132 3226 5186 filii
3257 5131 3453 5194 Caath,

1865 5231 2056 5286 fratris
2119 5245 2254 5286 vero
2304 5231 2555 5295 Amram,
2603 5227 2780 5298 patris
2828 5225 3058 5297 Moysis.
3116 5221 3252 5278 Item
3314 5223 3457 5276 filios

1864 5323 2042 5394 ipsius
2072 5331 2319 5392 paternae
2359 5335 2538 5392 poma:
2589 5334 2700 5374 non
2749 5319 2924 5373 fuisse
2957 5317 3281 5388 participes.
3343 5313 3458 5368 Ma~

1861 5432 2004 5487 gnus
2041 5416 2188 5470 enim
2218 5416 2310 5469 ille
2335 5421 2600 5484 propheta
2643 5412 2868 5466 Samuel
2901 5411 2970 5465 ah
3011 5410 3116 5464 hoc
3147 5423 3325 5480 genus
3355 5407 3455 5460 du-

1863 5513 1959 5572 cit,
1994 5519 2049 5565 et
2085 5509 2311 5562 Iiemam
2362 5507 2563 5580 pSnItes
2595 5521 2768 5577 nepos
2820 5505 2922 5559 fuit
2964 5503 3261 5569 Samuelis,
3297 5501 3443 5564 tilias

1860 5601 2053 5663 Joelis.
2089 5602 2184 5655 ﬁlii
2233 5599 2528 5654 Samuelis.
2577 5598 2760 5668 Asaph
2805 5610 2938 5652 vero
2987 5604 3270 5650 cautorcx
3311 5590 3453 5646 Ger-

179 5677 440 5749 Λευῖτῶν,
465 5682 526 5736 τὸ
553 5684 830 5756 διάφορον.
885 5687 1052 5756 Λέγει
1105 5688 1162 5742 δὲ
1213 5691 1309 5744 καὶ
1346 5692 1442 5762 τῆς
1468 5695 1756 5764 αἰχμαλω-

1869 5714 1966 5751 son
2017 5697 2148 5750 tiilio
2196 5694 2348 5762 Levi,
2401 5694 2570 5750 fratre
2611 5691 2805 5759 Caath,
2835 5705 3010 5762 genus
3047 5687 3224 5746 duxit.
3257 5683 3452 5738 Etham

1472 5805 1711 5863 VARIAS
1753 5807 2156 5867 LEC'I‘IONES.

256 5879 281 5921 δ
321 5883 564 5958 Γεδσώμ.
606 5889 858 5947 Lavateri
903 5891 1085 5949 Codex
1128 5894 1344 5962 habuit,
1379 5895 1636 5968 ιἐρςώμ.
