3992 6392
562 455 699 522 1203
1187 481 1193 486 ·
1861 457 2146 518 PROCOP

2260 457 2487 519 ΞΑΖᾹΞΙ
3706 447 3866 514 1204

549 573 718 631 etiam
753 588 898 629 unus
953 588 1017 628 ex
1050 565 1398 640 cantoribus,
1450 589 1516 629 ex
1566 573 1766 630 Morari
1805 575 1938 632 Levi
1999 576 2134 641 tilio,

2260 574 2366 639 πίας
2411 574 2511 646 τὴν
2539 573 2717 628 αἰτίαν
2757 574 2784 626 6
2830 571 3200 642 συγγραφεὺς,
3252 569 3328 634 ὡς
3355 571 3420 626 ἂν
3466 569 3594 640 μετ’
3627 567 3867 638 ἐκείνην

553 668 864 726 descendit.
909 667 1074 723 Ponit
1108 665 1274 722 etiam
1331 669 1687 724 sacerdotum
1723 676 1778 724 et
1821 669 2138 725 Levitarum

2260 666 2560 734 τες-φάμενος.
2611 665 2700 718 Ἑν
2740 663 3006 732 ἱστορίαις
3037 661 3147 731 γὰρ
3187 662 3289 714 οὐκ
3323 661 3473 714 ἐστιν
3516 661 3711 730 εὑρεῖν
3748 659 3863 712 τῶν

547 761 874 818 discrimen.
921 759 1197 817 Praeterea
1269 761 1572 817 historicus
1631 761 1974 832 captivitatis
2005 777 2142 818 cau-

2260 755 2565 824 ιελλόντων,
2603 753 2906 825 ἀφήγησιν.
2963 749 3218 804 Διδάσκει
3251 747 3308 803 δὲ
3358 751 3474 816 καὶ,
3525 750 3606 814 ὡς
3637 750 3692 801 oi
3731 765 3862 801 συν-

555 869 648 908 sas
702 851 994 916 describit,
1045 867 1171 906 nam
1215 860 1339 922 post
1389 852 1772 922 captivitatem
1824 851 2037 908 ﬂoruit.
2079 851 2140 907 In

554 943 808 999 historiis
838 943 984 998 enim
1018 958 1202 997 rerum
1251 943 1564 997 futurarum
1605 942 1848 997 narratio
1898 957 2006 996 non
2057 956 2142 996 re-

554 1034 786 1105 peritur.
825 1033 990 1091 Docet
1037 1035 1226 1102 etiam,
1259 1035 1540 1105 quomodo
1586 1034 1687 1100 illi,
1717 1035 1812 1105 qui
1848 1049 1974 1090 cum
2005 1034 2142 1104 ipsis

553 1125 938 1192 versabantur,
984 1124 1408 1182 Palaestinorum
1440 1127 1644 1198 captivi
1685 1125 1916 1181 iuerint.
1950 1125 2139 1192 Docet,

553 1217 829 1286 quomodo
884 1218 1226 1288 alienigenae,
1288 1217 1552 1273 Israelitis
1597 1216 2016 1284 enliabitantes,
2051 1233 2142 1271 ar-

555 1312 659 1367 mis
689 1326 882 1369 eorum
938 1311 1190 1384 Oppressi
1239 1311 1371 1367 sint.
1423 1309 1633 1366 Pariter
1705 1319 1892 1365 autem
1965 1324 2144 1365 sacer-

555 1405 734 1470 dotes,
790 1404 1033 1472 Levitas,
1083 1413 1138 1462 et
1188 1405 1535 1470 Nathinaeos,
1590 1415 1648 1458 ut
1701 1419 1800 1473 par
1851 1412 1992 1470 erat,
2031 1401 2142 1460 Deo

555 1497 912 1553 ministrasse
953 1497 1170 1553 scribit.
1214 1494 1368 1551 Multi
1398 1497 1542 1550 enim
1577 1511 1640 1549 ex
1669 1495 1794 1550 aliis
1841 1497 2006 1551 etiam
2040 1495 2142 1548 tri-

555 1583 738 1640 hubus
769 1587 986 1656 seipsos
1036 1585 1385 1641 sacerdotum
1434 1596 1487 1640 et
1529 1583 1840 1638 Levitarum
1889 1585 2138 1640 ministe-

556 1675 642 1728 rio
701 1675 1061 1744 addixerunt,
1129 1684 1408 1747 gestantes
1460 1690 1680 1745 aquam,
1753 1682 1809 1730 et
1865 1676 2142 1731 caedentes

559 1766 730 1836 ligna.
797 1766 853 1822 Si
907 1768 1052 1824 enim
1109 1767 1448 1833 Gabaonitaz,
1505 1775 1716 1837 quanto
1763 1766 1942 1838 magis
1995 1767 2145 1838 ipsi?

558 1853 677 1911 Vox
723 1869 907 1914 autem
965 1859 1058 1913 illa
1109 1857 1381 1915 Nathiumi
1413 1845 1555 1929 apud
1599 1857 1866 1914 Hebraeos
1901 1857 1998 1912 Dei
2045 1859 2144 1914 do-

559 1967 686 2004 num
719 1951 1040 2020 exponitur.
1085 1951 1230 2006 Dicit
1279 1960 1462 2008 autem
1497 1953 1708 2007 incolas
1745 1953 1909 2008 etiam
1965 1952 2140 2009 fuisse

559 2037 832 2096 llierosol.
867 2059 934 2098 ex
967 2039 1130 2110 Juda,
1177 2037 1519 2114 Beniamin,“
1543 2043 1826 2114 Ephraim,
1867 2043 2140 2113 Manasse,

557 2141 611 2186 et
657 2131 812 2189 Levi.
838 2133 1084 2190 Coronos
1124 2151 1276 2200 vero,
1312 2137 1452 2192 Core
1490 2137 1634 2192 ﬁlios
1685 2143 1740 2192 et
1789 2145 2016 2207 nepotes
2049 2153 2144 2207 ap-

559 2229 761 2297 pellat;
795 2243 860 2283 ex
893 2229 1098 2299 quibus
1141 2245 1172 2284 a
1204 2229 1432 2296 Davide,
1464 2238 1518 2286 et
1547 2229 1826 2295 Samuele,
1869 2230 2144 2302 ianitores

557 2320 694 2374 dicit
727 2335 850 2376 esse
881 2321 1242 2378 constitutos.
1279 2322 1340 2376 in
1373 2332 1573 2392 quarto
1616 2321 1964 2377 tabernaculi
1999 2337 2145 2377 meu-

558 2408 636 2462 tio
667 2407 812 2464 facta
845 2417 951 2472 eat.
986 2426 1054 2466 eo
1085 2411 1232 2482 quod
1263 2397 1527 2482 templum
1561 2411 1810 2467 nondum
1837 2418 1986 2467 esset.
2011 2427 2145 2466 eon-

558 2507 853 2554 structum.
887 2498 1143 2556 Ostendit
1174 2501 1340 2556 etiam
1375 2517 1471 2572 per
1503 2502 1886 2558 hebdomadas
1923 2503 2140 2558 dierum

557 2589 708 2644 vices
743 2588 916 2647 factas
955 2607 1101 2648 esse.
1134 2590 1282 2648 Vasa
1308 2606 1492 2650 autem
1529 2594 1829 2651 ministerii
1857 2594 1981 2650 aliis
2006 2608 2143 2650 con-

559 2681 766 2736 credita
811 2691 993 2750 erant,
1039 2683 1174 2739 item
1217 2685 1406 2740 omnia
1442 2685 1746 2740 inanimata
1799 2700 2146 2758 quaecunque

558 2773 932 2853 allerebautur
973 2775 1041 2830 ad
1107 2777 1300 2832 altare.
1345 2775 1641 2848 Sepultura
1684 2785 1904 2848 queque
1957 2775 2144 2835 Saulis

561 2863 777 2931 planius
833 2864 926 2919 hic
976 2864 1256 2936 descripta
1321 2875 1428 2933 est,
1495 2876 1556 2922 ut
1627 2869 1848 2938 positus
1907 2867 1980 2923 sit
2039 2869 2146 2924 sub

557 2969 766 3022 quercu
803 2951 990 3011 Jahes.
1039 2953 1176 3010 Nam
1218 2957 1322 3013 sub
1356 2972 1489 3012 arvo
1523 2958 1580 3012 in
1625 2955 1812 3025 Jabes,
1866 2958 2064 3030 legitur
2090 2958 2144 3014 in

562 3047 720 3105 libris
771 3047 1008 3120 Regum.
1067 3049 1204 3104 item
1269 3051 1338 3106 de
1398 3051 1772 3122 ventriloqua.
1843 3050 2150 3120 Respondit

561 3140 708 3194 cnim
763 3141 836 3208 ei,
896 3141 1098 3212 inquit,
1155 3133 1377 3198 Samuel
1437 3143 1730 3214 prepbeta.
1787 3141 2146 3197 Manifestum

2243 849 2570 919 οικήσαντες
2607 847 2792 910 αὐτοῖς
2851 845 2962 899 τῶν
3016 842 3336 914 ἀλλοφύλων
3386 841 3652 912 γεγόνασι
3693 842 3858 911 δορυ-

2242 939 2459 994 άλωτοι.
2510 937 2745 1007 Ὁμοίως
2779 935 2836 988 δὲ
2875 935 2969 989 καὶ
2994 935 3180 1008 ἱερεῖς,
3235 932 3484 996 Λευῖται,
3526 931 3626 989 καὶ
3677 931 3854 985 Ναϐι-

2208 1043 2212 1046 ’
2243 1033 2408 1095 ναῖοι,
2438 1029 2533 1092 οὓς
2595 1029 2743 1092 είκδς
2801 1027 3138 1099 ἱεροδούλους
3175 1026 3468 1096 ὑπάρχειν.
3510 1022 3714 1076 Πολλοὶ
3740 1022 3844 1094 γὰρ

2242 1126 2442 1188 αὐτοὺς
2476 1123 2573 1177 καὶ
2599 1122 2706 1176 τῶν
2727 1120 2908 1176 ἄλλων
2959 1117 3144 1190 φυλῶν
3200 1116 3464 1186 ἀφιέρουν
3517 1115 3605 1175 εἰς
3645 1113 3739 1176 τὰς
3765 1115 3835 1166 ἱε-

2245 1218 2384 1290 ρέων
2417 1217 2514 1270 καὶ
2565 1212 2806 1270 Λευῖτῶν
2861 1210 3164 1282 ὑπουργίας
3191 1224 3206 1239 ⁸
3257 1207 3572 1279 ὑδροφόροι,
3631 1207 3728 1259 καὶ
3757 1205 3838 1264 ξυ-

2243 1309 2491 1370 λοκόποι,
2549 1305 2853 1376 γενόμενοι.
2905 1303 2968 1356 Εἰ
3025 1302 3134 1372 γὰρ
3177 1303 3227 1354 οι
3271 1299 3650 1360 Γαϐαωνῖται,
3696 1291 3846 1364 ’όσιρ

2247 1401 2448 1472 μᾶλλον
2477 1397 2632 1453 αὐτοί
2657 1415 2671 1462 ;
2709 1398 2771 1450 τὸ
2797 1393 3080 1449 Ναθιναῖοι
3109 1393 3187 1457 δὲ,
3220 1391 3350 1462 παρ’
3375 1390 3666 1458 Ἑϐραίοις
3695 1389 3846 1443 Θεοῦ

2243 1480 2418 1556 δόσις
2443 1491 2826 1561 ἑρμηνεύεται.
2853 1486 3018 1555 Λέγει
3041 1484 3097 1538 δὲ
3125 1485 3222 1538 καὶ
3253 1485 3378 1546 τοὺς
3411 1484 3717 1552 οἰκήτορας
3750 1479 3843 1533 Ἱε-

2249 1581 2532 1654 ρουσαλὴμ
2587 1577 2650 1643 ἐξ
2703 1576 2898 1636 Ἰούδα.
2963 1576 3059 1629 καὶ
3098 1575 3380 1642 Βενιαμὶν,
3433 1571 3532 1625 καὶ
3565 1567 3850 1640 Ἔφραῒμ,

2245 1671 2536 1741 Μανασσῆ,
2567 1669 2660 1724 καὶ
2716 1668 2868 1722 Λευῒ.
2939 1666 3220 1736 Κορηνοὺς
3263 1664 3351 1728 δὲ,
3395 1661 3492 1716 τοῦ
3526 1661 3684 1732 Κορὲ
3722 1662 3856 1724 τους

2245 1765 2548 1832 ἀπογόνους
2599 1759 2775 1814 καλεῖ.
2806 1756 2900 1822 Ἐξ
2951 1751 3026 1810 ὧν
3089 1771 3224 1826 φησι
3266 1753 3556 1824 πυλωροὺς
3599 1750 3716 1805 ὑπὸ
3749 1753 3853 1803 Δα-

2246 1857 2334 1910 ϐὶδ
2359 1855 2664 1925 γεγονέναι,
2706 1851 2798 1905 καὶ
2837 1851 2932 1904 τοῦ
2964 1849 3244 1920 Σαμουήλ.
3292 1845 3384 1900 Ἐν
3438 1847 3550 1908 τοῖς
3600 1841 3646 1895 δ
3680 1844 3854 1912 ἐμνήο

2247 1949 2346 2018 σθη
2378 1947 2476 2018 τῆς
2509 1945 2734 2015 σκηνῆς.
2770 1943 2938 1997 Οὔπω
2966 1943 3074 2014 γὰρ
3106 1937 3175 2013 ἦν
3206 1935 3586 2008 οἰκοδομηθεὶς
3615 1939 3648 1990 ὁ
3690 1933 3850 2000 νεώς.

2246 2041 2409 2110 Δηλοῖ
2438 2040 2494 2094 δὲ
2525 2039 2745 2101 καὶτὰς
2787 2035 3116 2108 ἐφημερίας,
3158 2033 3226 2087 δι’
3265 2018 3567 2102 ἑϐδομάδος
3615 2029 3853 2102 ἡμερῶν

2245 2130 2564 2202 γενομένας.
2627 2127 2709 2182 Τὰ
2774 2129 2832 2181 δὲ
2889 2127 3060 2197 σκεύη
3122 2126 3222 2195 τῆς
3263 2123 3616 2194 λειτουργίας
3654 2121 3849 2180 ἄλλοι,

2247 2224 2434 2296 φησιν,
2458 2222 2836 2275 ὲπιστειὲοντο⁹
2873 2218 2964 2272 καὶ
2992 2218 3092 2270 ὅσα
3119 2216 3231 2269 τῶν
3277 2212 3505 2284 ἀψύχων
3547 2211 3630 2282 τῷ
3675 2210 3850 2281 βωμῷ

2249 2316 2654 2388 προσεφέρετο·
2695 2313 2791 2367 καὶ
2843 2309 2917 2374 ὡς
2963 2311 3130 2380 ἱερεῖς
3179 2304 3594 2369 κατεσκεύαζον
3649 2303 3702 2357 τὸ
3744 2303 3842 2355 ου-

2251 2412 2453 2482 μίαμα.
2487 2408 2601 2463 Καὶ
2663 2407 2731 2460 τὰ
2763 2405 2894 2477 περὶ
2929 2403 3023 2457 τοῦ
3052 2403 3226 2472 τάφου
3275 2399 3451 2454 Σαοὺλ
3502 2397 3827 2466 σαφέστερον

2247 2500 2480 2558 ἐνταῦθα
2541 2499 2992 2568 συγγέγραπται,
3040 2495 3116 2555 ὡς
3174 2490 3338 2558 ἐτέθη
3393 2488 3502 2542 ὑπὸ
3561 2487 3663 2556 τὴν
3709 2482 3834 2553 δρῦν

2247 2593 2463 2658 Ἰαϐείς.
2493 2591 2632 2645 Ὑπὸ
2655 2589 2751 2661 τὴν
2786 2589 3025 2660 ἄρουραν
3053 2586 3162 2656 γὰρ
3187 2581 3410 2644 Ἰαϐεὶς,
3436 2581 3497 2632 ὲν
3522 2575 3845 2634 Βασιλείαις

2249 2685 2433 2757 φησίν.
2459 2684 2568 2738 Καὶ
2601 2681 2668 2736 τὰ
2697 2681 2798 2751 τῆς
2825 2673 3294 2746 ἐγγαστριμύθου.
3325 2671 3707 2742 Ἀπεκρίνατο
3737 2665 3849 2757 γὰρ

2248 2755 2420 2844 αυτῷ,
2452 2771 2608 2844 φησι,
2641 2767 2895 2842 Σαμουὴλ
2925 2770 2952 2822 6
3002 2768 3314 2838 προφήτης.
3371 2761 3481 2816 Τοῦ
3515 2757 3664 2813 Θεοῦ
3697 2755 3851 2825 γενέ-

2251 2869 2376 2924 σθαι
2403 2867 2563 2938 δῆλον
2589 2865 2670 2918 δτι
2722 2862 3071 2932 ποιήσαντος,
3099 2857 3129 2911 δ
3157 2857 3301 2910 κατὰ
3339 2853 3606 2924 γοητείαν
3633 2851 3850 2912 ἐκεῖνος

2250 2933 2530 3032 ἐζήτησεν..
2557 2957 2668 3029 Τὴν
2693 2951 2786 3011 οὖν
2815 2953 3071 3024 τοιαύτην
3105 2951 3250 3022 ὄψιν,
3282 2945 3542 3018 Σαμουὴλ
3581 2943 3851 2998 ἐκάλεσεν

2249 3056 2283 3126 ὴ
2306 3052 2499 3124 Γραφή
2527 3067 2540 3078 '
2574 3047 2704 3122 παρ’
2728 3041 2788 3102 οὗ
2815 3048 2908 3100 καὶ
2943 3045 3134 3116 μαθεῖν
3165 3042 3434 3114 ἐζήτησεν
3467 3042 3497 3093 6
3529 3036 3744 3100 Σαοὺλ,
3775 3036 3847 3126 at:

2249 3121 2308 3196 τε
2335 3121 2477 3204 τινος
2509 3138 2747 3208 ἀγγέλου
2776 3134 3084 3196 δεικνύντος
3107 3133 3168 3185 τὸ
3193 3131 3398 3202 σχῆμα,
3441 3127 3556 3182 εἴτε
3610 3126 3722 3194 τῆς
3757 3121 3847 3177 τοῦ

562 3240 646 3286 est
675 3229 790 3287 Deo
826 3231 902 3286 ita
931 3243 1268 3302 procurante
1311 3233 1365 3288 id
1399 3212 1606 3290 factum
1652 3249 1800 3302 esse,
1833 3235 1980 3303 quod
2013 3233 2146 3289 Saul

2260 3233 2536 3305 προφήτου
2601 3228 2816 3302 ψυχῆςο
2869 3227 2962 3281 τοῦ
3011 3222 3148 3280 Θεοῦ
3194 3225 3260 3294 τῇ
3309 3215 3764 3328 ὲγγαστριμὲθιρ
3789 3212 3848 3265 τὺ

564 3337 664 3391 per
720 3323 998 3395 praestigia
1057 3325 1334 3395 quaesivit.
1385 3325 1578 3380 Talem
1629 3326 1798 3396 igitur
1847 3325 2147 3389 visionem,

567 3415 878 3472 Samuelem
935 3417 1232 3487 appellavit
1281 3417 1604 3488 Scriptura;
1663 3434 1729 3472 ex
1783 3432 1896 3488 quo
1947 3431 2152 3490 cogno-

563 3524 720 3566 scere
767 3509 950 3566 l‘utura
1003 3510 1212 3582 cupivit
1269 3508 1434 3579 Saul;
1481 3511 1598 3567 sive
1627 3510 1856 3581 quidam
1919 3512 2150 3582 angelus

2261 3327 2453 3399 μέλλον
2495 3323 2840 3396 δηλώσαντος
2867 3359 2884 3386 ,
2924 3318 3002 3382 ὡς
3047 3316 3128 3388 τῷ
3179 3311 3378 3387 Φαραὼ
3431 3312 3532 3382 τὴν
3557 3307 3847 3378 εὐθηνίαν,

2259 3398 2352 3474 καὶ
2383 3417 2472 3470 τὸν
2503 3415 2664 3485 λιμόν
2687 3432 2701 3446 ο
2724 3414 2821 3466 καὶ
2847 3410 2924 3482 τῷ
2956 3406 3448 3480 Ναϐουχοδονόσορ,
3481 3403 3587 3466 τὰς
3622 3398 3851 3470 γενικὰς

2261 3507 2534 3581 βασιλείας
2560 3506 2663 3575 τῆς
2693 3503 2766 3572 γῆ
2772 3520 2818 3566 ς.

565 3605 798 3659 formam
841 3605 989 3658 illam
1029 3605 1360 3670 ostenderit,
1420 3605 1538 3660 sive
1566 3604 1714 3662 Deus
1749 3619 1847 3676 per
1900 3604 2158 3667 animam
2181 3601 2468 3673 pmpheta:
2495 3597 2858 3665 ventriloqua:
2889 3607 2977 3648 res
3017 3589 3236 3646 futuras
3306 3583 3620 3658 aperuerit,
3664 3601 3854 3655 quem-

565 3699 860 3754 admodum
927 3699 1202 3756 Pharaoni
1295 3699 1638 3756 fertilitatem
1717 3709 1771 3756 et
1848 3699 2086 3764 famem;

562 3790 776 3850 mundi.

1203 3885 1357 3942 CAP.
1411 3886 1503 3943 XI.

640 3975 810 4032 Vens.
845 3976 900 4033 9.
938 3977 1198 4034 Dominus
1226 3981 1557 4052 omnipotens
1603 3990 1720 4036 erat
1753 3997 1875 4035 cum
1905 3995 1987 4034 ea.
2013 3976 2154 4034 San-

571 4081 724 4124 ctum
759 4069 1030 4140 Spiritum
1057 4071 1355 4142 appellavit
1387 4074 1556 4128 Deum
1588 4073 2046 4142 omnipotentem.

639 4163 811 4218 Vens.
843 4163 936 4217 23.
977 4163 1221 4235 Quinque
1259 4165 1576 4220 cubitorum.
1628 4164 1862 4231 Quidam
1905 4160 2158 4217 homines

572 4257 778 4328 ingenti
797 4265 948 4312 certe
983 4257 1238 4326 corporis
1277 4257 1656 4328 magnitudine
1686 4255 1933 4312 fuerunt.

1207 4369 1364 4425 CAP.
1411 4367 1522 4423 XII.

642 4488 792 4542 Adur
823 4484 1291 4541 Ameteehitarum.
1329 4483 1428 4540 Ubi
1467 4484 1520 4536 in
1556 4481 1714 4537 libris
1737 4481 1946 4551 Regum
1971 4478 2160 4550 posuit

573 4581 920 4652 σύστρεμμα,
960 4593 1109 4632 nunc
1144 4576 1298 4647 ponit
1341 4574 1618 4645 σύστημα,
1673 4573 1834 4638 idest,
1875 4580 2080 4626 turma.

641 4672 814 4728 Vsus.
842 4673 932 4726 32.
988 4673 1094 4738 Qui
1135 4677 1462 4739 cognoscunt
1518 4665 1883 4734 prudentiam.
1923 4664 2159 4736 Propter

571 4763 898 4836 sapientiam
932 4763 1060 4818 illos
1086 4762 1396 4817 admiratus
1427 4767 1537 4824 est,
1564 4769 1618 4813 ct
1651 4774 1717 4812 eo
1755 4758 1903 4828 quod
1947 4755 2156 4820 futura,

575 4871 682 4909 non
705 4854 928 4924 quidem
984 4869 1088 4924 per
1141 4851 1515 4923 prophetiam,
1567 4849 1662 4904 sed
1695 4849 2070 4921 prudentiam,
2104 4855 2160 4902 et

575 4965 736 5005 usum
763 4961 948 5004 rerum
981 4945 1378 5016 intelligerent.

1211 5061 1365 5116 CAP.
1401 5059 1541 5117 XIII.

645 5179 792 5234 Vens
829 5177 918 5232 I0.
949 5175 1014 5230 Et
1049 5173 1306 5230 Dominus
1343 5175 1426 5227 ira
1481 5182 1772 5227 commotus
1824 5180 1925 5225 est.
1961 5169 2163 5224 Levitze

575 5275 720 5328 enim
779 5287 888 5326 non
954 5270 1152 5324 licebat
1209 5251 1394 5323 arcam
1446 5263 1846 5337 attingere;id
1911 5275 2161 5318 metuens

580 5365 773 5429 David,
809 5380 916 5418 non
938 5364 993 5418 in
1028 5362 1234 5432 regiam
1267 5359 1514 5422 domum,
1555 5359 1650 5414 sed
1682 5359 1736 5413 in
1764 5360 1987 5411 donium
2015 5354 2162 5409 Obe-

579 5458 800 5520 dedom,
857 5455 1187 5510 introduxit.
1247 5452 1515 5506 norninus
1585 5466 1714 5505 vero
1768 5447 2072 5504 ostendens
2103 5463 2163 5502 se

581 5547 798 5606 nescire
829 5547 1132 5604 discrimen
1175 5547 1320 5600 inter
1351 5545 1718 5614 alienigenam
1747 5550 1801 5597 et
1826 5542 2160 5601 Israelitam,

581 5641 676 5697 sed
707 5641 878 5696 solam
928 5641 1097 5696 animi
1155 5640 1411 5709 pietatem
1480 5651 1750 5708 quaerere,
1806 5635 1975 5689 variis
2037 5649 2160 5688 eum

587 5733 827 5800 prmmiis
850 5733 1050 5786 affecit.
1112 5730 1272 5797 Quod
1331 5745 1454 5783 cum
1489 5728 1717 5783 vidisset
1758 5725 1947 5791 David,
1980 5741 2161 5780 arcam

588 5829 638 5878 in
669 5825 900 5894 regiam,
929 5838 1036 5877 non
1074 5825 1336 5894 plaustro,
1370 5823 1466 5878 sed
1509 5823 1664 5889 juxta
1719 5821 1852 5891 legis
1913 5819 2163 5889 praescri-

589 5927 766 5988 ptum,
801 5911 1153 5968 sacerdotum
1188 5926 1352 5982 opera
1388 5910 1692 5965 transtulit.

2173 3708 2226 3753 et
2311 3691 2851 3752 Nabuchodonosori
2898 3733 2914 3757 ,

2988 3685 3401 3744 successionem
3483 3682 3852 3753 imperiorum

2843 3891 3094 3946 ΚΕΦΑΛ.
3128 3892 3236 3944 IA'.

2321 3993 2431 4050 Καὶ
2457 3992 2670 4060 Κύριος
2699 3983 3122 4052 παντοκράτωρ
3141 3980 3270 4050 μετ’
3296 3977 3506 4034 αὑτοῦ.
3535 3975 3676 4030 Θεὸν
3707 3992 3847 4028 παν-

2249 4085 2558 4156 τοκράτορα
2585 4081 2645 4133 τὸ
2677 4077 2943 4146 πανὰγιον
2973 4073 3200 4128 ἐκάλεσε
3235 4069 3486 4140 Πνεῦμα.

2325 4171 2717 4241 Πενταπήχη.
2756 4164 3198 4238 ’Υπερμεγέθεις
3231 4163 3340 4236 ἄρα
3363 4160 3514 4224 τινὲς
3555 4159 3856 4229 γεγόνασιν

2249 4263 2348 4320 ἆνο
2358 4279 2529 4335 ρωποι
2540 4301 2552 4316 .

2853 4369 3105 4424 ΚΕΦΑΛ.
3138 4366 3241 4420 IB'.

2333 4489 2415 4544 Τὰ
2453 4486 2665 4556 Ἀδοὺρ
2728 4483 2847 4538 τῶν
2921 4477 3352 4552 Ἀμαληκιτῶν.
3407 4475 3484 4530 Τὸ
3534 4475 3855 4544 σύστημα,

2261 4585 2398 4654 ὅπερ
2429 4583 2486 4635 ἐν
2517 4577 2832 4639 Βασιλείαις
2854 4575 3084 4646 εἴρηται.
3108 4573 3490 4639 σύστρεμμα.

2335 4671 2751 4734 Γινώσκοντες
2787 4668 3048 4722 σύνεσιν
3077 4666 3164 4730 είς
3213 4661 3362 4727 τοὺς
3431 4655 3690 4726 καιροὺς
3753 4659 3860 4710 αὐ-

2263 4767 2398 4821 τῶν.
2435 4765 2564 4820 Ἐπὶ
2597 4762 2761 4833 σοφίᾳ
2783 4759 3009 4822 τούτους
3039 4753 3348 4825 ἐθαύμασε,
3421 4751 3519 4804 καὶ
3569 4748 3652 4818 τῷ
3718 4765 3859 4817 προ-

2263 4859 2506 4921 ϐλέπειν,
2538 4857 2598 4910 οὐ
2629 4851 3004 4925 προφητικῶς,
3043 4847 3180 4903 ἀλλὰ
3215 4844 3475 4908 συνετῶς.

2846 5049 3104 5104 ΚΕΦΑΛ.
3148 5045 3247 5098 II".

2336 5173 2442 5229 Kal
2473 5171 2742 5240 ἐθυμώθη
2781 5167 2929 5238 ὀργῆ
2949 5154 3170 5234 ’Κύριος
3184 5162 3288 5217 ἐπὶ
3318 5158 3474 5221 Ὀζᾶ.
3504 5159 3724 5230 Λευῖτῃ
3745 5155 3859 5226 γὰρ

2263 5268 2362 5320 οὐκ
2397 5264 2526 5336 ἐξῆν
2555 5262 2802 5334 ἅψασθαι
2829 5261 2928 5330 τῆς
2955 5255 3212 5312 κιϐωτοῦ.
3257 5255 3323 5308 Ὃ
3353 5253 3539 5314 δείσας
3574 5252 3606 5304 6
3657 5247 3858 5308 Δαϐὶδ,

2265 5364 2344 5427 είς
2377 5360 2466 5414 τὸν
2501 5356 2773 5428 βασίλειον
2812 5351 2984 5421 αὐτὴν
3013 5350 3112 5404 οὐκ
3149 5348 3450 5418 εἰσήγαγεν
3483 5337 3660 5404 οἷκον,
3740 5339 3857 5394 ἀλλ’

2265 5456 2344 5518 εἰς
2379 5453 2471 5506 τὸν
2495 5450 2588 5504 τοῦ
2623 5445 2934 5502 ’Λϐεδδαδά.
2967 5444 3101 5506 Θεδς
3121 5441 3202 5506 δὲ,
3233 5438 3472 5502 δεικνὺς,
3507 5435 3585 5494 ὡς
3616 5435 3724 5488 οὐκ
3748 5429 3860 5486 οἶδε

2264 5543 2526 5614 διαφορὰν
2566 5538 2914 5612 Ἰσραηλιτῶν
2936 5532 3372 5602 καὶὰλλοξρύλου,
3405 5529 3561 5596 ζητεῖ
3592 5529 3650 5582 δὲ
3683 5529 3860 5599 μόνην

2266 5636 2567 5700 εὐσέϐειαν,
2602 5632 2902 5686 ἐπέκλυσεν
2961 5627 3126 5682 αὐτὴν
3165 5623 3534 5684 παντοδαπαῖς
3593 5619 3857 5690 δωρεαῖς.

2273 5729 2336 5778 '0
2366 5725 2699 5792 θεασάμενος
2736 5725 2762 5773 ὁ
2789 5718 2972 5780 Δαϐὶδ,
3007 5720 3086 5776 εἰς
3113 5716 3182 5768 τὰ
3218 5714 3469 5786 βασίλεια
3502 5711 3716 5779 ταύτην
3743 5712 3861 5762 εἰσ-

2267 5819 2496 5883 ήγαγεν,
2553 5812 2613 5864 οὺ
2659 5811 2722 5862 δι’
2758 5795 2972 5880 ἀμάξης
2998 5850 3010 5871 ,
3040 5805 3196 5872 ἀλλὰ,
3229 5803 3372 5857 κατὰ
3402 5803 3493 5856 τδν
3533 5805 3727 5872 νόμον,
3772 5798 3862 5851 διὰ

2269 5905 2374 5960 τῶν
2408 5905 2453 5961 Ie
2463 5903 2618 5973 ρέων.
