3992 6434
327 342 462 408 1Ξο5

914 452 1169 508 ΚΕΦᾹΛ.
1189 449 1300 508 ῘΕ’.

391 545 502 604 Καὶ
531 543 632 602 ἐπὶ
669 545 852 600 Δαϐὶό
883 542 1074 616 ἐφοὺδ
1103 539 1318 614 μόνον.
1366 545 1479 598 Kal
1549 543 1653 615 μὴν
1703 541 1804 595 οὐκ
1841 535 1910 613 ἦν

323 638 524 712 ἱερεύς.
564 638 622 692 Ὁ
659 637 758 707 μὲν
786 631 879 691 οῦν
927 635 1161 699 Ἀκύλας
1185 636 1554 706 ἠρμὴνευτεν,
1579 635 1910 706 ἑπένδυμα·

326 726 618 798 Σύμμαχος
646 724 724 790 δὲ,
755 723 1041 793 ἐπωμίδα.
1089 724 1252 777 Ἀλλὰ
1275 725 1449 778 ταῦτα
1506 727 1602 780 καὶ
1661 723 1913 796 ἱερατικὰ

323 811 416 888 ἦν,
441 816 538 870 καὶ
575 815 748 870 κοινά.
791 814 1058 884 Θεοσεϐὴς
1085 810 1178 868 οὖν
1206 812 1283 868 ὢν
1355 817 1384 871 6
1443 815 1626 882 Δαϐὶδ,
1689 815 1912 888 ὲχᾶρευε

325 907 434 980 πρὸ
469 908 570 978 τῆς
592 907 858 962 κιϐωτοῦ·
888 905 951 961 τὸ
977 907 1035 960 δὲ
1065 906 1348 978 βασιλικὸν
1382 909 1720 979 ἀποθέμενος
1780 907 1914 979 σχῆο

328 1017 426 1069 μα,
465 999 634 1069 μόνην
661 998 717 1052 δὲ
749 997 932 1070 φορῶν
968 997 1218 1069 ἐπωμίδα
1248 999 1458 1070 κοινὴν,
1490 1000 1558 1070 ἣν
1588 999 1686 1053 νῦν
1718 997 1914 1052 καλοῦ-

325 1103 414 1140 σιν
456 1087 804 1158 Ἀρκαδικὴν.
831 1085 958 1152 Πῶς
993 1086 1102 1161 γὰρ
1157 1089 1246 1154 ἂν,
1313 1087 1571 1160 θεοσεϐὴς
1625 1090 1910 1161 ὑπάρχων,

323 1177 544 1249 παρέϐη
581 1178 670 1232 τὸν
700 1179 864 1249 νόμον
893 1195 908 1245 ;
1197 1208 1200 1216 ι

927 1271 1180 1326 ΚΕΦΑΛ.
1215 1270 1334 1341 ις’.

395 1361 637 1432 Χελχὰλ
677 1361 882 1431 ἄρτου.
954 1363 1040 1418 Ἐν
1078 1367 1201 1428 ταῖς
1257 1363 1570 1430 Βασιλείαις
1620 1365 1912 1440 κολλυρίδα

319 1454 484 1524 φησί.
1653 1512 1664 1522 ,

399 1547 536 1601 Τότε
559 1547 736 1612 ἔταξε
755 1549 935 1603 Δαϐὶὸ
961 1550 1032 1604 ἐν
1054 1549 1214 1620 ἀρχῇ
1244 1550 1351 1606 τοῦ
1388 1551 1588 1606 αίνεῒν
1629 1553 1739 1606 τὸν
1788 1552 1906 1606 Κύ-

312 1637 550 1706 ριονὲν
599 1638 747 1706 χειρὶ
792 1637 988 1709 Ἀζὰςρ,
1047 1643 1148 1696 καὶ
1213 1640 1332 1696 τῶν
1368 1641 1651 1711 ἀδελφῶν
1697 1641 1929 1698 αὺτοῦ.’

318 1729 609 1792 Τουτέστι,
627 1729 833 1784 τούτων
863 1731 1206 1802 ἡγουμένων.
1240 1733 1548 1786 Αίνίττεται
1574 1732 1751 1798 δὲ,ὡ;
1783 1733 1912 1786 πάν-

1281 344 1819 407 COMMENTARII
1859 341 1943 404 IN
2005 343 2156 406 LIB.
2228 345 2267 404 I.
2310 324 2660 410 PARALIP.

1939 452 1986 511 Δ

2084 542 2252 600 Vsns.
2307 545 2358 600 1.
2415 545 2590 602 David
2633 548 2746 603 solo
2790 549 2961 618 ephod
3013 549 3232 605 indutus
3257 560 3394 606 erat.
3430 551 3596 623 Atqui

2013 635 2278 692 sacerdos
2317 652 2424 691 non
2443 649 2582 694 erat.
2617 641 2817 712 Aquila
2875 641 3155 712 ὲπένδυμα
3201 641 3598 714 interpretatus

2013 735 2124 794 est;
2166 727 2538 800 Symmachus
2572 747 2705 788 vero
2763 735 3040 806 ἐπωμίδα,
3073 733 3348 790 Caeterum
3384 733 3518 801 haec,
3543 743 3598 789 et

2013 815 2400 882 sacerdotalia,
2461 828 2515 880 et
2569 825 2887 878 communia
2949 831 3130 879 erant.
3168 821 3340 877 David
3387 822 3596 894 itaque,

2013 908 2196 976 utqui
2229 907 2523 978 religiosus
2572 920 2712 976 erat,
2757 913 2980 968 saltavit
3033 920 3161 968 ante
3199 927 3407 977 arcam,
3449 911 3600 982 regio

2013 995 2204 1052 habitu
2275 997 2566 1068 deposito,
2631 1001 2808 1056 solam
2871 1003 3180 1072 epomidem
3245 1017 3597 1058 communem

2014 1095 2260 1156 gestans,
2319 1103 2484 1157 quam
2543 1105 2690 1146 mmc
2757 1091 3089 1148 Areadicam
3147 1091 3449 1163 appellant.
3483 1091 3596 1146 Cur

2013 1177 2182 1241 enim,
2213 1175 2336 1248 pius
2359 1191 2481 1233 cum
2513 1177 2888 1252 fuerit,lcgem
2925 1189 3312 1254 transgressus
3339 1181 3527 1238 esset?

2648 1271 2802 1328 CAP.
2838 1271 2978 1329 XVI.

2086 1359 2251 1433 548
2293 1361 2456 1419 Vens.
2486 1365 2538 1420 '5.
2573 1361 2849 1430 Chelchal,
2899 1375 3096 1422 tortam
3144 1369 3322 1437 panis.
3346 1365 3403 1422 In
3451 1367 3598 1422 libro

2016 1453 2222 1522 liv-gum
2255 1453 2546 1525 κολλυρίδα
2583 1455 2740 1510 dicit.

2084 1541 2254 1598 Vsns.
2287 1545 2340 1600 7.
2401 1545 2550 1600 Tunc
2597 1548 2833 1602 instituit
2887 1549 3056 1603 David
3101 1550 3156 1604 in
3196 1551 3598 1620 principiolau-

2015 1637 2184 1692 dandi
2240 1639 2530 1694 Dominum
2578 1641 2630 1694 in
2655 1657 2816 1695 manu
2873 1642 3078 1711 Asaph,
3109 1655 3158 1698 et
3191 1645 3422 1714 fratrum
3457 1643 3597 1714 ejus.

2019 1729 2132 1785 lloe
2153 1737 2260 1798 est,
2294 1731 2403 1786 illis
2437 1732 3046 1805 praeeuntibuannuit
3069 1747 3276 1802 autem,
3312 1743 3372 1790 ut
3407 1750 3600 1792 omne;

314 1838 415 1886 τες
441 1819 536 1876 τοῦ
560 1821 728 1877 Δαϐὶδ
757 1823 808 1876 οί
837 1797 1208 1892 ιΙίέιλμξήΚαὶ
1241 1825 1452 1889 τούτοις
1479 1797 1674 1889 αὐτοὺς
1702 1825 1906 1896 ἐνεχεί-

2026 1820 2265 1878 Psalmos
2313 1819 2540 1878 Davidis
2563 1825 2816 1895 aggressi
2865 1825 3010 1892 sint;
3076 1826 3128 1879 id
3162 1826 3308 1880 enim
3332 1819 3607 1890 declarat,

215 1907 221 1912 ’
317 1932 476 1986 ρισεν
498 1956 512 1982 ,
547 1914 622 1979 ὡς
650 1915 802 1987 δηλοῖ
827 1916 908 1981 τὸ,
939 1915 1011 1971 ἐν
1041 1918 1191 1988 χειρί
1212 1932 1226 1948 '
1262 1916 1361 1989 τὴν
1391 1917 1711 1989 ψαλμῳδίαν
1739 1918 1794 1972 δὲ
1821 1918 1909 1973 διὰ

318 2007 526 2070 παντὸς
553 2008 865 2072 ἐπετέλουν,
899 2011 964 2080 τῇ
991 2008 1207 2081 διαδοχῇ
1255 2012 1384 2074 τοὺς
1445 2011 1642 2075 πόνους
1694 2011 1913 2064 ἐπικου-

318 2101 593 2169 φίζοντές.
637 2103 728 2155 Ἑν
762 2101 989 2156 Γαϐαὼν
1018 2103 1076 2156 δὲ
1099 2097 1224 2174 ἦνή
1281 2104 1477 2174 σκηνή.
1530 2102 1624 2156 Διὸ
1673 2103 1910 2158 Σαδδοὺκ

316 2195 442 2247 ἐκεῖ
461 2194 560 2257 τὰς
592 2192 784 2258 Θυσίας
813 2194 1176 2266 προσέφερεν.
1227 2194 1351 2259 Πῶς
1380 2195 1474 2250 οῦν
1523 2194 1911 2268 θυσιαστήριον

313 2288 348 2339 6
381 2285 546 2339 Δαϐλδ
582 2287 640 2339 ἐν
667 2288 734 2357 τῇ
768 2285 880 2357 atq,
911 2287 1179 2358 πεποίηκε
1203 2285 1299 2340 τοῦ
1337 2287 1521 2357 Ὀρνᾶ,
1545 2287 1642 2359 τῆς
1672 2287 1908 2342 κιϐωτοῦ

321 2377 403 2449 μὴ
426 2370 594 2446 οὔσης
621 2379 768 2445 snsi;
837 2379 1001 2433 Ἀλλὰ
1031 2379 1121 2434 διὰ
1167 2377 1267 2452 τὴν
1305 2379 1400 2434 τοῦ
1457 2379 1588 2436 λαοῦ
1637 2380 1909 2452 τιμωρίαν

321 2467 553 2540 ὲπείχθη
587 2469 679 2524 τὸν
699 2469 832 2525 Θεὸν
865 2470 1226 2527 ίλεώσασθαι.
1248 2474 1328 2528 Δι’
1355 2473 1382 2527 ὅ
1411 2490 1578 2544 φησιν
1604 2474 1636 2544 ἡ
1672 2475 1906 2545 ἱστορία,

323 2562 438 2616 Καὶ
449 2563 543 2616 οὐκ
569 2563 812 2636 ἠδυνήθη
831 2565 996 2619 Δαϐὶδ
1015 2567 1347 2638 πορευθῆναι
1371 2565 1685 2638 ἔμπροσθεν
1715 2565 1905 2634 αὑτοῦ,

321 2649 418 2705 τοῦ
456 2653 756 2726 ἐκζητῆσαι
773 2655 862 2709 τὸν
887 2655 1114 2726 Κύριον,
1135 2659 1218 2712 ὅτι
1235 2657 1608 2712 κατέσπευσεν
1626 2656 1733 2712 ἀπὸ
1749 2675 1911 2729 προσ-

315 2744 472 2797 ώπου
497 2745 596 2815 τῆς
613 2749 890 2818 ῥομφαίας
911 2749 1148 2818 ἀγγέλου
1167 2750 1400 2820 Κυρίου.
1425 2749 1516 2802 Διὸ
1533 2750 1728 2803 καὶτὸν
1749 2750 1911 2804 τόπον

313 2833 422 2906 τῆς
439 2836 628 2900 θυσίας
642 2840 722 2904 είς
741 2839 877 2893 νεὼν
897 2840 1225 2912 ἀφιέρωσεν.
1240 2841 1312 2895 Τὸ
1325 2841 1378 2894 δὲ
1389 2839 1594 2913 ταύτης
1609 2841 1910 2912 εὐπρόσδε-

312 2943 451 2980 κτον
466 2925 633 2994 ἔδειξε
653 2929 713 2983 τὸ
730 2929 788 2998 ἐξ
805 2929 1034 3000 οὐρανοῦ
1052 2929 1184 3004 πῦρ,
1207 2931 1236 2984 6
1257 2931 1358 3002 τὴν
1376 2930 1569 2985 θυσίαν
1585 2933 1910 2987 κατέκαυσε.

905 3023 1160 3078 ΚΕΦΛΛ.
1196 3023 1328 3076 ΚΒ’.

2014 1913 2158 1984 quod
2219 1913 2374 1980 dicit,
2405 1913 2460 1968 in
2515 1932 2700 1970 manu.
2764 1915 3018 1974 Psalmos
3080 1926 3268 1972 autem
3337 1926 3602 1987 perpetuo

2012 2005 2326 2061 tractabant
2351 2006 2708 2062 successione
2730 2007 2975 2062 laborem
3005 2008 3269 2064 levantes.
3293 2009 3352 2062 ln
3375 2007 3600 2064 Gabaon

2014 2105 2196 2158 autem
2253 2103 2374 2151 erat
2403 2096 2844 2166 tabernaculum,
2892 2098 3440 2170 quapropterZadok
3494 2101 3600 2155 ibi-

2013 2187 2135 2242 dem
2193 2185 2466 2244 sacriﬁcia
2515 2188 2739 2244 obtulit.
2789 2187 3080 2256 Quomodo
3141 2190 3310 2262 igitur
3348 2189 3512 2246 David
3545 2193 3599 2246 in

2013 2298 2140 2339 area
2171 2280 2376 2340 Ornam
2419 2284 2594 2340 altare
2647 2285 2988 2354 construxit,
3033 2299 3159 2341 cum
3193 2300 3322 2340 arca
3343 2286 3458 2342 illic
3489 2301 3600 2342 non

2012 2375 2202 2432 esset?
2231 2375 2624 2431 Verumtamen
2662 2386 2894 2448 propter
2915 2392 3132 2448 pmnam
3163 2377 3352 2448 populi
3389 2379 3455 2432 ad
3482 2377 3600 2446 pla-

2013 2466 2248 2520 candum
2283 2465 2451 2520 Deum
2496 2466 2770 2536 impulsus
2825 2475 2930 2522 est.
2967 2465 3106 2522 llinc
3155 2467 3322 2524 habet
3347 2465 3598 2522 historia:

2011 2559 2077 2614 Et
2101 2575 2210 2614 non
2237 2559 2416 2630 potuit
2458 2559 2628 2615 David
2661 2561 2741 2616 ire
2770 2567 2898 2617 ante
2947 2577 3070 2616 eum
3104 2559 3172 2616 ad
3197 2558 3602 2617 consulendum

2013 2651 2212 2720 Deum,
2247 2653 2374 2723 quia
2406 2651 2688 2708 festinavit
2715 2669 2744 2706 a
2782 2653 2919 2709 facie
2950 2653 3114 2724 gladii
3147 2652 3324 2724 angeli
3358 2651 3595 2707 Domini.

2013 2746 2381 2816 Quamobrem
2429 2747 2593 2801 etiam
2653 2749 2836 2802 locum
2893 2747 3155 2805 sacriﬁcii
3215 2746 3603 2817 templumde~

2014 2839 2274 2910 signavit.
2311 2838 2468 2904 Quod
2519 2839 2571 2894 ei
2607 2850 2824 2910 gratum
2856 2850 3261 2910 acceptumque
3285 2855 3429 2903 esse,
3457 2837 3601 2908 ignis

2015 2945 2045 2985 e
2069 2929 2210 2986 caelo
2239 2929 2573 2986 sacriﬁcium
2597 2931 2894 2986 absumens
2937 2939 2992 2984 et
3017 2931 3310 2994 devorans,
3335 2929 3595 3006 ostendit.

2619 3020 2774 3076 CAP.
2831 3013 2997 3075 XX".

395 3111 518 3166 Ὅτι
585 3114 804 3183 αἵματα
865 3114 1070 3170 πολλὰ
1141 3112 1410 3184 ἐξέχεας.
1487 3115 1914 3189 Ἀποτρεπτικδν

2088 3113 2324 3170 VsnsJ.
2349 3114 2492 3180 Quia
2521 3113 2746 3168 multum
2777 3113 3052 3184 sanguinis
3075 3111 3334 3182 eﬂ'ndisti.
3354 3111 3608 3167 Deterret

314 3201 661 3273 μιαιφονίας.
693 3206 767 3258 Οὐ
803 3203 912 3276 γὰρ
949 3205 1019 3260 ἂν
1053 3204 1216 3275 φόνον
1245 3205 1538 3277 ἐμέμψατο
1571 3206 1806 3270 δίκαιον,
1853 3207 1914 3271 ὃς

309 3295 418 3349 ἐπὶ
446 3293 541 3348 τοῦ
585 3295 774 3358 Φινεὲς
809 3295 1004 3349 θυσίαν
1029 3296 1218 3351 τοῦτον
1243 3297 1525 3352 ἐκάλεσεν.
1562 3299 1699 3369 Περὶ
1719 3289 1789 3378 ρῦ
1813 3316 1914 3368 φηι

312 3400 412 3440 σιν
441 3387 469 3440 6
497 3387 664 3440 Δαϐίδ
683 3403 695 3416 ·
728 3387 840 3440 Καὶ
867 3385 999 3458 ἔστη
1031 3387 1240 3453 Φινεὲς,
1277 3387 1374 3442 καὶ
1431 3387 1742 3453 ἑξιλάσατο.
1801 3389 1914 3444 Καὶ

313 3477 568 3545 Μωῠσῆς
597 3478 677 3542 δὲ,
713 3477 808 3531 καὶ
835 3480 883 3530 οξ
916 3475 1141 3532 Λευῖται
1174 3517 1189 3542 ,
1231 3479 1370 3549 μετὰ
1397 3479 1498 3550 τὴν
1555 3479 1914 3550 μοσχοποιίαν

320 3567 660 3638 τρισχιλίους
689 3567 1010 3624 ἀπέκτεινον
1031 3585 1044 3600 ο
1081 3572 1177 3624 καὶ
1216 3569 1470 3642 Σαμουὴλ
1503 3570 1796 3624 ἀπέκτεινε
1820 3571 1912 3625 τὸν

337 3657 546 3728 Ἀγάγο
581 3661 677 3714 καὶ
717 3660 904 3724 Ἠλίας
949 3661 1040 3714 ων⁹
1079 3665 1095 3703 i
1137 3661 1231 3716 τοῦ
1262 3662 1413 3716 Βαὰλ
1442 3662 1568 3726 τοὺς
1607 3663 1921 3734 προφήτας.-

330 3751 480 3806 Ἕδει
510 3747 724 3807 οὖν’τδν
761 3755 1040 3824 εἰρηνικὸν
1092 3755 1419 3826 Σολομῶντα
1479 3754 1650 3809 τύπον
1680 3757 1916 3824 φέροντα

325 3841 421 3898 τοῦ
449 3842 709 3913 Χριστοῦ,
744 3842 802 3906 ὃς
832 3843 1035 3914 ἤμελλε
1065 3844 1165 3908 τὰς
1200 3843 1342 3898 κατὰ
1371 3846 1549 3898 πᾶσαν
1603 3847 1702 3914 τὴν
1736 3846 1918 3898 οἰκου-

329 3933 502 4006 μένην
535 3933 832 4004 ἐκκλησίας
851 3935 1180 4006 οίκοδομεῖν,
1216 3935 1310 3988 καὶ
1338 3936 1429 3991 τὸν
1471 3935 1760 3990 Ἰουδαϊκὸν
1777 3937 1918 3989 οἰκο-

323 4025 566 4095 δομῆσαι
599 4027 744 4080 ναόν.
781 4025 938 4080 Κατὰ
967 4027 1078 4100 γὰρ
1112 4027 1324 4083 Παῦλον
1352 4027 1513 4092 αὐτὸς
1541 4029 1692 4082 ἐστιν
1747 4029 1782 4100 ἡ
1835 4029 1917 4082 εἰ·

328 4118 470 4190 ρήνη
505 4117 686 4190 ἡμῶν,
711 4117 741 4170 6
765 4119 1000 4190 ποιήσας
1027 4121 1094 4176 τὰ
1129 4121 1413 4192 ἀμφότερα
1443 4119 1520 4176 ἓν.

907 4305 1166 4359 ΚΕΦΑΔ.
1224 4305 1352 4360 Kl".

402 4397 514 4452 Kal
539 4395 965 4468 ἠριθμήθησαν
991 4400 1046 4452 οἱ
1079 4396 1342 4452 Λευῖται.
1364 4369 1540 4468 .Δηλοῖ
1565 4395 1772 4451 τούτων
1826 4397 1920 4450 τὸν

2017 3221 2120 3262 nos
2177 3221 2207 3260 a
2253 3205 2422 3261 caede.
2450 3204 2568 3260 Non
2606 3212 2790 3260 autem
2813 3207 3019 3275 justam
3050 3204 3254 3261 caedem
3299 3205 3391 3260 ille
3419 3217 3607 3274 repre-

2018 3299 2230 3366 hendit,
2273 3300 2368 3368 qui
2409 3297 2610 3354 factam
2645 3314 2674 3352 a
2713 3298 2920 3355 Pliinee
2957 3299 3290 3354 sacriﬁcium
3341 3298 3604 3369 appellat.

2019 3389 2092 3445 De
2123 3407 2233 3460 quo
2282 3390 2452 3446 David
2508 3391 2583 3445 ita
2631 3391 2909 3461 loquitur:
2943 3391 3009 3446 Et
3055 3389 3242 3446 stabat
3272 3389 3530 3454 Phinees,
3554 3399 3609 3444 et

2019 3479 2253 3552 placavit
2291 3481 2484 3535 Deum.
2540 3479 2760 3552 Moyses
2846 3481 3014 3535 etiam
3069 3490 3126 3536 et
3198 3479 3426 3544 Levius,
3480 3494 3608 3533 cum

2016 3573 2282 3630 Israelitae
2331 3573 2567 3628 vitulum
2623 3572 2978 3638 erexissent,
3015 3588 3082 3627 ex
3129 3573 3212 3627 eis
3270 3574 3374 3628 tria
3438 3572 3607 3626 millia

2019 3660 2465 3730 interfecerunt,
2499 3661 2722 3716 Samuel
2753 3661 3036 3718 interfecit
3081 3663 3254 3734 Agag,
3289 3663 3438 3717 Elias
3468 3677 3608 3734 qua-

2019 3754 2344 3825 dringentos
2371 3754 2771 3824 quinquaginta
2796 3753 3120 3810 sacerdotes
3143 3752 3610 3823 Baal.0portebat

2019 3845 2188 3915 igitur
2221 3843 2574 3898 Solomonem
2609 3843 2901 3914 paciﬁcum
2936 3851 3124 3915 typum
3144 3859 3335 3914 gerere
3365 3842 3566 3900 Christi
3593 3882 3608 3906 ,

2020 3942 2116 4009 qui
2148 3955 2342 3996 omnes
2367 3955 2464 4011 per
2507 3939 2828 3995 universum
2863 3947 3140 3994 terrarum
3180 3939 3370 3994 orbem
3433 3937 3612 3991 eet-le-

2021 4031 2157 4096 sias,
2177 4038 2232 4084 et
2279 4031 2544 4100 templum
2570 4017 2861 4086 Iudaicum
2889 4032 3264 4086 aedificaturus
3287 4040 3424 4085 erat.
3451 4027 3610 4092 Nam,

2022 4123 2328 4180 secundum
2362 4122 2618 4191 Paulum,
2649 4123 2767 4194 ipse
2797 4130 2884 4180 est
2917 4138 3019 4194 pax
3057 4130 3350 4188 nostra,ex
3382 4130 3614 4192 utroque

2023 4236 2195 4276 unum
2244 4219 2472 4276 faciens.

2616 4310 2776 4367 CAP.
2822 4310 3017 4367 XXIII.

2097 4401 2266 4459 Vsus.
2305 4403 2359 4458 ὅ.
2392 4401 2462 4456 Et
2485 4402 2754 4456 numerati
2785 4411 2908 4457 sunt
2939 4400 3156 4457 Levilaz.
3181 4401 3492 4456 Levitarum
3514 4418 3630 4456 nti--

326 4491 592 4564 éptepby,
629 4491 725 4546 καὶ
755 4489 876 4553 πῶς
910 4490 1111 4554 αὐτοὺς
1143 4492 1222 4554 εἰς
1247 4490 1542 4562 διαφόρους
1569 4489 1914 4561 λειτουργίας

2027 4508 2243 4549 merum
2290 4493 2468 4564 ponit,
2535 4503 2704 4562 utque
2745 4493 2897 4548 varia
2963 4508 3194 4548 munera
3248 4492 3508 4546 aDavide
3533 4493 3617 4548 eis

322 4583 629 4650 κατέταξεν
657 4583 686 4636 6
715 4582 882 4636 Δαϐἱδ
899 4599 914 4614 ο
942 4582 1040 4636 καὶ
1066 4582 1142 4646 ὡς
1169 4582 1220 4635 οἱ
1240 4581 1335 4635 τοῦ
1359 4582 1637 4642 Μωῦσέως
1667 4581 1927 4649 ἀπόγονοι

319 4674 543 4739 τούτοις
570 4673 1017 4745 ὲγκατελέγησαν
1051 4689 1064 4704 ’
1107 4673 1200 4727 καὶ
1225 4673 1302 4737 ὡς
1334 4673 1596 4737 Σαδδοὺκ,
1648 4674 1676 4726 ὁ
1741 4673 1930 4744 ἀρχιε-

329 4767 486 4840 ρεὺς,
514 4767 609 4820 τοῦ
651 4767 918 4837 Ἐλεάζαρ
952 4765 1221 4835 ἀπόγονος
1252 4761 1322 4836 ἦν
1348 4807 1363 4833 ,
1413 4766 1442 4818 6
1499 4765 1556 4819 δὲ
1607 4763 1921 4836 Ἀϐιμέλεχ,

321 4857 425 4914 τοῦ
454 4859 712 4930 Ἰθάμαρ’
743 4858 837 4912 καὶ
859 4859 940 4912 ὃτι
963 4861 1073 4922 τοῖς
1103 4857 1214 4912 ἀπὸ
1242 4857 1456 4920 τούτου,
1481 4857 1726 4911 πλείοσιν
1742 4855 1917 4923 οὖσιν,

326 4951 428 5006 δύο
479 4951 670 5020 μοίρας
697 4951 756 5004 ἐν
782 4953 904 5014 ταῖς
934 4951 1267 5022 ὲφημερίαις
1329 4950 1596 5020 ἀπένειμε
1627 4989 1642 5014 ,
1696 4952 1808 5013 τοῖς
1857 4949 1914 5004 δὲ

297 5039 432 5094 ·τοῦ
473 5040 723 5112 Ἰθάμαρ,
764 5040 914 5110 μίαν.
977 5041 1098 5094 Τῶν
1145 5041 1202 5094 δὲ
1259 5039 1580 5111 ὲφημεριῶν
1644 5040 1910 5111 μέμνηται

335 5135 432 5188 καὶ
461 5134 676 5196 Λουκᾶς
713 5134 770 5186 ὲν
797 5132 1135 5202 Εύαγγελίῳ,
1165 5133 1256 5186 τὸν
1299 5130 1576 5203 Ζαχαρίαν
1635 5131 1812 5199 λέγων
1865 5129 1928 5196 ἐξ

337 5225 644 5297 ἐφημερίας
683 5225 858 5282 Ἀϐιά.
899 5209 1103 5279 Τοῦτον
1139 5225 1198 5278 δὲ
1243 5225 1338 5279 τὸν
1411 5224 1572 5278 ’Δϐιὰ
1629 5225 1862 5296 ἕϐδομον
1901 5223 1914 5274 i

335 5318 615 5390 εἰληφέναι
641 5319 902 5390 κλῆρονὴ
941 5317 1278 5390 προκειμένη
1314 5317 1492 5386 βίϐλος
1526 5316 1700 5389 δηλοῖ.

907 5412 1162 5465 ΚΕΦΑΛ.
1218 5411 1347 5466 KE'.
1627 5396 1630 5400 ’

410 5503 526 5560 Τὸν
567 5503 783 5573 Ἀσὰςρ,
809 5503 910 5559 καὶ
928 5502 1137 5573 Αιμὰν,
1153 5502 1254 5558 καὶ
1281 5501 1562 5573 Ἰδιθοὺμ,
1581 5501 1704 5556 τῶν
1723 5503 1920 5570 ψαλτ-

2029 4583 2236 4640 fuerint
2260 4583 2569 4654 assignata;
2599 4583 2883 4654 quomodo
2907 4583 3115 4652 posteri
3161 4580 3367 4653 Moysis
3402 4583 3469 4638 ad
3500 4583 3617 4638 haec

2029 4677 2230 4732 delecti
2288 4676 2518 4742 fuerint,
2600 4673 2879 4746 quomodo
2925 4676 3052 4730 item
3089 4673 3342 4732 Sadocus
3364 4689 3616 4730 summus

2030 4767 2299 4842 pontifex,
2360 4767 2610 4823 Eleazari
2663 4782 2836 4838 nepos
2901 4766 3088 4834 fuerit,
3137 4767 3455 4824 Abimelecb
3488 4783 3618 4823 vero
3659 4839 3668 4844 _

2032 4857 2346 4928 ltbamari;
2409 4859 2688 4929 quomodo
2728 4859 2840 4916 illis
2873 4901 2887 4926 ,
2937 4861 3030 4932 qui
3099 4875 3166 4917 ex
3226 4859 3331 4916 hoc
3387 4859 3618 4916 descen-

2039 4951 2197 5016 dunt,
2223 4961 2280 5008 nt
2318 4951 2412 5022 qui
2455 4951 2642 5022 plures
2696 4960 2880 5018 erant,
2913 4953 3055 5010 duas
3102 4953 3248 5010 vices
3271 4951 3566 5023 assignarit
3602 4971 3618 5018 ;

2027 5043 2282 5099 ltbamari
2348 5051 2531 5099 autem
2573 5044 2816 5114 posteris
2862 5059 3026 5099 unam
3094 5043 3382 5098 duntaxat.
3444 5041 3618 5112 Hujus

2028 5134 2243 5190 ordinis
2273 5133 2530 5189 meminit
2555 5137 2721 5188 etiam
2745 5133 2926 5189 Lucas
2973 5137 3028 5190 in
3059 5133 3383 5205 Evangelio,
3407 5133 3620 5190 Zacha-

2033 5228 2171 5283 riam
2207 5227 2494 5297 appellans
2525 5224 2594 5280 de
2619 5226 2736 5280 vice
2792 5227 2954 5293 Abia,
3011 5242 3174 5296 quem
3223 5225 3418 5280 Abiam
3447 5227 3620 5296 septi-

2031 5334 2174 5374 mam
2215 5317 2504 5388 accepisse
2535 5324 2744 5374 sortem
2775 5333 3018 5387 praesens
3045 5319 3182 5372 liber
3209 5317 3473 5373 ostendit.

2643 5409 2796 5466 CAP.
2843 5409 3012 5464 XXV.

2106 5502 2276 5561 Vens.
2314 5503 2592 5574 LAsuph,
2652 5501 2878 5568 zEman,
2909 5517 2960 5561 et
3011 5502 3271 5566 [dit/mm,
3341 5511 3618 5557 cantarunt

1613 5618 1846 5676 VARl/E
1887 5619 2289 5677 LECTIONES.

415 5715 430 5756 ί
465 5712 520 5768 in
556 5713 810 5768 Lavateri
858 5715 1046 5769 codice
1088 5716 1307 5770 videtur
1343 5714 1513 5772 fuisse
1567 5711 1808 5768 ov'.Vid.
1874 5713 2012 5770 llist.
2052 5713 2258 5784 Regum
2294 5714 2385 5768 lib.
2443 5712 2528 5779 ill,
2570 5728 2691 5782 cap.
2729 5729 2855 5768 xvn.
2943 5711 2954 5760 i
3009 5715 3085 5766 Ita
3121 5711 3284 5766 etiam
3311 5711 3363 5761 in
3391 5705 3613 5762 Lavate'

344 5785 389 5840 ri
423 5786 609 5840 codice
635 5784 773 5853 fuit;
807 5787 901 5841 sed
923 5789 1146 5842 omnino
1179 5787 1534 5843 scribendum
1563 5785 1776 5852 ὃγδοον.
