3992 6396
569 328 705 393 1207

1895 340 2254 403 PROCOPII
2281 343 2526 407 GAZ/EI

3711 352 3816 420 1208

558 445 862 514 prwfectos.
923 445 1160 512 Quidam
1220 450 1436 516 dicunt,
1474 467 1584 508 non
1623 452 1742 520 Dei,
1775 453 2127 539 sedDavidis

2255 456 2427 522 φδῶν
2492 458 2637 527 τοὺς
2662 458 2981 532 ἄρχοντας.
3016 462 3178 527 Τινὲς
3211 461 3320 534 μὲν
3371 461 3601 532 ἔφασαν,
3649 467 3706 520 οὐ
3741 471 3816 524 τοῦ

561 534 862 605 prophetas
926 539 1230 607 appellatos
1275 555 1432 606 esse,
1501 557 1530 596 a
1615 558 1726 614 quo
1807 534 2127 616 accipiente:

2249 547 2387 636 Θεοῦ
2423 550 2727 622 κεκλῆσθαι
2753 555 3065 626 προφήτας,
3125 553 3274 609 ἀλλὰ
3324 552 3422 608 τοῦ
3478 555 3659 622 Δαϐὶδ,
3707 565 3813 636 παρ’

562 626 822 698 hymnos,
863 629 1250 687 instrumentis
1317 634 1552 690 musicis
1629 635 1918 694 ludebant.
1983 636 2142 704 Quod

560 731 691 774 vero
721 721 824 790 ipsi
873 737 1096 791 quoque
1157 723 1496 795 prophetica:
1579 727 1774 796 gratia:
1837 729 2142 800 participes

557 808 788 878 fuerint,
816 811 1107 883 Scriptura
1138 816 1493 886 significavit,
1542 817 1768 875 dicens:
1798 818 2141 891 Prophetan-

555 910 640 956 tes
672 904 1064 962 instrumentis
1111 910 1516 978 musicis,etc.,
1544 913 1770 969 iterum:
1803 911 1930 968 Filii
1955 914 2140 986 Asaph

552 996 846 1068 propinqui
901 999 1088 1070 Asaph
1125 1003 1430 1074 prophetae.
1490 1001 1732 1060 Rursum
1777 1005 1845 1061 de
1899 1004 2138 1081 ldithum

551 1090 817 1161 loquitur,
874 1095 1247 1166 praphetante
1295 1098 1753 1168 confessionem;
1823 1101 1892 1156 de
1935 1099 2139 1157 IEman

548 1191 730 1238 autem
801 1185 986 1242 dicit:
1025 1187 1284 1245 Videntis
1336 1192 1484 1262 regis
1537 1193 1592 1247 in
1634 1193 1988 1248 sermonibus
2021 1192 2137 1249 Dei.

547 1274 757 1347 Moysis
793 1288 977 1333 autem
1022 1288 1279 1350 posteros
1315 1282 1696 1339 custodiendis
1718 1285 1898 1340 sacris
1920 1284 2140 1340 thesau-

547 1369 626 1421 ris
654 1368 928 1438 praefecit,
970 1372 1027 1426 in
1059 1373 1265 1443 quibus
1315 1375 1494 1446 spolia
1532 1375 1801 1438 hostium.
1823 1385 1880 1433 et
1909 1391 2138 1432 munera

545 1458 660 1516 Deo
687 1461 878 1522 oblata
903 1465 1149 1536 reposita
1180 1477 1363 1523 erant.

613 1727 785 1786 Vens.
804 1731 896 1790 29.
923 1731 990 1786 Ut
1010 1643 1318 1800 scribgfezi,
1333 1644 1725 1806 ᾗξιίάιίτανεηε.
1744 1738 2133 1809 Symmachus,

2247 635 2308 695 οὗ
2335 643 2463 704 τοὺς
2497 643 2702 715 ὕμνους
2728 645 3100 716 λαμϐάνοντες
3116 643 3251 722 ᾖδον
3291 648 3353 700 ἐν
3401 647 3520 710 τοῖς
3573 635 3810 721 ὀργάνοις.

2251 732 2371 786 Ὅτι
2395 732 2452 786 δὲ
2487 737 2834 808 προφητικῆς
2859 740 2954 792 καὶ
2983 739 3141 792 αὐτοὶ
3167 736 3584 808 μετειλήφεσαν
3628 743 3811 815 χάριτος

2247 823 2517 895 ἐδήλωσεν
2537 827 2570 898 ἡ
2593 828 2806 900 Γραφὴ,
2843 829 3076 898 λέγουσα
3102 847 3116 862 ·
3143 831 3296 894 Τοὺς
3323 831 3750 903 προφητεύοντας
3767 841 3810 894 ἐν

2244 913 2516 986 κινύραις,
2549 916 2644 971 καὶ
2693 918 2762 971 τὰ
2783 919 2930 991 ἑξῆς.
2964 919 3074 974 Καὶ
3102 919 3443 987 πάλιν,Υίοὶ
3487 920 3654 992 mm
3675 964 3690 989 ,
3715 929 3804 998 ὲχός

2247 1021 2402 1075 μενοι
2448 1007 2622 1076 Ἀσάφ
2660 1008 2754 1062 τοῦ
2789 1011 3095 1082 προφήτου.
3131 1010 3248 1064 Καὶ
3281 1010 3478 1076 πάλιν,
3543 1016 3670 1085 περ)⁵
3722 1019 3803 1073 Ἰδιο

2244 1090 2384 1161 θούμ
2418 1109 2550 1163 φησι
2585 1093 2680 1147 τοῦ
2725 1099 3172 1166 προφητεύοντος
3233 1095 3652 1168 ἐξομολόγησιν.
3708 1103 3794 1176 Περί

2242 1181 2300 1236 δὲ
2332 1183 2426 1236 τοῦ
2453 1185 2635 1256 Δίμὰν
2679 1186 2851 1257 λέγει,
2887 1187 2996 1242 Τοῦ
3029 1188 3275 1259 ὁρῶντος
3313 1188 3397 1259 τῷ
3425 1188 3637 1260 βασιλεῖ
3664 1194 3715 1246 ἐν
3737 1195 3796 1250 it.

2242 1291 2361 1342 γοις
2401 1276 2540 1331 Θεοῦ
2569 1295 2584 1310 ο
2615 1279 2896 1342 Μωϋσέως
2928 1280 2986 1334 δὲ
3030 1281 3154 1346 τοὺς
3181 1280 3502 1348 ἀπογόνους
3530 1281 3636 1337 τῶν
3683 1285 3799 1358 ιερῶν

2243 1363 2538 1435 θησαυρῶν
2570 1367 2822 1440 ἀπέφηνε
2852 1367 3124 1438 φύλακας,
3157 1370 3220 1423 ὲν
3249 1364 3336 1434 οἷς
3355 1370 3621 1426 ἀπέκειτο
3644 1375 3702 1428 τὰ
3721 1379 3799 1431 τῶν

2244 1455 2502 1525 πολέμων
2552 1459 2844 1531 ἀκροθίνια
2879 1501 2895 1527 ,
2947 1462 3044 1516 καὶ
3091 1462 3160 1517 τά
3220 1461 3383 1534 δῶρα
3427 1462 3499 1518 τὰ
3545 1471 3799 1541 προσφερό.

2246 1563 2384 1618 μενα
2415 1548 2496 1620 τῷ
2525 1548 2663 1623 Θεῷ.

2813 1645 3069 1701 ΚΕΦᾹΛ.
3110 1645 3267 1714 κατ’.

2318 1732 2432 1788 Τοῦ
2464 1737 2932 1808 πραμματεύειν,
2972 1738 3081 1813 και,
3106 1737 3477 1816 διακρίνειν.
3523 1741 3794 1813 Σύμμαχος,

546 1820 642 1886 Ei;
675 1822 992 1890 παιδευτὰς,
1018 1826 1114 1880 καὶ
1143 1827 1360 1898 κριτάς.
1396 1805 1466 1883 In
1491 1828 1771 1894 doctores,
1802 1839 1856 1884 et
1890 1829 2127 1900 iudices.

2237 1826 2325 1891 είς
2347 1805 2696 1897 παιδευτὰς,
2731 1830 2834 1885 καὶ
2860 1805 3088 1900 κριτάς.

1142 1919 1294 1975 CAP.
1321 1918 1536 1974 XXVII.

562 1993 782 2060 "Vsns.
813 2005 866 2060 5.
907 2005 974 2059 Et
1031 2007 1253 2062 Benaan
1278 2050 1291 2063 .
1322 2009 1421 2066 llic
1451 2012 1716 2068 sacerdos
1750 2012 2000 2082 ejusdem
2037 2028 2135 2069 no-

545 2096 713 2150 minis
745 2105 828 2152 est
873 2114 994 2154 cum
1029 2101 1288 2170 praefecto
1323 2105 1484 2169 aulae,
1533 2113 1588 2160 et
1616 2112 1814 2176 nepote
1845 2107 2013 2177 regis,
2037 2106 2132 2176 qui

542 2188 728 2245 dictus
764 2199 849 2246 est
881 2207 948 2246 ex
979 2194 1130 2264 regia
1172 2197 1436 2266 prosapia
1473 2187 1667 2254 fuisse.

1109 2284 1264 2340 CAP.
1319 2285 1559 2342 XXVIII.

613 2368 780 2426 Vens.
807 2373 860 2430 9.
895 2375 1089 2431 Animo
1111 2388 1425 2444 spontaneo.
1457 2380 1750 2448 Coactum,
1777 2383 1937 2452 dicit,
1965 2384 2130 2441 obse-

540 2464 731 2532 quium
758 2482 866 2521 non
913 2478 1189 2538 acccptat.

604 2555 668 2612 Si
691 2561 987 2630 quwsieris,
1013 2565 1312 2621 invenietur
1337 2584 1370 2620 a
1406 2577 1474 2622 te.
1505 2569 1834 2624 Adhortatio
1859 2578 1944 2624 est
1965 2585 2131 2625 evan-

539 2650 750 2714 gelica:
791 2671 810 2703 ι
857 2653 1102 2720 ριιῖει-ἰιο
1123 2657 1294 2724 enim,
1330 2658 1488 2728 dicit,
1527 2671 1580 2714 et
1642 2661 1978 2726 invenietis;
2010 2661 2129 2732 pul-

535 2749 678 2809 s::te,
709 2752 762 2797 et
793 2748 1072 2814 aperietur
1107 2749 1265 2806 vobis
1282 2746 1351 2806 ".
1394 2772 1412 2806 ι

610 2835 780 2891 Vens.
813 2838 902 2892 12.
930 2840 1000 2894 Et
1021 2843 1300 2912 exemplar
1320 2846 1580 2912 omnium,
1613 2864 1735 2917 qua:
1770 2857 1923 2902 erant
1956 2849 2128 2918 inspi-

2814 1923 3069 1980 ΚΕΦΑΛ.
3124 1925 3262 1980 KZ'.

2307 2009 2418 2064 Καὶ
2453 2013 2744 2070 Βαναίαν.
2795 2013 3005 2084 Ἰερεὺς
3043 2011 3228 2082 οὗτος,
3286 2015 3588 2087 ὁμώνυμος
3623 2017 3786 2071 τοῦ-ὲν

2233 2104 2354 2165 ταῖς
2396 2103 2711 2170 Βασιλείαις
2757 2107 3055 2179 αὑλὰρχου,
3094 2111 3190 2163 καὶ⁵
3225 2107 3525 2176 ἀδελφιδοῦ
3553 2107 3778 2178 βασιλέως,

2235 2193 2499 2264 ῥηθέντος
2535 2197 2601 2250 ἐκ
2633 2197 2734 2267 τῆς
2766 2197 3059 2272 βασιλικῆς
3097 2200 3362 2272 δηλονότι
3397 2198 3596 2270 φυλῆς.

2801 2291 3058 2346 ΚΕΦΑΛ.
3115 2293 3260 2346 KH'.

2282 2379 2412 2432 ’Καὶ
2440 2378 2614 2448 ψυχῇ
2634 2384 2926 2452 θελούσῃ.
2959 2383 3071 2454 Τὴν
3097 2384 3496 2456 ἀναγκαστὴν,
3530 2384 3668 2456 φησὶ,
3683 2384 3758 2438 δου-

2230 2468 2386 2522 λείαν
2423 2471 2525 2524 οὐκ
2553 2473 2906 2544 ἀποδέχεται.

2313 2562 2452 2617 Ἐὰν
2479 2562 2747 2635 ζητήσῃς
2786 2567 2997 2632 αὐτὸν,
3031 2570 3444 2638 εὑρεθήσεται
3493 2586 3590 2626 σοι
3639 2568 3771 2633 Phili"

2231 2657 2453 2726 τελικὸν
2488 2657 2549 2710 τὸ
2589 2659 2984 2732 παράγγελμα.
3029 2681 3048 2713 ι
3077 2664 3318 2733 Ζητεῖτε
3365 2659 3498 2736 γὰρ,
3537 2661 3674 2732 φησὶ,
3703 2659 3773 2712 καὶ

2227 2749 2521 2820 εὑρήσετεσ
2562 2752 2826 2822 κρούετε,
2862 2753 2959 2807 καὶ
2997 2755 3370 2826 ἀνοιγήσεται
3404 2757 3554 2826 ὑμῖν.
3590 2772 3608 2806 ι

2299 2839 2410 2894 Kal
2440 2840 2504 2894 τὸ
2560 2841 2941 2912 παράδειγμα
2992 2842 3264 2909 πάντων,
3297 2839 3390 2899 ὧν
3432 2845 3504 2898 ἐν
3533 2842 3774 2909 πνεύματι

537 2927 646 2980 ritu
681 2945 800 2983 cum
823 2948 904 2986 eo.
948 2931 1136 2998 Docet,
1189 2935 1306 2991 haec
1333 2953 1440 2992 non
1477 2940 1717 2994 humana
1755 2941 1994 3005 ratione,
2027 2939 2125 2996 sed

2232 2932 2351 2999 μετ’
2389 2931 2599 2986 αὑτοῦ.
2639 2932 2914 2998 Διδάσκει,
2947 2935 3023 2998 ὡς
3063 2935 3125 2988 οὗ
3161 2934 3441 3007 λογισμὸς
3477 2930 3774 3004 ἀνθρώπινος

535 3020 716 3090 gratia
742 3023 922 3078 sancti
952 3023 1198 3094 Spiritus
1233 3043 1357 3082 esse
1392 3028 1696 3098 descripta.

2227 3023 2408 3078 ταῦτα
2445 3023 2766 3096 διέγραψεν,
2801 3025 2919 3079 ἀλλ’
2948 3029 2981 3098 ή
3008 3028 3172 3098 χάρις
3207 3028 3309 3082 τοῦ
3359 3026 3686 3097 Πνεῦματος.

609 3108 871 3179 Cappore.
929 3113 1070 3170 Vasa
1127 3119 1380 3188 qumdam
1444 3130 1714 3189 aurca,et
1752 3129 2031 3192 argentea,
2066 3121 2120 3174 in

2298 3114 2614 3184 Κάππωρε.
2649 3117 2839 3188 Σκεῦη
2867 3119 2993 3173 τινά
3019 3121 3220 3192 χρυσᾶ,
3249 3120 3346 3176 καὶ
3377 3118 3610 3192 ἀργυρᾶ,
3638 3117 3686 3168 ὲν
3713 3109 3773 3176 οἷς

535 3203 742 3271 quibus
770 3205 1006 3260 similam
1035 3209 1158 3263 oleo
1193 3209 1519 3267 miscebant.

607 3294 774 3354 Vens.
809 3297 896 3353 19.
925 3297 1123 3356 Omnia
1173 3301 1227 3356 in
1255 3300 1539 3372 Scriptura
1593 3303 1657 3358 de
1682 3321 1846 3358 manu
1885 3302 2120 3359 Domini.

534 3389 694 3454 Quod
729 3407 897 3462 supra
915 3393 1076 3452 dixit.
1108 3395 1162 3448 in
1191 3395 1426 3466 Spiritu,
1461 3411 1613 3450 nunc
1651 3395 1827 3463 dicit,
1860 3413 1924 3451 ex
1955 3410 2122 3449 manu

535 3479 789 3548 Domini;
821 3483 1084 3538 Dominus
1107 3493 1192 3540 est
1221 3486 1385 3555 igitur
1419 3485 1664 3557 Spiritus
1687 3496 1942 3542 sanctus.

606 3569 774 3636 Vsns,
811 3572 902 3627 9.0.
941 3571 1118 3628 Donec
1177 3577 1494 3646 perﬁciatur
1557 3595 1708 3632 omne
1766 3579 2121 3633 ministerium

532 3663 706 3732 operis
729 3664 919 3719 domus
952 3664 1189 3721 Domini.
1249 3665 1381 3722 Post
1422 3668 1737 3723 distinctam
1791 3685 1974 3723 rerum
2021 3685 2120 3724 ex-

531 3756 910 3825 plicationem,
964 3758 1206 3813 divinam
1264 3759 1313 3814 ei
1350 3760 1796 3830 proetu‘alioncm
1827 3761 2121 3830 promitte-

532 3848 646 3904 bat.
685 3848 820 3902 Dum
883 3849 1030 3904 enim
1093 3850 1352 3912 asdilicat,
1381 3850 1506 3920 pius
1561 3862 1646 3905 est
1697 3857 1753 3904 et
1789 3851 2116 3921 religiosus;

529 3950 815 3998 exstructo
839 3953 1020 3998 autem
1050 3943 1303 4006 aedilicio,
1326 3945 1390 3998 ad
1421 3944 1762 4015 impietatem
1791 3943 2119 4000 declinavit.

1121 4033 1276 4090 CAP.
1312 4032 1506 4090 XXIX.

603 4119 776 4188 Vens,
799 4124 854 4190 5,
881 4123 1012 4190 Quis
1045 4135 1226 4192 sponte
1247 4125 1408 4181 hodie
1449 4145 1578 4183 suas
1613 4145 1803 4184 manus
1837 4129 2118 4200 implebit?

532 4211 958 4283 Postingentem
995 4216 1352 4284 pecuniarum
1385 4217 1794 4276 multitudinem
1837 4219 2109 4274 adhOrta-

532 4313 625 4360 tur
653 4305 955 4375 principes,
993 4314 1052 4360 ut
1083 4321 1182 4362 sua
1215 4315 1419 4377 sponte
1445 4325 1678 4368 munera
1698 4309 1806 4365 Deo
1839 4309 2072 4367 aﬂ'erant
2098 4327 2114 4377 ;

530 4405 586 4452 et
618 4413 744 4452 cum
778 4397 964 4468 populi
992 4399 1480 4466 promptitudinem
1534 4401 1785 4467 vidisset,
1818 4419 1916 4472 per
1954 4403 2114 4474 hym-

531 4505 662 4545 num
698 4489 808 4546 Deo
842 4489 1052 4560 gratias
1070 4489 1205 4562 agit.

606 4580 736 4637 Vns.
782 4583 870 4637 i0.
915 4581 981 4638 In
1009 4584 1196 4639 throno
1241 4583 1478 4650 Domini,
1515 4595 1572 4640 ut
1610 4598 1851 4658 regnaret
1882 4604 1976 4658 pro
2010 4586 2118 4642 Da-

529 4672 645 4729 ride
662 4683 816 4743 patre
845 4691 963 4729 suo.
997 4675 1102 4730 Pro
1141 4691 1209 4732 eo
1239 4678 1389 4747 quod
1417 4685 1524 4742 est,
1550 4678 1602 4731 in
1641 4680 1898 4732 thronum
1928 4679 2116 4733 datum

531 4780 559 4816 a
584 4764 697 4818 Deo
721 4765 998 4842 consedit.
1030 4764 1186 4823 Finis
1211 4777 1393 4823 autem
1449 4768 1821 4835 praecedentis
1871 4768 2122 4823 historia:

529 4857 797 4924 ostendit,
829 4857 1109 4930 quomodo
1159 4859 1404 4926 Samuel,
1438 4858 1676 4925 Nathan,
1732 4872 1786 4916 et
1822 4859 1964 4931 Gath
1992 4877 2122 4932 pro-

532 4949 710 5018 pheta
748 4949 920 5004 libros
979 4950 1332 5022 conscriptos
1372 4951 1696 5008 habuerint.

606 5130 654 5162 ⁸⁷
686 5130 875 5188 Matth.
921 5149 1017 5200 vn,
1050 5132 1104 5185 7.

2229 3205 2432 3278 ἔφυρον
2468 3207 2569 3280 τὴν
2601 3210 2882 3279 σεμίδαλιν
2907 3211 3096 3282 ἐλαίῳ.

2296 3298 2500 3352 Πάντα
2537 3300 2606 3354 ἐν
2638 3300 2857 3370 Γραφῇ
2891 3301 2960 3355 ἐκ
2992 3302 3194 3372 χειρὸς
3222 3303 3470 3370 Κυρίου.
3501 3302 3665 3372 Ὅπερ
3688 3297 3771 3352 ἄνω

2225 3382 2402 3456 εἶπεν,
2435 3391 2492 3442 ὲν
2531 3389 2954 3464 πνεῦματι,νῦν
3013 3393 3079 3446 ὲκ
3139 3391 3335 3464 χειρὸς
3364 3390 3590 3463 Κυρίου,
3633 3387 3766 3458 φησί·

2223 3482 2433 3553 Κύριος
2464 3481 2596 3554 ἄρα,
2637 3482 2700 3536 τὸ
2732 3483 3000 3551 πανάγιον
3029 3482 3283 3553 Πνεῦμα.

2299 3575 2456 3641 Ἕως
2485 3573 2592 3628 τοῦ
2638 3575 3008 3629 συντελέσαι
3048 3572 3262 3630 πᾶσαν
3287 3575 3407 3644 τὴν
3439 3568 3772 3641 λειτουργίαν.

2202 3667 2512 3737 ⁸ἐργασίας
2533 3668 2776 3736 Κυρίου.
2811 3666 2967 3721 Μετὰ
3008 3666 3298 3738 διορισμοῦ
3334 3667 3433 3740 τὴν
3475 3666 3618 3720 θείαν
3650 3659 3765 3729 αὐτῷ

2222 3759 2558 3832 κηδεμονίαν
2587 3759 2874 3830 ὑπέσχετο.
2900 3758 3218 3829 Οἰκοδομῶν
3241 3760 3378 3832 γὰρ,
3403 3755 3637 3812 εὐσεϐεῖ·
3661 3751 3761 3820 πλη·

2227 3851 2410 3922 ρὼσας
2441 3852 2522 3918 δὲ,
2555 3852 2694 3925 πρὸς
2723 3850 2982 3906 ἀσέϐειαν
3011 3851 3246 3908 ἔκλινεν.

2799 4033 3054 4088 ΚΕΦΑΛ.
3107 4031 3240 4087 ΚΘ’.

2293 4124 2405 4180 Kal
2460 4124 2553 4191 τίς
2599 4123 3024 4180 ἐκουσιὰσεται
3086 4122 3408 4193 πληρῶσαι
3458 4121 3559 4187 τὰς
3598 4113 3758 4188 χεῆκι(

2220 4217 2410 4274 αὐτοῦ
2434 4217 2746 4288 σήμερον;
2775 4217 2934 4273 Μετά
2977 4216 3185 4287 πλῆθος
3211 4218 3444 4290 ἄπειρον
3485 4209 3759 4286 χρημάτων,

2221 4309 2524 4381 προτρέπει
2557 4309 2684 4372 τοὺς
2709 4309 2981 4380 ἄρχοντας
3013 4309 3246 4373 ἑκόντας
3270 4307 3626 4380 προσενέγκαι
3645 4295 3758 4371 δῶρξ

2220 4401 2359 4472 θεῷ.
2396 4401 2526 4466 Καὶ,
2561 4401 2655 4454 τοῦ
2693 4399 2829 4454 λαοῦ
2876 4401 2979 4472 τὴν
3023 4400 3340 4473 προθυμίαν
3367 4397 3508 4462 ίδὼν,
3538 4383 3755 4466 χαριστή⁴

2148 4518 2194 4574 ο
2225 4512 2339 4566 ριον
2372 4494 2543 4564 ὕμνον
2571 4485 3030 4566 προσάγείθεῷ.

2302 4585 2435 4638 Ἐπὶ
2483 4585 2702 4655 θρόνου
2735 4586 2960 4652 Κυρίου
2995 4587 3084 4651 εἷς
3121 4583 3390 4650 ,βασιλέα
3431 4578 3559 4636 ἀντὶ
3595 4567 3755 4628 Audio.

2230 4678 2377 4730 Ἀντ“ι
2405 4677 2522 4742 τοῦ,
2555 4679 2636 4742 εἰς
2674 4678 2770 4730 τὸν
2794 4677 2903 4730 ὑπὸ
2929 4676 3068 4732 Θεοῦ
3089 4677 3317 4731 δοθέντα
3343 4675 3528 4747 θρόνον
3555 4664 3752 4722 ἐκάθισε.

2218 4769 2386 4839 Δηλοῖ
2425 4770 2483 4824 δὲ
2514 4770 2616 4840 τῆς
2660 4769 2939 4842 προτέρας
2990 4769 3238 4840 ἱστορίας
3263 4767 3328 4822 τὸ
3368 4767 3537 4827 τέλος.
3582 4759 3648 4820 ὡς
3683 4749 3751 4806 καδ

2219 4860 2499 4933 Σαμουὴλ,
2530 4863 2626 4916 καὶ
2656 4860 2868 4926 Ναθὰν,
2895 4862 2988 4916 καὶ
3016 4861 3142 4929 Γὰδ,
3170 4863 3221 4916 οι
3253 4858 3545 4930 προφῆται,
3578 4845 3752 4920 βίϐλους

2222 4949 2366 5022 εἶχον
2400 4952 2928 5027 συγγεγραμμένας.
