3992 6414
199 368 320 432 1209

1116 360 1650 420 COMMENTARII
1685 359 1768 418 ΙΝ
1807 360 1954 420 LIB.
1988 359 2049 419 II
2094 362 2440 426 PARALIP.
2490 436 2497 444 _

3301 355 3438 422 1210

191 635 426 754 ΕΙΣ
462 629 810 744 ΤΗΝ-ν
839 623 1603 739 ΔΕΥΤΕΡΑΝ
1641 623 1946 738 ΤΩΝ
1985 616 3442 739 ΠΑΡΑΛΕΙΠΟΜΕΝΩΝ

259 1052 421 1180 ΙΝ
470 1035 1318 1176 SECUNDUM
1362 1033 1978 1162 LIBRUM
2021 1027 3359 1160 PARALIPOMENON
3469 1191 3472 1195 .

1295 1280 1635 1334 Hartmauno
1670 1273 2038 1346 Hambe‘rgero
2063 1272 2372 1346 interprete.

799 1598 1052 1654 ΚΕΦΑΛ.
1099 1599 1176 1650 B'.

265 1689 371 1746 Καὶ
417 1691 509 1757 τίς
543 1691 740 1760 ἰσχύει
768 1689 1162 1758 οἰκοδομῆσαι
1190 1685 1350 1752 αὑτῷ
1379 1686 1582 1751 οἵκον;
1616 1683 1778 1754 Δηλοῐ

195 1781 271 1852 τῷ
307 1781 505 1850 Χιρὰμ
541 1781 642 1850 τὴν
665 1779 873 1832 οἰκείαν
897 1776 1250 1837 θεογνωσίαν.
1281 1776 1379 1838 Τίς
1417 1773 1547 1844 γὰρ,
1585 1773 1776 1843 φησιν,

195 1873 340 1938 ἄξιον
372 1868 534 1926 οἷκον
574 1873 830 1942 ἀνεγερεῖ
863 1870 940 1940 τῷ
970 1868 1111 1938 Θεῷ,
1139 1868 1198 1921 δν
1239 1869 1340 1920 οὐκ
1376 1866 1489 1936 ἔχει
1523 1866 1723 1936 χωρεῖν
1753 1865 1782 1916 ὁ

197 1963 432 2034 οὐρανδς
492 1963 521 2015 ὁ
557 1963 892 2033 ὑπέρτερος;
963 1961 1112 2032 Πλὴν
1158 1960 1300 2012 κατὰ
1354 1958 1584 2027 δύναμιν
1634 1953 1784 2024 αὐτῷ

203 2055 470 2125 προσάγω
506 2054 696 2120 σέϐας,
741 2055 835 2108 καὶ
887 2054 1078 2124 τιμήν.
1109 2053 1273 2105 Ὅσον
1311 2051 1368 2104 δὲ
1403 2050 1510 2103 τῶν
1543 2048 1786 2101 εὐσεϐῶν

205 2145 448 2215 ὀνίνησιν
483 2145 516 2214 ἠ
548 2143 722 2210 φιλία,
751 2143 1056 2214 δεδήλωκεν
1087 2142 1116 2194 ὁ
1139 2140 1352 2211 Χιρὰμ,
1393 2141 1594 2208 λέγων’
1637 2157 1656 2188 ι
1684 2137 1788 2190 Εὑ-

205 2233 432 2304 λογητὸς
478 2233 706 2306 Κύριος,
760 2235 789 2286 δ
839 2232 972 2294 Θεὸς
1003 2230 1261 2302 Ἰσραὴλ,
1311 2230 1366 2293 δς
1413 2230 1644 2296 ἐποίησε
1697 2226 1788 2280 τὸν

207 2325 475 2394 οὐρανὸν,
542 2326 637 2378 καὶ
706 2325 808 2395 τὴν
862 2325 967 2394 γῆν
1004 2339 1019 2354 '
1069 2343 1088 2376 ι
1143 2324 1219 2386 ὡς
1277 2322 1340 2392 δὴ
1397 2322 1669 2393 προγνοὺς
1727 2321 1792 2372 ὲκ

209 2416 388 2479 Δαϐὶδ,
430 2415 508 2480 ὡς
539 2418 568 2469 ὀ
602 2415 734 2478 Θεὸς
765 2415 986 2487 Ἰσραήλ
1030 2418 1148 2468 ἐστι
1186 2413 1416 2483 ποιητὴς
1454 2409 1688 2482 οὐρανοῦ
1729 2426 1790 2462 τε

213 2509 307 2563 καὶ
339 2510 466 2578 γῆς.
501 2509 561 2560 ⁸0
593 2509 651 2562 δὲ
687 2507 796 2561 τῶν
835 2508 1050 2578 μέτρων
1091 2505 1326 2577 ἀριθμὸς
1363 2504 1458 2558 τοῦ
1491 2504 1620 2558 ναοῦ
1663 2504 1793 2556 δια-

217 2599 422 2671 φωνίαν
451 2600 554 2654 οὐκ
591 2599 706 2670 ἔχει
745 2599 884 2670 πρὸς
928 2599 1020 2652 τὸν
1056 2601 1113 2658 ὲν
1152 2600 1270 2660 ταῖς
1313 2596 1624 2656 Βασιλείαις
1647 2612 1662 2626 ο
1697 2595 1794 2648 ἐάν

211 2707 296 2754 τις
325 2692 442 2752 τοῖς
485 2691 610 2776 ,μὲν
655 2689 1072 2758 τεσσαράκοντα
1123 2689 1357 2758 πήχεσιν
1411 2687 1505 2740 τοῦ
1559 2687 1792 2756 μήκους,

212 2782 422 2854 προσθῇ
454 2783 582 2846 τοὺς
628 2781 802 2836 εἴκοσι
836 2780 930 2834 τοῦ
964 2779 1164 2850 Δαϐείρ
1185 2793 1199 2808 ·
1231 2781 1344 2843 τοῖς
1401 2778 1459 2831 δὲ
1487 2778 1651 2831 πέντε
1701 2777 1796 2830 καὶ

211 2872 386 2927 εἴκοσι
439 2871 646 2944 ὕψους,
694 2870 804 2926 τῶν
837 2870 1156 2942 διωρόφων,
1209 2871 1306 2926 καὶ
1356 2869 1683 2942 τριωρόφων
1726 2867 1796 2922 τὰ

215 2964 413 3036 μέτρα.

297 3227 406 3286 Ἕκ
443 3229 681 3296 πόλεως
719 3229 918 3284 Δαϐίδ.
961 3229 1072 3300 Τὴν
1101 3228 1256 3282 Σιὼν
1295 3227 1439 3282 οὕτω
1495 3227 1674 3293 καλεῖ,
1735 3225 1805 3296 ἦν

213 3319 504 3391 ὠχύρωσε,
540 3320 784 3389 τειχίσας
809 3321 868 3372 ὲν
901 3319 1039 3390 αὐτῇ
1066 3319 1135 3371 τὰ
1166 3318 1431 3388 βασίλεια.

286 3412 398 3466 Ἐν
431 3411 506 3479 τῇ
552 3411 752 3479 ἑορτῇ.
787 3411 962 3478 Δῆλον
1003 3410 1232 3463 ὅτιτῶν
1285 3407 1699 3479 σκηνοπηγιῶν.
1743 3405 1804 3458 ’0

217 3499 329 3570 μὴν
359 3499 491 3568 γὰρ,
529 3499 720 3568 φησιν,
756 3497 1008 3566 ἕϐδομος.

825 3589 1076 3643 ΚΕΦΔΛ.
1134 3590 1210 3643 Γ’.

288 3679 528 3746 Δαϐείρ.
585 3678 660 3732 Τὸ
713 3678 906 3734 ἄδυτον
956 3681 1053 3732 καὶ
1111 3679 1390 3748 ἄψαυστον
1435 3675 1580 3731 οὕτω
1624 3677 1802 3742 καλεῖ,

214 3769 358 3841 ὅπερ
403 3769 576 3838 Ἀγια
631 3769 804 3838 ἁγίων
859 3768 981 3833 ἔθος
1038 3766 1326 3840 ὀνομάζειν
1377 3771 1446 3840 τῇ
1500 3767 1621 3838 θείᾳ
1661 3767 1806 3840 Γρα-

218 3865 320 3935 tril-

493 3994 499 4000 -
523 3963 528 3968 '
829 3953 1082 4008 ΚΕΦΑΛ.
1125 3954 1200 4008 Z'.

297 4045 492 4121 ’ῼδῶν
533 4047 787 4116 Κυρίου,
835 4039 924 4099 ὧν
972 4045 1264 4112 ἐποίησεν
1305 4047 1340 4099 ό
1389 4047 1586 4100 Δαϐιδ.
1643 4047 1810 4100 Πάλιν

225 4141 496 4206 ἐδίδαξεν,
533 4139 610 4204 ὡς
649 4138 814 4192 Δαϐίδ
867 4139 1007 4192 εἰσιν
1031 4139 1081 4191 οί
1137 4137 1384 4208 Ψαλμοί.
1439 4139 1698 4192 Εὑσεϐὦν
1753 4137 1810 4192 δὲ

225 4231 520 4302 Σαλομὼν,
555 4230 656 4282 οὐκ
686 4229 896 4298 ἀφῆκεν
923 4229 1093 4282 οἰκεῖν
1125 4229 1182 4281 ὲν
1214 4227 1348 4294 οἴκῳ
1391 4228 1554 4282 Δαϐὶδ
1583 4229 1684 4301 τὴν
1716 4230 1812 4282 θυ-

225 4325 446 4394 γατέρα
485 4321 580 4375 τοῦ
620 4319 840 4390 Φαραώ.
889 4319 1044 4388 Ἀγία
1099 4319 1230 4390 γὰρ,
1270 4313 1425 4384 οὗτός
1474 4337 1632 4392 φησι,
1677 4322 1814 4375 Θεοῦ

225 4414 488 4486 εἰσῆλθεν
531 4415 649 4466 ἐκεῖ
684 4415 717 4482 ἠ
767 4410 998 4475 κιϐωτὸς
1026 4412 1256 4480 Κυρίου.
1319 4411 1402 4465 Τὰ
1449 4413 1507 4466 δὲ
1549 4414 1812 4483 ἀγώγιμα

231 4507 367 4576 ξύλα
398 4505 635 4558 πεύκινα
668 4503 935 4572 κέκληκεν
968 4504 997 4555 ὁ
1042 4502 1368 4571 Ἰὠσηππος,
1411 4504 1556 4574 ἅπερ
1603 4507 1660 4558 ὲν
1707 4506 1817 4558 Βα-

235 4599 476 4660 σιλείαις
513 4595 970 4666 ὑποστηρίγματα
999 4595 1094 4647 τοῦ
1149 4595 1302 4648 οίκου
1357 4595 1566 4664 Κυρίου
1625 4598 1816 4666 φησὶν,

232 4692 327 4746 καὶ
354 4688 455 4743 τοῦ
503 4687 656 4742 οἴκου
688 4687 780 4740 τοῦ
821 4685 1114 4750 Βασιλέως.
1152 4687 1263 4740 Καὶ
1295 4686 1352 4740 ὃν
1383 4686 1670 4758 ἄνθρωπον
1704 4692 1822 4742 ἐκεῖ

235 4799 370 4852 φησι
397 4779 501 4833 τοῦ
559 4777 695 4831 Θεοῦ
752 4776 1032 4848 βρωθέντα
1065 4777 1168 4830 ὑπὸ
1224 4778 1318 4830 τοῦ
1371 4778 1620 4846 λέοντος,
1665 4779 1822 4851 Ἰωὴλ

235 4872 508 4931 ἐνταῦθα.
575 4913 585 4922 .

827 4995 832 5000 -
867 4962 1120 5017 ΚΕΦΑΛ.
1161 4964 1218 5016 l'.

311 5057 425 5116 Kal
464 5056 581 5112 οὐκ
606 5053 876 5124 ἤκουσεν
904 5056 936 5108 ό
955 5053 1259 5119 βασιλεὺς
1288 5053 1393 5108 τοῦ
1422 5055 1598 5119 λαοῦ,
1631 5054 1719 5108 ὅτι
1750 5051 1828 5123 ἦν

233 5146 634 5221 μεταστροφὴ
669 5146 788 5201 ἀπὸ
816 5145 922 5200 τοῦ
946 5145 1114 5198 Θεοῦ.
1147 5137 1248 5198 Ὧν
1284 5145 1392 5217 γὰρ
1421 5147 1646 5216 κήδεται
1673 5146 1825 5212 Θεὸς,

240 5243 473 5305 τούτους
503 5241 573 5294 τὰ
610 5238 861 5309 πρακτέα
900 5235 1134 5304 σοφίζει.
1169 5237 1375 5290 Τούτου
1414 5238 1470 5290 δέ
1513 5255 1597 5302 τις
1639 5255 1832 5310 στερη-

249 5334 468 5406 ρηθεὶς,
508 5331 585 5394 ὡς
646 5329 856 5400 ἔτυχεν,
909 5327 1156 5398 φέρεται.
1231 5329 1418 5392 ’Ἔδοξε
1481 5330 1537 5382 δὲ
1590 5329 1666 5399 τῷ
1713 5331 1832 5401 Θεῴ

245 5427 451 5479 διελεῖν
478 5424 578 5489 τὴν
634 5422 931 5492 βασιλείαν,
973 5419 1088 5471 ἀνθ’
1138 5413 1210 5471 ὧν
1265 5420 1518 5487 Σολομὼν
1553 5423 1835 5491 ἐπλημηηέ-

248 5517 407 5587 λησε.
447 5513 558 5566 Τοῦ
589 5513 646 5566 δὲ
691 5511 825 5564 Θεοῦ
857 5511 946 5563 τὸν
990 5509 1116 5561 λαὸν
1165 5510 1482 5580 ἀποστήσας
1529 5509 1830 5583 Ἱεροεοὰμ,

255 5606 350 5661 καὶ
379 5608 506 5667 toi»;
534 5606 700 5675 ἱερεῖς
723 5603 910 5670 αὐτοῦ,
940 5602 1032 5655 καὶ
1059 5601 1312 5670 Αευῖτας,
1339 5603 1641 5675 ἀπήλασεν,
1671 5606 1834 5670 ἰδίους

295 5783 344 5818 ⁵³
377 5782 530 5838 Psal.
547 5795 706 5852 cur,
727 5779 782 5839 6.

2439 1586 2604 1659 549
2653 1585 2804 1641 CAP.
2839 1585 2902 1639 η.

1955 1681 2117 1738 Vsus.
2143 1681 2352 1748 6.01.155
2383 1697 2501 1735 vero
2537 1689 2689 1734 tanta
2722 1677 2978 1748 prwditus
3020 1675 3210 1730 virtute
3237 1718 3248 1738 ,
3287 1683 3343 1726 ut
3377 1671 3464 1726 illi

1883 1775 2102 1830 (tantum
2131 1774 2386 1842 aediﬁcet?
2407 1771 2573 1827 Suam
2611 1773 2674 1827 de
2709 1773 2816 1826 Deo
2859 1769 3114 1824 notitiam
3147 1765 3250 1836 ipsi
3277 1763 3464 1817 Hiram

1885 1863 2175 1936 patefacit.
2237 1862 2374 1928 Quis
2424 1862 2594 1926 enim,
2647 1860 2845 1930 inquit,
2903 1856 3234 1927 condignam
3294 1851 3466 1908 aedem

1885 1961 2198 2010 exstrueret
2219 1954 2350 2017 Deo,
2379 1969 2542 2024 quem
2573 1949 2857 2006 extremus
2908 1949 3033 2004 coeli
3059 1946 3330 2002 circuitus
3359 1956 3468 1997 non

1887 2053 2068 2116 potest
2093 2043 2609 2114 comprehendere?
2646 2043 3040 2099 Verumtamen
3067 2053 3168 2108 pro
3181 2049 3300 2090 mea
3324 2033 3470 2088 virili

1889 2136 2251 2194 reverentiam
2279 2143 2335 2190 et
2367 2135 2634 2189 honorem
2687 2132 2768 2186 illi
2817 2130 3037 2186 deferre
3075 2141 3266 2183 conor.
3299 2125 3474 2180 Caete-

1892 2241 2013 2281 rum
2033 2232 2305 2296 quantum
2343 2223 2603 2296 utilitatis
2633 2237 2696 2275 ex
2747 2220 2959 2290 piorum
3004 2216 3290 2270 hominum
3335 2225 3472 2266 con-

1895 2317 2190 2372 suetudine
2254 2313 2464 2378 redeat,
2500 2295 2745 2365 -clarum
2785 2309 2872 2362 his
2928 2305 3114 2362 verbis
3158 2303 3312 2364 fecit,
3345 2315 3472 2354 cum

1894 2411 2102 2480 inquit:
2145 2428 2163 2461 ι
2218 2405 2549 2462 Benedictus
2615 2401 2882 2456 Dominus
2937 2399 3084 2452 Deus
3141 2393 3331 2464 lsrael,
3381 2391 3474 2459 qui

1896 2501 2026 2556 fecit
2059 2499 2260 2554 coelum
2307 2507 2364 2552 et
2395 2489 2872 2550 terram".rUnde
2905 2490 3052 2545 enim
3077 2486 3206 2541 huic
3243 2483 3360 2537 haec
3382 2481 3477 2536 Dei

1895 2592 2117 2650 notitia,
2163 2589 2272 2644 nisi
2317 2586 2466 2657 quod
2502 2585 2622 2656 ipso
2673 2581 2881 2636 Davide
2923 2595 3059 2636 usus
3088 2587 3172 2633 est
3193 2569 3478 2630 familiari-

1898 2687 2025 2741 ter?
2059 2684 2238 2740 Porro
2297 2695 2566 2736 numerus
2627 2692 2691 2731 ac
2737 2673 3027 2746 proportio
3071 2669 3481 2727 dimensionnm

1899 2777 2086 2846 templi
2145 2775 2310 2842 hujus
2351 2771 2492 2826 nihil
2553 2769 2830 2837 discrepat
2890 2764 2958 2820 ab
2983 2763 3126 2833 ejus,
3177 2760 3245 2816 de
3279 2772 3392 2828 quo
3425 2755 3482 2808 in

1899 2865 2112 2936 Regum
2166 2862 2328 2918 libris
2360 2857 2641 2915 memoriae
2675 2857 2954 2927 proditum
2977 2863 3099 2918 est;
3132 2851 3178 2906 si
3200 2849 3324 2919 quis
3349 2861 3488 2915 qua-

1824 2933 1871 2994 Β
1901 2933 2154 3028 draginta
2213 2955 2434 3023 quidem
2491 2949 2698 3005 cubitis
2727 2945 3119 3016 longitudinis,
3163 2940 3359 3009 viginti
3389 2953 3486 2992 cu-

1904 3027 2050 3104 bitos
2073 3045 2262 3099 Sancti
2321 3049 2642 3098 sanctorum
2691 3037 2891 3100 addat;
2926 3033 3124 3104 viginti
3165 3044 3296 3084 vero
3329 3027 3490 3098 quin-

1902 3154 2010 3210 que
2039 3134 2344 3191 altitudinis
2383 3130 2592 3185 cubitis
2620 3141 2916 3184 mensuras
2938 3123 3318 3193 fastigiorum,

1970 3231 2056 3286 Ex
2081 3229 2296 3283 civitate
2318 3223 2518 3280 David.
2541 3222 2673 3276 Sion
2705 3221 2911 3285 innuit,
2939 3233 3104 3288 quam
3137 3212 3489 3270 munitiorem

1904 3322 2062 3382 fecit.
2099 3329 2154 3374 et
2186 3319 2336 3386 regia
2367 3313 2703 3370 nobilitavit.

1973 3413 2040 3468 In
2063 3413 2222 3480 festo.
2253 3409 2526 3470 Nimirum
2581 3401 3104 3464 tabernaculorum;
3135 3396 3186 3452 id
3219 3394 3366 3451 enim
3385 3388 3490 3448 sibi

1908 3507 2027 3562 vult
2057 3507 2264 3559 mensis
2299 3501 2592 3570 septimus.

2566 3586 2724 3642 CAP.
2747 3586 2844 3642 lll.

1972 3683 2164 3738 Dabir.
2188 3681 2427 3752 Adytum
2462 3679 2566 3733 hoc
2595 3685 2754 3734 vocat
2783 3675 3026 3736 nomine,
3057 3671 3205 3740 quod
3231 3669 3492 3726 Sanctum

1909 3783 2232 3831 sanctorum
2285 3770 2578 3842 Scriptura
2635 3767 2820 3824 divina
2866 3762 3161 3820 consuevit
3195 3759 3492 3832 appellare.

2557 3937 2712 3994 CAP.
2739 3935 2854 3991 VII.

1981 4034 2150 4090 Vens.
2177 4035 2231 4089 6.
2270 4031 2514 4088 Laudum‘
2547 4029 2764 4084 Domini
2779 4043 2912 4097 quas
2950 4023 3187 4078 carmine
3213 4018 3496 4074 celebravit

1917 4125 2109 4182 David.
2147 4125 2264 4180 Hoc
2297 4123 2444 4178 aliud
2485 4120 2864 4177 testimonium
2903 4124 3010 4182 est,
3055 4115 3306 4170 Psalmos
3334 4113 3500 4167 David

1917 4219 2120 4273 habere
2141 4223 2448 4270 auctorem.
2468 4213 2739 4266 Caeterum
2763 4207 3052 4267 Solomon,
3069 4203 3289 4274 pietatis
3322 4201 3504 4256 adhuc

1924 4309 2231 4372 studiosus,
2268 4307 2395 4361 ﬁlias
2418 4301 2728 4359 Pharaonis
2782 4300 2994 4354 nullum
3033 4297 3212 4351 locum
3257 4294 3310 4348 in
3339 4293 3504 4349 domo

1927 4399 2152 4454 Davidis
2181 4397 2440 4468 reliquit;
2494 4399 2859 4451 sacrosancta
2905 4389 3082 4450 enim,
3151 4385 3350 4454 inquit,
3411 4381 3504 4436 Dei

1927 4509 2056 4548 arca
2089 4492 2142 4545 in
2175 4506 2295 4546 eam
2321 4497 2407 4544 est
2433 4489 2706 4558 ingressa.
2731 4483 2905 4537 Porro
2927 4481 3100 4550 ligna,
3128 4491 3252 4547 qua:
3277 4475 3505 4530 advecta

1929 4591 2078 4648 sunt,
2105 4583 2336 4651 abiegna
2377 4577 2596 4631 vocavit
2629 4571 2926 4642 Josephus,
2965 4584 3030 4624 ex
3061 4567 3265 4637 quibus
3283 4563 3506 4634 quidem

1932 4675 2240 4744 pavimenta
2262 4659 2460 4725 domus
2509 4667 2722 4720 Domini
2752 4673 2918 4732 atque
2950 4661 3116 4730 regire
3163 4658 3305 4712 facta
3341 4661 3504 4718 sunt,

1931 4775 2094 4820 utest
2125 4766 2179 4819 in
2213 4763 2370 4819 libris
2389 4762 2622 4831 Regum.
2661 4757 2908 4825 Denique
2931 4753 3236 4814 hominem,
3263 4749 3358 4820 qui
3397 4747 3510 4802 illic

1933 4875 1961 4914 a
1997 4858 2155 4913 leone
2183 4854 2482 4910 devoratus
2517 4850 2747 4912 dicitur,
2775 4845 2894 4902 Joel
2929 4845 3018 4900 hic
3042 4849 3225 4897 vocat.

2593 4937 2751 4994 CAP.
2787 4936 2854 4992 Χ.

2003 5061 2169 5116 Vens.
2203 5061 2290 5115 lii.
2325 5058 2434 5114 Nec
2461 5055 2670 5111 audivit
2698 5069 2793 5108 rex
2815 5049 3092 5120 populum,
3119 5045 3370 5116 quoniam
3399 5049 3513 5096 erat

1941 5153 2192 5207 revolutio
2224 5167 2256 5203 a
2316 5149 2442 5202 Deo.
2501 5146 2745 5212 Quorum
2773 5141 2916 5196 enim
2975 5152 3166 5194 curam
3203 5135 3350 5189 Deus
3381 5132 3514 5202 agit,

1940 5241 2162 5299 eosdem
2195 5241 2357 5294 etiam
2419 5239 2486 5292 de
2534 5238 2705 5290 rebus
2733 5231 2988 5304 gerendis
3023 5225 3287 5291 instruit;
3316 5225 3518 5294 quibus

1941 5346 2072 5384 vero
2096 5328 2346 5384 eamdem
2373 5323 2674 5387 subtrahit,
2739 5335 2840 5375 suo
2873 5314 3136 5385 relinquit
3173 5311 3352 5381 genio.
3393 5307 3514 5363 Sta-

1943 5423 2047 5474 tuit
2083 5437 2210 5474 vero
2261 5419 2405 5474 Deus
2462 5427 2688 5484 regnum
2743 5408 3005 5464 dirimere
3066 5409 3291 5473 propter
3324 5398 3523 5452 delicta

1947 5513 2283 5569 Solomonis.
2317 5495 2586 5565 Cu-ternm
2637 5520 2760 5560 cum
2804 5500 3068 5572 populum
3110 5495 3224 5566 jam
3251 5493 3315 5546 ad
3342 5490 3524 5545 defre-

1949 5607 2153 5660 tionem
2196 5601 2287 5657 Dei
2347 5599 2640 5658 Jeroboam
2692 5589 3126 5655 commmissct,
3194 5583 3524 5640 sacerdotes
