3992 6462
284 420 324 486 1
337 419 424 486 ΞῙ
441 425 481 488 3
1297 425 1834 496 COMMENTABII
1877 425 1919 484 I‘:

2051 426 2150 485 1B.
2193 426 2253 486 II
2293 425 2644 488 PARALIP.
3481 415 3610 481 12H

289 531 388 589 Ei
440 534 554 605 γὰρ
589 534 939 604 ἐπίστευσας,
997 537 1189 608 φησὶν,
1239 537 1411 610 ἄρδην
1460 540 1527 594 ἂν
1565 537 1771 602 πάντας
1827 539 1919 592 άπ-

2047 537 2233 593 ίδναεί.
2272 540 2363 606 At,
2413 541 2458 596 si
2494 541 2546 596 in
2604 539 2716 596 Deo
2752 537 3114 602 conﬁdisses,
3165 534 3388 606 inquit,
3423 549 3612 590 omnes

288 626 614 691 έινετεινας.

2047 633 2355 688 ›ςοὶ‹1ὶεεθε.

942 718 1198 772 ΚΕΦΑΛ.
1227 721 1325 775 IZ'.

407 807 552 862 ’Ὂτι
577 806 872 878 ἐπορεύθη
900 809 968 864 ἐν
1007 810 1172 876 ὁδοῖς
1219 811 1396 866 Δαϐὶδ
1427 811 1534 867 τοῦ
1557 813 1782 882 πατρὸς
1823 813 1927 867 αὐ-

291 897 449 954 τοῦ
488 900 618 966 ταῖς
655 899 932 969 πρώταις.
984 904 1267 969 Τουτέστι,
1291 907 1412 960 κατ’
1433 905 1610 976 ἀρχάς
1640 903 1734 958 τοῦ
1761 904 1926 958 Δαόὶδ

295 991 328 1043 ἐ
342 991 538 1064 ζήλου
559 991 658 1062 τὴν
678 993 903 1063 ἀρετήν.

389 1080 518 1134 Καὶ
567 1079 778 1149 ὑψώθη
818 1083 856 1150 ἡ
888 1082 1104 1152 καρδία
1145 1085 1354 1140 αὐτοῦ.
1392 1085 1718 1158 Ἐνὲπαίνῳ
1765 1085 1926 1142 τοῦτὸ

300 1187 530 1243 φησιν.
567 1173 880 1242 Ἐπὴγαγεν
903 1175 1011 1245 γάρ
1029 1173 1099 1228 ἐν
1127 1175 1290 1242 ὁδοῖς
1319 1179 1561 1246 Κυρίου.

414 1263 916 1334 Ἐκουσιαζόμενον
943 1266 1000 1318 δὲ
1028 1266 1176 1335 λέγει
1195 1267 1273 1337 τῷ
1295 1269 1508 1338 Κυρίῳ,
1533 1269 1628 1322 τὸν
1655 1271 1754 1340 οὐχ
1783 1249 1950 1341 ὑπὲρ

2629 725 2780 782 CAP.
2824 722 2990 778 XVII.

2098 814 2265 872 Vens.
2309 819 2362 872 5.
2406 816 2675 881 Quoniam
2704 818 2922 872 incessit
2955 817 3010 872 in
3035 817 3275 887 vestigiis
3313 811 3485 868 David
3521 828 3613 881 pa-

2028 909 2130 964 tris
2153 911 2238 962 sui
2263 911 2545 978 prioribus.
2574 910 2691 966 Hoc
2720 921 2827 978 est,
2865 910 3022 966 initio
3066 911 3327 979 virtutem
3392 906 3615 962 Davidis

2027 1014 2109 1060 est
2139 1003 2453 1058 aemulatus.

2098 1092 2264 1150 Vens.
2302 1093 2357 1149 6.
2404 1093 2716 1149 Exaltatnm
2745 1105 2824 1149 est
2858 1110 2950 1148 cor
2979 1095 3094 1162 ejus
3119 1134 3131 1148 .
3171 1092 3347 1150 Laudi
3387 1092 3493 1147 hoc
3533 1089 3610 1146 illi

2029 1188 2257 1253 tribuit,
2305 1188 2594 1257 subjunxit
2623 1189 2766 1243 enim
2799 1189 2853 1241 in
2886 1188 2984 1241 viis
3019 1187 3257 1241 Domini.

2099 1276 2273 1332 Porro
2327 1293 2453 1330 cum
2493 1285 2693 1347 sponte
2754 1291 2853 1331 sua
2910 1291 3139 1332 munera
3191 1273 3464 1330 obtulisse
3501 1270 3612 1325 Deo

301 1351 762 1424 ἁμαρτημάτων
794 1353 1200 1427 προσφέροντα,
1235 1357 1386 1427 δῶρα
1405 1357 1462 1410 δὲ
1484 1358 1925 1430 προσκομίζοντα

303 1443 408 1516 τῷ
447 1444 594 1516 Θεῷ.

576 1551 586 1579 ί

938 1631 1192 1686 ΚΕΦΑΛ.
1215 1630 1319 1686 ῐΘ’.

423 1724 595 1781 Ἀλλ’
629 1725 665 1794 ἢ
693 1726 864 1794 λόγοι
931 1725 1142 1796 ἁγαθοὶ
1197 1724 1538 1793 εἰψέθησαν
1577 1727 1648 1780 ἐν
1677 1726 1799 1781 σοί.
1835 1727 1925 1780 Δι-

305 1816 549 1878 δάσκει,
589 1817 664 1881 ὡς
705 1817 922 1870 ἐλαττοῖ
947 1817 1047 1881 τὰς
1093 1817 1184 1870 ἐπὶ
1204 1818 1318 1878 τοῖς
1351 1815 1716 1887 ἁμαρτήμασι
1744 1833 1922 1897 τιμω-

2027 1365 2294 1422 dicuntur
2340 1367 2619 1432 homines,
2653 1382 2762 1422 non
2801 1366 3137 1422 sacrificium
3186 1381 3288 1436 pro
3333 1365 3608 1436 peccatis,

2026 1473 2218 1512 verum
2267 1473 2502 1514 munera
2575 1468 2880 1529 spontanca
2930 1457 3042 1512 Deo
3097 1456 3367 1512 obtulisse
3409 1453 3613 1510 intelli-

2027 1549 2264 1618 gendum
2295 1554 2402 1604 est.

2653 1627 2805 1692 CAP.
2845 1635 2985 1690 XIX.

2099 1728 2264 1784 Vens.
2299 1729 2355 1784 5.
2408 1728 2777 1784 Verumtamen
2814 1747 2897 1784 res
2931 1730 3082 1784 bona:
3106 1761 3108 1763 ›
3135 1729 3360 1782 inventa:
3407 1734 3528 1780 sunt
3557 1727 3614 1779 in

2031 1827 2096 1875 te.
2137 1819 2350 1875 Iudicat
2371 1819 2462 1874 hic
2525 1821 2704 1885 locus,
2738 1821 2886 1889 quod
2917 1821 3152 1876 virtutes
3185 1825 3452 1873 anteactae
3482 1832 3612 1886 pec-

313 1909 462 1982 ρίας
492 1909 562 1962 τὰ
591 1909 876 1978 φθάσαντα
921 1908 1328 1978 κατορθώματα
1359 1925 1372 1939 ·
1392 1883 1591 1960 ταῦτα
1634 1883 1918 1978 ﬂock—nsi-

2047 1919 2274 1966 ratorum
2358 1911 2584 1966 meritas
2670 1908 2836 1966 etiam
2891 1925 3087 1982 poenas
3156 1911 3460 1972 minuunt;
3501 1919 3612 1978 _eas

307 2018 449 2063 νοις
499 2003 855 2072 ἀντιμετρεῖ⁹
882 2002 978 2055 καὶ
1005 2001 1081 2065 ὡς
1105 2001 1186 2054 δεῖ
1215 2001 1438 2068 φεύγειν
1472 2003 1654 2055 πᾶσαν
1702 2001 1918 2055 ἀσεϐῶν

310 2089 522 2160 φιλίαν
544 2096 616 2144 te“
635 2091 732 2145 καὶ
786 2091 1130 2160 συγγένειαν.
1165 2092 1472 2162 Δεξάμενος
1499 2092 1557 2146 δὲ
1578 2093 1668 2146 τὸν
1696 2092 1917 2162 ἔλεγχον

307 2183 345 2237 ὁ
379 2182 672 2254 βασιλεὺς,
708 2183 770 2236 οὐ
814 2185 976 2254 μόνον
1035 2185 1342 2251 εὐσεϐείας,
1383 2185 1522 2242 ἀλλὰ
1591 2188 1686 2242 καὶ
1735 2189 1918 2258 πάσης

313 2275 598 2345 εὐνομίας
653 2277 964 2348 ἐφρόντισε,
1011 2280 1366 2350 καταστήσας
1399 2278 1594 2350 κριτὰς
1627 2281 1685 2332 ἐν
1711 2281 1918 2346 πάσαις

310 2368 456 2429 ταῖς
479 2365 691 2430 πόλεσι,
727 2366 819 2420 καὶ
843 2367 1202 2438 παραινέσεις
1227 2369 1410 2432 αὐτοῖς
1437 2368 1760 2432 δικαστικάς
1788 2371 1919 2424 ὑπο-

313 2454 584 2526 θέμενος,
619 2457 716 2509 καὶ
747 2457 1050 2526 ἐπιστήσας
1073 2457 1254 2520 αὐτοῖς
1299 2457 1570 2530 Ἀμαρίαν
1599 2458 1693 2512 τὸν
1743 2459 1916 2530 ἱερέα,

317 2546 395 2600 δι’
444 2541 504 2601 οὗ
529 2547 638 2600 τῶν
659 2548 1045 2620 ἀγνοουμένων
1064 2549 1384 2619 γνώσονται
1420 2551 1518 2621 τὴν
1546 2551 1732 2622 ψῆφον
1767 2553 1920 2624 παρὰ

314 2638 507 2692 θεοῦ·
562 2641 659 2694 καὶ
719 2641 1018 2708 Ζαϐαδίαν,
1057 2645 1137 2706 εἰς
1167 2643 1227 2696 τὺ
1260 2643 1390 2714 περὶ
1439 2644 1548 2697 τῶν
1609 2643 1918 2701 δοκούντων

311 2731 520 2796 αὐτοῖς
553 2733 926 2804 ἑπαναφέρειν
959 2733 1038 2804 τῷ
1068 2734 1281 2806 βασιλεῖ
1309 2752 1324 2766 ·
1353 2735 1450 2790 καὶ
1491 2738 1618 2800 τοὺς
1652 2737 1914 2808 Λευῖτας,

308 2826 403 2888 είς
442 2827 796 2882 διδασκαλίαν
843 2825 938 2881 τοῦ
981 2827 1170 2900 νόμου.
1206 2817 1346 2892 Τοὺς
1386 2828 1498 2902 γὰρ
1539 2830 1914 2896 διδάσκοντας,

308 2920 701 2991 γραμματέας
727 2919 1016 2977 ἐκάλεσαν.

2016 2005 2166 2060 enim
2207 2003 2314 2060 sibi
2361 2005 2587 2073 opponit
2621 2002 2882 2056 invicem.
2925 2001 3201 2058 Praeterea
3233 1999 3392 2056 docet
3425 2042 3440 2066 ,
3491 2014 3613 2054 om-

2016 2113 2085 2153 ne
2116 2097 2413 2168 impiorum
2478 2095 2819 2152 consortium
2855 2108 2910 2153 et
2969 2095 3270 2150 afﬁnitates
3302 2094 3495 2165 procul
3528 2109 3614 2148 rc-

2017 2186 2314 2257 fugieudas
2347 2202 2492 2244 esse.
2526 2186 2803 2242 Caeterum
2832 2204 2846 2253 ,'
2878 2196 3173 2258 postquam
3217 2193 3373 2242 esset
3421 2199 3609 2254 repre-
3711 2173 3734 2187 ’

2016 2281 2244 2346 hensus,
2277 2296 2340 2335 ac
2377 2281 2444 2336 de
2472 2295 2660 2335 errore
2687 2279 2826 2336 satis
2854 2278 3187 2350 redargutus
3218 2294 3336 2342 rex,
3363 2276 3610 2331 sedulam

2019 2385 2246 2442 Operam
2279 2369 2502 2427 navavit
2529 2415 2543 2438 ,
2574 2380 2627 2427 et
2651 2371 2707 2426 in
2760 2372 2967 2442 pietate
2990 2356 3370 2442 promovenda
3399 2407 3414 2430 .
3448 2375 3502 2422 ct
3553 2366 3609 2420 in

2019 2467 2187 2521 rebus
2221 2465 2482 2520 omnibus
2512 2465 2564 2518 in
2597 2465 2848 2520 ordinem
2887 2479 3050 2519 suum
3086 2462 3426 2533 redigendis.
3465 2459 3612 2516 Con-

2017 2558 2202 2614 stituit
2234 2558 2424 2628 itaque
2451 2559 2508 2612 in
2553 2558 2814 2614 omnibus
2853 2557 3088 2612 urbibus
3139 2555 3376 2626 judices,
3409 2552 3616 2624 quibus

2017 2653 2183 2706 etiam
2221 2651 2392 2707 officii
2424 2652 2652 2707 crebras
2681 2650 3020 2706 monitiones
3081 2647 3373 2713 adhibuit,
3417 2648 3615 2716 eisque

2028 2742 2309 2796 Amariam
2343 2743 2694 2798 sacerdotem
2743 2741 2989 2813 prmiecit
3030 2756 3131 2810 per
3158 2755 3321 2810 quem
3357 2739 3413 2792 in
3448 2737 3614 2791 rebus

2026 2834 2212 2890 dubiis
2244 2851 2309 2890 ac
2352 2836 2604 2900 incertis,
2635 2835 2704 2890 de
2761 2833 3034 2905 sufiragio
3065 2833 3280 2887 Domini
3331 2829 3616 2886 erudiren-

2027 2933 2150 2991 tur;
2181 2943 2281 2982 nec
2315 2943 2426 2982 non
2458 2925 2892 2996 Sabadiam,qui
2921 2941 3114 2980 eorum
3141 2923 3396 2992 suifragia
3423 2919 3490 2973 ad
3525 2934 3615 2972 rc-

305 3028 455 3084 gern
495 3012 754 3071 referret:
791 3015 1028 3088 denique
1065 3014 1232 3070 etiam
1261 3014 1502 3082 Levitas,
1535 3030 1604 3071 ne
1666 3013 1806 3086 legis
1863 3015 2158 3086 disciplina
2209 3029 2466 3075 carerent
2537 3034 2602 3074 ac
2652 3017 2910 3074 doctores
2975 3017 3096 3087 ejus
3137 3014 3350 3071 scribas
3411 3026 3617 3066 nuneu-

311 3105 505 3177 pavit.

400 3197 510 3253 Καὶ
537 3197 710 3252 ἔσται
737 3199 950 3268 Κύριος
969 3197 1121 3269 μετά
1149 3195 1255 3254 τοῦ
1276 3197 1530 3269 ἀγαθοῦ.
1566 3199 1678 3270 Οὐχ
1726 3197 1914 3262 ἁπλῶς

323 3287 465 3361 ἔφη,
497 3289 616 3360 μεθ’
639 3287 815 3360 ὑμῶν.

971 3383 1202 3436 ΚΕΦΑΛ
1213 3421 1227 3436 .
1253 3383 1340 3436 Κ’.

421 3471 541 3526 Καὶ.
593 3470 824 3538 ἔδωκας
883 3472 1082 3539 αὐτὴν
1141 3471 1220 3536 τῷ
1289 3471 1588 3542 σπέρματι
1662 3474 1920 3543 Ἀϐραὰμ

324 3560 443 3616 τοῦ
478 3562 664 3630 φίλου
713 3577 852 3618 σου.
909 3563 1206 3634 Ἀνέμνησε
1255 3561 1351 3616 τοῦ
1401 3562 1772 3634 προπάτορος,
1833 3564 1920 3618 ἵνα

326 3652 424 3707 διὰ
481 3653 584 3724 τῆς
623 3652 763 3725 πρὸς
808 3656 1023 3708 ἐκεῖνον
1079 3653 1419 3723 ἐπαγγελίας
1463 3653 1602 3727 τύχῃ
1644 3655 1743 3727 τῆς
1794 3654 1921 3726 βοη-

328 3743 506 3809 θείας.

406 3838 493 3892 οὐ
523 3836 742 3906 κρινεῖς
755 3837 825 3891 ἐν
847 3835 1052 3902 αὐτοῖς
1067 3853 1088 3902 ;
1117 3836 1613 3909 Ἔρωτηματικῶς.
1631 3838 1921 3909 Ὁμολογεί

329 3929 390 3984 δὲ
423 3929 518 3994 καὶ
542 3929 642 4000 τὴν
687 3929 828 3984 ἰδίαν
858 3929 1166 3985 ἀσθένειαν.

417 4100 757 4168 Ἀκούσατε,
796 4100 928 4166 -πᾶς
953 4103 1176 4169 Ἰούδα,
1235 4102 1334 4157 καὶ
1389 4105 1443 4158 οι
1495 4103 1921 4170 κατοικοῦντες

345 4190 760 4261 Ἰερουσαλὴμ,
824 4192 922 4246 καὶ
945 4193 1301 4260 ὀβασιλεὺς
1352 4194 1671 4264 Ἰωσαφάτ.
1729 4196 1920 4266 Τιμῶν

331 4283 529 4336 διεῖλεν
591 4284 700 4336 ἀπὸ
745 4283 858 4353 τῶν
899 4285 1076 4339 ἄλλων
1102 4325 1117 4348 ,
1165 4284 1446 4355 ἐξαίρετον
1491 4287 1776 4358 ὀνομάζων
1820 4289 1916 4340 αὐ-

330 4374 450 4428 τόν.
492 4374 898 4440 Κατοικοῦντας
931 4377 991 4432 δὲ
1019 4377 1191 4448 λέγει,
1247 4379 1376 4441 τοὺς
1421 4379 1530 4433 ἀπὸ
1588 4380 1698 4435 τῶν
1739 4380 1917 4436 ἄλλων

329 4467 540 4537 φυλῶν.

311 4563 318 4566 ’
771 4561 1156 4634 ψαλτῳδούς.
1189 4561 1424 4625 Λευῖτας
1448 4561 1756 4633 ὑμνοῦντας
1779 4606 1794 4634 ,
1819 4565 1918 4634 οὐχ

327 4658 691 4730 ὁπλοφόρους,
722 4656 1016 4730 προτάττει
1036 4655 1136 4726 τῆς
1165 4656 1448 4726 στρατιᾶς.

413 4843 510 4896 Ἐν
543 4838 782 4895 Γεσιὼν
811 4839 1024 4906 Fuﬁi-5p.
1053 4836 1144 4908 Τῷ
1177 4833 1389 4905 Ἰνδικῷ
1450 4835 1678 4905 πελάγει
1737 4837 1920 4908 παρά-

332 4951 536 4998 κειται,
568 4931 834 5004 Βερονίκη
858 4931 1192 5002 καλουμένη.

415 5026 513 5092 Ὧς
535 5024 856 5094 ἐφιλίασας
887 5022 966 5089 τῷ
1005 5023 1278 5094 Ὀχοσίᾳ.
1303 5025 1446 5097 Ὅρα
1477 5025 1586 5097 γὰρ
1617 5023 1717 5095 τῆς
1739 5022 1920 5093 κακῆς

335 5114 660 5184 συγγενείας
690 5113 754 5167 τὸ
781 5113 954 5178 τέλος.
991 5113 1200 5186 Ἰωρὰμ
1227 5115 1356 5186 γὰρ,
1376 5118 1403 5169 ὁ
1434 5117 1624 5169 τούτου
1647 5118 1796 5180 παῖς,
1821 5114 1914 5168 τοῦ

339 5207 600 5280 κηδεστοῦ
650 5206 857 5278 Ἀχαὰὸ
901 5207 1146 5277 ἐζήλωσε
1171 5208 1271 5279 τὴν
1305 5208 1604 5273 ἀσέϐεια-σι
1636 5209 1732 5262 καὶ
1789 5208 1916 5270 τοὺς

335 5299 600 5370 ἀδελφοὺς
632 5299 838 5362 πάντας
868 5300 1163 5353 ἀπέκτεινε
1189 5317 1202 5331 ·
1235 5300 1330 5354 καὶ
1357 5299 1426 5354 τὰ
1451 5299 1614 5354 λοιπὰ
1638 5343 1652 5367 ,
1685 5301 1850 5370 φησὶν
1881 5303 1912 5369 ἡ

337 5392 555 5465 Γραφή.

905 5469 1158 5538 ΚΕΦᾹΛ.
1185 5484 1320 5540 KA'.

367 5643 370 5646 ρ
407 5577 511 5630 Διά
546 5575 654 5644 τὴν
693 5576 1008 5644 διαθήκην,
1053 5573 1133 5644 ἣν
1155 5574 1382 5631 διέθετο
1404 5573 1484 5642 τῷ
1499 5576 1698 5632 Δαϐἰδ.
1731 5577 1916 5640 Οὕτως

339 5667 536 5738 ὠφελεῖ
559 5670 837 5741 προγόνων
867 5670 1140 5724 εὐσέϐεια.

2094 3195 2257 3250 Vens.
2303 3193 2391 3250 II.
2427 3194 2649 3264 Eritque
2679 3193 2942 3248 Dominus
2973 3205 3094 3245 cum
3119 3206 3180 3244 eo
3209 3192 3300 3260 qui
3335 3191 3462 3244 bene
3500 3205 3615 3260 ege-

1941 3307 1986 3362 c
2018 3285 2109 3338 rit.
2139 3285 2257 3340 Non
2280 3285 2623 3356 simpliciter,
2657 3284 2968 3348 vobiscum,
2997 3281 3198 3354 inquit.

2656 3375 2810 3430 CAP.
2851 3373 2968 3430 XX.

2090 3465 2253 3522 Vens.
2302 3467 2356 3520 7.
2400 3466 2714 3537 Dedisliqne
2747 3483 2863 3520 eam
2926 3467 3120 3520 semini
3172 3465 3405 3520 Abrahw
3458 3465 3616 3517 amici

2022 3561 2102 3614 lui
2132 3569 2401 3629 perpetuo.
2449 3559 2779 3613 Mentiouem
2846 3559 3122 3626 majorum
3173 3557 3306 3610 facit
3349 3563 3408 3609 ut
3454 3571 3616 3626 prop-

2021 3659 2106 3706 ter
2169 3649 2600 3721 promissionem
2661 3651 2774 3705 illis
2838 3649 3041 3703 factam
3109 3649 3382 3702 auxilium
3422 3648 3614 3717 .impe-

2022 3749 2152 3798 tret.

2097 3834 2259 3890 Vens.
2305 3835 2393 3890 1‘2.
2441 3835 2580 3890 Dens
2629 3845 2827 3903 noster,
2865 3851 2934 3888 an
2985 3851 3088 3888 non
3155 3831 3431 3905 judicabis
3493 3835 3616 3886 eos?

2023 3924 2136 3980 Hac
2192 3925 2568 3998 interrogandi
2621 3925 2795 3979 forma
2846 3938 3004 3978 suam
3061 3923 3432 3977 infirmitatem
3483 3934 3617 3974 cou-

2022 4019 2232 4073 litetur.

2093 4113 2260 4169 Vens.
2303 4114 2437 4168 15.Λ
2451 4111 2618 4177 adite,
2645 4111 2816 4164 omnis
2833 4108 3003 4172 Inda,
3031 4116 3080 4162 et
3107 4106 3432 4160 habitatores
3453 4103 3615 4159 Jeru-

2020 4206 2289 4271 salem,et
2335 4214 2390 4258 tu
2434 4219 2531 4260 rex
2600 4201 2888 4272 Josaphat.
2929 4201 3164 4256 Ilonoris
3207 4202 3382 4270 gratia
3435 4212 3620 4268 regem

2023 4312 2276 4352 seorsum
2317 4297 2590 4351 nominat.
2639 4295 2741 4350 Per
2784 4295 3124 4350 habitatores
3192 4308 3324 4348 vero
3359 4290 3615 4360 intelligit

2021 4369 2118 4446 eos
2169 4392 2262 4461 qui
2293 4406 2359 4445 ex
2405 4391 2534 4446 aliis
2584 4389 2850 4447 tribubus
2889 4399 3071 4444 erant.

2093 4564 2266 4648 Vens.
2296 4567 2388 4621 SI.
2431 4565 2727 4620 Collocavit
2772 4565 3108 4634 psalmistas.
3177 4561 3404 4628 Levitis,
3445 4576 3509 4616 ac
3545 4560 3614 4617 iis

1951 4653 1998 4709 D
2025 4659 2116 4728 qui
2149 4658 2458 4723 laudarent,
2491 4673 2603 4712 non
2638 4659 2896 4724 armatis,
2954 4657 3170 4727 primos
3219 4655 3443 4710 ordines
3473 4668 3614 4708 con-

2022 4748 2190 4802 cedit.

2094 4822 2260 4895 Vens.
2305 4840 2392 4895 56.
2440 4839 2503 4894 ιη
2536 4834 2734 4894 Gezion
2773 4839 2970 4894 Gabar.
3021 4839 3310 4912 Contingit
3359 4839 3428 4895 ad
3462 4853 3621 4894 mare-

2021 4933 2296 4998 Indicum,
2332 4945 2386 4988 et
2423 4943 2660 4987 vocatur
2688 4931 2974 4988 Beronice.

2089 5024 2258 5080 Vens.
2301 5026 2390 5082 57.
2437 5022 2682 5097 Eo‘quod
2725 5028 3036 5081 societatem
3070 5025 3389 5080 iniisticum
3439 5023 3613 5079 Ocho-

2019 5120 2121 5175 δὶα.
2152 5117 2231 5172 Eu
2263 5135 2392 5173 vero
2424 5119 2684 5187 improbae
2745 5120 2894 5174 illius
2961 5117 3254 5173 affinitatis
3325 5128 3612 5172 eventum.

2021 5210 2198 5263 Ioram
2229 5211 2378 5265 cnim
2435 5211 2602 5280 hujus
2645 5209 2810 5273 illius,
2847 5212 3025 5266 soceri
3077 5211 3160 5264 sui
3197 5210 3387 5266 Achab
3416 5209 3611 5279 impie-

2022 5310 2188 5354 tatem
2221 5309 2304 5356 est
2335 5310 2602 5362 sectatus.
2647 5309 2702 5356 et
2740 5302 2940 5356 fratres
2976 5317 3111 5357 suos
3149 5303 3368 5357 necavit
3390 5301 3616 5372 aliaque

2023 5393 2342 5462 hujusmodi
2383 5387 2625 5452 admisit.
2664 5403 2721 5446 ut
2763 5395 2920 5448 testis
2941 5402 3027 5448 est
3055 5393 3366 5464 Scriptura.

2641 5486 2796 5540 CAP.
2843 5484 2982 5540 XXI.

2097 5577 2260 5634 Vens.
2303 5579 2355 5632 7.
2400 5578 2625 5647 Propter
2677 5577 2871 5645 fndus,
2904 5577 3043 5646 quod
3087 5577 3282 5630 inierat-
3338 5591 3457 5629 cum
3497 5573 3609 5628 Da-

2025 5671 2162 5726 vide.
2207 5671 2518 5742 Tantopere
2549 5670 3014 5738 conducitpietas
3065 5669 3357 5736 majorum.

1613 5761 1846 5818 νΜὶΙᾸΞ
1869 5763 2275 5820 LECTIONES.

411 5864 448 5894 ω
471 5856 728 5923 Ἔστησε
748 5854 1128 5924 ψαλτῳδούς.
1148 5853 1448 5911 Confundit
1472 5854 1559 5908 hic
1585 5853 1835 5925 Procopii
1871 5858 2033 5912 verba
2057 5873 2178 5912 cum
2214 5867 2362 5912 textu
2399 5857 2568 5911 codex
2603 5855 2873 5912 Lavaleri.
2899 5853 3096 5910 Noster
3125 5861 3272 5910 recte
3293 5852 3604 5926 distinguit-
