3958 6422
310 362 458 429 1217

1273 359 1808 422 COMMENTARII
1852 360 1937 421 IN
1998 357 2147 421 LIB.
2194 359 2259 419 II
2306 360 2655 423 PARALIP.

3452 362 3588 428 me

388 476 501 532 Καὶ
530 474 937 534 ἀντελὰϐοντο
984 471 1185 528 αὐτῶν
1231 477 1285 527 οἱ
1330 472 1589 543 ἀδελφοί»
1625 471 1829 527 αὐτῶν
1846 477 1889 526 ot

2078 467 2249 524 Vens.
2280 469 2369 523 56.
2410 446 2475 522 At
2509 473 2708 539 fratres
2743 485 2927 526 eorum
2949 470 3149 529 Levita:
3176 490 3322 544 opem
3351 476 3588 532 tulerunt

303 568 560 623 Λευῖται
616 566 799 634 Ολίγοι
825 560 966 636 ἦσαν
987 564 1097 618 τῶν
1117 563 1310 636 ίερέων
1336 566 1513 633 ἁγνοὶ,
1533 566 1627 618 καὶ
1645 564 1746 617 οὐκ
1776 564 1901 617 ἀντ-

301 661 466 729 εῖχον
505 656 641 729 πρὸς
674 660 773 728 τὴν
798 656 1077 728 ἱερατικὴν
1092 655 1460 726 λειτουργίαν.
1490 655 1652 708 Ὅθεν
1673 655 1721 708 οἱ
1740 652 1901 707 Λευῖ-

301 766 410 802 ται
440 747 914 822 (προηγνίσθησαν
955 747 1090 818 γὰρ)
1142 746 1501 800 ἀντελάϐοντο
1551 745 1660 798 τῶν
1716 744 1900 816 ἱερῶν.

302 840 491 894 Τοῦτο
513 840 569 893 δὲ
593 841 688 893 καὶ
715 840 833 906 νῦν,
867 839 1021 907 φασὶ,
1051 840 1372 909 γιγνόμενον
1398 838 1547 890 ἐστιν
1578 838 1727 891 ίδεῖν.
1759 840 1902 910 [Ips-

305 932 586 1003 σϐυτέρου
612 931 720 1002 γὰρ
745 931 805 984 οὐ
831 931 1121 1001 παρόντος,
1154 931 1249 982 καὶ
1290 931 1389 999 τῆς
1420 930 1611 1001 χρείας
1642 947 1902 983 κατεπει-

301 1021 542 1091 γούσης,
590 1021 962 1088 ἀναγκάζεται
1013 1020 1107 1073 καὶ
1151 1019 1399 1083 διάκονος
1439 1018 1773 1091 προσφέρειν
1819 1019 1902 1090 τῷ

304 1110 559 1181 δεομένῳ
599 1112 659 1163 τὸ
692 1110 999 1181 βάπτισμα.

385 1225 503 1279 Καὶ
523 1222 728 1295 προῖὼν
745 1223 803 1278 δὲ
827 1224 993 1291 λέξει,
1018 1224 1157 1291 πῶς,
1181 1224 1378 1278 πολλοῦ
1393 1224 1735 1287 συνελθόντος
1756 1224 1898 1295 πλή-

300 1317 463 1380 θους,
496 1316 645 1369 θύειν
675 1316 1101 1387 ἡναγκάσθησαν
1138 1318 1187 1370 ol
1223 1314 1467 1381 Λευῖται,
1508 1315 1772 1388 μηδαμῶς
1800 1318 1899 1386 ἀρ·-

296 1404 559 1459 κούντων
599 1405 708 1457 τῶν
741 1405 954 1475 ἱερέων.
1004 1404 1105 1458 Διά
1151 1405 1209 1459 δὲ
1248 1406 1309 1458 τὸ
1337 1405 1596 1485 ἐξαπίνης
1630 1404 1897 1477 κληθῆναι

290 1498 443 1558 τοὺς
477 1497 536 1564 ἐξ
583 1496 821 1567 Ἰσραὴλ,
851 1498 902 1550 οἱ
937 1496 1158 1560 πλείους
1192 1496 1301 1551 τῶν
1330 1496 1711 1561 συνελθόντων,
1745 1499 1897 1566 ἁγνι-

294 1588 510 1657 σθῆναι
547 1588 622 1659 μὴ
652 1587 958 1656 φθάσαντες
980 1629 995 1656 ,
1026 1588 1231 1658 ἔφαγον
1279 1589 1339 1642 τὸ
1386 1590 1600 1659 πάσχα,
1630 1590 1725 1643 καὶ
1762 1605 1896 1657 συγ-

288 1679 539 1751 γνώμης
560 1680 772 1751 έτυχον,
799 1682 890 1735 διὰ
904 1683 1004 1756 τὴν
1031 1683 1125 1736 τοῦ
1150 1682 1423 1753 βασιλέως
1443 1682 1748 1751 εὐσέϐειαν,
1772 1682 1897 1736 καί-

287 1791 410 1847 περ
455 1775 968 1847 παρανομήσαντες,

900 1911 1154 1965 ΚΕΦΑΛ.
1188 1910 1312 1965 AB'.

365 2042 542 2097 Μετὰ
578 2042 647 2096 δὲ
675 2042 817 2109 τοὺς
850 2045 1077 2113 λόγους
1132 2045 1417 2112 τούτους,
1451 2045 1553 2100 καὶ
1596 2045 1712 2114 τὴν
1747 2045 1898 2115 ἀλή-

293 2136 476 2188 θειαν
516 2135 774 2203 ταύτην,
817 2130 970 2204 ἦλθε
1012 2138 1434 2208 Σενναχερρίμ.
1478 2139 1732 2192 Διδάσκει
1774 2139 1891 2206 νῦν,

291 2224 382 2278 ὅτι
409 2224 512 2278 καὶ
534 2227 661 2289 τοὺς
679 2225 956 2290 θεοσεϐεῖς
977 2227 1175 2298 ἄνδρας
1203 2229 1515 2295 δοκιμάζων
1548 2233 1576 2284 6
1598 2232 1728 2296 Θεὸς
1751 2250 1893 2304 συμ-

290 2316 502 2384 φοραῖς
529 2319 853 2386 περιπεσεῖν
874 2320 1171 2388 συγχωρεῖ,
1196 2318 1289 2372 καὶ
1315 2319 1519 2375 διαλύει
1540 2322 1608 2375 τὰ
1630 2322 1887 2394 δυσχερῆ·

291 2405 396 2459 καὶ
456 2406 540 2459 ὅτι
569 2407 649 2459 δεῖ
680 2406 800 2477 Θεῷ
851 2407 1191 2479 θαρροῦντας
1232 2411 1306 2481 μὴ
1325 2412 1594 2483 καθῆσθαι
1614 2415 1888 2486 διακενῆς,

299 2497 690 2568 συνεισφέρειν
720 2498 778 2551 δὲ
809 2500 905 2553 καὶ
935 2500 1002 2552 τὰ
1043 2503 1174 2571 παρ’
1209 2503 1438 2557 ἑαυτῶν.
1474 2504 1688 2576 Ὥσπερ
1741 2508 1890 2572 Ἐζε-

277 2587 429 2652 ’κίας
487 2588 628 2659 πρὸς
676 2589 769 2643 τὸν
819 2591 1057 2661 πόλεμον
1107 2593 1495 2664 ηὑτρεπίσατο,
1528 2598 1621 2651 καὶ
1670 2601 1805 2669 μετὰ
1829 2599 1890 2653 τὸ

294 2680 487 2733 πάντα
521 2681 769 2749 ποιῆσαι,
800 2684 955 2752 φησι,
987 2683 1122 2736 Μετ’
1145 2686 1314 2738 αὑτοῦ
1375 2688 1662 2758 βραχίονες
1695 2691 1889 2759 σάρκι-

294 2790 411 2838 νοι,
447 2773 569 2843 μεθ’
599 2775 760 2844 ἡμῶν
785 2775 864 2841 δὲ,
892 2774 1100 2845 Κύριος
1125 2778 1153 2828 6
1178 2777 1311 2841 Θεὸς
1338 2780 1494 2848 ἡμῶν
1515 2797 1527 2810 ·
1556 2781 1617 2833 τὸ
1675 2782 1889 2852 ἄμαχον

174 2904 185 2911 .
247 2912 257 2921 ,
289 2863 522 2928 δεικνὺς
570 2864 664 2917 τοῦ
702 2864 861 2931 Θεοῦ,
896 2868 992 2920 καὶ
1036 2869 1144 2921 τῶν
1188 2869 1495 2939 ἀνθρώπων
1520 2872 1581 2945 τὸ
1610 2875 1807 2946 σαθρόν
1827 2894 1887 2931 τε

288 2956 393 3009 καὶ
451 2955 812 3027 πρόσκαιρον.
841 2959 1097 3029 Νικήσας
1124 2961 1203 3025 δὲ,
1243 2962 1338 3015 καὶ
1371 2963 1630 3033 ὑψωθεὶς,
1664 2967 1887 3021 ἐταπει-

289 3047 470 3118 νώθη,
536 3049 680 3103 κατὰ
729 3049 811 3118 τὸ,
860 3051 916 3104 '0
943 3052 1094 3121 ὑψῶν
1135 3054 1358 3120 ἑαυτὸν,
1391 3059 1885 3131 ταπεινωθήσεται.

2005 559 2140 613 illis.
2177 558 2505 615 Sacerdotes
2538 563 2829 631 pauciores
2862 568 3023 619 erant
3057 575 3384 634 consecrati,
3421 584 3586 638 quam

2006 657 2066 701 ut
2111 648 2421 702 ministerio
2473 652 2803 705 sacerdotali
2853 651 3107 709 sullicere
3153 663 3400 725 possent.
3431 656 3588 711 Unde

2005 739 2210 793 Levita:
2231 780 2248 805 ,
2291 740 2449 809 prius
2486 742 2821 796 sanctiﬁcati
2844 783 2860 810 ,
2893 746 3278 802 sacerdotibus
3307 748 3588 817 suppetias

2003 832 2273 895 tulerunt,
2303 832 2453 900 quod
2482 834 2783 887 etiamnum
2823 834 2940 889 ﬁeri
2967 836 3234 892 videmus.
3269 836 3402 892 Cum
3439 839 3585 892 enim

2004 923 2297 993 presbyter
2317 937 2425 977 non
2451 933 2652 992 pra).le
2672 934 2777 988 est,
2792 940 2856 981 ac
2878 943 3013 982 usus
3035 929 3587 998 postul_al,diaconus

2004 1013 2348 1085 baptismum
2375 1016 2769 1072 administrare
2795 1020 3038 1091 cogitur.

2072 1212 2246 1269 Porro
2280 1229 2448 1277 vero,
2484 1213 2703 1282 inquit’,
2757 1230 2882 1271 cum
2917 1217 3179 1289 frequens
3222 1220 3414 1276 concio
3450 1235 3585 1276 cou-

1998 1307 2265 1369 venisset,
2296 1306 2495 1360 Levita:
2518 1306 2836 1361 sacriﬁcare
2862 1313 3037 1364 coaeti
3067 1322 3217 1379 sunt,
3247 1329 3374 1367 cum
3402 1313 3584 1380 inepia

1998 1414 2255 1453 verorum
2292 1398 2684 1452 sacriﬁcorum
2719 1410 2886 1455 esset.
2928 1402 3200 1468 Quoniam
3238 1420 3365 1460 vero
3397 1405 3582 1458 multi-

1999 1492 2189 1546 tudine
2244 1491 2553 1546 Israelitica:
2601 1493 2886 1547 concionis
2928 1495 3092 1550 citius
3129 1506 3315 1551 essent
3364 1498 3581 1562 obruti,

1999 1595 2162 1650 quam
2198 1588 2257 1633 ut
2300 1594 2359 1635 se
2404 1579 2470 1634 ad
2506 1593 2664 1633 sacra
2715 1590 2937 1651 possent
2978 1584 3271 1653 accingere
3301 1625 3316 1647 ,
3370 1587 3576 1654 pascha

1999 1670 2291 1726 comedere
2322 1686 2431 1724 non
2463 1679 2591 1724 sunt
2641 1672 2833 1737 veriti,
2884 1687 2950 1725 ac
2982 1673 3167 1726 delicti
3220 1676 3430 1729 veniam
3465 1692 3553 1735 me

1998 1769 2250 1827 ruerunt,
2284 1772 2516 1837 propter
2545 1761 2694 1833 regis
2723 1771 3025 1832 spectatam
3055 1765 3338 1835 pietatem.

2579 1893 2736 1949 CAP.
2774 1892 3002 1963 ,xxxn.

2066 2018 2232 2076 Vens.
2273 2020 2327 2075 7.
2365 2020 2497 2076 Post
2548 2022 2646 2076 illa
2682 2032 2831 2101 gesta
2857 2064 2873 2090 ,
2922 2034 2971 2077 et
3018 2024 3179 2094 ﬁdem
3210 2026 3365 2080 illam
3389 2065 3403 2091 ,
3442 2028 3581 2081 t'euit

1996 2109 2389 2177 Sennaclterib.
2442 2114 2615 2168 Docet
2642 2130 2794 2170 nunc
2857 2131 3020 2185 quam
3076 2118 3245 2173 variis
3278 2120 3435 2175 malis
3473 2121 3583 2174 cir-

1997 2214 2326 2259 cumventos
2351 2220 2493 2270 suos
2519 2206 2761 2262 cultores
2788 2206 2931 2261 Deus
2962 2207 3182 2276 probet,
3208 2224 3273 2263 ac
3312 2212 3573 2279 probatos

1993 2296 2212 2350 demum
2264 2307 2518 2364 asserat;
2572 2298 2705 2351 item
2780 2299 3057 2367 quomodo
3110 2302 3367 2355 omnibus
3415 2304 3580 2360 rebus

1993 2384 2329 2454 posuiabitis
2354 2425 2370 2450 ,
2425 2384 2629 2438 ﬁducia
2666 2385 2841 2439 solida
2870 2385 2924 2439 in
2961 2384 3072 2439 Deo
3104 2388 3458 2455 collocanda,
3510 2403 3576 2443 ac

1993 2476 2213 2530 interim
2247 2485 2425 2530 tamen
2459 2491 2651 2551 omnes
2682 2486 2916 2532 conatus
2986 2485 3148 2547 atque
3176 2481 3320 2545 vires
3349 2479 3578 2535 aﬂ‘eren—

1991 2564 2094 2622 dae.
2141 2565 2613 2632 Quemadmodum
2665 2566 2933 2625 Ezechias
2981 2569 3182 2623 bellum
3224 2561 3529 2625 'adorﬁavit
3559 2613 3574 2637 ,

1990 2658 2273 2729 rebusque
2302 2660 2562 2715 omnibus
2606 2661 2709 2715 rite
2736 2661 2925 2727 ohitis,
2974 2661 3184 2731 inquit,
3224 2662 3437 2717 Carnea
3469 2665 3577 2719 illis

1991 2756 2197 2810 adsunt
2233 2757 2480 2819 brachia,
2519 2760 2677 2815 nobis
2708 2776 2840 2815 vero
2873 2761 3138 2818 Dominus
3169 2762 3316 2818 Deus
3363 2775 3555 2820 noster

1991 2846 2207 2913 Quibus
2244 2849 2426 2905 verbis
2472 2850 2682 2905 indicat
2710 2893 2724 2917 ,
2785 2854 2933 2922 quod
2988 2854 3082 2909 Dei
3134 2857 3282 2910 vires
3326 2856 3577 2914 infractae

1992 2939 2124 3005 siut,
2176 2939 2461 2994 hominum
2534 2957 2665 2996 vero
2708 2941 2869 2998 ﬂuxae
2932 2960 2995 3000 ac
3048 2947 3355 3004 instabiles.
3405 2948 3579 3003 Porro

1991 3043 2113 3082 cum
2149 3046 2215 3085 ex
2265 3032 2496 3085 victoria
2539 3032 2850 3099 efferretur,
2902 3036 3225 3093 humiliatus
3255 3048 3339 3093 est
3365 3081 3378 3103 ,
3417 3040 3576 3110 juxta

294 3140 517 3213 Ὅμως,
556 3140 647 3195 διὰ
698 3145 800 3212 τὴν
838 3144 1156 3210 εὐσέϐειαν,
1192 3147 1470 3219 αὐτόπτης
1524 3151 1624 3204 οὐκ
1672 3122 1889 3221 ἐγένετο

2001 3122 2151 3187 illud,
2174 3122 2276 3188 Qui
2305 3139 2426 3179 sese
2454 3124 2632 3191 effert,
2667 3127 3074 3184 humiliabitur.
3105 3129 3435 3201 Quanquam
3489 3133 3576 3187 iu-

290 3231 410 3285 τῶν
442 3230 724 3302 λυπηρῶν,
756 3231 1089 3304 τελευτήσας
1134 3235 1271 3306 πρὶν
1313 3238 1440 3301 τοὺς
1475 3238 1767 3309 πολεμίους
1806 3239 1891 3293 ὲλ-

291 3322 439 3376 θεῖν.
460 3322 710 3376 Διδάσκει
729 3322 786 3375 δὲ
820 3324 854 3395 ἡ
912 3324 1129 3394 Γραφὴ,
1161 3326 1238 3388 ὡς
1287 3326 1378 3379 διὰ
1403 3326 1493 3399 τόν
1522 3328 1890 3401 ἀναποδισμὺν

297 3413 404 3465 τοῦ
430 3411 585 3482 ἡλίου
634 3413 927 3466 ἀπέστειλε
981 3415 1118 3484 πρὸς
1148 3415 1310 3469 αὑτὸν
1336 3417 1445 3469 τῶν
1470 3417 1828 3473 Βαϐυλωνίων
1860 3422 1889 3475 6

294 3498 582 3570 βασιλεὺς,
611 3500 706 3554 τοῦ
746 3501 1013 3558 πυθέσθαι
1053 3505 1184 3575 παρ’
1213 3504 1381 3560 αὐτοῦ
1402 3508 1462 3559 τὸ
1490 3507 1675 3578 τέρας,
1706 3508 1735 3560 6
1761 3510 1887 3577 ὲγέ-

292 3607 428 3644 νετο
464 3591 560 3645 ἐπὶ
588 3593 687 3663 τῆς
718 3594 843 3663 γῆς.

379 3793 569 3861 ’1ηὼν.
606 3793 710 3849 Τὸν
740 3794 944 3866 Σιλοάμ
977 3795 1123 3852 οὕτω
1159 3800 1333 3857 καλεῖ.

254 3961 259 3966 _
369 3905 481 3959 Kal
540 3905 936 3975 ἐγκατέλιπεν
974 3912 1165 3967 αὐτὸν
1194 3918 1227 3969 ὀ
1268 3917 1486 3984 Κύριος
1539 3920 1646 3975 τοῦ
1682 3922 1884 3991 πειρά-

292 4011 403 4053 σίιι
459 3997 667 4051 αὐτόν.
723 3999 887 4069 Δηλοῖ
916 4000 942 4052 ὁ
974 3999 1153 4068 λόγος,
1189 4003 1272 4057 ὅτι
1325 4006 1552 4074 ἄμεινον
1604 4011 1664 4063 ὲν
1691 4012 1881 4084 Κυρίῳ

290 4085 632 4154 καυχᾶσθαι.
665 4088 794 4143 Δέον
816 4089 925 4162 γὰρ
954 4091 1118 4145 αὐτὸν
1149 4096 1277 4165 περὶ
1304 4096 1403 4167 τῆς
1425 4097 1579 4162 θείας
1598 4100 1880 4174 δυνάμεως

289 4178 703 4248 διηγήσασθαι,
735 4182 826 4234 τὸν
851 4183 1084 4238 πλοῦτον
1145 4189 1487 4244 ὑποδεικνύει
1553 4194 1646 4247 τὸν
1707 4197 1879 4267 πρόσ-

292 4282 512 4335 καιρον.
537 4267 610 4320 Τὸ
634 4268 712 4333 δὲ,
771 4271 1060 4339 Πειράσαι
1114 4276 1302 4330 αὑτὸν
1340 4278 1562 4336 εἰδέναι
1598 4285 1671 4338 τὰ
1702 4285 1772 4338 ἐν
1804 4286 1880 4356 τῇ

289 4356 510 4423 καρδίᾳ
560 4358 768 4425 αὑτοῦ,
804 4362 924 4414 ἀντὶ
954 4363 1071 4426 τοῦ,
1121 4366 1384 4439 Ἠθέλησε
1416 4373 1705 4442 γυμνῶσαι
1749 4379 1877 4441 τοὺς
1916 4444 1921 4448 ,

1999 3216 2160 3270 terim
2188 3217 2476 3285 prazmium
2505 3234 2618 3274 sua:
2645 3220 2867 3290 pietatis
2901 3222 3037 3278 illud
3065 3225 3209 3290 tulit,
3242 3237 3298 3280 ut
3327 3227 3579 3282 miseria-

2013 3322 2135 3361 rum
2183 3323 2308 3377 quaa
2357 3321 2669 3365 consecutae
2718 3321 2848 3367 sunt
2879 3353 2895 3377 ,
2949 3318 3273 3385 nonduerit
3322 3320 3577 3372 oculatus

1991 3398 2334 3465 speculator;
2390 3415 2576 3454 verum
2634 3411 2811 3457 morte
2865 3407 3265 3473 grassationem
3336 3410 3573 3465 hostium

1989 3491 2371 3543 anteverterit.
2406 3487 2619 3545 Iudicat
2645 3508 2775 3547 vero
2802 3492 3112 3563 Scriptura,
3142 3498 3287 3567 quod
3320 3500 3572 3571 diligenti

1988 3579 2122 3634 solis
2147 3582 2526 3649 recognitione
2546 3583 2756 3651 habita,
2784 3598 2876 3640 rex
2902 3587 3332 3658 Babyloniorum
3362 3592 3573 3664 legatos

1987 3671 2058 3724 ad
2090 3684 2214 3724 eum
2254 3672 2494 3739 miserit,
2530 3688 2593 3726 ac
2626 3674 2695 3729 de
2729 3684 2986 3746 portento
3012 3679 3162 3736 edito
3207 3685 3570 3741 consuluerit.

2058 3783 2249 3840 Gilton.
2296 3784 2387 3841 Sic
2417 3797 2575 3842 vocat
2607 3789 2838 3846 Siloam.

2051 3891 2216 3951 Vnus.
2245 3897 2332 3951 5i.
2376 3898 2676 3972 Dereliquit
2704 3921 2823 3958 eum
2864 3905 3006 3963 Deus
3027 3949 3042 3975 ,
3070 3918 3135 3985 ut
3173 3920 3396 3968 tentaret
3427 3932 3569 3971 eum.

1986 3984 2263 4043 Docemur
2290 3990 2395 4047 hoc
2420 3998 2694 4065 exemplo,
2735 3999 3077 4055 tutissimum
3103 4019 3222 4060 esse
3253 4006 3307 4060 in
3341 4007 3571 4065 Domino

1984 4078 2235 4150 gloriari.
2285 4081 2523 4140 Decehat
2564 4088 2709 4142 enim
2749 4090 2927 4159 ipsum
2957 4133 2971 4156 ,
3017 4093 3218 4151 divina:
3268 4099 3573 4169 majestatis

1987 4172 2217 4241 gloriam
2249 4176 2452 4242 potius,
2482 4194 2647 4248 quam
2680 4196 2814 4251 opes
2837 4182 3012 4239 ﬂuxas
3068 4196 3120 4241 et
3153 4188 3391 4245 incertas
3422 4208 3572 4247 com-

1983 4264 2481 4336 memorare.552
2542 4267 2847 4342 Notumque
2902 4275 3053 4343 ﬁeret
3120 4278 3375 4349 quidquid
3437 4292 3570 4337 esset

1979 4352 2035 4405 in
2072 4355 2423 4423 cordeipsius.
2462 4359 2593 4428 ,lloe
2624 4372 2735 4427 est,
2772 4366 2895 4421 aliis
2938 4368 3184 4424 revelare
3240 4373 3407 4426 voluit
3476 4390 3572 4429 co-

289 4446 594 4517 λογισμοὺς
622 4449 790 4502 αὐτοῦ
824 4455 938 4514 τοῖς
970 4454 1172 4520 ἄλλοις.
1243 4459 1417 4524 Αὐτὸς
1461 4464 1571 4536 γὰρ
1615 4466 1876 4534 γινώσκει

2001 4445 2273 4514 ςὶιιιιίοηοε
2304 4448 2499 4519 ipsius.
2545 4452 2664 4523 Ipse
2701 4456 2845 4510 enim
2892 4458 3045 4516 solus
3086 4461 3252 4518 corda
3286 4463 3568 4521 hominum

288 4534 392 4598 τὰς
424 4536 658 4607 καρδίας
687 4537 795 4593 τῶν
833 4539 1139 4613 ἀνθρώπων
1164 4545 1492 4615 μονώτατος.

896 4675 1148 4733 ΚΕΦΑΛ.
1191 4679 1318 4735 AI".

362 4786 481 4842 Καὶ
506 4786 661 4857 ἔγνω
694 4789 1063 4859 Μανασσῆς,
1102 4792 1191 4846 ὅτι
1226 4794 1443 4862 Κύριος
1494 4799 1676 4865 αὐτός
1705 4800 1878 4855 ἐστιν

289 4881 322 4933 ὀ
362 4879 532 4946 Θεός.
590 4878 778 4945 Οὕτως
822 4883 855 4953 ή
912 4884 1130 4939 παιδεία
1167 4886 1307 4950 τοὺς
1360 4886 1724 4962 βουλομένους
1766 4894 1876 4949 ὀνίο

289 4986 471 5041 νησιν.

361 5254 539 5323 Πλὴν
577 5256 666 5310 ἔτι
696 5260 901 5324 ἀλαὸς
924 5260 1023 5316 ἐπὶ
1062 5262 1183 5317 τῶν
1225 5267 1486 5334 ὑψηλῶν
1532 5272 1867 5336 ἐθυσιίιζεν.

294 5346 421 5400 Ὅτι
446 5351 577 5418 περὶ
601 5347 710 5402 τῶν
736 5348 974 5406 θυόντων
1006 5356 1064 5407 ἐν
1094 5357 1319 5427 ὑψηλοῖς
1348 5361 1425 5430 τῷ
1451 5364 1640 5437 Κυρίῳ
1679 5368 1866 5440 φησιν,

262 5435 474 5539 eam.
516 5440 793 5511 Ἐπήγαγε
822 5444 949 5514 γὰρ,
985 5446 1137 5517 Πλὴν
1186 5450 1269 5513 εις
1322 5453 1480 5507 κενὸν
1511 5435 1588 5526 τῷ
1613 5435 1867 5530 eam;

296 5542 422 5581 των.
830 5553 850 5570 ⁸

879 5647 1137 5706 ΚΕΦΑΛ.
1171 5653 1290 5707 ΛΔ⁹.

311 5749 406 5805 Ἑν
434 5754 707 5813 Μοσανὰ.
732 5759 1054 5834 Σύμμαχος,
1083 5765 1155 5821 ἐν
1193 5768 1268 5839 τῇ
1305 5770 1681 5842 δευτερώσει.

1982 4537 2388 4607 cegnitaltabet.

2558 4674 2710 4731 CAP.
2754 4678 2995 4736 XXXIII.

2054 4759 2226 4838 Vleas.
2260 4784 2349 4839 15.
2394 4784 2528 4839 Tum
2554 4791 2791 4856 cognovit
2821 4776 3121 4859 Manasses,
3143 4796 3283 4866 quod
3308 4797 3566 4855 Dominus

1980 4887 2116 4929 esset
2161 4877 2319 4932 Deus.
2370 4875 2505 4932 Tam
2538 4882 2806 4951 frugifera
2835 4893 2921 4941 est
2951 4887 3264 4958 disciplina,
3316 4906 3441 4947 sese
3485 4894 3566 4949 illi

1984 4970 2572 5040 accommodantibus;
2616 4976 2869 5045 nihilque
2897 4979 3031 5033 adeo
3067 4979 3239 5034 ferum
3271 4973 3385 5046 eat,
3414 4986 3564 5052 quod

1981 5072 2092 5113 non
2128 5061 2417 5116 mitescere
2442 5065 2671 5142 possit,
2726 5068 2771 5121 si
2804 5070 2968 5124 modo
3013 5071 3230 5124 cultura
3264 5074 3558 5142 patientem

1975 5152 2285 5207 connuodet
2317 5139 2528 5209 aurem.

2049 5266 2216 5325 Vens.
2246 5272 2333 5325 17.
2382 5270 2755 5329 Verumtamen
2782 5277 3006 5346 populus
3042 5281 3215 5336 adhuc
3244 5286 3297 5338 in
3337 5288 3559 5343 excelsis

1975 5361 2247 5419 adolebat.
2278 5363 2391 5420 Deo
2424 5367 2732 5422 adolevisse
2755 5409 2770 5434 ,
2801 5386 3042 5440 sequens
3089 5374 3301 5433 indicat
3340 5383 3558 5439 oratio:

1974 5452 2207 5510 Frustra
2245 5466 2426 5510 tamen
2464 5456 2700 5513 Domino
2730 5459 2841 5516 Deo
2871 5477 2992 5520 suo.

2554 5680 2707 5739 CAP.
2753 5682 2994 5741 XXXIV.
3060 5678 3075 5702 ⁶

2046 5787 2106 5843 In
2137 5787 2392 5847 Hosana.
2429 5792 2796 5864 Symmachus
2817 5841 2831 5867 ,
2865 5800 2917 5854 in
2953 5801 3243 5859 traditione
3270 5803 3536 5874 majorum
