3958 6418
432 321 568 390 1219
1733 322 2094 386 PROCOPII
2172 319 2422 384 GAZAZI
3585 314 3748 380 12ἒο

1013 430 1170 488 CAP.
1209 429 1433 486 XXXV.
1497 427 1507 436 ”
2050 425 2095 475 Α

501 521 572 580 Ut
603 533 852 594 ponerent
895 539 1080 578 arcam
1117 534 1362 579 sanctam
1394 523 1450 578 in
1488 522 1654 578 Dento
1688 523 1806 581 Dei.
1847 523 2020 581 Nimi-

2733 432 2986 488 ΚΕΦΔΛ.
3013 429 3138 486 AE'.

2199 525 2309 580 Τοῦ
2343 525 2558 580 δοῦναι
2595 523 2712 593 τὴν
2749 521 3000 578 κιϐωτὸν
3027 519 3142 589 τὴν
3158 519 3336 590 ἁγίαν
3356 519 3430 572 ἐν
3468 516 3555 586 τῷ
3578 518 3748 581 οἴκῳ

331 658 339 664 -
429 633 549 673 rum
589 616 802 688 jamdiu
871 616 1249 678 exsulaverat.
1306 615 1393 671 vel
1439 615 1509 671 ab
1555 615 1786 687 Assyrio
1857 625 2020 688 capta

429 712 566 767 urbe
623 711 728 768 sub
757 709 1013 767 Manasse
1059 718 1332 778 extracta,
1369 711 1454 766 vel
1499 711 1568 766 ab
1614 711 1786 782 lmpio
1831 713 2020 784 aliquo

431 820 582 874 rege.

503 981 788 1038 Cheresim.
831 982 1105 1049 Quoniam
1133 998 1258 1038 cum
1305 984 1676 1054 ventriloqnis
1708 984 1899 1040 sciolis
1959 999 2021 1038 ac

360 1129 365 1148 ε
431 1073 763 1144 Theraphim
791 1075 1156 1140 coniunctum
1197 1082 1329 1142 stat,
1367 1092 1541 1148 genus
1573 1075 1848 1146 quoddam
1882 1075 2022 1130 divi-

354 1139 365 1164 ’
431 1165 678 1222 nationis
713 1182 837 1220 esse
863 1167 1106 1224 videtur.

501 1255 669 1315 Vens.
717 1258 787 1312 ‘25
839 1256 1151 1328 Composuit
1225 1269 1400 1315 autent
1464 1259 1730 1315 Ieremia:
1805 1259 2023 1331 lugubre

428 1367 644 1404 carmen
679 1351 742 1406 de
772 1349 952 1408 Josia.
995 1351 1173 1406 Tanta
1201 1367 1330 1407 vero
1366 1352 1609 1408 hominis
1654 1351 1830 1406 virtus
1862 1361 1979 1406 erat
2005 1393 2020 1418 ,

433 1452 493 1499 ut
522 1445 850 1514 cantoribus
915 1454 968 1499 et
1011 1445 1412 1501 cantatricibus
1459 1447 1798 1500 lamentandi
1845 1445 2021 1516 ipsum

432 1551 668 1608 persona
693 1537 767 1592 sit
809 1537 1092 1605 imposita,
1135 1553 1199 1592 ac
1231 1537 1472 1606 singulis
1503 1537 1667 1591 annis
1701 1536 1872 1606 ipsius
1909 1552 2023 1590 me-

434 1629 610 1682 moria
637 1627 709 1682 sit
733 1625 1036 1684 celebrata.
1073 1629 1245 1684 Porro
1277 1629 1615 1697 reliquorum
1653 1642 1841 1696 regum
1871 1635 2023 1698 gesta

431 1716 705 1774 Jeremias
740 1720 1008 1790 prepheta
1051 1720 1306 1790 pluribus
1341 1719 1644 1773 recensuit.
1695 1717 1853 1774 Hanc
1895 1734 2022 1775 vero

2123 619 2374 686 Κυρίου.
2444 617 2554 672 Καὶ
2604 616 2710 688 μὴν
2769 617 2834 668 ἐκ
2869 611 3122 674 πλείονος
3155 610 3738 681 ἐκεϊοπροαπέκειτο.

2126 713 2344 766 Ἔοικεν
2369 707 2464 765 οὖν
2497 711 2530 782 ἢ
2561 713 2590 764 ὁ
2625 708 2934 779 Ἀσσύριος,
2981 705 3082 776 τὴν
3115 703 3268 757 πόλιν
3294 703 3438 758 ἐλὼν
3467 705 3566 760 ἐπὶ
3599 704 3732 758 Ma.-

2121 803 2319 874 νασᾳῆ,
2350 802 2446 872 τὴν
2507 800 2741 855 κιϐωτὸν
2795 796 3088 866 ἐξαγαγεῖν
3139 793 3377 862 ἔνδοθεν,
3406 797 3442 867 ἦ
3481 813 3572 860 τις
3610 795 3742 849 τῶν

2121 895 2402 952 δνσσεὸὡν
2442 893 2732 964 βασιλέων.

2195 988 2473 1057 Χερξσίμ.
2505 983 2660 1050 Εἶδος
2687 983 2864 1038 ἔοικεν
2912 975 3054 1033 εἶναι
3101 979 3384 1048 μαντείας.
3436 979 3733 1050 Συνῆπται

2123 1079 2234 1151 γὰρ
2257 1081 2368 1143 τοῖς
2395 1074 2886 1147 ἐγγαστριμύθοις,
2911 1071 3008 1124 καὶ
3024 1070 3137 1133 τοῖς
3159 1069 3457 1139 γνώςταις,
3481 1071 3584 1124 καὶ
3611 1075 3720 1135 rei;

2125 1173 2192 1226 Θε
2203 1172 2417 1244 ραφείν.

2196 1264 2307 1320 Καὶ
2333 1263 2674 1332 ἐθρήνησεν
2708 1261 2993 1332 Ἱερεμίας
3030 1263 3128 1316 ἐπὶ
3171 1257 3428 1314 Ἰωσίαν.
3465 1254 3727 1325 Τοσαύτη

2123 1352 2192 1427 ἦν
2221 1355 2371 1426 ἡτοῦ
2407 1355 2598 1427 ἀνδρὸς
2629 1355 2821 1426 ἀρετὴ,
2851 1357 2934 1409 ὅτι
2959 1357 3052 1408 καὶ
3085 1354 3174 1408 τὸν
3200 1352 3536 1424 θρῆνον-τοῖς
3559 1349 3732 1420 ᾠδοῖς

2125 1449 2344 1515 δέδωκε,
2379 1449 2474 1502 καὶ
2518 1452 2638 1512 ταῖς
2677 1448 2958 1520 ᾀδούσαις.
2996 1447 3138 1501 ὥστε
3170 1443 3363 1499 τοῦτον
3407 1443 3563 1515 ᾄδειν
3597 1442 3731 1496 καθ’

2125 1541 2358 1594 ἕκαστον
2392 1539 2640 1593 ἐνιαυτὸν
2662 1579 2677 1604 ,
2715 1539 3104 1603 ἐπιτελοῦντας
3133 1539 3232 1609 τὴν
3272 1537 3521 1608 μνήμην.
3555 1534 3642 1587 Τὰ
3669 1535 3732 1587 δὲ

2128 1633 2269 1686 κατὰ
2318 1632 2445 1696 τοὺς
2481 1631 2705 1694 λοιποὺς
2747 1631 3003 1702 βασιλέας
3035 1635 3063 1686 ὁ
3109 1633 3396 1702 προφήτης
3443 1627 3734 1698 Ἱερεμίας

2127 1724 2216 1778 διὰ
2239 1723 2502 1777 πλειόνων
2539 1723 2799 1788 ἐδίδαξεν.
2835 1726 2957 1777 ’Ὁτι
2980 1723 3035 1776 δὲ
3066 1726 3100 1794 ἡ
3134 1720 3388 1794 παροῦσα
3421 1717 3736 1791 συγγραφὴ

438 1817 760 1878 praesentem
795 1810 1086 1864 historiam
1112 1849 1128 1875 ,
1183 1809 1363 1879 longis
1405 1817 1534 1878 post
1576 1809 1924 1878 temporibus
1954 1825 2019 1863 ex

2140 1814 2268 1885 ista
2325 1816 2580 1870 πλεῖστον
2633 1817 2827 1886 χρόνον
2863 1817 2927 1870 ἐκ
2970 1816 3081 1869 τῶν
3124 1812 3486 1885 προφητικῶν
3522 1811 3738 1883 βίϐλων

438 1905 775 1975 prephetieis
826 1906 1051 1976 scriptis
1102 1921 1226 1961 esse
1271 1904 1600 1968 collectam,
1655 1903 1785 1957 hinc
1833 1911 2022 1974 patet,

437 1998 586 2066 quod
616 1997 766 2070 Cyri,
795 2008 850 2055 et
877 1999 1092 2055 reditus
1119 1997 1492 2068 captivorum,
1527 1995 1623 2066 qui
1669 1995 1848 2068 longis
1875 2005 2021 2050 retro

437 2093 654 2149 oraculis
682 2091 926 2159 fuerunt,
959 2094 1295 2149 mentionem
1329 2089 1484 2146 facit.

2130 1907 2490 1974 συνείλεκται,
2517 1907 2676 1980 δῆλον
2708 1909 2770 1974 ἐξ
2789 1904 2862 1962 ὧν
2906 1909 3186 1980 μέμνηται
3233 1908 3447 1978 Κύρου,
3499 1907 3600 1960 καὶ
3628 1906 3740 1973 τῆς

2127 1999 2394 2054 ἐπανόδου
2442 2001 2548 2084 τῶν
2586 2001 2976 2078 αἰχμαλώτων,
3007 2003 3146 2074 μετὰ
3192 2001 3384 2072 χρόνον
3415 1998 3740 2070 γεγενημέ-

2127 2107 2234 2145 νων
2241 2130 2256 2148 ο

449 2305 3723 2342 mm

1783 2477 2364 2570 MONITUM

1173 2689 1250 2750 IN
1290 2684 1892 2773 COMMENTARIOS
1923 2683 2024 2743 AD
2059 2680 2500 2745 PROVERBIA
2537 2683 2634 2744 ET
2657 2683 3005 2748 CANTICA.

1527 2801 1873 2906 (Anngiun
1901 2829 2080 2888 εἰπε.
2131 2831 2290 2886 Auct.
2343 2839 2386 2887 t.
2415 2829 2510 2898 IX,
2537 2830 2620 2898 v.)

508 3166 771 3238 Procopii
802 3167 981 3223 Gazaai
1026 3165 1294 3230 rhetoris,
1319 3165 1638 3222 Iustiniano
1675 3165 1986 3237 imperante
2015 3164 2175 3232 clari,
2211 3165 2388 3238 stylus
2427 3165 2678 3236 elegans,
2713 3162 3034 3220 Christiana
3083 3164 3283 3236 pietas,
3325 3165 3412 3221 vis
3444 3163 3736 3236 exegetica

441 3283 551 3322 non
583 3266 852 3336 vulgaris,
889 3265 971 3318 sic
996 3258 1082 3318 me
1113 3261 1332 3332 jamdiu
1367 3262 1746 3328 delectarunt,
1779 3269 1839 3316 ut
1881 3260 2154 3333 quidquid
2188 3261 2258 3317 ab
2285 3277 2352 3316 eo
2385 3261 2658 3332 scriptum
2699 3261 2754 3314 in
2797 3261 3214 3332 exemplaribus
3262 3263 3471 3334 priscis
3522 3274 3733 3320 nactus

441 3372 590 3422 sum,
615 3356 668 3410 id
695 3354 1090 3428 dignissimum
1137 3355 1351 3410 honore
1385 3365 1641 3425 typorum
1684 3367 1904 3422 semper
1931 3352 2329 3422 judicaverim.
2366 3351 2558 3423 Itaque
2593 3365 2794 3424 praeter
2835 3367 2898 3408 ea
2961 3369 3081 3422 quae
3135 3353 3190 3408 in
3225 3356 3609 3424 superioribus
3647 3365 3737 3414 to-

441 3453 548 3510 mis
578 3451 751 3518 edidi,
784 3466 934 3507 nunc
960 3453 1086 3520 ejus
1123 3450 1566 3522 pulcherrimum
1597 3458 1651 3504 et
1682 3448 2232 3521 Χριστιανικώτατον
2271 3451 2339 3506 ad
2369 3449 2688 3507 Salomonis
2714 3449 3020 3507 Proverbia
3056 3453 3522 3508 commentarium
3549 3456 3734 3512 divul-

435 3565 572 3622 gare
599 3565 711 3606 non
737 3549 1014 3614 dubitavi,
1041 3563 1205 3620 quem
1231 3549 1286 3604 in
1319 3546 1515 3603 codice
1548 3545 1815 3603 Vaticano
1847 3555 2150 3609 servatum.
2184 3556 2240 3603 et
2281 3563 2452 3602 manu
2483 3545 2724 3602 Matthaei
2757 3547 2978 3602 Devarii
3027 3547 3204 3603 Graeci
3256 3546 3505 3604 hominis
3531 3563 3730 3604 einen-

441 3644 656 3708 datum,
691 3643 901 3699 vidisse
927 3658 1014 3699 me
1055 3651 1206 3719 recte
1239 3643 1630 3708 memineram,
1658 3653 1713 3697 et
1737 3641 1868 3696 huic
1899 3641 2221 3696 collectioni
2260 3643 2670 3710 locupletandae
2700 3641 3050 3697 addixeram.
3085 3640 3493 3711 lnterpretandi
3529 3659 3730 3714 genus,

441 3735 590 3804 quod
627 3734 936 3806 Procopius
966 3735 1242 3805 sequitur,
1273 3734 1484 3789 morale
1511 3743 1598 3789 est
1637 3745 1691 3790 et
1734 3735 2060 3806 mysticum,
2095 3735 2260 3803 quale
2291 3734 2510 3790 scilicet
2552 3733 2816 3789 Ecclesia:
2851 3734 3048 3792 Patres
3082 3735 3152 3790 ab
3181 3729 3512 3806 apostolicis
3554 3753 3736 3808 usque

443 3831 790 3901 temporibus
813 3845 1035 3901 semper
1054 3829 1392 3886 adamarunt
1429 3849 1442 3885 :
1475 3844 1589 3901 quo
1617 3845 1787 3900 super
1817 3829 1908 3900 pio
1938 3838 2269 3898 argumento
2306 3831 2574 3897 praeclare
2601 3844 2716 3900 prae
2737 3831 2958 3885 caeteris
2986 3829 3294 3901 disputavit
3316 3828 3588 3886 Nieolaus
3614 3834 3734 3886 An-

444 3923 686 3978 tonellus
717 3921 775 3977 in
819 3919 1150 3993 praefatione
1185 3921 1256 3978 ad
1293 3921 1758 3977 commentarium
1793 3923 1854 3976 S.
1887 3925 2179 3978 Athanasii
2215 3925 2272 3976 in
2299 3921 2574 3978 Psalmos.
2608 3921 2824 3992 Reapse
2857 3922 2948 3978 hic
2982 3931 3068 3979 est
3092 3924 3408 3996 prazcipuus
3443 3941 3736 3981 sacrorum

443 4015 750 4070 Bibliorum
787 4014 1031 4080 fructus,
1065 4031 1226 4086 quem
1255 4019 1374 4070 sola
1407 4014 1564 4069 rudis
1597 4016 1963 4086 grammatica
1995 4031 2281 4086 nunquam
2325 4017 2496 4086 parit.

475 4111 580 4166 .Et
623 4113 677 4167 in
713 4113 818 4168 hoc
849 4113 1075 4184 quidem
1110 4111 1180 4166 ad
1209 4111 1516 4166 Proverbia
1556 4111 1987 4174 commentario,
2031 4126 2128 4166 ore
2163 4113 2504 4182 ingenioque
2529 4096 2757 4182 proprio
2791 4110 3102 4182 Procopius
3149 4113 3424 4182 loquitur.
3463 4113 3734 4170 Sedenim

442 4209 500 4257 et
523 4203 697 4260 altera
730 4206 867 4260 mihi
904 4205 1152 4261 occurrit
1193 4205 1250 4259 in
1283 4203 1580 4260 Vaticanis
1615 4204 1906 4260 codicibus
1933 4205 2191 4275 Procopii
2231 4204 2484 4275 ejusdem
2527 4205 2756 4261 nomine
2801 4206 3073 4275 inscripta
3115 4206 3463 4272 lucubratio,
3517 4209 3735 4264 scilicet

444 4298 762 4370 priscorum
799 4297 1025 4353 Patrum
1057 4297 1110 4351 in
1144 4297 1445 4352 Canticum
1487 4297 1803 4352 Salomonis
1835 4295 2074 4363 Catena,
2113 4312 2278 4368 quam
2316 4299 2435 4367 ipse
2483 4305 2702 4354 retento
2741 4297 3091 4368 singulorum
3139 4307 3432 4354 auctorum
3471 4315 3738 4356 sermone

446 4401 614 4464 atque
643 4392 988 4458 nominibus,
1024 4393 1278 4462 sapiente
1311 4391 1530 4447 delectu
1563 4391 1876 4446 contexuit.
1923 4391 2134 4446 ﬂorum
2167 4392 2271 4446 etsi
2318 4393 2543 4460 aliquos
2575 4393 2629 4446 in
2658 4391 2906 4461 propriis
2956 4405 3185 4460 operum
3212 4392 3580 4458 editionibus,
3622 4409 3737 4448 non

445 4489 568 4542 sine
595 4489 767 4542 multa
805 4489 1101 4554 varietate,
1144 4488 1416 4560 legimus;
1449 4488 1546 4544 alii
1578 4496 1784 4551 tamen,
1827 4496 1884 4540 et
1915 4487 2139 4556 quidem
2169 4487 2422 4558 prwclari
2453 4496 2508 4543 et
2545 4487 2765 4548 uberes,
2791 4489 2846 4542 in
2881 4487 3171 4556 impressis
3209 4486 3372 4543 libris
3405 4487 3739 4544 desideran-

448 4583 560 4652 tur.
590 4577 658 4632 Et
697 4577 925 4647 quidem
955 4593 985 4632 a
1017 4579 1200 4650 magni
1227 4579 1490 4648 Origenis
1521 4577 1810 4648 hexaplari
1837 4585 1993 4632 textu
2023 4578 2326 4634 varietates
2373 4594 2548 4634 novas
2583 4581 2945 4650 antiquarum
2983 4579 3290 4636 editionum
3325 4580 3735 4636 nanciscimur.

448 4664 597 4738 Ergo
629 4669 763 4724 utile
786 4669 1106 4724 existimavi
1133 4670 1416 4739 pretiosas
1444 4670 1548 4725 has
1572 4668 1800 4724 Patrum
1827 4669 2094 4749 reliquias
2123 4671 2177 4724 in
2203 4669 2468 4726 Ecclesiae
2493 4680 2802 4742 conspectu
2831 4688 3134 4743 exponere,
3160 4688 3476 4744 gravesque
3499 4684 3557 4729 et
3583 4675 3736 4743 opti-

447 4771 572 4812 mos
611 4757 803 4812 divino
837 4758 1069 4813 Cantico
1105 4759 1440 4829 interpretes
1469 4759 1750 4815 suscitare
1783 4759 1988 4827 :cujus
2024 4759 2249 4829 quidem
2297 4760 2578 4830 genuinus
2609 4770 2664 4817 et
2707 4762 2907 4818 unicus
2931 4777 3136 4820 sensus
3169 4764 3256 4819 his
3302 4762 3555 4836 Gregorii
3583 4765 3736 4838 Nys-

444 4853 568 4910 seni
595 4852 781 4908 verbis
813 4863 964 4910 totus
996 4855 1334 4924 exprimitur
1377 4873 1391 4910 :
1429 4854 1518 4909 ’Ev
1565 4853 1930 4926 ἐπιθαλαμίου
1979 4873 2021 4926 τι

2140 4875 2170 4926 ρ
2194 4856 2294 4928 τὴν
2325 4857 2465 4928 πρὸς
2491 4856 2552 4910 τὺ
2593 4859 2751 4913 Θείον
2781 4859 3087 4932 ἀνάκρασιν
3115 4861 3215 4930 τῆς
3244 4861 3600 4935 ἀνθρωπίνης
3641 4862 3733 4928 ἐξ-

448 4951 670 5021 ηγεῖται
702 4948 905 5020 ψυχῆς·
934 4947 1048 5004 Sub
1089 4949 1432 5018 epithalamii
1457 4950 1626 5018 specie
1649 4949 2076 5018 conjunctionem
2100 4949 2347 5005 humana!
2381 4951 2578 5006 animm
2594 4967 2715 5006 cum
2750 4953 2859 5007 Deo
2891 4965 3079 5028 auctor
3113 4955 3388 5010 describit.
3410 4955 3568 5012 Nilus
3586 4974 3736 5028 qu0'

445 5059 558 5116 que
594 5045 884 5116 eleganter
928 5043 988 5102 'et
1039 5061 1163 5101 vere
1199 5044 1517 5101 Salomonis
1557 5041 1832 5102 Canticon
1887 5045 2262 5100 ornatissimae
2293 5057 2562 5102 matronae
2593 5049 2893 5113 assimilat,
2937 5024 3111 5121 “cujus
3165 5053 3392 5120 quidem
3438 5053 3738 5110 muliebris

453 5138 694 5194 niundus
727 5139 1111 5210 imprudentes
1137 5150 1482 5210 spectatores
1516 5141 1756 5196 fortasse
1783 5142 2058 5212 percellit,
2089 5156 2210 5197 mos
2237 5151 2422 5196 tamen
2445 5143 2696 5212 ejusdem
2732 5144 2994 5200 familiari
3023 5147 3432 5202 consuetudine
3451 5149 3734 5219 cognitus,

447 5241 508 5286 ct
535 5233 712 5286 latens
747 5232 800 5284 in
845 5233 1031 5288 animo
1062 5232 1356 5304 pudicitia,
1387 5234 1551 5304 longe
1583 5235 1746 5289 aliam
1782 5235 1862 5290 rei
1907 5242 2165 5289 naturam
2196 5250 2322 5290 esse
2345 5236 2725 5292 demonstrat.
2762 5237 2864 5294 llic
2891 5249 2978 5297 est
3009 5239 3371 5297 Christianus
3394 5242 3572 5297 divini
3605 5243 3733 5298 libri

450 5340 694 5390 sensus;
729 5341 899 5396 quem
931 5326 1256 5385 Judzeorum
1299 5345 1524 5401 quoque
1562 5331 1840 5402 sapientes
1877 5331 2254 5386 indubitanter
2278 5329 2540 5398 fatentur,
2576 5333 2719 5390 duce
2751 5337 3061 5406 praesertim
3080 5338 3552 5408 Eben-Esra.Qui
3575 5357 3735 5406 vero,

455 5419 768 5490 praesertim
792 5436 856 5475 ex
890 5422 1330 5491 recentioribus,
1379 5423 1544 5478 aliter
1585 5423 1854 5490 sentiunt,
1887 5423 1940 5477 hi
1973 5423 2170 5494 partim
2211 5422 2360 5478 inani
2387 5423 2602 5495 abrepti
2652 5427 2984 5510 curiositate
3020 5440 3317 5502 vagantur,
3355 5433 3558 5503 partim
3599 5447 3736 5492 vero

454 5514 741 5586 impietate
773 5515 1026 5572 subversi
1060 5519 1116 5573 in
1146 5532 1391 5589 praeceps
1419 5524 1616 5572 ruunt.
3114 5549 3131 5565 -
3621 5525 3632 5536 ‘
