3958 6452
260 370 433 444 1221

1332 378 1869 440 COMMENTARII
1911 378 1992 441 IN
2034 382 2489 446 PROVERBIA.

3422 397 3561 464 1222

931 570 1882 784 IIPOKOIIIOY
1990 666 2922 790 XPIZTIANOY

1629 883 2197 976 EPMHNEIA

1526 1067 1636 1165 e12
1714 1069 1858 1123 TA}:
1910 1058 2315 1132 ΠΑΡΟῙΜῙΑΣ.

1102 1400 1776 1521 PROCOPII
1857 1406 2703 1528 CHRISTIANI

1003 1640 1858 1738 COMMENTARII
1941 1646 2067 1737 IN
2124 1645 2813 1745 PROVERBIA

697 2146 1098 2201 ΚΕΦΑΛΑΙΟΝ
1126 2146 1405 2201 ΠΡΩΤΟΝ
1412 2188 1427 2200 .

338 2236 567 2291 Σκοπὸν
611 2234 755 2307 ἔχων
786 2236 1073 2306 Σαλομὼν,
1131 2239 1227 2290 τὸν
1258 2237 1427 2291 πόθον
1464 2238 1496 2307 ἠ
1509 2236 1626 2307 μῶν
1653 2240 1874 2308 κινῆσαι

263 2328 518 2399 πρὸς-τὸ
546 2327 831 2398 ἄφραστον
864 2329 1060 2392 κάλλος
1092 2328 1187 2381 τοῦ
1238 2327 1386 2381 θείου
1417 2328 1786 2399 χαρακτῆρος,
1818 2329 1875 2393 ὃς

188 2481 195 2485 4
262 2422 435 2475 ἔστιν
480 2421 509 2473 ὀ
556 2418 650 2474 τοῦ
696 2419 833 2474 Θεοῦ
887 2420 985 2475 καὶ
1031 2421 1244 2490 [ἰατρὸς
1303 2421 1599 2492 μονογενὴς
1626 2421 1753 2483 Υἱὸς
1780 2421 1876 2475 καὶ

268 2507 482 2581 Λόγος,
530 2513 564 2583 ἡ
607 2512 976 2577 ὲνυπόστατος
998 2511 1166 2566 αὑτοῦ
1212 2511 1444 2582 δύναμις
1483 2512 1582 2567 καὶ
1627 2512 1808 2580 σοφία,
1840 2514 1875 2585 ἠ

268 2602 365 2659 διὰ
391 2602 507 2658 τῶν
541 2604 888 2674 φαινομένων
911 2602 987 2669 ὼς
1022 2602 1112 2658 διὰ
1162 2602 1450 2675 συμϐόλων
1473 2605 1872 2676 κηρυττομένη,

266 2693 600 2765 ὑπογράφει
623 2709 683 2746 τε
709 2691 1099 2765 παροιμιωδῶς
1134 2691 1234 2756 τὰς
1265 2691 1490 2762 χάριτας
1526 2690 1718 2761 αὐτῆς,
1750 2693 1873 2744 ἑπι-

264 2783 577 2857 σπώμενος
601 2784 983 2855 είσαγωγικῶς
1019 2784 1158 2857 πρὸς
1186 2784 1278 2838 τὸν
1314 2785 1487 2857 ὅντως
1517 2784 1753 2855 ἐραστὴν
1775 2783 1874 2854 τὴν

260 2872 476 2947 ἔφεσιν
496 2874 595 2930 τοῦ
629 2873 708 2930 ἔτι
732 2874 834 2947 τὴν
870 2874 1016 2931 κατὰ
1040 2874 1219 2947 ψυχὴν
1246 2874 1464 2946 ἠλικίαν
1490 2873 1872 2946 νηπιάζοντος,

262 2966 368 3024 διὰ
418 2965 534 3021 τῶν
579 2967 714 3037 ἡμῖν
757 2965 1023 3021 ποθεινῶν
1064 2967 1125 3020 ὲν
1172 2966 1422 3038 αἰσθήσει
1466 2966 1737 3038 τερπνῶν,
1779 2966 1875 3020 καὶ

263 3058 492 3132 ﬂenti);
540 3058 811 3127 παιδεύει,
869 3057 1060 3115 παθῶν
1107 3056 1605 3130 ἐπανορθούμενος,
1661 3058 1760 3112 καὶ
1805 3058 1876 3111 τὰ

267 3152 538 3225 πρακτέα
564 3152 864 3218 ὑποτιθεὶς,
897 3151 990 3206 καί
1030 3166 1197 3221 φησιν
1221 3149 1297 3213 ὡς
1337 3151 1394 3204 ὲν
1423 3150 1732 3222 ἐπιγραφῇ·

350 3326 426 3385 α’.
458 3329 771 3398 Παροιμίαι
815 3325 1206 3397 Σολομῶντος
1245 3326 1382 3382 υίοῦ
1407 3327 1609 3393 Δαϐὶᾶ,
1639 3326 1709 3393 ὓς
1738 3327 1876 3384 ἐϐα-

268 3419 580 3476 σίλευσεν
612 3419 685 3473 ἐν
722 3416 1136 3489 Ἰερουσαλήμ.
1177 3419 1343 3486 Λόγοι
1375 3417 1528 3489 παρὰ
1567 3421 1749 3473 πᾶσαν
1772 3420 1872 3490 τὴν

268 3514 403 3568 ὁδὸν
428 3512 527 3582 τῆς
552 3498 849 3582 ’παρούσης
895 3510 1046 3580 ζωῆς
1094 3510 1548 3582 χρησιμεύοντες,
1601 3512 1666 3565 οὐ
1712 3513 1873 3582 μόνον

266 3602 356 3667 ὡς
391 3603 454 3657 τὸ
487 3598 621 3675 ἦθος
649 3601 809 3673 ἡμῶν
837 3603 972 3674 πρὸς
998 3602 1059 3656 τὸ
1088 3602 1293 3669 ἀγαυὸν
1325 3603 1700 3675 ρυθμίζοντες,
1736 3603 1874 3658 ἀλλὰ

269 3694 378 3750 καὶ
407 3694 484 3758 ὠς
520 3694 806 3763 ἐνάγοντες
838 3696 987 3765 ἡμᾶς
1030 3694 1169 3765 πρὸς
1198 3694 1301 3766 τὴν
1330 3694 1387 3748 ἐν
1412 3696 1681 3765 πνεύματι
1714 3713 1873 3765 φυσι-

270 3786 386 3859 κὴν
414 3785 651 3856 θεωρίαν
684 3786 793 3839 τῶν
832 3786 1001 3841 ὄντων
1024 3803 1037 3818 ο
1064 3782 1139 3841 ὧν
1168 3778 1288 3852 ταῖς
1317 3788 1684 3857 ἐπιφανείαις,
1711 3787 1786 3850 ὼς
1815 3788 1872 3841 ἐν

271 3880 577 3953 ὲσόπτροις
614 3881 709 3935 καὶ
758 3880 1070 3952 αἰνίγμασι,
1124 3881 1194 3934 τὰ
1224 3880 1319 3935 τοῦ
1363 3881 1500 3934 Θεοῦ
1535 3878 1873 3953 ἱστοροῦνται

272 3972 593 4044 θελήματα,
626 3972 703 4036 ὡς
735 3971 887 4041 λόγοι
916 3971 1023 4026 τῶν
1060 3972 1253 4035 ὄντων,
1295 3972 1417 4025 καθ’
1459 3971 1550 4035 οὒς
1580 3973 1652 4026 τὰ
1695 3972 1874 4027 πάντα

273 4063 580 4133 γεγόνασιν
613 4077 629 4094 ⁶
683 4081 702 4114 ι
729 4062 811 4116 Τὰ
853 4063 964 4134 γὰρ
1010 4063 1222 4133 ἀόρατα
1270 4061 1436 4116 αὐτοῦ
1486 4063 1594 4116 ἀπὸ
1642 4062 1872 4125 κτίσεως

276 4154 516 4224 κόσμου,
568 4157 684 4218 τοῖς
717 4155 989 4226 ποιήμασι
1022 4154 1311 4226 νοούμενα,
1361 4155 1662 4226 καθορᾶται
1688 4172 1736 4209 ο»
1782 4152 1871 4210 οἷα

275 4246 395 4301 τῶν
429 4245 690 4301 τοιούτων
721 4246 918 4316 λόγων,
954 4247 1141 4319 ἕτερον
1193 4249 1293 4318 μὲν
1332 4250 1474 4303 κατὰ
1508 4250 1567 4303 τὸ
1607 4251 1872 4321 φαινόμε-

277 4357 398 4405 νον,
444 4339 634 4410 ἕτερον
689 4339 748 4394 δὲ
776 4341 921 4395 κατὰ
966 4341 1028 4394 τὸ
1058 4341 1346 4413 νοούμενον
1378 4343 1834 4412 ἀπαγγελλόντων
1854 4361 1869 4375 ο

278 4431 398 4486 εἰσὶ
425 4432 481 4486 δὲ
527 4424 673 4487 οὗτοι
711 4433 762 4486 οἱ
787 4431 937 4502 λόγοι
982 4433 1077 4488 τοῦ
1117 4434 1184 4487 δι’
1240 4434 1419 4488 αὐτῶν
1468 4436 1874 4508 ἐπιχειροῦντος

277 4520 593 4594 εἰρηνεύειν
624 4522 771 4592 ἡμᾶς
803 4523 942 4594 πρός
967 4539 1026 4576 τε
1059 4523 1285 4586 ἑαυτοὺς
1333 4525 1426 4577 καὶ
1461 4525 1731 4593 ἀγγέλους
1779 4525 1873 4579 καὶ

277 4614 377 4669 τὸν
426 4612 589 4680 Θεὸν,
632 4614 982 4685 Σολομῶντος
1017 4615 1362 4687 (εἰρηνικὸς
1396 4616 1503 4686 γὰρ
1549 4618 1578 4670 ὁ
1618 4615 1873 4688 Σολομὼν

278 4706 974 4780 ἑρμηνεύεται),λα66ντος
998 4708 1151 4778 παρὰ
1172 4707 1309 4761 Θεοῦ
1334 4709 1526 4776 σοφίαν
1544 4709 1639 4762 καὶ
1665 4709 1870 4781 φρόνη-

283 4816 393 4864 σιν,
432 4799 528 4854 καὶ
558 4799 709 4864 ὄντος
738 4798 857 4854 υἱοῦ
891 4798 1076 4865 Δαϐὶδ,
1121 4798 1216 4895 τοῦ
1269 4802 1327 4854 ἐν
1363 4800 1725 4873 Ἰερουσαλὴμ
1775 4801 1870 4872 βα·
1900 4838 1942 4895 c

281 4890 637 4955 σιλεύσαντος
661 4908 677 4924 ο
717 4890 1046 4963 ὲξετέθησαν
1067 4890 1114 4945 δ’
1159 4885 1304 4947 οῦτοι
1346 4892 1479 4963 παρ’
1511 4892 1702 4957 αὐτοῦ,
1729 4892 1871 4948 ὥστε

278 4983 379 5037 τὸν
406 4981 632 5047 τούτους
667 4983 1029 5054 μανθάνοντα,
1154 4982 1163 4985 ’

358 5074 430 5146 β’.
482 5073 721 5130 Γνῶναι
763 5075 1013 5144 σοφίαν,
1066 5072 1170 5130 καὶ
1209 5072 1506 5138 παιδείαν,
1551 5071 1775 5143 νοῆσαί
1818 5091 1881 5128 τε

285 5171 516 5240 λόγους
557 5168 931 5239 φρονήσεως.
991 5155 1340 5236 Ἐπιγνῶναι’
1384 5166 1580 5236 σοφίαν
1624 5185 1705 5232 τε,
1760 5167 1881 5237 ἥτις

272 5258 441 5313 ιὲστὶν
470 5260 750 5330 ἐπιστήμη
802 5258 963 5312 θείων
994 5275 1054 5311 τε
1094 5259 1187 5312 καὶ
1233 5257 1593 5328 ἀνθρωπίνων
1618 5258 1880 5328 πραγμά-

289 5366 439 5406 των·
483 5353 580 5406 καὶ
606 5351 882 5416 παιδείαν,
934 5352 1061 5422 ἥτις
1093 5349 1241 5404 ἐστὶν
1301 5349 1577 5421 ὠφέλιμος
1621 5352 1688 5422 τῇ
1732 5349 1877 5422 ψυχῇ

293 5440 505 5512 ἀγωγὴ,
540 5442 818 5504 ἐπιπόνως
846 5439 1110 5504 πολλάκις
1136 5440 1246 5494 τῶν
1278 5440 1388 5494 ἀπὸ
1412 5441 1615 5505 κακίας
1643 5439 1880 5512 κηλίδων

296 5533 466 5605 αὐτὴν
488 5533 913 5605 ὲκκαθαίρουσα’
949 5532 1046 5587 καὶ
1080 5531 1411 5588 καταλαϐεῖν
1444 5533 1638 5604 λόγους
1668 5533 1731 5586 τὸ
1757 5533 1879 5587 συνὲ

295 5624 438 5677 οῖσον
464 5622 910 5694 ὑποτιθεμένους.

363 5720 432 5783 γ’.
459 5715 754 5781 Δέεασθαι
777 5733 842 5771 τε
860 5717 1128 5788 στροφὰς
1155 5717 1351 5788 λόγων
1400 5718 1498 5772 καὶ
1560 5719 1774 5785 λύσεις
1806 5721 1898 5772 αι-

370 5853 576 5904 mam.
613 5873 661 5922 ι,
684 5856 778 5914 so.

1898 2151 1951 2210 A

2465 2147 2695 2204 CAPUT
2732 2148 3027 2206 PRIMUM.

2048 2236 2185 2291 Cum
2221 2237 2276 2291 in
2319 2240 2505 2292 animo
2542 2250 2688 2294 esset
2716 2241 3023 2309 Salomoni,
3059 2251 3312 2301 nostrum
3342 2247 3587 2307 deside~.

1977 2328 2123 2381 rium
2155 2342 2379 2384 movere
2409 2329 2474 2382 ad
2502 2329 2931 2386 inenarrabilem
2965 2333 3441 2403 pulchritudinem
3477 2339 3562 2411 dl-

1979 2419 2088 2474 vini
2125 2420 2264 2489 typi,
2308 2420 2402 2490 qui
2444 2429 2531 2475 est
2557 2419 2653 2475 Dei
2688 2436 2752 2476 ac
2791 2423 2975 2478 Patris
3028 2429 3350 2498 unigenitus
3388 2429 3562 2485 Filius

1977 2516 2033 2561 et
2061 2504 2334 2571 Verbum,
2367 2507 2522 2562 illius
2565 2525 2665 2578 per
2696 2525 2755 2564 se
2777 2510 3072 2568 existentis
3101 2515 3370 2571 fortitudo
3389 2525 3443 2570 et
3480 2530 3565 2572 sa—

1975 2599 2205 2667 pientia,
2248 2613 2374 2668 qua:
2426 2599 2596 2654 rebus
2636 2601 2949 2658 visibilibus
2991 2610 3254 2674 tanquam
3296 2608 3562 2678 symbolis

1976 2691 2369 2756 annuntiatur,
2399 2703 2695 2746 enumerat
2726 2694 2891 2749 modo
2925 2697 3264 2764 proverbiali
3293 2708 3562 2760 venustaa
3602 2714 3616 2724 '

1978 2790 2062 2836 tes
2121 2781 2267 2852 ejus,
2324 2798 2422 2852 per
2470 2785 2692 2839 modum
2732 2787 3186 2857 introductionis,
3226 2791 3562 2846 desiderium

1975 2872 2099 2943 ejus
2129 2874 2224 2944 qui
2259 2874 2443 2930 adhuc
2483 2877 2791 2931 secundum
2828 2880 3067 2934 animam
3086 2881 3141 2935 in
3166 2884 3403 2951 pueritia
3432 2899 3562 2938 γει·-
3656 2898 3660 2903 ‘

1977 2972 2162 3030 satur,
2204 2962 2275 3018 ad
2304 2981 2492 3019 verum
2519 2978 2828 3023 amatorem
2857 2969 3109 3037 trahens,
3131 2974 3433 3043 propositis
3464 2990 3565 3029 no.

1975 3053 2061 3109 bis
2089 3054 2469 3126 intelligentiae
2494 3057 2754 3126 optandis
2781 3058 3031 3127 gaudiis;
3064 3062 3353 3117 allluenter
3379 3063 3564 3128 docet,

1977 3145 2155 3201 malos
2204 3146 2496 3218 corrigens
2555 3163 2762 3215 mores,
2802 3155 2858 3204 et
2898 3150 3111 3219 agenda
3160 3168 3467 3224 exponens,
3507 3164 3563 3210 et

1977 3234 2227 3304 loquitur
2242 3244 2301 3289 ut
2323 3237 2376 3290 in
2404 3236 2769 3308 inscriptione
2804 3257 2816 3292 :

2048 3324 2216 3382 Vens.
2243 3327 2296 3381 1.
2325 3325 2612 3382 Parabolte
2644 3328 2972 3400 Salomonis
2993 3332 3102 3401 ﬁlii
3131 3332 3323 3399 David,
3360 3336 3453 3405 qui
3475 3351 3562 3389 re-

1975 3418 2154 3487 gnavit
2208 3417 2263 3470 in
2315 3416 2643 3474 Jerusalem.
2699 3418 2902 3483 Verba,
2944 3437 3046 3491 pro
3101 3429 3219 3477 toto
3276 3425 3562 3492 praesentis

1904 3497 1946 3551 Β
1977 3509 2098 3562 vitae
2123 3508 2404 3561 curriculo
2432 3509 2611 3575 utilia,
2642 3524 2753 3565 non
2784 3512 2966 3565 solum
2999 3514 3127 3580 quia
3154 3522 3411 3568 naturam
3462 3531 3559 3569 no—

1977 3606 2151 3653 stram
2174 3597 2244 3652 ad
2269 3598 2477 3652 bonum
2510 3610 2703 3669 agunt,
2733 3600 2830 3656 sed
2858 3602 3025 3656 etiam
3066 3604 3195 3672 quia
3235 3620 3338 3659 nos
3370 3605 3439 3659 ad
3464 3621 3558 3661 na-

1974 3687 2212 3742 turalem
2275 3688 2576 3743 veritatum
2644 3690 2701 3745 in
2744 3691 2945 3761 spiritu
3037 3695 3561 3764 contemplationem

1975 3785 2304 3840 conducunt
2339 3802 2353 3839 :
2385 3801 2623 3856 quarum
2671 3786 3245 3855 manifestationibus,
3293 3798 3558 3859 tanquam

1976 3874 2032 3929 in
2077 3876 2324 3944 speculis
2363 3883 2419 3932 et
2466 3877 2881 3945 aanigmatibus,
2932 3877 3029 3933 Dei
3065 3878 3427 3936 innotescunt
3462 3896 3560 3937 vo-

1975 3966 2225 4023 luntates
2263 3975 2324 4022 ut
2363 3967 2613 4023 rationes
2644 3984 2855 4035 rerum,
2907 3971 3218 4025 secundum
3255 3987 3395 4043 quas
3440 3990 3563 4028 om-

1975 4058 2066 4112 nia
2099 4058 2248 4112 facta
2278 4067 2409 4113 sunt
2444 4076 2458 4112 :
2497 4078 2515 4111 ι
2557 4059 2867 4115 lnvisibilia
2889 4062 3038 4117 enim
3077 4061 3169 4118 Dei
3205 4078 3236 4116 a
3277 4067 3561 4121 creatione

1974 4148 2192 4212 mundi,
2243 4149 2512 4218 operibus
2564 4152 2851 4207 intellecta
2900 4152 3256 4209 declarantur
3284 4157 3352 4211 ¹ε
3396 4174 3416 4209 ι
3463 4174 3563 4229 per

1975 4242 2093 4296 haec
2128 4242 2323 4305 verba,
2354 4257 2506 4298 nunc
2538 4244 2688 4298 aliud
2728 4259 2799 4299 ex
2840 4260 2910 4301 eo
2951 4246 3100 4316 quod
3140 4246 3280 4304 foris
3307 4258 3558 4319 apparet,

1974 4348 2122 4388 nunc
2149 4334 2301 4388 aliud
2333 4350 2400 4389 ex
2434 4350 2501 4390 eo
2524 4336 2670 4406 quod
2701 4337 3072 4407 intelligentia
3113 4342 3352 4411 capitur.
3381 4343 3559 4398 deter-

1975 4427 2240 4478 minatur.
2277 4423 2418 4481 Ecce
2447 4442 2578 4498 ergo
2616 4428 2811 4493 verba,
2861 4430 3067 4499 quibus
3097 4442 3333 4486 conatur
3366 4448 3466 4488 nos
3494 4436 3560 4488 ad

1975 4528 2163 4583 pacem
2196 4524 2252 4569 et
2295 4531 2421 4570 cum
2464 4516 2883 4588 nobismetipsis
2912 4559 2929 4585 ,
2984 4527 3039 4574 et
3084 4534 3209 4575 cum
3239 4524 3476 4592 angelis,
3507 4537 3562 4580 et

1975 4620 2101 4660 cum
2154 4604 2263 4660 Deo
2313 4605 2609 4673 adducere,
2641 4608 2900 4663 Salomon
2939 4608 3233 4679 (Paciﬁcas
3276 4613 3424 4667 enim
3458 4612 3561 4672 Sa-

1976 4697 2160 4752 lomon
2186 4699 2635 4770 interpretatur),
2667 4700 2760 4770 qui
2787 4702 3003 4771 accepit
3030 4716 3059 4753 a
3088 4701 3198 4757 Deo
3231 4704 3558 4774 sapientiam

1976 4797 2031 4844 et
2056 4790 2429 4859 prudentiam,
2478 4790 2884 4861 fuitque-ﬁlius
2943 4794 3143 4859 David,
3171 4796 3269 4866 qui
3311 4801 3564 4870 regnavit

1978 4882 2032 4937 in
2058 4881 2367 4939 Jerusalem
2398 4900 2413 4937 :
2445 4899 2568 4955 qua:
2599 4886 2872 4956 explicata
2906 4886 3064 4944 fuere
3084 4889 3155 4944 ab
3176 4904 3264 4956 eo,
3298 4898 3562 4962 tanquam

1977 4991 2072 5032 eos
2106 4977 2366 5044 docente,
2458 4988 2461 4993 '

2049 5072 2221 5127 Vens.
2244 5071 2300 5126 2.
2332 5070 2414 5123 Ad
2456 5071 2731 5127 sciendum
2760 5074 3085 5143 sapientiam
3116 5082 3168 5129 et
3191 5074 3562 5145 disciplinam,

1981 5164 2051 5218 ad
2094 5164 2441 5235 intelligenda
2470 5164 2627 5219 verba
2653 5163 2979 5234 prudentiae.
3012 5166 3094 5220 Ad
3120 5169 3563 5237 cognoscendam

1981 5256 2335 5324 sapientiam,
2391 5270 2515 5326 qua:
2578 5262 2664 5311 est
2710 5255 3029 5310 divinarum
3085 5257 3567 5330 humanarumque

1981 5362 2168 5402 rerum
2224 5346 2605 5402 scientia:--
2655 5344 3036 5417 disciplinain,
3093 5362 3220 5416 quae
3273 5359 3357 5404 est
3412 5351 3567 5405 utilis

1981 5444 2182 5497 animae
2218 5442 2522 5510 institutio,
2559 5442 2712 5496 illam
2756 5457 2882 5499 cum
2911 5443 3087 5499 multo
3115 5460 3261 5515 saepe
3303 5445 3492 5503 laliore
3535 5463 3566 5503 a

1978 5534 2219 5590 maculis
2255 5534 2522 5589 vitiorum
2583 5534 2925 5604 puriﬁcans;
2972 5565 3043 5576 —
3088 5537 3158 5593 ad
3209 5538 3563 5612 intelligenda

1981 5624 2172 5691 verba,
2207 5641 2330 5696 quae
2367 5627 2760 5683 convenientia
2798 5630 3057 5685 doceant.

2076 5721 2247 5780 Vens.
2293 5724 2369 5805 ζ’).⁴
2410 5726 2493 5779 Ad
2534 5727 2929 5796 sitscipiendum
2983 5732 3259 5787 verborum
3311 5733 3570 5795 rationm,
