3958 6472
395 387 542 455 1233

1727 383 2084 446 PROCOPII
2117 386 2363 446 GAZAEI

3551 377 3695 444 122's

393 513 442 556 et
491 501 842 571 atnigmatum
886 497 1179 552 solutiones
1209 535 1224 560 ,
1290 493 1358 547 ad
1419 493 1823 564 intelligendam
1891 512 2013 560 ιιι-ε

2120 499 2402 568 ιγμάτων,
2467 497 2694 567 νοῆσαι
2741 513 2806 552 τε
2857 496 3256 568 δικαιοσύνην
3293 494 3528 566 ἀληθῆ,
3589 493 3694 548 καὶ

397 611 514 648 ram
563 593 865 664 justitiam,
909 599 961 646 et
998 585 1376 659 corrigendum
1423 585 1716 656 judicium.
1753 585 1984 642 Utcon-

401 689 642 760 cipiatur
673 695 730 743 et
777 685 989 742 sciatur
1017 682 1223 754 quibus
1266 679 1447 734 modis
1476 679 1593 732 haec
1629 678 1798 732 verba
1828 693 1856 731 a
1894 693 1986 733 vo-

403 781 624 834 lunlate
665 775 971 833 secundum
1005 773 1386 844 operationem
1416 767 1760 824 descendant
1792 769 1860 824 ad
1903 769 1988 824 in-

2085 591 2262 660 κρῖμα
2293 592 2704 645 κατευθύνειν.
2747 589 3140 676 ’Ῐποδέξατθαί
3189 606 3250 643 τε
3300 590 3401 644 καὶ
3432 588 3696 658 χωρῆσαι

2085 682 2188 746 τὰς
2212 682 2426 737 τούτων
2449 682 2559 737 ἀπὸ
2587 681 2710 747 νοδς
2753 683 2878 736 κατ’
2922 681 3205 754 ἐνέργειαν
3241 680 3699 750 συγκαταϐάσεις

2090 777 2172 839 είς
2219 775 2512 846 αἴσθησιν·
2572 775 2667 840 καὶ
2722 773 2881 838 αὖθις
2922 773 3020 836 τὰς
3065 773 3172 826 ἀπὸ
3214 771 3531 844 αίσθήσεως
3571 770 3696 826 κατ’

405 872 792 943 telllgentiam,
825 877 880 925 et
905 867 1154 924 vicissim
1181 865 1253 920 ab
1276 863 1639 934 intelligentia
1679 861 1986 918 secundum

2126 868 2408 940 πιστήμην
2442 865 2739 936 ἁναγωγὰς
2789 866 2928 937 πρὸς
2961 865 3109 932 νοῦν,
3150 866 3245 920 καὶ
3277 865 3355 937 μὴ
3399 867 3469 936 τῇ
3501 864 3709 934 ψευδεῖ

404 963 692 1019 scientiam
729 966 960 1029 surgant
986 956 1054 1012 ad
1082 956 1422 1010 voluntatem
1448 969 1460 1006 :
1517 961 1576 1008 ut
1600 953 1750 1008 falsae
1775 953 1992 1009 Judaeo~

405 1066 524 1106 rum
571 1049 826 1120 iustitiae,
859 1061 984 1117 quae
1023 1045 1409 1116 singularibus
1437 1043 1777 1098 describitur
1795 1042 1989 1114 signis,

2091 958 2408 1030 δικαιοσύνῃ
2444 957 2754 1021 Ἰουδαϊκῶς
2782 957 3089 1028 ἀρκεῖσθαι,
3121 957 3154 1028 ἥ
3195 957 3381 1026 μόνοις
3413 955 3697 1026 περιγρά-

2095 1069 2256 1122 φεται
2281 1054 2394 1116 τοῖς
2435 1051 2748 1122 συμϐόλοις,
2806 1050 2942 1104 ἀλλὰ
2990 1049 3183 1121 μαθεϊν
3211 1049 3312 1120 τὴν
3351 1048 3447 1102 διὰ
3482 1048 3691 1101 τούτων

405 1159 513 1198 non
548 1141 954 1213 acquiescant;
997 1137 1090 1193 sed
1132 1145 1194 1192 ut
1225 1136 1538 1201 addiscant,
1583 1129 1672 1190 bis
1709 1136 1993 1205 parabolis

2120 1145 2433 1215 ῑηλουμένην
2483 1143 2662 1214 ἀληθῆ
2707 1142 3076 1213 δικαιοσύνην,
3111 1140 3212 1212 τὴν
3249 1141 3315 1194 δι’
3361 1139 3544 1211 ὀρθῆς
3579 1139 3684 1210 19i-

405 1235 820 1290 manil‘cstatam
855 1247 1043 1288 veram
1065 1229 1363 1301 justitiam,
1397 1243 1541 1298 quas,
1566 1227 1784 1296 judicio
1817 1239 1993 1292 recto,

407 1325 712 1394 unicuique
737 1324 907 1378 trium
937 1322 1132 1376 animae
1159 1319 1561 1391 potentiarum,
1583 1317 1732 1388 quod
1767 1317 1846 1372 illi
1867 1333 1999 1372 con-

403 1419 578 1482 venit,
606 1416 802 1471 reddat
870 1414 1040 1487 (quod
1082 1421 1168 1469 est
1201 1411 1398 1467 modus
1443 1411 1724 1466 tribuendi
1793 1425 1997 1466 secun-

403 1509 535 1565 dum
591 1507 985 1580 dignitatem),
1040 1515 1102 1560 ut
1142 1505 1253 1560 tale
1299 1503 1573 1574 judicium
1619 1503 1688 1558 ad
1735 1504 1998 1560 virtutem

407 1603 704 1672 dirigatur,
741 1601 806 1654 ad
841 1598 1176 1670 cupiditates
1217 1601 1342 1667 quae
1393 1597 1480 1650 vel
1542 1611 1610 1652 ex
1649 1595 1868 1653 defectu
1915 1597 2001 1653 vel

408 1710 475 1749 ex
516 1709 752 1748 excessu
798 1692 1022 1748 virtutis
1069 1690 1350 1756 oriuntur,
1389 1687 1446 1740 in
1479 1687 1641 1758 praxi
1689 1703 1805 1742 non
1829 1687 2002 1744 decli-

409 1785 622 1840 nando.

2100 1224 2240 1299 σεως
2282 1234 2702 1306 ἀποκληροῦσαν
2745 1235 2954 1306 ἑκάστῃ
2989 1234 3100 1287 τῶν
3151 1231 3322 1303 τριῶν
3361 1233 3470 1301 τῆς
3515 1229 3691 1300 ψυχῆς

2097 1327 2402 1397 δυνάμεων,
2430 1327 2488 1380 τὸ
2521 1327 2834 1398 πρόσφορον
2857 1340 2872 1356 ⁸
2933 1326 3057 1397 ἦτις
3088 1325 3238 1380 ἐστὶν
3263 1323 3375 1389 ἐξις
3404 1323 3700 1391 ἀπονεμη-

2107 1421 2236 1492 τικὴ
2270 1421 2365 1474 τοῦ
2390 1423 2511 1475 κατ’
2543 1420 2703 1485 ἀξίαν
2735 1438 2748 1453 ο
2782 1420 2878 1474 καὶ⁵
2905 1419 3005 1490 τὴν
3030 1417 3289 1487 τοιαύτην
3312 1416 3503 1485 κρίσιν
3527 1415 3708 1468 ἀπευ-

2102 1513 2282 1567 θύνειν
2333 1513 2468 1586 πρὸς
2521 1513 2744 1586 ἀρετὴν,
2797 1513 2887 1567 διὰ
2943 1513 3201 1584 πράξεως
3263 1507 3710 1581 ἀπαρεγκλήτου

2102 1608 2240 1678 πρὸς
2274 1607 2343 1660 τὰ
2392 1607 2516 1660 κατ’
2565 1605 2802 1676 ἔλλειψιν
2849 1605 2952 1676 τῆς
2993 1602 3199 1674 ἀρετῆς
3237 1601 3335 1656 καὶ
3383 1596 3714 1671 ὑπερϐολὴν

2104 1699 2277 1769 πάθη.

487 1875 652 1932 Vsus.
695 1875 749 1930 4.
779 1873 846 1930 Ut
881 1874 1000 1929 dem
1048 1871 1418 1927 innocentibus
1453 1871 1761 1935 astutiam;
1813 1869 2000 1924 adole-

2177 1877 2241 1932 δ’.
2273 1877 2408 1931 Ἵνα
2439 1873 2523 1930 δῶ
2566 1875 2817 1942 ἁκάκοις
2858 1873 3254 1945 πανουργίαν,
3293 1869 3466 1925 παιδὶ
3499 1867 3576 1922 δὲ
3597 1865 3724 1932 rem

409 1971 580 2025 scenti
601 1967 1013 2038 intelligentiam
1044 1975 1093 2019 et
1119 1965 1516 2034 cogitationem.
1553 1960 1682 2017 llaec
1711 1959 2002 2032 proverbia

413 2075 546 2115 vero
578 2073 862 2128 exponens
894 2055 1182 2121 Salomon,
1230 2069 1328 2123 per
1355 2067 1420 2109 ea
1450 2051 1696 2108 ostendit
1727 2051 1798 2106 iis
1819 2051 1913 2122 qui
1947 2065 2006 2105 se

411 2151 668 2206 omnibus
706 2149 854 2204 vitiis
897 2154 1198 2210 exuerunt,
1217 2145 1465 2200 omnium
1493 2143 1764 2199 bonorum
1789 2142 2004 2197 metbo-

358 2312 363 2318 η
411 2244 591 2297 dicam
621 2242 1034 2313 operationem;
1070 2238 1182 2295 illis
1214 2247 1400 2292 autem
1431 2237 1524 2306 qui
1561 2233 1796 2290 infantia
1837 2234 2005 2290 intel-

414 2333 640 2390 lectuali
679 2332 958 2396 laborant,
983 2329 1380 2385 discretionem
1414 2327 1542 2383 boni
1576 2339 1631 2384 et
1673 2328 1841 2397 mali;
1881 2335 2004 2381 tan-

411 2428 534 2483 dem
574 2426 940 2497 praemiorum
979 2423 1228 2490 virtutis,
1259 2430 1316 2478 et
1345 2421 1575 2477 malitiae
1597 2435 1914 2492 poenarum,
1947 2420 2002 2474 in

412 2517 622 2583 futuro,
659 2515 1109 2572 meditationem.

483 2696 653 2754 Vsus.
702 2697 756 2754 5.
812 2694 946 2751 Ha'c
988 2695 1217 2750 audiens
1263 2695 1496 2764 sapiens,
1555 2695 1851 2764 sapientior
1881 2694 2004 2748 erit.

413 2791 518 2858 Qui
562 2793 760 2846 horum
809 2801 1133 2846 sermonum
1181 2785 1624 2856 proverbialium
1670 2787 1896 2842 auditor
1939 2785 2007 2839 ad

418 2881 752 2954 sapientiam
789 2878 1127 2940 cucurrerit,
1159 2875 1230 2930 ad
1275 2875 1424 2930 illius
1469 2875 1752 2942 perveniet
1793 2873 2008 2944 perlec-

415 2973 691 3030 tissimum
748 2969 1020 3040 gradum;
1074 2968 1248 3022 multa
1295 2965 1352 3020 in
1411 2965 1619 3021 divinis
1662 2963 2035 3036 dogmatibus'

417 3061 782 3132 intelligentia
824 3059 1097 3130 gaudens,
1127 3071 1230 3112 nec
1271 3072 1382 3110 non
1411 3055 1469 3110 in
1494 3055 1780 3122 humanis,
1813 3055 2008 3110 barum

2105 1968 2400 2036 αἴσθησίν
2444 1985 2505 2022 τε
2541 1967 2641 2023 καί
2684 1969 2947 2023 ἔννοιαν.
2991 1968 3182 2030 Ὅπως
3231 1967 3260 2019 ὁ
3297 1963 3534 2026 τούτους
3588 1959 3725 2022 τοὺς

2071 2060 2298 2134 ⁸λόγους
2355 2059 2684 2127 ἐκτεθεικὼς
2743 2059 2998 2132 Σολομὼν
3066 2059 3328 2130 παράσχῃ
3374 2055 3444 2109 δι’
3499 2050 3722 2117 αὐτῶν,

2105 2157 2218 2218 τοῖς
2273 2154 2372 2223 μὲν
2431 2153 2899 2224 ἁποὸαλλομένοις
2959 2152 3144 2206 πᾶσαν
3205 2148 3430 2212 κακίαν,
3486 2143 3722 2198 πάντων

2105 2245 2214 2300 τῶν
2249 2245 2432 2299 καλῶν
2474 2243 2774 2316 ἐμμὲθοδον
2820 2243 3105 2316 ἐνέργειαν
3127 2258 3142 2272 ·
3179 2240 3259 2312 τῷ
3292 2239 3352 2294 δὲ
3400 2253 3719 2307 πνευματι-

2106 2337 2212 2408 κὴν
2241 2337 2462 2408 ἠλικίαν
2507 2337 2790 2408 ἀρτιγενεῖ
2835 2335 2932 2390 καὶ
2973 2333 3239 2398 νεάζοντι,
3271 2331 3563 2400 διάκρισιν
3607 2326 3712 2398 μὲν

2105 2429 2307 2501 ἀρετῆς
2343 2430 2438 2482 καὶ
2463 2427 2702 2494 κακίας,
2746 2427 3046 2498 ἐνθύμησιν
3076 2425 3132 2478 δέ
3163 2423 3274 2478 τῶν
3318 2423 3368 2476 τ’
3402 2421 3501 2475 ἐπ’
3539 2419 3698 2490 αρετῇ

2108 2520 2250 2574 κατὰ
2277 2519 2337 2574 τὸ
2370 2520 2566 2588 μέλλον
2592 2519 2841 2574 ἐπάθλων
2887 2518 2984 2573 καὶ
3016 2515 3127 2572 τῶν
3170 2514 3267 2570 ἐπὶ
3298 2513 3512 2577 κακίας
3540 2529 3714 2582 τιμω-

2110 2629 2266 2682 ριων.

2179 2709 2240 2758 ε’.
2270 2703 2462 2760 Τῶν-δε
2483 2704 2591 2775 γὰρ
2618 2705 2891 2772 ἀκούσας
2911 2703 3126 2774 σοφὸς
3152 2703 3501 2774 σοφώτερος
3519 2701 3723 2758 ἔσται.

2109 2795 2330 2850 Τούτων
2375 2796 2483 2868 γὰρ
2537 2795 2648 2850 τῶν
2703 2795 3102 2868 Παροιμιακῶν
3145 2795 3320 2864 λόγων
3352 2793 3615 2855 ἀκούσας
3641 2807 3730 2855 τις

2111 2888 2192 2950 είς
2217 2885 2410 2957 σοφίαν
2437 2887 2788 2959 προκόπτων,
2815 2889 2896 2952 εἰς
2925 2887 3024 2958 τὴν
3051 2886 3260 2958 ταύτης
3294 2887 3498 2956 φθάσει
3519 2883 3732 2937 τελειο⁶

2111 2981 2280 3052 τέραν
2314 2980 2460 3046 ἕξιν·
2503 2978 2679 3034 πολλὰ
2727 2979 2827 3052 μὲν
2879 2979 3010 3052 περὶ
3038 2979 3144 3033 τῶν
3177 2978 3341 3032 θείων
3391 2976 3730 3040 παιδευθεὶς

2114 3072 2402 3141 δογμάτων
2426 3087 2442 3104 ·
2471 3073 2648 3128 πολλὰ
2671 3073 2730 3128 δὲ
2756 3073 2850 3127 καὶ
2873 3073 3000 3146 περὶ
3028 3071 3138 3126 τῶν
3167 3071 3538 3142 ἀνθρωπίνων
3571 3071 3733 3124 ἐκδι-

419 3171 526 3228 Ope
555 3153 950 3224 parabolarum
987 3149 1180 3204 multis
1225 3148 1406 3203 modis
1435 3159 1490 3203 et
1521 3147 1656 3202 vitia
1687 3147 1918 3219 iugabit,
1957 3155 2012 3202 et

2120 3163 2447 3232 δασκόμενος
2479 3162 2614 3234 παρ’
2645 3162 2815 3217 αὑτοῦ
2865 3162 3278 3234 Παροιμιώδους
3309 3160 3501 3228 λόγου,
3531 3158 3730 3214 ποικί·

419 3249 656 3304 virtutes
696 3244 972 3318 acquiret.

495 3447 565 3502 Et
610 3446 938 3518 intelligens,
971 3441 1334 3516 gubernacula
1375 3439 1690 3510 possidebit.
1733 3440 1886 3504 Inde,
1923 3441 2016 3510 qui

421 3550 630 3598 rectam
664 3540 962 3596 veritatum
997 3537 1290 3594 scientiam
1324 3535 1587 3604 acquirit,
1624 3541 1677 3590 et
1704 3533 1857 3590 novit
1880 3548 2019 3604 quo-

422 3637 592 3690 modo
654 3629 1069 3687 inconstantem
1124 3643 1308 3684 rerum
1376 3629 1747 3682 humanarum
1793 3642 2019 3682 cursum

423 3731 691 3795 Oporteat
725 3720 1097 3794 pertransire,
1125 3734 1277 3784 nam,
1313 3733 1418 3774 nec
1449 3717 1616 3780 bona,
1644 3719 2022 3790 inquisitaque

423 3828 454 3868 a
479 3812 690 3868 multis:
727 3825 832 3866 nec
863 3810 1009 3863 mala
1053 3821 1158 3862 nec
1185 3807 1369 3863 tristia
1413 3800 1777 3862 siabilitatem
1831 3815 1888 3864 et
1918 3807 2022 3863 du-

423 3904 704 3958 rationem
761 3899 989 3956 habent:
1027 3896 1120 3952 ille
1164 3902 1220 3952 et
1258 3897 1312 3950 in
1361 3895 1481 3967 ipsa
1523 3896 1655 3952 vita;
1688 3911 1844 3966 pace,
1893 3911 2019 3952 cum

424 4005 695 4064 prospere
743 3989 794 4046 ei
867 3986 1056 4043 omnia
1109 3984 1391 4050 accidant,
1441 3985 1779 4040 mutationes
1825 3999 2024 4055 exspe-

423 4089 584 4147 ctat;
638 4091 743 4132 nec
777 4077 835 4131 in
882 4073 1260 4148 praesentibus
1309 4071 1481 4127 rebus
1521 4081 1583 4126 ut
1613 4070 2024 4126 immortalibus

424 4171 674 4238 conlidit,
711 4184 814 4226 nec
855 4169 911 4224 in
954 4167 1116 4222 malis
1157 4164 1452 4221 eventibus
1483 4164 1554 4220 de
1600 4165 1788 4235 seipse
1821 4165 2026 4236 despe-

425 4272 548 4332 rat;
581 4276 684 4317 nec
713 4260 767 4314 in
797 4260 1016 4330 magnis
1036 4257 1328 4313 doloribus
1355 4257 1543 4312 animo
1592 4257 1856 4324 dejicitur
1883 4275 1896 4310 :
1923 4257 2022 4312 sed

429 4354 723 4426 possidens
769 4351 1227 4420 intelligentiam,
1265 4364 1410 4414 quae,
1435 4356 1494 4404 ut
1531 4349 1830 4404 nauclerus
1865 4350 2026 4404 navi-

427 4449 565 4504 cula:
595 4446 782 4502 carnis
829 4444 1092 4514 imperet,
1124 4450 1180 4496 et
1207 4441 1507 4497 sententiis
1536 4439 1698 4509 quasi
1742 4439 2024 4509 guberna-

2119 3256 2228 3319 λως
2263 3257 2360 3326 μὲν
2389 3255 2728 3327 ἐξορίζοντος
2758 3255 2854 3327 τὴν
2881 3257 3102 3323 κακίαν,
3138 3255 3499 3326 πολυτρόπως
3525 3253 3588 3308 δὲ
3619 3252 3731 3308 πό-

2119 3346 2202 3400 λιν
2234 3346 2335 3417 τὴν
2370 3345 2572 3418 ἀρετὴν
2596 3347 3035 3416 ἁντεισάγοντος.

2201 3437 2266 3490 ’0
2297 3436 2368 3490 δὲ
2397 3437 2662 3508 νοήμων,
2701 3439 3074 3508 κυϐέρνησιν
3115 3437 3423 3508 κτήσεται.
3471 3437 3534 3491 '0
3563 3437 3616 3491 δ’
3643 3439 3733 3491 ἐι.-

2117 3526 2308 3580 τεῠθεν
2338 3527 2436 3598 τὴν
2478 3527 2656 3598 ἀληθῆ
2697 3528 2805 3582 τῶν
2847 3528 3016 3582 ὄντων
3041 3529 3352 3599 ἐπιστήμην
3385 3527 3596 3594 λαϐὼν,
3634 3527 3732 3581 καὶ

2120 3617 2276 3683 εἰδὼς
2333 3619 2484 3683 ὃπως
2532 3619 2632 3690 τὴν
2682 3619 2916 3674 ἄστατον
2971 3619 3147 3692 φορὰν
3197 3620 3308 3674 τῶν
3355 3619 3731 3691 ἀνθρωπίνων

2120 3711 2470 3782 πραγμάτων
2492 3711 2858 3782 περαιοῦσθαι
2891 3714 3159 3784 προσήκει
3197 3711 3343 3784 (οὔτε
3373 3711 3488 3784 γὰρ
3526 3713 3603 3765 τὰ
3639 3712 3733 3767 δε-

2123 3801 2213 3868 ξιὰ
2238 3802 2329 3857 καὶ
2353 3787 2802 3874 περισπούδαστα
2818 3807 2928 3866 τοῖς
2955 3803 3190 3867 πολλοῖς,
3212 3802 3336 3857 οὔτε
3366 3803 3437 3857 τὰ
3458 3821 3736 3876 περιστα-

2125 3897 2256 3948 τικὰ
2286 3895 2382 3949 καὶ
2409 3895 2630 3966 κατηφῆ
2661 3894 2772 3949 τῶν
2821 3895 3166 3967 πραγμάτων
3195 3895 3257 3949 τὸ
3289 3894 3463 3960 ἑστὼς
3495 3897 3595 3950 καὶ
3629 3895 3735 3967 μό-

2127 4003 2282 4056 νιμον
2306 3985 2464 4058 ἔχει),
2495 3987 2589 4040 καὶ
2612 3988 2671 4040 ἐν
2696 3989 2834 4060 αὐτῇ
2865 4005 2925 4042 τε
2965 3991 3032 4060 τῇ
3061 3988 3274 4060 γαλήνῃ
3299 3987 3395 4042 τοῦ
3414 3988 3558 4060 βίου,
3586 3990 3734 4044 «ev-

2124 4095 2232 4132 των
2285 4078 2438 4150 αὐτῷ
2490 4078 2635 4133 κατὰ
2681 4079 2811 4150 ῥοῦν
2857 4080 3196 4152 προϊόντων,
3253 4079 3354 4144 τὰς
3408 4080 3730 4150 μεταϐολὰς

2125 4170 2404 4238 ἐκδέξεται
2448 4186 2463 4202 ο
2514 4171 2610 4224 καὶ
2651 4171 2749 4242 οὐχ
2791 4169 2867 4234 ὡς
2919 4169 3214 4234 ἀθανάτοις
3261 4169 3730 4227 ἐπαναπαύσεται

2123 4266 2237 4327 τοῖς
2266 4263 2534 4334 παροῦσι*
2585 4267 2681 4318 καὶ
2711 4266 2769 4318 ἐν
2800 4267 2875 4336 τῇ
2925 4265 3359 4336 σκυθρωποτέρᾳ
3385 4265 3730 4320 καταστάσει

2125 4355 2227 4408 οὐκ
2255 4355 2549 4409 ἀπελπίσει
2599 4357 2814 4422 ἐαυτὸν,
2860 4355 2956 4410 καὶ
2988 4359 3055 4427 τῇ
3099 4355 3268 4428 πολλῇ
3297 4356 3445 4427 λύπῃ
3477 4373 3736 4412 καταπο-

2128 4446 2194 4518 θῇ
2220 4464 2234 4480 ·
2277 4446 2416 4502 ἀλλὰ
2463 4448 2553 4502 τὸν
2598 4449 2725 4502 νοῦν
2772 4447 2911 4519 ἔχων
2956 4447 3147 4520 ὥσπερ
3175 4448 3301 4502 τινὰ
3351 4448 3731 4522 κυϐερνήτην,

426 4521 566 4597 culis
601 4538 763 4594 docte
799 4543 1021 4600 utatur,
1071 4533 1317 4589 carnalis
1363 4530 1631 4593 desiderii
1683 4529 2013 4600 cupiditates

2127 4538 2290 4592 οἱονεὶ
2322 4537 2508 4592 πλοίου
2547 4541 2645 4609 τῆς
2674 4539 2878 4608 σαρκὸς
2914 4535 3345 4609 κυριαρχοῦντα,
3398 4539 3494 4590 καὶ
3525 4521 3732 4608 ἐμπεί-

426 4642 690 4702 tanquam
726 4642 757 4682 a
788 4627 973 4682 valida
1023 4631 1354 4695 tempestate
1388 4623 1684 4688 excitatas,
1724 4621 2024 4677 sustinebit

425 4735 720 4794 generose;
760 4717 964 4789 quibus
998 4715 1256 4786 superior
1295 4715 1423 4787 erit,
1459 4712 1612 4768 nullo
1641 4712 1806 4767 modo
1831 4726 2025 4766 earum

429 4812 690 4867 [luctibus
732 4807 1068 4873 demersus;
1107 4815 1164 4862 et
1205 4820 1431 4876 semper
1471 4804 1579 4860 sibi
1605 4813 1876 4859 constans
1909 4811 2026 4858 sta-
2071 4853 2074 4856 .

429 4904 534 4969 bit,
560 4914 664 4956 nec
687 4901 741 4953 in
777 4897 1068 4968 prosperis
1105 4895 1354 4962 inﬂatus,
1397 4910 1498 4951 nec
1533 4895 1886 4952 demissusin
1928 4895 2028 4950 ad-

429 5007 628 5050 VCI‘SIS.

2127 4647 2234 4703 ρως
2280 4631 2408 4694 τοὺς
2453 4631 2770 4702 λογισμοὺς,
2824 4627 2938 4684 οἷον
2988 4631 3183 4695 οἴακας
3235 4630 3689 4700 περιστρέφοντα
3715 4666 3731 4692 ,

2122 4721 2194 4774 τά
2217 4738 2275 4773 τε
2301 4719 2377 4784 ὡς
2406 4720 2471 4773 ἐκ
2502 4737 2648 4782 τινος
2681 4719 2852 4790 ζάλης
2887 4717 3070 4790 βιαίας
3094 4718 3188 4772 τοῦ
3226 4715 3491 4789 σαρκικοῦ
3525 4717 3734 4784 φροντι]⁹

2129 4828 2306 4882 ματος
2362 4812 2764 4882 ἐπεγειρόμενα
2821 4812 2932 4866 τῶν
2982 4809 3176 4864 παθῶν
3228 4809 3541 4881 κυματήσει
3597 4823 3732 4877 γεν-

2126 4901 2294 4965 ναίως
2317 4918 2331 4932 ·
2358 4902 2456 4954 καὶ
2503 4901 2709 4972 ὑψηλὸς
2747 4901 2961 4966 τούτοις
2991 4902 3086 4956 καὶ⁵
3125 4899 3488 4972 δυσπρόσιτος
3518 4897 3736 4960 ἔσεται,

2129 4995 2394 5064 μηδαμῶς
2435 4993 2534 5063 τῆς
2559 4995 2668 5048 ἀπὸ
2712 4993 2918 5048 τούτων
2953 4995 3135 5067 ἆλμης
3184 4981 3693 5064 ἀναπιμπλάμενος
3716 5011 3734 5028 ο

431 5087 528 5142 καὶ
583 5085 771 5156 ὅμοιος
829 5082 928 5154 μὲν
986 5079 1077 5135 διεὶ
1128 5078 1291 5143 αὐτὸς
1343 5077 1522 5149 ἐαυτῷ
1574 5079 1846 5150 διαμένει,
1905 5079 2032 5152 μήτ’
2070 5082 2436 5158 ἐπαιρόμενος
2489 5089 2548 5141 ἐν
2590 5088 2712 5150 ταῖς
2759 5086 3070 5160 εὐθυμίαις,
3155 5086 3297 5158 μήτε
3363 5085 3735 5140 καταπίπτων

431 5186 489 5238 ἐν
515 5185 636 5246 ταῖς
665 5179 1000 5251 συμφοραῖς.

499 5275 668 5331 Vens.
710 5273 764 5329 6.
803 5269 1208 5327 Animadverte:
1259 5267 1590 5339 parabolam
1621 5309 1636 5334 ,
1666 5279 1716 5322 et
1748 5269 2033 5324 obscurant

429 5367 751 5430 sermonem,
777 5373 825 5418 et
856 5363 1016 5418 verba
1052 5363 1355 5431 sapientum
1385 5371 1440 5416 et
1486 5363 1779 5432 (enigmata
1820 5379 2028 5418 eorum.

432 5458 748 5527 Cognoscet
776 5458 966 5512 varios
1005 5471 1294 5512 sermones
1333 5472 1346 5508 :
1388 5455 1709 5527 parabolas,
1749 5471 1874 5526 quae
1929 5472 2036 5527 ope

435 5548 638 5605 similis
673 5548 1278 5619 cogniti,incognitum
1303 5549 1490 5604 simile
1523 5557 1874 5616 monstrant;
1909 5565 2036 5604 vcr-

435 5646 504 5700 ba
537 5642 800 5706 obscura,
843 5659 968 5712 quae
1015 5645 1327 5699 sententias
1367 5650 1424 5698 et
1477 5641 1896 5712 intelligentiam
1945 5657 2037 5696 os-

437 5737 673 5793 tendunt
711 5735 921 5792 :verba
953 5741 1267 5806 sapientum
1305 5735 1741 5805 profunditatem
1787 5735 2034 5790 scientiae

433 5831 719 5900 habentia,
761 5831 866 5888 etsi
907 5831 1066 5886 multi
1126 5831 1404 5886 mst‘mcnt
1454 5847 1514 5884 se
1559 5831 1779 5885 illorum
1821 5830 2031 5886 intelli-

2203 5277 2280 5338 ς’.
2315 5271 2544 5337 Νοίήσει
2597 5289 2662 5326 τε
2690 5269 3069 5341 παραϐολὴν,
3127 5271 3229 5327 καὶ
3277 5271 3605 5328 σκοτεινὸν
3625 5275 3734 5328 λό-

2132 5363 2526 5435 γον,-ῥήσεις
2551 5380 2619 5418 τε
2665 5363 2897 5434 σοφῶν,
2939 5363 3038 5418 καί
3078 5364 3420 5434 αἰνίγματα.
3455 5364 3734 5419 Γνώσεται

2131 5458 2190 5510 δὲ
2222 5456 2419 5524 λόγους
2469 5456 2885 5520 παντοδαποὺς,
2945 5455 3320 5527 παραϐολικόν
3365 5473 3428 5509 τε
3466 5455 3738 5526 δηλοῦντα

2133 5551 2223 5606 διὰ
2276 5551 2372 5606 τοῦ
2445 5549 2859 5620 γινωσκομένου
2929 5550 3158 5620 ὁμοίου,
3223 5548 3285 5602 τὸ
3364 5548 3736 5618 ἀγνοούμενον

2135 5644 2322 5713 ὅμοιον
2347 5659 2360 5672 ·
2390 5642 2486 5695 καὶ
2517 5641 2728 5711 ἀσαφῆ,
2762 5643 2861 5711 τήν
2893 5659 2950 5694 τε
2983 5640 3144 5713 ῥῆσιν
3181 5641 3275 5696 καὶ
3311 5641 3410 5712 τὴν
3447 5641 3694 5694 διάνοιαν
3718 5658 3732 5673 ο

2145 5735 2370 5810 ῥήματά
2397 5753 2456 5789 τε
2485 5734 2663 5803 σοφῶν
2695 5734 2859 5805 βάθος
2888 5734 3082 5804 ἔχοντα
3125 5735 3400 5804 γνώσεως,
3439 5732 3546 5786 κᾶν
3576 5733 3733 5802 νομί-

2141 5830 2344 5888 ζωνται
2388 5829 2502 5890 τοῖς
2547 5826 2762 5892 πολλοῖς
2811 5826 2955 5898 ἔχειν
3002 5829 3297 5900 πρόχειρον
3339 5828 3439 5897 τὴν
3484 5825 3725 5896 κατάλη-
