3958 6438
303 384 434 455 1225

1335 369 1873 437 COMMENTARII
1916 366 1998 427 ΙΝ
2041 366 2496 429 PROVERBIA.

3418 364 3551 428 123-6

292 507 424 575 ψιν⁸
477 504 568 558 καὶ
618 503 949 571 αἰνίγματα,
1003 494 1121 558 μετ’
1172 491 1520 564 ἐπικρύψεως
1573 487 1866 557 σημαίνον‹

1979 484 2215 554 gentiam
2269 482 2555 552 possidere
2588 497 2602 533 :
2636 490 2688 534 et
2731 480 3020 550 :rnigmata
3060 478 3352 548 ailegorice
3396 482 3547 534 veri-

294 613 362 648 τα
388 594 488 666 τὴν
520 593 808 665 ἀλήθειαν
856 583 932 642 ὧν
982 582 1366 656 παροιμιωδῶν
1417 581 1593 650 λόγων
1638 579 1867 651 ἀρκτέον

292 686 501 739 λοιπόν.

364 773 429 838 ζ’.
464 773 646 841 Ἀρχὴ
679 770 920 840 σοφίας,
951 769 1135 837 φόϐος
1166 765 1409 848 Κυρίου.
1446 763 1614 831 Ἀρχὴ
1660 761 1761 830 τῆς
1802 761 1868 813 δι’

295 844 442 933 ’ἡμᾶς
470 864 548 926 είς
592 860 731 914 ἐπτά
758 857 1100 926 πνευματικά
1129 844 1445 927 χαρίσματα
1486 851 1871 923 διαιρουμένης

297 953 511 1020 σοφίας,
557 950 845 1002 τελευταία
877 949 975 1017 μὲν
1024 948 1089 998 ἐκ
1135 942 1291 1004 Θεοῦ.
1323 940 1599 1011 προσεχὴς
1630 939 1687 992 δὲ
1716 940 1868 1008 ἡμῖν,

290 1046 320 1095 ό
352 1041 443 1094 τοῦ
472 1039 676 1110 Κυρίου
710 1038 874 1106 φόϐος
923 1035 1100 1089 ἐστίν·
1137 1032 1193 1096 ὃς
1234 1031 1323 1085 διὰ
1355 1030 1452 1093 τὰς
1499 1028 1608 1082 τῶν
1638 1026 1872 1081 αἰωνίων

292 1131 568 1185 κολάσεων
616 1125 867 1189 ἀπειλὰς,
907 1124 1125 1178 πάντων
1172 1138 1234 1180 τε
1266 1122 1506 1173 ποιεῖται
1550 1117 1660 1170 τῶν
1686 1114 1872 1168 κακῶν

291 1222 526 1292 ἀποχὴν,
561 1220 654 1272 καὶ
681 1218 783 1287 τῆς
813 1215 1276 1286 καταφρονήσεως
1308 1209 1603 1264 ἀπελαύνει
1632 1208 1731 1277 τὴν
1759 1205 1875 1258 πώς

293 1329 485 1381 ρωσιν.
528 1307 647 1376 ’Δφ’
673 1302 738 1361 οὗ
769 1305 1097 1375 κινούμενοι,
1131 1301 1236 1372 όδῷ
1284 1318 1391 1355 τινι
1437 1302 1532 1352 καὶ
1557 1296 1706 1362 τάξει
1740 1311 1875 1365 προ-

222 1397 239 1403 ’
289 1401 594 1461 ϐαίνοντες,
628 1397 717 1450 διά
762 1413 824 1449 τε
884 1394 1086 1465 ἰσχύος,
1125 1393 1247 1463 ἥτις
1277 1391 1366 1446 διὰ
1398 1391 1495 1459 τὴν
1533 1388 1725 1441 ἐλπίδα
1765 1385 1875 1438 τῶν

287 1489 658 1556 ἐπαγγελιῶν,
687 1486 967 1557 πρόθυμός
1001 1488 1147 1538 ἐστιν
1188 1482 1334 1553 ὁρμὴ
1361 1483 1455 1535 καὶ
1488 1480 1704 1548 κίνησις
1740 1477 1876 1547 πρὸς

286 1581 579 1649 ἐνέργειαν
602 1577 712 1629 τῶν
740 1575 991 1639 ἐντολῶν,
1027 1574 1124 1627 καὶ
1147 1574 1246 1642 τῆς
1279 1570 1565 1633 ἀσθενείας
1592 1569 1834 1636 ἐξέλασις
1856 1582 1872 1596 ⁸

286 1668 393 1720 καὶ
442 1668 657 1739 βουλῆς,
685 1667 806 1735 ἥτις
839 1665 1077 1734 ὑπάρχει
1104 1663 1216 1729 ἕξις
1240 1663 1337 1731 τῆς
1360 1660 1683 1730 διακρίσεως
1706 1674 1721 1690 ⁸
1754 1650 1874 1712 καθ’

281 1761 348 1829 ἣν
392 1760 488 1811 σὺν
518 1757 660 1826 λόγῳ
685 1757 783 1818 τὰς
830 1755 980 1817 θείας
1010 1753 1324 1822 πράττομεν
1350 1750 1589 1815 ἐντολὰς,
1631 1751 1724 1803 καὶ
1765 1750 1876 1803 τῶν

279 1827 623 1917 κρειττόνων
666 1847 986 1915 διαιροῦμεν
1021 1847 1089 1899 τὰ
1118 1844 1338 1914 χείρονα
1363 1861 1375 1874 ⁸
1424 1844 1520 1895 καὶ
1545 1842 1875 1913 ἐπιστήμης,
1909 1827 1951 1881 Β

276 1945 418 2013 ἥτις
454 1942 573 1994 ἐστὶ
598 1941 698 2010 τῆς
737 1941 834 2010 μὲν
873 1938 1149 2002 ἀσεϐείας,
1178 1935 1398 2006 καὶτῆς
1439 1935 1525 1986 ἐπ’
1554 1934 1725 2003 αὐτῆς
1769 1935 1876 1987 τῶν

283 2038 474 2105 ἔργων
509 2032 865 2103 φαυλότητος,
913 2029 1190 2097 διωγμός·
1240 2026 1349 2079 τῶν
1396 2026 1453 2079 δὲ
1506 2026 1630 2079 κατ’
1676 2025 1877 2096 ἀρετὴν

284 2127 388 2195 τῆς
458 2124 707 2194 πράξεως
757 2124 973 2191 τρέπων
1030 2120 1276 2180 ἅπτοντος
1328 2117 1554 2186 είδησις,
1605 2116 1728 2170 καθ’
1785 2114 1879 2179 οὒς

284 2217 648 2287 πράττοντες,
690 2215 787 2282 τῆς
822 2213 988 2284 ὀρθῆς
1021 2211 1112 2263 τοῦ
1144 2209 1305 2278 λόγου
1361 2209 1596 2278 κρίσεως
1626 2208 1878 2277 οὐδαμῶς

283 2308 661 2375 διαπίπτομεν
685 2321 699 2337 ⁸
748 2305 844 2356 καὶ
875 2302 1153 2371 γνώσεως,
1198 2300 1320 2369 ἥτις
1351 2299 1469 2351 ἐστὶ
1512 2299 1622 2350 τῶν
1663 2300 1720 2351 ἐν
1758 2300 1878 2360 ταῖς

282 2398 534 2458 ἐντολαῖς
580 2395 753 2461 λόγων
797 2391 1105 2462 περίληψις,
1149 2390 1273 2443 καθ’
1314 2387 1407 2451 οὓς
1454 2389 1504 2441 oi
1545 2388 1733 2458 τρόποι
1767 2386 1877 2439 τῶν

285 2486 505 2558 ἀρετῶν
537 2485 952 2553 συνεστήκασιν,
983 2480 1347 2550 ἀναϐαίνομεν
1382 2481 1516 2550 πρὸς
1561 2480 1661 2548 τῆς
1685 2479 1877 2547 σοφίας

287 2580 348 2631 τὸ
390 2576 572 2639 τέλος,
603 2575 702 2646 τὴν
739 2574 975 2641 σύνεσιν,
1016 2574 1141 2643 ἥτις
1169 2573 1318 2625 ἐστὶν
1343 2571 1629 2641 ἀφαίρεσίς
1667 2587 1728 2624 τε
1775 2571 1878 2636 τῆς

284 2663 835 2733 ἀνεπιγνωμοσύνης,
874 2664 967 2715 καὶ
999 2660 1403 2729 συγκατάθεσις
1435 2662 1571 2728 πρὸς
1601 2661 1726 2722 τοὺς
1745 2658 1874 2728 τρόο

284 2776 429 2821 πους
464 2757 561 2811 καὶ
602 2757 729 2818 τοὺς
771 2756 966 2823 λόγους
1006 2754 1118 2806 τῶν
1172 2753 1383 2826 ἀρετῶν
1407 2768 1419 2782 ⁸
1474 2753 1507 2822 ἢ
1545 2750 1878 2822 κυριώτερον

281 2849 491 2912 εἰπεῖν,
526 2846 887 2917 μεταποίησις
923 2845 1046 2899 καθ’
1075 2845 1142 2918 ἢν
1174 2846 1313 2917 πρὸς
1343 2847 1470 2907 τοὺς
1511 2832 1744 2912 τρόπους
1783 2843 1878 2897 καὶ

278 2934 417 2997 τοὺς
461 2934 652 2999 λόγους
696 2933 807 2985 τῶν
865 2933 1116 3000 ἐντολῶν,
1169 2933 1467 3004 σύγκρασις
1512 2934 1722 3001 γίνεται
1767 2932 1876 2986 τῶν

281 3025 541 3094 φυσικῶν
586 3025 890 3094 δυνάμεων,
940 3024 1224 3093 τηρουσῶν
1271 3024 1370 3086 τὰς
1411 3023 1630 3087 ἐντολὰς
1676 3024 1738 3077 οὐ
1786 3023 1878 3078 διὰ

1972 582 2140 629 tatem
2185 573 2595 638 monstrantia;
2633 581 2689 625 et
2731 571 2833 625 hoc
2873 570 3265 639 parabolarum
3301 569 3546 625 initium.

2044 753 2213 810 Vens.
2256 754 2308 809 '7.
2356 753 2695 824 Principium
2736 753 3012 820 sapientia:
3038 790 3053 815 ,
3111 750 3273 804 timor
3315 750 3550 805 Domini.

1974 843 2314 914 Principium
2351 844 2522 909 illius,
2549 860 2672 914 qua:
2697 858 2727 897 a
2768 843 2928 899 nobis
2960 845 3016 897 in
3043 850 3256 911 septem
3290 843 3554 913 spiritua-

1974 937 2045 991 lia
2085 937 2418 1011 charismata
2478 936 2746 992 dividitur
2772 977 2786 1003 ,
2831 936 3145 1007 sapientiae,
3188 933 3441 989 ultimum
3485 951 3553 989 ex

1975 1038 2132 1099 parte
2169 1028 2286 1096 Dei,
2330 1030 2572 1098 primum
2616 1043 2749 1084 vero
2774 1042 2874 1099 pro
2910 1027 3094 1090 nobis,
3133 1036 3218 1082 est
3252 1026 3418 1081 timor
3448 1026 3555 1081 Do-

1975 1119 2151 1186 mini;
2192 1119 2288 1189 qui
2335 1135 2461 1185 nos,
2500 1135 2599 1190 per
2635 1126 2969 1175 aeternorum
3015 1118 3415 1189 suppliciorum
3455 1121 3555 1173 mi-

1977 1222 2104 1272 nas,
2138 1210 2209 1263 al)
2238 1207 2501 1264 omnibus
2544 1217 2790 1262 avertere
2817 1205 2957 1260 facit
2988 1206 3162 1273 vitiis,
3195 1213 3252 1262 et
3306 1215 3557 1260 contem-

1976 1307 2106 1370 ptus
2135 1299 2292 1370 fugat
2315 1299 2597 1353 duritiam.
2632 1298 2736 1364 Qui
2759 1312 2890 1355 vero
2920 1298 3024 1354 hoc
3047 1299 3245 1354 timore
3265 1312 3558 1353 moventur

1977 1389 2215 1458 quadam
2246 1388 2339 1443 via
2372 1395 2427 1443 et
2457 1388 2651 1444 ordine
2693 1388 3004 1453 ambulant,
3038 1404 3142 1458 ope
3183 1388 3555 1452 fortitudinis,

1977 1495 2100 1551 quae
2132 1489 2219 1536 est
2257 1495 2587 1551 generosum
2639 1481 2976 1536 desiderium
3018 1489 3071 1537 et
3099 1491 3282 1538 motus
3308 1483 3373 1537 ad
3413 1498 3555 1552 prae-

1979 1578 2259 1642 ceptorum
2281 1570 2677 1640 impletionem,
2696 1579 2919 1641 propter
2937 1585 3086 1641 spem
3104 1570 3556 1639 promissionum,

1979 1671 2036 1719 et
2066 1662 2244 1719 morbi
2277 1661 2527 1733 iugatio:
2569 1677 2673 1732 ope
2715 1662 2965 1725 consilii,
3011 1663 3155 1732 quod
3208 1673 3294 1717 est
3337 1662 3557 1717 habitus

1980 1753 2336 1809 discretionis
2377 1769 2392 1807 :
2439 1768 2536 1823 per
2583 1767 2747 1825 quam
2796 1768 2923 1808 cum
2965 1752 3178 1822 judicio
3228 1752 3417 1807 divina
3456 1753 3558 1806 im-

1979 1846 2194 1915 plemus
2223 1855 2519 1916 praecepta,
2569 1853 2625 1900 et
2665 1844 2872 1900 bonum
2914 1860 2943 1898 a
2988 1844 3135 1900 malo
3168 1844 3555 1899 secernimus:

1979 1952 2086 2008 ope
2133 1939 2400 2003 scientia,
2448 1951 2571 2007 quae
2625 1943 2712 1991 est
2758 1936 3082 2005 impietatis,
3127 1943 3182 1991 ct
3222 1949 3457 2005 operum
3489 1932 3558 1988 ab

1980 2027 2072 2081 illa
2115 2026 2388 2083 factorum
2415 2068 2432 2095 ,
2474 2025 2770 2097 expulsio;
2817 2032 2874 2079 et
2921 2038 3113 2079 eorum
3149 2038 3273 2095 qua
3317 2021 3555 2079 solidam

1982 2119 2201 2173 virtutis
2251 2123 2502 2188 spectant
2578 2115 3069 2177 exercitationem,
3118 2113 3366 2184 cognitio
3415 2128 3559 2182 :pcr

1979 2222 2074 2263 cas
2119 2217 2370 2280 agentes,
2416 2224 2445 2263 a
2501 2217 2653 2262 recto
2681 2206 2901 2263 consilii
2933 2204 3177 2276 judicio,
3210 2205 3366 2261 nullo
3393 2206 3558 2260 modo
3610 2206 3621 2217 ‘

1978 2299 2267 2357 delicimus
2294 2321 2308 2357 :
2338 2315 2442 2372 ope
2474 2299 2875 2371 intelligentiae,
2904 2314 3028 2370 quae
3047 2308 3133 2358 est
3159 2307 3556 2370 praeceptorum

1978 2391 2458 2463 interpretationis
2506 2392 2723 2458 noritia,
2759 2405 2857 2460 per
2891 2404 3056 2460 quam
3102 2390 3242 2444 varii
3276 2389 3419 2443 modi
3447 2391 3559 2444 vir-

1977 2488 2155 2536 tutum
2195 2481 2508 2548 iirmantur,
2539 2481 2891 2537 ambulamus
2916 2480 2983 2536 ad
3021 2481 3304 2552 sapientiae
3342 2481 3560 2551 periec-

1979 2571 2209 2637 tionem,
2245 2571 2299 2626 id
2338 2581 2443 2637 est,
2482 2571 2834 2642 prudentiam
2862 2588 2877 2639 ;
2907 2587 3031 2643 quae
3055 2584 3139 2627 est
3172 2572 3560 2641 imprudentia:

1976 2663 2203 2725 ablatio,
2234 2675 2290 2718 et
2325 2664 2612 2719 modorum
2687 2665 3075 2736 rationumque
3121 2666 3383 2721 virtutum
3430 2681 3558 2721 sus—

1977 2751 2181 2821 ceptio.
2208 2750 2294 2814 Et,
2326 2760 2384 2805 ut
2418 2767 2518 2822 pro
2557 2767 2780 2822 semper
2811 2752 3015 2817 dicam,
3061 2754 3321 2815 mutatio.
3354 2769 3463 2825 qna
3491 2758 3560 2810 ad

1978 2844 2174 2901 modos
2228 2846 2585 2915 rationesque
2623 2845 2918 2908 virtutum,
2969 2843 3065 2899 ﬁat
3099 2845 3298 2901 mistio
3334 2856 3558 2901 natura-

1977 2934 2111 2988 lium
2144 2936 2540 3007 potentiorum,
2569 2951 2693 3006 qua:
2720 2938 3020 2992 observent
3049 2946 3326 3008 praecepta
3353 2953 3465 2994 non
3488 2955 3561 2995 οδ

1977 3026 2159 3083 minas
2200 3036 2296 3082 aut
2346 3028 2769 3097 promissiones,
2820 3030 2918 3084 sed
2964 3029 3080 3085 haec
3126 3029 3260 3096 duo,
3296 3041 3597 3103 tanquam,

281 3119 388 3180 τὰς
455 3115 708 3180 ἀπειλὰς,
773 3116 806 3186 ἦ
855 3116 945 3170 διὰ
998 3118 1094 3179 τὰς
1160 3115 1525 3183 ἐπαγγελίας,
1585 3115 1722 3169 ἀλλὰ
1784 3115 1874 3169 διὰ

1979 3121 2187 3192 optima
2232 3120 2543 3178 secundum
2580 3121 2965 3188 dilectionem,
2999 3121 3409 3190 amplectende.

282 3208 346 3262 τὸ
378 3208 715 3263 οἰκειοῦσθαι
753 3209 981 3273 ταύτας,
1017 3209 1091 3273 ὡς
1139 3209 1483 3277 παναγάθους
1513 3209 1658 3263 κατά
1688 3208 1870 3262 διάθε-
1899 3188 1942 3246 C

281 3316 398 3354 σιν.

354 3391 618 3457 Σύνεσις
648 3392 715 3444 δὲ
756 3392 950 3460 ἀγαθὴ
993 3392 1143 3448 πᾶσι
1188 3394 1315 3460 τοῖς
1351 3393 1635 3448 ποιοῦσιν
1656 3395 1870 3462 αὑτήν.

216 3512 226 3520 -
275 3483 358 3534 ’Ἡ
372 3499 463 3545 τις
496 3483 710 3546 σύνεσις
746 3485 886 3551 καλὴ
911 3485 1125 3547 πάντως
1149 3486 1293 3538 ἐστὶν
1328 3485 1500 3539 ἀπασι
1529 3487 1641 3548 τοῖς
1669 3486 1873 3550 ταύτην

267 3572 705 3641 ἐργαζομένοις,
754 3576 810 3625 ἐν
850 3575 926 3643 τῷ
978 3575 1239 3644 πράττειν
1287 3575 1666 3643 ἐπιστημόνως
1696 3577 1874 3629 πάντα

259 3662 336 3713 τά
366 3658 503 3711 θεῖα
540 3659 841 3730 θελήματα,
875 3661 992 3732 μεθ’
1025 3663 1090 3734 ἢν
1116 3664 1411 3734 προσεχεῖς
1439 3662 1590 3733 αὐτῷ
1609 3664 1874 3733 γινόμεθα

264 3750 353 3818 τῷ
395 3748 524 3819 Θεῷ
543 3766 559 3781 ⁸
598 3752 695 3821 τῆς
729 3752 865 3821 πρὸς
888 3754 1050 3805 αὐτὸν
1081 3753 1328 3819 ἐνώσεως
1362 3755 1530 3825 μόνην
1561 3755 1876 3826 μεσιτεύουε-

270 3858 383 3893 σαν
416 3840 636 3909 ἔχοντες
678 3846 775 3911 τὴν
798 3843 954 3912 ἡμῶν
992 3843 1092 3912 μὲν
1132 3845 1347 3915 πόρῤω,
1389 3845 1509 3915 Θεῷ
1535 3846 1595 3900 δὲ
1631 3848 1872 3918 προσεχῆ

268 3931 518 3998 σοφίαν,
566 3933 689 4002 ἥτις
739 3934 976 4004 ὑπάρχει
1024 3934 1124 4004 τῆς
1178 3935 1279 4003 μὲν
1312 3938 1502 4000 ἀνοίας
1552 3937 1868 4007 ἀναίρεσις,

265 4024 388 4079 τῶν
439 4022 497 4075 δὲ
553 4024 610 4076 ἐν
658 4027 779 4088 ταῖς
820 4027 1065 4105 ἐντολαῖς
1120 4030 1650 4099 πνευματικωτέρων
1698 4029 1872 4096 λόγων

261 4115 545 4179 ἀνάλυσις
582 4117 719 4187 π’ρδς
757 4120 855 4188 τὴν
882 4120 1063 4173 αἰτίαν
1106 4119 1203 4173 καὶ
1236 4120 1428 4184 ἓνωσις
1451 4136 1466 4150 ⁸
1494 4121 1873 4186 ἀναϐαίνοντες

2028 3402 2415 3474 Jntelligentia
2465 3404 2604 3459 bona
2639 3406 2886 3461 omnibus
2922 3406 3252 3475 facientibus
3302 3424 3444 3462 eam.
3480 3407 3559 3462 Ex

1974 3493 2364 3548 observatione
2408 3494 2573 3549 docta
2614 3494 2927 3550 divinarum
2971 3496 3342 3555 voluntatum.
3388 3497 3559 3552 datur

1976 3585 2117 3639 bona
2166 3584 2559 3655 intelligentia,
2594 3587 2856 3642 omnibus
2903 3589 3054 3643 illam
3092 3589 3425 3658 sapientiam
3458 3606 3557 3644 co-

1976 3675 2238 3737 lentibus,
2283 3692 2395 3748 qua
2433 3678 2671 3747 proximi
2722 3680 2835 3735 Deo
2881 3681 2982 3753 ipsi
3019 3682 3334 3739 eilicimur:
3381 3693 3434 3740 ct
3477 3685 3555 3740 illi

1973 3764 2395 3835 conjungimur,
2441 3769 2558 3823 sola
2599 3768 2853 3839 juvante,
2890 3789 3014 3843 qua:
3043 3789 3074 3828 a
3115 3774 3277 3829 nobis
3316 3784 3551 3840 remota,

1975 3853 2089 3912 Deo
2145 3867 2332 3914 autem
2382 3862 2635 3931 proxima
2689 3872 2792 3928 est,
2826 3868 3095 3937 sapientia
3133 3886 3146 3922 :
3180 3885 3324 3939 quae,
3367 3871 3555 3925 stulti-

1973 3945 2062 4001 tiae
2106 3950 2364 4012 remotio.
2405 3958 2460 4003 et
2508 3951 2885 4021 spiritualium
2929 3956 2985 4009 in
3027 3967 3299 4026 praecepta
3343 3972 3553 4012 sermo-

1974 4048 2129 4099 num,
2159 4045 2245 4091 est
2276 4037 2545 4093 resolutio
2581 4048 2637 4095 et
2665 4042 2968 4112 synthesis.
3002 4044 3139 4100 Cum
3171 4046 3319 4101 enim
3356 4049 3553 4106 ambu-

1974 4127 2156 4184 lamus
2188 4133 2501 4187 secundum
2532 4132 2683 4190 dicta
2710 4134 2819 4193 alia
2854 4137 3196 4192 charismata
3215 4138 3552 4209 spiritualia,

265 4207 384 4275 γάρ
432 4204 524 4258 διά
573 4205 683 4258 τῶν
733 4208 1047 4278 εἰρημένων
1099 4209 1303 4279 ἑτέρων
1353 4210 1740 4280 πνευματικῶν
1774 4228 1869 4280 χα-

1979 4215 2254 4289 iungimur
2284 4219 2499 4278 Divina
2540 4225 2762 4282 monadi
2791 4228 3099 4298 sapientia,
3125 4236 3180 4283 et
3221 4204 3316 4297 per
3349 4230 3554 4284 distin-

264 4298 592 4372 ρισμόιτων,
655 4300 1001 4370 συναγόμεθα
1062 4298 1197 4371 πρὸς
1226 4300 1323 4367 τὴν
1356 4299 1508 4354 θείαν
1546 4302 1648 4371 τῆς
1680 4303 1870 4372 σοφίας

1979 4309 2213 4365 ctionem
2245 4326 2278 4366 a
2304 4314 2466 4370 nobis
2489 4314 2691 4371 iactam
2735 4317 3162 4386 charismatum,
3191 4322 3554 4393 intelligimus

263 4390 530 4463 μονάδα⁸
577 4391 675 4459 τὴν
711 4392 1090 4462 γεγενημένην
1128 4391 1195 4444 δι’
1244 4392 1392 4461 ἡμᾶς
1429 4392 1537 4446 τῶν
1587 4394 1869 4465 χαρισμά-

1979 4401 2219 4458 rationes
2268 4406 2460 4460 eorum
2505 4423 2676 4462 :nam
2717 4410 2991 4480 sapientia
3035 4426 3229 4467 monas
3267 4390 3396 4476 est;
3427 4430 3553 4469 cum

259 4501 382 4537 των
420 4480 713 4552 διαίρεσιν,
752 4481 891 4552 πρὸς
916 4482 1015 4551 τὴν
1044 4481 1248 4535 τούτων
1280 4483 1463 4536 αἰτίαν
1503 4483 1828 4552 συνάγοντες
1851 4500 1866 4513 ⁸

1979 4490 2147 4547 variis
2179 4492 2248 4546 ab
2289 4509 2353 4548 ea
2387 4496 2686 4554 virtutibus
2716 4508 2892 4555 totum
2921 4501 3258 4559 indivisibile
3282 4480 3548 4571 eﬂiciens;

260 4572 534 4642 ἐπειδὴή
573 4572 735 4640 σοφία
772 4573 939 4643 μονάς
972 4573 1110 4637 ἐστι,
1147 4571 1246 4635 τὰς
1293 4571 1354 4637 ἐξ
1389 4573 1557 4643 αὐτῆς
1588 4573 1870 4644 διαφόροις

1979 4591 2028 4635 ει
2055 4582 2412 4640 uniformiter
2447 4587 2502 4641 in
2538 4588 2788 4645 omnium
2824 4593 3092 4646 virtutum
3131 4593 3352 4649 actibus
3394 4609 3550 4649 com-

258 4664 507 4734 ἀρεταῖς
541 4662 804 4731 ἀτμήτως
832 4660 1239 4733 ἐνθεωρουμένη
1263 4677 1276 4691 ⁸
1303 4661 1399 4714 καὶ
1436 4662 1723 4731 μονοειδῶς
1755 4665 1874 4723 ταῖς

1979 4673 2334 4740 prehenditur
2384 4677 2498 4741 illa,
2553 4679 2900 4739 restituendo
2947 4682 3055 4751 ipsi
3100 4682 3336 4738 virtutes
3373 4683 3445 4740 ab
3487 4701 3549 4742 ea

258 4757 381 4809 τῶν
408 4754 559 4808 ὅλων
585 4752 798 4824 ἀρετῶν
824 4753 1129 4823 ἐνεργείαις
1162 4753 1546 4824 ἐπινοουμένη,
1581 4755 1703 4818 ταῖς
1735 4754 1872 4825 πρὸς

1979 4763 2240 4831 oriundaa,
2273 4768 2518 4836 quando,
2554 4784 2657 4825 nos
2684 4772 2834 4828 varie
2855 4773 3162 4829 secundum
3187 4790 3555 4846 unamquams

257 4846 451 4917 αὐτὴν
484 4842 596 4896 τῶν
629 4843 690 4910 ἐξ
717 4843 891 4911 αὐτῆς
916 4843 1125 4912 ἀρετῶν
1165 4844 1697 4908 ἀποκαταστάσεσιν,
1741 4844 1871 4897 ὅταν

1979 4867 2076 4921 que
2132 4855 2390 4909 virtutem
2447 4859 2891 4928 progredientes,
2941 4877 3038 4930 per
3089 4863 3341 4934 singulas
3374 4842 3436 4918 vi
3478 4865 3549 4918 ad

253 4938 441 5007 ἡμεῖς
505 4932 574 4984 δι’
629 4931 726 4995 οὓς
773 4931 918 4985 κατά
968 4931 1065 5002 τὴν
1119 4934 1355 5003 ἑκάστης
1406 4932 1609 5001 ἀρετῆς
1650 4935 1863 5001 γένεσιν

1979 4957 2087 4997 eam
2137 4948 2500 5004 accessimus.
2542 4949 2647 5005 Per
2678 4950 2841 5006 ‘hauc
2891 4954 3254 5023 sapientiam,
3302 4954 3540 5025 sapienti

254 5031 523 5083 ποιεῖται
555 5025 655 5095 τὴν
684 5024 931 5095 πρόοδον,
963 5023 1302 5088 ἀνατατικῶς
1336 5026 1404 5078 δι’
1439 5025 1681 5096 ἑκάστης
1719 5027 1859 5095 πρὸς

1979 5038 2334 5105 :orporalium
2371 5049 2424 5095 et
2459 5041 2919 5099 intellectualium
2951 5060 3134 5100 rerum
3165 5023 3545 5109 meditatione.

253 5120 450 5189 αὐτὴν
484 5114 837 5185 ωναγόμεθα
862 5134 876 5148 ⁸
912 5116 1035 5170 καθ’
1069 5117 1134 5188 ἣν
1162 5117 1374 5182 σοφίαν,
1410 5118 1709 5189 ἀγνώστως
1734 5120 1859 5183 τοὺς

1979 5133 2021 5178 ιι
2066 5128 2388 5187 hominibus
2418 5135 2703 5198 convenit,
2757 5135 3047 5201 iuitiamur
3106 5138 3335 5201 indocti,
3378 5139 3550 5193 multa

253 5214 318 5264 ἐν
351 5207 493 5277 Θεῷ
524 5206 665 5260 κατὰ
708 5205 771 5260 τὸ
810 5206 1031 5278 θεμιτὸν
1066 5206 1374 5277 ἀνθρώποις
1401 5209 1592 5273 ἁπλῶς
1615 5210 1860 5280 μυούμε-

1979 5217 2225 5288 variaque
2287 5236 2474 5277 rerum
2524 5223 2577 5277 in
2616 5197 2727 5279 Deo
2760 5197 3151 5297 intelligentia,
3183 5224 3237 5282 et
3269 5197 3350 5283 sic
3382 5229 3548 5298 piam,
3606 5232 3609 5237 '

251 5320 367 5365 νοι,
402 5299 527 5352 τῶν
560 5297 730 5354 ὄντων
759 5298 948 5369 λόγους
974 5299 1201 5363 πολλοὺς
1238 5300 1329 5353 καὶ
1377 5300 1744 5364 ποικί).ουςεέκ
1765 5302 1861 5372 τῆς

1979 5305 2108 5361 :irca
2155 5324 2376 5365 omnem
2430 5315 2715 5368 veritatem
2757 5315 3135 5372 ostendemus
3179 5297 3551 5389 cognitionem

252 5393 375 5446 τῶν
411 5389 703 5461 αἰσθητῶν
733 5408 794 5443 τε
826 5392 919 5444 καὶ
948 5391 1152 5460 νοητῶν
1178 5392 1378 5443 οὐσιῶν
1407 5391 1579 5460 σοφῆς
1607 5393 1861 5463 θεωρίας,

1979 5411 2136 5465 quam
2186 5402 2445 5458 omnibus
2492 5404 2811 5460 hominibus
2862 5406 3025 5461 modo
3070 5408 3247 5475 vario,
3282 5425 3345 5464 ex
3386 5410 3551 5465 corde

254 5482 529 5542 εὐσεϐεῖς
601 5483 731 5552 περὶ
791 5484 889 5551 τῆς
955 5481 1083 5550 ὅλης
1166 5480 1425 5549 ἀληθείας
1495 5481 1865 5551 ἀποδώσωμεν

1979 5496 2238 5559 tanquam
2276 5498 2550 5551 crescenti
2589 5495 2759 5561 fonte,
2788 5499 3108 5555 oﬁ‘eremus.

253 5574 469 5644 λόγους
499 5587 512 5599 ⁸
544 5571 806 5636 ποικίλως
849 5572 1049 5643 ταύτης
1082 5573 1155 5635 ὡς
1203 5572 1266 5625 ἐκ
1295 5589 1437 5635 τινος
1468 5572 1876 5646 βλαστανούσης
1917 5584 2098 5652 πηγῆς
2128 5583 2229 5655 τῆς
2260 5586 2509 5657 καρδίας,
2555 5591 2667 5654 τοῖς
2695 5590 2876 5656 ἄλλοις
2942 5593 3252 5662 ἀνθρώποις
3314 5591 3560 5665 προσφέ-

249 5679 489 5736 ροντρς.

276 5766 283 5771 '
326 5752 645 5808 Εὐσέϐεια
670 5753 739 5808 δὲ
781 5757 868 5819 είς
899 5756 1068 5818 Θεὸν,
1100 5755 1256 5824 ἁρχὴ
1303 5758 1661 5825 αἰσθήσεως.
1690 5759 1861 5814 Εὐσέ-

2044 5761 2229 5817 Pietas
2262 5764 2314 5818 in
2361 5764 2548 5837 Deum,
2577 5769 2895 5839 principium
2930 5770 3313 5840 intelligentia'.
3376 5766 3550 5822 Pietas

573 5851 838 5910 Ριιτιιοι..
870 5851 982 5910 Gn.
1020 5852 1362 5914 LXXXVII.
3049 5863 3128 5924 39
