  <div class='ocr_page' id='page_1' title='image "/cluster/home/n/w/nwhite01/storage/ocr_20150623/87:pt.1/coo.31924054869882/624.png"; bbox 0 0 3958 6390; ppageno 0'>
   <div class='ocr_carea' id='block_1_1' title="bbox 456 317 588 381">
    <p class='ocr_par' dir='ltr' id='par_1_1' title="bbox 456 317 588 381">
     <span class='ocr_line' id='line_1_1' title="bbox 456 317 588 381; baseline 0.023 -3"><span class='ocrx_word' id='word_1_1' title='bbox 456 317 588 381; x_wconf 68' lang='grc' dir='ltr'><strong>ἳίὲἓτ</strong></span> 
     </span>
    </p>
   </div>
   <div class='ocr_carea' id='block_1_2' title="bbox 1774 337 2402 402">
    <p class='ocr_par' dir='ltr' id='par_1_2' title="bbox 1774 337 2402 402">
     <span class='ocr_line' id='line_1_2' title="bbox 1774 337 2402 402; baseline 0.011 -6"><span class='ocrx_word' id='word_1_2' title='bbox 1774 337 2086 400; x_wconf 71' lang='grc' dir='ltr'><strong>ΡΙῖΓΜῖΟΙἾ</strong></span> <span class='ocrx_word' id='word_1_3' title='bbox 2105 342 2123 399; x_wconf 73' lang='grc'><strong>1</strong></span> <span class='ocrx_word' id='word_1_4' title='bbox 2163 343 2402 402; x_wconf 69' lang='grc' dir='ltr'><strong>ΟΛΖΕΙ</strong></span> 
     </span>
    </p>
   </div>
   <div class='ocr_carea' id='block_1_3' title="bbox 3593 357 3739 420">
    <p class='ocr_par' dir='ltr' id='par_1_3' title="bbox 3593 357 3739 420">
     <span class='ocr_line' id='line_1_3' title="bbox 3593 357 3739 420; baseline -0.014 0"><span class='ocrx_word' id='word_1_5' title='bbox 3593 357 3739 420; x_wconf 65' lang='lat' dir='ltr'><strong>122i</strong></span> 
     </span>
    </p>
   </div>
   <div class='ocr_carea' id='block_1_4' title="bbox 451 434 2000 543">
    <p class='ocr_par' dir='ltr' id='par_1_4' title="bbox 451 434 1998 514">
     <span class='ocr_line' id='line_1_4' title="bbox 451 434 1998 514; baseline 0.012 -26"><span class='ocrx_word' id='word_1_6' title='bbox 451 434 505 488; x_wconf 87' lang='lat' dir='ltr'><strong>in</strong></span> <span class='ocrx_word' id='word_1_7' title='bbox 537 435 726 500; x_wconf 89' lang='lat' dir='ltr'><strong>Deum,</strong></span> <span class='ocrx_word' id='word_1_8' title='bbox 758 452 863 508; x_wconf 85' lang='lat' dir='ltr'><strong>qua</strong></span> <span class='ocrx_word' id='word_1_9' title='bbox 897 437 1050 494; x_wconf 86' lang='lat' dir='ltr'><strong>illum</strong></span> <span class='ocrx_word' id='word_1_10' title='bbox 1085 441 1313 511; x_wconf 81' lang='lat' dir='ltr'><strong>justitize</strong></span> <span class='ocrx_word' id='word_1_11' title='bbox 1357 447 1616 514; x_wconf 74' lang='lat' dir='ltr'><strong>Oper-ibus</strong></span> <span class='ocrx_word' id='word_1_12' title='bbox 1657 447 1998 506; x_wconf 81' lang='lat' dir='ltr'><strong>bonoramns</strong></span> 
     </span>
    </p>
   </div>
   <div class='ocr_carea' id='block_1_5' title="bbox 2108 434 3739 543">
    <p class='ocr_par' dir='ltr' id='par_1_5' title="bbox 2129 455 3739 543">
     <span class='ocr_line' id='line_1_5' title="bbox 2129 455 3739 543; baseline 0.014 -39"><span class='ocrx_word' id='word_1_13' title='bbox 2129 455 2250 506; x_wconf 77' lang='grc' dir='ltr'>δεια</span> <span class='ocrx_word' id='word_1_14' title='bbox 2281 455 2337 508; x_wconf 79' lang='grc' dir='ltr'>δὲ</span> <span class='ocrx_word' id='word_1_15' title='bbox 2372 457 2450 520; x_wconf 80' lang='grc' dir='ltr'><strong>εἰς</strong></span> <span class='ocrx_word' id='word_1_16' title='bbox 2475 457 2629 522; x_wconf 70' lang='grc' dir='ltr'>Θεὸν,</span> <span class='ocrx_word' id='word_1_17' title='bbox 2655 460 2688 528; x_wconf 70' lang='grc' dir='ltr'>ἦ</span> <span class='ocrx_word' id='word_1_18' title='bbox 2721 461 2837 513; x_wconf 84' lang='grc' dir='ltr'>ἐστι</span> <span class='ocrx_word' id='word_1_19' title='bbox 2870 463 2926 514; x_wconf 73' lang='grc' dir='ltr'>τὸ</span> <span class='ocrx_word' id='word_1_20' title='bbox 2951 461 3140 516; x_wconf 83' lang='grc' dir='ltr'>τοῦτον</span> <span class='ocrx_word' id='word_1_21' title='bbox 3159 465 3340 535; x_wconf 77' lang='grc' dir='ltr'>ἔργοις</span> <span class='ocrx_word' id='word_1_22' title='bbox 3369 469 3739 543; x_wconf 77' lang='grc' dir='ltr'><strong>δικαιοσύνης</strong></span> 
     </span>
    </p>
   </div>
   <div class='ocr_carea' id='block_1_6' title="bbox 447 528 2023 612">
    <p class='ocr_par' dir='ltr' id='par_1_6' title="bbox 447 528 2023 612">
     <span class='ocr_line' id='line_1_6' title="bbox 447 528 2023 612; baseline 0.01 -30"><span class='ocrx_word' id='word_1_23' title='bbox 447 535 535 582; x_wconf 82' lang='lat' dir='ltr'><strong>est</strong></span> <span class='ocrx_word' id='word_1_24' title='bbox 565 528 899 598; x_wconf 80' lang='lat' dir='ltr'><strong>principium</strong></span> <span class='ocrx_word' id='word_1_25' title='bbox 937 533 1336 604; x_wconf 62' lang='lat' dir='ltr'><strong>intelligentiae,</strong></span> <span class='ocrx_word' id='word_1_26' title='bbox 1363 539 1507 606; x_wconf 87' lang='lat' dir='ltr'><strong>quod</strong></span> <span class='ocrx_word' id='word_1_27' title='bbox 1540 551 1646 603; x_wconf 91' lang='lat' dir='ltr'><strong>cst,</strong></span> <span class='ocrx_word' id='word_1_28' title='bbox 1685 543 1926 612; x_wconf 77' lang='lat' dir='ltr'><strong>Optimus</strong></span> <span class='ocrx_word' id='word_1_29' title='bbox 1959 547 2023 597; x_wconf 86' lang='lat' dir='ltr'><strong>il-</strong></span> 
     </span>
    </p>
   </div>
   <div class='ocr_carea' id='block_1_7' title="bbox 445 621 2022 704">
    <p class='ocr_par' dir='ltr' id='par_1_7' title="bbox 445 621 2022 704">
     <span class='ocr_line' id='line_1_7' title="bbox 445 621 2022 704; baseline 0.013 -30"><span class='ocrx_word' id='word_1_30' title='bbox 445 621 554 677; x_wconf 89' lang='lat' dir='ltr'><strong>lius</strong></span> <span class='ocrx_word' id='word_1_31' title='bbox 579 624 892 680; x_wconf 74' lang='lat' dir='ltr'><strong>Voluntates</strong></span> <span class='ocrx_word' id='word_1_32' title='bbox 925 632 1206 698; x_wconf 76' lang='lat' dir='ltr'><strong>operando</strong></span> <span class='ocrx_word' id='word_1_33' title='bbox 1242 649 1604 704; x_wconf 75' lang='lat' dir='ltr'><strong>cognoscere.</strong></span> <span class='ocrx_word' id='word_1_34' title='bbox 1637 637 1836 696; x_wconf 79' lang='lat' dir='ltr'><strong>Praxis</strong></span> <span class='ocrx_word' id='word_1_35' title='bbox 1873 643 2022 695; x_wconf 81' lang='lat' dir='ltr'><strong>enim</strong></span> 
     </span>
    </p>
   </div>
   <div class='ocr_carea' id='block_1_8' title="bbox 441 714 2023 798">
    <p class='ocr_par' dir='ltr' id='par_1_8' title="bbox 441 714 2023 798">
     <span class='ocr_line' id='line_1_8' title="bbox 441 714 2023 798; baseline 0.013 -31"><span class='ocrx_word' id='word_1_36' title='bbox 441 714 828 770; x_wconf 85' lang='lat' dir='ltr'><strong>mandatorum</strong></span> <span class='ocrx_word' id='word_1_37' title='bbox 856 718 971 783; x_wconf 88' lang='lat' dir='ltr'><strong>Dei,</strong></span> <span class='ocrx_word' id='word_1_38' title='bbox 1004 719 1421 780; x_wconf 72' lang='lat' dir='ltr'><strong>fundamentum</strong></span> <span class='ocrx_word' id='word_1_39' title='bbox 1437 739 1521 782; x_wconf 87' lang='lat' dir='ltr'><strong>est</strong></span> <span class='ocrx_word' id='word_1_40' title='bbox 1550 729 1777 784; x_wconf 73' lang='lat' dir='ltr'><strong>tlieoriua</strong></span> <span class='ocrx_word' id='word_1_41' title='bbox 1805 747 2023 798; x_wconf 88' lang='lat' dir='ltr'><strong>eorum,</strong></span> 
     </span>
    </p>
   </div>
   <div class='ocr_carea' id='block_1_9' title="bbox 2137 549 3739 633">
    <p class='ocr_par' dir='ltr' id='par_1_9' title="bbox 2137 549 3739 633">
     <span class='ocr_line' id='line_1_9' title="bbox 2137 549 3739 633; baseline 0.012 -35"><span class='ocrx_word' id='word_1_42' title='bbox 2137 550 2323 618; x_wconf 77' lang='grc' dir='ltr'>τιμᾷν,</span> <span class='ocrx_word' id='word_1_43' title='bbox 2353 549 2496 620; x_wconf 78' lang='grc' dir='ltr'>ἀρχὴ</span> <span class='ocrx_word' id='word_1_44' title='bbox 2529 551 2762 624; x_wconf 80' lang='grc' dir='ltr'><strong>ὑπάρχει</strong></span> <span class='ocrx_word' id='word_1_45' title='bbox 2790 555 3120 624; x_wconf 75' lang='grc' dir='ltr'>αἰσθήσεως,</span> <span class='ocrx_word' id='word_1_46' title='bbox 3149 558 3182 627; x_wconf 73' lang='grc' dir='ltr'>ἦ</span> <span class='ocrx_word' id='word_1_47' title='bbox 3216 561 3328 612; x_wconf 80' lang='grc' dir='ltr'>ἐστι</span> <span class='ocrx_word' id='word_1_48' title='bbox 3355 564 3502 615; x_wconf 77' lang='grc' dir='ltr'>κατᾶ</span> <span class='ocrx_word' id='word_1_49' title='bbox 3525 567 3739 633; x_wconf 79' lang='grc' dir='ltr'>πεῖραν</span> 
     </span>
    </p>
   </div>
   <div class='ocr_carea' id='block_1_10' title="bbox 2136 637 3738 728">
    <p class='ocr_par' dir='ltr' id='par_1_10' title="bbox 2136 637 3738 728">
     <span class='ocr_line' id='line_1_10' title="bbox 2136 637 3738 728; baseline 0.014 -41"><span class='ocrx_word' id='word_1_50' title='bbox 2136 637 2336 704; x_wconf 77' lang='grc' dir='ltr'>γνῶσις</span> <span class='ocrx_word' id='word_1_51' title='bbox 2383 640 2493 692; x_wconf 87' lang='grc' dir='ltr'>τῶν</span> <span class='ocrx_word' id='word_1_52' title='bbox 2531 645 2872 712; x_wconf 76' lang='grc' dir='ltr'><strong>¹στι-αναγόιθων</strong></span> <span class='ocrx_word' id='word_1_53' title='bbox 2926 646 3248 716; x_wconf 84' lang='grc' dir='ltr'>θελημάτων</span> <span class='ocrx_word' id='word_1_54' title='bbox 3295 653 3505 706; x_wconf 75' lang='grc' dir='ltr'>αὐτοῦ·</span> <span class='ocrx_word' id='word_1_55' title='bbox 3535 657 3571 724; x_wconf 86' lang='grc' dir='ltr'><strong>ή</strong></span> <span class='ocrx_word' id='word_1_56' title='bbox 3618 657 3738 728; x_wconf 77' lang='grc' dir='ltr'>γὰρ</span> 
     </span>
    </p>
   </div>
   <div class='ocr_carea' id='block_1_11' title="bbox 2135 729 3735 813">
    <p class='ocr_par' dir='ltr' id='par_1_11' title="bbox 2135 729 3735 813">
     <span class='ocr_line' id='line_1_11' title="bbox 2135 729 3735 813; baseline 0.014 -33"><span class='ocrx_word' id='word_1_57' title='bbox 2135 729 2335 798; x_wconf 74' lang='grc' dir='ltr'>πρᾶξις</span> <span class='ocrx_word' id='word_1_58' title='bbox 2389 733 2498 788; x_wconf 87' lang='grc' dir='ltr'>τῶν</span> <span class='ocrx_word' id='word_1_59' title='bbox 2536 734 2631 786; x_wconf 83' lang='grc' dir='ltr'><strong>τοῦ</strong></span> <span class='ocrx_word' id='word_1_60' title='bbox 2673 735 2810 803; x_wconf 39' lang='grc' dir='ltr'><strong>Θιεοῦ</strong></span> <span class='ocrx_word' id='word_1_61' title='bbox 2858 737 3112 801; x_wconf 79' lang='grc' dir='ltr'><strong>ἐντολῶν,</strong></span> <span class='ocrx_word' id='word_1_62' title='bbox 3149 741 3402 807; x_wconf 76' lang='grc' dir='ltr'>ὲπίδασις</span> <span class='ocrx_word' id='word_1_63' title='bbox 3448 745 3553 813; x_wconf 78' lang='grc' dir='ltr'>τῆς</span> <span class='ocrx_word' id='word_1_64' title='bbox 3586 747 3735 802; x_wconf 86' lang='grc' dir='ltr'>θεω-</span> 
     </span>
    </p>
   </div>
   <div class='ocr_carea' id='block_1_12' title="bbox 439 807 2000 910">
    <p class='ocr_par' dir='ltr' id='par_1_12' title="bbox 439 807 1998 894">
     <span class='ocr_line' id='line_1_12' title="bbox 439 807 1998 894; baseline 0.013 -36"><span class='ocrx_word' id='word_1_65' title='bbox 439 818 702 862; x_wconf 85' lang='lat' dir='ltr'><strong>sermone</strong></span> <span class='ocrx_word' id='word_1_66' title='bbox 730 807 1006 865; x_wconf 84' lang='lat' dir='ltr'><strong>didactico</strong></span> <span class='ocrx_word' id='word_1_67' title='bbox 1035 828 1132 880; x_wconf 82' lang='lat' dir='ltr'><strong>pro</strong></span> <span class='ocrx_word' id='word_1_68' title='bbox 1155 817 1312 884; x_wconf 81' lang='lat' dir='ltr'><strong>praxi</strong></span> <span class='ocrx_word' id='word_1_69' title='bbox 1335 821 1748 888; x_wconf 75' lang='lat' dir='ltr'><strong>expositorum,</strong></span> <span class='ocrx_word' id='word_1_70' title='bbox 1783 823 1878 877; x_wconf 88' lang='lat' dir='ltr'><strong>sed</strong></span> <span class='ocrx_word' id='word_1_71' title='bbox 1898 839 1998 894; x_wconf 91' lang='lat' dir='ltr'><strong>pos</strong></span> 
     </span>
    </p>
   </div>
   <div class='ocr_carea' id='block_1_13' title="bbox 2108 807 3736 910">
    <p class='ocr_par' dir='ltr' id='par_1_13' title="bbox 2136 807 3736 904">
     <span class='ocr_line' id='line_1_13' title="bbox 2136 807 3736 904; baseline 0.013 -32"><span class='ocrx_word' id='word_1_72' title='bbox 2136 821 2254 890; x_wconf 85' lang='grc' dir='ltr'>ρίας</span> <span class='ocrx_word' id='word_1_73' title='bbox 2285 821 2494 876; x_wconf 79' lang='grc' dir='ltr'>τούτων</span> <span class='ocrx_word' id='word_1_74' title='bbox 2525 826 2694 891; x_wconf 74' lang='grc' dir='ltr'>ἐστὶν,</span> <span class='ocrx_word' id='word_1_75' title='bbox 2729 828 3123 900; x_wconf 79' lang='grc' dir='ltr'><strong>ἱστορηθέντων</strong></span> <span class='ocrx_word' id='word_1_76' title='bbox 3153 832 3254 900; x_wconf 81' lang='grc' dir='ltr'>μὲν</span> <span class='ocrx_word' id='word_1_77' title='bbox 3291 833 3438 904; x_wconf 83' lang='grc' dir='ltr'>λόγῳ</span> <span class='ocrx_word' id='word_1_78' title='bbox 3463 807 3736 892; x_wconf 72' lang='grc' dir='ltr'>διδασκα-</span> 
     </span>
    </p>
   </div>
   <div class='ocr_carea' id='block_1_14' title="bbox 439 899 1772 982">
    <p class='ocr_par' dir='ltr' id='par_1_14' title="bbox 439 899 1772 982">
     <span class='ocr_line' id='line_1_14' title="bbox 439 899 1772 982; baseline 0.015 -30"><span class='ocrx_word' id='word_1_79' title='bbox 439 899 679 968; x_wconf 79' lang='lat' dir='ltr'><strong>praxim,</strong></span> <span class='ocrx_word' id='word_1_80' title='bbox 713 901 926 959; x_wconf 78' lang='lat' dir='ltr'><strong>visione</strong></span> <span class='ocrx_word' id='word_1_81' title='bbox 955 905 1358 975; x_wconf 89' lang='lat' dir='ltr'><strong>perfectissima</strong></span> <span class='ocrx_word' id='word_1_82' title='bbox 1395 912 1772 982; x_wconf 79' lang='lat' dir='ltr'><strong>cognitorum.</strong></span> 
     </span>
    </p>
   </div>
   <div class='ocr_carea' id='block_1_15' title="bbox 507 1081 2020 1162">
    <p class='ocr_par' dir='ltr' id='par_1_15' title="bbox 507 1081 2020 1162">
     <span class='ocr_line' id='line_1_15' title="bbox 507 1081 2020 1162; baseline 0.009 -26"><span class='ocrx_word' id='word_1_83' title='bbox 507 1081 840 1151; x_wconf 75' lang='lat' dir='ltr'><strong>Sapientiam</strong></span> <span class='ocrx_word' id='word_1_84' title='bbox 884 1092 936 1138; x_wconf 83' lang='lat' dir='ltr'><strong>et</strong></span> <span class='ocrx_word' id='word_1_85' title='bbox 982 1084 1286 1142; x_wconf 75' lang='lat' dir='ltr'><strong>doctrinam</strong></span> <span class='ocrx_word' id='word_1_86' title='bbox 1325 1089 1486 1144; x_wconf 80' lang='lat' dir='ltr'><strong>stulti</strong></span> <span class='ocrx_word' id='word_1_87' title='bbox 1533 1090 1856 1162; x_wconf 84' lang='lat' dir='ltr'><strong>despiciunt.</strong></span> <span class='ocrx_word' id='word_1_88' title='bbox 1914 1094 2020 1148; x_wconf 84' lang='lat' dir='ltr'><strong>Sa-</strong></span> 
     </span>
    </p>
   </div>
   <div class='ocr_carea' id='block_1_16' title="bbox 434 1174 2016 1248">
    <p class='ocr_par' dir='ltr' id='par_1_16' title="bbox 434 1174 2016 1248">
     <span class='ocr_line' id='line_1_16' title="bbox 434 1174 2016 1248; baseline 0.006 -20"><span class='ocrx_word' id='word_1_89' title='bbox 434 1174 698 1244; x_wconf 87' lang='lat' dir='ltr'><strong>pientiam</strong></span> <span class='ocrx_word' id='word_1_90' title='bbox 743 1185 957 1244; x_wconf 88' lang='lat' dir='ltr'><strong>autem,</strong></span> <span class='ocrx_word' id='word_1_91' title='bbox 1003 1194 1126 1248; x_wconf 61' lang='lat' dir='ltr'><strong>quae</strong></span> <span class='ocrx_word' id='word_1_92' title='bbox 1167 1178 1352 1235; x_wconf 83' lang='lat' dir='ltr'><strong>lumen</strong></span> <span class='ocrx_word' id='word_1_93' title='bbox 1382 1183 1583 1238; x_wconf 74' lang='lat' dir='ltr'><strong>animae</strong></span> <span class='ocrx_word' id='word_1_94' title='bbox 1623 1192 1677 1238; x_wconf 90' lang='lat' dir='ltr'><strong>et</strong></span> <span class='ocrx_word' id='word_1_95' title='bbox 1709 1185 2016 1240; x_wconf 84' lang='lat' dir='ltr'><strong>secundum</strong></span> 
     </span>
    </p>
   </div>
   <div class='ocr_carea' id='block_1_17' title="bbox 435 1267 2016 1345">
    <p class='ocr_par' dir='ltr' id='par_1_17' title="bbox 435 1267 2016 1345">
     <span class='ocr_line' id='line_1_17' title="bbox 435 1267 2016 1345; baseline 0.008 -24"><span class='ocrx_word' id='word_1_96' title='bbox 435 1267 606 1324; x_wconf 81' lang='lat' dir='ltr'><strong>Deum</strong></span> <span class='ocrx_word' id='word_1_97' title='bbox 654 1269 939 1338; x_wconf 74' lang='lat' dir='ltr'><strong>perfectio,</strong></span> <span class='ocrx_word' id='word_1_98' title='bbox 979 1282 1033 1326; x_wconf 90' lang='lat' dir='ltr'><strong>et</strong></span> <span class='ocrx_word' id='word_1_99' title='bbox 1079 1273 1410 1339; x_wconf 83' lang='lat' dir='ltr'><strong>doctrinam,</strong></span> <span class='ocrx_word' id='word_1_100' title='bbox 1455 1290 1576 1345; x_wconf 72' lang='lat' dir='ltr'><strong>qua:</strong></span> <span class='ocrx_word' id='word_1_101' title='bbox 1624 1278 1822 1332; x_wconf 64' lang='lat' dir='ltr'><strong>anima:</strong></span> <span class='ocrx_word' id='word_1_102' title='bbox 1864 1277 2016 1333; x_wconf 89' lang='lat' dir='ltr'><strong>utilis</strong></span> 
     </span>
    </p>
   </div>
   <div class='ocr_carea' id='block_1_18' title="bbox 433 1362 2015 1438">
    <p class='ocr_par' dir='ltr' id='par_1_18' title="bbox 433 1362 2015 1438">
     <span class='ocr_line' id='line_1_18' title="bbox 433 1362 2015 1438; baseline 0.005 -24"><span class='ocrx_word' id='word_1_103' title='bbox 433 1363 732 1428; x_wconf 80' lang='lat' dir='ltr'><strong>institutio,</strong></span> <span class='ocrx_word' id='word_1_104' title='bbox 775 1362 924 1418; x_wconf 84' lang='lat' dir='ltr'><strong>illam</strong></span> <span class='ocrx_word' id='word_1_105' title='bbox 953 1365 1236 1420; x_wconf 83' lang='lat' dir='ltr'><strong>laboriose</strong></span> <span class='ocrx_word' id='word_1_106' title='bbox 1269 1381 1298 1418; x_wconf 87' lang='lat' dir='ltr'><strong>a</strong></span> <span class='ocrx_word' id='word_1_107' title='bbox 1332 1367 1562 1422; x_wconf 85' lang='lat' dir='ltr'><strong>maculis</strong></span> <span class='ocrx_word' id='word_1_108' title='bbox 1585 1367 1888 1438; x_wconf 84' lang='lat' dir='ltr'><strong>impietatis</strong></span> <span class='ocrx_word' id='word_1_109' title='bbox 1913 1385 2015 1438; x_wconf 85' lang='lat' dir='ltr'><strong>pu-</strong></span> 
     </span>
    </p>
   </div>
   <div class='ocr_carea' id='block_1_19' title="bbox 427 1457 2013 1531">
    <p class='ocr_par' dir='ltr' id='par_1_19' title="bbox 427 1457 2013 1531">
     <span class='ocr_line' id='line_1_19' title="bbox 427 1457 2013 1531; baseline 0.005 -22"><span class='ocrx_word' id='word_1_110' title='bbox 427 1457 678 1520; x_wconf 83' lang='lat' dir='ltr'><strong>riﬂcans,</strong></span> <span class='ocrx_word' id='word_1_111' title='bbox 710 1458 940 1512; x_wconf 90' lang='lat' dir='ltr'><strong>omnino</strong></span> <span class='ocrx_word' id='word_1_112' title='bbox 971 1458 1317 1529; x_wconf 76' lang='lat' dir='ltr'><strong>deSpiciunt,</strong></span> <span class='ocrx_word' id='word_1_113' title='bbox 1346 1460 1442 1530; x_wconf 88' lang='lat' dir='ltr'><strong>qui</strong></span> <span class='ocrx_word' id='word_1_114' title='bbox 1480 1462 1745 1531; x_wconf 82' lang='lat' dir='ltr'><strong>Operibus</strong></span> <span class='ocrx_word' id='word_1_115' title='bbox 1777 1462 2013 1530; x_wconf 68' lang='lat' dir='ltr'><strong>justitiaa</strong></span> 
     </span>
    </p>
   </div>
   <div class='ocr_carea' id='block_1_20' title="bbox 428 1548 2009 1618">
    <p class='ocr_par' dir='ltr' id='par_1_20' title="bbox 428 1548 2009 1618">
     <span class='ocr_line' id='line_1_20' title="bbox 428 1548 2009 1618; baseline 0.004 -16"><span class='ocrx_word' id='word_1_116' title='bbox 428 1548 600 1605; x_wconf 89' lang='lat' dir='ltr'><strong>Deum</strong></span> <span class='ocrx_word' id='word_1_117' title='bbox 632 1565 741 1604; x_wconf 89' lang='lat' dir='ltr'><strong>non</strong></span> <span class='ocrx_word' id='word_1_118' title='bbox 765 1551 992 1617; x_wconf 87' lang='lat' dir='ltr'><strong>colunt;</strong></span> <span class='ocrx_word' id='word_1_119' title='bbox 1020 1551 1094 1604; x_wconf 88' lang='lat' dir='ltr'><strong>ita</strong></span> <span class='ocrx_word' id='word_1_120' title='bbox 1124 1559 1183 1606; x_wconf 92' lang='lat' dir='ltr'><strong>ut</strong></span> <span class='ocrx_word' id='word_1_121' title='bbox 1213 1567 1315 1608; x_wconf 89' lang='lat' dir='ltr'><strong>nec</strong></span> <span class='ocrx_word' id='word_1_122' title='bbox 1347 1553 1439 1607; x_wconf 88' lang='lat' dir='ltr'><strong>Dei</strong></span> <span class='ocrx_word' id='word_1_123' title='bbox 1476 1554 1754 1608; x_wconf 90' lang='lat' dir='ltr'><strong>minarum</strong></span> <span class='ocrx_word' id='word_1_124' title='bbox 1785 1555 2009 1618; x_wconf 87' lang='lat' dir='ltr'><strong>timore,</strong></span> 
     </span>
    </p>
   </div>
   <div class='ocr_carea' id='block_1_21' title="bbox 425 1642 2007 1713">
    <p class='ocr_par' dir='ltr' id='par_1_21' title="bbox 425 1642 2007 1713">
     <span class='ocr_line' id='line_1_21' title="bbox 425 1642 2007 1713; baseline 0.001 -14"><span class='ocrx_word' id='word_1_125' title='bbox 425 1659 531 1699; x_wconf 82' lang='lat' dir='ltr'><strong>nec</strong></span> <span class='ocrx_word' id='word_1_126' title='bbox 576 1642 856 1698; x_wconf 87' lang='lat' dir='ltr'><strong>desiderio</strong></span> <span class='ocrx_word' id='word_1_127' title='bbox 892 1643 1324 1713; x_wconf 87' lang='lat' dir='ltr'><strong>promissionum</strong></span> <span class='ocrx_word' id='word_1_128' title='bbox 1383 1645 1553 1712; x_wconf 85' lang='lat' dir='ltr'><strong>illius,</strong></span> <span class='ocrx_word' id='word_1_129' title='bbox 1611 1662 1716 1702; x_wconf 86' lang='lat' dir='ltr'><strong>nec</strong></span> <span class='ocrx_word' id='word_1_130' title='bbox 1772 1645 1829 1700; x_wconf 88' lang='lat' dir='ltr'><strong>in</strong></span> <span class='ocrx_word' id='word_1_131' title='bbox 1881 1663 2007 1701; x_wconf 90' lang='lat' dir='ltr'><strong>cum</strong></span> 
     </span>
    </p>
   </div>
   <div class='ocr_carea' id='block_1_22' title="bbox 428 1733 2009 1806">
    <p class='ocr_par' dir='ltr' id='par_1_22' title="bbox 428 1733 2009 1806">
     <span class='ocr_line' id='line_1_22' title="bbox 428 1733 2009 1806; baseline 0.003 -20"><span class='ocrx_word' id='word_1_132' title='bbox 428 1733 729 1787; x_wconf 84' lang='lat' dir='ltr'><strong>dilectione</strong></span> <span class='ocrx_word' id='word_1_133' title='bbox 775 1740 1040 1804; x_wconf 87' lang='lat' dir='ltr'><strong>tanquam</strong></span> <span class='ocrx_word' id='word_1_134' title='bbox 1080 1734 1334 1789; x_wconf 81' lang='lat' dir='ltr'><strong>beneficii</strong></span> <span class='ocrx_word' id='word_1_135' title='bbox 1382 1743 1621 1804; x_wconf 81' lang='lat' dir='ltr'><strong>patrem,</strong></span> <span class='ocrx_word' id='word_1_136' title='bbox 1662 1751 1726 1789; x_wconf 87' lang='lat' dir='ltr'><strong>ea</strong></span> <span class='ocrx_word' id='word_1_137' title='bbox 1759 1752 1883 1806; x_wconf 73' lang='lat' dir='ltr'><strong>qua:</strong></span> <span class='ocrx_word' id='word_1_138' title='bbox 1913 1745 2009 1790; x_wconf 89' lang='lat' dir='ltr'><strong>aut</strong></span> 
     </span>
    </p>
   </div>
   <div class='ocr_carea' id='block_1_23' title="bbox 2131 911 3734 1001">
    <p class='ocr_par' dir='ltr' id='par_1_23' title="bbox 2131 911 3734 1001">
     <span class='ocr_line' id='line_1_23' title="bbox 2131 911 3734 1001; baseline 0.014 -39"><span class='ocrx_word' id='word_1_139' title='bbox 2131 911 2266 981; x_wconf 83' lang='grc' dir='ltr'>λικῷ</span> <span class='ocrx_word' id='word_1_140' title='bbox 2312 915 2419 984; x_wconf 78' lang='grc' dir='ltr'>πρὸ</span> <span class='ocrx_word' id='word_1_141' title='bbox 2467 916 2568 985; x_wconf 85' lang='grc' dir='ltr'>τῆς</span> <span class='ocrx_word' id='word_1_142' title='bbox 2615 916 2888 986; x_wconf 81' lang='grc' dir='ltr'>πράξεως,</span> <span class='ocrx_word' id='word_1_143' title='bbox 2939 922 3292 988; x_wconf 79' lang='grc' dir='ltr'><strong>γνωσθέντων</strong></span> <span class='ocrx_word' id='word_1_144' title='bbox 3341 924 3398 978; x_wconf 84' lang='grc' dir='ltr'>δὲ</span> <span class='ocrx_word' id='word_1_145' title='bbox 3448 928 3595 996; x_wconf 75' lang='grc' dir='ltr'>μετὰ</span> <span class='ocrx_word' id='word_1_146' title='bbox 3623 929 3734 1001; x_wconf 74' lang='grc' dir='ltr'>τὴν</span> 
     </span>
    </p>
   </div>
   <div class='ocr_carea' id='block_1_24' title="bbox 2129 1002 3144 1080">
    <p class='ocr_par' dir='ltr' id='par_1_24' title="bbox 2129 1002 3144 1080">
     <span class='ocr_line' id='line_1_24' title="bbox 2129 1002 3144 1080; baseline 0.012 -25"><span class='ocrx_word' id='word_1_147' title='bbox 2129 1002 2331 1074; x_wconf 76' lang='grc' dir='ltr'>πρᾶξιν</span> <span class='ocrx_word' id='word_1_148' title='bbox 2353 1005 2472 1058; x_wconf 85' lang='grc' dir='ltr'>κατ’</span> <span class='ocrx_word' id='word_1_149' title='bbox 2499 1008 2763 1076; x_wconf 68' lang='grc' dir='ltr'>αὑτοῲίαν</span> <span class='ocrx_word' id='word_1_150' title='bbox 2793 1011 3144 1080; x_wconf 77' lang='grc' dir='ltr'>τελεώτερον.</span> 
     </span>
    </p>
   </div>
   <div class='ocr_carea' id='block_1_25' title="bbox 2194 1095 3726 1174">
    <p class='ocr_par' dir='ltr' id='par_1_25' title="bbox 2194 1095 3726 1174">
     <span class='ocr_line' id='line_1_25' title="bbox 2194 1095 3726 1174; baseline 0.009 -24"><span class='ocrx_word' id='word_1_151' title='bbox 2194 1095 2426 1163; x_wconf 72' lang='grc' dir='ltr'>Σοφίαν</span> <span class='ocrx_word' id='word_1_152' title='bbox 2454 1095 2522 1149; x_wconf 83' lang='grc' dir='ltr'>δὲ</span> <span class='ocrx_word' id='word_1_153' title='bbox 2555 1097 2653 1150; x_wconf 80' lang='grc' dir='ltr'>καὶ</span> <span class='ocrx_word' id='word_1_154' title='bbox 2690 1099 2968 1154; x_wconf 70' lang='grc' dir='ltr'>παιδείαν</span> <span class='ocrx_word' id='word_1_155' title='bbox 2999 1103 3238 1171; x_wconf 75' lang='grc' dir='ltr'>ἀσεϐεῖς</span> <span class='ocrx_word' id='word_1_156' title='bbox 3269 1105 3726 1174; x_wconf 76' lang='grc' dir='ltr'>ἐξουθενήσσυ-</span> 
     </span>
    </p>
   </div>
   <div class='ocr_carea' id='block_1_26' title="bbox 2125 1188 3730 1271">
    <p class='ocr_par' dir='ltr' id='par_1_26' title="bbox 2125 1188 3730 1271">
     <span class='ocr_line' id='line_1_26' title="bbox 2125 1188 3730 1271; baseline 0.01 -33"><span class='ocrx_word' id='word_1_157' title='bbox 2125 1200 2250 1241; x_wconf 83' lang='grc' dir='ltr'>σιν.</span> <span class='ocrx_word' id='word_1_158' title='bbox 2309 1188 2508 1256; x_wconf 86' lang='grc' dir='ltr'>Σοφίαν</span> <span class='ocrx_word' id='word_1_159' title='bbox 2553 1189 2630 1250; x_wconf 76' lang='grc' dir='ltr'><strong>δὲ.</strong></span> <span class='ocrx_word' id='word_1_160' title='bbox 2669 1193 2702 1263; x_wconf 70' lang='grc' dir='ltr'><strong>ἥ</strong></span> <span class='ocrx_word' id='word_1_161' title='bbox 2746 1193 3029 1264; x_wconf 83' lang='grc' dir='ltr'>φωτισμός</span> <span class='ocrx_word' id='word_1_162' title='bbox 3077 1195 3194 1249; x_wconf 76' lang='grc' dir='ltr'>ἐστι</span> <span class='ocrx_word' id='word_1_163' title='bbox 3237 1201 3338 1268; x_wconf 78' lang='grc' dir='ltr'><strong>τῆς</strong></span> <span class='ocrx_word' id='word_1_164' title='bbox 3385 1200 3593 1271; x_wconf 77' lang='grc' dir='ltr'>ψυχῆς.</span> <span class='ocrx_word' id='word_1_165' title='bbox 3626 1203 3730 1255; x_wconf 68' lang='grc' dir='ltr'>καὶ</span> 
     </span>
    </p>
   </div>
   <div class='ocr_carea' id='block_1_27' title="bbox 2124 1269 3777 1364">
    <p class='ocr_par' dir='ltr' id='par_1_27' title="bbox 2124 1269 3777 1364">
     <span class='ocr_line' id='line_1_27' title="bbox 2124 1269 3777 1364; baseline 0.011 -35"><span class='ocrx_word' id='word_1_166' title='bbox 2124 1278 2266 1330; x_wconf 87' lang='grc' dir='ltr'>κατὰ</span> <span class='ocrx_word' id='word_1_167' title='bbox 2312 1278 2445 1332; x_wconf 65' lang='grc' dir='ltr'>Θεὸν</span> <span class='ocrx_word' id='word_1_168' title='bbox 2495 1281 2805 1347; x_wconf 79' lang='grc' dir='ltr'>τελείωσιςο</span> <span class='ocrx_word' id='word_1_169' title='bbox 2855 1287 2952 1338; x_wconf 81' lang='grc' dir='ltr'>καὶ</span> <span class='ocrx_word' id='word_1_170' title='bbox 3010 1287 3299 1358; x_wconf 83' lang='grc' dir='ltr'>παιδείαν,</span> <span class='ocrx_word' id='word_1_171' title='bbox 3345 1293 3378 1360; x_wconf 76' lang='grc' dir='ltr'>ἦ</span> <span class='ocrx_word' id='word_1_172' title='bbox 3435 1269 3729 1364; x_wconf 70' lang='grc' dir='ltr'>ὠφέλιμος</span> <span class='ocrx_word' id='word_1_173' title='bbox 3771 1269 3777 1282; x_wconf 38' lang='grc'><strong>⁸</strong></span> 
     </span>
    </p>
   </div>
   <div class='ocr_carea' id='block_1_28' title="bbox 2121 1369 3777 1456">
    <p class='ocr_par' dir='ltr' id='par_1_28' title="bbox 2121 1369 3777 1456">
     <span class='ocr_line' id='line_1_28' title="bbox 2121 1369 3777 1456; baseline 0.011 -37"><span class='ocrx_word' id='word_1_174' title='bbox 2121 1369 2296 1442; x_wconf 86' lang='grc' dir='ltr'>ταύτῃ</span> <span class='ocrx_word' id='word_1_175' title='bbox 2320 1371 2468 1425; x_wconf 70' lang='grc' dir='ltr'>ἐστὶν</span> <span class='ocrx_word' id='word_1_176' title='bbox 2493 1373 2708 1445; x_wconf 83' lang='grc' dir='ltr'>ἀγωγὴ,</span> <span class='ocrx_word' id='word_1_177' title='bbox 2739 1375 3011 1440; x_wconf 74' lang='grc' dir='ltr'>ἐπιπόνως</span> <span class='ocrx_word' id='word_1_178' title='bbox 3051 1379 3162 1432; x_wconf 87' lang='grc' dir='ltr'><strong>τῶν</strong></span> <span class='ocrx_word' id='word_1_179' title='bbox 3189 1381 3297 1434; x_wconf 71' lang='grc' dir='ltr'><strong>ἀπὸ</strong></span> <span class='ocrx_word' id='word_1_180' title='bbox 3327 1384 3532 1448; x_wconf 85' lang='grc' dir='ltr'>κακίας</span> <span class='ocrx_word' id='word_1_181' title='bbox 3569 1387 3731 1456; x_wconf 71' lang='grc' dir='ltr'><strong>κηλεῖ·</strong></span> <span class='ocrx_word' id='word_1_182' title='bbox 3764 1381 3777 1430; x_wconf 69' lang='grc' dir='ltr'><strong>ί</strong></span> 
     </span>
    </p>
   </div>
   <div class='ocr_carea' id='block_1_29' title="bbox 2119 1457 3723 1546">
    <p class='ocr_par' dir='ltr' id='par_1_29' title="bbox 2119 1457 3723 1546">
     <span class='ocr_line' id='line_1_29' title="bbox 2119 1457 3723 1546; baseline 0.011 -36"><span class='ocrx_word' id='word_1_183' title='bbox 2119 1457 2225 1511; x_wconf 87' lang='grc' dir='ltr'>δων</span> <span class='ocrx_word' id='word_1_184' title='bbox 2270 1460 2442 1529; x_wconf 79' lang='grc' dir='ltr'>αὐτὴν</span> <span class='ocrx_word' id='word_1_185' title='bbox 2472 1461 2898 1533; x_wconf 77' lang='grc' dir='ltr'>ἑκκαθαίρουσα,</span> <span class='ocrx_word' id='word_1_186' title='bbox 2928 1466 2977 1518; x_wconf 76' lang='grc' dir='ltr'>οἱ</span> <span class='ocrx_word' id='word_1_187' title='bbox 3027 1466 3208 1537; x_wconf 75' lang='grc' dir='ltr'>ἔργοις</span> <span class='ocrx_word' id='word_1_188' title='bbox 3237 1469 3598 1545; x_wconf 80' lang='grc' dir='ltr'>δικαιοσύνης</span> <span class='ocrx_word' id='word_1_189' title='bbox 3642 1478 3723 1546; x_wconf 82' lang='grc' dir='ltr'>μὴ</span> 
     </span>
    </p>
   </div>
   <div class='ocr_carea' id='block_1_30' title="bbox 2119 1547 3726 1632">
    <p class='ocr_par' dir='ltr' id='par_1_30' title="bbox 2119 1547 3726 1632">
     <span class='ocr_line' id='line_1_30' title="bbox 2119 1547 3726 1632; baseline 0.009 -33"><span class='ocrx_word' id='word_1_190' title='bbox 2119 1547 2385 1628; x_wconf 83' lang='grc' dir='ltr'>τιμῶντες</span> <span class='ocrx_word' id='word_1_191' title='bbox 2426 1548 2581 1615; x_wconf 80' lang='grc' dir='ltr'>Θεὸν,</span> <span class='ocrx_word' id='word_1_192' title='bbox 2630 1552 2748 1605; x_wconf 76' lang='grc' dir='ltr'>ἀντ’</span> <span class='ocrx_word' id='word_1_193' title='bbox 2807 1553 3021 1618; x_wconf 80' lang='grc' dir='ltr'>οὐδενὸς</span> <span class='ocrx_word' id='word_1_194' title='bbox 3063 1554 3392 1623; x_wconf 83' lang='grc' dir='ltr'>λογὶσονται,</span> <span class='ocrx_word' id='word_1_195' title='bbox 3442 1558 3521 1622; x_wconf 86' lang='grc' dir='ltr'>ὡς</span> <span class='ocrx_word' id='word_1_196' title='bbox 3574 1563 3726 1632; x_wconf 83' lang='grc' dir='ltr'>μήτε</span> 
     </span>
    </p>
   </div>
   <div class='ocr_carea' id='block_1_31' title="bbox 2119 1639 3722 1718">
    <p class='ocr_par' dir='ltr' id='par_1_31' title="bbox 2119 1639 3722 1718">
     <span class='ocr_line' id='line_1_31' title="bbox 2119 1639 3722 1718; baseline 0.009 -27"><span class='ocrx_word' id='word_1_197' title='bbox 2119 1639 2270 1710; x_wconf 79' lang='grc' dir='ltr'>φόϐῳ</span> <span class='ocrx_word' id='word_1_198' title='bbox 2304 1640 2414 1693; x_wconf 91' lang='grc' dir='ltr'>τῶν</span> <span class='ocrx_word' id='word_1_199' title='bbox 2445 1641 2637 1695; x_wconf 80' lang='grc' dir='ltr'>τούτου</span> <span class='ocrx_word' id='word_1_200' title='bbox 2681 1643 2942 1707; x_wconf 84' lang='grc' dir='ltr'>ἀπειλῶν,</span> <span class='ocrx_word' id='word_1_201' title='bbox 2979 1647 3114 1716; x_wconf 79' lang='grc' dir='ltr'>μήτε</span> <span class='ocrx_word' id='word_1_202' title='bbox 3161 1646 3314 1718; x_wconf 82' lang='grc' dir='ltr'>πόθῳ</span> <span class='ocrx_word' id='word_1_203' title='bbox 3357 1650 3466 1703; x_wconf 87' lang='grc' dir='ltr'>τῶν</span> <span class='ocrx_word' id='word_1_204' title='bbox 3515 1652 3722 1706; x_wconf 78' lang='grc' dir='ltr'>τούτου</span> 
     </span>
    </p>
   </div>
   <div class='ocr_carea' id='block_1_32' title="bbox 2117 1728 3722 1808">
    <p class='ocr_par' dir='ltr' id='par_1_32' title="bbox 2117 1728 3722 1808">
     <span class='ocr_line' id='line_1_32' title="bbox 2117 1728 3722 1808; baseline 0.012 -27"><span class='ocrx_word' id='word_1_205' title='bbox 2117 1729 2480 1800; x_wconf 79' lang='grc' dir='ltr'>ἐπαγγελιῶν,</span> <span class='ocrx_word' id='word_1_206' title='bbox 2531 1734 2668 1805; x_wconf 79' lang='grc' dir='ltr'>μήτε</span> <span class='ocrx_word' id='word_1_207' title='bbox 2709 1734 2898 1808; x_wconf 81' lang='grc' dir='ltr'>ἀγάπῃ</span> <span class='ocrx_word' id='word_1_208' title='bbox 2945 1740 3011 1806; x_wconf 85' lang='grc' dir='ltr'>τῇ</span> <span class='ocrx_word' id='word_1_209' title='bbox 3042 1737 3179 1808; x_wconf 72' lang='grc' dir='ltr'>πρὸς</span> <span class='ocrx_word' id='word_1_210' title='bbox 3226 1739 3410 1800; x_wconf 76' lang='grc' dir='ltr'>αὑτὸν,</span> <span class='ocrx_word' id='word_1_211' title='bbox 3454 1742 3534 1805; x_wconf 80' lang='grc' dir='ltr'>ὡς</span> <span class='ocrx_word' id='word_1_212' title='bbox 3563 1728 3722 1799; x_wconf 67' lang='grc' dir='ltr'>κατὰ</span> 
     </span>
    </p>
   </div>
   <div class='ocr_carea' id='block_1_33' title="bbox 422 1816 2000 1905">
    <p class='ocr_par' dir='ltr' id='par_1_33' title="bbox 422 1823 2000 1894">
     <span class='ocr_line' id='line_1_33' title="bbox 422 1823 2000 1894; baseline 0.004 -18"><span class='ocrx_word' id='word_1_213' title='bbox 422 1823 630 1887; x_wconf 74' lang='lat' dir='ltr'><strong>servis,</strong></span> <span class='ocrx_word' id='word_1_214' title='bbox 661 1828 754 1876; x_wconf 89' lang='lat' dir='ltr'><strong>aut</strong></span> <span class='ocrx_word' id='word_1_215' title='bbox 791 1823 1170 1890; x_wconf 87' lang='lat' dir='ltr'><strong>mercenariis,</strong></span> <span class='ocrx_word' id='word_1_216' title='bbox 1200 1834 1291 1880; x_wconf 89' lang='lat' dir='ltr'><strong>aut</strong></span> <span class='ocrx_word' id='word_1_217' title='bbox 1321 1824 1450 1880; x_wconf 82' lang='lat' dir='ltr'><strong>filiis</strong></span> <span class='ocrx_word' id='word_1_218' title='bbox 1488 1825 1854 1894; x_wconf 89' lang='lat' dir='ltr'><strong>conveniunt,</strong></span> <span class='ocrx_word' id='word_1_219' title='bbox 1888 1827 2000 1883; x_wconf 91' lang='lat' dir='ltr'><strong>ullo</strong></span> 
     </span>
    </p>
   </div>
   <div class='ocr_carea' id='block_1_34' title="bbox 2108 1816 3719 1905">
    <p class='ocr_par' dir='ltr' id='par_1_34' title="bbox 2108 1821 3719 1905">
     <span class='ocr_line' id='line_1_34' title="bbox 2108 1821 3719 1905; baseline 0.007 -32"><span class='ocrx_word' id='word_1_220' title='bbox 2108 1821 2264 1892; x_wconf 83' lang='grc' dir='ltr'>χάριν</span> <span class='ocrx_word' id='word_1_221' title='bbox 2319 1822 2554 1893; x_wconf 80' lang='grc' dir='ltr'>πατέρα,</span> <span class='ocrx_word' id='word_1_222' title='bbox 2613 1823 2681 1876; x_wconf 83' lang='grc' dir='ltr'>τὰ</span> <span class='ocrx_word' id='word_1_223' title='bbox 2726 1827 2842 1888; x_wconf 84' lang='grc' dir='ltr'>τοῖς</span> <span class='ocrx_word' id='word_1_224' title='bbox 2888 1826 3184 1898; x_wconf 81' lang='grc' dir='ltr'>δούλοις,ῆ</span> <span class='ocrx_word' id='word_1_225' title='bbox 3230 1831 3342 1892; x_wconf 84' lang='grc' dir='ltr'>τοῖς</span> <span class='ocrx_word' id='word_1_226' title='bbox 3377 1832 3646 1900; x_wconf 84' lang='grc' dir='ltr'>μισθίοις,</span> <span class='ocrx_word' id='word_1_227' title='bbox 3683 1835 3719 1905; x_wconf 75' lang='grc' dir='ltr'>ἢ</span> 
     </span>
    </p>
   </div>
   <div class='ocr_carea' id='block_1_35' title="bbox 419 1913 858 1969">
    <p class='ocr_par' dir='ltr' id='par_1_35' title="bbox 419 1913 858 1969">
     <span class='ocr_line' id='line_1_35' title="bbox 419 1913 858 1969; baseline 0.002 -1"><span class='ocrx_word' id='word_1_228' title='bbox 419 1914 598 1968; x_wconf 79' lang='lat' dir='ltr'><strong>modo</strong></span> <span class='ocrx_word' id='word_1_229' title='bbox 631 1913 858 1969; x_wconf 81' lang='lat' dir='ltr'><strong>faciant.</strong></span> 
     </span>
    </p>
   </div>
   <div class='ocr_carea' id='block_1_36' title="bbox 497 2002 2012 2080">
    <p class='ocr_par' dir='ltr' id='par_1_36' title="bbox 497 2002 2012 2080">
     <span class='ocr_line' id='line_1_36' title="bbox 497 2002 2012 2080; baseline 0.007 -25"><span class='ocrx_word' id='word_1_230' title='bbox 497 2002 664 2059; x_wconf 61' lang='lat' dir='ltr'><strong>Vens.</strong></span> <span class='ocrx_word' id='word_1_231' title='bbox 703 2005 756 2070; x_wconf 89' lang='lat'><strong>8,</strong></span> <span class='ocrx_word' id='word_1_232' title='bbox 791 2004 843 2061; x_wconf 88' lang='lat'><strong>9.</strong></span> <span class='ocrx_word' id='word_1_233' title='bbox 879 2005 1046 2074; x_wconf 80' lang='lat' dir='ltr'><strong>Audi,</strong></span> <span class='ocrx_word' id='word_1_234' title='bbox 1081 2006 1163 2077; x_wconf 83' lang='lat' dir='ltr'><strong>ﬁli</strong></span> <span class='ocrx_word' id='word_1_235' title='bbox 1183 2008 1280 2072; x_wconf 86' lang='lat' dir='ltr'><strong>mi,</strong></span> <span class='ocrx_word' id='word_1_236' title='bbox 1317 2009 1456 2080; x_wconf 83' lang='lat' dir='ltr'><strong>leges</strong></span> <span class='ocrx_word' id='word_1_237' title='bbox 1499 2012 1672 2073; x_wconf 80' lang='lat' dir='ltr'><strong>patris</strong></span> <span class='ocrx_word' id='word_1_238' title='bbox 1719 2011 1820 2078; x_wconf 87' lang='lat' dir='ltr'><strong>tui,</strong></span> <span class='ocrx_word' id='word_1_239' title='bbox 1855 2021 1904 2067; x_wconf 89' lang='lat' dir='ltr'><strong>et</strong></span> <span class='ocrx_word' id='word_1_240' title='bbox 1949 2028 2012 2066; x_wconf 85' lang='lat' dir='ltr'><strong>ne</strong></span> 
     </span>
    </p>
   </div>
   <div class='ocr_carea' id='block_1_37' title="bbox 424 2095 2011 2173">
    <p class='ocr_par' dir='ltr' id='par_1_37' title="bbox 424 2095 2011 2173">
     <span class='ocr_line' id='line_1_37' title="bbox 424 2095 2011 2173; baseline 0.006 -27"><span class='ocrx_word' id='word_1_241' title='bbox 424 2095 668 2151; x_wconf 75' lang='lat' dir='ltr'><strong>dimittas</strong></span> <span class='ocrx_word' id='word_1_242' title='bbox 717 2097 948 2152; x_wconf 80' lang='lat' dir='ltr'><strong>consilia</strong></span> <span class='ocrx_word' id='word_1_243' title='bbox 1003 2100 1195 2154; x_wconf 82' lang='lat' dir='ltr'><strong>matris</strong></span> <span class='ocrx_word' id='word_1_244' title='bbox 1247 2108 1354 2155; x_wconf 72' lang='lat' dir='ltr'><strong>tua:</strong></span> <span class='ocrx_word' id='word_1_245' title='bbox 1378 2115 1398 2155; x_wconf 90' lang='lat'><strong><em>:</em></strong></span> <span class='ocrx_word' id='word_1_246' title='bbox 1431 2118 1557 2156; x_wconf 87' lang='lat' dir='ltr'><strong>nam</strong></span> <span class='ocrx_word' id='word_1_247' title='bbox 1585 2118 1783 2156; x_wconf 86' lang='lat' dir='ltr'><strong>corona</strong></span> <span class='ocrx_word' id='word_1_248' title='bbox 1818 2103 2011 2173; x_wconf 76' lang='lat' dir='ltr'><strong>gratia:</strong></span> 
     </span>
    </p>
   </div>
   <div class='ocr_carea' id='block_1_38' title="bbox 418 2187 2009 2260">
    <p class='ocr_par' dir='ltr' id='par_1_38' title="bbox 418 2187 2009 2260">
     <span class='ocr_line' id='line_1_38' title="bbox 418 2187 2009 2260; baseline 0.003 -18"><span class='ocrx_word' id='word_1_249' title='bbox 418 2187 652 2243; x_wconf 71' lang='lat' dir='ltr'><strong>&#39;addetur</strong></span> <span class='ocrx_word' id='word_1_250' title='bbox 677 2189 840 2258; x_wconf 83' lang='lat' dir='ltr'><strong>capiti</strong></span> <span class='ocrx_word' id='word_1_251' title='bbox 865 2199 953 2242; x_wconf 81' lang='lat' dir='ltr'><strong>tua</strong></span> <span class='ocrx_word' id='word_1_252' title='bbox 975 2199 1026 2244; x_wconf 77' lang='lat' dir='ltr'><strong>et</strong></span> <span class='ocrx_word' id='word_1_253' title='bbox 1056 2199 1262 2260; x_wconf 84' lang='lat' dir='ltr'><strong>torques</strong></span> <span class='ocrx_word' id='word_1_254' title='bbox 1291 2209 1454 2247; x_wconf 86' lang='lat' dir='ltr'><strong>aurea</strong></span> <span class='ocrx_word' id='word_1_255' title='bbox 1477 2194 1614 2247; x_wconf 85' lang='lat' dir='ltr'><strong>collo</strong></span> <span class='ocrx_word' id='word_1_256' title='bbox 1643 2203 1751 2248; x_wconf 87' lang='lat' dir='ltr'><strong>tuo.</strong></span> <span class='ocrx_word' id='word_1_257' title='bbox 1783 2193 1863 2248; x_wconf 84' lang='lat' dir='ltr'><strong>Tu</strong></span> <span class='ocrx_word' id='word_1_258' title='bbox 1884 2209 2009 2247; x_wconf 82' lang='lat' dir='ltr'><strong>vero</strong></span> 
     </span>
    </p>
   </div>
   <div class='ocr_carea' id='block_1_39' title="bbox 423 2281 2006 2354">
    <p class='ocr_par' dir='ltr' id='par_1_39' title="bbox 423 2281 2006 2354">
     <span class='ocr_line' id='line_1_39' title="bbox 423 2281 2006 2354; baseline 0.003 -18"><span class='ocrx_word' id='word_1_259' title='bbox 423 2281 518 2350; x_wconf 86' lang='lat' dir='ltr'><strong>qui</strong></span> <span class='ocrx_word' id='word_1_260' title='bbox 595 2282 776 2336; x_wconf 85' lang='lat' dir='ltr'><strong>adhuc</strong></span> <span class='ocrx_word' id='word_1_261' title='bbox 849 2281 1047 2352; x_wconf 83' lang='lat' dir='ltr'><strong>spiritu</strong></span> <span class='ocrx_word' id='word_1_262' title='bbox 1115 2281 1402 2338; x_wconf 83' lang='lat' dir='ltr'><strong>infantiam</strong></span> <span class='ocrx_word' id='word_1_263' title='bbox 1465 2284 1604 2354; x_wconf 83' lang='lat' dir='ltr'><strong>agis,</strong></span> <span class='ocrx_word' id='word_1_264' title='bbox 1640 2300 1820 2349; x_wconf 84' lang='lat' dir='ltr'><strong>serva,</strong></span> <span class='ocrx_word' id='word_1_265' title='bbox 1886 2285 2006 2352; x_wconf 81' lang='lat' dir='ltr'><strong>ejus</strong></span> 
     </span>
    </p>
   </div>
   <div class='ocr_carea' id='block_1_40' title="bbox 423 2371 2008 2446">
    <p class='ocr_par' dir='ltr' id='par_1_40' title="bbox 423 2371 2008 2446">
     <span class='ocr_line' id='line_1_40' title="bbox 423 2371 2008 2446; baseline 0.003 -20"><span class='ocrx_word' id='word_1_266' title='bbox 423 2371 516 2442; x_wconf 90' lang='lat' dir='ltr'><strong>qui</strong></span> <span class='ocrx_word' id='word_1_267' title='bbox 565 2380 620 2426; x_wconf 85' lang='lat' dir='ltr'><strong>te</strong></span> <span class='ocrx_word' id='word_1_268' title='bbox 672 2371 844 2446; x_wconf 74' lang='lat' dir='ltr'><strong>gratis</strong></span> <span class='ocrx_word' id='word_1_269' title='bbox 913 2373 1214 2444; x_wconf 83' lang='lat' dir='ltr'><strong>adoptavit,</strong></span> <span class='ocrx_word' id='word_1_270' title='bbox 1283 2374 1376 2430; x_wconf 90' lang='lat' dir='ltr'><strong>Dei</strong></span> <span class='ocrx_word' id='word_1_271' title='bbox 1443 2377 1726 2440; x_wconf 80' lang='lat' dir='ltr'><strong>mandata,</strong></span> <span class='ocrx_word' id='word_1_272' title='bbox 1761 2391 1864 2446; x_wconf 90' lang='lat' dir='ltr'><strong>ope</strong></span> <span class='ocrx_word' id='word_1_273' title='bbox 1912 2376 2008 2430; x_wconf 69' lang='lat' dir='ltr'><strong>ilo-</strong></span> 
     </span>
    </p>
   </div>
   <div class='ocr_carea' id='block_1_41' title="bbox 419 2462 2002 2522">
    <p class='ocr_par' dir='ltr' id='par_1_41' title="bbox 419 2462 2002 2522">
     <span class='ocr_line' id='line_1_41' title="bbox 419 2462 2002 2522; baseline 0 -2"><span class='ocrx_word' id='word_1_274' title='bbox 419 2463 724 2520; x_wconf 85' lang='lat' dir='ltr'><strong>ctrinarum</strong></span> <span class='ocrx_word' id='word_1_275' title='bbox 755 2462 822 2517; x_wconf 90' lang='lat' dir='ltr'><strong>ad</strong></span> <span class='ocrx_word' id='word_1_276' title='bbox 855 2465 1120 2518; x_wconf 77' lang='lat' dir='ltr'><strong>auxilium</strong></span> <span class='ocrx_word' id='word_1_277' title='bbox 1154 2473 1349 2519; x_wconf 89' lang='lat' dir='ltr'><strong>natura</strong></span> <span class='ocrx_word' id='word_1_278' title='bbox 1393 2481 1782 2522; x_wconf 76' lang='lat' dir='ltr'><strong>concessurum</strong></span> <span class='ocrx_word' id='word_1_279' title='bbox 1817 2481 1830 2519; x_wconf 94' lang='lat'><strong>:</strong></span> <span class='ocrx_word' id='word_1_280' title='bbox 1874 2475 1924 2518; x_wconf 85' lang='lat' dir='ltr'><strong>et</strong></span> <span class='ocrx_word' id='word_1_281' title='bbox 1951 2467 2002 2520; x_wconf 89' lang='lat' dir='ltr'><strong>in</strong></span> 
     </span>
    </p>
   </div>
   <div class='ocr_carea' id='block_1_42' title="bbox 419 2552 2000 2624">
    <p class='ocr_par' dir='ltr' id='par_1_42' title="bbox 419 2552 2000 2624">
     <span class='ocr_line' id='line_1_42' title="bbox 419 2552 2000 2624; baseline -0.002 -15"><span class='ocrx_word' id='word_1_282' title='bbox 419 2554 664 2610; x_wconf 89' lang='lat' dir='ltr'><strong>omnium</strong></span> <span class='ocrx_word' id='word_1_283' title='bbox 737 2561 936 2607; x_wconf 87' lang='lat' dir='ltr'><strong>natura</strong></span> <span class='ocrx_word' id='word_1_284' title='bbox 1001 2552 1262 2610; x_wconf 86' lang='lat' dir='ltr'><strong>fundatos</strong></span> <span class='ocrx_word' id='word_1_285' title='bbox 1314 2569 1344 2607; x_wconf 86' lang='lat' dir='ltr'><strong>a</strong></span> <span class='ocrx_word' id='word_1_286' title='bbox 1412 2554 1683 2624; x_wconf 87' lang='lat' dir='ltr'><strong>sapientia</strong></span> <span class='ocrx_word' id='word_1_287' title='bbox 1753 2555 2000 2608; x_wconf 89' lang='lat' dir='ltr'><strong>omnium</strong></span> 
     </span>
    </p>
   </div>
   <div class='ocr_carea' id='block_1_43' title="bbox 418 2639 2003 2712">
    <p class='ocr_par' dir='ltr' id='par_1_43' title="bbox 418 2639 2003 2712">
     <span class='ocr_line' id='line_1_43' title="bbox 418 2639 2003 2712; baseline -0.002 -15"><span class='ocrx_word' id='word_1_288' title='bbox 418 2658 606 2698; x_wconf 86' lang='lat' dir='ltr'><strong>rerum</strong></span> <span class='ocrx_word' id='word_1_289' title='bbox 644 2655 811 2696; x_wconf 89' lang='lat' dir='ltr'><strong>causa</strong></span> <span class='ocrx_word' id='word_1_290' title='bbox 853 2655 1162 2706; x_wconf 82' lang='lat' dir='ltr'><strong>sermones,</strong></span> <span class='ocrx_word' id='word_1_291' title='bbox 1194 2641 1288 2709; x_wconf 90' lang='lat' dir='ltr'><strong>qui</strong></span> <span class='ocrx_word' id='word_1_292' title='bbox 1321 2650 1451 2696; x_wconf 87' lang='lat' dir='ltr'><strong>sunt</strong></span> <span class='ocrx_word' id='word_1_293' title='bbox 1493 2643 1628 2712; x_wconf 70' lang='lat' dir='ltr'><strong>ipsa:</strong></span> <span class='ocrx_word' id='word_1_294' title='bbox 1674 2639 1768 2694; x_wconf 86' lang='lat' dir='ltr'><strong>Dei</strong></span> <span class='ocrx_word' id='word_1_295' title='bbox 1809 2643 2003 2696; x_wconf 82' lang='lat' dir='ltr'><strong>volun-</strong></span> 
     </span>
    </p>
   </div>
   <div class='ocr_carea' id='block_1_44' title="bbox 415 2726 1998 2800">
    <p class='ocr_par' dir='ltr' id='par_1_44' title="bbox 415 2726 1998 2800">
     <span class='ocr_line' id='line_1_44' title="bbox 415 2726 1998 2800; baseline -0.002 -16"><span class='ocrx_word' id='word_1_296' title='bbox 415 2739 580 2796; x_wconf 83' lang='lat' dir='ltr'><strong>tates,</strong></span> <span class='ocrx_word' id='word_1_297' title='bbox 619 2744 718 2800; x_wconf 88' lang='lat' dir='ltr'><strong>per</strong></span> <span class='ocrx_word' id='word_1_298' title='bbox 741 2743 880 2799; x_wconf 85' lang='lat' dir='ltr'><strong>quas</strong></span> <span class='ocrx_word' id='word_1_299' title='bbox 910 2729 1094 2784; x_wconf 79' lang='lat' dir='ltr'><strong>omnia</strong></span> <span class='ocrx_word' id='word_1_300' title='bbox 1123 2726 1269 2784; x_wconf 76' lang='lat' dir='ltr'><strong>facta</strong></span> <span class='ocrx_word' id='word_1_301' title='bbox 1319 2738 1470 2796; x_wconf 89' lang='lat' dir='ltr'><strong>sunt,</strong></span> <span class='ocrx_word' id='word_1_302' title='bbox 1502 2745 1571 2785; x_wconf 88' lang='lat' dir='ltr'><strong>ne</strong></span> <span class='ocrx_word' id='word_1_303' title='bbox 1599 2727 1842 2798; x_wconf 76' lang='lat' dir='ltr'><strong>rejicias,</strong></span> <span class='ocrx_word' id='word_1_304' title='bbox 1873 2743 1998 2782; x_wconf 90' lang='lat' dir='ltr'><strong>cum</strong></span> 
     </span>
    </p>
   </div>
   <div class='ocr_carea' id='block_1_45' title="bbox 416 2817 2002 2890">
    <p class='ocr_par' dir='ltr' id='par_1_45' title="bbox 416 2817 2002 2890">
     <span class='ocr_line' id='line_1_45' title="bbox 416 2817 2002 2890; baseline -0.004 -12"><span class='ocrx_word' id='word_1_305' title='bbox 416 2823 520 2890; x_wconf 86' lang='lat' dir='ltr'><strong>sis,</strong></span> <span class='ocrx_word' id='word_1_306' title='bbox 563 2819 919 2878; x_wconf 81' lang='lat' dir='ltr'><strong>facultatibus</strong></span> <span class='ocrx_word' id='word_1_307' title='bbox 947 2818 1014 2874; x_wconf 87' lang='lat' dir='ltr'><strong>ad</strong></span> <span class='ocrx_word' id='word_1_308' title='bbox 1056 2817 1620 2874; x_wconf 75' lang='lat' dir='ltr'><strong>bonum&#39;faciendum</strong></span> <span class='ocrx_word' id='word_1_309' title='bbox 1649 2819 1746 2872; x_wconf 83' lang='lat' dir='ltr'><strong>tibi</strong></span> <span class='ocrx_word' id='word_1_310' title='bbox 1779 2833 2002 2874; x_wconf 86' lang='lat' dir='ltr'><strong>conces-</strong></span> 
     </span>
    </p>
   </div>
   <div class='ocr_carea' id='block_1_46' title="bbox 415 2909 1998 2976">
    <p class='ocr_par' dir='ltr' id='par_1_46' title="bbox 415 2909 1998 2976">
     <span class='ocr_line' id='line_1_46' title="bbox 415 2909 1998 2976; baseline -0.004 -7"><span class='ocrx_word' id='word_1_311' title='bbox 415 2915 518 2976; x_wconf 84' lang='lat' dir='ltr'><strong>sis,</strong></span> <span class='ocrx_word' id='word_1_312' title='bbox 559 2913 875 2968; x_wconf 87' lang='lat' dir='ltr'><strong>decoratus.</strong></span> <span class='ocrx_word' id='word_1_313' title='bbox 916 2911 1206 2966; x_wconf 81' lang='lat' dir='ltr'><strong>Annuntio</strong></span> <span class='ocrx_word' id='word_1_314' title='bbox 1243 2911 1388 2965; x_wconf 83' lang='lat' dir='ltr'><strong>enim</strong></span> <span class='ocrx_word' id='word_1_315' title='bbox 1441 2911 1542 2965; x_wconf 85' lang='lat' dir='ltr'><strong>tibi</strong></span> <span class='ocrx_word' id='word_1_316' title='bbox 1588 2926 1654 2966; x_wconf 77' lang='lat' dir='ltr'><strong>ex</strong></span> <span class='ocrx_word' id='word_1_317' title='bbox 1703 2909 1998 2964; x_wconf 85' lang='lat' dir='ltr'><strong>mandato-</strong></span> 
     </span>
    </p>
   </div>
   <div class='ocr_carea' id='block_1_47' title="bbox 378 3003 1994 3074">
    <p class='ocr_par' dir='ltr' id='par_1_47' title="bbox 378 3003 1994 3074">
     <span class='ocr_line' id='line_1_47' title="bbox 378 3003 1994 3074; baseline -0.006 -10"><span class='ocrx_word' id='word_1_318' title='bbox 378 3019 540 3064; x_wconf 80' lang='lat' dir='ltr'><strong>.rum</strong></span> <span class='ocrx_word' id='word_1_319' title='bbox 571 3007 885 3062; x_wconf 83' lang='lat' dir='ltr'><strong>divinorum</strong></span> <span class='ocrx_word' id='word_1_320' title='bbox 922 3006 1312 3062; x_wconf 83' lang='lat' dir='ltr'><strong>observatione</strong></span> <span class='ocrx_word' id='word_1_321' title='bbox 1350 3013 1407 3060; x_wconf 88' lang='lat' dir='ltr'><strong>et</strong></span> <span class='ocrx_word' id='word_1_322' title='bbox 1435 3005 1714 3068; x_wconf 86' lang='lat' dir='ltr'><strong>custodia,</strong></span> <span class='ocrx_word' id='word_1_323' title='bbox 1747 3003 1994 3074; x_wconf 77' lang='lat' dir='ltr'><strong>spiritui,</strong></span> 
     </span>
    </p>
   </div>
   <div class='ocr_carea' id='block_1_48' title="bbox 417 3095 1993 3166">
    <p class='ocr_par' dir='ltr' id='par_1_48' title="bbox 417 3095 1993 3166">
     <span class='ocr_line' id='line_1_48' title="bbox 417 3095 1993 3166; baseline -0.001 -16"><span class='ocrx_word' id='word_1_324' title='bbox 417 3095 598 3166; x_wconf 88' lang='lat' dir='ltr'><strong>quite</strong></span> <span class='ocrx_word' id='word_1_325' title='bbox 636 3095 774 3166; x_wconf 78' lang='lat' dir='ltr'><strong>regit</strong></span> <span class='ocrx_word' id='word_1_326' title='bbox 831 3095 1220 3159; x_wconf 84' lang='lat' dir='ltr'><strong>adventuram,</strong></span> <span class='ocrx_word' id='word_1_327' title='bbox 1278 3103 1542 3166; x_wconf 88' lang='lat' dir='ltr'><strong>tanquam</strong></span> <span class='ocrx_word' id='word_1_328' title='bbox 1608 3107 1871 3148; x_wconf 85' lang='lat' dir='ltr'><strong>coronam</strong></span> <span class='ocrx_word' id='word_1_329' title='bbox 1928 3109 1993 3148; x_wconf 83' lang='lat' dir='ltr'><strong>ex</strong></span> 
     </span>
    </p>
   </div>
   <div class='ocr_carea' id='block_1_49' title="bbox 415 3193 1991 3260">
    <p class='ocr_par' dir='ltr' id='par_1_49' title="bbox 415 3193 1991 3260">
     <span class='ocr_line' id='line_1_49' title="bbox 415 3193 1991 3260; baseline -0.003 -11"><span class='ocrx_word' id='word_1_330' title='bbox 415 3196 650 3252; x_wconf 81' lang='lat' dir='ltr'><strong>diversis</strong></span> <span class='ocrx_word' id='word_1_331' title='bbox 711 3196 1058 3251; x_wconf 74' lang='lat' dir='ltr'><strong>intertextam</strong></span> <span class='ocrx_word' id='word_1_332' title='bbox 1103 3193 1352 3260; x_wconf 83' lang='lat' dir='ltr'><strong>ﬂoribus,</strong></span> <span class='ocrx_word' id='word_1_333' title='bbox 1393 3209 1460 3248; x_wconf 83' lang='lat' dir='ltr'><strong>ex</strong></span> <span class='ocrx_word' id='word_1_334' title='bbox 1520 3193 1765 3248; x_wconf 89' lang='lat' dir='ltr'><strong>omnium</strong></span> <span class='ocrx_word' id='word_1_335' title='bbox 1811 3207 1991 3247; x_wconf 89' lang='lat' dir='ltr'><strong>rerum</strong></span> 
     </span>
    </p>
   </div>
   <div class='ocr_carea' id='block_1_50' title="bbox 415 3281 1996 3356">
    <p class='ocr_par' dir='ltr' id='par_1_50' title="bbox 415 3281 1996 3356">
     <span class='ocr_line' id='line_1_50' title="bbox 415 3281 1996 3356; baseline -0.003 -16"><span class='ocrx_word' id='word_1_336' title='bbox 415 3296 613 3342; x_wconf 83' lang='lat' dir='ltr'><strong>natura</strong></span> <span class='ocrx_word' id='word_1_337' title='bbox 639 3295 1028 3356; x_wconf 75' lang='lat' dir='ltr'><strong>congregatam</strong></span> <span class='ocrx_word' id='word_1_338' title='bbox 1057 3284 1307 3340; x_wconf 83' lang='lat' dir='ltr'><strong>veritatis</strong></span> <span class='ocrx_word' id='word_1_339' title='bbox 1341 3283 1619 3346; x_wconf 88' lang='lat' dir='ltr'><strong>notitiam;</strong></span> <span class='ocrx_word' id='word_1_340' title='bbox 1647 3289 1704 3338; x_wconf 91' lang='lat' dir='ltr'><strong>et</strong></span> <span class='ocrx_word' id='word_1_341' title='bbox 1737 3281 1996 3353; x_wconf 65' lang='lat' dir='ltr'><strong>potentias</strong></span> 
     </span>
    </p>
   </div>
   <div class='ocr_carea' id='block_1_51' title="bbox 411 3369 1994 3448">
    <p class='ocr_par' dir='ltr' id='par_1_51' title="bbox 411 3369 1994 3448">
     <span class='ocr_line' id='line_1_51' title="bbox 411 3369 1994 3448; baseline -0.006 -16"><span class='ocrx_word' id='word_1_342' title='bbox 411 3377 498 3432; x_wconf 75' lang='lat' dir='ltr'><strong>sui</strong></span> <span class='ocrx_word' id='word_1_343' title='bbox 547 3378 778 3448; x_wconf 89' lang='lat' dir='ltr'><strong>spiritus</strong></span> <span class='ocrx_word' id='word_1_344' title='bbox 819 3375 1098 3437; x_wconf 86' lang='lat' dir='ltr'><strong>rationali,</strong></span> <span class='ocrx_word' id='word_1_345' title='bbox 1142 3389 1265 3445; x_wconf 74' lang='lat' dir='ltr'><strong>quae</strong></span> <span class='ocrx_word' id='word_1_346' title='bbox 1303 3373 1550 3428; x_wconf 69' lang='lat' dir='ltr'><strong>scientia:</strong></span> <span class='ocrx_word' id='word_1_347' title='bbox 1590 3371 1862 3435; x_wconf 71' lang='lat' dir='ltr'><strong>adhaeret,</strong></span> <span class='ocrx_word' id='word_1_348' title='bbox 1915 3369 1994 3426; x_wconf 86' lang='lat' dir='ltr'><strong>si-</strong></span> 
     </span>
    </p>
   </div>
   <div class='ocr_carea' id='block_1_52' title="bbox 420 3463 1990 3540">
    <p class='ocr_par' dir='ltr' id='par_1_52' title="bbox 420 3463 1990 3540">
     <span class='ocr_line' id='line_1_52' title="bbox 420 3463 1990 3540; baseline -0.004 -15"><span class='ocrx_word' id='word_1_349' title='bbox 420 3481 518 3525; x_wconf 79' lang='lat' dir='ltr'><strong>cut</strong></span> <span class='ocrx_word' id='word_1_350' title='bbox 555 3485 652 3540; x_wconf 89' lang='lat' dir='ltr'><strong>per</strong></span> <span class='ocrx_word' id='word_1_351' title='bbox 683 3467 884 3522; x_wconf 88' lang='lat' dir='ltr'><strong>collum</strong></span> <span class='ocrx_word' id='word_1_352' title='bbox 931 3467 1104 3536; x_wconf 88' lang='lat' dir='ltr'><strong>capiti</strong></span> <span class='ocrx_word' id='word_1_353' title='bbox 1153 3465 1430 3533; x_wconf 87' lang='lat' dir='ltr'><strong>reliquum</strong></span> <span class='ocrx_word' id='word_1_354' title='bbox 1473 3463 1718 3520; x_wconf 83' lang='lat' dir='ltr'><strong>adhaeret</strong></span> <span class='ocrx_word' id='word_1_355' title='bbox 1758 3475 1990 3530; x_wconf 86' lang='lat' dir='ltr'><strong>corpus,</strong></span> 
     </span>
    </p>
   </div>
   <div class='ocr_carea' id='block_1_53' title="bbox 414 3553 1992 3630">
    <p class='ocr_par' dir='ltr' id='par_1_53' title="bbox 414 3553 1992 3630">
     <span class='ocr_line' id='line_1_53' title="bbox 414 3553 1992 3630; baseline -0.008 -12"><span class='ocrx_word' id='word_1_356' title='bbox 414 3563 634 3627; x_wconf 74' lang='lat' dir='ltr'><strong>nutritio,</strong></span> <span class='ocrx_word' id='word_1_357' title='bbox 669 3568 730 3615; x_wconf 90' lang='lat' dir='ltr'><strong>ut</strong></span> <span class='ocrx_word' id='word_1_358' title='bbox 769 3557 1047 3630; x_wconf 84' lang='lat' dir='ltr'><strong>quoddam</strong></span> <span class='ocrx_word' id='word_1_359' title='bbox 1097 3565 1491 3612; x_wconf 88' lang='lat' dir='ltr'><strong>ornamentum</strong></span> <span class='ocrx_word' id='word_1_360' title='bbox 1538 3554 1770 3622; x_wconf 84' lang='lat' dir='ltr'><strong>coliare,</strong></span> <span class='ocrx_word' id='word_1_361' title='bbox 1823 3553 1992 3608; x_wconf 86' lang='lat' dir='ltr'><strong>vitam</strong></span> 
     </span>
    </p>
   </div>
   <div class='ocr_carea' id='block_1_54' title="bbox 412 3651 969 3722">
    <p class='ocr_par' dir='ltr' id='par_1_54' title="bbox 412 3651 969 3722">
     <span class='ocr_line' id='line_1_54' title="bbox 412 3651 969 3722; baseline -0.004 -16"><span class='ocrx_word' id='word_1_362' title='bbox 412 3654 619 3706; x_wconf 74' lang='lat' dir='ltr'><strong>virtute</strong></span> <span class='ocrx_word' id='word_1_363' title='bbox 651 3651 969 3722; x_wconf 67' lang='lat' dir='ltr'><strong>fulgentem.</strong></span> 
     </span>
    </p>
   </div>
   <div class='ocr_carea' id='block_1_55' title="bbox 490 3742 1990 3811">
    <p class='ocr_par' dir='ltr' id='par_1_55' title="bbox 490 3742 1990 3811">
     <span class='ocr_line' id='line_1_55' title="bbox 490 3742 1990 3811; baseline -0.003 -12"><span class='ocrx_word' id='word_1_364' title='bbox 490 3745 652 3800; x_wconf 55' lang='lat' dir='ltr'><strong>Vsus.</strong></span> <span class='ocrx_word' id='word_1_365' title='bbox 690 3747 902 3802; x_wconf 73' lang='lat'><strong>10-14.</strong></span> <span class='ocrx_word' id='word_1_366' title='bbox 927 3742 1050 3800; x_wconf 70' lang='grc' dir='ltr'><strong>.Γὶιί</strong></span> <span class='ocrx_word' id='word_1_367' title='bbox 1073 3745 1168 3808; x_wconf 87' lang='lat' dir='ltr'><strong>mi,</strong></span> <span class='ocrx_word' id='word_1_368' title='bbox 1197 3745 1246 3799; x_wconf 92' lang='lat' dir='ltr'><strong>si</strong></span> <span class='ocrx_word' id='word_1_369' title='bbox 1262 3754 1311 3799; x_wconf 86' lang='lat' dir='ltr'><strong>te</strong></span> <span class='ocrx_word' id='word_1_370' title='bbox 1334 3744 1648 3798; x_wconf 83' lang='lat' dir='ltr'><strong>lactaverint</strong></span> <span class='ocrx_word' id='word_1_371' title='bbox 1667 3749 1990 3811; x_wconf 79' lang='lat' dir='ltr'><strong>peccatores,</strong></span> 
     </span>
    </p>
   </div>
   <div class='ocr_carea' id='block_1_56' title="bbox 414 3829 1995 3906">
    <p class='ocr_par' dir='ltr' id='par_1_56' title="bbox 414 3829 1995 3906">
     <span class='ocr_line' id='line_1_56' title="bbox 414 3829 1995 3906; baseline -0.004 -17"><span class='ocrx_word' id='word_1_372' title='bbox 414 3853 476 3890; x_wconf 82' lang='lat' dir='ltr'><strong>ue</strong></span> <span class='ocrx_word' id='word_1_373' title='bbox 496 3837 810 3906; x_wconf 82' lang='lat' dir='ltr'><strong>acquiescas</strong></span> <span class='ocrx_word' id='word_1_374' title='bbox 835 3837 940 3902; x_wconf 83' lang='lat' dir='ltr'><strong>eis;</strong></span> <span class='ocrx_word' id='word_1_375' title='bbox 959 3851 1083 3889; x_wconf 83' lang='lat' dir='ltr'><strong>cum</strong></span> <span class='ocrx_word' id='word_1_376' title='bbox 1109 3847 1157 3890; x_wconf 81' lang='lat' dir='ltr'><strong>te</strong></span> <span class='ocrx_word' id='word_1_377' title='bbox 1184 3833 1505 3898; x_wconf 84' lang='lat' dir='ltr'><strong>vocaverint,</strong></span> <span class='ocrx_word' id='word_1_378' title='bbox 1537 3833 1768 3887; x_wconf 81' lang='lat' dir='ltr'><strong>dicentes</strong></span> <span class='ocrx_word' id='word_1_379' title='bbox 1801 3847 1820 3886; x_wconf 90' lang='lat'><strong><em>:</em></strong></span> <span class='ocrx_word' id='word_1_380' title='bbox 1871 3829 1995 3885; x_wconf 84' lang='lat' dir='ltr'><strong>Veni</strong></span> 
     </span>
    </p>
   </div>
   <div class='ocr_carea' id='block_1_57' title="bbox 413 3920 1995 3996">
    <p class='ocr_par' dir='ltr' id='par_1_57' title="bbox 413 3920 1995 3996">
     <span class='ocr_line' id='line_1_57' title="bbox 413 3920 1995 3996; baseline -0.004 -16"><span class='ocrx_word' id='word_1_381' title='bbox 413 3928 710 3990; x_wconf 80' lang='lat' dir='ltr'><strong>nobiscum,</strong></span> <span class='ocrx_word' id='word_1_382' title='bbox 766 3929 1154 3996; x_wconf 45' lang='lat' dir='ltr'><strong>&#39;participemus</strong></span> <span class='ocrx_word' id='word_1_383' title='bbox 1209 3925 1461 3995; x_wconf 79' lang='lat' dir='ltr'><strong>sanguini</strong></span> <span class='ocrx_word' id='word_1_384' title='bbox 1517 3939 1536 3977; x_wconf 90' lang='lat'><strong><em>:</em></strong></span> <span class='ocrx_word' id='word_1_385' title='bbox 1603 3920 1995 3976; x_wconf 86' lang='lat' dir='ltr'><strong>abscondamus</strong></span> 
     </span>
    </p>
   </div>
   <div class='ocr_carea' id='block_1_58' title="bbox 412 4013 1992 4087">
    <p class='ocr_par' dir='ltr' id='par_1_58' title="bbox 412 4013 1992 4087">
     <span class='ocr_line' id='line_1_58' title="bbox 412 4013 1992 4087; baseline -0.005 -15"><span class='ocrx_word' id='word_1_386' title='bbox 412 4021 470 4072; x_wconf 78' lang='lat' dir='ltr'><strong>in</strong></span> <span class='ocrx_word' id='word_1_387' title='bbox 505 4027 704 4072; x_wconf 85' lang='lat' dir='ltr'><strong>terram</strong></span> <span class='ocrx_word' id='word_1_388' title='bbox 733 4017 1154 4087; x_wconf 78' lang='lat' dir='ltr'><strong>virumjustum,</strong></span> <span class='ocrx_word' id='word_1_389' title='bbox 1195 4015 1392 4086; x_wconf 81' lang='lat' dir='ltr'><strong>injuste</strong></span> <span class='ocrx_word' id='word_1_390' title='bbox 1419 4031 1436 4068; x_wconf 92' lang='lat'><strong><em>:</em></strong></span> <span class='ocrx_word' id='word_1_391' title='bbox 1467 4013 1826 4084; x_wconf 82' lang='lat' dir='ltr'><strong>degtutiamus</strong></span> <span class='ocrx_word' id='word_1_392' title='bbox 1850 4027 1992 4076; x_wconf 85' lang='lat' dir='ltr'><strong>eum,</strong></span> 
     </span>
    </p>
   </div>
   <div class='ocr_carea' id='block_1_59' title="bbox 411 4103 1995 4180">
    <p class='ocr_par' dir='ltr' id='par_1_59' title="bbox 411 4103 1995 4180">
     <span class='ocr_line' id='line_1_59' title="bbox 411 4103 1995 4180; baseline -0.006 -16"><span class='ocrx_word' id='word_1_393' title='bbox 411 4112 551 4164; x_wconf 66' lang='lat' dir='ltr'><strong>sicut</strong></span> <span class='ocrx_word' id='word_1_394' title='bbox 573 4109 812 4180; x_wconf 70' lang='lat' dir='ltr'><strong>infernus</strong></span> <span class='ocrx_word' id='word_1_395' title='bbox 838 4110 1107 4176; x_wconf 77' lang='lat' dir='ltr'><strong>viventem,</strong></span> <span class='ocrx_word' id='word_1_396' title='bbox 1132 4117 1182 4162; x_wconf 93' lang='lat' dir='ltr'><strong>et</strong></span> <span class='ocrx_word' id='word_1_397' title='bbox 1212 4107 1462 4163; x_wconf 78' lang='lat' dir='ltr'><strong>tollamus</strong></span> <span class='ocrx_word' id='word_1_398' title='bbox 1515 4106 1825 4160; x_wconf 82' lang='lat' dir='ltr'><strong>memoriam</strong></span> <span class='ocrx_word' id='word_1_399' title='bbox 1881 4103 1995 4171; x_wconf 80' lang='lat' dir='ltr'><strong>ejus</strong></span> 
     </span>
    </p>
   </div>
   <div class='ocr_carea' id='block_1_60' title="bbox 397 4194 1994 4268">
    <p class='ocr_par' dir='ltr' id='par_1_60' title="bbox 397 4194 1994 4268">
     <span class='ocr_line' id='line_1_60' title="bbox 397 4194 1994 4268; baseline -0.005 -14"><span class='ocrx_word' id='word_1_400' title='bbox 397 4219 444 4254; x_wconf 11' lang='lat' dir='ltr'><strong>ea</strong></span> <span class='ocrx_word' id='word_1_401' title='bbox 460 4210 635 4263; x_wconf 78' lang='lat' dir='ltr'><strong>terra;</strong></span> <span class='ocrx_word' id='word_1_402' title='bbox 659 4200 1012 4254; x_wconf 85' lang='lat' dir='ltr'><strong>substantiam</strong></span> <span class='ocrx_word' id='word_1_403' title='bbox 1028 4199 1144 4268; x_wconf 84' lang='lat' dir='ltr'><strong>ejus</strong></span> <span class='ocrx_word' id='word_1_404' title='bbox 1165 4197 1609 4267; x_wconf 83' lang='lat' dir='ltr'><strong>pretiosissimam</strong></span> <span class='ocrx_word' id='word_1_405' title='bbox 1635 4194 1951 4263; x_wconf 80' lang='lat' dir='ltr'><strong>reperiemus</strong></span> <span class='ocrx_word' id='word_1_406' title='bbox 1975 4208 1994 4246; x_wconf 90' lang='lat'><strong><em>:</em></strong></span> 
     </span>
    </p>
   </div>
   <div class='ocr_carea' id='block_1_61' title="bbox 411 4285 1994 4362">
    <p class='ocr_par' dir='ltr' id='par_1_61' title="bbox 411 4285 1994 4362">
     <span class='ocr_line' id='line_1_61' title="bbox 411 4285 1994 4362; baseline -0.006 -14"><span class='ocrx_word' id='word_1_407' title='bbox 411 4291 744 4362; x_wconf 74' lang='lat' dir='ltr'><strong>implebimus</strong></span> <span class='ocrx_word' id='word_1_408' title='bbox 788 4289 971 4346; x_wconf 83' lang='lat' dir='ltr'><strong>domos</strong></span> <span class='ocrx_word' id='word_1_409' title='bbox 992 4298 1204 4344; x_wconf 87' lang='lat' dir='ltr'><strong>nostras</strong></span> <span class='ocrx_word' id='word_1_410' title='bbox 1221 4289 1426 4358; x_wconf 81' lang='lat' dir='ltr'><strong>spoliis.</strong></span> <span class='ocrx_word' id='word_1_411' title='bbox 1451 4285 1607 4340; x_wconf 80' lang='lat' dir='ltr'><strong>Mitte</strong></span> <span class='ocrx_word' id='word_1_412' title='bbox 1627 4293 1826 4339; x_wconf 84' lang='lat' dir='ltr'><strong>sortem</strong></span> <span class='ocrx_word' id='word_1_413' title='bbox 1847 4293 1994 4338; x_wconf 86' lang='lat' dir='ltr'><strong>tuam</strong></span> 
     </span>
    </p>
   </div>
   <div class='ocr_carea' id='block_1_62' title="bbox 411 4375 1994 4450">
    <p class='ocr_par' dir='ltr' id='par_1_62' title="bbox 411 4375 1994 4450">
     <span class='ocr_line' id='line_1_62' title="bbox 411 4375 1994 4450; baseline -0.008 -8"><span class='ocrx_word' id='word_1_414' title='bbox 411 4386 706 4444; x_wconf 81' lang='lat' dir='ltr'><strong>nobiscum,</strong></span> <span class='ocrx_word' id='word_1_415' title='bbox 737 4397 1010 4437; x_wconf 80' lang='lat' dir='ltr'><strong>commune</strong></span> <span class='ocrx_word' id='word_1_416' title='bbox 1026 4380 1356 4450; x_wconf 84' lang='lat' dir='ltr'><strong>marsupium</strong></span> <span class='ocrx_word' id='word_1_417' title='bbox 1376 4375 1762 4446; x_wconf 83' lang='lat' dir='ltr'><strong>possidebimus</strong></span> <span class='ocrx_word' id='word_1_418' title='bbox 1788 4389 1994 4440; x_wconf 89' lang='lat' dir='ltr'><strong>omnes,</strong></span> 
     </span>
    </p>
   </div>
   <div class='ocr_carea' id='block_1_63' title="bbox 2113 1912 3150 1988">
    <p class='ocr_par' dir='ltr' id='par_1_63' title="bbox 2113 1912 3150 1988">
     <span class='ocr_line' id='line_1_63' title="bbox 2113 1912 3150 1988; baseline 0.008 -24"><span class='ocrx_word' id='word_1_419' title='bbox 2113 1914 2228 1976; x_wconf 86' lang='grc' dir='ltr'>τοῖς</span> <span class='ocrx_word' id='word_1_420' title='bbox 2258 1914 2396 1975; x_wconf 76' lang='grc' dir='ltr'>υἱοῖς</span> <span class='ocrx_word' id='word_1_421' title='bbox 2425 1912 2738 1984; x_wconf 83' lang='grc' dir='ltr'>ἁρμόζοντα</span> <span class='ocrx_word' id='word_1_422' title='bbox 2769 1916 3150 1988; x_wconf 71' lang='grc' dir='ltr'>ἐργαζόμενοι.</span> 
     </span>
    </p>
   </div>
   <div class='ocr_carea' id='block_1_64' title="bbox 2181 2003 3718 2081">
    <p class='ocr_par' dir='ltr' id='par_1_64' title="bbox 2181 2003 3718 2081">
     <span class='ocr_line' id='line_1_64' title="bbox 2181 2003 3718 2081; baseline 0.005 -26"><span class='ocrx_word' id='word_1_423' title='bbox 2181 2009 2253 2074; x_wconf 86' lang='grc' dir='ltr'><strong>η’,</strong></span> <span class='ocrx_word' id='word_1_424' title='bbox 2284 2003 2350 2056; x_wconf 86' lang='grc' dir='ltr'><strong>θ’.</strong></span> <span class='ocrx_word' id='word_1_425' title='bbox 2375 2005 2616 2068; x_wconf 79' lang='grc' dir='ltr'>Ἀκουε,</span> <span class='ocrx_word' id='word_1_426' title='bbox 2635 2005 2746 2071; x_wconf 77' lang='grc' dir='ltr'>υἱὲ,</span> <span class='ocrx_word' id='word_1_427' title='bbox 2777 2009 2992 2076; x_wconf 81' lang='grc' dir='ltr'>νόμους</span> <span class='ocrx_word' id='word_1_428' title='bbox 3037 2011 3262 2078; x_wconf 76' lang='grc' dir='ltr'>πατρός</span> <span class='ocrx_word' id='word_1_429' title='bbox 3291 2024 3410 2064; x_wconf 86' lang='grc' dir='ltr'>σου</span> <span class='ocrx_word' id='word_1_430' title='bbox 3440 2027 3456 2042; x_wconf 80' lang='grc' dir='ltr'><strong><em>ο</em></strong></span> <span class='ocrx_word' id='word_1_431' title='bbox 3489 2011 3594 2064; x_wconf 74' lang='grc' dir='ltr'><strong>καί</strong></span> <span class='ocrx_word' id='word_1_432' title='bbox 3619 2013 3718 2081; x_wconf 76' lang='grc' dir='ltr'>μὴ</span> 
     </span>
    </p>
   </div>
   <div class='ocr_carea' id='block_1_65' title="bbox 2109 2093 3720 2173">
    <p class='ocr_par' dir='ltr' id='par_1_65' title="bbox 2109 2093 3720 2173">
     <span class='ocr_line' id='line_1_65' title="bbox 2109 2093 3720 2173; baseline 0.006 -25"><span class='ocrx_word' id='word_1_433' title='bbox 2109 2093 2324 2161; x_wconf 82' lang='grc' dir='ltr'>ἀπώσῃ</span> <span class='ocrx_word' id='word_1_434' title='bbox 2372 2095 2637 2166; x_wconf 79' lang='grc' dir='ltr'>θεσμοὺς</span> <span class='ocrx_word' id='word_1_435' title='bbox 2665 2100 2891 2166; x_wconf 58' lang='grc' dir='ltr'>μητρός</span> <span class='ocrx_word' id='word_1_436' title='bbox 2917 2115 3036 2154; x_wconf 86' lang='grc' dir='ltr'><strong>σου</strong></span> <span class='ocrx_word' id='word_1_437' title='bbox 3061 2116 3076 2130; x_wconf 82' lang='grc'><strong>’</strong></span> <span class='ocrx_word' id='word_1_438' title='bbox 3123 2101 3432 2170; x_wconf 71' lang='grc' dir='ltr'>στέφανον</span> <span class='ocrx_word' id='word_1_439' title='bbox 3456 2103 3574 2172; x_wconf 79' lang='grc' dir='ltr'><strong>τὰρ</strong></span> <span class='ocrx_word' id='word_1_440' title='bbox 3605 2121 3720 2173; x_wconf 79' lang='grc' dir='ltr'>χα-</span> 
     </span>
    </p>
   </div>
   <div class='ocr_carea' id='block_1_66' title="bbox 2111 2183 3716 2262">
    <p class='ocr_par' dir='ltr' id='par_1_66' title="bbox 2111 2183 3716 2262">
     <span class='ocr_line' id='line_1_66' title="bbox 2111 2183 3716 2262; baseline 0.008 -27"><span class='ocrx_word' id='word_1_441' title='bbox 2111 2183 2298 2252; x_wconf 83' lang='grc' dir='ltr'>ρίτων</span> <span class='ocrx_word' id='word_1_442' title='bbox 2327 2183 2476 2252; x_wconf 77' lang='grc' dir='ltr'><strong>δέξῃ</strong></span> <span class='ocrx_word' id='word_1_443' title='bbox 2501 2185 2573 2251; x_wconf 76' lang='grc' dir='ltr'>τῇ</span> <span class='ocrx_word' id='word_1_444' title='bbox 2600 2186 2856 2255; x_wconf 63' lang='grc' dir='ltr'>κορυφῇ,</span> <span class='ocrx_word' id='word_1_445' title='bbox 2889 2189 2986 2241; x_wconf 82' lang='grc' dir='ltr'>καὶ</span> <span class='ocrx_word' id='word_1_446' title='bbox 3020 2191 3229 2244; x_wconf 78' lang='grc' dir='ltr'>κλοιὸν</span> <span class='ocrx_word' id='word_1_447' title='bbox 3255 2193 3529 2260; x_wconf 81' lang='grc' dir='ltr'>χρύσεον</span> <span class='ocrx_word' id='word_1_448' title='bbox 3573 2195 3716 2262; x_wconf 76' lang='grc' dir='ltr'>περὶ</span> 
     </span>
    </p>
   </div>
   <div class='ocr_carea' id='block_1_67' title="bbox 2107 2273 3710 2354">
    <p class='ocr_par' dir='ltr' id='par_1_67' title="bbox 2107 2273 3710 2354">
     <span class='ocr_line' id='line_1_67' title="bbox 2107 2273 3710 2354; baseline 0.007 -28"><span class='ocrx_word' id='word_1_449' title='bbox 2107 2273 2198 2339; x_wconf 88' lang='grc' dir='ltr'>σῷ</span> <span class='ocrx_word' id='word_1_450' title='bbox 2225 2274 2528 2344; x_wconf 71' lang='grc' dir='ltr'>τραχήλῳ.</span> <span class='ocrx_word' id='word_1_451' title='bbox 2561 2277 2632 2328; x_wconf 82' lang='grc' dir='ltr'><strong>Σὺ</strong></span> <span class='ocrx_word' id='word_1_452' title='bbox 2661 2277 2718 2330; x_wconf 83' lang='grc' dir='ltr'>δὲ</span> <span class='ocrx_word' id='word_1_453' title='bbox 2743 2277 2771 2329; x_wconf 86' lang='grc' dir='ltr'>ὁ</span> <span class='ocrx_word' id='word_1_454' title='bbox 2801 2277 2881 2332; x_wconf 80' lang='grc' dir='ltr'>ἔτι</span> <span class='ocrx_word' id='word_1_455' title='bbox 2912 2281 3196 2350; x_wconf 76' lang='grc' dir='ltr'>νηπιάζων</span> <span class='ocrx_word' id='word_1_456' title='bbox 3215 2282 3316 2352; x_wconf 77' lang='grc' dir='ltr'><strong>τὴν</strong></span> <span class='ocrx_word' id='word_1_457' title='bbox 3349 2282 3492 2335; x_wconf 73' lang='grc' dir='ltr'>κατὰ</span> <span class='ocrx_word' id='word_1_458' title='bbox 3523 2282 3710 2354; x_wconf 72' lang='grc' dir='ltr'>ψυχὴν</span> 
     </span>
    </p>
   </div>
   <div class='ocr_carea' id='block_1_68' title="bbox 2105 2362 3700 2440">
    <p class='ocr_par' dir='ltr' id='par_1_68' title="bbox 2105 2362 3700 2440">
     <span class='ocr_line' id='line_1_68' title="bbox 2105 2362 3700 2440; baseline 0.008 -28"><span class='ocrx_word' id='word_1_459' title='bbox 2105 2362 2344 2430; x_wconf 82' lang='grc' dir='ltr'>ἠλικίαν,</span> <span class='ocrx_word' id='word_1_460' title='bbox 2397 2363 2632 2433; x_wconf 78' lang='grc' dir='ltr'>μάνθανε</span> <span class='ocrx_word' id='word_1_461' title='bbox 2680 2365 2779 2428; x_wconf 79' lang='grc' dir='ltr'><strong>τὰς</strong></span> <span class='ocrx_word' id='word_1_462' title='bbox 2835 2367 3056 2431; x_wconf 75' lang='grc' dir='ltr'>ἐντολὰς</span> <span class='ocrx_word' id='word_1_463' title='bbox 3093 2366 3194 2420; x_wconf 78' lang='grc' dir='ltr'><strong>τοῦ</strong></span> <span class='ocrx_word' id='word_1_464' title='bbox 3245 2370 3390 2423; x_wconf 77' lang='grc' dir='ltr'>κατὰ</span> <span class='ocrx_word' id='word_1_465' title='bbox 3425 2369 3601 2440; x_wconf 81' lang='grc' dir='ltr'>χάριν</span> <span class='ocrx_word' id='word_1_466' title='bbox 3641 2388 3700 2424; x_wconf 79' lang='grc' dir='ltr'><strong>σε</strong></span> 
     </span>
    </p>
   </div>
   <div class='ocr_carea' id='block_1_69' title="bbox 2105 2453 3701 2532">
    <p class='ocr_par' dir='ltr' id='par_1_69' title="bbox 2105 2453 3701 2532">
     <span class='ocr_line' id='line_1_69' title="bbox 2105 2453 3701 2532; baseline 0.006 -27"><span class='ocrx_word' id='word_1_467' title='bbox 2105 2453 2471 2518; x_wconf 76' lang='grc' dir='ltr'>υίοθετοῦντος</span> <span class='ocrx_word' id='word_1_468' title='bbox 2513 2455 2672 2519; x_wconf 81' lang='grc' dir='ltr'>Θεοῦ,</span> <span class='ocrx_word' id='word_1_469' title='bbox 2706 2457 2795 2509; x_wconf 69' lang='grc' dir='ltr'><strong>διὰ</strong></span> <span class='ocrx_word' id='word_1_470' title='bbox 2825 2457 2925 2526; x_wconf 85' lang='grc' dir='ltr'><strong>τῆς</strong></span> <span class='ocrx_word' id='word_1_471' title='bbox 2977 2459 3114 2528; x_wconf 68' lang='grc' dir='ltr'>πρὸς</span> <span class='ocrx_word' id='word_1_472' title='bbox 3155 2459 3408 2530; x_wconf 83' lang='grc' dir='ltr'>βοήθειαν</span> <span class='ocrx_word' id='word_1_473' title='bbox 3431 2463 3500 2532; x_wconf 79' lang='grc' dir='ltr'>τῇ</span> <span class='ocrx_word' id='word_1_474' title='bbox 3540 2462 3701 2530; x_wconf 78' lang='grc' dir='ltr'>φύσει</span> 
     </span>
    </p>
   </div>
   <div class='ocr_carea' id='block_1_70' title="bbox 2101 2542 3706 2620">
    <p class='ocr_par' dir='ltr' id='par_1_70' title="bbox 2101 2542 3706 2620">
     <span class='ocr_line' id='line_1_70' title="bbox 2101 2542 3706 2620; baseline 0.005 -24"><span class='ocrx_word' id='word_1_475' title='bbox 2101 2542 2346 2614; x_wconf 74' lang='grc' dir='ltr'><strong>δοθείσης</strong></span> <span class='ocrx_word' id='word_1_476' title='bbox 2371 2546 2623 2616; x_wconf 78' lang='grc' dir='ltr'>γραφῆς·</span> <span class='ocrx_word' id='word_1_477' title='bbox 2659 2547 2754 2600; x_wconf 77' lang='grc' dir='ltr'>καὶ</span> <span class='ocrx_word' id='word_1_478' title='bbox 2779 2547 2904 2610; x_wconf 75' lang='grc' dir='ltr'>τοὺς</span> <span class='ocrx_word' id='word_1_479' title='bbox 2935 2549 3194 2614; x_wconf 82' lang='grc' dir='ltr'><strong>τεθέντας</strong></span> <span class='ocrx_word' id='word_1_480' title='bbox 3225 2551 3284 2602; x_wconf 80' lang='grc' dir='ltr'>ὲν</span> <span class='ocrx_word' id='word_1_481' title='bbox 3321 2554 3386 2620; x_wconf 83' lang='grc' dir='ltr'>τῇ</span> <span class='ocrx_word' id='word_1_482' title='bbox 3419 2550 3534 2604; x_wconf 90' lang='grc' dir='ltr'><strong>τῶν</strong></span> <span class='ocrx_word' id='word_1_483' title='bbox 3564 2552 3706 2604; x_wconf 80' lang='grc' dir='ltr'>ὅλων</span> 
     </span>
    </p>
   </div>
   <div class='ocr_carea' id='block_1_71' title="bbox 2103 2634 3706 2710">
    <p class='ocr_par' dir='ltr' id='par_1_71' title="bbox 2103 2634 3706 2710">
     <span class='ocr_line' id='line_1_71' title="bbox 2103 2634 3706 2710; baseline 0.004 -23"><span class='ocrx_word' id='word_1_484' title='bbox 2103 2634 2285 2703; x_wconf 79' lang='grc' dir='ltr'>φύσει,</span> <span class='ocrx_word' id='word_1_485' title='bbox 2327 2636 2476 2706; x_wconf 83' lang='grc' dir='ltr'>παρὰ</span> <span class='ocrx_word' id='word_1_486' title='bbox 2503 2637 2862 2705; x_wconf 76' lang='grc' dir='ltr'>τῆς-πάντων</span> <span class='ocrx_word' id='word_1_487' title='bbox 2909 2639 3091 2703; x_wconf 76' lang='grc' dir='ltr'>αἰτίας</span> <span class='ocrx_word' id='word_1_488' title='bbox 3147 2640 3343 2709; x_wconf 82' lang='grc' dir='ltr'>σοφίας</span> <span class='ocrx_word' id='word_1_489' title='bbox 3398 2641 3622 2710; x_wconf 83' lang='grc' dir='ltr'>λόγους,</span> <span class='ocrx_word' id='word_1_490' title='bbox 3653 2643 3706 2694; x_wconf 79' lang='grc' dir='ltr'>οἳ</span> 
     </span>
    </p>
   </div>
   <div class='ocr_carea' id='block_1_72' title="bbox 2099 2725 3708 2801">
    <p class='ocr_par' dir='ltr' id='par_1_72' title="bbox 2099 2725 3708 2801">
     <span class='ocr_line' id='line_1_72' title="bbox 2099 2725 3708 2801; baseline 0.005 -23"><span class='ocrx_word' id='word_1_491' title='bbox 2099 2725 2241 2780; x_wconf 83' lang='grc' dir='ltr'><strong>αὐτά</strong></span> <span class='ocrx_word' id='word_1_492' title='bbox 2265 2729 2371 2780; x_wconf 85' lang='grc' dir='ltr'>είσι</span> <span class='ocrx_word' id='word_1_493' title='bbox 2408 2727 2476 2784; x_wconf 70' lang='grc' dir='ltr'>τὰ</span> <span class='ocrx_word' id='word_1_494' title='bbox 2501 2727 2620 2780; x_wconf 82' lang='grc' dir='ltr'>θεῖα</span> <span class='ocrx_word' id='word_1_495' title='bbox 2657 2727 2956 2801; x_wconf 70' lang='grc' dir='ltr'>θελήματα.</span> <span class='ocrx_word' id='word_1_496' title='bbox 3001 2731 3126 2783; x_wconf 83' lang='grc' dir='ltr'>καθ’</span> <span class='ocrx_word' id='word_1_497' title='bbox 3154 2730 3191 2784; x_wconf 78' lang='grc' dir='ltr'>ἃ</span> <span class='ocrx_word' id='word_1_498' title='bbox 3223 2731 3292 2784; x_wconf 65' lang='grc' dir='ltr'>τὰ</span> <span class='ocrx_word' id='word_1_499' title='bbox 3317 2733 3501 2786; x_wconf 73' lang='grc' dir='ltr'>πάντα</span> <span class='ocrx_word' id='word_1_500' title='bbox 3532 2737 3708 2801; x_wconf 81' lang='grc' dir='ltr'>γεγό-</span> 
     </span>
    </p>
   </div>
   <div class='ocr_carea' id='block_1_73' title="bbox 2099 2817 3704 2892">
    <p class='ocr_par' dir='ltr' id='par_1_73' title="bbox 2099 2817 3704 2892">
     <span class='ocr_line' id='line_1_73' title="bbox 2099 2817 3704 2892; baseline 0.002 -22"><span class='ocrx_word' id='word_1_501' title='bbox 2099 2833 2244 2881; x_wconf 86' lang='grc' dir='ltr'>νασι,</span> <span class='ocrx_word' id='word_1_502' title='bbox 2277 2818 2352 2887; x_wconf 83' lang='grc' dir='ltr'>μὴ</span> <span class='ocrx_word' id='word_1_503' title='bbox 2383 2817 2708 2892; x_wconf 74' lang='grc' dir='ltr'><strong>ἀποπέμψῃ,</strong></span> <span class='ocrx_word' id='word_1_504' title='bbox 2745 2818 3179 2891; x_wconf 83' lang='grc' dir='ltr'>παραχρώμενος</span> <span class='ocrx_word' id='word_1_505' title='bbox 3215 2824 3337 2885; x_wconf 81' lang='grc' dir='ltr'>ταῖς</span> <span class='ocrx_word' id='word_1_506' title='bbox 3372 2823 3510 2892; x_wconf 81' lang='grc' dir='ltr'>πρὸς</span> <span class='ocrx_word' id='word_1_507' title='bbox 3545 2825 3704 2891; x_wconf 80' lang='grc' dir='ltr'>ἐνέρ-</span> 
     </span>
    </p>
   </div>
   <div class='ocr_carea' id='block_1_74' title="bbox 2097 2909 3703 2982">
    <p class='ocr_par' dir='ltr' id='par_1_74' title="bbox 2097 2909 3703 2982">
     <span class='ocr_line' id='line_1_74' title="bbox 2097 2909 3703 2982; baseline 0.004 -23"><span class='ocrx_word' id='word_1_508' title='bbox 2097 2923 2255 2976; x_wconf 87' lang='grc' dir='ltr'>γειαν</span> <span class='ocrx_word' id='word_1_509' title='bbox 2280 2909 2371 2962; x_wconf 79' lang='grc' dir='ltr'>τοῦ</span> <span class='ocrx_word' id='word_1_510' title='bbox 2401 2909 2567 2962; x_wconf 84' lang='grc' dir='ltr'>καλοῦ</span> <span class='ocrx_word' id='word_1_511' title='bbox 2607 2909 2878 2973; x_wconf 80' lang='grc' dir='ltr'>δοθείσαις</span> <span class='ocrx_word' id='word_1_512' title='bbox 2922 2927 3004 2963; x_wconf 90' lang='grc' dir='ltr'><strong>σοι</strong></span> <span class='ocrx_word' id='word_1_513' title='bbox 3031 2911 3331 2981; x_wconf 84' lang='grc' dir='ltr'>δυνάμεσιν</span> <span class='ocrx_word' id='word_1_514' title='bbox 3351 2927 3366 2944; x_wconf 76' lang='grc' dir='ltr'><strong><em>ο</em></strong></span> <span class='ocrx_word' id='word_1_515' title='bbox 3418 2913 3703 2982; x_wconf 75' lang='grc' dir='ltr'>ἐπαγγέλ-</span> 
     </span>
    </p>
   </div>
   <div class='ocr_carea' id='block_1_75' title="bbox 2096 2999 3702 3077">
    <p class='ocr_par' dir='ltr' id='par_1_75' title="bbox 2096 2999 3702 3077">
     <span class='ocr_line' id='line_1_75' title="bbox 2096 2999 3702 3077; baseline 0.005 -25"><span class='ocrx_word' id='word_1_516' title='bbox 2096 2999 2259 3070; x_wconf 79' lang='grc' dir='ltr'>λομαι</span> <span class='ocrx_word' id='word_1_517' title='bbox 2295 3002 2406 3070; x_wconf 88' lang='grc' dir='ltr'>γάρ</span> <span class='ocrx_word' id='word_1_518' title='bbox 2447 3019 2548 3066; x_wconf 87' lang='grc' dir='ltr'>σοι,</span> <span class='ocrx_word' id='word_1_519' title='bbox 2603 3003 2667 3074; x_wconf 63' lang='grc' dir='ltr'><strong>εκ</strong></span> <span class='ocrx_word' id='word_1_520' title='bbox 2695 3002 2790 3056; x_wconf 75' lang='grc' dir='ltr'><strong>τοῦ</strong></span> <span class='ocrx_word' id='word_1_521' title='bbox 2823 3003 3112 3073; x_wconf 83' lang='grc' dir='ltr'>μανθάνειν</span> <span class='ocrx_word' id='word_1_522' title='bbox 3147 3021 3206 3058; x_wconf 90' lang='grc' dir='ltr'><strong>σε</strong></span> <span class='ocrx_word' id='word_1_523' title='bbox 3251 3007 3350 3058; x_wconf 75' lang='grc' dir='ltr'>καὶ</span> <span class='ocrx_word' id='word_1_524' title='bbox 3371 3009 3568 3077; x_wconf 74' lang='grc' dir='ltr'>τηρεῖν</span> <span class='ocrx_word' id='word_1_525' title='bbox 3593 3009 3702 3070; x_wconf 81' lang='grc' dir='ltr'>τὰς</span> 
     </span>
    </p>
   </div>
   <div class='ocr_carea' id='block_1_76' title="bbox 2098 3089 3698 3168">
    <p class='ocr_par' dir='ltr' id='par_1_76' title="bbox 2098 3089 3698 3168">
     <span class='ocr_line' id='line_1_76' title="bbox 2098 3089 3698 3168; baseline 0.008 -26"><span class='ocrx_word' id='word_1_526' title='bbox 2098 3089 2247 3152; x_wconf 86' lang='grc' dir='ltr'>θείας</span> <span class='ocrx_word' id='word_1_527' title='bbox 2277 3091 2516 3156; x_wconf 74' lang='grc' dir='ltr'>ἐντολὰς,</span> <span class='ocrx_word' id='word_1_528' title='bbox 2549 3097 3024 3162; x_wconf 79' lang='grc' dir='ltr'>προσγενήσεσθαι</span> <span class='ocrx_word' id='word_1_529' title='bbox 3068 3097 3144 3166; x_wconf 79' lang='grc' dir='ltr'>τῷ</span> <span class='ocrx_word' id='word_1_530' title='bbox 3174 3097 3276 3167; x_wconf 83' lang='grc' dir='ltr'><strong>μὲν</strong></span> <span class='ocrx_word' id='word_1_531' title='bbox 3300 3099 3539 3168; x_wconf 87' lang='grc' dir='ltr'>ἡγεμόνι</span> <span class='ocrx_word' id='word_1_532' title='bbox 3591 3117 3698 3155; x_wconf 86' lang='grc' dir='ltr'><strong>σου</strong></span> 
     </span>
    </p>
   </div>
   <div class='ocr_carea' id='block_1_77' title="bbox 2096 3175 3698 3258">
    <p class='ocr_par' dir='ltr' id='par_1_77' title="bbox 2096 3175 3698 3258">
     <span class='ocr_line' id='line_1_77' title="bbox 2096 3175 3698 3258; baseline 0.007 -24"><span class='ocrx_word' id='word_1_533' title='bbox 2096 3182 2194 3250; x_wconf 85' lang='grc' dir='ltr'>νῷ,</span> <span class='ocrx_word' id='word_1_534' title='bbox 2225 3175 2314 3235; x_wconf 75' lang='grc' dir='ltr'><strong>οἷά</strong></span> <span class='ocrx_word' id='word_1_535' title='bbox 2341 3199 2461 3234; x_wconf 88' lang='grc' dir='ltr'>τινα</span> <span class='ocrx_word' id='word_1_536' title='bbox 2494 3183 2760 3252; x_wconf 85' lang='grc' dir='ltr'>στέφανον</span> <span class='ocrx_word' id='word_1_537' title='bbox 2791 3187 2854 3237; x_wconf 75' lang='grc' dir='ltr'>ἐκ</span> <span class='ocrx_word' id='word_1_538' title='bbox 2887 3183 3164 3256; x_wconf 84' lang='grc' dir='ltr'>διαφόρων</span> <span class='ocrx_word' id='word_1_539' title='bbox 3187 3187 3567 3258; x_wconf 82' lang='grc' dir='ltr'>πεπλεγμένον</span> <span class='ocrx_word' id='word_1_540' title='bbox 3592 3192 3698 3245; x_wconf 78' lang='grc' dir='ltr'><strong>ἀν-</strong></span> 
     </span>
    </p>
   </div>
   <div class='ocr_carea' id='block_1_78' title="bbox 2097 3266 3698 3353">
    <p class='ocr_par' dir='ltr' id='par_1_78' title="bbox 2097 3266 3698 3353">
     <span class='ocr_line' id='line_1_78' title="bbox 2097 3266 3698 3353; baseline 0.005 -26"><span class='ocrx_word' id='word_1_541' title='bbox 2097 3273 2258 3340; x_wconf 80' lang='grc' dir='ltr'>θέων,</span> <span class='ocrx_word' id='word_1_542' title='bbox 2308 3275 2406 3344; x_wconf 81' lang='grc' dir='ltr'>τὴν</span> <span class='ocrx_word' id='word_1_543' title='bbox 2447 3275 2511 3327; x_wconf 84' lang='grc' dir='ltr'>ὲκ</span> <span class='ocrx_word' id='word_1_544' title='bbox 2539 3275 2638 3344; x_wconf 75' lang='grc' dir='ltr'>τῆς</span> <span class='ocrx_word' id='word_1_545' title='bbox 2671 3266 2789 3328; x_wconf 69' lang='grc' dir='ltr'>’τῶν</span> <span class='ocrx_word' id='word_1_546' title='bbox 2831 3276 2968 3329; x_wconf 80' lang='grc' dir='ltr'>ὅλων</span> <span class='ocrx_word' id='word_1_547' title='bbox 3018 3277 3236 3346; x_wconf 83' lang='grc' dir='ltr'>φύσεως</span> <span class='ocrx_word' id='word_1_548' title='bbox 3283 3279 3698 3353; x_wconf 82' lang='grc' dir='ltr'>συλλεγομένην</span> 
     </span>
    </p>
   </div>
   <div class='ocr_carea' id='block_1_79' title="bbox 2095 3366 3695 3444">
    <p class='ocr_par' dir='ltr' id='par_1_79' title="bbox 2095 3366 3695 3444">
     <span class='ocr_line' id='line_1_79' title="bbox 2095 3366 3695 3444; baseline 0.006 -26"><span class='ocrx_word' id='word_1_549' title='bbox 2095 3366 2300 3436; x_wconf 76' lang='grc' dir='ltr'>γνῶσιν</span> <span class='ocrx_word' id='word_1_550' title='bbox 2346 3366 2446 3436; x_wconf 80' lang='grc' dir='ltr'>τῆς</span> <span class='ocrx_word' id='word_1_551' title='bbox 2474 3367 2770 3438; x_wconf 75' lang='grc' dir='ltr'>ἀληθείας’</span> <span class='ocrx_word' id='word_1_552' title='bbox 2795 3367 2873 3436; x_wconf 79' lang='grc' dir='ltr'>τῷ</span> <span class='ocrx_word' id='word_1_553' title='bbox 2902 3368 2959 3422; x_wconf 83' lang='grc' dir='ltr'>δὲ</span> <span class='ocrx_word' id='word_1_554' title='bbox 2987 3371 3314 3425; x_wconf 79' lang='grc' dir='ltr'>συνάπτοντι</span> <span class='ocrx_word' id='word_1_555' title='bbox 3362 3372 3462 3442; x_wconf 78' lang='grc' dir='ltr'><strong>τὴν</strong></span> <span class='ocrx_word' id='word_1_556' title='bbox 3487 3373 3695 3444; x_wconf 72' lang='grc' dir='ltr'>αἴσθη-</span> 
     </span>
    </p>
   </div>
   <div class='ocr_carea' id='block_1_80' title="bbox 2097 3455 3695 3533">
    <p class='ocr_par' dir='ltr' id='par_1_80' title="bbox 2097 3455 3695 3533">
     <span class='ocr_line' id='line_1_80' title="bbox 2097 3455 3695 3533; baseline 0.005 -23"><span class='ocrx_word' id='word_1_557' title='bbox 2097 3473 2183 3510; x_wconf 81' lang='grc' dir='ltr'><strong>σιν</strong></span> <span class='ocrx_word' id='word_1_558' title='bbox 2208 3457 2287 3526; x_wconf 81' lang='grc' dir='ltr'>τῷ</span> <span class='ocrx_word' id='word_1_559' title='bbox 2307 3455 2408 3519; x_wconf 82' lang='grc' dir='ltr'>νοῒ,</span> <span class='ocrx_word' id='word_1_560' title='bbox 2426 3457 2509 3520; x_wconf 81' lang='grc' dir='ltr'>ὡς</span> <span class='ocrx_word' id='word_1_561' title='bbox 2545 3459 2576 3510; x_wconf 85' lang='grc' dir='ltr'><strong>ό</strong></span> <span class='ocrx_word' id='word_1_562' title='bbox 2613 3459 2887 3528; x_wconf 77' lang='grc' dir='ltr'>τράχηλος</span> <span class='ocrx_word' id='word_1_563' title='bbox 2925 3461 2990 3531; x_wconf 81' lang='grc' dir='ltr'><strong>τῇ</strong></span> <span class='ocrx_word' id='word_1_564' title='bbox 3023 3461 3234 3533; x_wconf 76' lang='grc' dir='ltr'>κεφαλῇ</span> <span class='ocrx_word' id='word_1_565' title='bbox 3266 3462 3326 3515; x_wconf 84' lang='grc' dir='ltr'>τὺ</span> <span class='ocrx_word' id='word_1_566' title='bbox 3357 3462 3550 3517; x_wconf 67' lang='grc' dir='ltr'>λοιπὸν</span> <span class='ocrx_word' id='word_1_567' title='bbox 3577 3465 3695 3518; x_wconf 84' lang='grc' dir='ltr'>σῶ-</span> 
     </span>
    </p>
   </div>
   <div class='ocr_carea' id='block_1_81' title="bbox 2097 3544 3696 3628">
    <p class='ocr_par' dir='ltr' id='par_1_81' title="bbox 2097 3544 3696 3628">
     <span class='ocr_line' id='line_1_81' title="bbox 2097 3544 3696 3628; baseline 0.008 -30"><span class='ocrx_word' id='word_1_568' title='bbox 2097 3564 2176 3616; x_wconf 80' lang='grc' dir='ltr'><strong>μα</strong></span> <span class='ocrx_word' id='word_1_569' title='bbox 2207 3545 2502 3616; x_wconf 85' lang='grc' dir='ltr'>λογιστικῷ</span> <span class='ocrx_word' id='word_1_570' title='bbox 2533 3563 2652 3612; x_wconf 87' lang='grc' dir='ltr'>σου,</span> <span class='ocrx_word' id='word_1_571' title='bbox 2697 3544 2786 3602; x_wconf 71' lang='grc' dir='ltr'><strong>οἶά</strong></span> <span class='ocrx_word' id='word_1_572' title='bbox 2831 3565 2955 3602; x_wconf 88' lang='grc' dir='ltr'>τινα</span> <span class='ocrx_word' id='word_1_573' title='bbox 3009 3549 3212 3621; x_wconf 84' lang='grc' dir='ltr'>κόσμον</span> <span class='ocrx_word' id='word_1_574' title='bbox 3262 3556 3696 3628; x_wconf 77' lang='grc' dir='ltr'>περιτραχήλιον</span> 
     </span>
    </p>
   </div>
   <div class='ocr_carea' id='block_1_82' title="bbox 2093 3637 3024 3711">
    <p class='ocr_par' dir='ltr' id='par_1_82' title="bbox 2093 3637 3024 3711">
     <span class='ocr_line' id='line_1_82' title="bbox 2093 3637 3024 3711; baseline 0.003 -19"><span class='ocrx_word' id='word_1_575' title='bbox 2093 3638 2186 3692; x_wconf 84' lang='grc' dir='ltr'>τὸν</span> <span class='ocrx_word' id='word_1_576' title='bbox 2211 3637 2464 3710; x_wconf 66' lang='grc' dir='ltr'>λαμπρὸν</span> <span class='ocrx_word' id='word_1_577' title='bbox 2495 3641 2616 3692; x_wconf 85' lang='grc' dir='ltr'>κατ’</span> <span class='ocrx_word' id='word_1_578' title='bbox 2647 3638 2850 3711; x_wconf 80' lang='grc' dir='ltr'>ἀρετὴν</span> <span class='ocrx_word' id='word_1_579' title='bbox 2891 3639 3024 3710; x_wconf 82' lang='grc' dir='ltr'>βίον.</span> 
     </span>
    </p>
   </div>
   <div class='ocr_carea' id='block_1_83' title="bbox 2166 3727 3689 3803">
    <p class='ocr_par' dir='ltr' id='par_1_83' title="bbox 2166 3727 3689 3803">
     <span class='ocr_line' id='line_1_83' title="bbox 2166 3727 3689 3803; baseline 0.007 -23"><span class='ocrx_word' id='word_1_580' title='bbox 2166 3729 2312 3784; x_wconf 67' lang='grc' dir='ltr'>ι’-ιδν.</span> <span class='ocrx_word' id='word_1_581' title='bbox 2343 3729 2456 3796; x_wconf 83' lang='grc' dir='ltr'><strong>Υιὲ,</strong></span> <span class='ocrx_word' id='word_1_582' title='bbox 2483 3727 2566 3798; x_wconf 78' lang='grc' dir='ltr'>μή</span> <span class='ocrx_word' id='word_1_583' title='bbox 2595 3745 2672 3784; x_wconf 80' lang='grc' dir='ltr'><strong>σε</strong></span> <span class='ocrx_word' id='word_1_584' title='bbox 2729 3731 3133 3798; x_wconf 74' lang='grc' dir='ltr'>πλανήσωσιν</span> <span class='ocrx_word' id='word_1_585' title='bbox 3160 3733 3380 3801; x_wconf 76' lang='grc' dir='ltr'>ἄνδρες</span> <span class='ocrx_word' id='word_1_586' title='bbox 3411 3735 3654 3803; x_wconf 77' lang='grc' dir='ltr'>ἀσεϐεῖς</span> <span class='ocrx_word' id='word_1_587' title='bbox 3673 3752 3689 3767; x_wconf 90' lang='grc'><strong>·</strong></span> 
     </span>
    </p>
   </div>
   <div class='ocr_carea' id='block_1_84' title="bbox 2089 3819 3690 3898">
    <p class='ocr_par' dir='ltr' id='par_1_84' title="bbox 2089 3819 3690 3898">
     <span class='ocr_line' id='line_1_84' title="bbox 2089 3819 3690 3898; baseline 0.007 -26"><span class='ocrx_word' id='word_1_588' title='bbox 2089 3821 2245 3890; x_wconf 78' lang='grc' dir='ltr'>μηδὲ</span> <span class='ocrx_word' id='word_1_589' title='bbox 2275 3819 2616 3888; x_wconf 68' lang='grc' dir='ltr'>βουληθῇς,</span> <span class='ocrx_word' id='word_1_590' title='bbox 2643 3821 2754 3876; x_wconf 75' lang='grc' dir='ltr'><strong>ἐὰν</strong></span> <span class='ocrx_word' id='word_1_591' title='bbox 2777 3823 3250 3890; x_wconf 65' lang='grc' dir='ltr'>παρακαλέσώσί</span> <span class='ocrx_word' id='word_1_592' title='bbox 3282 3841 3358 3880; x_wconf 82' lang='grc' dir='ltr'><strong>σε</strong></span> <span class='ocrx_word' id='word_1_593' title='bbox 3378 3827 3690 3898; x_wconf 67' lang='grc' dir='ltr'>λέγοντες-⁸</span> 
     </span>
    </p>
   </div>
   <div class='ocr_carea' id='block_1_85' title="bbox 2109 3911 3694 3988">
    <p class='ocr_par' dir='ltr' id='par_1_85' title="bbox 2109 3911 3694 3988">
     <span class='ocr_line' id='line_1_85' title="bbox 2109 3911 3694 3988; baseline 0.005 -23"><span class='ocrx_word' id='word_1_594' title='bbox 2109 3911 2282 3965; x_wconf 69' lang='grc' dir='ltr'><strong>Ἐλθέ</strong></span> <span class='ocrx_word' id='word_1_595' title='bbox 2295 3913 2424 3980; x_wconf 84' lang='grc' dir='ltr'>μεθ’</span> <span class='ocrx_word' id='word_1_596' title='bbox 2453 3911 2640 3980; x_wconf 74' lang='grc' dir='ltr'>ἡμῶν,</span> <span class='ocrx_word' id='word_1_597' title='bbox 2662 3911 3038 3980; x_wconf 80' lang='grc' dir='ltr'>κοινώνησον</span> <span class='ocrx_word' id='word_1_598' title='bbox 3057 3915 3311 3985; x_wconf 79' lang='grc' dir='ltr'>αἵματος</span> <span class='ocrx_word' id='word_1_599' title='bbox 3328 3933 3342 3946; x_wconf 93' lang='grc'><strong>·</strong></span> <span class='ocrx_word' id='word_1_600' title='bbox 3360 3919 3694 3988; x_wconf 73' lang='grc' dir='ltr'>κρύψωμεν</span> 
     </span>
    </p>
   </div>
   <div class='ocr_carea' id='block_1_86' title="bbox 2095 4002 3692 4079">
    <p class='ocr_par' dir='ltr' id='par_1_86' title="bbox 2095 4002 3692 4079">
     <span class='ocr_line' id='line_1_86' title="bbox 2095 4002 3692 4079; baseline 0.006 -23"><span class='ocrx_word' id='word_1_601' title='bbox 2095 4002 2164 4057; x_wconf 79' lang='grc' dir='ltr'>δὲ</span> <span class='ocrx_word' id='word_1_602' title='bbox 2186 4005 2274 4068; x_wconf 75' lang='grc' dir='ltr'>εἰς</span> <span class='ocrx_word' id='word_1_603' title='bbox 2316 4002 2434 4073; x_wconf 69' lang='grc' dir='ltr'>γῆν</span> <span class='ocrx_word' id='word_1_604' title='bbox 2475 4004 2666 4072; x_wconf 74' lang='grc' dir='ltr'>ἄνδρα</span> <span class='ocrx_word' id='word_1_605' title='bbox 2691 4003 2950 4070; x_wconf 74' lang='grc' dir='ltr'>δίκαιον,</span> <span class='ocrx_word' id='word_1_606' title='bbox 2992 4005 3216 4073; x_wconf 78' lang='grc' dir='ltr'>ἀδίκως</span> <span class='ocrx_word' id='word_1_607' title='bbox 3237 4025 3254 4042; x_wconf 87' lang='grc'><strong>·</strong></span> <span class='ocrx_word' id='word_1_608' title='bbox 3303 4010 3692 4079; x_wconf 78' lang='grc' dir='ltr'>καταπίωμεν</span> 
     </span>
    </p>
   </div>
   <div class='ocr_carea' id='block_1_87' title="bbox 2097 4093 3692 4168">
    <p class='ocr_par' dir='ltr' id='par_1_87' title="bbox 2097 4093 3692 4168">
     <span class='ocr_line' id='line_1_87' title="bbox 2097 4093 3692 4168; baseline 0.006 -20"><span class='ocrx_word' id='word_1_609' title='bbox 2097 4094 2165 4148; x_wconf 74' lang='grc' dir='ltr'>δὲ</span> <span class='ocrx_word' id='word_1_610' title='bbox 2193 4096 2378 4150; x_wconf 77' lang='grc' dir='ltr'>αὐτὸν</span> <span class='ocrx_word' id='word_1_611' title='bbox 2405 4094 2608 4164; x_wconf 82' lang='grc' dir='ltr'>ὥσπερ</span> <span class='ocrx_word' id='word_1_612' title='bbox 2652 4095 2806 4163; x_wconf 82' lang='grc' dir='ltr'>ᾅδης</span> <span class='ocrx_word' id='word_1_613' title='bbox 2833 4093 3040 4162; x_wconf 78' lang='grc' dir='ltr'>ζῶντα,</span> <span class='ocrx_word' id='word_1_614' title='bbox 3071 4098 3170 4152; x_wconf 74' lang='grc' dir='ltr'><strong>καὶ</strong></span> <span class='ocrx_word' id='word_1_615' title='bbox 3221 4098 3458 4168; x_wconf 76' lang='grc' dir='ltr'>ἄρωμεν</span> <span class='ocrx_word' id='word_1_616' title='bbox 3495 4103 3692 4157; x_wconf 82' lang='grc' dir='ltr'>αὐτοῦ</span> 
     </span>
    </p>
   </div>
   <div class='ocr_carea' id='block_1_88' title="bbox 2096 4185 3693 4258">
    <p class='ocr_par' dir='ltr' id='par_1_88' title="bbox 2096 4185 3693 4258">
     <span class='ocr_line' id='line_1_88' title="bbox 2096 4185 3693 4258; baseline 0.005 -20"><span class='ocrx_word' id='word_1_617' title='bbox 2096 4185 2212 4252; x_wconf 78' lang='grc' dir='ltr'>τὴν</span> <span class='ocrx_word' id='word_1_618' title='bbox 2243 4185 2493 4254; x_wconf 79' lang='grc' dir='ltr'>μνήμην</span> <span class='ocrx_word' id='word_1_619' title='bbox 2512 4186 2632 4240; x_wconf 80' lang='grc' dir='ltr'><strong>ἀπὸ</strong></span> <span class='ocrx_word' id='word_1_620' title='bbox 2653 4185 2764 4254; x_wconf 81' lang='grc' dir='ltr'>τῆς</span> <span class='ocrx_word' id='word_1_621' title='bbox 2785 4185 2898 4257; x_wconf 80' lang='grc' dir='ltr'>γῆς</span> <span class='ocrx_word' id='word_1_622' title='bbox 2915 4203 2930 4217; x_wconf 85' lang='grc'><strong>·</strong></span> <span class='ocrx_word' id='word_1_623' title='bbox 2962 4187 3078 4256; x_wconf 81' lang='grc' dir='ltr'>τὴν</span> <span class='ocrx_word' id='word_1_624' title='bbox 3105 4188 3330 4256; x_wconf 79' lang='grc' dir='ltr'>κτῆσιν</span> <span class='ocrx_word' id='word_1_625' title='bbox 3352 4191 3542 4244; x_wconf 84' lang='grc' dir='ltr'>αὑτοῦ</span> <span class='ocrx_word' id='word_1_626' title='bbox 3567 4193 3693 4258; x_wconf 80' lang='grc' dir='ltr'>τὴν</span> 
     </span>
    </p>
   </div>
   <div class='ocr_carea' id='block_1_89' title="bbox 2097 4275 3691 4348">
    <p class='ocr_par' dir='ltr' id='par_1_89' title="bbox 2097 4275 3691 4348">
     <span class='ocr_line' id='line_1_89' title="bbox 2097 4275 3691 4348; baseline 0.003 -17"><span class='ocrx_word' id='word_1_627' title='bbox 2097 4276 2408 4347; x_wconf 72' lang='grc' dir='ltr'><strong>πολυτελῆ</strong></span> <span class='ocrx_word' id='word_1_628' title='bbox 2457 4275 2919 4348; x_wconf 80' lang='grc' dir='ltr'>καταλαόώμεθα</span> <span class='ocrx_word' id='word_1_629' title='bbox 2941 4293 2955 4308; x_wconf 75' lang='grc' dir='ltr'><strong>ο</strong></span> <span class='ocrx_word' id='word_1_630' title='bbox 2989 4277 3324 4348; x_wconf 65' lang='grc' dir='ltr'>θελήσωμεν</span> <span class='ocrx_word' id='word_1_631' title='bbox 3367 4279 3438 4334; x_wconf 82' lang='grc' dir='ltr'>δὲ</span> <span class='ocrx_word' id='word_1_632' title='bbox 3474 4281 3691 4348; x_wconf 74' lang='grc' dir='ltr'>οἴκους</span> 
     </span>
    </p>
   </div>
   <div class='ocr_carea' id='block_1_90' title="bbox 2096 4369 3692 4440">
    <p class='ocr_par' dir='ltr' id='par_1_90' title="bbox 2096 4369 3692 4440">
     <span class='ocr_line' id='line_1_90' title="bbox 2096 4369 3692 4440; baseline 0.004 -17"><span class='ocrx_word' id='word_1_633' title='bbox 2096 4369 2423 4439; x_wconf 76' lang='grc' dir='ltr'>ἡμετέρους</span> <span class='ocrx_word' id='word_1_634' title='bbox 2467 4370 2744 4424; x_wconf 69' lang='grc' dir='ltr'><strong>σκύλων-⁸</strong></span> <span class='ocrx_word' id='word_1_635' title='bbox 2777 4369 2884 4424; x_wconf 79' lang='grc' dir='ltr'>τὸν</span> <span class='ocrx_word' id='word_1_636' title='bbox 2913 4369 2981 4424; x_wconf 79' lang='grc' dir='ltr'>δὲ</span> <span class='ocrx_word' id='word_1_637' title='bbox 3017 4373 3136 4424; x_wconf 84' lang='grc' dir='ltr'>σὸν</span> <span class='ocrx_word' id='word_1_638' title='bbox 3164 4371 3398 4440; x_wconf 72' lang='grc' dir='ltr'>κλῆρον</span> <span class='ocrx_word' id='word_1_639' title='bbox 3423 4373 3585 4437; x_wconf 72' lang='grc' dir='ltr'>,βάλε</span> <span class='ocrx_word' id='word_1_640' title='bbox 3613 4376 3692 4429; x_wconf 81' lang='grc' dir='ltr'>ἐν</span> 
     </span>
    </p>
   </div>
   <div class='ocr_carea' id='block_1_91' title="bbox 410 4460 2000 4544">
    <p class='ocr_par' dir='ltr' id='par_1_91' title="bbox 410 4464 1990 4544">
     <span class='ocr_line' id='line_1_91' title="bbox 410 4464 1990 4544; baseline -0.008 -12"><span class='ocrx_word' id='word_1_641' title='bbox 410 4489 460 4532; x_wconf 82' lang='lat' dir='ltr'><strong>et</strong></span> <span class='ocrx_word' id='word_1_642' title='bbox 485 4490 649 4531; x_wconf 73' lang='lat' dir='ltr'><strong>unum</strong></span> <span class='ocrx_word' id='word_1_643' title='bbox 668 4473 994 4544; x_wconf 79' lang='lat' dir='ltr'><strong>marsupium</strong></span> <span class='ocrx_word' id='word_1_644' title='bbox 1007 4473 1077 4526; x_wconf 88' lang='lat' dir='ltr'><strong>sit</strong></span> <span class='ocrx_word' id='word_1_645' title='bbox 1093 4471 1264 4526; x_wconf 81' lang='lat' dir='ltr'><strong>nobis.</strong></span> <span class='ocrx_word' id='word_1_646' title='bbox 1283 4468 1362 4525; x_wconf 85' lang='lat' dir='ltr'><strong>Ne</strong></span> <span class='ocrx_word' id='word_1_647' title='bbox 1383 4465 1646 4535; x_wconf 85' lang='lat' dir='ltr'><strong>subjicias</strong></span> <span class='ocrx_word' id='word_1_648' title='bbox 1663 4473 1737 4531; x_wconf 87' lang='lat' dir='ltr'><strong>te,</strong></span> <span class='ocrx_word' id='word_1_649' title='bbox 1766 4464 1842 4518; x_wconf 82' lang='lat' dir='ltr'><strong>liii</strong></span> <span class='ocrx_word' id='word_1_650' title='bbox 1857 4464 1990 4520; x_wconf 89' lang='lat' dir='ltr'><strong>cha-</strong></span> 
     </span>
    </p>
   </div>
   <div class='ocr_carea' id='block_1_92' title="bbox 2108 4460 3688 4544">
    <p class='ocr_par' dir='ltr' id='par_1_92' title="bbox 2108 4460 3688 4534">
     <span class='ocr_line' id='line_1_92' title="bbox 2108 4460 3688 4534; baseline 0.001 -16"><span class='ocrx_word' id='word_1_651' title='bbox 2108 4465 2267 4534; x_wconf 73' lang='grc' dir='ltr'>ἠμῗν,</span> <span class='ocrx_word' id='word_1_652' title='bbox 2314 4463 2520 4517; x_wconf 81' lang='grc' dir='ltr'>κοινὸν</span> <span class='ocrx_word' id='word_1_653' title='bbox 2571 4460 2640 4514; x_wconf 83' lang='grc' dir='ltr'>δὲ</span> <span class='ocrx_word' id='word_1_654' title='bbox 2674 4461 3012 4527; x_wconf 71' lang='grc' dir='ltr'>βαλάντιον</span> <span class='ocrx_word' id='word_1_655' title='bbox 3052 4463 3406 4533; x_wconf 80' lang='grc' dir='ltr'>κτησώμεθα</span> <span class='ocrx_word' id='word_1_656' title='bbox 3432 4465 3688 4534; x_wconf 78' lang='grc' dir='ltr'>πάντες,</span> 
     </span>
    </p>
   </div>
   <div class='ocr_carea' id='block_1_93' title="bbox 414 4563 1990 4636">
    <p class='ocr_par' dir='ltr' id='par_1_93' title="bbox 414 4563 1990 4636">
     <span class='ocr_line' id='line_1_93' title="bbox 414 4563 1990 4636; baseline -0.01 -9"><span class='ocrx_word' id='word_1_657' title='bbox 414 4572 652 4636; x_wconf 85' lang='lat' dir='ltr'><strong>rissime,</strong></span> <span class='ocrx_word' id='word_1_658' title='bbox 669 4569 982 4625; x_wconf 85' lang='lat' dir='ltr'><strong>hominibus</strong></span> <span class='ocrx_word' id='word_1_659' title='bbox 1007 4582 1100 4636; x_wconf 83' lang='lat' dir='ltr'><strong>per</strong></span> <span class='ocrx_word' id='word_1_660' title='bbox 1137 4567 1278 4622; x_wconf 87' lang='lat' dir='ltr'><strong>bona</strong></span> <span class='ocrx_word' id='word_1_661' title='bbox 1297 4579 1462 4635; x_wconf 87' lang='lat' dir='ltr'><strong>opera</strong></span> <span class='ocrx_word' id='word_1_662' title='bbox 1488 4563 1656 4617; x_wconf 86' lang='lat' dir='ltr'><strong>Deum</strong></span> <span class='ocrx_word' id='word_1_663' title='bbox 1678 4578 1784 4617; x_wconf 91' lang='lat' dir='ltr'><strong>non</strong></span> <span class='ocrx_word' id='word_1_664' title='bbox 1823 4563 1990 4616; x_wconf 83' lang='lat' dir='ltr'><strong>bono-</strong></span> 
     </span>
    </p>
   </div>
   <div class='ocr_carea' id='block_1_94' title="bbox 413 4652 1990 4730">
    <p class='ocr_par' dir='ltr' id='par_1_94' title="bbox 413 4652 1990 4730">
     <span class='ocr_line' id='line_1_94' title="bbox 413 4652 1990 4730; baseline -0.01 -9"><span class='ocrx_word' id='word_1_665' title='bbox 413 4665 835 4730; x_wconf 83' lang='lat' dir='ltr'><strong>rantibus,nec</strong></span> <span class='ocrx_word' id='word_1_666' title='bbox 896 4662 950 4716; x_wconf 89' lang='lat' dir='ltr'><strong>in</strong></span> <span class='ocrx_word' id='word_1_667' title='bbox 1003 4660 1088 4714; x_wconf 88' lang='lat' dir='ltr'><strong>via</strong></span> <span class='ocrx_word' id='word_1_668' title='bbox 1141 4657 1540 4712; x_wconf 82' lang='lat' dir='ltr'><strong>homicidarum</strong></span> <span class='ocrx_word' id='word_1_669' title='bbox 1603 4658 1870 4713; x_wconf 81' lang='lat' dir='ltr'><strong>ambules.</strong></span> <span class='ocrx_word' id='word_1_670' title='bbox 1911 4652 1990 4707; x_wconf 77' lang='lat' dir='ltr'><strong>Ne</strong></span> 
     </span>
    </p>
   </div>
   <div class='ocr_carea' id='block_1_95' title="bbox 413 4745 1987 4826">
    <p class='ocr_par' dir='ltr' id='par_1_95' title="bbox 413 4745 1987 4826">
     <span class='ocr_line' id='line_1_95' title="bbox 413 4745 1987 4826; baseline -0.009 -16"><span class='ocrx_word' id='word_1_671' title='bbox 413 4755 740 4826; x_wconf 76' lang='lat' dir='ltr'><strong>acquiescas</strong></span> <span class='ocrx_word' id='word_1_672' title='bbox 755 4750 1002 4809; x_wconf 83' lang='lat' dir='ltr'><strong>omnino,</strong></span> <span class='ocrx_word' id='word_1_673' title='bbox 1034 4750 1078 4804; x_wconf 91' lang='lat' dir='ltr'><strong>si</strong></span> <span class='ocrx_word' id='word_1_674' title='bbox 1107 4748 1205 4802; x_wconf 85' lang='lat' dir='ltr'><strong>tibi</strong></span> <span class='ocrx_word' id='word_1_675' title='bbox 1233 4763 1358 4802; x_wconf 88' lang='lat' dir='ltr'><strong>cum</strong></span> <span class='ocrx_word' id='word_1_676' title='bbox 1390 4747 1700 4804; x_wconf 82' lang='lat' dir='ltr'><strong>hortatione</strong></span> <span class='ocrx_word' id='word_1_677' title='bbox 1715 4745 1987 4801; x_wconf 69' lang='lat' dir='ltr'><strong>dixerint:</strong></span> 
     </span>
    </p>
   </div>
   <div class='ocr_carea' id='block_1_96' title="bbox 416 4837 1990 4909">
    <p class='ocr_par' dir='ltr' id='par_1_96' title="bbox 416 4837 1990 4909">
     <span class='ocr_line' id='line_1_96' title="bbox 416 4837 1990 4909; baseline -0.008 -9"><span class='ocrx_word' id='word_1_678' title='bbox 416 4845 878 4904; x_wconf 81' lang='lat' dir='ltr'><strong>Veninobiscum,</strong></span> <span class='ocrx_word' id='word_1_679' title='bbox 906 4841 1170 4894; x_wconf 78' lang='lat' dir='ltr'><strong>insidiare</strong></span> <span class='ocrx_word' id='word_1_680' title='bbox 1205 4837 1458 4909; x_wconf 69' lang='lat' dir='ltr'><strong>sanguini</strong></span> <span class='ocrx_word' id='word_1_681' title='bbox 1484 4839 1649 4894; x_wconf 76' lang='lat' dir='ltr'><strong>caedis</strong></span> <span class='ocrx_word' id='word_1_682' title='bbox 1683 4856 1697 4892; x_wconf 88' lang='lat'>:</span> <span class='ocrx_word' id='word_1_683' title='bbox 1726 4837 1990 4894; x_wconf 85' lang='lat' dir='ltr'><strong>subterra</strong></span> 
     </span>
    </p>
   </div>
   <div class='ocr_carea' id='block_1_97' title="bbox 413 4925 1994 5000">
    <p class='ocr_par' dir='ltr' id='par_1_97' title="bbox 413 4925 1994 5000">
     <span class='ocr_line' id='line_1_97' title="bbox 413 4925 1994 5000; baseline -0.008 -6"><span class='ocrx_word' id='word_1_684' title='bbox 413 4939 819 4994; x_wconf 68' lang='lat' dir='ltr'><strong>abscondimus</strong></span> <span class='ocrx_word' id='word_1_685' title='bbox 843 4934 1151 4994; x_wconf 77' lang='lat' dir='ltr'><strong>hominem,</strong></span> <span class='ocrx_word' id='word_1_686' title='bbox 1175 4931 1246 4986; x_wconf 86' lang='lat' dir='ltr'><strong>ob</strong></span> <span class='ocrx_word' id='word_1_687' title='bbox 1277 4931 1485 5000; x_wconf 86' lang='lat' dir='ltr'><strong>justum</strong></span> <span class='ocrx_word' id='word_1_688' title='bbox 1520 4925 1850 4995; x_wconf 81' lang='lat' dir='ltr'><strong>sermonem,</strong></span> <span class='ocrx_word' id='word_1_689' title='bbox 1873 4928 1994 4984; x_wconf 85' lang='lat' dir='ltr'><strong>sine</strong></span> 
     </span>
    </p>
   </div>
   <div class='ocr_carea' id='block_1_98' title="bbox 411 5019 1994 5102">
    <p class='ocr_par' dir='ltr' id='par_1_98' title="bbox 411 5019 1994 5102">
     <span class='ocr_line' id='line_1_98' title="bbox 411 5019 1994 5102; baseline -0.008 -18"><span class='ocrx_word' id='word_1_690' title='bbox 411 5031 633 5102; x_wconf 84' lang='lat' dir='ltr'><strong>querela</strong></span> <span class='ocrx_word' id='word_1_691' title='bbox 656 5029 947 5090; x_wconf 82' lang='lat' dir='ltr'><strong>viventem;</strong></span> <span class='ocrx_word' id='word_1_692' title='bbox 965 5033 1020 5079; x_wconf 87' lang='lat' dir='ltr'><strong>et</strong></span> <span class='ocrx_word' id='word_1_693' title='bbox 1034 5033 1328 5093; x_wconf 90' lang='lat' dir='ltr'><strong>antequam</strong></span> <span class='ocrx_word' id='word_1_694' title='bbox 1371 5035 1524 5078; x_wconf 89' lang='lat' dir='ltr'><strong>mors</strong></span> <span class='ocrx_word' id='word_1_695' title='bbox 1554 5021 1630 5076; x_wconf 84' lang='lat' dir='ltr'><strong>illi</strong></span> <span class='ocrx_word' id='word_1_696' title='bbox 1663 5019 1994 5075; x_wconf 85' lang='lat' dir='ltr'><strong>naturaliter</strong></span> 
     </span>
    </p>
   </div>
   <div class='ocr_carea' id='block_1_99' title="bbox 412 5111 1992 5186">
    <p class='ocr_par' dir='ltr' id='par_1_99' title="bbox 412 5111 1992 5186">
     <span class='ocr_line' id='line_1_99' title="bbox 412 5111 1992 5186; baseline -0.008 -11"><span class='ocrx_word' id='word_1_697' title='bbox 412 5123 650 5184; x_wconf 76' lang='lat' dir='ltr'><strong>eveniat,</strong></span> <span class='ocrx_word' id='word_1_698' title='bbox 672 5133 775 5172; x_wconf 82' lang='lat' dir='ltr'><strong>nos</strong></span> <span class='ocrx_word' id='word_1_699' title='bbox 793 5127 852 5170; x_wconf 88' lang='lat' dir='ltr'><strong>ut</strong></span> <span class='ocrx_word' id='word_1_700' title='bbox 884 5116 1082 5184; x_wconf 87' lang='lat' dir='ltr'><strong>aliquis</strong></span> <span class='ocrx_word' id='word_1_701' title='bbox 1107 5113 1544 5186; x_wconf 57' lang='lat' dir='ltr'><strong>infernusﬁlium</strong></span> <span class='ocrx_word' id='word_1_702' title='bbox 1583 5111 1947 5182; x_wconf 74' lang='lat' dir='ltr'><strong>deglutiamus</strong></span> <span class='ocrx_word' id='word_1_703' title='bbox 1970 5125 1992 5162; x_wconf 70' lang='grc' dir='ltr'>’τ</span> 
     </span>
    </p>
   </div>
   <div class='ocr_carea' id='block_1_100' title="bbox 413 5203 1995 5281">
    <p class='ocr_par' dir='ltr' id='par_1_100' title="bbox 413 5203 1995 5281">
     <span class='ocr_line' id='line_1_100' title="bbox 413 5203 1995 5281; baseline -0.008 -15"><span class='ocrx_word' id='word_1_704' title='bbox 413 5212 708 5267; x_wconf 82' lang='lat' dir='ltr'><strong>oblivionis</strong></span> <span class='ocrx_word' id='word_1_705' title='bbox 736 5211 952 5281; x_wconf 83' lang='lat' dir='ltr'><strong>abyssis</strong></span> <span class='ocrx_word' id='word_1_706' title='bbox 981 5204 1268 5260; x_wconf 86' lang='lat' dir='ltr'><strong>tradamus</strong></span> <span class='ocrx_word' id='word_1_707' title='bbox 1295 5203 1416 5274; x_wconf 77' lang='lat' dir='ltr'><strong>eius</strong></span> <span class='ocrx_word' id='word_1_708' title='bbox 1467 5203 1790 5258; x_wconf 86' lang='lat' dir='ltr'><strong>memoriam</strong></span> <span class='ocrx_word' id='word_1_709' title='bbox 1837 5216 1995 5269; x_wconf 87' lang='lat' dir='ltr'><strong>:pre-</strong></span> 
     </span>
    </p>
   </div>
   <div class='ocr_carea' id='block_1_101' title="bbox 417 5289 1995 5372">
    <p class='ocr_par' dir='ltr' id='par_1_101' title="bbox 417 5289 1995 5372">
     <span class='ocr_line' id='line_1_101' title="bbox 417 5289 1995 5372; baseline -0.008 -13"><span class='ocrx_word' id='word_1_710' title='bbox 417 5308 724 5372; x_wconf 82' lang='lat' dir='ltr'><strong>tiosamque</strong></span> <span class='ocrx_word' id='word_1_711' title='bbox 791 5300 943 5354; x_wconf 88' lang='lat' dir='ltr'><strong>illius</strong></span> <span class='ocrx_word' id='word_1_712' title='bbox 1003 5297 1374 5352; x_wconf 86' lang='lat' dir='ltr'><strong>substantiam</strong></span> <span class='ocrx_word' id='word_1_713' title='bbox 1401 5293 1758 5363; x_wconf 87' lang='lat' dir='ltr'><strong>arripiamus,</strong></span> <span class='ocrx_word' id='word_1_714' title='bbox 1819 5300 1874 5347; x_wconf 90' lang='lat' dir='ltr'><strong>et</strong></span> <span class='ocrx_word' id='word_1_715' title='bbox 1897 5289 1995 5346; x_wconf 89' lang='lat' dir='ltr'><strong>do-</strong></span> 
     </span>
    </p>
   </div>
   <div class='ocr_carea' id='block_1_102' title="bbox 414 5387 1996 5460">
    <p class='ocr_par' dir='ltr' id='par_1_102' title="bbox 414 5387 1996 5460">
     <span class='ocr_line' id='line_1_102' title="bbox 414 5387 1996 5460; baseline -0.008 -12"><span class='ocrx_word' id='word_1_716' title='bbox 414 5409 536 5448; x_wconf 82' lang='lat' dir='ltr'><strong>mos</strong></span> <span class='ocrx_word' id='word_1_717' title='bbox 568 5401 786 5446; x_wconf 87' lang='lat' dir='ltr'><strong>nostras</strong></span> <span class='ocrx_word' id='word_1_718' title='bbox 820 5390 1013 5460; x_wconf 80' lang='lat' dir='ltr'><strong>spoliis</strong></span> <span class='ocrx_word' id='word_1_719' title='bbox 1060 5387 1454 5456; x_wconf 83' lang='lat' dir='ltr'><strong>implebimus;</strong></span> <span class='ocrx_word' id='word_1_720' title='bbox 1488 5387 1822 5456; x_wconf 90' lang='lat' dir='ltr'><strong>portionem,</strong></span> <span class='ocrx_word' id='word_1_721' title='bbox 1872 5398 1996 5453; x_wconf 68' lang='lat' dir='ltr'><strong>qua:</strong></span> 
     </span>
    </p>
   </div>
   <div class='ocr_carea' id='block_1_103' title="bbox 415 5474 1994 5548">
    <p class='ocr_par' dir='ltr' id='par_1_103' title="bbox 415 5474 1994 5548">
     <span class='ocr_line' id='line_1_103' title="bbox 415 5474 1994 5548; baseline -0.008 -12"><span class='ocrx_word' id='word_1_722' title='bbox 415 5499 479 5536; x_wconf 78' lang='lat' dir='ltr'><strong>ex</strong></span> <span class='ocrx_word' id='word_1_723' title='bbox 502 5481 734 5537; x_wconf 85' lang='lat' dir='ltr'><strong>ististibi</strong></span> <span class='ocrx_word' id='word_1_724' title='bbox 757 5479 1044 5548; x_wconf 86' lang='lat' dir='ltr'><strong>contingit,</strong></span> <span class='ocrx_word' id='word_1_725' title='bbox 1063 5492 1408 5532; x_wconf 89' lang='lat' dir='ltr'><strong>communem</strong></span> <span class='ocrx_word' id='word_1_726' title='bbox 1437 5475 1596 5530; x_wconf 85' lang='lat' dir='ltr'><strong>nobis</strong></span> <span class='ocrx_word' id='word_1_727' title='bbox 1616 5474 1720 5540; x_wconf 84' lang='lat' dir='ltr'><strong>fac,</strong></span> <span class='ocrx_word' id='word_1_728' title='bbox 1745 5485 1796 5528; x_wconf 84' lang='lat' dir='ltr'><strong>et</strong></span> <span class='ocrx_word' id='word_1_729' title='bbox 1826 5488 1994 5527; x_wconf 89' lang='lat' dir='ltr'><strong>unum</strong></span> 
     </span>
    </p>
   </div>
   <div class='ocr_carea' id='block_1_104' title="bbox 416 5564 1988 5644">
    <p class='ocr_par' dir='ltr' id='par_1_104' title="bbox 416 5564 1988 5644">
     <span class='ocr_line' id='line_1_104' title="bbox 416 5564 1988 5644; baseline -0.005 -18"><span class='ocrx_word' id='word_1_730' title='bbox 416 5574 756 5644; x_wconf 59' lang='lat' dir='ltr'><strong>marsupium</strong></span> <span class='ocrx_word' id='word_1_731' title='bbox 791 5570 1071 5625; x_wconf 75' lang='lat' dir='ltr'><strong>faciemus</strong></span> <span class='ocrx_word' id='word_1_732' title='bbox 1106 5583 1324 5636; x_wconf 84' lang='lat' dir='ltr'><strong>omnes,</strong></span> <span class='ocrx_word' id='word_1_733' title='bbox 1355 5577 1410 5624; x_wconf 87' lang='lat' dir='ltr'><strong>ct</strong></span> <span class='ocrx_word' id='word_1_734' title='bbox 1439 5567 1765 5623; x_wconf 76' lang='lat' dir='ltr'><strong>divitiarum</strong></span> <span class='ocrx_word' id='word_1_735' title='bbox 1824 5564 1988 5620; x_wconf 88' lang='lat' dir='ltr'><strong>loculi</strong></span> 
     </span>
    </p>
   </div>
   <div class='ocr_carea' id='block_1_105' title="bbox 418 5663 945 5726">
    <p class='ocr_par' dir='ltr' id='par_1_105' title="bbox 418 5663 945 5726">
     <span class='ocr_line' id='line_1_105' title="bbox 418 5663 945 5726; baseline -0.002 -7"><span class='ocrx_word' id='word_1_736' title='bbox 418 5665 583 5722; x_wconf 81' lang='lat' dir='ltr'><strong>iidem</strong></span> <span class='ocrx_word' id='word_1_737' title='bbox 617 5667 662 5726; x_wconf 89' lang='lat' dir='ltr'><strong>si</strong></span> <span class='ocrx_word' id='word_1_738' title='bbox 672 5674 727 5721; x_wconf 87' lang='lat' dir='ltr'><strong>ut.</strong></span> <span class='ocrx_word' id='word_1_739' title='bbox 763 5663 945 5719; x_wconf 87' lang='lat' dir='ltr'><strong>nobis.</strong></span> 
     </span>
    </p>
   </div>
   <div class='ocr_carea' id='block_1_106' title="bbox 2091 4550 3690 4626">
    <p class='ocr_par' dir='ltr' id='par_1_106' title="bbox 2091 4550 3690 4626">
     <span class='ocr_line' id='line_1_106' title="bbox 2091 4550 3690 4626; baseline 0.001 -19"><span class='ocrx_word' id='word_1_740' title='bbox 2091 4553 2190 4607; x_wconf 74' lang='grc' dir='ltr'>καὶ</span> <span class='ocrx_word' id='word_1_741' title='bbox 2225 4553 2572 4622; x_wconf 80' lang='grc' dir='ltr'>μαρσύπιον</span> <span class='ocrx_word' id='word_1_742' title='bbox 2605 4550 2678 4605; x_wconf 75' lang='grc' dir='ltr'>ἐν</span> <span class='ocrx_word' id='word_1_743' title='bbox 2723 4553 3030 4622; x_wconf 72' lang='grc' dir='ltr'>γενηθήτω</span> <span class='ocrx_word' id='word_1_744' title='bbox 3064 4551 3230 4623; x_wconf 77' lang='grc' dir='ltr'>ἡμῖν.</span> <span class='ocrx_word' id='word_1_745' title='bbox 3278 4554 3370 4626; x_wconf 85' lang='grc' dir='ltr'><strong>Μὴ</strong></span> <span class='ocrx_word' id='word_1_746' title='bbox 3417 4550 3510 4608; x_wconf 82' lang='grc' dir='ltr'>οὖν</span> <span class='ocrx_word' id='word_1_747' title='bbox 3539 4557 3690 4608; x_wconf 78' lang='grc' dir='ltr'>ἀπα-</span> 
     </span>
    </p>
   </div>
   <div class='ocr_carea' id='block_1_107' title="bbox 2093 4642 3688 4716">
    <p class='ocr_par' dir='ltr' id='par_1_107' title="bbox 2093 4642 3688 4716">
     <span class='ocr_line' id='line_1_107' title="bbox 2093 4642 3688 4716; baseline 0.002 -18"><span class='ocrx_word' id='word_1_748' title='bbox 2093 4645 2291 4716; x_wconf 79' lang='grc' dir='ltr'>τηθῇς,</span> <span class='ocrx_word' id='word_1_749' title='bbox 2315 4644 2550 4710; x_wconf 86' lang='grc' dir='ltr'>τεκνίον,</span> <span class='ocrx_word' id='word_1_750' title='bbox 2578 4644 2670 4696; x_wconf 84' lang='grc' dir='ltr'>ὑπ’</span> <span class='ocrx_word' id='word_1_751' title='bbox 2695 4643 3001 4714; x_wconf 80' lang='grc' dir='ltr'>ἀνθρώπων</span> <span class='ocrx_word' id='word_1_752' title='bbox 3019 4643 3087 4698; x_wconf 83' lang='grc' dir='ltr'><strong>δι’</strong></span> <span class='ocrx_word' id='word_1_753' title='bbox 3105 4642 3284 4715; x_wconf 70' lang='grc' dir='ltr'>ἔργων</span> <span class='ocrx_word' id='word_1_754' title='bbox 3302 4645 3524 4714; x_wconf 83' lang='grc' dir='ltr'>ἀγαθῶν</span> <span class='ocrx_word' id='word_1_755' title='bbox 3544 4645 3688 4701; x_wconf 70' lang='grc' dir='ltr'>Θεὸν</span> 
     </span>
    </p>
   </div>
   <div class='ocr_carea' id='block_1_108' title="bbox 2096 4735 3682 4809">
    <p class='ocr_par' dir='ltr' id='par_1_108' title="bbox 2096 4735 3682 4809">
     <span class='ocr_line' id='line_1_108' title="bbox 2096 4735 3682 4809; baseline 0 -19"><span class='ocrx_word' id='word_1_756' title='bbox 2096 4737 2172 4809; x_wconf 82' lang='grc' dir='ltr'>μὴ</span> <span class='ocrx_word' id='word_1_757' title='bbox 2203 4736 2513 4808; x_wconf 82' lang='grc' dir='ltr'>τιμώντων,</span> <span class='ocrx_word' id='word_1_758' title='bbox 2555 4735 2649 4789; x_wconf 76' lang='grc' dir='ltr'>καὶ</span> <span class='ocrx_word' id='word_1_759' title='bbox 2704 4735 2979 4807; x_wconf 80' lang='grc' dir='ltr'>πορευθῇς</span> <span class='ocrx_word' id='word_1_760' title='bbox 3009 4739 3072 4799; x_wconf 84' lang='grc' dir='ltr'>ὲς</span> <span class='ocrx_word' id='word_1_761' title='bbox 3127 4737 3435 4806; x_wconf 84' lang='grc' dir='ltr'>μιαιφόνων</span> <span class='ocrx_word' id='word_1_762' title='bbox 3475 4739 3639 4808; x_wconf 83' lang='grc' dir='ltr'>χορόν</span> <span class='ocrx_word' id='word_1_763' title='bbox 3667 4755 3682 4768; x_wconf 77' lang='grc' dir='ltr'><strong><em>ο</em></strong></span> 
     </span>
    </p>
   </div>
   <div class='ocr_carea' id='block_1_109' title="bbox 2097 4823 3688 4898">
    <p class='ocr_par' dir='ltr' id='par_1_109' title="bbox 2097 4823 3688 4898">
     <span class='ocr_line' id='line_1_109' title="bbox 2097 4823 3688 4898; baseline 0 -20"><span class='ocrx_word' id='word_1_764' title='bbox 2097 4825 2232 4898; x_wconf 83' lang='grc' dir='ltr'>μηδὲ</span> <span class='ocrx_word' id='word_1_765' title='bbox 2267 4825 2607 4894; x_wconf 82' lang='grc' dir='ltr'>κατανεύσῃς</span> <span class='ocrx_word' id='word_1_766' title='bbox 2629 4823 2788 4888; x_wconf 83' lang='grc' dir='ltr'>ὅλως,</span> <span class='ocrx_word' id='word_1_767' title='bbox 2833 4824 2929 4878; x_wconf 74' lang='grc' dir='ltr'><strong>ἐάν</strong></span> <span class='ocrx_word' id='word_1_768' title='bbox 2976 4841 3059 4877; x_wconf 88' lang='grc' dir='ltr'><strong>σοι</strong></span> <span class='ocrx_word' id='word_1_769' title='bbox 3103 4825 3244 4892; x_wconf 84' lang='grc' dir='ltr'>μετὰ</span> <span class='ocrx_word' id='word_1_770' title='bbox 3279 4826 3688 4896; x_wconf 75' lang='grc' dir='ltr'>παρακλήσεως</span> 
     </span>
    </p>
   </div>
   <div class='ocr_carea' id='block_1_110' title="bbox 2095 4915 3687 4988">
    <p class='ocr_par' dir='ltr' id='par_1_110' title="bbox 2095 4915 3687 4988">
     <span class='ocr_line' id='line_1_110' title="bbox 2095 4915 3687 4988; baseline -0.001 -16"><span class='ocrx_word' id='word_1_771' title='bbox 2095 4919 2311 4972; x_wconf 75' lang='grc' dir='ltr'>εἴπωσι·</span> <span class='ocrx_word' id='word_1_772' title='bbox 2332 4917 2504 4987; x_wconf 82' lang='grc' dir='ltr'>Δεῦρο</span> <span class='ocrx_word' id='word_1_773' title='bbox 2528 4915 2648 4988; x_wconf 83' lang='grc' dir='ltr'>μεθ’</span> <span class='ocrx_word' id='word_1_774' title='bbox 2682 4915 2860 4986; x_wconf 80' lang='grc' dir='ltr'>ἡμῶν,</span> <span class='ocrx_word' id='word_1_775' title='bbox 2891 4916 3282 4986; x_wconf 71' lang='grc' dir='ltr'>ωμμετάλαδε</span> <span class='ocrx_word' id='word_1_776' title='bbox 3314 4917 3548 4986; x_wconf 80' lang='grc' dir='ltr'>αἵματος</span> <span class='ocrx_word' id='word_1_777' title='bbox 3578 4934 3687 4985; x_wconf 80' lang='grc' dir='ltr'>φο-</span> 
     </span>
    </p>
   </div>
   <div class='ocr_carea' id='block_1_111' title="bbox 2095 5007 3687 5080">
    <p class='ocr_par' dir='ltr' id='par_1_111' title="bbox 2095 5007 3687 5080">
     <span class='ocr_line' id='line_1_111' title="bbox 2095 5007 3687 5080; baseline -0.002 -15"><span class='ocrx_word' id='word_1_778' title='bbox 2095 5010 2247 5066; x_wconf 78' lang='grc' dir='ltr'>νικοῦ</span> <span class='ocrx_word' id='word_1_779' title='bbox 2265 5027 2280 5043; x_wconf 76' lang='grc' dir='ltr'><strong>ο</strong></span> <span class='ocrx_word' id='word_1_780' title='bbox 2309 5009 2638 5080; x_wconf 79' lang='grc' dir='ltr'>καλύψωμεν</span> <span class='ocrx_word' id='word_1_781' title='bbox 2668 5008 2772 5062; x_wconf 81' lang='grc' dir='ltr'><strong>ὑπὸ</strong></span> <span class='ocrx_word' id='word_1_782' title='bbox 2799 5009 2922 5080; x_wconf 81' lang='grc' dir='ltr'>γῆν,</span> <span class='ocrx_word' id='word_1_783' title='bbox 2959 5007 3109 5080; x_wconf 79' lang='grc' dir='ltr'>παρὰ</span> <span class='ocrx_word' id='word_1_784' title='bbox 3155 5008 3333 5062; x_wconf 85' lang='grc' dir='ltr'>πάντα</span> <span class='ocrx_word' id='word_1_785' title='bbox 3357 5008 3568 5062; x_wconf 76' lang='grc' dir='ltr'>δίκαιον</span> <span class='ocrx_word' id='word_1_786' title='bbox 3587 5008 3687 5062; x_wconf 83' lang='grc' dir='ltr'>λό-</span> 
     </span>
    </p>
   </div>
   <div class='ocr_carea' id='block_1_112' title="bbox 2095 5100 3689 5174">
    <p class='ocr_par' dir='ltr' id='par_1_112' title="bbox 2095 5100 3689 5174">
     <span class='ocr_line' id='line_1_112' title="bbox 2095 5100 3689 5174; baseline -0.003 -18"><span class='ocrx_word' id='word_1_787' title='bbox 2095 5121 2210 5174; x_wconf 87' lang='grc' dir='ltr'>γον,</span> <span class='ocrx_word' id='word_1_788' title='bbox 2259 5102 2544 5172; x_wconf 80' lang='grc' dir='ltr'>ἇνθρωπον</span> <span class='ocrx_word' id='word_1_789' title='bbox 2591 5102 2901 5172; x_wconf 81' lang='grc' dir='ltr'>ἀμέμπτως</span> <span class='ocrx_word' id='word_1_790' title='bbox 2948 5101 3386 5170; x_wconf 81' lang='grc' dir='ltr'>πολιτευόμενον,</span> <span class='ocrx_word' id='word_1_791' title='bbox 3434 5102 3533 5153; x_wconf 74' lang='grc' dir='ltr'>καὶ·</span> <span class='ocrx_word' id='word_1_792' title='bbox 3572 5100 3689 5168; x_wconf 79' lang='grc' dir='ltr'>πρὸ</span> 
     </span>
    </p>
   </div>
   <div class='ocr_carea' id='block_1_113' title="bbox 2095 5191 3688 5264">
    <p class='ocr_par' dir='ltr' id='par_1_113' title="bbox 2095 5191 3688 5264">
     <span class='ocr_line' id='line_1_113' title="bbox 2095 5191 3688 5264; baseline -0.003 -16"><span class='ocrx_word' id='word_1_793' title='bbox 2095 5195 2189 5248; x_wconf 82' lang='grc' dir='ltr'><strong>τοῦ</strong></span> <span class='ocrx_word' id='word_1_794' title='bbox 2225 5193 2473 5246; x_wconf 73' lang='grc' dir='ltr'>ἐπελθεῖν</span> <span class='ocrx_word' id='word_1_795' title='bbox 2505 5192 2680 5264; x_wconf 82' lang='grc' dir='ltr'>τούτῳ</span> <span class='ocrx_word' id='word_1_796' title='bbox 2717 5192 2808 5245; x_wconf 84' lang='grc' dir='ltr'>τδν</span> <span class='ocrx_word' id='word_1_797' title='bbox 2840 5191 3071 5246; x_wconf 81' lang='grc' dir='ltr'>θάνατον</span> <span class='ocrx_word' id='word_1_798' title='bbox 3087 5191 3355 5260; x_wconf 77' lang='grc' dir='ltr'>φυσικῶς,</span> <span class='ocrx_word' id='word_1_799' title='bbox 3386 5192 3546 5259; x_wconf 74' lang='grc' dir='ltr'>ἡμεῖς</span> <span class='ocrx_word' id='word_1_800' title='bbox 3571 5191 3688 5244; x_wconf 73' lang='grc' dir='ltr'><strong>ἇσ-</strong></span> 
     </span>
    </p>
   </div>
   <div class='ocr_carea' id='block_1_114' title="bbox 2098 5282 3688 5356">
    <p class='ocr_par' dir='ltr' id='par_1_114' title="bbox 2098 5282 3688 5356">
     <span class='ocr_line' id='line_1_114' title="bbox 2098 5282 3688 5356; baseline 0.003 -26"><span class='ocrx_word' id='word_1_801' title='bbox 2098 5303 2204 5356; x_wconf 78' lang='grc' dir='ltr'>περ</span> <span class='ocrx_word' id='word_1_802' title='bbox 2229 5296 2320 5348; x_wconf 77' lang='grc' dir='ltr'><strong>τις</strong></span> <span class='ocrx_word' id='word_1_803' title='bbox 2339 5283 2474 5355; x_wconf 70' lang='grc' dir='ltr'>ᾅδης</span> <span class='ocrx_word' id='word_1_804' title='bbox 2504 5283 2666 5338; x_wconf 74' lang='grc' dir='ltr'>αὑτὸν</span> <span class='ocrx_word' id='word_1_805' title='bbox 2699 5283 3058 5353; x_wconf 85' lang='grc' dir='ltr'>ἀφανίσωμεν</span> <span class='ocrx_word' id='word_1_806' title='bbox 3081 5300 3094 5316; x_wconf 78' lang='grc' dir='ltr'><strong><em>ο</em></strong></span> <span class='ocrx_word' id='word_1_807' title='bbox 3138 5283 3232 5336; x_wconf 75' lang='grc' dir='ltr'>καὶ</span> <span class='ocrx_word' id='word_1_808' title='bbox 3282 5283 3458 5352; x_wconf 75' lang='grc' dir='ltr'>λήθης</span> <span class='ocrx_word' id='word_1_809' title='bbox 3493 5282 3688 5351; x_wconf 79' lang='grc' dir='ltr'>βυθοῖς</span> 
     </span>
    </p>
   </div>
   <div class='ocr_carea' id='block_1_115' title="bbox 2097 5374 3688 5448">
    <p class='ocr_par' dir='ltr' id='par_1_115' title="bbox 2097 5374 3688 5448">
     <span class='ocr_line' id='line_1_115' title="bbox 2097 5374 3688 5448; baseline -0.004 -16"><span class='ocrx_word' id='word_1_810' title='bbox 2097 5380 2157 5432; x_wconf 56' lang='grc' dir='ltr'><strong>τό</strong></span> <span class='ocrx_word' id='word_1_811' title='bbox 2177 5377 2369 5430; x_wconf 80' lang='grc' dir='ltr'>τούτου</span> <span class='ocrx_word' id='word_1_812' title='bbox 2401 5375 2735 5447; x_wconf 80' lang='grc' dir='ltr'>παραδῶμεν</span> <span class='ocrx_word' id='word_1_813' title='bbox 2775 5376 3154 5448; x_wconf 67' lang='grc' dir='ltr'>μνημόσυνον*</span> <span class='ocrx_word' id='word_1_814' title='bbox 3195 5376 3296 5445; x_wconf 70' lang='grc' dir='ltr'><strong>τήν</strong></span> <span class='ocrx_word' id='word_1_815' title='bbox 3350 5392 3410 5428; x_wconf 87' lang='grc' dir='ltr'><strong>τε</strong></span> <span class='ocrx_word' id='word_1_816' title='bbox 3457 5374 3688 5427; x_wconf 80' lang='grc' dir='ltr'>πολύτι-</span> 
     </span>
    </p>
   </div>
   <div class='ocr_carea' id='block_1_116' title="bbox 2102 5463 3686 5538">
    <p class='ocr_par' dir='ltr' id='par_1_116' title="bbox 2102 5463 3686 5538">
     <span class='ocr_line' id='line_1_116' title="bbox 2102 5463 3686 5538; baseline -0.003 -17"><span class='ocrx_word' id='word_1_817' title='bbox 2102 5487 2201 5538; x_wconf 86' lang='grc' dir='ltr'><strong>μον</strong></span> <span class='ocrx_word' id='word_1_818' title='bbox 2226 5467 2390 5522; x_wconf 79' lang='grc' dir='ltr'><strong>αὐτοῦ</strong></span> <span class='ocrx_word' id='word_1_819' title='bbox 2437 5466 2754 5538; x_wconf 83' lang='grc' dir='ltr'>περιουσίαν</span> <span class='ocrx_word' id='word_1_820' title='bbox 2797 5466 3182 5535; x_wconf 69' lang='grc' dir='ltr'>κατάσχωμεν,</span> <span class='ocrx_word' id='word_1_821' title='bbox 3231 5466 3326 5518; x_wconf 66' lang='grc' dir='ltr'>καὶ</span> <span class='ocrx_word' id='word_1_822' title='bbox 3359 5465 3458 5526; x_wconf 79' lang='grc' dir='ltr'>τὰς</span> <span class='ocrx_word' id='word_1_823' title='bbox 3501 5463 3686 5526; x_wconf 79' lang='grc' dir='ltr'>οἰκίας</span> 
     </span>
    </p>
   </div>
   <div class='ocr_carea' id='block_1_117' title="bbox 2099 5554 3687 5632">
    <p class='ocr_par' dir='ltr' id='par_1_117' title="bbox 2099 5554 3687 5632">
     <span class='ocr_line' id='line_1_117' title="bbox 2099 5554 3687 5632; baseline -0.005 -20"><span class='ocrx_word' id='word_1_824' title='bbox 2099 5561 2256 5632; x_wconf 74' lang='grc' dir='ltr'>ἡμῶν</span> <span class='ocrx_word' id='word_1_825' title='bbox 2289 5559 2545 5629; x_wconf 73' lang='grc' dir='ltr'>λαφύρων</span> <span class='ocrx_word' id='word_1_826' title='bbox 2569 5557 2950 5626; x_wconf 83' lang='grc' dir='ltr'>πληρώσωμεν</span> <span class='ocrx_word' id='word_1_827' title='bbox 2972 5574 2986 5588; x_wconf 81' lang='grc'><em>’</em></span> <span class='ocrx_word' id='word_1_828' title='bbox 3033 5559 3131 5627; x_wconf 82' lang='grc' dir='ltr'>τὴν</span> <span class='ocrx_word' id='word_1_829' title='bbox 3165 5557 3210 5611; x_wconf 75' lang='grc' dir='ltr'>δ’</span> <span class='ocrx_word' id='word_1_830' title='bbox 3246 5559 3310 5610; x_wconf 79' lang='grc' dir='ltr'>ὲκ</span> <span class='ocrx_word' id='word_1_831' title='bbox 3349 5556 3461 5608; x_wconf 87' lang='grc' dir='ltr'>τῶν</span> <span class='ocrx_word' id='word_1_832' title='bbox 3501 5554 3687 5608; x_wconf 63' lang='grc' dir='ltr'>τοιού-</span> 
     </span>
    </p>
   </div>
   <div class='ocr_carea' id='block_1_118' title="bbox 2099 5639 3678 5716">
    <p class='ocr_par' dir='ltr' id='par_1_118' title="bbox 2099 5639 3678 5716">
     <span class='ocr_line' id='line_1_118' title="bbox 2099 5639 3678 5716; baseline -0.008 -13"><span class='ocrx_word' id='word_1_833' title='bbox 2099 5668 2207 5703; x_wconf 81' lang='grc' dir='ltr'>των</span> <span class='ocrx_word' id='word_1_834' title='bbox 2238 5649 2431 5716; x_wconf 71' lang='grc' dir='ltr'>μερίδα</span> <span class='ocrx_word' id='word_1_835' title='bbox 2463 5664 2575 5710; x_wconf 80' lang='grc' dir='ltr'>σου,</span> <span class='ocrx_word' id='word_1_836' title='bbox 2613 5648 2800 5714; x_wconf 80' lang='grc' dir='ltr'>κοινὴν</span> <span class='ocrx_word' id='word_1_837' title='bbox 2852 5648 2982 5715; x_wconf 78' lang='grc' dir='ltr'>ἡμῖν</span> <span class='ocrx_word' id='word_1_838' title='bbox 3013 5647 3262 5715; x_wconf 80' lang='grc' dir='ltr'>ποίησον,</span> <span class='ocrx_word' id='word_1_839' title='bbox 3291 5644 3388 5697; x_wconf 88' lang='grc' dir='ltr'><strong>καί</strong></span> <span class='ocrx_word' id='word_1_840' title='bbox 3427 5645 3484 5694; x_wconf 79' lang='grc' dir='ltr'>ἒν</span> <span class='ocrx_word' id='word_1_841' title='bbox 3510 5639 3678 5695; x_wconf 65' lang='lat' dir='ltr'><strong>moti:—</strong></span> 
     </span>
    </p>
   </div>
   <div class='ocr_carea' id='block_1_119' title="bbox 2101 5718 3684 5807">
    <p class='ocr_par' dir='ltr' id='par_1_119' title="bbox 2101 5731 3682 5807">
     <span class='ocr_line' id='line_1_119' title="bbox 2101 5731 3682 5807; baseline -0.006 -16"><span class='ocrx_word' id='word_1_842' title='bbox 2101 5759 2214 5793; x_wconf 80' lang='grc' dir='ltr'>τιον</span> <span class='ocrx_word' id='word_1_843' title='bbox 2260 5740 2454 5806; x_wconf 76' lang='grc' dir='ltr'>ἕξομεν</span> <span class='ocrx_word' id='word_1_844' title='bbox 2483 5739 2721 5800; x_wconf 76' lang='grc' dir='ltr'>ἅπαντες</span> <span class='ocrx_word' id='word_1_845' title='bbox 2741 5754 2754 5767; x_wconf 75' lang='grc'><strong><em>⁸</em></strong></span> <span class='ocrx_word' id='word_1_846' title='bbox 2785 5738 2878 5790; x_wconf 59' lang='grc' dir='ltr'><strong>καὶ</strong></span> <span class='ocrx_word' id='word_1_847' title='bbox 2909 5737 3208 5807; x_wconf 84' lang='grc' dir='ltr'>χρημάτων</span> <span class='ocrx_word' id='word_1_848' title='bbox 3250 5735 3460 5806; x_wconf 76' lang='grc' dir='ltr'>δοχεῖον</span> <span class='ocrx_word' id='word_1_849' title='bbox 3503 5731 3561 5783; x_wconf 78' lang='grc' dir='ltr'><strong>ἓν</strong></span> <span class='ocrx_word' id='word_1_850' title='bbox 3595 5745 3682 5796; x_wconf 78' lang='grc' dir='ltr'>γε·</span> 
     </span>
    </p>
   </div>
   <div class='ocr_carea' id='block_1_120' title="bbox 2103 5834 2448 5884">
    <p class='ocr_par' dir='ltr' id='par_1_120' title="bbox 2103 5834 2448 5884">
     <span class='ocr_line' id='line_1_120' title="bbox 2103 5834 2448 5884; baseline -0.003 0"><span class='ocrx_word' id='word_1_851' title='bbox 2103 5835 2272 5884; x_wconf 71' lang='grc' dir='ltr'>νέςθω</span> <span class='ocrx_word' id='word_1_852' title='bbox 2298 5834 2448 5883; x_wconf 54' lang='lat' dir='ltr'><strong>*“i‘t.</strong></span> 
     </span>
    </p>
   </div>
  </div>
