3958 6412
353 331 370 392 ι
382 331 485 397 23‘.)

344 541 464 594 τῶν
487 562 500 573 ·
531 543 818 596 ἕκκλινον
866 544 934 596 δὲ
983 547 1088 598 τὸν
1113 546 1268 600 πόδα
1291 565 1407 601 σου
1455 549 1524 602 ἐκ
1554 549 1669 602 τῶν
1697 552 1915 616 τρίϐων

341 631 570 684 αὐτῶνθ
601 635 656 684 οἱ
688 632 799 701 γὰρ
838 635 1021 698 πόδες
1067 633 1266 689 αὐτῶν
1295 639 1378 702 εἰς
1420 639 1640 691 κακίαν
1673 639 1922 708 τρέχου-

343 733 432 788 σι,
462 721 559 775 καὶ
588 725 826 791 taxi-rc!
851 726 969 778 εἱσι
1002 726 1106 779 τοῦ
1129 729 1330 796 ἐκχέαι
1355 723 1498 797 αἷμα
1518 747 1530 760 ·
1556 731 1627 783 οὐ
1651 730 1762 798 γὰρ
1799 731 1924 803 ᾀδέ-

341 831 462 880 κως
499 815 819 869 ἐκτείνεται
865 816 1076 871 δίκτυα
1115 820 1432 886 πτερωτοῖς
1457 839 1470 852 ·
1513 822 1684 874 αὐτοὶ
1726 823 1836 890 γὰρ
1872 825 1924 876 οἱ

341 907 538 974 φόνου
559 905 940 975 μετέχοντες,
968 909 1436 974 θησαυρίζουσιν
1457 913 1691 980 ἑαυτοῖς
1728 913 1884 967 κακὰ
1907 930 1921 943 °

341 997 384 1061 ἡ
419 995 500 1067 ,δὲ
543 999 929 1066 καταστροφὴ
979 999 1216 1068 ἀνδρῶν
1271 1005 1665 1072 παρανόμων,
1726 1006 1882 1074 κακή
1909 1023 1922 1036 ⁸

340 1085 520 1144 αὗται
549 1091 611 1143 al
637 1088 766 1144 ὁδοί
785 1093 905 1144 εισι
939 1094 1178 1145 πάντων
1207 1097 1669 1150 συντελούντων
1688 1099 1758 1152 τὰ
1783 1099 1925 1151 ἄνο-

332 1196 426 1248 μα
452 1195 464 1206 ·
511 1177 587 1247 τῇ
633 1180 1022 1248 γὰρ’ἀσεόεἰᾳ
1073 1181 1188 1249 τὴν
1233 1181 1468 1237 ἑαυτῶν
1504 1186 1718 1253 ψυχὴν
1751 1187 1924 1256 ἀφαι-

337 1286 524 1328 οουντ
527 1287 610 1324 αι.

412 1361 616 1414 Τέκνον
660 1378 760 1430 μου
813 1361 1228 1432 πνευματικὸν,
1281 1364 1356 1435 μὴ
1411 1366 1764 1437 συνυπαχοῇς
1819 1371 1930 1430 τοῖς

335 1449 606 1514 τοιούτοις
635 1451 918 1520 ἀνδράσιν,
955 1455 1014 1505 ὲν
1049 1456 1115 1524 τῇ
1168 1453 1260 1525 οἷα
1287 1472 1393 1508 τινι
1427 1455 1530 1525 ὁδῷ
1560 1455 1804 1531 φερούσῃ
1833 1460 1932 1510 ἐπ’

337 1541 641 1605 ἀπώλειαν,
673 1544 886 1613 πονηρᾷ
917 1561 980 1596 συ
989 1543 1433 1618 μϐουλίᾳιαύτῶν
1455 1562 1467 1574 '
1505 1547 1741 1616 μετάθες
1762 1567 1855 1602 σου
1876 1549 1933 1602 δὲ.

337 1633 441 1700 τὴν
501 1631 802 1702 ἐπιθυμίαν
851 1633 960 1686 ἀπὸ
1015 1635 1124 1688 τῶν
1179 1637 1654 1707 προοδοποιουσῶν
1694 1656 1786 1712 ,σοι
1834 1639 1933 1710 τὴν

339 1721 617 1792 ἁμαρτίαν
650 1723 908 1793 πονηρῶν
945 1725 1288 1795 συμϐουλιῶν
1329 1725 1543 1780 αὐτῶν·
1575 1728 1638 1782 τὸ
1670 1729 1781 1798 γὰρ
1811 1731 1931 1782 ὲπι-

1393 339 1923 402 COMMENTARH
1988 338 2062 399 ιΝ
2109 340 2568 400 PROVERBIA.

418 449 596 504 ιε’-ιη’.
670 452 760 504 Υἱέ
791 471 932 520 μου.
967 456 1051 520 μὴ
1082 456 1380 524 πορευθῇς
1408 458 1476 510 ἐν
1503 456 1620 522 ὀδῷ
1648 461 1774 526 μετ’
1810 455 1923 510 αὐ·
1960 465 1996 515 Δ

3503 336 3636 398 1230

2099 456 2263 510 Vens.
2318 457 2500 510 iii-i9.
2541 453 2642 508 Fili
2698 454 2788 514 mi,
2823 469 2882 506 ne
2929 469 3016 505 eas
3051 455 3101 504 in
3135 454 3214 504 vin
3245 467 3358 507 cum
3387 455 3460 505 eis
3491 469 3507 506 :
3558 469 3642 505 re-

2025 565 2168 602 move
2209 549 2390 615 pedem
2447 558 2594 600 tuum
2626 564 2658 598 a
2685 545 2887 600 semitis
2919 559 3124 598 eorum.
3163 542 3328 596 Pedes
3355 545 3493 595 enim
3527 543 3643 594 illo‘

2027 654 2142 690 rum
2169 637 2236 690 ad
2297 638 2497 690 malum
2519 645 2832 701 currunt,et
2889 643 3012 688 sunt
3044 634 3241 687 veloces
3263 633 3332 685 ad
3367 633 3641 700 emunien-

2026 726 2153 780 dum
2177 729 2485 796 sanguinem
2513 743 2530 780 :
2560 743 2663 780 non
2697 727 2836 780 enim
2866 726 3064 794 injuste
3079 725 3288 793 jacitur
3312 733 3418 778 rete
3446 738 3639 791 penna‘

2031 821 2102 876 tis
2135 799 2165 872 τ’
2191 819 2314 886 ipsi.
2368 818 2604 872 ctedibtts
2637 819 3044 885 participantes,
3101 813 3466 868 thesaurizant
3535 809 3640 867 sibi

2029 908 2176 963 mata
2208 925 2225 962 :
2257 910 2379 977 ﬁnis
2411 910 2712 977 iniquorum
2770 907 2946 960 matus
2977 923 2995 960 :
3019 909 3102 959 lia:
3155 913 3279 958 sunt
3334 905 3453 966 vite,
3520 918 3543 957 ι
3576 919 3638 956 ιι-

2029 1004 2176 1057 nium
2199 1001 2385 1070 iniqua
2404 999 2673 1068 agentium
2702 1015 2720 1051 :
2756 1015 2879 1050 nam
2913 997 3192 1066 iniquitate
3217 996 3452 1048 animam
3481 1011 3638 1048 suam

2029 1093 2300 1146 occidunt.
2360 1090 2462 1144 Fili
2517 1090 2846 1160 spiritualis,
2911 1104 2981 1142 ne
3041 1087 3366 1157 acquiescas
3431 1087 3637 1141 talibus

2029 1185 2184 1245 viris,
2221 1183 2275 1236 in
2311 1183 2501 1253 iniquo
2528 1195 2714 1235 eorum
2735 1179 2996 1243 consilio,
3049 1187 3110 1232 ut
3142 1179 3194 1232 in
3219 1179 3304 1231 via
3335 1193 3460 1246 quae
3483 1178 3637 1233 ducit

2012 1273 2099 1328 'ad
2133 1282 2365 1327 mortem
2395 1290 2409 1326 :
2447 1285 2666 1326 remove
2715 1271 3050 1325 desiderium
3089 1277 3245 1324 tuum
3273 1285 3302 1323 ιι
3353 1269 3510 1324 malis
3541 1285 3634 1323 eo-

2035 1378 2154 1417 rum
2207 1364 2460 1418 consiliis
2510 1363 2654 1416 viam
2715 1360 2783 1416 ad
2823 1361 3056 1416 exitium
3113 1359 3466 1415 facientibus.
3497 1358 3634 1413 Nam

2034 1457 2232 1510 anima:
2281 1470 2472 1510 eorum
2532 1456 2825 1524 potentiae,
2852 1461 2910 1508 et
2947 1454 3406 1522 concupiscibilis
3455 1462 3511 1508 et
3548 1453 3632 1506 ira

2034 1545 2245 1600 scibilis
2268 1556 2526 1616 tauquam
2559 1545 2670 1599 duo
2699 1545 2890 1613 pedes,
2927 1542 3089 1599 facile
3113 1543 3180 1598 ad
3200 1544 3400 1597 malum
3421 1544 3631 1614 impetu

2359 1655 2373 1690 :
2430 1636 2642 1691 idcirco
2694 1635 2800 1706 ipsi
2867 1634 3110 1705 prompti
3159 1635 3224 1689 ad
3288 1634 3630 1711 operandam

2604 1727 2882 1784 Exhortor
2939 1741 3092 1798 ergo,
3156 1735 3216 1780 ut
3288 1725 3628 1781 desiderium

2036 1636 2286 1690 feruntur

2034 1729 2239 1783 caedem
2295 1727 2525 1782 adsunt.

340 1811 640 1882 θυμητικδν
671 1813 873 1876 αὐτῶν,
903 1813 999 1868 καὶ
1038 1815 1100 1868 τὸ
1150 1813 1400 1886 θυμικὸν,
1429 1812 1518 1871 οἷά
1561 1835 1704 1882 τινες
1745 1819 1920 1884 πόδες.

2033 1831 2186 1875 tuum
2217 1835 2248 1873 a
2279 1820 2438 1874 malis
2465 1833 2658 1876 eorum
2688 1819 2944 1875 consiliis
2975 1831 3262 1874 removeas
3291 1835 3307 1884 ;
3332 1817 3480 1887 quia,
3515 1817 3625 1872 illis

251 1931 266 1937 -
335 1903 642 1975 ὀξύρροπον
671 1904 808 1974 πρδς
834 1905 1035 1959 κακίαν
1068 1907 1350 1962 ποιοῦνται
1391 1909 1492 1978 τὴν
1521 1911 1767 1981 κίνησινο
1799 1910 1925 1966 ὅθεν

337 1988 484 2047 οὗτοι
509 1993 601 2046 καὶ
626 1996 815 2064 ταχεῖς
845 1997 923 2059 εἰς
949 1997 1012 2049 τὸ
1039 1998 1378 2068 ἐργάσασθαι
1402 2001 1563 2068 φόνον
1585 2001 1891 2073 ὑπάρχουσι
1907 2019 1920 2033 ·

343 2083 658 2153 μεταθεῖναι
688 2085 747 2138 δέ
784 2103 877 2140 σου
913 2087 1012 2157 τὴν
1042 2089 1340 2160 ἐπιθυμίαν
1367 2090 1476 2143 ἀπὸ
1516 2092 1625 2144 τῶν
1669 2094 1924 2165 πονηρῶν

341 2173 682 2243 συμϐουλιῶν
743 2179 1026 2246 παραινιῖν
1061 2178 1253 2251 ὅτιπερ
1297 2182 1410 2245 τοῖς
1455 2180 1773 2250 δυναμένοις
1822 2184 1924 2253 μὲν

335 2265 428 2318 διὰ
452 2266 570 2330 νοὸς
595 2267 689 2320 καὶ
711 2267 892 2336 λόγου,
927 2269 1001 2326 ὠς
1027 2268 1124 2322 λδιὰ
1143 2287 1305 2324 τινων
1327 2271 1638 2342 πτερύγων,
1669 2273 1737 2326 τὰ
1759 2275 1921 2342 γήϊνα

336 2357 482 2411 κατὰ
514 2359 716 2426 γνῶσιν
743 2361 836 2412 καὶ
867 2360 1518 2433 ἀρετὴνύπερίπτασθαι,
1555 2366 1649 2418 καὶ
1687 2365 1826 2436 πρὸς
1853 2367 1924 2420 τὰ

337 2449 567 2518 οὐράνια
603 2449 902 2520 φέρεσθαι,
931 2453 1198 2516 ἑκουσίως
1227 2453 1285 2506 δὲ
1311 2454 1378 2507 δι’
1399 2455 1694 2526 ἐπιθυμίας
1723 2458 1921 2526 ἀλόγου

341 2541 438 2591 καὶ
465 2539 662 2610 θυμοῦ,
697 2541 772 2604 ὡς
810 2542 897 2596 διά
939 2561 1102 2596 τινων
1149 2544 1326 2599 ποδῶν
1357 2547 1750 2616 στρεφομένας
1791 2553 1922 2620 περὶ

337 2631 440 2701 τὴν
465 2632 572 2686 τῶν
601 2633 806 2704 γηΐνων
838 2635 1044 2704 σχέσιν,
1079 2636 1308 2701 δικαίως
1341 2637 1716 2705 ὑφαπλοῦνται
1743 2640 1922 2713 ψυχῆς

335 2725 564 2794 παγίδος
589 2729 668 2789 εἰς
697 2727 918 2798 ὄλεθρον
943 2743 958 2758 ·
983 2729 1140 2782 αὐτοὶ
1172 2729 1282 2799 γὰρ
1309 2731 1360 2782 οἱ
1388 2731 1500 2794 τοῖς
1531 2730 1754 2798 φονεῦσι
1779 2749 1920 2802 συμ-

2031 1912 2126 1980 qui
2178 1920 2434 1980 possunt,
2467 1925 2592 1966 cum
2633 1907 2870 1964 scientia
2903 1919 2957 1963 ct
2987 1922 3267 1987 sermone,
3307 1916 3365 1960 ut
3395 1907 3630 1977 quibus—

2025 2005 2150 2058 dam
2186 2003 2312 2070 alis,
2345 2011 2591 2068 terrena,
2647 2001 2906 2058 doctrina
2937 2009 2992 2056 et
3037 2002 3241 2056 virtute
3263 2015 3543 2070 superare,
3574 2009 3631 2053 et

2022 2095 2090 2148 ad
2121 2096 2368 2151 coelestia
2399 2094 2555 2161 ferri,
2585 2093 2682 2150 sed
2713 2095 2810 2164 qui
2843 2095 3086 2149 libenter
3147 2091 3430 2147 desiderio
3455 2099 3510 2146 et
3539 2099 3630 2144 tu-

2025 2201 2178 2242 more
2208 2186 2535 2257 iniquitatis,
2573 2194 2630 2240 ut
2659 2185 2877 2240 duobus
2913 2185 3164 2255 pedibus,
3199 2183 3264 2238 ad
3285 2184 3624 2238 terrestrium

2017 2280 2364 2350 adeptionem
2433 2287 2770 2343 vertuntur,
2823 2278 2975 2346 juste
3032 2276 3403 2332 extenduntur
3456 2275 3621 2344 spiri-

2025 2380 2114 2425 tus
2169 2371 2306 2426 retia
2365 2371 2419 2424 in
2475 2377 2734 2424 mortem.
2798 2369 2864 2424 Hi
2929 2378 3112 2422 autem
3167 2367 3262 2437 qui
3326 2365 3618 2420 liomicidis

2024 2472 2257 2518 utuntur
2279 2462 2552 2527 consiliis,
2573 2462 2692 2518 suis
2719 2461 3013 2516 animabus
3038 2459 3278 2514 inlausta
3304 2467 3585 2514 reservant
3611 2474 3623 2506 :

2025 2555 2132 2608 illis
2165 2568 2294 2607 vero
2335 2553 2428 2623 qui
2463 2551 2560 2607 Dei
2599 2553 2852 2608 mandata
2889 2551 3234 2622 despiciunt,
3255 2549 3395 2604 linis
3449 2548 3625 2603 verti-

2025 2652 2114 2698 tur
2153 2644 2207 2698 iu
2247 2646 2474 2710 malum,
2503 2644 2641 2714 ipsis
2685 2643 3033 2714 exigentibus
3081 2657 3274 2712 pmiias
3304 2655 3444 2708 quas
3485 2653 3618 2709 pec-

2023 2735 2206 2791 cando
2256 2744 2600 2816 meruerunt.
2641 2735 2736 2790 liae
2790 2742 2920 2791 sunt
2982 2735 3108 2789 vita:
3158 2731 3444 2804 praesentis
3495 2729 3626 2792 viae,

333 2815 545 2880 δούλοις
563 2819 857 2890 χρώμενοι,
870 2821 936 2874 τὰ
953 2824 1072 2884 ταῖς
1087 2821 1294 2874 ἑαυτῶν
1311 2823 1510 2892 ψυχαῖς
1525 2823 1588 2876 λυ
1595 2825 1918 2896 μαινόμενα,

2030 2815 2310 2882 hominum
2348 2815 2554 2898 iniusta
2612 2825 2967 2897 operantium
3003 2843 3020 2880 :
3057 2824 3228 2879 Deum
3285 2838 3392 2876 non
3443 2821 3622 2875 hono-

263 2986 276 2993 -
331 2907 550 2972 ἑαυτοῖς
595 2911 1058 2979 ἀποταμιεύονται
1083 2927 1098 2943 ⁶
1129 2913 1189 2966 τὸ
1217 2912 1274 2965 δὲ
1313 2913 1463 2976 τέλος
1507 2915 1614 2967 τῶν
1646 2919 1920 2986 παραϐαι-

2030 2918 2210 2974 rando
2229 2919 2507 2989 operibus,
2537 2917 2771 2986 seipsos,
2805 2917 2917 2969 vita
2945 2913 3244 2984 spirituali,
3272 2927 3394 2981 quae
3423 2909 3534 2966 illis
3561 2917 3624 2963 ut

331 2999 535 3054 νὸντων
565 3003 667 3066 τὰς
694 3001 790 3056 τοῦ
823 3003 960 3057 Θεοῦ
991 3003 1336 3070 ἐντολὰς,-είς
1367 3005 1538 3059 κακὸν
1568 3005 1755 3072 αὐτοῖς
1786 3025 1920 3061 κατ-

2030 3007 2246 3063 ratione
2305 3007 2572 3078 pranlitis,
2626 3005 2913 3070 convenit,
2981 3003 3276 3060 frustrant.
3333 2998 3440 3055 Sed
3491 2997 3620 3053 audi

331 3095 490 3164 αντᾷ,
519 3095 1009 3166 εἰσπραττομένας
1039 3095 1196 3159 δίκας
1225 3089 1302 3149 ὧν
1333 3097 1723 3170 ἡμαρτήκασιν
1747 3116 1760 3129 ο
1821 3094 1920 3155 αῦ-

2030 3103 2200 3158 verba
2239 3103 2529 3158 doctrinae.

329 3203 425 3242 ται
457 3192 557 3262 τῆς
586 3191 873 3263 παρούσης
906 3190 1054 3262 ζωῆς
1094 3193 1148 3245 αἱ
1182 3191 1434 3258 διέξοδοι,
1465 3193 1686 3247 πάντων
1716 3193 1826 3250 τῶν
1857 3198 1926 3252 τὰ
1963 3197 2257 3268 παράλογα
2288 3197 2812 3270 συνεργαζομένων·
2846 3195 2906 3250 ὲν
2936 3194 3045 3265 γὰρ
3074 3190 3154 3264 τῷ
3186 3191 3261 3263 μὴ
3325 3189 3494 3260 τιμᾷν
3551 3185 3624 3240 δι’

330 3283 514 3350 ἔργων
541 3283 767 3350 ἀγαθῶν
795 3285 886 3338 τὸν
932 3283 1088 3348 Θεὸν,
1119 3284 1522 3354 ἀποστεροῦσιν
1587 3287 1812 3352 ἑαυτοὺς
1859 3289 1958 3358 τῆς
2031 3290 2241 3354 οἰκείας
2268 3289 2479 3354 τούτοις
2508 3289 2584 3352 ὡς
2611 3289 2856 3358 λογικοῖς
2887 3291 3030 3344 κατὰ
3064 3284 3280 3354 πνεῦμα
3313 3282 3488 3349 ζωῆς·
3525 3279 3621 3334 καὶ

337 3371 412 3424 τὰ
453 3373 554 3441 μὲν
587 3375 690 3444 τῆς
726 3374 998 3438 παιδείας,
1038 3373 1284 3428 τοιαῦτα.

402 3491 474 3538 κ’.
510 3485 700 3553 Σοφία
749 3486 820 3539 ἐν
865 3485 1100 3551 ἐξόδοις
1145 3488 1439 3552 ὑμνεῖται.
1475 3489 1536 3540 '0
1560 3489 1618 3541 δὲ
1647 3491 1778 3560 περὶ
1815 3489 1916 3559 τῆς

2091 3487 2262 3541 Vens.
2297 3485 2392 3542 20.
2427 3482 2708 3552 Sapientia
2736 3485 2790 3538 in
2830 3484 2930 3537 viis
2982 3480 3264 3546 praedicat.
3321 3474 3619 3544 Sapientia:

331 3573 532 3640 σοφίας
565 3574 745 3643 λόγος,
774 3575 942 3638 πολύς
974 3576 1093 3628 ἐστι
1126 3575 1436 3645 πανταχοῦ·
1473 3577 1532 3630 ἐν
1565 3594 1624 3630 τε
1651 3579 1761 3648 γὰρ
1805 3581 1920 3643 ταῖς

2030 3590 2232 3640 sermo,
2273 3575 2480 3629 multus
2531 3583 2617 3628 est
2647 3573 2798 3628 omni
2832 3573 2952 3626 loco
3001 3589 3014 3624 :
3053 3569 3278 3640 quando
3333 3567 3480 3620 enim
3546 3579 3614 3618 ex

330 3661 442 3714 ἀπὸ
471 3657 570 3730 τῆς
599 3663 745 3717 κατὰ,
774 3661 898 3716 νοῦν
917 3663 1211 3732 ,ὲνδὸτητος
1243 3663 1334 3717 διὰ
1377 3667 1641 3735 ῥημάτων
1692 3669 1787 3721 καὶ
1837 3667 1926 3736 ἔρ-

329 3770 448 3821 γων
474 3751 784 3817 ὲξελεύσεσι
818 3753 1026 3824 ταύτης
1061 3756 1198 3825 πρὸς
1225 3755 1513 3824 ἔκφανσιν,
1555 3759 1924 3828 μεγαλύνεται

331 3842 490 3914 παρὰ
516 3846 651 3897 πᾶσι
677 3847 790 3905 τοῖς
816 3845 1078 3899 ἀκούουσι
1108 3847 1203 3900 καὶ
1239 3847 1437 3918 ὁρῶσιν
1474 3849 1634 3915 αὐτὰ,
1663 3851 1725 3903 τὸ
1753 3850 1924 3913 ὅντως

330 3934 758 3990 ὑποδεικνύοντα
797 3937 1024 4006 ἀγαθόν.

414 4048 510 4102 Ἐν
545 4047 614 4103 δὲ
651 4053 964 4118 πλατείαις
999 4055 1345 4122 πορῤησίαν
1381 4054 1528 4124 ἄγει.
1577 4055 1690 4109 Καὶ
1737 4057 1796 4107 ἐν
1838 4058 1917 4128 τῷ

326 4136 524 4192 πλάτει
552 4139 649 4209 τῆς
675 4141 734 4193 ὲν
762 4136 1036 4212 πνέύματι
1071 4145 1306 4212 φυσικῆς
1336 4143 1572 4214 θεωρίας
1605 4143 1705 4214 τὴν
1738 4147 1836 4215 τῆς
1857 4147 1914 4200 ὲν

324 4226 472 4294 ὅλοις
504 4230 766 4302 ἀληθείας
797 4235 1114 4306 παρρησίαν
1149 4235 1329 4307 φέρει,
1364 4235 1463 4306 τὴν
1510 4236 1716 4306 ταύτης
1767 4237 1920 4306 ἐνερ-

326 4320 502 4408 γοῦσα
529 4321 732 4388 γνῶσιν
765 4323 854 4378 διὰ
882 4325 991 4378 τῶν
1014 4328 1072 4379 ὲν
1099 4327 1250 4398 πάσῃ
1282 4331 1348 4399 τῇ
1375 4328 1568 4399 κτήσει
1595 4327 1918 4399 συμϐούλων

328 4411 521 4483 αὐτῆς.

399 4529 507 4578 κα’,
546 4524 668 4576 Ἐπ’
691 4523 892 4592 ἄκρων
932 4525 1000 4579 δὲ
1037 4528 1278 4598 τειχέων
1306 4531 1698 4596 κηρύσσεται.
1738 4531 1826 4586 Ἐν
1856 4533 1911 4586 δὲ

324 4617 393 4686 τῇ
421 4616 564 4688 ἀρχῇ
597 4619 692 4671 καὶ
717 4615 795 4686 τῷ
822 4617 965 4671 τέλει
987 4618 1096 4672 τῶν
1118 4620 1276 4689 δίκην
1303 4621 1532 4690 τειχέων
1559 4623 1910 4692 φυλακτικῶν

322 4707 424 4778 τῆς
440 4707 617 4779 ψυχῆς
637 4711 848 4781 ἀρετῶν
872 4709 1293 4780 διαγινώσκεται
1311 4729 1322 4742 ·
1347 4714 1906 4787 προκαταϐαλλομένη

327 4799 430 4869 μὲν
450 4800 554 4870 τῆς
579 4802 832 4872 πράξεως
865 4803 943 4873 τῷ
976 4801 1128 4873 φόϐῳ
1155 4801 1266 4856 τῶν
1301 4803 1535 4874 ἀρετῶν,
1551 4805 1907 4876 καταλαμϐα-

323 4891 527 4962 νομένη
573 4893 630 4947 δὲ
676 4895 814 4966 μετὰ
846 4894 944 4966 τὴν
985 4894 1185 4963 πρᾶξιν
1205 4937 1220 4961 ,
1252 4896 1474 4949 πάντων
1508 4897 1764 4950 ἐπέκεινα
1795 4899 1907 4952 τῶν

326 4983 468 5052 μετὰ
501 4984 656 5048 Θεὸν,
693 4989 759 5058 τῇ
786 4989 916 5058 περῖ⁸
948 4985 1156 5040 τούτων
1181 4984 1276 5039 τοῦ
1307 4985 1427 5050 νοὸς
1455 4988 1801 5060 προσεδρείᾳ.

408 5096 539 5150 Ἐπὶ
571 5096 639 5149 δὲ
673 5099 898 5164 πύλαις
925 5097 1249 5154 δυναστῶν
1269 5099 1639 5168 παρεδρεύει.
1682 5101 1792 5154 Καὶ
1817 5101 1910 5154 ἐπὶ

314 5189 454 5252 τοῖς,
487 5188 652 5241 οἱονεί
687 5207 800 5244 τισι
832 5189 1028 5253 πύλαις
1057 5191 1593 5261 ἁναπεταννυμένοις
1623 5191 1907 5262 στόμασιν,

321 5282 402 5342 είς
434 5279 667 5344 διέξοδον
691 5281 787 5334 τοῦ
813 5285 956 5335 κατὰ
987 5282 1275 5354 προφορὰν
1301 5283 1461 5352 λόγου
1499 5283 1608 5336 τῶν
1637 5285 1906 5354 ἀνδρικῶς

319 5359 390 5424 τὰ
421 5372 566 5442 πάθη
598 5374 1157 5444 καταγωνισαμένων,
1195 5375 1290 5428 καὶ
1319 5375 1636 5446 δυναμένων
1671 5377 1763 5428 καὶ
1791 5377 1908 5430 ἑτέ-

322 5482 450 5534 ρους
499 5464 559 5529 ἐξ
599 5465 780 5520 αὐτῶν
815 5466 1083 5538 ῥύεσθαι,
1127 5466 1528 5530 διδασκαλικῶς
1573 5467 1902 5540 παρακάθη-

317 5571 428 5606 ται.

259 5712 266 5716 1
315 5683 318 5692 .
385 5643 512 5697 Ἐπὶ
539 5643 594 5696 δὲ
617 5645 741 5707 ταῖς
770 5645 906 5714 προς
935 5645 1266 5708 κατανόησιν
1295 5645 1404 5700 τῶν
1435 5648 1492 5700 ὲν
1519 5650 1632 5712 τοῖς
1661 5645 1782 5702 οὖσι
1809 5649 1900 5703 λό-

316 5751 430 5802 γων
454 5777 469 5802 ,
501 5737 832 5806 είσαγωγοῖς
867 5736 966 5807 τῆς
997 5737 1106 5790 τῶν
1135 5737 1349 5809 ὁρατῶν
1386 5739 1692 5810 φαντασίας
1721 5743 1931 5816 aiam)--

2029 3681 2252 3722 recessu
2280 3666 2510 3736 spiritus
2542 3679 2638 3756 pe'r
2663 3664 2831 3719 verba
2887 3674 2942 3717 et
2969 3676 3140 3732 opera
3174 3659 3241 3712 ad
3281 3655 3608 3712 manifesta-

2027 3760 2232 3814 tionem
2276 3756 2584 3828 egreditur,
2605 3751 2900 3810 'hominem
2931 3768 3127 3831 verum
3159 3751 3367 3806 bonum
3423 3757 3614 3802 osten-

2026 3851 2275 3914 dentem,
2325 3847 2645 3918 magnilicat
2673 3845 2818 3916 apud
2869 3857 3065 3900 omnes
3093 3841 3186 3913 qui
3221 3841 3338 3896 haec
3379 3837 3612 3893 audiunt

2025 3948 2084 3994 et
2128 3939 2338 3993 vident.

2096 4052 2162 4106 In
2190 4053 2382 4120 plateis
2404 4052 2499 4105 dat
2532 4067 2710 4106 vocem
2745 4067 2923 4105 suam.
2967 4048 3034 4102 Et
3068 4049 3122 4104 in
3149 4049 3326 4118 platea
3367 4043 3604 4100 medita-

2025 4145 2194 4199 tionis
2219 4145 2418 4200 animae
2445 4144 2741 4208 naturalis,
2775 4145 2870 4198 dat
2901 4157 3095 4196 vocem
3130 4143 3186 4194 in
3215 4140 3475 4195 omnibus
3513 4153 3604 4190 w-

2022 4237 2228 4302 ritatis,
2280 4235 2449 4306 hujus
2500 4234 2873 4304 cognitionem
2935 4247 3194 4304 operans,
3249 4233 3492 4302 seipsum
3547 4232 3607 4291 in

2019 4326 2168 4380 omni
2201 4326 2348 4382 bono
2379 4323 2794 4379 constituendo.

2094 4529 2156 4584 In
2191 4532 2364 4600 capite
2391 4532 2674 4584 turbarum
2707 4527 2980 4582 clamitat.
3037 4525 3097 4580 In
3128 4524 3402 4606 principio
3430 4535 3484 4580 et
3541 4523 3598 4578 in

2019 4621 2122 4676 line
2173 4621 2442 4676 virtutum
2477 4634 2601 4691 quae
2633 4620 2895 4684 animam,
2937 4625 2994 4671 ut
3026 4617 3192 4680 muri,
3256 4615 3596 4680 custodiunt,

2015 4713 2358 4781 agnoscitur,
2397 4719 2523 4768 ante
2563 4711 2865 4774 actionem,
2917 4708 3186 4763 virtutum
3252 4705 3439 4760 timori
3492 4705 3596 4760 ob-

2009 4803 2180 4872 jerta,
2217 4810 2342 4872 post
2377 4815 2508 4856 vero
2569 4799 2864 4861 actionem,
2899 4799 2954 4854 in
3009 4798 3175 4854 rebus
3197 4796 3400 4852 divinis
3433 4810 3598 4852 occu-

2012 4907 2158 4969 pata,
2191 4897 2388 4966 mentis
2415 4897 2560 4952 circa
2589 4911 2685 4951 eas
2715 4895 3056 4951 assiduitate.

2081 5117 2146 5172 In
2201 5119 2407 5188 [oribus
2463 5119 2758 5188 potentium
2799 5119 2962 5172 sedet.
3022 5116 3090 5172 Et
3119 5115 3172 5168 in
3205 5112 3432 5182 apertis,
3469 5119 3591 5165 tau-

2006 5225 2170 5280 quam
2227 5207 2560 5278 quibusdam
2600 5199 2820 5277 portis,
2854 5205 3020 5259 utvia
3086 5207 3266 5273 pateat
3323 5197 3586 5257 sermoni.

2006 5302 2196 5356 oribus
2218 5317 2410 5356 eorum
2443 5302 2534 5370 qui
2575 5299 2808 5354 viriliter
2871 5297 3200 5368 cupiditates
3229 5297 3502 5354 vicerunt,
3533 5299 3587 5344 et

2005 5400 2236 5460 possunt
2269 5392 2408 5444 alios
2435 5407 2498 5443 ex
2539 5391 2646 5446 illis
2681 5391 2942 5456 liberare,
2989 5404 3142 5443 more
3194 5386 3586 5458 magistrorum

2004 5483 2176 5538 sedet.

2143 5654 2228 5710 Ad
2290 5655 2714 5724 intelligentiam
2799 5673 3118 5714 sermonum
3209 5659 3277 5714 de
3347 5659 3566 5712 ciuilius

2031 5743 2086 5800 in
2161 5745 2642 5805 introduccntilius
2719 5749 3024 5807 visbilium
3081 5751 3602 5834 nianifcstuionau
