  <div class='ocr_page' id='page_1' title='image "/cluster/home/n/w/nwhite01/storage/ocr_20150623/87:pt.1/coo.31924054869882/627.png"; bbox 0 0 3958 6400; ppageno 0'>
   <div class='ocr_carea' id='block_1_1' title="bbox 290 444 427 510">
    <p class='ocr_par' dir='ltr' id='par_1_1' title="bbox 290 444 427 510">
     <span class='ocr_line' id='line_1_1' title="bbox 290 444 427 510; baseline -0.007 0"><span class='ocrx_word' id='word_1_1' title='bbox 290 444 427 510; x_wconf 75' lang='lat'><strong>1233</strong></span> 
     </span>
    </p>
   </div>
   <div class='ocr_carea' id='block_1_2' title="bbox 1310 430 2459 497">
    <p class='ocr_par' dir='ltr' id='par_1_2' title="bbox 1310 430 2459 497">
     <span class='ocr_line' id='line_1_2' title="bbox 1310 430 2459 497; baseline -0.005 -1"><span class='ocrx_word' id='word_1_2' title='bbox 1310 433 1847 497; x_wconf 78' lang='lat' dir='ltr'><strong>COMMENTARII</strong></span> <span class='ocrx_word' id='word_1_3' title='bbox 1886 430 1966 491; x_wconf 84' lang='lat' dir='ltr'><strong>IN</strong></span> <span class='ocrx_word' id='word_1_4' title='bbox 1999 431 2459 494; x_wconf 79' lang='lat' dir='ltr'><strong>PROVERBIA.</strong></span> 
     </span>
    </p>
   </div>
   <div class='ocr_carea' id='block_1_3' title="bbox 3420 426 3555 492">
    <p class='ocr_par' dir='ltr' id='par_1_3' title="bbox 3420 426 3555 492">
     <span class='ocr_line' id='line_1_3' title="bbox 3420 426 3555 492; baseline -0.015 0"><span class='ocrx_word' id='word_1_5' title='bbox 3420 426 3555 492; x_wconf 63' lang='grc'><strong>1234</strong></span> 
     </span>
    </p>
   </div>
   <div class='ocr_carea' id='block_1_4' title="bbox 350 535 1886 623">
    <p class='ocr_par' dir='ltr' id='par_1_4' title="bbox 350 546 1869 623">
     <span class='ocr_line' id='line_1_4' title="bbox 350 546 1869 623; baseline -0.009 -14"><span class='ocrx_word' id='word_1_6' title='bbox 350 552 701 623; x_wconf 79' lang='grc' dir='ltr'>Ζητήσουσί</span> <span class='ocrx_word' id='word_1_7' title='bbox 726 569 797 622; x_wconf 82' lang='grc' dir='ltr'><strong>με</strong></span> <span class='ocrx_word' id='word_1_8' title='bbox 828 550 1022 615; x_wconf 78' lang='grc' dir='ltr'>κακοί,</span> <span class='ocrx_word' id='word_1_9' title='bbox 1044 549 1142 604; x_wconf 76' lang='grc' dir='ltr'>καὶ</span> <span class='ocrx_word' id='word_1_10' title='bbox 1170 550 1282 616; x_wconf 81' lang='grc' dir='ltr'><strong>οὐχ</strong></span> <span class='ocrx_word' id='word_1_11' title='bbox 1302 547 1698 616; x_wconf 77' lang='grc' dir='ltr'>εὑρήσουσιν.</span> <span class='ocrx_word' id='word_1_12' title='bbox 1731 546 1869 614; x_wconf 85' lang='grc' dir='ltr'>Δεη-</span> 
     </span>
    </p>
   </div>
   <div class='ocr_carea' id='block_1_5' title="bbox 2006 535 3551 623">
    <p class='ocr_par' dir='ltr' id='par_1_5' title="bbox 2047 535 3551 609">
     <span class='ocr_line' id='line_1_5' title="bbox 2047 535 3551 609; baseline -0.001 -15"><span class='ocrx_word' id='word_1_13' title='bbox 2047 542 2296 607; x_wconf 76' lang='lat' dir='ltr'><strong>Quterent</strong></span> <span class='ocrx_word' id='word_1_14' title='bbox 2326 556 2406 594; x_wconf 83' lang='lat' dir='ltr'><strong>nte</strong></span> <span class='ocrx_word' id='word_1_15' title='bbox 2431 538 2601 605; x_wconf 82' lang='lat' dir='ltr'><strong>impii,</strong></span> <span class='ocrx_word' id='word_1_16' title='bbox 2634 544 2684 590; x_wconf 90' lang='lat' dir='ltr'><strong>et</strong></span> <span class='ocrx_word' id='word_1_17' title='bbox 2712 553 2816 590; x_wconf 90' lang='lat' dir='ltr'><strong>non</strong></span> <span class='ocrx_word' id='word_1_18' title='bbox 2855 536 3139 592; x_wconf 74' lang='lat' dir='ltr'><strong>invenient.</strong></span> <span class='ocrx_word' id='word_1_19' title='bbox 3172 535 3551 609; x_wconf 71' lang='lat' dir='ltr'><strong>Precabuntu.</strong></span> 
     </span>
    </p>
   </div>
   <div class='ocr_carea' id='block_1_6' title="bbox 276 636 1868 717">
    <p class='ocr_par' dir='ltr' id='par_1_6' title="bbox 276 636 1868 717">
     <span class='ocr_line' id='line_1_6' title="bbox 276 636 1868 717; baseline -0.009 -17"><span class='ocrx_word' id='word_1_20' title='bbox 276 648 535 717; x_wconf 73' lang='grc' dir='ltr'>Θήσονται</span> <span class='ocrx_word' id='word_1_21' title='bbox 562 645 672 716; x_wconf 83' lang='grc' dir='ltr'><strong>γάρ</strong></span> <span class='ocrx_word' id='word_1_22' title='bbox 711 661 813 715; x_wconf 88' lang='grc' dir='ltr'><strong>μου</strong></span> <span class='ocrx_word' id='word_1_23' title='bbox 844 641 1132 696; x_wconf 75' lang='grc' dir='ltr'>κακοποιοὶ</span> <span class='ocrx_word' id='word_1_24' title='bbox 1152 680 1169 705; x_wconf 92' lang='grc'><strong>,</strong></span> <span class='ocrx_word' id='word_1_25' title='bbox 1200 640 1328 693; x_wconf 84' lang='grc' dir='ltr'>ὅταν</span> <span class='ocrx_word' id='word_1_26' title='bbox 1356 639 1424 693; x_wconf 70' lang='grc' dir='ltr'>τὰ</span> <span class='ocrx_word' id='word_1_27' title='bbox 1452 636 1654 707; x_wconf 85' lang='grc' dir='ltr'>ἀνιαρά</span> <span class='ocrx_word' id='word_1_28' title='bbox 1699 653 1868 688; x_wconf 86' lang='grc' dir='ltr'>κατα-</span> 
     </span>
    </p>
   </div>
   <div class='ocr_carea' id='block_1_7' title="bbox 278 726 1871 811">
    <p class='ocr_par' dir='ltr' id='par_1_7' title="bbox 278 726 1871 811">
     <span class='ocr_line' id='line_1_7' title="bbox 278 726 1871 811; baseline -0.009 -19"><span class='ocrx_word' id='word_1_29' title='bbox 278 737 421 811; x_wconf 73' lang='grc' dir='ltr'><strong>ιάσῃ</strong></span> <span class='ocrx_word' id='word_1_30' title='bbox 446 737 664 801; x_wconf 81' lang='grc' dir='ltr'>αὐτοὺς,</span> <span class='ocrx_word' id='word_1_31' title='bbox 701 734 837 806; x_wconf 77' lang='grc' dir='ltr'>πρὸς</span> <span class='ocrx_word' id='word_1_32' title='bbox 869 732 1194 803; x_wconf 84' lang='grc' dir='ltr'>ἀπαλλαγὴν</span> <span class='ocrx_word' id='word_1_33' title='bbox 1219 730 1330 784; x_wconf 86' lang='grc' dir='ltr'><strong>τῶν</strong></span> <span class='ocrx_word' id='word_1_34' title='bbox 1348 728 1633 791; x_wconf 81' lang='grc' dir='ltr'><strong>τοιούτων,</strong></span> <span class='ocrx_word' id='word_1_35' title='bbox 1656 726 1752 780; x_wconf 73' lang='grc' dir='ltr'>καὶ</span> <span class='ocrx_word' id='word_1_36' title='bbox 1771 726 1871 779; x_wconf 76' lang='grc' dir='ltr'>οὐκ</span> 
     </span>
    </p>
   </div>
   <div class='ocr_carea' id='block_1_8' title="bbox 278 825 1094 898">
    <p class='ocr_par' dir='ltr' id='par_1_8' title="bbox 278 825 1094 898">
     <span class='ocr_line' id='line_1_8' title="bbox 278 825 1094 898; baseline -0.007 -17"><span class='ocrx_word' id='word_1_37' title='bbox 278 830 559 898; x_wconf 73' lang='grc' dir='ltr'><strong>ἐπιτυχεῖς</strong></span> <span class='ocrx_word' id='word_1_38' title='bbox 602 843 704 896; x_wconf 92' lang='grc' dir='ltr'>μου</span> <span class='ocrx_word' id='word_1_39' title='bbox 746 825 1094 893; x_wconf 86' lang='grc' dir='ltr'>γενήσονται.</span> 
     </span>
    </p>
   </div>
   <div class='ocr_carea' id='block_1_9' title="bbox 238 908 1874 984">
    <p class='ocr_par' dir='ltr' id='par_1_9' title="bbox 238 908 1874 984">
     <span class='ocr_line' id='line_1_9' title="bbox 238 908 1874 984; baseline -0.009 -10"><span class='ocrx_word' id='word_1_40' title='bbox 238 924 249 933; x_wconf 94' lang='grc'><strong><em>“</em></strong></span> <span class='ocrx_word' id='word_1_41' title='bbox 351 920 455 982; x_wconf 80' lang='grc' dir='ltr'>κθ¹,</span> <span class='ocrx_word' id='word_1_42' title='bbox 485 917 551 973; x_wconf 87' lang='grc' dir='ltr'>λ’.</span> <span class='ocrx_word' id='word_1_43' title='bbox 588 917 926 984; x_wconf 80' lang='grc' dir='ltr'>Ἐμίσησαν</span> <span class='ocrx_word' id='word_1_44' title='bbox 962 913 1072 983; x_wconf 79' lang='grc' dir='ltr'>γὰρ</span> <span class='ocrx_word' id='word_1_45' title='bbox 1112 911 1341 981; x_wconf 67' lang='grc' dir='ltr'>σοφίαν</span> <span class='ocrx_word' id='word_1_46' title='bbox 1364 926 1377 941; x_wconf 88' lang='grc'><strong>·</strong></span> <span class='ocrx_word' id='word_1_47' title='bbox 1409 910 1518 964; x_wconf 83' lang='grc' dir='ltr'>τὸν</span> <span class='ocrx_word' id='word_1_48' title='bbox 1569 908 1638 963; x_wconf 82' lang='grc' dir='ltr'>δὲ</span> <span class='ocrx_word' id='word_1_49' title='bbox 1684 908 1874 978; x_wconf 72' lang='grc' dir='ltr'>φόϐον</span> 
     </span>
    </p>
   </div>
   <div class='ocr_carea' id='block_1_10' title="bbox 277 1000 1873 1080">
    <p class='ocr_par' dir='ltr' id='par_1_10' title="bbox 277 1000 1873 1080">
     <span class='ocr_line' id='line_1_10' title="bbox 277 1000 1873 1080; baseline -0.009 -14"><span class='ocrx_word' id='word_1_50' title='bbox 277 1012 503 1080; x_wconf 82' lang='grc' dir='ltr'><strong>Κυρίου</strong></span> <span class='ocrx_word' id='word_1_51' title='bbox 534 1011 607 1064; x_wconf 82' lang='grc' dir='ltr'><strong>οὐ</strong></span> <span class='ocrx_word' id='word_1_52' title='bbox 647 1007 1001 1076; x_wconf 82' lang='grc' dir='ltr'>προείχοντο</span> <span class='ocrx_word' id='word_1_53' title='bbox 1022 1020 1036 1037; x_wconf 74' lang='grc' dir='ltr'>ο</span> <span class='ocrx_word' id='word_1_54' title='bbox 1066 1002 1210 1058; x_wconf 81' lang='grc' dir='ltr'>οὐδὲ</span> <span class='ocrx_word' id='word_1_55' title='bbox 1240 1002 1465 1071; x_wconf 73' lang='grc' dir='ltr'>ἤθελον</span> <span class='ocrx_word' id='word_1_56' title='bbox 1482 1000 1651 1071; x_wconf 83' lang='grc' dir='ltr'><strong>ἐμαῖς</strong></span> <span class='ocrx_word' id='word_1_57' title='bbox 1681 1014 1873 1068; x_wconf 83' lang='grc' dir='ltr'>προσ-</span> 
     </span>
    </p>
   </div>
   <div class='ocr_carea' id='block_1_11' title="bbox 276 1093 1869 1173">
    <p class='ocr_par' dir='ltr' id='par_1_11' title="bbox 276 1093 1869 1173">
     <span class='ocr_line' id='line_1_11' title="bbox 276 1093 1869 1173; baseline -0.009 -14"><span class='ocrx_word' id='word_1_58' title='bbox 276 1104 448 1173; x_wconf 80' lang='grc' dir='ltr'>έχειν</span> <span class='ocrx_word' id='word_1_59' title='bbox 465 1101 727 1168; x_wconf 75' lang='grc' dir='ltr'><strong>βουλαῖς</strong></span> <span class='ocrx_word' id='word_1_60' title='bbox 750 1117 763 1131; x_wconf 68' lang='grc'>⁸</span> <span class='ocrx_word' id='word_1_61' title='bbox 806 1099 1220 1169; x_wconf 80' lang='grc' dir='ltr'>ἑμυκτήρισαν</span> <span class='ocrx_word' id='word_1_62' title='bbox 1249 1095 1319 1150; x_wconf 84' lang='grc' dir='ltr'>δὲ</span> <span class='ocrx_word' id='word_1_63' title='bbox 1356 1094 1539 1164; x_wconf 83' lang='grc' dir='ltr'>ἐμοὺς</span> <span class='ocrx_word' id='word_1_64' title='bbox 1558 1093 1869 1162; x_wconf 75' lang='grc' dir='ltr'><strong>ἐλέγχους.</strong></span> 
     </span>
    </p>
   </div>
   <div class='ocr_carea' id='block_1_12' title="bbox 279 1184 1874 1264">
    <p class='ocr_par' dir='ltr' id='par_1_12' title="bbox 279 1184 1874 1264">
     <span class='ocr_line' id='line_1_12' title="bbox 279 1184 1874 1264; baseline -0.008 -17"><span class='ocrx_word' id='word_1_65' title='bbox 279 1195 521 1264; x_wconf 84' lang='grc' dir='ltr'>’Ὀτιπερ</span> <span class='ocrx_word' id='word_1_66' title='bbox 549 1193 649 1264; x_wconf 72' lang='grc' dir='ltr'><strong>ἐμὲ</strong></span> <span class='ocrx_word' id='word_1_67' title='bbox 678 1192 777 1262; x_wconf 81' lang='grc' dir='ltr'>τὴν</span> <span class='ocrx_word' id='word_1_68' title='bbox 803 1191 994 1256; x_wconf 77' lang='grc' dir='ltr'><strong>σοφίαν</strong></span> <span class='ocrx_word' id='word_1_69' title='bbox 1026 1189 1094 1242; x_wconf 76' lang='grc' dir='ltr'>τὰ</span> <span class='ocrx_word' id='word_1_70' title='bbox 1123 1188 1318 1241; x_wconf 80' lang='grc' dir='ltr'><strong>δέοντα</strong></span> <span class='ocrx_word' id='word_1_71' title='bbox 1348 1184 1753 1254; x_wconf 78' lang='grc' dir='ltr'><strong>ὑποτιθεμένην</strong></span> <span class='ocrx_word' id='word_1_72' title='bbox 1777 1184 1874 1236; x_wconf 83' lang='grc' dir='ltr'>αύ-</span> 
     </span>
    </p>
   </div>
   <div class='ocr_carea' id='block_1_13' title="bbox 278 1274 1876 1354">
    <p class='ocr_par' dir='ltr' id='par_1_13' title="bbox 278 1274 1876 1354">
     <span class='ocr_line' id='line_1_13' title="bbox 278 1274 1876 1354; baseline -0.007 -18"><span class='ocrx_word' id='word_1_73' title='bbox 278 1287 394 1345; x_wconf 73' lang='grc' dir='ltr'>τοῐς</span> <span class='ocrx_word' id='word_1_74' title='bbox 426 1280 891 1354; x_wconf 83' lang='grc' dir='ltr'>ἀπεστράφησαν·</span> <span class='ocrx_word' id='word_1_75' title='bbox 929 1279 1026 1331; x_wconf 79' lang='grc' dir='ltr'>καὶ</span> <span class='ocrx_word' id='word_1_76' title='bbox 1056 1278 1146 1330; x_wconf 76' lang='grc' dir='ltr'><strong>τὸν</strong></span> <span class='ocrx_word' id='word_1_77' title='bbox 1182 1276 1326 1330; x_wconf 86' lang='grc' dir='ltr'>Θεῖον</span> <span class='ocrx_word' id='word_1_78' title='bbox 1354 1274 1517 1345; x_wconf 71' lang='grc' dir='ltr'>φόϐον</span> <span class='ocrx_word' id='word_1_79' title='bbox 1539 1313 1554 1337; x_wconf 88' lang='grc'><strong>,</strong></span> <span class='ocrx_word' id='word_1_80' title='bbox 1584 1274 1644 1327; x_wconf 83' lang='grc' dir='ltr'><strong>ὃν</strong></span> <span class='ocrx_word' id='word_1_81' title='bbox 1679 1275 1707 1327; x_wconf 87' lang='grc' dir='ltr'><strong>ὁ</strong></span> <span class='ocrx_word' id='word_1_82' title='bbox 1739 1288 1876 1341; x_wconf 88' lang='grc' dir='ltr'>κτη-</span> 
     </span>
    </p>
   </div>
   <div class='ocr_carea' id='block_1_14' title="bbox 281 1363 1877 1444">
    <p class='ocr_par' dir='ltr' id='par_1_14' title="bbox 281 1363 1877 1444">
     <span class='ocr_line' id='line_1_14' title="bbox 281 1363 1877 1444; baseline -0.007 -17"><span class='ocrx_word' id='word_1_83' title='bbox 281 1374 525 1444; x_wconf 84' lang='grc' dir='ltr'>σάμενος</span> <span class='ocrx_word' id='word_1_84' title='bbox 554 1372 657 1441; x_wconf 79' lang='grc' dir='ltr'><strong>τῆς</strong></span> <span class='ocrx_word' id='word_1_85' title='bbox 701 1371 837 1441; x_wconf 80' lang='grc' dir='ltr'>πρὸς</span> <span class='ocrx_word' id='word_1_86' title='bbox 878 1387 946 1441; x_wconf 90' lang='grc' dir='ltr'><strong>με</strong></span> <span class='ocrx_word' id='word_1_87' title='bbox 984 1367 1263 1440; x_wconf 82' lang='grc' dir='ltr'><strong>φερούσης</strong></span> <span class='ocrx_word' id='word_1_88' title='bbox 1304 1365 1423 1419; x_wconf 81' lang='grc' dir='ltr'>ὁδοῦ</span> <span class='ocrx_word' id='word_1_89' title='bbox 1458 1366 1783 1436; x_wconf 73' lang='grc' dir='ltr'><strong>ἀπέρχεται,</strong></span> <span class='ocrx_word' id='word_1_90' title='bbox 1813 1363 1877 1416; x_wconf 87' lang='grc' dir='ltr'><strong>ού</strong></span> 
     </span>
    </p>
   </div>
   <div class='ocr_carea' id='block_1_15' title="bbox 277 1456 1877 1536">
    <p class='ocr_par' dir='ltr' id='par_1_15' title="bbox 277 1456 1877 1536">
     <span class='ocr_line' id='line_1_15' title="bbox 277 1456 1877 1536; baseline -0.006 -18"><span class='ocrx_word' id='word_1_91' title='bbox 277 1466 394 1518; x_wconf 86' lang='grc' dir='ltr'><strong>τῶν</strong></span> <span class='ocrx_word' id='word_1_92' title='bbox 425 1465 599 1519; x_wconf 80' lang='grc' dir='ltr'>ἄλλων</span> <span class='ocrx_word' id='word_1_93' title='bbox 630 1463 851 1518; x_wconf 84' lang='grc' dir='ltr'>πάντων</span> <span class='ocrx_word' id='word_1_94' title='bbox 883 1463 1249 1536; x_wconf 70' lang='grc' dir='ltr'><strong>’προέκριναν⁸</strong></span> <span class='ocrx_word' id='word_1_95' title='bbox 1278 1459 1403 1513; x_wconf 89' lang='grc' dir='ltr'><strong>ούδέ</strong></span> <span class='ocrx_word' id='word_1_96' title='bbox 1437 1459 1687 1512; x_wconf 80' lang='grc' dir='ltr'><strong>ὑπείκειν</strong></span> <span class='ocrx_word' id='word_1_97' title='bbox 1709 1456 1877 1528; x_wconf 68' lang='grc' dir='ltr'><strong>ἠϐού-</strong></span> 
     </span>
    </p>
   </div>
   <div class='ocr_carea' id='block_1_16' title="bbox 281 1550 1879 1626">
    <p class='ocr_par' dir='ltr' id='par_1_16' title="bbox 281 1550 1879 1626">
     <span class='ocr_line' id='line_1_16' title="bbox 281 1550 1879 1626; baseline -0.004 -17"><span class='ocrx_word' id='word_1_98' title='bbox 281 1558 441 1610; x_wconf 77' lang='grc' dir='ltr'>λοντο</span> <span class='ocrx_word' id='word_1_99' title='bbox 487 1558 610 1620; x_wconf 86' lang='grc' dir='ltr'>ταῖς</span> <span class='ocrx_word' id='word_1_100' title='bbox 659 1557 824 1626; x_wconf 82' lang='grc' dir='ltr'>ἐμαῖς</span> <span class='ocrx_word' id='word_1_101' title='bbox 875 1555 1260 1626; x_wconf 80' lang='grc' dir='ltr'><strong>παραινέσεσι,</strong></span> <span class='ocrx_word' id='word_1_102' title='bbox 1296 1550 1393 1605; x_wconf 74' lang='grc' dir='ltr'>καὶ</span> <span class='ocrx_word' id='word_1_103' title='bbox 1441 1551 1572 1614; x_wconf 71' lang='grc' dir='ltr'>τοῦς</span> <span class='ocrx_word' id='word_1_104' title='bbox 1624 1550 1718 1603; x_wconf 77' lang='grc' dir='ltr'><strong>ἐπὶ</strong></span> <span class='ocrx_word' id='word_1_105' title='bbox 1766 1550 1879 1612; x_wconf 79' lang='grc' dir='ltr'>τοῖς</span> 
     </span>
    </p>
   </div>
   <div class='ocr_carea' id='block_1_17' title="bbox 228 1642 1757 1721">
    <p class='ocr_par' dir='ltr' id='par_1_17' title="bbox 228 1642 1757 1721">
     <span class='ocr_line' id='line_1_17' title="bbox 228 1642 1757 1721; baseline -0.005 -18"><span class='ocrx_word' id='word_1_106' title='bbox 228 1698 246 1721; x_wconf 78' lang='lat'><strong>._</strong></span> <span class='ocrx_word' id='word_1_107' title='bbox 282 1651 687 1721; x_wconf 71' lang='grc' dir='ltr'><strong>ἁμαρτήμασιν</strong></span> <span class='ocrx_word' id='word_1_108' title='bbox 725 1648 908 1703; x_wconf 81' lang='grc' dir='ltr'>αὐτῶν</span> <span class='ocrx_word' id='word_1_109' title='bbox 945 1647 1115 1717; x_wconf 82' lang='grc' dir='ltr'>ἐμοὺς</span> <span class='ocrx_word' id='word_1_110' title='bbox 1154 1646 1413 1713; x_wconf 75' lang='grc' dir='ltr'><strong>ἐλέγχους</strong></span> <span class='ocrx_word' id='word_1_111' title='bbox 1450 1642 1757 1709; x_wconf 82' lang='grc' dir='ltr'>διέπαιξαν.</span> 
     </span>
    </p>
   </div>
   <div class='ocr_carea' id='block_1_18' title="bbox 358 1730 1882 1809">
    <p class='ocr_par' dir='ltr' id='par_1_18' title="bbox 358 1730 1882 1809">
     <span class='ocr_line' id='line_1_18' title="bbox 358 1730 1882 1809; baseline -0.004 -18"><span class='ocrx_word' id='word_1_112' title='bbox 358 1741 459 1793; x_wconf 78' lang='grc' dir='ltr'>λα’.</span> <span class='ocrx_word' id='word_1_113' title='bbox 504 1739 846 1809; x_wconf 74' lang='grc' dir='ltr'><strong>Τοιγαροῦν,</strong></span> <span class='ocrx_word' id='word_1_114' title='bbox 880 1738 1120 1791; x_wconf 76' lang='grc' dir='ltr'><strong>ἔδονται</strong></span> <span class='ocrx_word' id='word_1_115' title='bbox 1149 1734 1257 1804; x_wconf 81' lang='grc' dir='ltr'>τῆς</span> <span class='ocrx_word' id='word_1_116' title='bbox 1288 1732 1518 1788; x_wconf 75' lang='grc' dir='ltr'>ἑαυτῶν</span> <span class='ocrx_word' id='word_1_117' title='bbox 1556 1732 1698 1787; x_wconf 82' lang='grc' dir='ltr'>ὁδοῦ</span> <span class='ocrx_word' id='word_1_118' title='bbox 1738 1730 1882 1796; x_wconf 80' lang='grc' dir='ltr'>τοὺς</span> 
     </span>
    </p>
   </div>
   <div class='ocr_carea' id='block_1_19' title="bbox 284 1822 1880 1900">
    <p class='ocr_par' dir='ltr' id='par_1_19' title="bbox 284 1822 1880 1900">
     <span class='ocr_line' id='line_1_19' title="bbox 284 1822 1880 1900; baseline -0.004 -16"><span class='ocrx_word' id='word_1_119' title='bbox 284 1832 587 1900; x_wconf 80' lang='grc' dir='ltr'>καρπούςο</span> <span class='ocrx_word' id='word_1_120' title='bbox 614 1831 711 1883; x_wconf 79' lang='grc' dir='ltr'><strong>καὶ</strong></span> <span class='ocrx_word' id='word_1_121' title='bbox 740 1829 853 1899; x_wconf 81' lang='grc' dir='ltr'>τῆς</span> <span class='ocrx_word' id='word_1_122' title='bbox 877 1830 1110 1884; x_wconf 80' lang='grc' dir='ltr'><em>ἑαυτῶν</em></span> <span class='ocrx_word' id='word_1_123' title='bbox 1139 1825 1457 1896; x_wconf 79' lang='grc' dir='ltr'><strong>ἐπιθυμίας</strong></span> <span class='ocrx_word' id='word_1_124' title='bbox 1482 1822 1880 1893; x_wconf 72' lang='grc' dir='ltr'>πλησθιὶσον-</span> 
     </span>
    </p>
   </div>
   <div class='ocr_carea' id='block_1_20' title="bbox 289 1897 1956 1993">
    <p class='ocr_par' dir='ltr' id='par_1_20' title="bbox 289 1897 1956 1993">
     <span class='ocr_line' id='line_1_20' title="bbox 289 1897 1956 1993; baseline -0.006 -16"><span class='ocrx_word' id='word_1_125' title='bbox 289 1897 401 1977; x_wconf 74' lang='grc' dir='ltr'>ται.</span> <span class='ocrx_word' id='word_1_126' title='bbox 441 1925 644 1993; x_wconf 84' lang='grc' dir='ltr'><strong>Διόπερ</strong></span> <span class='ocrx_word' id='word_1_127' title='bbox 671 1897 939 1993; x_wconf 74' lang='grc' dir='ltr'>φάγονται</span> <span class='ocrx_word' id='word_1_128' title='bbox 970 1923 1070 1992; x_wconf 83' lang='grc' dir='ltr'>τῆς</span> <span class='ocrx_word' id='word_1_129' title='bbox 1099 1917 1310 1973; x_wconf 79' lang='grc' dir='ltr'><strong>ἑαυτῶν</strong></span> <span class='ocrx_word' id='word_1_130' title='bbox 1339 1916 1609 1988; x_wconf 75' lang='grc' dir='ltr'>ἐργασίας</span> <span class='ocrx_word' id='word_1_131' title='bbox 1639 1917 1738 1979; x_wconf 83' lang='grc' dir='ltr'><strong>τάς</strong></span> <span class='ocrx_word' id='word_1_132' title='bbox 1759 1917 1882 1968; x_wconf 81' lang='grc' dir='ltr'>ἐπι-</span> <span class='ocrx_word' id='word_1_133' title='bbox 1914 1897 1956 1951; x_wconf 75' lang='grc' dir='ltr'><strong>Β</strong></span> 
     </span>
    </p>
   </div>
   <div class='ocr_carea' id='block_1_21' title="bbox 287 2004 1884 2085">
    <p class='ocr_par' dir='ltr' id='par_1_21' title="bbox 287 2004 1884 2085">
     <span class='ocr_line' id='line_1_21' title="bbox 287 2004 1884 2085; baseline -0.006 -17"><span class='ocrx_word' id='word_1_134' title='bbox 287 2015 531 2085; x_wconf 86' lang='grc' dir='ltr'>καρπίας</span> <span class='ocrx_word' id='word_1_135' title='bbox 552 2030 564 2042; x_wconf 93' lang='grc'><strong>·</strong></span> <span class='ocrx_word' id='word_1_136' title='bbox 603 2014 701 2067; x_wconf 79' lang='grc' dir='ltr'>καὶ</span> <span class='ocrx_word' id='word_1_137' title='bbox 735 2014 836 2083; x_wconf 78' lang='grc' dir='ltr'>τῆς</span> <span class='ocrx_word' id='word_1_138' title='bbox 867 2013 1046 2083; x_wconf 75' lang='grc' dir='ltr'>κακῆς</span> <span class='ocrx_word' id='word_1_139' title='bbox 1075 2010 1313 2083; x_wconf 77' lang='grc' dir='ltr'><strong>ὀρέξεως</strong></span> <span class='ocrx_word' id='word_1_140' title='bbox 1344 2008 1557 2063; x_wconf 78' lang='grc' dir='ltr'>ἑαυτῶν</span> <span class='ocrx_word' id='word_1_141' title='bbox 1597 2007 1760 2078; x_wconf 88' lang='grc' dir='ltr'>κόρον</span> <span class='ocrx_word' id='word_1_142' title='bbox 1786 2004 1884 2077; x_wconf 82' lang='grc' dir='ltr'><strong>λή-</strong></span> 
     </span>
    </p>
   </div>
   <div class='ocr_carea' id='block_1_22' title="bbox 284 2098 1871 2176">
    <p class='ocr_par' dir='ltr' id='par_1_22' title="bbox 284 2098 1871 2176">
     <span class='ocr_line' id='line_1_22' title="bbox 284 2098 1871 2176; baseline -0.003 -16"><span class='ocrx_word' id='word_1_143' title='bbox 284 2108 506 2176; x_wconf 72' lang='grc' dir='ltr'>ψονται,</span> <span class='ocrx_word' id='word_1_144' title='bbox 542 2106 672 2159; x_wconf 83' lang='grc' dir='ltr'>ὅταν</span> <span class='ocrx_word' id='word_1_145' title='bbox 697 2104 769 2157; x_wconf 75' lang='grc' dir='ltr'>τὰ</span> <span class='ocrx_word' id='word_1_146' title='bbox 795 2104 1002 2158; x_wconf 83' lang='grc' dir='ltr'>τούτων</span> <span class='ocrx_word' id='word_1_147' title='bbox 1032 2104 1288 2173; x_wconf 76' lang='grc' dir='ltr'>ἐπίχειρα</span> <span class='ocrx_word' id='word_1_148' title='bbox 1315 2100 1602 2172; x_wconf 72' lang='grc' dir='ltr'>καταλάὸη</span> <span class='ocrx_word' id='word_1_149' title='bbox 1623 2098 1871 2162; x_wconf 83' lang='grc' dir='ltr'>αύτούς.-</span> 
     </span>
    </p>
   </div>
   <div class='ocr_carea' id='block_1_23' title="bbox 361 2190 1882 2269">
    <p class='ocr_par' dir='ltr' id='par_1_23' title="bbox 361 2190 1882 2269">
     <span class='ocr_line' id='line_1_23' title="bbox 361 2190 1882 2269; baseline -0.003 -19"><span class='ocrx_word' id='word_1_150' title='bbox 361 2198 462 2269; x_wconf 76' lang='grc' dir='ltr'>λβ’.</span> <span class='ocrx_word' id='word_1_151' title='bbox 489 2197 636 2252; x_wconf 83' lang='grc' dir='ltr'><strong>Ἀνθ⁹</strong></span> <span class='ocrx_word' id='word_1_152' title='bbox 665 2190 755 2251; x_wconf 84' lang='grc' dir='ltr'><strong>ὧν</strong></span> <span class='ocrx_word' id='word_1_153' title='bbox 793 2200 905 2265; x_wconf 79' lang='grc' dir='ltr'>γὰρ</span> <span class='ocrx_word' id='word_1_154' title='bbox 950 2195 1208 2264; x_wconf 79' lang='grc' dir='ltr'><strong>ἠδίκουν</strong></span> <span class='ocrx_word' id='word_1_155' title='bbox 1247 2193 1540 2260; x_wconf 81' lang='grc' dir='ltr'><strong>νηπίους,</strong></span> <span class='ocrx_word' id='word_1_156' title='bbox 1584 2191 1882 2264; x_wconf 72' lang='grc' dir='ltr'><strong>φονευθήο</strong></span> 
     </span>
    </p>
   </div>
   <div class='ocr_carea' id='block_1_24' title="bbox 286 2279 1883 2358">
    <p class='ocr_par' dir='ltr' id='par_1_24' title="bbox 286 2279 1883 2358">
     <span class='ocr_line' id='line_1_24' title="bbox 286 2279 1883 2358; baseline -0.006 -11"><span class='ocrx_word' id='word_1_157' title='bbox 286 2308 503 2347; x_wconf 86' lang='grc' dir='ltr'>σονται</span> <span class='ocrx_word' id='word_1_158' title='bbox 528 2306 541 2320; x_wconf 79' lang='grc' dir='ltr'>ο</span> <span class='ocrx_word' id='word_1_159' title='bbox 583 2290 680 2344; x_wconf 79' lang='grc' dir='ltr'><strong>καί</strong></span> <span class='ocrx_word' id='word_1_160' title='bbox 709 2289 1049 2358; x_wconf 79' lang='grc' dir='ltr'>ἐξετασμὸν</span> <span class='ocrx_word' id='word_1_161' title='bbox 1077 2288 1282 2343; x_wconf 79' lang='grc' dir='ltr'><strong>ὀλέσει</strong></span> <span class='ocrx_word' id='word_1_162' title='bbox 1318 2286 1575 2353; x_wconf 76' lang='grc' dir='ltr'>ἀσεϐεῖς.</span> <span class='ocrx_word' id='word_1_163' title='bbox 1617 2285 1789 2357; x_wconf 75' lang='grc' dir='ltr'>’Υπὲρ</span> <span class='ocrx_word' id='word_1_164' title='bbox 1821 2279 1883 2339; x_wconf 76' lang='grc' dir='ltr'><strong>οὗ</strong></span> 
     </span>
    </p>
   </div>
   <div class='ocr_carea' id='block_1_25' title="bbox 288 2376 1884 2454">
    <p class='ocr_par' dir='ltr' id='par_1_25' title="bbox 288 2376 1884 2454">
     <span class='ocr_line' id='line_1_25' title="bbox 288 2376 1884 2454; baseline -0.006 -17"><span class='ocrx_word' id='word_1_165' title='bbox 288 2384 400 2454; x_wconf 67' lang='grc' dir='ltr'>γὰρ</span> <span class='ocrx_word' id='word_1_166' title='bbox 442 2384 555 2443; x_wconf 84' lang='grc' dir='ltr'>τοῖς</span> <span class='ocrx_word' id='word_1_167' title='bbox 603 2381 834 2443; x_wconf 75' lang='grc' dir='ltr'>τελείοις</span> <span class='ocrx_word' id='word_1_168' title='bbox 881 2380 979 2451; x_wconf 85' lang='grc' dir='ltr'>μὲν</span> <span class='ocrx_word' id='word_1_169' title='bbox 1008 2379 1088 2451; x_wconf 83' lang='grc' dir='ltr'>τῷ</span> <span class='ocrx_word' id='word_1_170' title='bbox 1117 2382 1464 2453; x_wconf 87' lang='grc' dir='ltr'>φρονήματι,</span> <span class='ocrx_word' id='word_1_171' title='bbox 1491 2381 1560 2450; x_wconf 80' lang='grc' dir='ltr'>τῇ</span> <span class='ocrx_word' id='word_1_172' title='bbox 1609 2378 1666 2432; x_wconf 80' lang='grc' dir='ltr'>δὲ</span> <span class='ocrx_word' id='word_1_173' title='bbox 1715 2376 1884 2448; x_wconf 79' lang='grc' dir='ltr'>κακίᾳ</span> 
     </span>
    </p>
   </div>
   <div class='ocr_carea' id='block_1_26' title="bbox 236 2466 1882 2544">
    <p class='ocr_par' dir='ltr' id='par_1_26' title="bbox 236 2466 1882 2544">
     <span class='ocr_line' id='line_1_26' title="bbox 236 2466 1882 2544; baseline -0.005 -16"><span class='ocrx_word' id='word_1_174' title='bbox 236 2512 239 2515; x_wconf 95' lang='grc'><strong><em>-</em></strong></span> <span class='ocrx_word' id='word_1_175' title='bbox 292 2472 653 2544; x_wconf 77' lang='grc' dir='ltr'>νηπιάξουσιν</span> <span class='ocrx_word' id='word_1_176' title='bbox 700 2471 921 2533; x_wconf 75' lang='grc' dir='ltr'>ἀδίκους</span> <span class='ocrx_word' id='word_1_177' title='bbox 965 2473 1157 2541; x_wconf 85' lang='grc' dir='ltr'>χεῖρας</span> <span class='ocrx_word' id='word_1_178' title='bbox 1200 2470 1495 2535; x_wconf 75' lang='grc' dir='ltr'>ἐπέϐαλον,</span> <span class='ocrx_word' id='word_1_179' title='bbox 1545 2469 1727 2539; x_wconf 81' lang='grc' dir='ltr'>ἄωρον</span> <span class='ocrx_word' id='word_1_180' title='bbox 1775 2466 1882 2520; x_wconf 81' lang='grc' dir='ltr'><strong>δώ·</strong></span> 
     </span>
    </p>
   </div>
   <div class='ocr_carea' id='block_1_27' title="bbox 301 2560 1886 2633">
    <p class='ocr_par' dir='ltr' id='par_1_27' title="bbox 301 2560 1886 2633">
     <span class='ocr_line' id='line_1_27' title="bbox 301 2560 1886 2633; baseline -0.005 -12"><span class='ocrx_word' id='word_1_181' title='bbox 301 2583 461 2622; x_wconf 83' lang='grc' dir='ltr'>σουσι</span> <span class='ocrx_word' id='word_1_182' title='bbox 486 2564 718 2619; x_wconf 78' lang='grc' dir='ltr'>θάνατον</span> <span class='ocrx_word' id='word_1_183' title='bbox 738 2581 752 2594; x_wconf 78' lang='grc' dir='ltr'><strong><em>ο</em></strong></span> <span class='ocrx_word' id='word_1_184' title='bbox 796 2563 892 2617; x_wconf 74' lang='grc' dir='ltr'><strong>καὶ</strong></span> <span class='ocrx_word' id='word_1_185' title='bbox 936 2563 970 2633; x_wconf 82' lang='grc' dir='ltr'><strong>ἡ</strong></span> <span class='ocrx_word' id='word_1_186' title='bbox 1023 2563 1164 2616; x_wconf 83' lang='grc' dir='ltr'><strong>κατά</strong></span> <span class='ocrx_word' id='word_1_187' title='bbox 1196 2562 1257 2615; x_wconf 80' lang='grc' dir='ltr'>τὸ</span> <span class='ocrx_word' id='word_1_188' title='bbox 1291 2560 1466 2631; x_wconf 80' lang='grc' dir='ltr'>παρὸν</span> <span class='ocrx_word' id='word_1_189' title='bbox 1493 2561 1743 2625; x_wconf 79' lang='grc' dir='ltr'>ἐξέτασις</span> <span class='ocrx_word' id='word_1_190' title='bbox 1776 2560 1886 2613; x_wconf 88' lang='grc' dir='ltr'><strong>τῶν</strong></span> 
     </span>
    </p>
   </div>
   <div class='ocr_carea' id='block_1_28' title="bbox 294 2653 1887 2728">
    <p class='ocr_par' dir='ltr' id='par_1_28' title="bbox 294 2653 1887 2728">
     <span class='ocr_line' id='line_1_28' title="bbox 294 2653 1887 2728; baseline -0.004 -17"><span class='ocrx_word' id='word_1_191' title='bbox 294 2660 471 2728; x_wconf 71' lang='grc' dir='ltr'>ἔργων</span> <span class='ocrx_word' id='word_1_192' title='bbox 500 2656 601 2727; x_wconf 79' lang='grc' dir='ltr'>τῆς</span> <span class='ocrx_word' id='word_1_193' title='bbox 630 2654 869 2719; x_wconf 80' lang='grc' dir='ltr'>ἀδικίας,</span> <span class='ocrx_word' id='word_1_194' title='bbox 898 2656 1026 2718; x_wconf 81' lang='grc' dir='ltr'>τοὺς</span> <span class='ocrx_word' id='word_1_195' title='bbox 1058 2655 1133 2725; x_wconf 84' lang='grc' dir='ltr'>μὴ</span> <span class='ocrx_word' id='word_1_196' title='bbox 1155 2653 1223 2708; x_wconf 83' lang='grc' dir='ltr'>δι’</span> <span class='ocrx_word' id='word_1_197' title='bbox 1240 2654 1617 2726; x_wconf 86' lang='grc' dir='ltr'>ἁγαθοεργίας</span> <span class='ocrx_word' id='word_1_198' title='bbox 1636 2654 1728 2707; x_wconf 84' lang='grc' dir='ltr'><strong>τὸν</strong></span> <span class='ocrx_word' id='word_1_199' title='bbox 1752 2653 1887 2706; x_wconf 75' lang='grc' dir='ltr'>Θεὸν</span> 
     </span>
    </p>
   </div>
   <div class='ocr_carea' id='block_1_29' title="bbox 291 2744 1886 2820">
    <p class='ocr_par' dir='ltr' id='par_1_29' title="bbox 291 2744 1886 2820">
     <span class='ocr_line' id='line_1_29' title="bbox 291 2744 1886 2820; baseline -0.004 -16"><span class='ocrx_word' id='word_1_200' title='bbox 291 2748 570 2820; x_wconf 77' lang='grc' dir='ltr'>τιμῶντας</span> <span class='ocrx_word' id='word_1_201' title='bbox 622 2746 907 2811; x_wconf 81' lang='grc' dir='ltr'>ἀπολέσει,</span> <span class='ocrx_word' id='word_1_202' title='bbox 938 2748 1253 2817; x_wconf 80' lang='grc' dir='ltr'>στερήσασα</span> <span class='ocrx_word' id='word_1_203' title='bbox 1300 2747 1400 2815; x_wconf 86' lang='grc' dir='ltr'>τῆς</span> <span class='ocrx_word' id='word_1_204' title='bbox 1446 2744 1593 2815; x_wconf 79' lang='grc' dir='ltr'>ζωῆς</span> <span class='ocrx_word' id='word_1_205' title='bbox 1628 2745 1733 2817; x_wconf 76' lang='grc' dir='ltr'>πρὸ</span> <span class='ocrx_word' id='word_1_206' title='bbox 1764 2763 1886 2799; x_wconf 86' lang='grc' dir='ltr'>και-</span> 
     </span>
    </p>
   </div>
   <div class='ocr_carea' id='block_1_30' title="bbox 296 2820 1888 2913">
    <p class='ocr_par' dir='ltr' id='par_1_30' title="bbox 296 2820 1888 2913">
     <span class='ocr_line' id='line_1_30' title="bbox 296 2820 1888 2913; baseline -0.003 -18"><span class='ocrx_word' id='word_1_207' title='bbox 296 2841 391 2913; x_wconf 83' lang='grc' dir='ltr'>ροῦ</span> <span class='ocrx_word' id='word_1_208' title='bbox 409 2857 424 2873; x_wconf 78' lang='grc' dir='ltr'><strong>ο</strong></span> <span class='ocrx_word' id='word_1_209' title='bbox 448 2842 641 2911; x_wconf 75' lang='grc' dir='ltr'>ἄνδρες</span> <span class='ocrx_word' id='word_1_210' title='bbox 668 2840 779 2907; x_wconf 73' lang='grc' dir='ltr'><strong>γὰρ</strong></span> <span class='ocrx_word' id='word_1_211' title='bbox 805 2838 1058 2907; x_wconf 77' lang='grc' dir='ltr'>αἱμάτων</span> <span class='ocrx_word' id='word_1_212' title='bbox 1081 2820 1178 2893; x_wconf 78' lang='grc' dir='ltr'><strong>καὶ</strong></span> <span class='ocrx_word' id='word_1_213' title='bbox 1207 2838 1537 2909; x_wconf 82' lang='grc' dir='ltr'>δολιότητος,</span> <span class='ocrx_word' id='word_1_214' title='bbox 1561 2838 1621 2891; x_wconf 87' lang='grc' dir='ltr'><strong>ού</strong></span> <span class='ocrx_word' id='word_1_215' title='bbox 1653 2836 1730 2909; x_wconf 76' lang='grc' dir='ltr'>μὴ</span> <span class='ocrx_word' id='word_1_216' title='bbox 1752 2840 1888 2908; x_wconf 79' lang='grc' dir='ltr'>ἡμι-</span> 
     </span>
    </p>
   </div>
   <div class='ocr_carea' id='block_1_31' title="bbox 294 2931 1179 3003">
    <p class='ocr_par' dir='ltr' id='par_1_31' title="bbox 294 2931 1179 3003">
     <span class='ocr_line' id='line_1_31' title="bbox 294 2931 1179 3003; baseline 0.001 -16"><span class='ocrx_word' id='word_1_217' title='bbox 294 2932 550 2987; x_wconf 75' lang='grc' dir='ltr'>σεύσουσι</span> <span class='ocrx_word' id='word_1_218' title='bbox 588 2933 683 2995; x_wconf 79' lang='grc' dir='ltr'>τὰς</span> <span class='ocrx_word' id='word_1_219' title='bbox 725 2933 937 3003; x_wconf 79' lang='grc' dir='ltr'>ἡμέρας</span> <span class='ocrx_word' id='word_1_220' title='bbox 977 2931 1179 2989; x_wconf 81' lang='grc' dir='ltr'>αὐτῶν.</span> 
     </span>
    </p>
   </div>
   <div class='ocr_carea' id='block_1_32' title="bbox 366 3021 1888 3092">
    <p class='ocr_par' dir='ltr' id='par_1_32' title="bbox 366 3021 1888 3092">
     <span class='ocr_line' id='line_1_32' title="bbox 366 3021 1888 3092; baseline -0.001 -16"><span class='ocrx_word' id='word_1_221' title='bbox 366 3024 468 3092; x_wconf 86' lang='grc' dir='ltr'>λγ’.</span> <span class='ocrx_word' id='word_1_222' title='bbox 512 3025 565 3076; x_wconf 70' lang='grc' dir='ltr'><em>Ὁ</em></span> <span class='ocrx_word' id='word_1_223' title='bbox 607 3023 675 3077; x_wconf 80' lang='grc' dir='ltr'>δὲ</span> <span class='ocrx_word' id='word_1_224' title='bbox 709 3023 858 3092; x_wconf 82' lang='grc' dir='ltr'>ἐμοῦ</span> <span class='ocrx_word' id='word_1_225' title='bbox 885 3023 1144 3088; x_wconf 77' lang='grc' dir='ltr'>ἀιιούων,</span> <span class='ocrx_word' id='word_1_226' title='bbox 1168 3021 1627 3089; x_wconf 83' lang='grc' dir='ltr'><strong>κατασκηνώσει</strong></span> <span class='ocrx_word' id='word_1_227' title='bbox 1665 3021 1760 3074; x_wconf 75' lang='grc' dir='ltr'><strong>ἐπ’</strong></span> <span class='ocrx_word' id='word_1_228' title='bbox 1788 3021 1888 3075; x_wconf 75' lang='grc' dir='ltr'><strong>ἐλ-</strong></span> 
     </span>
    </p>
   </div>
   <div class='ocr_carea' id='block_1_33' title="bbox 292 3113 1888 3186">
    <p class='ocr_par' dir='ltr' id='par_1_33' title="bbox 292 3113 1888 3186">
     <span class='ocr_line' id='line_1_33' title="bbox 292 3113 1888 3186; baseline -0.001 -15"><span class='ocrx_word' id='word_1_229' title='bbox 292 3117 424 3171; x_wconf 81' lang='grc' dir='ltr'>πίδι</span> <span class='ocrx_word' id='word_1_230' title='bbox 441 3136 455 3149; x_wconf 88' lang='grc'><strong>·</strong></span> <span class='ocrx_word' id='word_1_231' title='bbox 482 3116 578 3171; x_wconf 79' lang='grc' dir='ltr'>καὶ</span> <span class='ocrx_word' id='word_1_232' title='bbox 605 3116 906 3186; x_wconf 80' lang='grc' dir='ltr'>ἠσυχιίσει</span> <span class='ocrx_word' id='word_1_233' title='bbox 933 3118 1171 3186; x_wconf 67' lang='grc' dir='ltr'>ἀφόϐως</span> <span class='ocrx_word' id='word_1_234' title='bbox 1196 3117 1314 3171; x_wconf 77' lang='grc' dir='ltr'><strong>ἀπὸ</strong></span> <span class='ocrx_word' id='word_1_235' title='bbox 1339 3115 1565 3182; x_wconf 82' lang='grc' dir='ltr'>παντὸς</span> <span class='ocrx_word' id='word_1_236' title='bbox 1598 3114 1807 3170; x_wconf 81' lang='grc' dir='ltr'>κακοῦ.</span> <span class='ocrx_word' id='word_1_237' title='bbox 1826 3113 1888 3170; x_wconf 85' lang='grc'><strong>’0</strong></span> 
     </span>
    </p>
   </div>
   <div class='ocr_carea' id='block_1_34' title="bbox 291 3206 1957 3293">
    <p class='ocr_par' dir='ltr' id='par_1_34' title="bbox 291 3206 1957 3293">
     <span class='ocr_line' id='line_1_34' title="bbox 291 3206 1957 3293; baseline -0.004 -29"><span class='ocrx_word' id='word_1_238' title='bbox 291 3210 339 3264; x_wconf 88' lang='grc' dir='ltr'>δ’</span> <span class='ocrx_word' id='word_1_239' title='bbox 362 3211 484 3279; x_wconf 73' lang='grc' dir='ltr'>ἐμοὶ</span> <span class='ocrx_word' id='word_1_240' title='bbox 517 3209 865 3281; x_wconf 75' lang='grc' dir='ltr'>πειθόμενος,</span> <span class='ocrx_word' id='word_1_241' title='bbox 889 3209 987 3262; x_wconf 72' lang='grc' dir='ltr'>καὶ</span> <span class='ocrx_word' id='word_1_242' title='bbox 1011 3207 1111 3271; x_wconf 77' lang='grc' dir='ltr'>τὰς</span> <span class='ocrx_word' id='word_1_243' title='bbox 1142 3207 1293 3271; x_wconf 81' lang='grc' dir='ltr'>Θείας</span> <span class='ocrx_word' id='word_1_244' title='bbox 1325 3206 1548 3271; x_wconf 82' lang='grc' dir='ltr'>ἐντολὰς</span> <span class='ocrx_word' id='word_1_245' title='bbox 1578 3206 1884 3277; x_wconf 81' lang='grc' dir='ltr'>ἐργαζόμε-</span> <span class='ocrx_word' id='word_1_246' title='bbox 1913 3234 1957 3293; x_wconf 76' lang='lat' dir='ltr'><strong>C</strong></span> 
     </span>
    </p>
   </div>
   <div class='ocr_carea' id='block_1_35' title="bbox 296 3297 1888 3371">
    <p class='ocr_par' dir='ltr' id='par_1_35' title="bbox 296 3297 1888 3371">
     <span class='ocr_line' id='line_1_35' title="bbox 296 3297 1888 3371; baseline -0.004 -16"><span class='ocrx_word' id='word_1_247' title='bbox 296 3317 409 3364; x_wconf 85' lang='grc' dir='ltr'>νος,</span> <span class='ocrx_word' id='word_1_248' title='bbox 452 3301 521 3354; x_wconf 84' lang='grc' dir='ltr'>τὰ</span> <span class='ocrx_word' id='word_1_249' title='bbox 553 3301 819 3371; x_wconf 81' lang='grc' dir='ltr'>μέλλοντα</span> <span class='ocrx_word' id='word_1_250' title='bbox 843 3298 1031 3369; x_wconf 85' lang='grc' dir='ltr'>ἀγα.θά</span> <span class='ocrx_word' id='word_1_251' title='bbox 1060 3301 1183 3362; x_wconf 76' lang='grc' dir='ltr'>ταῖς</span> <span class='ocrx_word' id='word_1_252' title='bbox 1212 3298 1427 3353; x_wconf 80' lang='grc' dir='ltr'>ἐλπίσιν</span> <span class='ocrx_word' id='word_1_253' title='bbox 1459 3299 1560 3369; x_wconf 69' lang='grc' dir='ltr'>ἤδη</span> <span class='ocrx_word' id='word_1_254' title='bbox 1590 3297 1888 3368; x_wconf 80' lang='grc' dir='ltr'>καρπώσε-</span> 
     </span>
    </p>
   </div>
   <div class='ocr_carea' id='block_1_36' title="bbox 295 3384 1889 3457">
    <p class='ocr_par' dir='ltr' id='par_1_36' title="bbox 295 3384 1889 3457">
     <span class='ocr_line' id='line_1_36' title="bbox 295 3384 1889 3457; baseline -0.002 -16"><span class='ocrx_word' id='word_1_255' title='bbox 295 3406 389 3443; x_wconf 88' lang='grc' dir='ltr'><strong>ται</strong></span> <span class='ocrx_word' id='word_1_256' title='bbox 416 3392 475 3442; x_wconf 87' lang='grc' dir='ltr'><strong>ἐν</strong></span> <span class='ocrx_word' id='word_1_257' title='bbox 503 3389 716 3452; x_wconf 86' lang='grc' dir='ltr'>τούτοις</span> <span class='ocrx_word' id='word_1_258' title='bbox 746 3389 888 3442; x_wconf 84' lang='grc' dir='ltr'><strong>κατά</strong></span> <span class='ocrx_word' id='word_1_259' title='bbox 922 3386 1245 3457; x_wconf 83' lang='grc' dir='ltr'>προαίρεσιν</span> <span class='ocrx_word' id='word_1_260' title='bbox 1272 3387 1372 3456; x_wconf 84' lang='grc' dir='ltr'>τὴν</span> <span class='ocrx_word' id='word_1_261' title='bbox 1401 3385 1687 3439; x_wconf 83' lang='grc' dir='ltr'>κατοικίαν</span> <span class='ocrx_word' id='word_1_262' title='bbox 1712 3384 1889 3455; x_wconf 81' lang='grc' dir='ltr'>πηξά-</span> 
     </span>
    </p>
   </div>
   <div class='ocr_carea' id='block_1_37' title="bbox 302 3476 1891 3550">
    <p class='ocr_par' dir='ltr' id='par_1_37' title="bbox 302 3476 1891 3550">
     <span class='ocr_line' id='line_1_37' title="bbox 302 3476 1891 3550; baseline -0.003 -18"><span class='ocrx_word' id='word_1_263' title='bbox 302 3497 498 3550; x_wconf 81' lang='grc' dir='ltr'>μενος·</span> <span class='ocrx_word' id='word_1_264' title='bbox 550 3481 644 3533; x_wconf 80' lang='grc' dir='ltr'><strong>καὶ</strong></span> <span class='ocrx_word' id='word_1_265' title='bbox 687 3479 798 3533; x_wconf 76' lang='grc' dir='ltr'><strong>ἀπὸ</strong></span> <span class='ocrx_word' id='word_1_266' title='bbox 839 3478 1023 3549; x_wconf 77' lang='grc' dir='ltr'>πάσης</span> <span class='ocrx_word' id='word_1_267' title='bbox 1064 3476 1264 3539; x_wconf 87' lang='grc' dir='ltr'>κακίας</span> <span class='ocrx_word' id='word_1_268' title='bbox 1298 3477 1731 3547; x_wconf 75' lang='grc' dir='ltr'>συσταλήσεταιο</span> <span class='ocrx_word' id='word_1_269' title='bbox 1766 3476 1891 3547; x_wconf 77' lang='grc' dir='ltr'>ούχὶ</span> 
     </span>
    </p>
   </div>
   <div class='ocr_carea' id='block_1_38' title="bbox 298 3566 1891 3639">
    <p class='ocr_par' dir='ltr' id='par_1_38' title="bbox 298 3566 1891 3639">
     <span class='ocr_line' id='line_1_38' title="bbox 298 3566 1891 3639; baseline -0.001 -17"><span class='ocrx_word' id='word_1_270' title='bbox 298 3567 561 3632; x_wconf 77' lang='grc' dir='ltr'>δουλικῶς</span> <span class='ocrx_word' id='word_1_271' title='bbox 575 3569 654 3638; x_wconf 85' lang='grc' dir='ltr'>τῷ</span> <span class='ocrx_word' id='word_1_272' title='bbox 677 3570 788 3621; x_wconf 83' lang='grc' dir='ltr'><strong>τῶν</strong></span> <span class='ocrx_word' id='word_1_273' title='bbox 806 3568 1085 3622; x_wconf 79' lang='grc' dir='ltr'>κολάσεων</span> <span class='ocrx_word' id='word_1_274' title='bbox 1107 3568 1429 3638; x_wconf 73' lang='grc' dir='ltr'>φόϐῳ,ἀλλ3ι</span> <span class='ocrx_word' id='word_1_275' title='bbox 1450 3568 1639 3632; x_wconf 77' lang='grc' dir='ltr'>υἱικῶς</span> <span class='ocrx_word' id='word_1_276' title='bbox 1657 3569 1731 3639; x_wconf 73' lang='grc' dir='ltr'>τῇ</span> <span class='ocrx_word' id='word_1_277' title='bbox 1752 3566 1891 3638; x_wconf 80' lang='grc' dir='ltr'>πρὸς</span> 
     </span>
    </p>
   </div>
   <div class='ocr_carea' id='block_1_39' title="bbox 298 3660 1288 3732">
    <p class='ocr_par' dir='ltr' id='par_1_39' title="bbox 298 3660 1288 3732">
     <span class='ocr_line' id='line_1_39' title="bbox 298 3660 1288 3732; baseline -0.001 -19"><span class='ocrx_word' id='word_1_278' title='bbox 298 3660 363 3713; x_wconf 78' lang='grc' dir='ltr'><strong>τὸ</strong></span> <span class='ocrx_word' id='word_1_279' title='bbox 401 3663 651 3732; x_wconf 83' lang='grc' dir='ltr'>κρ-ῖττον</span> <span class='ocrx_word' id='word_1_280' title='bbox 690 3665 930 3732; x_wconf 46' lang='grc' dir='ltr'>στοργῇ</span> <span class='ocrx_word' id='word_1_281' title='bbox 971 3660 1123 3713; x_wconf 75' lang='grc' dir='ltr'>ἔνθεν</span> <span class='ocrx_word' id='word_1_282' title='bbox 1162 3676 1245 3712; x_wconf 88' lang='grc' dir='ltr'><strong>τοι</strong></span> <span class='ocrx_word' id='word_1_283' title='bbox 1269 3673 1288 3690; x_wconf 76' lang='grc' dir='ltr'><strong>ο</strong></span> 
     </span>
    </p>
   </div>
   <div class='ocr_carea' id='block_1_40' title="bbox 903 3795 1283 3852">
    <p class='ocr_par' dir='ltr' id='par_1_40' title="bbox 903 3795 1283 3852">
     <span class='ocr_line' id='line_1_40' title="bbox 903 3795 1283 3852; baseline 0.005 -3"><span class='ocrx_word' id='word_1_284' title='bbox 903 3795 1158 3850; x_wconf 76' lang='grc' dir='ltr'><strong>ΚΕΦΑΛ.</strong></span> <span class='ocrx_word' id='word_1_285' title='bbox 1204 3795 1283 3852; x_wconf 88' lang='lat' dir='ltr'><strong>B&#39;.</strong></span> 
     </span>
    </p>
   </div>
   <div class='ocr_carea' id='block_1_41' title="bbox 377 3929 1893 4001">
    <p class='ocr_par' dir='ltr' id='par_1_41' title="bbox 377 3929 1893 4001">
     <span class='ocr_line' id='line_1_41' title="bbox 377 3929 1893 4001; baseline 0.009 -18"><span class='ocrx_word' id='word_1_286' title='bbox 377 3935 448 3984; x_wconf 80' lang='grc' dir='ltr'>α’.</span> <span class='ocrx_word' id='word_1_287' title='bbox 501 3929 613 3995; x_wconf 64' lang='lat' dir='ltr'><strong>ne,</strong></span> <span class='ocrx_word' id='word_1_288' title='bbox 661 3932 774 3986; x_wconf 81' lang='grc' dir='ltr'><strong>ἐὰν</strong></span> <span class='ocrx_word' id='word_1_289' title='bbox 814 3931 1147 4001; x_wconf 78' lang='grc' dir='ltr'>δεξάμενος</span> <span class='ocrx_word' id='word_1_290' title='bbox 1189 3930 1384 4000; x_wconf 75' lang='grc' dir='ltr'>ῥῆσιν</span> <span class='ocrx_word' id='word_1_291' title='bbox 1417 3929 1570 4001; x_wconf 74' lang='grc' dir='ltr'>ἐμῆς</span> <span class='ocrx_word' id='word_1_292' title='bbox 1610 3930 1893 4000; x_wconf 67' lang='grc' dir='ltr'><strong>ἐντολῆς,</strong></span> 
     </span>
    </p>
   </div>
   <div class='ocr_carea' id='block_1_42' title="bbox 302 4020 1893 4094">
    <p class='ocr_par' dir='ltr' id='par_1_42' title="bbox 302 4020 1893 4094">
     <span class='ocr_line' id='line_1_42' title="bbox 302 4020 1893 4094; baseline 0.001 -19"><span class='ocrx_word' id='word_1_293' title='bbox 302 4024 543 4092; x_wconf 69' lang='grc' dir='ltr'>κρύψῃς</span> <span class='ocrx_word' id='word_1_294' title='bbox 565 4025 725 4092; x_wconf 77' lang='grc' dir='ltr'>παρὰ</span> <span class='ocrx_word' id='word_1_295' title='bbox 747 4022 1005 4089; x_wconf 77' lang='grc' dir='ltr'>σεαυτῷ.</span> <span class='ocrx_word' id='word_1_296' title='bbox 1042 4025 1103 4077; x_wconf 87' lang='lat'><strong>&#39;0</strong></span> <span class='ocrx_word' id='word_1_297' title='bbox 1132 4020 1545 4094; x_wconf 78' lang='grc' dir='ltr'>υίοθετούμενός</span> <span class='ocrx_word' id='word_1_298' title='bbox 1569 4039 1661 4093; x_wconf 87' lang='grc' dir='ltr'><strong>μοι</strong></span> <span class='ocrx_word' id='word_1_299' title='bbox 1681 4022 1768 4076; x_wconf 71' lang='grc' dir='ltr'>διὰ</span> <span class='ocrx_word' id='word_1_300' title='bbox 1792 4023 1893 4092; x_wconf 85' lang='grc' dir='ltr'>τῆς</span> 
     </span>
    </p>
   </div>
   <div class='ocr_carea' id='block_1_43' title="bbox 303 4112 1892 4183">
    <p class='ocr_par' dir='ltr' id='par_1_43' title="bbox 303 4112 1892 4183">
     <span class='ocr_line' id='line_1_43' title="bbox 303 4112 1892 4183; baseline 0.002 -18"><span class='ocrx_word' id='word_1_301' title='bbox 303 4114 366 4168; x_wconf 82' lang='grc' dir='ltr'><strong>ἐν</strong></span> <span class='ocrx_word' id='word_1_302' title='bbox 398 4114 672 4183; x_wconf 82' lang='grc' dir='ltr'>πνεύματι</span> <span class='ocrx_word' id='word_1_303' title='bbox 702 4112 1075 4181; x_wconf 86' lang='grc' dir='ltr'>διδασκαλίας,</span> <span class='ocrx_word' id='word_1_304' title='bbox 1105 4113 1202 4168; x_wconf 79' lang='grc' dir='ltr'>ἐὰν</span> <span class='ocrx_word' id='word_1_305' title='bbox 1248 4113 1694 4183; x_wconf 84' lang='grc' dir='ltr'>παραδεξάμενος</span> <span class='ocrx_word' id='word_1_306' title='bbox 1733 4112 1892 4182; x_wconf 75' lang='grc' dir='ltr'>λόγον</span> 
     </span>
    </p>
   </div>
   <div class='ocr_carea' id='block_1_44' title="bbox 303 4205 1895 4278">
    <p class='ocr_par' dir='ltr' id='par_1_44' title="bbox 303 4205 1895 4278">
     <span class='ocr_line' id='line_1_44' title="bbox 303 4205 1895 4278; baseline 0.001 -19"><span class='ocrx_word' id='word_1_307' title='bbox 303 4205 646 4260; x_wconf 77' lang='grc' dir='ltr'>ἀπαιτοῦντά</span> <span class='ocrx_word' id='word_1_308' title='bbox 673 4223 732 4259; x_wconf 89' lang='grc' dir='ltr'><strong>σε</strong></span> <span class='ocrx_word' id='word_1_309' title='bbox 759 4207 820 4260; x_wconf 79' lang='grc' dir='ltr'><strong>τὸ</strong></span> <span class='ocrx_word' id='word_1_310' title='bbox 848 4207 981 4278; x_wconf 76' lang='grc' dir='ltr'>ἐμὸν</span> <span class='ocrx_word' id='word_1_311' title='bbox 1010 4206 1288 4276; x_wconf 81' lang='grc' dir='ltr'>βουλητὸν,</span> <span class='ocrx_word' id='word_1_312' title='bbox 1319 4206 1559 4278; x_wconf 76' lang='grc' dir='ltr'>φυλάξῃς</span> <span class='ocrx_word' id='word_1_313' title='bbox 1592 4205 1782 4260; x_wconf 76' lang='grc' dir='ltr'>τοῦτον</span> <span class='ocrx_word' id='word_1_314' title='bbox 1829 4208 1895 4261; x_wconf 76' lang='grc' dir='ltr'><strong>ἐν</strong></span> 
     </span>
    </p>
   </div>
   <div class='ocr_carea' id='block_1_45' title="bbox 304 4296 1757 4369">
    <p class='ocr_par' dir='ltr' id='par_1_45' title="bbox 304 4296 1757 4369">
     <span class='ocr_line' id='line_1_45' title="bbox 304 4296 1757 4369; baseline 0 -19"><span class='ocrx_word' id='word_1_315' title='bbox 304 4297 385 4369; x_wconf 83' lang='grc' dir='ltr'>τῷ</span> <span class='ocrx_word' id='word_1_316' title='bbox 422 4297 520 4368; x_wconf 82' lang='grc' dir='ltr'>τῆς</span> <span class='ocrx_word' id='word_1_317' title='bbox 557 4297 734 4369; x_wconf 79' lang='grc' dir='ltr'>ψυχῆς</span> <span class='ocrx_word' id='word_1_318' title='bbox 777 4315 871 4351; x_wconf 86' lang='grc' dir='ltr'><strong>σου</strong></span> <span class='ocrx_word' id='word_1_319' title='bbox 914 4296 1333 4369; x_wconf 82' lang='grc' dir='ltr'>μνημονευτικῷ</span> <span class='ocrx_word' id='word_1_320' title='bbox 1372 4298 1757 4369; x_wconf 85' lang='grc' dir='ltr'>ἀνεπίληστον.</span> 
     </span>
    </p>
   </div>
   <div class='ocr_carea' id='block_1_46' title="bbox 382 4384 1895 4460">
    <p class='ocr_par' dir='ltr' id='par_1_46' title="bbox 382 4384 1895 4460">
     <span class='ocr_line' id='line_1_46' title="bbox 382 4384 1895 4460; baseline -0.003 -15"><span class='ocrx_word' id='word_1_321' title='bbox 382 4390 449 4460; x_wconf 87' lang='grc' dir='ltr'><strong>β’.</strong></span> <span class='ocrx_word' id='word_1_322' title='bbox 489 4390 922 4444; x_wconf 80' lang='grc' dir='ltr'>Ἐπακούσεται</span> <span class='ocrx_word' id='word_1_323' title='bbox 970 4392 1192 4459; x_wconf 69' lang='grc' dir='ltr'>σοφίας</span> <span class='ocrx_word' id='word_1_324' title='bbox 1219 4390 1287 4443; x_wconf 82' lang='grc' dir='ltr'>τὸ</span> <span class='ocrx_word' id='word_1_325' title='bbox 1330 4384 1439 4454; x_wconf 85' lang='grc' dir='ltr'><strong>οὖς</strong></span> <span class='ocrx_word' id='word_1_326' title='bbox 1483 4403 1624 4443; x_wconf 83' lang='grc' dir='ltr'>σου.</span> <span class='ocrx_word' id='word_1_327' title='bbox 1651 4386 1895 4453; x_wconf 78' lang='grc' dir='ltr'>Ὑπείξει</span> 
     </span>
    </p>
   </div>
   <div class='ocr_carea' id='block_1_47' title="bbox 306 4479 1894 4554">
    <p class='ocr_par' dir='ltr' id='par_1_47' title="bbox 306 4479 1894 4554">
     <span class='ocr_line' id='line_1_47' title="bbox 306 4479 1894 4554; baseline -0.002 -18"><span class='ocrx_word' id='word_1_328' title='bbox 306 4482 453 4536; x_wconf 71' lang='grc' dir='ltr'>κατὰ</span> <span class='ocrx_word' id='word_1_329' title='bbox 495 4480 697 4554; x_wconf 80' lang='grc' dir='ltr'>πρᾶξιν</span> <span class='ocrx_word' id='word_1_330' title='bbox 740 4482 819 4552; x_wconf 83' lang='grc' dir='ltr'>τῷ</span> <span class='ocrx_word' id='word_1_331' title='bbox 850 4482 951 4552; x_wconf 78' lang='grc' dir='ltr'><strong>τῆς</strong></span> <span class='ocrx_word' id='word_1_332' title='bbox 992 4483 1176 4546; x_wconf 76' lang='grc' dir='ltr'>αἰτίας</span> <span class='ocrx_word' id='word_1_333' title='bbox 1217 4481 1610 4552; x_wconf 84' lang='grc' dir='ltr'>ἀπαγγελτικῷ</span> <span class='ocrx_word' id='word_1_334' title='bbox 1657 4479 1894 4551; x_wconf 78' lang='grc' dir='ltr'>ἔμφρονι</span> 
     </span>
    </p>
   </div>
   <div class='ocr_carea' id='block_1_48' title="bbox 1980 628 3561 697">
    <p class='ocr_par' dir='ltr' id='par_1_48' title="bbox 1980 628 3561 697">
     <span class='ocr_line' id='line_1_48' title="bbox 1980 628 3561 697; baseline -0.002 -11"><span class='ocrx_word' id='word_1_335' title='bbox 1980 647 2066 687; x_wconf 91' lang='lat' dir='ltr'><strong>me</strong></span> <span class='ocrx_word' id='word_1_336' title='bbox 2100 632 2244 685; x_wconf 84' lang='lat' dir='ltr'><strong>mala</strong></span> <span class='ocrx_word' id='word_1_337' title='bbox 2276 629 2563 694; x_wconf 77' lang='lat' dir='ltr'><strong>facientes,</strong></span> <span class='ocrx_word' id='word_1_338' title='bbox 2595 644 2720 683; x_wconf 91' lang='lat' dir='ltr'><strong>cum</strong></span> <span class='ocrx_word' id='word_1_339' title='bbox 2745 629 2925 683; x_wconf 90' lang='lat' dir='ltr'><strong>tristia</strong></span> <span class='ocrx_word' id='word_1_340' title='bbox 2954 628 3217 683; x_wconf 88' lang='lat' dir='ltr'><strong>irruerint</strong></span> <span class='ocrx_word' id='word_1_341' title='bbox 3246 643 3415 697; x_wconf 85' lang='lat' dir='ltr'><strong>super</strong></span> <span class='ocrx_word' id='word_1_342' title='bbox 3438 643 3561 695; x_wconf 82' lang='lat' dir='ltr'><strong>eos,</strong></span> 
     </span>
    </p>
   </div>
   <div class='ocr_carea' id='block_1_49' title="bbox 1979 719 3433 784">
    <p class='ocr_par' dir='ltr' id='par_1_49' title="bbox 1979 719 3433 784">
     <span class='ocr_line' id='line_1_49' title="bbox 1979 719 3433 784; baseline -0.004 -8"><span class='ocrx_word' id='word_1_343' title='bbox 1979 734 2037 776; x_wconf 85' lang='lat' dir='ltr'><strong>ut</strong></span> <span class='ocrx_word' id='word_1_344' title='bbox 2074 723 2143 776; x_wconf 90' lang='lat' dir='ltr'><strong>ab</strong></span> <span class='ocrx_word' id='word_1_345' title='bbox 2177 722 2263 776; x_wconf 90' lang='lat' dir='ltr'><strong>his</strong></span> <span class='ocrx_word' id='word_1_346' title='bbox 2299 722 2627 784; x_wconf 80' lang='lat' dir='ltr'><strong>liberentur,</strong></span> <span class='ocrx_word' id='word_1_347' title='bbox 2666 730 2876 776; x_wconf 89' lang='lat' dir='ltr'><strong>etame</strong></span> <span class='ocrx_word' id='word_1_348' title='bbox 2910 720 3048 775; x_wconf 78' lang='lat' dir='ltr'><strong>nihil</strong></span> <span class='ocrx_word' id='word_1_349' title='bbox 3080 719 3433 774; x_wconf 86' lang='lat' dir='ltr'><strong>obtinebunt.</strong></span> 
     </span>
    </p>
   </div>
   <div class='ocr_carea' id='block_1_50' title="bbox 2050 913 3559 983">
    <p class='ocr_par' dir='ltr' id='par_1_50' title="bbox 2050 913 3559 983">
     <span class='ocr_line' id='line_1_50' title="bbox 2050 913 3559 983; baseline -0.004 -12"><span class='ocrx_word' id='word_1_350' title='bbox 2050 917 2219 972; x_wconf 70' lang='lat' dir='ltr'><strong>Vsus.</strong></span> <span class='ocrx_word' id='word_1_351' title='bbox 2241 916 2333 982; x_wconf 75' lang='lat'><strong>‘29,</strong></span> <span class='ocrx_word' id='word_1_352' title='bbox 2350 917 2438 972; x_wconf 79' lang='grc'>50.</span> <span class='ocrx_word' id='word_1_353' title='bbox 2462 916 2606 970; x_wconf 82' lang='lat' dir='ltr'><strong>Nam</strong></span> <span class='ocrx_word' id='word_1_354' title='bbox 2637 931 2855 970; x_wconf 73' lang='lat' dir='ltr'><strong>exosum</strong></span> <span class='ocrx_word' id='word_1_355' title='bbox 2870 915 3163 970; x_wconf 82' lang='lat' dir='ltr'><strong>habuerunt</strong></span> <span class='ocrx_word' id='word_1_356' title='bbox 3192 913 3559 983; x_wconf 67' lang='lat' dir='ltr'><strong>disciplinam,</strong></span> 
     </span>
    </p>
   </div>
   <div class='ocr_carea' id='block_1_51' title="bbox 1976 1007 3561 1099">
    <p class='ocr_par' dir='ltr' id='par_1_51' title="bbox 1976 1007 3561 1099">
     <span class='ocr_line' id='line_1_51' title="bbox 1976 1007 3561 1099; baseline -0.005 -33"><span class='ocrx_word' id='word_1_357' title='bbox 1976 1022 2025 1066; x_wconf 89' lang='lat' dir='ltr'><strong>et</strong></span> <span class='ocrx_word' id='word_1_358' title='bbox 2057 1013 2302 1066; x_wconf 90' lang='lat' dir='ltr'><strong>timorem</strong></span> <span class='ocrx_word' id='word_1_359' title='bbox 2334 1008 2554 1063; x_wconf 84' lang='lat' dir='ltr'><strong>Domini</strong></span> <span class='ocrx_word' id='word_1_360' title='bbox 2590 1025 2694 1099; x_wconf 48' lang='lat' dir='ltr'><strong>non</strong></span> <span class='ocrx_word' id='word_1_361' title='bbox 2714 1017 3081 1075; x_wconf 73' lang='lat' dir='ltr'><strong>susceperunt,</strong></span> <span class='ocrx_word' id='word_1_362' title='bbox 3118 1010 3171 1062; x_wconf 72' lang='lat' dir='ltr'><strong>et</strong></span> <span class='ocrx_word' id='word_1_363' title='bbox 3203 1023 3307 1062; x_wconf 88' lang='lat' dir='ltr'><strong>non</strong></span> <span class='ocrx_word' id='word_1_364' title='bbox 3343 1007 3561 1075; x_wconf 85' lang='lat' dir='ltr'><strong>acquie-</strong></span> 
     </span>
    </p>
   </div>
   <div class='ocr_carea' id='block_1_52' title="bbox 1979 1090 3563 1167">
    <p class='ocr_par' dir='ltr' id='par_1_52' title="bbox 1979 1090 3563 1167">
     <span class='ocr_line' id='line_1_52' title="bbox 1979 1090 3563 1167; baseline -0.004 -10"><span class='ocrx_word' id='word_1_365' title='bbox 1979 1115 2162 1157; x_wconf 83' lang='lat' dir='ltr'><strong>verunt</strong></span> <span class='ocrx_word' id='word_1_366' title='bbox 2191 1118 2306 1156; x_wconf 88' lang='lat' dir='ltr'><strong>meo</strong></span> <span class='ocrx_word' id='word_1_367' title='bbox 2337 1100 2580 1165; x_wconf 77' lang='lat' dir='ltr'><strong>consilio,</strong></span> <span class='ocrx_word' id='word_1_368' title='bbox 2598 1090 2660 1155; x_wconf 53' lang='lat' dir='ltr'><strong>Et</strong></span> <span class='ocrx_word' id='word_1_369' title='bbox 2691 1100 2953 1154; x_wconf 79' lang='lat' dir='ltr'><strong>universa:</strong></span> <span class='ocrx_word' id='word_1_370' title='bbox 2971 1099 3293 1167; x_wconf 87' lang='lat' dir='ltr'><strong>correptioni</strong></span> <span class='ocrx_word' id='word_1_371' title='bbox 3324 1113 3451 1152; x_wconf 75' lang='lat' dir='ltr'><strong>metu</strong></span> <span class='ocrx_word' id='word_1_372' title='bbox 3471 1090 3563 1151; x_wconf 73' lang='grc' dir='ltr'>ἀε-</span> 
     </span>
    </p>
   </div>
   <div class='ocr_carea' id='block_1_53' title="bbox 1980 1188 3565 1261">
    <p class='ocr_par' dir='ltr' id='par_1_53' title="bbox 1980 1188 3565 1261">
     <span class='ocr_line' id='line_1_53' title="bbox 1980 1188 3565 1261; baseline -0.004 -13"><span class='ocrx_word' id='word_1_373' title='bbox 1980 1204 2289 1249; x_wconf 75' lang='lat' dir='ltr'><strong>traxerunt.</strong></span> <span class='ocrx_word' id='word_1_374' title='bbox 2345 1192 2485 1259; x_wconf 80' lang='lat' dir='ltr'><strong>Quia</strong></span> <span class='ocrx_word' id='word_1_375' title='bbox 2532 1207 2619 1247; x_wconf 90' lang='lat' dir='ltr'><strong>me</strong></span> <span class='ocrx_word' id='word_1_376' title='bbox 2657 1191 2983 1261; x_wconf 85' lang='lat' dir='ltr'><strong>sapientiam</strong></span> <span class='ocrx_word' id='word_1_377' title='bbox 3028 1189 3415 1245; x_wconf 66' lang='lat' dir='ltr'><strong>convenientia</strong></span> <span class='ocrx_word' id='word_1_378' title='bbox 3464 1188 3565 1242; x_wconf 79' lang='lat' dir='ltr'><strong>do-</strong></span> 
     </span>
    </p>
   </div>
   <div class='ocr_carea' id='block_1_54' title="bbox 1979 1277 3565 1350">
    <p class='ocr_par' dir='ltr' id='par_1_54' title="bbox 1979 1277 3565 1350">
     <span class='ocr_line' id='line_1_54' title="bbox 1979 1277 3565 1350; baseline -0.004 -11"><span class='ocrx_word' id='word_1_379' title='bbox 1979 1293 2220 1345; x_wconf 87' lang='lat' dir='ltr'><strong>centem,</strong></span> <span class='ocrx_word' id='word_1_380' title='bbox 2269 1281 2626 1350; x_wconf 75' lang='lat' dir='ltr'><strong>abiecerunt;</strong></span> <span class='ocrx_word' id='word_1_381' title='bbox 2657 1290 2712 1335; x_wconf 90' lang='lat' dir='ltr'><strong>et</strong></span> <span class='ocrx_word' id='word_1_382' title='bbox 2750 1279 2840 1333; x_wconf 87' lang='lat' dir='ltr'><strong>Dei</strong></span> <span class='ocrx_word' id='word_1_383' title='bbox 2875 1281 3151 1340; x_wconf 91' lang='lat' dir='ltr'><strong>timorem,</strong></span> <span class='ocrx_word' id='word_1_384' title='bbox 3187 1293 3351 1349; x_wconf 64' lang='lat' dir='ltr'><strong>quem</strong></span> <span class='ocrx_word' id='word_1_385' title='bbox 3385 1277 3565 1346; x_wconf 82' lang='lat' dir='ltr'><strong>possi-</strong></span> 
     </span>
    </p>
   </div>
   <div class='ocr_carea' id='block_1_55' title="bbox 1981 1368 3565 1442">
    <p class='ocr_par' dir='ltr' id='par_1_55' title="bbox 1981 1368 3565 1442">
     <span class='ocr_line' id='line_1_55' title="bbox 1981 1368 3565 1442; baseline -0.006 -9"><span class='ocrx_word' id='word_1_386' title='bbox 1981 1379 2145 1442; x_wconf 89' lang='lat' dir='ltr'><strong>dens,</strong></span> <span class='ocrx_word' id='word_1_387' title='bbox 2211 1375 2297 1431; x_wconf 80' lang='lat' dir='ltr'><strong>via</strong></span> <span class='ocrx_word' id='word_1_388' title='bbox 2345 1375 2412 1429; x_wconf 91' lang='lat' dir='ltr'><strong>ad</strong></span> <span class='ocrx_word' id='word_1_389' title='bbox 2457 1389 2543 1429; x_wconf 89' lang='lat' dir='ltr'><strong>me</strong></span> <span class='ocrx_word' id='word_1_390' title='bbox 2595 1372 2832 1428; x_wconf 84' lang='lat' dir='ltr'><strong>ducente</strong></span> <span class='ocrx_word' id='word_1_391' title='bbox 2878 1387 2986 1425; x_wconf 87' lang='lat' dir='ltr'><strong>non</strong></span> <span class='ocrx_word' id='word_1_392' title='bbox 3033 1370 3263 1434; x_wconf 82' lang='lat' dir='ltr'><strong>recedit,</strong></span> <span class='ocrx_word' id='word_1_393' title='bbox 3303 1368 3565 1424; x_wconf 80' lang='lat' dir='ltr'><strong>omnibus</strong></span> 
     </span>
    </p>
   </div>
   <div class='ocr_carea' id='block_1_56' title="bbox 1984 1460 3566 1535">
    <p class='ocr_par' dir='ltr' id='par_1_56' title="bbox 1984 1460 3566 1535">
     <span class='ocr_line' id='line_1_56' title="bbox 1984 1460 3566 1535; baseline -0.005 -14"><span class='ocrx_word' id='word_1_394' title='bbox 1984 1469 2110 1523; x_wconf 87' lang='lat' dir='ltr'><strong>aliis</strong></span> <span class='ocrx_word' id='word_1_395' title='bbox 2150 1469 2319 1522; x_wconf 84' lang='lat' dir='ltr'><strong>rebus</strong></span> <span class='ocrx_word' id='word_1_396' title='bbox 2355 1479 2466 1520; x_wconf 92' lang='lat' dir='ltr'><strong>non</strong></span> <span class='ocrx_word' id='word_1_397' title='bbox 2517 1464 2918 1535; x_wconf 65' lang='lat' dir='ltr'><strong>praetulerunt;</strong></span> <span class='ocrx_word' id='word_1_398' title='bbox 2950 1472 3007 1516; x_wconf 91' lang='lat' dir='ltr'><strong>et</strong></span> <span class='ocrx_word' id='word_1_399' title='bbox 3046 1464 3184 1515; x_wconf 83' lang='lat' dir='ltr'><strong>meis</strong></span> <span class='ocrx_word' id='word_1_400' title='bbox 3219 1460 3566 1515; x_wconf 78' lang='lat' dir='ltr'><strong>exhortatio-</strong></span> 
     </span>
    </p>
   </div>
   <div class='ocr_carea' id='block_1_57' title="bbox 1985 1555 3565 1631">
    <p class='ocr_par' dir='ltr' id='par_1_57' title="bbox 1985 1555 3565 1631">
     <span class='ocr_line' id='line_1_57' title="bbox 1985 1555 3565 1631; baseline -0.008 -16"><span class='ocrx_word' id='word_1_401' title='bbox 1985 1563 2147 1616; x_wconf 88' lang='lat' dir='ltr'><strong>nibus</strong></span> <span class='ocrx_word' id='word_1_402' title='bbox 2178 1561 2540 1631; x_wconf 84' lang='lat' dir='ltr'><strong>acquiescere</strong></span> <span class='ocrx_word' id='word_1_403' title='bbox 2558 1558 2881 1622; x_wconf 87' lang='lat' dir='ltr'><strong>noluerunt,</strong></span> <span class='ocrx_word' id='word_1_404' title='bbox 2917 1565 2973 1612; x_wconf 91' lang='lat' dir='ltr'><strong>et</strong></span> <span class='ocrx_word' id='word_1_405' title='bbox 2999 1568 3151 1610; x_wconf 89' lang='lat' dir='ltr'><strong>meas</strong></span> <span class='ocrx_word' id='word_1_406' title='bbox 3184 1555 3238 1609; x_wconf 89' lang='lat' dir='ltr'><strong>in</strong></span> <span class='ocrx_word' id='word_1_407' title='bbox 3266 1567 3421 1609; x_wconf 90' lang='lat' dir='ltr'><strong>suam</strong></span> <span class='ocrx_word' id='word_1_408' title='bbox 3447 1566 3565 1606; x_wconf 86' lang='lat' dir='ltr'><strong>ma-</strong></span> 
     </span>
    </p>
   </div>
   <div class='ocr_carea' id='block_1_58' title="bbox 1984 1648 2929 1721">
    <p class='ocr_par' dir='ltr' id='par_1_58' title="bbox 1984 1648 2929 1721">
     <span class='ocr_line' id='line_1_58' title="bbox 1984 1648 2929 1721; baseline -0.004 -17"><span class='ocrx_word' id='word_1_409' title='bbox 1984 1653 2157 1705; x_wconf 87' lang='lat' dir='ltr'><strong>litiam</strong></span> <span class='ocrx_word' id='word_1_410' title='bbox 2198 1651 2612 1721; x_wconf 75' lang='lat' dir='ltr'><strong>increpationes</strong></span> <span class='ocrx_word' id='word_1_411' title='bbox 2646 1648 2929 1720; x_wconf 77' lang='lat' dir='ltr'><strong>fugerunt.</strong></span> 
     </span>
    </p>
   </div>
   <div class='ocr_carea' id='block_1_59' title="bbox 2056 1736 3568 1812">
    <p class='ocr_par' dir='ltr' id='par_1_59' title="bbox 2056 1736 3568 1812">
     <span class='ocr_line' id='line_1_59' title="bbox 2056 1736 3568 1812; baseline -0.006 -14"><span class='ocrx_word' id='word_1_412' title='bbox 2056 1743 2224 1799; x_wconf 77' lang='lat' dir='ltr'><strong>Vsus.</strong></span> <span class='ocrx_word' id='word_1_413' title='bbox 2252 1744 2342 1798; x_wconf 77' lang='lat' dir='ltr'><strong>3l.</strong></span> <span class='ocrx_word' id='word_1_414' title='bbox 2382 1741 2666 1799; x_wconf 88' lang='lat' dir='ltr'><strong>Comedent</strong></span> <span class='ocrx_word' id='word_1_415' title='bbox 2691 1742 2857 1812; x_wconf 84' lang='lat' dir='ltr'><strong>igitur</strong></span> <span class='ocrx_word' id='word_1_416' title='bbox 2877 1739 3084 1809; x_wconf 76' lang='lat' dir='ltr'><strong>{ructus</strong></span> <span class='ocrx_word' id='word_1_417' title='bbox 3113 1738 3232 1793; x_wconf 80' lang='lat' dir='ltr'><strong>vita:</strong></span> <span class='ocrx_word' id='word_1_418' title='bbox 3260 1751 3399 1799; x_wconf 72' lang='lat' dir='ltr'><strong>sum;</strong></span> <span class='ocrx_word' id='word_1_419' title='bbox 3424 1736 3568 1790; x_wconf 79' lang='lat' dir='ltr'><strong>suis-</strong></span> 
     </span>
    </p>
   </div>
   <div class='ocr_carea' id='block_1_60' title="bbox 1986 1825 3570 1907">
    <p class='ocr_par' dir='ltr' id='par_1_60' title="bbox 1986 1825 3570 1907">
     <span class='ocr_line' id='line_1_60' title="bbox 1986 1825 3570 1907; baseline -0.009 -16"><span class='ocrx_word' id='word_1_420' title='bbox 1986 1853 2085 1907; x_wconf 90' lang='lat' dir='ltr'><strong>que</strong></span> <span class='ocrx_word' id='word_1_421' title='bbox 2122 1834 2366 1890; x_wconf 78' lang='lat' dir='ltr'><strong>consiliis</strong></span> <span class='ocrx_word' id='word_1_422' title='bbox 2413 1831 2830 1889; x_wconf 80' lang='lat' dir='ltr'><strong>saturabuntur.</strong></span> <span class='ocrx_word' id='word_1_423' title='bbox 2878 1830 3095 1886; x_wconf 85' lang='lat' dir='ltr'><strong>Idcirco</strong></span> <span class='ocrx_word' id='word_1_424' title='bbox 3131 1827 3425 1882; x_wconf 88' lang='lat' dir='ltr'><strong>comedent</strong></span> <span class='ocrx_word' id='word_1_425' title='bbox 3454 1825 3570 1878; x_wconf 79' lang='lat' dir='ltr'><strong>fro.-</strong></span> 
     </span>
    </p>
   </div>
   <div class='ocr_carea' id='block_1_61' title="bbox 1987 1918 3572 1990">
    <p class='ocr_par' dir='ltr' id='par_1_61' title="bbox 1987 1918 3572 1990">
     <span class='ocr_line' id='line_1_61' title="bbox 1987 1918 3572 1990; baseline -0.008 -11"><span class='ocrx_word' id='word_1_426' title='bbox 1987 1936 2112 1982; x_wconf 87' lang='lat' dir='ltr'><strong>ctus</strong></span> <span class='ocrx_word' id='word_1_427' title='bbox 2155 1926 2408 1981; x_wconf 89' lang='lat' dir='ltr'><strong>laborum</strong></span> <span class='ocrx_word' id='word_1_428' title='bbox 2447 1940 2700 1990; x_wconf 84' lang='lat' dir='ltr'><strong>suorum,</strong></span> <span class='ocrx_word' id='word_1_429' title='bbox 2736 1931 2792 1979; x_wconf 92' lang='lat' dir='ltr'><strong>et</strong></span> <span class='ocrx_word' id='word_1_430' title='bbox 2829 1921 2992 1977; x_wconf 89' lang='lat' dir='ltr'><strong>malis</strong></span> <span class='ocrx_word' id='word_1_431' title='bbox 3033 1918 3430 1976; x_wconf 84' lang='lat' dir='ltr'><strong>saturabuntur</strong></span> <span class='ocrx_word' id='word_1_432' title='bbox 3472 1930 3572 1972; x_wconf 86' lang='lat' dir='ltr'><strong>cu-</strong></span> 
     </span>
    </p>
   </div>
   <div class='ocr_carea' id='block_1_62' title="bbox 1987 2007 3533 2088">
    <p class='ocr_par' dir='ltr' id='par_1_62' title="bbox 1987 2007 3533 2088">
     <span class='ocr_line' id='line_1_62' title="bbox 1987 2007 3533 2088; baseline -0.008 -18"><span class='ocrx_word' id='word_1_433' title='bbox 1987 2015 2342 2088; x_wconf 85' lang='lat' dir='ltr'><strong>piditatibus,</strong></span> <span class='ocrx_word' id='word_1_434' title='bbox 2377 2029 2507 2071; x_wconf 90' lang='lat' dir='ltr'><strong>cum</strong></span> <span class='ocrx_word' id='word_1_435' title='bbox 2541 2015 2741 2070; x_wconf 84' lang='lat' dir='ltr'><strong>harum</strong></span> <span class='ocrx_word' id='word_1_436' title='bbox 2777 2013 3004 2085; x_wconf 65' lang='lat' dir='ltr'><strong>praemia</strong></span> <span class='ocrx_word' id='word_1_437' title='bbox 3039 2008 3368 2066; x_wconf 78' lang='lat' dir='ltr'><strong>adven-crint</strong></span> <span class='ocrx_word' id='word_1_438' title='bbox 3400 2007 3533 2063; x_wconf 88' lang='lat' dir='ltr'><strong>illis.</strong></span> 
     </span>
    </p>
   </div>
   <div class='ocr_carea' id='block_1_63' title="bbox 2057 2187 3569 2265">
    <p class='ocr_par' dir='ltr' id='par_1_63' title="bbox 2057 2187 3569 2265">
     <span class='ocr_line' id='line_1_63' title="bbox 2057 2187 3569 2265; baseline -0.006 -14"><span class='ocrx_word' id='word_1_439' title='bbox 2057 2196 2227 2253; x_wconf 68' lang='lat' dir='ltr'><strong>Vens.</strong></span> <span class='ocrx_word' id='word_1_440' title='bbox 2258 2196 2351 2252; x_wconf 75' lang='lat'><strong>32.</strong></span> <span class='ocrx_word' id='word_1_441' title='bbox 2387 2194 2615 2265; x_wconf 80' lang='lat' dir='ltr'><strong>Propter</strong></span> <span class='ocrx_word' id='word_1_442' title='bbox 2635 2194 2942 2264; x_wconf 71' lang='lat' dir='ltr'><strong>injustitias</strong></span> <span class='ocrx_word' id='word_1_443' title='bbox 2973 2191 3147 2262; x_wconf 79' lang='lat' dir='ltr'><strong>factas</strong></span> <span class='ocrx_word' id='word_1_444' title='bbox 3177 2187 3443 2259; x_wconf 85' lang='lat' dir='ltr'><strong>paruulis,</strong></span> <span class='ocrx_word' id='word_1_445' title='bbox 3478 2204 3569 2242; x_wconf 80' lang='grc' dir='ltr'>οσ-</span> 
     </span>
    </p>
   </div>
   <div class='ocr_carea' id='block_1_64' title="bbox 1985 2278 3571 2356">
    <p class='ocr_par' dir='ltr' id='par_1_64' title="bbox 1985 2278 3571 2356">
     <span class='ocr_line' id='line_1_64' title="bbox 1985 2278 3571 2356; baseline -0.006 -14"><span class='ocrx_word' id='word_1_446' title='bbox 1985 2288 2254 2355; x_wconf 72' lang='lat' dir='ltr'><strong>sidentur,</strong></span> <span class='ocrx_word' id='word_1_447' title='bbox 2289 2298 2341 2342; x_wconf 91' lang='lat' dir='ltr'><strong>et</strong></span> <span class='ocrx_word' id='word_1_448' title='bbox 2381 2287 2652 2342; x_wconf 83' lang='lat' dir='ltr'><strong>discussio</strong></span> <span class='ocrx_word' id='word_1_449' title='bbox 2686 2295 2864 2356; x_wconf 80' lang='lat' dir='ltr'><strong>perget</strong></span> <span class='ocrx_word' id='word_1_450' title='bbox 2909 2284 3126 2353; x_wconf 83' lang='lat' dir='ltr'><strong>impios.</strong></span> <span class='ocrx_word' id='word_1_451' title='bbox 3169 2280 3278 2335; x_wconf 85' lang='lat' dir='ltr'><strong>Pro</strong></span> <span class='ocrx_word' id='word_1_452' title='bbox 3320 2295 3389 2336; x_wconf 89' lang='lat' dir='ltr'><strong>eo</strong></span> <span class='ocrx_word' id='word_1_453' title='bbox 3424 2278 3571 2350; x_wconf 87' lang='lat' dir='ltr'><strong>quod</strong></span> 
     </span>
    </p>
   </div>
   <div class='ocr_carea' id='block_1_65' title="bbox 1986 2372 3576 2450">
    <p class='ocr_par' dir='ltr' id='par_1_65' title="bbox 1986 2372 3576 2450">
     <span class='ocr_line' id='line_1_65' title="bbox 1986 2372 3576 2450; baseline -0.003 -17"><span class='ocrx_word' id='word_1_454' title='bbox 1986 2382 2044 2436; x_wconf 90' lang='lat' dir='ltr'><strong>in</strong></span> <span class='ocrx_word' id='word_1_455' title='bbox 2069 2382 2287 2437; x_wconf 87' lang='lat' dir='ltr'><strong>adultos</strong></span> <span class='ocrx_word' id='word_1_456' title='bbox 2319 2379 2708 2450; x_wconf 78' lang='lat' dir='ltr'><strong>intelligentia,</strong></span> <span class='ocrx_word' id='word_1_457' title='bbox 2733 2377 3057 2447; x_wconf 88' lang='lat' dir='ltr'><strong>malitiaque</strong></span> <span class='ocrx_word' id='word_1_458' title='bbox 3112 2374 3372 2445; x_wconf 77' lang='lat' dir='ltr'><strong>parvulos</strong></span> <span class='ocrx_word' id='word_1_459' title='bbox 3398 2372 3576 2443; x_wconf 85' lang='lat' dir='ltr'><strong>injus—</strong></span> 
     </span>
    </p>
   </div>
   <div class='ocr_carea' id='block_1_66' title="bbox 1986 2467 3571 2542">
    <p class='ocr_par' dir='ltr' id='par_1_66' title="bbox 1986 2467 3571 2542">
     <span class='ocr_line' id='line_1_66' title="bbox 1986 2467 3571 2542; baseline -0.006 -16"><span class='ocrx_word' id='word_1_460' title='bbox 1986 2482 2072 2527; x_wconf 87' lang='lat' dir='ltr'><strong>tas</strong></span> <span class='ocrx_word' id='word_1_461' title='bbox 2100 2472 2448 2542; x_wconf 87' lang='lat' dir='ltr'><strong>conjecerint</strong></span> <span class='ocrx_word' id='word_1_462' title='bbox 2475 2486 2698 2529; x_wconf 87' lang='lat' dir='ltr'><strong>manus.</strong></span> <span class='ocrx_word' id='word_1_463' title='bbox 2721 2471 3015 2524; x_wconf 82' lang='lat' dir='ltr'><strong>immatura</strong></span> <span class='ocrx_word' id='word_1_464' title='bbox 3041 2467 3353 2537; x_wconf 81' lang='lat' dir='ltr'><strong>plertentur</strong></span> <span class='ocrx_word' id='word_1_465' title='bbox 3374 2472 3571 2519; x_wconf 85' lang='lat' dir='ltr'><strong>morte:</strong></span> 
     </span>
    </p>
   </div>
   <div class='ocr_carea' id='block_1_67' title="bbox 1986 2555 3572 2632">
    <p class='ocr_par' dir='ltr' id='par_1_67' title="bbox 1986 2555 3572 2632">
     <span class='ocr_line' id='line_1_67' title="bbox 1986 2555 3572 2632; baseline -0.008 -12"><span class='ocrx_word' id='word_1_466' title='bbox 1986 2574 2042 2620; x_wconf 92' lang='lat' dir='ltr'><strong>et</strong></span> <span class='ocrx_word' id='word_1_467' title='bbox 2066 2563 2347 2620; x_wconf 83' lang='lat' dir='ltr'><strong>discussio</strong></span> <span class='ocrx_word' id='word_1_468' title='bbox 2368 2562 2439 2619; x_wconf 89' lang='lat' dir='ltr'><strong>de</strong></span> <span class='ocrx_word' id='word_1_469' title='bbox 2465 2561 2807 2632; x_wconf 84' lang='lat' dir='ltr'><strong>supradictis</strong></span> <span class='ocrx_word' id='word_1_470' title='bbox 2836 2560 3103 2631; x_wconf 84' lang='lat' dir='ltr'><strong>operibus</strong></span> <span class='ocrx_word' id='word_1_471' title='bbox 3127 2557 3357 2625; x_wconf 85' lang='lat' dir='ltr'><strong>iniquis,</strong></span> <span class='ocrx_word' id='word_1_472' title='bbox 3379 2555 3572 2625; x_wconf 81' lang='lat' dir='ltr'><strong>perdet</strong></span> 
     </span>
    </p>
   </div>
   <div class='ocr_carea' id='block_1_68' title="bbox 1986 2653 3577 2727">
    <p class='ocr_par' dir='ltr' id='par_1_68' title="bbox 1986 2653 3577 2727">
     <span class='ocr_line' id='line_1_68' title="bbox 1986 2653 3577 2727; baseline -0.006 -16"><span class='ocrx_word' id='word_1_473' title='bbox 1986 2672 2085 2713; x_wconf 88' lang='lat' dir='ltr'><strong>eos</strong></span> <span class='ocrx_word' id='word_1_474' title='bbox 2104 2657 2198 2727; x_wconf 87' lang='lat' dir='ltr'><strong>qui</strong></span> <span class='ocrx_word' id='word_1_475' title='bbox 2231 2656 2399 2711; x_wconf 86' lang='lat' dir='ltr'><strong>Deum</strong></span> <span class='ocrx_word' id='word_1_476' title='bbox 2444 2655 2709 2726; x_wconf 88' lang='lat' dir='ltr'><strong>operibus</strong></span> <span class='ocrx_word' id='word_1_477' title='bbox 2753 2669 2863 2708; x_wconf 90' lang='lat' dir='ltr'><strong>non</strong></span> <span class='ocrx_word' id='word_1_478' title='bbox 2890 2653 3099 2716; x_wconf 89' lang='lat' dir='ltr'><strong>colunt,</strong></span> <span class='ocrx_word' id='word_1_479' title='bbox 3151 2653 3265 2706; x_wconf 88' lang='lat' dir='ltr'><strong>vita</strong></span> <span class='ocrx_word' id='word_1_480' title='bbox 3319 2663 3416 2705; x_wconf 82' lang='lat' dir='ltr'><strong>eos</strong></span> <span class='ocrx_word' id='word_1_481' title='bbox 3448 2656 3577 2703; x_wconf 84' lang='lat' dir='ltr'><strong>ante</strong></span> 
     </span>
    </p>
   </div>
   <div class='ocr_carea' id='block_1_69' title="bbox 1987 2742 3579 2821">
    <p class='ocr_par' dir='ltr' id='par_1_69' title="bbox 1987 2742 3579 2821">
     <span class='ocr_line' id='line_1_69' title="bbox 1987 2742 3579 2821; baseline -0.004 -17"><span class='ocrx_word' id='word_1_482' title='bbox 1987 2761 2206 2821; x_wconf 87' lang='lat' dir='ltr'><strong>tempus</strong></span> <span class='ocrx_word' id='word_1_483' title='bbox 2252 2752 2500 2819; x_wconf 88' lang='lat' dir='ltr'><strong>spolians</strong></span> <span class='ocrx_word' id='word_1_484' title='bbox 2535 2766 2549 2804; x_wconf 89' lang='lat'><strong>:</strong></span> <span class='ocrx_word' id='word_1_485' title='bbox 2592 2762 2717 2804; x_wconf 85' lang='lat' dir='ltr'><strong>nam</strong></span> <span class='ocrx_word' id='word_1_486' title='bbox 2748 2749 2855 2804; x_wconf 88' lang='lat' dir='ltr'><strong>viri</strong></span> <span class='ocrx_word' id='word_1_487' title='bbox 2889 2749 3224 2818; x_wconf 77' lang='lat' dir='ltr'><strong>sanguinum</strong></span> <span class='ocrx_word' id='word_1_488' title='bbox 3267 2752 3323 2799; x_wconf 89' lang='lat' dir='ltr'><strong>et</strong></span> <span class='ocrx_word' id='word_1_489' title='bbox 3357 2742 3579 2801; x_wconf 73' lang='lat' dir='ltr'><strong>astutia:</strong></span> 
     </span>
    </p>
   </div>
   <div class='ocr_carea' id='block_1_70' title="bbox 1988 2844 2931 2900">
    <p class='ocr_par' dir='ltr' id='par_1_70' title="bbox 1988 2844 2931 2900">
     <span class='ocr_line' id='line_1_70' title="bbox 1988 2844 2931 2900; baseline -0.003 -1"><span class='ocrx_word' id='word_1_490' title='bbox 1988 2846 2159 2900; x_wconf 86' lang='lat' dir='ltr'><strong>vitam</strong></span> <span class='ocrx_word' id='word_1_491' title='bbox 2188 2844 2342 2899; x_wconf 89' lang='lat' dir='ltr'><strong>nullo</strong></span> <span class='ocrx_word' id='word_1_492' title='bbox 2375 2844 2541 2899; x_wconf 88' lang='lat' dir='ltr'><strong>modo</strong></span> <span class='ocrx_word' id='word_1_493' title='bbox 2578 2852 2931 2899; x_wconf 85' lang='lat' dir='ltr'><strong>aversantur.</strong></span> 
     </span>
    </p>
   </div>
   <div class='ocr_carea' id='block_1_71' title="bbox 2061 3023 3581 3094">
    <p class='ocr_par' dir='ltr' id='par_1_71' title="bbox 2061 3023 3581 3094">
     <span class='ocr_line' id='line_1_71' title="bbox 2061 3023 3581 3094; baseline -0.005 -14"><span class='ocrx_word' id='word_1_494' title='bbox 2061 3023 2231 3082; x_wconf 71' lang='lat' dir='ltr'><strong>Vens.</strong></span> <span class='ocrx_word' id='word_1_495' title='bbox 2268 3027 2359 3083; x_wconf 76' lang='lat'><strong>35.</strong></span> <span class='ocrx_word' id='word_1_496' title='bbox 2395 3027 2501 3094; x_wconf 80' lang='lat' dir='ltr'><strong>Qui</strong></span> <span class='ocrx_word' id='word_1_497' title='bbox 2530 3037 2708 3083; x_wconf 79' lang='lat' dir='ltr'><strong>autent</strong></span> <span class='ocrx_word' id='word_1_498' title='bbox 2756 3044 2839 3083; x_wconf 89' lang='lat' dir='ltr'><strong>me</strong></span> <span class='ocrx_word' id='word_1_499' title='bbox 2886 3025 3139 3087; x_wconf 86' lang='lat' dir='ltr'><strong>audierit,</strong></span> <span class='ocrx_word' id='word_1_500' title='bbox 3181 3024 3470 3094; x_wconf 72' lang='lat' dir='ltr'><strong>requiescet</strong></span> <span class='ocrx_word' id='word_1_501' title='bbox 3521 3027 3581 3074; x_wconf 88' lang='lat' dir='ltr'><strong>in</strong></span> 
     </span>
    </p>
   </div>
   <div class='ocr_carea' id='block_1_72' title="bbox 1990 3112 3583 3187">
    <p class='ocr_par' dir='ltr' id='par_1_72' title="bbox 1990 3112 3583 3187">
     <span class='ocr_line' id='line_1_72' title="bbox 1990 3112 3583 3187; baseline -0.003 -19"><span class='ocrx_word' id='word_1_502' title='bbox 1990 3128 2099 3181; x_wconf 85' lang='lat' dir='ltr'><strong>spe,</strong></span> <span class='ocrx_word' id='word_1_503' title='bbox 2134 3127 2184 3170; x_wconf 89' lang='lat' dir='ltr'><strong>et</strong></span> <span class='ocrx_word' id='word_1_504' title='bbox 2205 3117 2262 3171; x_wconf 82' lang='lat' dir='ltr'><strong>in</strong></span> <span class='ocrx_word' id='word_1_505' title='bbox 2297 3118 2468 3187; x_wconf 86' lang='lat' dir='ltr'><strong>quiete</strong></span> <span class='ocrx_word' id='word_1_506' title='bbox 2511 3119 2769 3184; x_wconf 79' lang='lat' dir='ltr'><strong>manebit,</strong></span> <span class='ocrx_word' id='word_1_507' title='bbox 2802 3120 2993 3172; x_wconf 86' lang='lat' dir='ltr'><strong>timore</strong></span> <span class='ocrx_word' id='word_1_508' title='bbox 3028 3116 3301 3171; x_wconf 83' lang='lat' dir='ltr'><strong>malorum</strong></span> <span class='ocrx_word' id='word_1_509' title='bbox 3341 3112 3583 3167; x_wconf 82' lang='lat' dir='ltr'><strong>sublato.</strong></span> 
     </span>
    </p>
   </div>
   <div class='ocr_carea' id='block_1_73' title="bbox 1992 3202 3583 3273">
    <p class='ocr_par' dir='ltr' id='par_1_73' title="bbox 1992 3202 3583 3273">
     <span class='ocr_line' id='line_1_73' title="bbox 1992 3202 3583 3273; baseline -0.001 -14"><span class='ocrx_word' id='word_1_510' title='bbox 1992 3202 2096 3271; x_wconf 86' lang='lat' dir='ltr'><strong>Qui</strong></span> <span class='ocrx_word' id='word_1_511' title='bbox 2122 3208 2425 3273; x_wconf 73' lang='lat' dir='ltr'><strong>meandit,</strong></span> <span class='ocrx_word' id='word_1_512' title='bbox 2455 3215 2510 3262; x_wconf 88' lang='lat' dir='ltr'><strong>et</strong></span> <span class='ocrx_word' id='word_1_513' title='bbox 2561 3208 2653 3263; x_wconf 86' lang='lat' dir='ltr'><strong>Dei</strong></span> <span class='ocrx_word' id='word_1_514' title='bbox 2698 3209 2957 3263; x_wconf 84' lang='lat' dir='ltr'><strong>mandata</strong></span> <span class='ocrx_word' id='word_1_515' title='bbox 2988 3205 3259 3272; x_wconf 83' lang='lat' dir='ltr'><strong>custodit,</strong></span> <span class='ocrx_word' id='word_1_516' title='bbox 3290 3204 3453 3260; x_wconf 88' lang='lat' dir='ltr'><strong>bonis</strong></span> <span class='ocrx_word' id='word_1_517' title='bbox 3498 3206 3583 3257; x_wconf 76' lang='lat' dir='ltr'><strong>l&#39;u-</strong></span> 
     </span>
    </p>
   </div>
   <div class='ocr_carea' id='block_1_74' title="bbox 1996 3294 3590 3368">
    <p class='ocr_par' dir='ltr' id='par_1_74' title="bbox 1996 3294 3590 3368">
     <span class='ocr_line' id='line_1_74' title="bbox 1996 3294 3590 3368; baseline 0 -20"><span class='ocrx_word' id='word_1_518' title='bbox 1996 3296 2141 3351; x_wconf 89' lang='lat' dir='ltr'><strong>turis</strong></span> <span class='ocrx_word' id='word_1_519' title='bbox 2168 3295 2283 3366; x_wconf 86' lang='lat' dir='ltr'><strong>jam</strong></span> <span class='ocrx_word' id='word_1_520' title='bbox 2336 3311 2433 3368; x_wconf 90' lang='lat' dir='ltr'><strong>spe</strong></span> <span class='ocrx_word' id='word_1_521' title='bbox 2464 3297 2703 3365; x_wconf 79' lang='lat' dir='ltr'><strong>fruetur,</strong></span> <span class='ocrx_word' id='word_1_522' title='bbox 2730 3314 2854 3354; x_wconf 91' lang='lat' dir='ltr'><strong>cum</strong></span> <span class='ocrx_word' id='word_1_523' title='bbox 2887 3299 2947 3354; x_wconf 90' lang='lat' dir='ltr'><strong>in</strong></span> <span class='ocrx_word' id='word_1_524' title='bbox 2985 3299 3076 3354; x_wconf 75' lang='lat' dir='ltr'><strong>liis</strong></span> <span class='ocrx_word' id='word_1_525' title='bbox 3117 3298 3355 3353; x_wconf 85' lang='lat' dir='ltr'><strong>libenter</strong></span> <span class='ocrx_word' id='word_1_526' title='bbox 3393 3294 3590 3349; x_wconf 83' lang='lat' dir='ltr'><strong>sedem</strong></span> 
     </span>
    </p>
   </div>
   <div class='ocr_carea' id='block_1_75' title="bbox 1997 3386 3583 3456">
    <p class='ocr_par' dir='ltr' id='par_1_75' title="bbox 1997 3386 3583 3456">
     <span class='ocr_line' id='line_1_75' title="bbox 1997 3386 3583 3456; baseline -0.001 -15"><span class='ocrx_word' id='word_1_527' title='bbox 1997 3401 2154 3441; x_wconf 89' lang='lat' dir='ltr'><strong>suam</strong></span> <span class='ocrx_word' id='word_1_528' title='bbox 2185 3387 2572 3456; x_wconf 87' lang='lat' dir='ltr'><strong>collocaverit;</strong></span> <span class='ocrx_word' id='word_1_529' title='bbox 2605 3399 2662 3444; x_wconf 90' lang='lat' dir='ltr'><strong>et</strong></span> <span class='ocrx_word' id='word_1_530' title='bbox 2682 3391 2753 3445; x_wconf 90' lang='lat' dir='ltr'><strong>ab</strong></span> <span class='ocrx_word' id='word_1_531' title='bbox 2782 3391 2933 3445; x_wconf 89' lang='lat' dir='ltr'><strong>omni</strong></span> <span class='ocrx_word' id='word_1_532' title='bbox 2960 3389 3167 3445; x_wconf 87' lang='lat' dir='ltr'><strong>malitia</strong></span> <span class='ocrx_word' id='word_1_533' title='bbox 3205 3386 3447 3449; x_wconf 86' lang='lat' dir='ltr'><strong>recedet,</strong></span> <span class='ocrx_word' id='word_1_534' title='bbox 3473 3400 3583 3439; x_wconf 90' lang='lat' dir='ltr'><strong>non</strong></span> 
     </span>
    </p>
   </div>
   <div class='ocr_carea' id='block_1_76' title="bbox 1998 3476 3589 3549">
    <p class='ocr_par' dir='ltr' id='par_1_76' title="bbox 1998 3476 3589 3549">
     <span class='ocr_line' id='line_1_76' title="bbox 1998 3476 3589 3549; baseline 0.001 -23"><span class='ocrx_word' id='word_1_535' title='bbox 1998 3482 2058 3527; x_wconf 91' lang='lat' dir='ltr'><strong>ut</strong></span> <span class='ocrx_word' id='word_1_536' title='bbox 2082 3489 2302 3539; x_wconf 73' lang='lat' dir='ltr'><strong>servus,</strong></span> <span class='ocrx_word' id='word_1_537' title='bbox 2337 3478 2539 3532; x_wconf 88' lang='lat' dir='ltr'><strong>timore</strong></span> <span class='ocrx_word' id='word_1_538' title='bbox 2568 3479 2993 3549; x_wconf 88' lang='lat' dir='ltr'><strong>suppliciorum,</strong></span> <span class='ocrx_word' id='word_1_539' title='bbox 3031 3477 3130 3535; x_wconf 89' lang='lat' dir='ltr'><strong>sed</strong></span> <span class='ocrx_word' id='word_1_540' title='bbox 3160 3490 3219 3532; x_wconf 90' lang='lat' dir='ltr'><strong>ut</strong></span> <span class='ocrx_word' id='word_1_541' title='bbox 3241 3476 3385 3533; x_wconf 76' lang='lat' dir='ltr'><strong>{ilius</strong></span> <span class='ocrx_word' id='word_1_542' title='bbox 3431 3490 3589 3529; x_wconf 88' lang='lat' dir='ltr'><strong>amo-</strong></span> 
     </span>
    </p>
   </div>
   <div class='ocr_carea' id='block_1_77' title="bbox 1996 3566 2851 3625">
    <p class='ocr_par' dir='ltr' id='par_1_77' title="bbox 1996 3566 2851 3625">
     <span class='ocr_line' id='line_1_77' title="bbox 1996 3566 2851 3625; baseline 0.008 -7"><span class='ocrx_word' id='word_1_543' title='bbox 1996 3579 2058 3621; x_wconf 88' lang='lat' dir='ltr'><strong>re</strong></span> <span class='ocrx_word' id='word_1_544' title='bbox 2089 3566 2343 3623; x_wconf 67' lang='lat' dir='ltr'><strong>melioris</strong></span> <span class='ocrx_word' id='word_1_545' title='bbox 2366 3568 2523 3623; x_wconf 80' lang='lat' dir='ltr'><strong>boni.</strong></span> <span class='ocrx_word' id='word_1_546' title='bbox 2550 3567 2681 3624; x_wconf 91' lang='lat' dir='ltr'><strong>Inde</strong></span> <span class='ocrx_word' id='word_1_547' title='bbox 2711 3570 2851 3625; x_wconf 79' lang='lat' dir='ltr'><strong>haec.</strong></span> 
     </span>
    </p>
   </div>
   <div class='ocr_carea' id='block_1_78' title="bbox 2574 3797 2827 3853">
    <p class='ocr_par' dir='ltr' id='par_1_78' title="bbox 2574 3797 2827 3853">
     <span class='ocr_line' id='line_1_78' title="bbox 2574 3797 2827 3853; baseline 0.004 -1"><span class='ocrx_word' id='word_1_548' title='bbox 2574 3797 2730 3853; x_wconf 84' lang='lat' dir='ltr'><strong>CAP.</strong></span> <span class='ocrx_word' id='word_1_549' title='bbox 2763 3797 2827 3853; x_wconf 88' lang='lat' dir='ltr'><strong>ll.</strong></span> 
     </span>
    </p>
   </div>
   <div class='ocr_carea' id='block_1_79' title="bbox 2068 3926 3585 4003">
    <p class='ocr_par' dir='ltr' id='par_1_79' title="bbox 2068 3926 3585 4003">
     <span class='ocr_line' id='line_1_79' title="bbox 2068 3926 3585 4003; baseline 0.002 -23"><span class='ocrx_word' id='word_1_550' title='bbox 2068 3926 2240 3984; x_wconf 73' lang='lat' dir='ltr'><strong>Vsus.</strong></span> <span class='ocrx_word' id='word_1_551' title='bbox 2268 3931 2320 3986; x_wconf 81' lang='lat' dir='ltr'><strong>l.</strong></span> <span class='ocrx_word' id='word_1_552' title='bbox 2348 3929 2497 3996; x_wconf 67' lang='lat' dir='ltr'><strong>Fili,</strong></span> <span class='ocrx_word' id='word_1_553' title='bbox 2513 3933 2559 3986; x_wconf 82' lang='lat' dir='ltr'><strong>si</strong></span> <span class='ocrx_word' id='word_1_554' title='bbox 2586 3934 2888 4003; x_wconf 80' lang='lat' dir='ltr'><strong>suscipiens</strong></span> <span class='ocrx_word' id='word_1_555' title='bbox 2906 3947 3175 3988; x_wconf 76' lang='lat' dir='ltr'><strong>sermones</strong></span> <span class='ocrx_word' id='word_1_556' title='bbox 3199 3928 3445 3985; x_wconf 84' lang='lat' dir='ltr'><strong>mandati</strong></span> <span class='ocrx_word' id='word_1_557' title='bbox 3460 3930 3585 3994; x_wconf 79' lang='lat' dir='ltr'><strong>mei,</strong></span> 
     </span>
    </p>
   </div>
   <div class='ocr_carea' id='block_1_80' title="bbox 2001 4018 3589 4095">
    <p class='ocr_par' dir='ltr' id='par_1_80' title="bbox 2001 4018 3589 4095">
     <span class='ocr_line' id='line_1_80' title="bbox 2001 4018 3589 4095; baseline 0.003 -24"><span class='ocrx_word' id='word_1_558' title='bbox 2001 4018 2303 4074; x_wconf 74' lang='lat' dir='ltr'><strong>abscondas</strong></span> <span class='ocrx_word' id='word_1_559' title='bbox 2334 4023 2477 4091; x_wconf 85' lang='lat' dir='ltr'><strong>apud</strong></span> <span class='ocrx_word' id='word_1_560' title='bbox 2531 4032 2600 4076; x_wconf 89' lang='lat' dir='ltr'><strong>te.</strong></span> <span class='ocrx_word' id='word_1_561' title='bbox 2642 4024 2955 4095; x_wconf 77' lang='lat' dir='ltr'><strong>Adoptatus</strong></span> <span class='ocrx_word' id='word_1_562' title='bbox 3011 4038 3042 4078; x_wconf 90' lang='lat' dir='ltr'><strong>a</strong></span> <span class='ocrx_word' id='word_1_563' title='bbox 3079 4037 3166 4077; x_wconf 91' lang='lat' dir='ltr'><strong>me</strong></span> <span class='ocrx_word' id='word_1_564' title='bbox 3206 4037 3307 4092; x_wconf 85' lang='lat' dir='ltr'><strong>pro</strong></span> <span class='ocrx_word' id='word_1_565' title='bbox 3349 4020 3458 4075; x_wconf 84' lang='lat' dir='ltr'><strong>lilio</strong></span> <span class='ocrx_word' id='word_1_566' title='bbox 3491 4036 3589 4090; x_wconf 87' lang='lat' dir='ltr'><strong>per</strong></span> 
     </span>
    </p>
   </div>
   <div class='ocr_carea' id='block_1_81' title="bbox 2001 4111 3588 4186">
    <p class='ocr_par' dir='ltr' id='par_1_81' title="bbox 2001 4111 3588 4186">
     <span class='ocr_line' id='line_1_81' title="bbox 2001 4111 3588 4186; baseline -0.001 -20"><span class='ocrx_word' id='word_1_567' title='bbox 2001 4111 2348 4182; x_wconf 88' lang='lat' dir='ltr'><strong>spiritualem</strong></span> <span class='ocrx_word' id='word_1_568' title='bbox 2398 4114 2736 4183; x_wconf 88' lang='lat' dir='ltr'><strong>doctrinam,</strong></span> <span class='ocrx_word' id='word_1_569' title='bbox 2800 4115 2849 4172; x_wconf 89' lang='lat' dir='ltr'><strong>si</strong></span> <span class='ocrx_word' id='word_1_570' title='bbox 2881 4115 3196 4186; x_wconf 84' lang='lat' dir='ltr'><strong>suscipiens</strong></span> <span class='ocrx_word' id='word_1_571' title='bbox 3249 4128 3588 4177; x_wconf 87' lang='lat' dir='ltr'><strong>sermonem,</strong></span> 
     </span>
    </p>
   </div>
   <div class='ocr_carea' id='block_1_82' title="bbox 2002 4201 3591 4273">
    <p class='ocr_par' dir='ltr' id='par_1_82' title="bbox 2002 4201 3591 4273">
     <span class='ocr_line' id='line_1_82' title="bbox 2002 4201 3591 4273; baseline 0.003 -19"><span class='ocrx_word' id='word_1_572' title='bbox 2002 4201 2096 4270; x_wconf 91' lang='lat' dir='ltr'><strong>qui</strong></span> <span class='ocrx_word' id='word_1_573' title='bbox 2125 4217 2305 4257; x_wconf 84' lang='lat' dir='ltr'><strong>meam</strong></span> <span class='ocrx_word' id='word_1_574' title='bbox 2339 4203 2682 4260; x_wconf 80' lang='lat' dir='ltr'><strong>voluntatem</strong></span> <span class='ocrx_word' id='word_1_575' title='bbox 2719 4216 2774 4262; x_wconf 88' lang='lat' dir='ltr'><strong>te</strong></span> <span class='ocrx_word' id='word_1_576' title='bbox 2800 4207 2984 4273; x_wconf 79' lang='lat' dir='ltr'><strong>docet,</strong></span> <span class='ocrx_word' id='word_1_577' title='bbox 3018 4205 3302 4262; x_wconf 86' lang='lat' dir='ltr'><strong>custodias</strong></span> <span class='ocrx_word' id='word_1_578' title='bbox 3331 4204 3511 4270; x_wconf 90' lang='lat' dir='ltr'><strong>illum,</strong></span> <span class='ocrx_word' id='word_1_579' title='bbox 3532 4203 3591 4258; x_wconf 85' lang='lat' dir='ltr'><strong>in</strong></span> 
     </span>
    </p>
   </div>
   <div class='ocr_carea' id='block_1_83' title="bbox 2002 4293 2993 4353">
    <p class='ocr_par' dir='ltr' id='par_1_83' title="bbox 2002 4293 2993 4353">
     <span class='ocr_line' id='line_1_83' title="bbox 2002 4293 2993 4353; baseline 0.006 -6"><span class='ocrx_word' id='word_1_580' title='bbox 2002 4293 2270 4348; x_wconf 83' lang='lat' dir='ltr'><strong>memoria</strong></span> <span class='ocrx_word' id='word_1_581' title='bbox 2294 4295 2482 4351; x_wconf 89' lang='lat' dir='ltr'><strong>cordis</strong></span> <span class='ocrx_word' id='word_1_582' title='bbox 2515 4296 2597 4350; x_wconf 90' lang='lat' dir='ltr'><strong>toi</strong></span> <span class='ocrx_word' id='word_1_583' title='bbox 2625 4297 2993 4353; x_wconf 85' lang='lat' dir='ltr'><strong>reconditum.</strong></span> 
     </span>
    </p>
   </div>
   <div class='ocr_carea' id='block_1_84' title="bbox 2073 4385 3594 4457">
    <p class='ocr_par' dir='ltr' id='par_1_84' title="bbox 2073 4385 3594 4457">
     <span class='ocr_line' id='line_1_84' title="bbox 2073 4385 3594 4457; baseline 0.001 -17"><span class='ocrx_word' id='word_1_584' title='bbox 2073 4385 2246 4442; x_wconf 76' lang='lat' dir='ltr'><strong>VEBS.</strong></span> <span class='ocrx_word' id='word_1_585' title='bbox 2272 4388 2327 4441; x_wconf 76' lang='grc'>2.</span> <span class='ocrx_word' id='word_1_586' title='bbox 2358 4386 2554 4444; x_wconf 78' lang='lat' dir='ltr'><strong>Audiet</strong></span> <span class='ocrx_word' id='word_1_587' title='bbox 2581 4391 2902 4457; x_wconf 88' lang='lat' dir='ltr'><strong>sapientiam</strong></span> <span class='ocrx_word' id='word_1_588' title='bbox 2938 4390 3088 4445; x_wconf 84' lang='lat' dir='ltr'><strong>auris</strong></span> <span class='ocrx_word' id='word_1_589' title='bbox 3141 4400 3254 4443; x_wconf 83' lang='lat' dir='ltr'><strong>tua.</strong></span> <span class='ocrx_word' id='word_1_590' title='bbox 3281 4385 3506 4443; x_wconf 82' lang='lat' dir='ltr'><strong>Obediet</strong></span> <span class='ocrx_word' id='word_1_591' title='bbox 3535 4388 3594 4442; x_wconf 73' lang='lat' dir='ltr'><strong>in</strong></span> 
     </span>
    </p>
   </div>
   <div class='ocr_carea' id='block_1_85' title="bbox 2003 4477 3586 4548">
    <p class='ocr_par' dir='ltr' id='par_1_85' title="bbox 2003 4477 3586 4548">
     <span class='ocr_line' id='line_1_85' title="bbox 2003 4477 3586 4548; baseline 0.004 -20"><span class='ocrx_word' id='word_1_592' title='bbox 2003 4477 2187 4545; x_wconf 79' lang='lat' dir='ltr'><strong>praxi,</strong></span> <span class='ocrx_word' id='word_1_593' title='bbox 2226 4479 2481 4547; x_wconf 88' lang='lat' dir='ltr'><strong>prudenti</strong></span> <span class='ocrx_word' id='word_1_594' title='bbox 2513 4481 2784 4543; x_wconf 88' lang='lat' dir='ltr'><strong>rationem</strong></span> <span class='ocrx_word' id='word_1_595' title='bbox 2821 4481 3098 4535; x_wconf 88' lang='lat' dir='ltr'><strong>nuntianti</strong></span> <span class='ocrx_word' id='word_1_596' title='bbox 3148 4480 3416 4545; x_wconf 83' lang='lat' dir='ltr'><strong>sermoni,</strong></span> <span class='ocrx_word' id='word_1_597' title='bbox 3440 4479 3586 4548; x_wconf 85' lang='lat' dir='ltr'><strong>quod</strong></span> 
     </span>
    </p>
   </div>
   <div class='ocr_carea' id='block_1_86' title="bbox 306 4567 1886 4645">
    <p class='ocr_par' dir='ltr' id='par_1_86' title="bbox 306 4572 1886 4645">
     <span class='ocr_line' id='line_1_86' title="bbox 306 4572 1886 4645; baseline -0.001 -18"><span class='ocrx_word' id='word_1_598' title='bbox 306 4573 479 4645; x_wconf 84' lang='grc' dir='ltr'>λόγῳ,</span> <span class='ocrx_word' id='word_1_599' title='bbox 509 4574 570 4626; x_wconf 85' lang='grc' dir='ltr'><strong>τὸ</strong></span> <span class='ocrx_word' id='word_1_600' title='bbox 602 4574 777 4645; x_wconf 85' lang='grc' dir='ltr'>τούτῳ</span> <span class='ocrx_word' id='word_1_601' title='bbox 806 4576 887 4638; x_wconf 90' lang='grc' dir='ltr'>εἰς</span> <span class='ocrx_word' id='word_1_602' title='bbox 916 4572 1268 4644; x_wconf 83' lang='grc' dir='ltr'>δικαιοσύνην</span> <span class='ocrx_word' id='word_1_603' title='bbox 1302 4572 1583 4635; x_wconf 80' lang='grc' dir='ltr'>ἐπιπειῡές</span> <span class='ocrx_word' id='word_1_604' title='bbox 1607 4589 1724 4637; x_wconf 90' lang='grc' dir='ltr'>σου,</span> <span class='ocrx_word' id='word_1_605' title='bbox 1751 4573 1886 4642; x_wconf 66' lang='grc' dir='ltr'>φημὶ</span> 
     </span>
    </p>
   </div>
   <div class='ocr_carea' id='block_1_87' title="bbox 2006 4567 3588 4645">
    <p class='ocr_par' dir='ltr' id='par_1_87' title="bbox 2006 4567 3588 4640">
     <span class='ocr_line' id='line_1_87' title="bbox 2006 4567 3588 4640; baseline 0 -18"><span class='ocrx_word' id='word_1_606' title='bbox 2006 4567 2057 4623; x_wconf 94' lang='lat' dir='ltr'><strong>in</strong></span> <span class='ocrx_word' id='word_1_607' title='bbox 2081 4576 2136 4623; x_wconf 87' lang='lat' dir='ltr'><strong>te</strong></span> <span class='ocrx_word' id='word_1_608' title='bbox 2171 4584 2269 4640; x_wconf 87' lang='lat' dir='ltr'><strong>per</strong></span> <span class='ocrx_word' id='word_1_609' title='bbox 2312 4570 2465 4626; x_wconf 91' lang='lat' dir='ltr'><strong>illum</strong></span> <span class='ocrx_word' id='word_1_610' title='bbox 2495 4571 2563 4626; x_wconf 87' lang='lat' dir='ltr'><strong>ad</strong></span> <span class='ocrx_word' id='word_1_611' title='bbox 2589 4572 2866 4640; x_wconf 85' lang='lat' dir='ltr'><strong>justitiam</strong></span> <span class='ocrx_word' id='word_1_612' title='bbox 2893 4573 3091 4634; x_wconf 82' lang='lat' dir='ltr'><strong>fertur,</strong></span> <span class='ocrx_word' id='word_1_613' title='bbox 3130 4570 3183 4625; x_wconf 90' lang='lat' dir='ltr'><strong>id</strong></span> <span class='ocrx_word' id='word_1_614' title='bbox 3208 4572 3314 4635; x_wconf 86' lang='lat' dir='ltr'><strong>est,</strong></span> <span class='ocrx_word' id='word_1_615' title='bbox 3343 4570 3588 4639; x_wconf 83' lang='lat' dir='ltr'><strong>potentia</strong></span> 
     </span>
    </p>
   </div>
   <div class='ocr_carea' id='block_1_88' title="bbox 306 4665 1898 4737">
    <p class='ocr_par' dir='ltr' id='par_1_88' title="bbox 306 4665 1898 4737">
     <span class='ocr_line' id='line_1_88' title="bbox 306 4665 1898 4737; baseline 0 -19"><span class='ocrx_word' id='word_1_616' title='bbox 306 4665 371 4718; x_wconf 80' lang='grc' dir='ltr'>δὲ</span> <span class='ocrx_word' id='word_1_617' title='bbox 403 4665 465 4719; x_wconf 82' lang='grc' dir='ltr'><strong>τὸ</strong></span> <span class='ocrx_word' id='word_1_618' title='bbox 491 4665 913 4737; x_wconf 70' lang='grc' dir='ltr'>ἐπιθυμητικὸν,</span> <span class='ocrx_word' id='word_1_619' title='bbox 944 4669 1042 4719; x_wconf 78' lang='grc' dir='ltr'><strong>καὶ</strong></span> <span class='ocrx_word' id='word_1_620' title='bbox 1060 4666 1123 4719; x_wconf 73' lang='grc' dir='ltr'>τὺ</span> <span class='ocrx_word' id='word_1_621' title='bbox 1155 4667 1389 4736; x_wconf 79' lang='grc' dir='ltr'>θυμικόν</span> <span class='ocrx_word' id='word_1_622' title='bbox 1410 4681 1424 4695; x_wconf 73' lang='grc' dir='ltr'>ο</span> <span class='ocrx_word' id='word_1_623' title='bbox 1456 4666 1519 4719; x_wconf 86' lang='grc' dir='ltr'>τὸ</span> <span class='ocrx_word' id='word_1_624' title='bbox 1552 4666 1650 4735; x_wconf 79' lang='grc' dir='ltr'>μὲν</span> <span class='ocrx_word' id='word_1_625' title='bbox 1683 4665 1898 4736; x_wconf 81' lang='grc' dir='ltr'>σωφρό-</span> 
     </span>
    </p>
   </div>
   <div class='ocr_carea' id='block_1_89' title="bbox 310 4757 1897 4830">
    <p class='ocr_par' dir='ltr' id='par_1_89' title="bbox 310 4757 1897 4830">
     <span class='ocr_line' id='line_1_89' title="bbox 310 4757 1897 4830; baseline 0 -20"><span class='ocrx_word' id='word_1_626' title='bbox 310 4774 418 4821; x_wconf 86' lang='grc' dir='ltr'><strong>νως</strong></span> <span class='ocrx_word' id='word_1_627' title='bbox 456 4759 565 4811; x_wconf 74' lang='grc' dir='ltr'><strong>ἀπὸ</strong></span> <span class='ocrx_word' id='word_1_628' title='bbox 598 4758 705 4812; x_wconf 88' lang='grc' dir='ltr'><strong>τῶν</strong></span> <span class='ocrx_word' id='word_1_629' title='bbox 735 4759 859 4811; x_wconf 87' lang='grc' dir='ltr'>κατ’</span> <span class='ocrx_word' id='word_1_630' title='bbox 890 4758 1147 4828; x_wconf 78' lang='grc' dir='ltr'>αἴσθησιν</span> <span class='ocrx_word' id='word_1_631' title='bbox 1182 4758 1354 4830; x_wconf 75' lang='grc' dir='ltr'>ἡδέων</span> <span class='ocrx_word' id='word_1_632' title='bbox 1387 4757 1859 4828; x_wconf 81' lang='grc' dir='ltr'>ἐγκρατευόμενον</span> <span class='ocrx_word' id='word_1_633' title='bbox 1880 4773 1897 4787; x_wconf 77' lang='grc' dir='ltr'>ο</span> 
     </span>
    </p>
   </div>
   <div class='ocr_carea' id='block_1_90' title="bbox 309 4849 1862 4921">
    <p class='ocr_par' dir='ltr' id='par_1_90' title="bbox 309 4849 1862 4921">
     <span class='ocr_line' id='line_1_90' title="bbox 309 4849 1862 4921; baseline 0 -18"><span class='ocrx_word' id='word_1_634' title='bbox 309 4850 373 4903; x_wconf 80' lang='grc' dir='ltr'><strong>τὺ</strong></span> <span class='ocrx_word' id='word_1_635' title='bbox 406 4849 463 4902; x_wconf 84' lang='grc' dir='ltr'>δὲ</span> <span class='ocrx_word' id='word_1_636' title='bbox 504 4850 767 4921; x_wconf 72' lang='grc' dir='ltr'>ἀνδρείως</span> <span class='ocrx_word' id='word_1_637' title='bbox 806 4851 875 4903; x_wconf 78' lang='grc' dir='ltr'>τὰ</span> <span class='ocrx_word' id='word_1_638' title='bbox 920 4852 1063 4904; x_wconf 87' lang='grc' dir='ltr'>κατὰ</span> <span class='ocrx_word' id='word_1_639' title='bbox 1103 4850 1265 4920; x_wconf 87' lang='grc' dir='ltr'>σῶμα</span> <span class='ocrx_word' id='word_1_640' title='bbox 1302 4850 1530 4920; x_wconf 71' lang='grc' dir='ltr'>θλιῆερὰ</span> <span class='ocrx_word' id='word_1_641' title='bbox 1570 4849 1862 4919; x_wconf 79' lang='grc' dir='ltr'>ὑπομένον.</span> 
     </span>
    </p>
   </div>
   <div class='ocr_carea' id='block_1_91' title="bbox 387 4941 1901 5010">
    <p class='ocr_par' dir='ltr' id='par_1_91' title="bbox 387 4941 1901 5010">
     <span class='ocr_line' id='line_1_91' title="bbox 387 4941 1901 5010; baseline 0.001 -17"><span class='ocrx_word' id='word_1_642' title='bbox 387 4941 497 4995; x_wconf 76' lang='grc' dir='ltr'><strong>Καὶ</strong></span> <span class='ocrx_word' id='word_1_643' title='bbox 532 4942 899 5010; x_wconf 69' lang='grc' dir='ltr'>παραϐαιεῑς</span> <span class='ocrx_word' id='word_1_644' title='bbox 926 4942 1181 5010; x_wconf 77' lang='grc' dir='ltr'>καρδίαν</span> <span class='ocrx_word' id='word_1_645' title='bbox 1205 4957 1322 4996; x_wconf 88' lang='grc' dir='ltr'>σου</span> <span class='ocrx_word' id='word_1_646' title='bbox 1356 4945 1442 5007; x_wconf 82' lang='grc' dir='ltr'><strong>είς</strong></span> <span class='ocrx_word' id='word_1_647' title='bbox 1470 4942 1762 4995; x_wconf 76' lang='grc' dir='ltr'>σύνεσιν·</span> <span class='ocrx_word' id='word_1_648' title='bbox 1789 4957 1901 4995; x_wconf 71' lang='lat' dir='ltr'><strong>aa-</strong></span> 
     </span>
    </p>
   </div>
   <div class='ocr_carea' id='block_1_92' title="bbox 303 5031 1899 5103">
    <p class='ocr_par' dir='ltr' id='par_1_92' title="bbox 303 5031 1899 5103">
     <span class='ocr_line' id='line_1_92' title="bbox 303 5031 1899 5103; baseline 0.003 -20"><span class='ocrx_word' id='word_1_649' title='bbox 303 5031 595 5100; x_wconf 73' lang='grc' dir='ltr'>ριιδαλεῖς</span> <span class='ocrx_word' id='word_1_650' title='bbox 626 5033 696 5087; x_wconf 77' lang='grc' dir='ltr'>δὲ</span> <span class='ocrx_word' id='word_1_651' title='bbox 740 5034 939 5103; x_wconf 81' lang='grc' dir='ltr'>αὐτὴν</span> <span class='ocrx_word' id='word_1_652' title='bbox 968 5037 1056 5101; x_wconf 86' lang='grc' dir='ltr'><strong>εις</strong></span> <span class='ocrx_word' id='word_1_653' title='bbox 1079 5034 1445 5102; x_wconf 81' lang='grc' dir='ltr'>νουθέτησιν</span> <span class='ocrx_word' id='word_1_654' title='bbox 1484 5033 1564 5099; x_wconf 83' lang='grc' dir='ltr'>τῷ</span> <span class='ocrx_word' id='word_1_655' title='bbox 1603 5033 1713 5099; x_wconf 82' lang='grc' dir='ltr'><strong>Υὶῷ</strong></span> <span class='ocrx_word' id='word_1_656' title='bbox 1760 5051 1899 5089; x_wconf 90' lang='grc' dir='ltr'>σου.</span> 
     </span>
    </p>
   </div>
   <div class='ocr_carea' id='block_1_93' title="bbox 315 5124 1903 5198">
    <p class='ocr_par' dir='ltr' id='par_1_93' title="bbox 315 5124 1903 5198">
     <span class='ocr_line' id='line_1_93' title="bbox 315 5124 1903 5198; baseline 0.003 -21"><span class='ocrx_word' id='word_1_657' title='bbox 315 5125 428 5178; x_wconf 75' lang='grc' dir='ltr'>Καὶ</span> <span class='ocrx_word' id='word_1_658' title='bbox 457 5124 774 5193; x_wconf 81' lang='grc' dir='ltr'>ἀπαλλαγὲν</span> <span class='ocrx_word' id='word_1_659' title='bbox 807 5127 907 5198; x_wconf 80' lang='grc' dir='ltr'><strong>τῆς</strong></span> <span class='ocrx_word' id='word_1_660' title='bbox 953 5126 1236 5196; x_wconf 81' lang='grc' dir='ltr'>ἐμπαθοῦς</span> <span class='ocrx_word' id='word_1_661' title='bbox 1277 5126 1428 5195; x_wconf 72' lang='grc' dir='ltr'>ζωῆς</span> <span class='ocrx_word' id='word_1_662' title='bbox 1465 5126 1527 5181; x_wconf 81' lang='grc' dir='ltr'><strong>τὸ</strong></span> <span class='ocrx_word' id='word_1_663' title='bbox 1557 5126 1715 5196; x_wconf 87' lang='grc' dir='ltr'>δίκην</span> <span class='ocrx_word' id='word_1_664' title='bbox 1761 5143 1903 5198; x_wconf 85' lang='grc' dir='ltr'>καρ-</span> 
     </span>
    </p>
   </div>
   <div class='ocr_carea' id='block_1_94' title="bbox 313 5204 1906 5290">
    <p class='ocr_par' dir='ltr' id='par_1_94' title="bbox 313 5204 1906 5290">
     <span class='ocr_line' id='line_1_94' title="bbox 313 5204 1906 5290; baseline 0.002 -21"><span class='ocrx_word' id='word_1_665' title='bbox 313 5217 453 5281; x_wconf 84' lang='grc' dir='ltr'>δίας,</span> <span class='ocrx_word' id='word_1_666' title='bbox 480 5220 580 5286; x_wconf 82' lang='grc' dir='ltr'>τῆς</span> <span class='ocrx_word' id='word_1_667' title='bbox 630 5220 688 5272; x_wconf 86' lang='grc' dir='ltr'><strong>ἐν</strong></span> <span class='ocrx_word' id='word_1_668' title='bbox 734 5204 1007 5289; x_wconf 85' lang='grc' dir='ltr'>πνεύματι</span> <span class='ocrx_word' id='word_1_669' title='bbox 1041 5220 1188 5290; x_wconf 81' lang='grc' dir='ltr'>ζωῆς</span> <span class='ocrx_word' id='word_1_670' title='bbox 1209 5260 1225 5284; x_wconf 88' lang='grc'><strong>,</strong></span> <span class='ocrx_word' id='word_1_671' title='bbox 1278 5218 1632 5290; x_wconf 81' lang='grc' dir='ltr'>μεταδοτικδν</span> <span class='ocrx_word' id='word_1_672' title='bbox 1660 5222 1773 5283; x_wconf 83' lang='grc' dir='ltr'>τοῖς</span> <span class='ocrx_word' id='word_1_673' title='bbox 1801 5218 1906 5272; x_wconf 83' lang='grc' dir='ltr'>λοι·</span> 
     </span>
    </p>
   </div>
   <div class='ocr_carea' id='block_1_95' title="bbox 316 5308 1907 5383">
    <p class='ocr_par' dir='ltr' id='par_1_95' title="bbox 316 5308 1907 5383">
     <span class='ocr_line' id='line_1_95' title="bbox 316 5308 1907 5383; baseline 0.003 -22"><span class='ocrx_word' id='word_1_674' title='bbox 316 5311 445 5373; x_wconf 81' lang='grc' dir='ltr'>ποίς</span> <span class='ocrx_word' id='word_1_675' title='bbox 480 5308 581 5379; x_wconf 77' lang='grc' dir='ltr'><strong>τῆς</strong></span> <span class='ocrx_word' id='word_1_676' title='bbox 623 5309 805 5381; x_wconf 78' lang='grc' dir='ltr'>ψυχῆς</span> <span class='ocrx_word' id='word_1_677' title='bbox 843 5310 1037 5383; x_wconf 84' lang='grc' dir='ltr'>μέρεσι</span> <span class='ocrx_word' id='word_1_678' title='bbox 1076 5314 1263 5383; x_wconf 86' lang='grc' dir='ltr'>νοερόν</span> <span class='ocrx_word' id='word_1_679' title='bbox 1305 5330 1433 5377; x_wconf 89' lang='grc' dir='ltr'>σου,</span> <span class='ocrx_word' id='word_1_680' title='bbox 1464 5312 1721 5382; x_wconf 74' lang='grc' dir='ltr'>ἐμϐαλεῖς</span> <span class='ocrx_word' id='word_1_681' title='bbox 1763 5312 1907 5365; x_wconf 84' lang='grc' dir='ltr'><strong>κατά</strong></span> 
     </span>
    </p>
   </div>
   <div class='ocr_carea' id='block_1_96' title="bbox 318 5401 1956 5476">
    <p class='ocr_par' dir='ltr' id='par_1_96' title="bbox 318 5401 1956 5476">
     <span class='ocr_line' id='line_1_96' title="bbox 318 5401 1956 5476; baseline 0.003 -22"><span class='ocrx_word' id='word_1_682' title='bbox 318 5401 557 5473; x_wconf 77' lang='grc' dir='ltr'>θεωρίαν</span> <span class='ocrx_word' id='word_1_683' title='bbox 584 5402 665 5466; x_wconf 86' lang='grc' dir='ltr'>εἰς</span> <span class='ocrx_word' id='word_1_684' title='bbox 684 5402 784 5473; x_wconf 80' lang='grc' dir='ltr'>τὴν</span> <span class='ocrx_word' id='word_1_685' title='bbox 808 5403 908 5473; x_wconf 80' lang='grc' dir='ltr'>τῆς</span> <span class='ocrx_word' id='word_1_686' title='bbox 932 5403 1193 5474; x_wconf 80' lang='grc' dir='ltr'>ἀληθείας</span> <span class='ocrx_word' id='word_1_687' title='bbox 1211 5404 1508 5474; x_wconf 86' lang='grc' dir='ltr'>ἐπίγνωσιν</span> <span class='ocrx_word' id='word_1_688' title='bbox 1531 5421 1544 5434; x_wconf 88' lang='grc'><strong>·</strong></span> <span class='ocrx_word' id='word_1_689' title='bbox 1568 5404 1827 5476; x_wconf 77' lang='grc' dir='ltr'>ἐμϐαλεῖς</span> <span class='ocrx_word' id='word_1_690' title='bbox 1848 5405 1905 5459; x_wconf 80' lang='grc' dir='ltr'>δὲ</span> <span class='ocrx_word' id='word_1_691' title='bbox 1944 5406 1956 5419; x_wconf 81' lang='lat'><em>’</em></span> 
     </span>
    </p>
   </div>
   <div class='ocr_carea' id='block_1_97' title="bbox 318 5493 1905 5569">
    <p class='ocr_par' dir='ltr' id='par_1_97' title="bbox 318 5493 1905 5569">
     <span class='ocr_line' id='line_1_97' title="bbox 318 5493 1905 5569; baseline 0.002 -21"><span class='ocrx_word' id='word_1_692' title='bbox 318 5493 482 5549; x_wconf 80' lang='grc' dir='ltr'>τοῦτο</span> <span class='ocrx_word' id='word_1_693' title='bbox 511 5494 648 5566; x_wconf 68' lang='grc' dir='ltr'>πρὸς</span> <span class='ocrx_word' id='word_1_694' title='bbox 677 5495 1028 5552; x_wconf 81' lang='grc' dir='ltr'>διδασκαλίαν</span> <span class='ocrx_word' id='word_1_695' title='bbox 1060 5498 1443 5569; x_wconf 83' lang='grc' dir='ltr'>πνευματικὴν</span> <span class='ocrx_word' id='word_1_696' title='bbox 1494 5496 1588 5551; x_wconf 82' lang='grc' dir='ltr'>τοῦ</span> <span class='ocrx_word' id='word_1_697' title='bbox 1637 5498 1704 5551; x_wconf 87' lang='grc' dir='ltr'>δι’</span> <span class='ocrx_word' id='word_1_698' title='bbox 1733 5498 1905 5567; x_wconf 81' lang='grc' dir='ltr'>αὐτῆς</span> 
     </span>
    </p>
   </div>
   <div class='ocr_carea' id='block_1_98' title="bbox 320 5584 877 5655">
    <p class='ocr_par' dir='ltr' id='par_1_98' title="bbox 320 5584 877 5655">
     <span class='ocr_line' id='line_1_98' title="bbox 320 5584 877 5655; baseline -0.007 -14"><span class='ocrx_word' id='word_1_699' title='bbox 320 5584 566 5641; x_wconf 69' lang='grc' dir='ltr'>υίοθετου</span> <span class='ocrx_word' id='word_1_700' title='bbox 575 5586 734 5655; x_wconf 87' lang='grc' dir='ltr'>μένου</span> <span class='ocrx_word' id='word_1_701' title='bbox 773 5603 877 5645; x_wconf 86' lang='grc' dir='ltr'>σοι,</span> 
     </span>
    </p>
   </div>
   <div class='ocr_carea' id='block_1_99' title="bbox 393 5677 1907 5750">
    <p class='ocr_par' dir='ltr' id='par_1_99' title="bbox 393 5677 1907 5750">
     <span class='ocr_line' id='line_1_99' title="bbox 393 5677 1907 5750; baseline 0.005 -21"><span class='ocrx_word' id='word_1_702' title='bbox 393 5677 465 5748; x_wconf 85' lang='grc' dir='ltr'>γ’.</span> <span class='ocrx_word' id='word_1_703' title='bbox 500 5677 644 5731; x_wconf 85' lang='grc' dir='ltr'><strong>Ἐὰν</strong></span> <span class='ocrx_word' id='word_1_704' title='bbox 690 5678 801 5748; x_wconf 75' lang='grc' dir='ltr'>γὰρ</span> <span class='ocrx_word' id='word_1_705' title='bbox 851 5680 970 5745; x_wconf 83' lang='grc' dir='ltr'>τὴν</span> <span class='ocrx_word' id='word_1_706' title='bbox 1014 5681 1241 5750; x_wconf 68' lang='grc' dir='ltr'>σοφίαν</span> <span class='ocrx_word' id='word_1_707' title='bbox 1282 5681 1641 5750; x_wconf 71' lang='grc' dir='ltr'>ἐπικαλέσῃ,</span> <span class='ocrx_word' id='word_1_708' title='bbox 1688 5681 1783 5735; x_wconf 79' lang='grc' dir='ltr'>καὶ</span> <span class='ocrx_word' id='word_1_709' title='bbox 1833 5682 1907 5749; x_wconf 80' lang='grc' dir='ltr'>τῇ</span> 
     </span>
    </p>
   </div>
   <div class='ocr_carea' id='block_1_100' title="bbox 321 5768 1903 5841">
    <p class='ocr_par' dir='ltr' id='par_1_100' title="bbox 321 5768 1903 5841">
     <span class='ocr_line' id='line_1_100' title="bbox 321 5768 1903 5841; baseline 0.002 -17"><span class='ocrx_word' id='word_1_710' title='bbox 321 5770 574 5824; x_wconf 85' lang='grc' dir='ltr'>συνέσει</span> <span class='ocrx_word' id='word_1_711' title='bbox 616 5768 733 5837; x_wconf 81' lang='grc' dir='ltr'><strong>δῷς</strong></span> <span class='ocrx_word' id='word_1_712' title='bbox 761 5772 972 5839; x_wconf 70' lang='grc' dir='ltr'>φωνήν</span> <span class='ocrx_word' id='word_1_713' title='bbox 1010 5789 1157 5833; x_wconf 84' lang='grc' dir='ltr'>σου,</span> <span class='ocrx_word' id='word_1_714' title='bbox 1184 5772 1299 5839; x_wconf 68' lang='grc' dir='ltr'>τὴν</span> <span class='ocrx_word' id='word_1_715' title='bbox 1324 5771 1393 5826; x_wconf 78' lang='grc' dir='ltr'>δὲ</span> <span class='ocrx_word' id='word_1_716' title='bbox 1418 5773 1707 5840; x_wconf 76' lang='grc' dir='ltr'>αισθησιν</span> <span class='ocrx_word' id='word_1_717' title='bbox 1732 5772 1903 5841; x_wconf 55' lang='lat' dir='ltr'><strong>(inrd-</strong></span> 
     </span>
    </p>
   </div>
   <div class='ocr_carea' id='block_1_101' title="bbox 318 5861 1903 5936">
    <p class='ocr_par' dir='ltr' id='par_1_101' title="bbox 318 5861 1903 5936">
     <span class='ocr_line' id='line_1_101' title="bbox 318 5861 1903 5936; baseline 0.003 -23"><span class='ocrx_word' id='word_1_718' title='bbox 318 5875 443 5931; x_wconf 79' lang='grc' dir='ltr'><strong>σης</strong></span> <span class='ocrx_word' id='word_1_719' title='bbox 469 5861 703 5932; x_wconf 63' lang='grc' dir='ltr'>μεγάλῃ</span> <span class='ocrx_word' id='word_1_720' title='bbox 731 5862 803 5930; x_wconf 76' lang='grc' dir='ltr'>τῇ</span> <span class='ocrx_word' id='word_1_721' title='bbox 830 5861 1017 5933; x_wconf 59' lang='grc' dir='ltr'>φωνῇ.</span> <span class='ocrx_word' id='word_1_722' title='bbox 1069 5864 1123 5916; x_wconf 79' lang='grc' dir='ltr'><strong>ΕΞ</strong></span> <span class='ocrx_word' id='word_1_723' title='bbox 1154 5864 1260 5932; x_wconf 75' lang='grc' dir='ltr'>γὰρ</span> <span class='ocrx_word' id='word_1_724' title='bbox 1298 5865 1538 5935; x_wconf 73' lang='grc' dir='ltr'>αἰτήσεις</span> <span class='ocrx_word' id='word_1_725' title='bbox 1567 5866 1713 5936; x_wconf 62' lang='grc' dir='ltr'>πανρᾶ</span> <span class='ocrx_word' id='word_1_726' title='bbox 1744 5865 1903 5927; x_wconf 70' lang='grc' dir='ltr'>Θεοῦ,</span> 
     </span>
    </p>
   </div>
   <div class='ocr_carea' id='block_1_102' title="bbox 2004 4661 3590 4729">
    <p class='ocr_par' dir='ltr' id='par_1_102' title="bbox 2004 4661 3590 4729">
     <span class='ocr_line' id='line_1_102' title="bbox 2004 4661 3590 4729; baseline 0.001 -16"><span class='ocrx_word' id='word_1_727' title='bbox 2004 4661 2459 4729; x_wconf 87' lang='lat' dir='ltr'><strong>concupiscibilis</strong></span> <span class='ocrx_word' id='word_1_728' title='bbox 2503 4662 2702 4717; x_wconf 69' lang='lat' dir='ltr'><strong>animae</strong></span> <span class='ocrx_word' id='word_1_729' title='bbox 2727 4672 2784 4716; x_wconf 91' lang='lat' dir='ltr'><strong>et</strong></span> <span class='ocrx_word' id='word_1_730' title='bbox 2812 4661 3110 4717; x_wconf 80' lang='lat' dir='ltr'><strong>irascibtlis</strong></span> <span class='ocrx_word' id='word_1_731' title='bbox 3129 4703 3145 4728; x_wconf 92' lang='lat'><strong>,</strong></span> <span class='ocrx_word' id='word_1_732' title='bbox 3167 4661 3276 4715; x_wconf 86' lang='lat' dir='ltr'><strong>alia</strong></span> <span class='ocrx_word' id='word_1_733' title='bbox 3309 4662 3590 4729; x_wconf 78' lang='lat' dir='ltr'><strong>sapienter</strong></span> 
     </span>
    </p>
   </div>
   <div class='ocr_carea' id='block_1_103' title="bbox 2005 4751 3591 4821">
    <p class='ocr_par' dir='ltr' id='par_1_103' title="bbox 2005 4751 3591 4821">
     <span class='ocr_line' id='line_1_103' title="bbox 2005 4751 3591 4821; baseline 0.003 -20"><span class='ocrx_word' id='word_1_734' title='bbox 2005 4763 2034 4801; x_wconf 93' lang='lat' dir='ltr'><strong>a</strong></span> <span class='ocrx_word' id='word_1_735' title='bbox 2059 4765 2326 4805; x_wconf 86' lang='lat' dir='ltr'><strong>sensuum</strong></span> <span class='ocrx_word' id='word_1_736' title='bbox 2350 4751 2630 4821; x_wconf 69' lang='lat' dir='ltr'><strong>voluptate</strong></span> <span class='ocrx_word' id='word_1_737' title='bbox 2660 4752 2972 4817; x_wconf 76' lang='lat' dir='ltr'><strong>abstinens,</strong></span> <span class='ocrx_word' id='word_1_738' title='bbox 3011 4753 3122 4807; x_wconf 88' lang='lat' dir='ltr'><strong>alia</strong></span> <span class='ocrx_word' id='word_1_739' title='bbox 3173 4753 3412 4808; x_wconf 87' lang='lat' dir='ltr'><strong>viriliter</strong></span> <span class='ocrx_word' id='word_1_740' title='bbox 3446 4753 3591 4806; x_wconf 86' lang='lat' dir='ltr'><strong>mala</strong></span> 
     </span>
    </p>
   </div>
   <div class='ocr_carea' id='block_1_104' title="bbox 2005 4841 2596 4911">
    <p class='ocr_par' dir='ltr' id='par_1_104' title="bbox 2005 4841 2596 4911">
     <span class='ocr_line' id='line_1_104' title="bbox 2005 4841 2596 4911; baseline 0.003 -17"><span class='ocrx_word' id='word_1_741' title='bbox 2005 4841 2260 4911; x_wconf 88' lang='lat' dir='ltr'><strong>corporis</strong></span> <span class='ocrx_word' id='word_1_742' title='bbox 2290 4843 2596 4899; x_wconf 85' lang='lat' dir='ltr'><strong>sustinens.</strong></span> 
     </span>
    </p>
   </div>
   <div class='ocr_carea' id='block_1_105' title="bbox 2075 4933 3590 5007">
    <p class='ocr_par' dir='ltr' id='par_1_105' title="bbox 2075 4933 3590 5007">
     <span class='ocr_line' id='line_1_105' title="bbox 2075 4933 3590 5007; baseline 0.003 -20"><span class='ocrx_word' id='word_1_743' title='bbox 2075 4933 2377 4991; x_wconf 77' lang='lat' dir='ltr'><strong>lnclinabis</strong></span> <span class='ocrx_word' id='word_1_744' title='bbox 2411 4953 2506 4990; x_wconf 86' lang='lat' dir='ltr'><strong>cor</strong></span> <span class='ocrx_word' id='word_1_745' title='bbox 2558 4948 2708 4990; x_wconf 82' lang='lat' dir='ltr'><strong>tuum</strong></span> <span class='ocrx_word' id='word_1_746' title='bbox 2766 4937 2835 4990; x_wconf 77' lang='lat' dir='ltr'><strong>ad</strong></span> <span class='ocrx_word' id='word_1_747' title='bbox 2877 4935 3260 5007; x_wconf 81' lang='lat' dir='ltr'><strong>prudentiam;</strong></span> <span class='ocrx_word' id='word_1_748' title='bbox 3306 4936 3590 4991; x_wconf 78' lang='lat' dir='ltr'><strong>inclinabis</strong></span> 
     </span>
    </p>
   </div>
   <div class='ocr_carea' id='block_1_106' title="bbox 2005 5020 3684 5100">
    <p class='ocr_par' dir='ltr' id='par_1_106' title="bbox 2005 5020 3684 5100">
     <span class='ocr_line' id='line_1_106' title="bbox 2005 5020 3684 5100; baseline 0.001 -17"><span class='ocrx_word' id='word_1_749' title='bbox 2005 5033 2159 5084; x_wconf 82' lang='lat' dir='ltr'><strong>illaut</strong></span> <span class='ocrx_word' id='word_1_750' title='bbox 2186 5032 2243 5085; x_wconf 89' lang='lat' dir='ltr'><strong>in</strong></span> <span class='ocrx_word' id='word_1_751' title='bbox 2270 5032 2689 5087; x_wconf 78' lang='lat' dir='ltr'><strong>admonitionem</strong></span> <span class='ocrx_word' id='word_1_752' title='bbox 2732 5032 2849 5100; x_wconf 77' lang='lat' dir='ltr'><strong>ﬁlio</strong></span> <span class='ocrx_word' id='word_1_753' title='bbox 2889 5042 3003 5086; x_wconf 87' lang='lat' dir='ltr'><strong>tuo.</strong></span> <span class='ocrx_word' id='word_1_754' title='bbox 3038 5030 3103 5084; x_wconf 86' lang='lat' dir='ltr'><strong>Et</strong></span> <span class='ocrx_word' id='word_1_755' title='bbox 3130 5039 3590 5086; x_wconf 84' lang='lat' dir='ltr'><strong>remotamatnr-</strong></span> <span class='ocrx_word' id='word_1_756' title='bbox 3674 5020 3684 5043; x_wconf 77' lang='grc'><em>³</em></span> 
     </span>
    </p>
   </div>
   <div class='ocr_carea' id='block_1_107' title="bbox 2008 5120 3587 5191">
    <p class='ocr_par' dir='ltr' id='par_1_107' title="bbox 2008 5120 3587 5191">
     <span class='ocr_line' id='line_1_107' title="bbox 2008 5120 3587 5191; baseline 0.001 -18"><span class='ocrx_word' id='word_1_757' title='bbox 2008 5121 2132 5174; x_wconf 86' lang='lat' dir='ltr'><strong>bata</strong></span> <span class='ocrx_word' id='word_1_758' title='bbox 2160 5120 2303 5183; x_wconf 86' lang='lat' dir='ltr'><strong>vita,</strong></span> <span class='ocrx_word' id='word_1_759' title='bbox 2321 5136 2443 5191; x_wconf 75' lang='lat' dir='ltr'><strong>qua:</strong></span> <span class='ocrx_word' id='word_1_760' title='bbox 2460 5122 2645 5177; x_wconf 83' lang='lat' dir='ltr'><strong>cordis</strong></span> <span class='ocrx_word' id='word_1_761' title='bbox 2665 5121 2818 5191; x_wconf 89' lang='lat' dir='ltr'><strong>juste</strong></span> <span class='ocrx_word' id='word_1_762' title='bbox 2840 5128 3093 5185; x_wconf 88' lang='lat' dir='ltr'><strong>vocatur,</strong></span> <span class='ocrx_word' id='word_1_763' title='bbox 3116 5120 3426 5190; x_wconf 86' lang='lat' dir='ltr'><strong>spiritualis</strong></span> <span class='ocrx_word' id='word_1_764' title='bbox 3452 5122 3587 5186; x_wconf 83' lang='lat' dir='ltr'><strong>vita,</strong></span> 
     </span>
    </p>
   </div>
   <div class='ocr_carea' id='block_1_108' title="bbox 2005 5213 3591 5285">
    <p class='ocr_par' dir='ltr' id='par_1_108' title="bbox 2005 5213 3591 5285">
     <span class='ocr_line' id='line_1_108' title="bbox 2005 5213 3591 5285; baseline -0.001 -16"><span class='ocrx_word' id='word_1_765' title='bbox 2005 5230 2138 5284; x_wconf 81' lang='lat' dir='ltr'><strong>erga</strong></span> <span class='ocrx_word' id='word_1_766' title='bbox 2165 5216 2308 5279; x_wconf 81' lang='lat' dir='ltr'><strong>alias</strong></span> <span class='ocrx_word' id='word_1_767' title='bbox 2340 5216 2542 5271; x_wconf 85' lang='lat' dir='ltr'><strong>animae</strong></span> <span class='ocrx_word' id='word_1_768' title='bbox 2584 5215 2864 5285; x_wconf 80' lang='lat' dir='ltr'><strong>potentias</strong></span> <span class='ocrx_word' id='word_1_769' title='bbox 2923 5214 3242 5278; x_wconf 88' lang='lat' dir='ltr'><strong>liberalem,</strong></span> <span class='ocrx_word' id='word_1_770' title='bbox 3293 5213 3591 5268; x_wconf 87' lang='lat' dir='ltr'><strong>inclinabis</strong></span> 
     </span>
    </p>
   </div>
   <div class='ocr_carea' id='block_1_109' title="bbox 2010 5304 3591 5375">
    <p class='ocr_par' dir='ltr' id='par_1_109' title="bbox 2010 5304 3591 5375">
     <span class='ocr_line' id='line_1_109' title="bbox 2010 5304 3591 5375; baseline -0.001 -16"><span class='ocrx_word' id='word_1_771' title='bbox 2010 5306 2366 5362; x_wconf 83' lang='lat' dir='ltr'><strong>meditatione</strong></span> <span class='ocrx_word' id='word_1_772' title='bbox 2415 5305 2850 5362; x_wconf 86' lang='lat' dir='ltr'><strong>intellectualem</strong></span> <span class='ocrx_word' id='word_1_773' title='bbox 2907 5304 3209 5375; x_wconf 88' lang='lat' dir='ltr'><strong>potentiam</strong></span> <span class='ocrx_word' id='word_1_774' title='bbox 3242 5305 3311 5359; x_wconf 87' lang='lat' dir='ltr'><strong>ad</strong></span> <span class='ocrx_word' id='word_1_775' title='bbox 3338 5306 3591 5359; x_wconf 85' lang='lat' dir='ltr'><strong>veritatis</strong></span> 
     </span>
    </p>
   </div>
   <div class='ocr_carea' id='block_1_110' title="bbox 2010 5396 3591 5468">
    <p class='ocr_par' dir='ltr' id='par_1_110' title="bbox 2010 5396 3591 5468">
     <span class='ocr_line' id='line_1_110' title="bbox 2010 5396 3591 5468; baseline -0.001 -18"><span class='ocrx_word' id='word_1_776' title='bbox 2010 5398 2474 5468; x_wconf 75' lang='lat' dir='ltr'><strong>recognitionem:</strong></span> <span class='ocrx_word' id='word_1_777' title='bbox 2526 5396 2824 5453; x_wconf 87' lang='lat' dir='ltr'><strong>iuclinabis</strong></span> <span class='ocrx_word' id='word_1_778' title='bbox 2854 5405 3040 5450; x_wconf 89' lang='lat' dir='ltr'><strong>autem</strong></span> <span class='ocrx_word' id='word_1_779' title='bbox 3087 5410 3208 5452; x_wconf 86' lang='lat' dir='ltr'><strong>eam</strong></span> <span class='ocrx_word' id='word_1_780' title='bbox 3235 5396 3304 5451; x_wconf 90' lang='lat' dir='ltr'><strong>ad</strong></span> <span class='ocrx_word' id='word_1_781' title='bbox 3331 5396 3591 5465; x_wconf 84' lang='lat' dir='ltr'><strong>spiritua-</strong></span> 
     </span>
    </p>
   </div>
   <div class='ocr_carea' id='block_1_111' title="bbox 2008 5486 3594 5560">
    <p class='ocr_par' dir='ltr' id='par_1_111' title="bbox 2008 5486 3594 5560">
     <span class='ocr_line' id='line_1_111' title="bbox 2008 5486 3594 5560; baseline -0.001 -16"><span class='ocrx_word' id='word_1_782' title='bbox 2008 5492 2115 5547; x_wconf 87' lang='lat' dir='ltr'><strong>lem</strong></span> <span class='ocrx_word' id='word_1_783' title='bbox 2149 5489 2465 5545; x_wconf 87' lang='lat' dir='ltr'><strong>doctrinam</strong></span> <span class='ocrx_word' id='word_1_784' title='bbox 2488 5488 2631 5560; x_wconf 84' lang='lat' dir='ltr'><strong>ejus,</strong></span> <span class='ocrx_word' id='word_1_785' title='bbox 2671 5489 2766 5559; x_wconf 87' lang='lat' dir='ltr'><strong>qui</strong></span> <span class='ocrx_word' id='word_1_786' title='bbox 2788 5502 2884 5558; x_wconf 90' lang='lat' dir='ltr'><strong>per</strong></span> <span class='ocrx_word' id='word_1_787' title='bbox 2922 5487 3066 5543; x_wconf 85' lang='lat' dir='ltr'><strong>banc</strong></span> <span class='ocrx_word' id='word_1_788' title='bbox 3097 5486 3242 5545; x_wconf 80' lang='lat' dir='ltr'><strong>illius</strong></span> <span class='ocrx_word' id='word_1_789' title='bbox 3278 5487 3594 5560; x_wconf 84' lang='lat' dir='ltr'><strong>adoptionis</strong></span> 
     </span>
    </p>
   </div>
   <div class='ocr_carea' id='block_1_112' title="bbox 2009 5585 2260 5641">
    <p class='ocr_par' dir='ltr' id='par_1_112' title="bbox 2009 5585 2260 5641">
     <span class='ocr_line' id='line_1_112' title="bbox 2009 5585 2260 5641; baseline -0.008 0"><span class='ocrx_word' id='word_1_790' title='bbox 2009 5585 2115 5641; x_wconf 90' lang='lat' dir='ltr'><strong>erit</strong></span> <span class='ocrx_word' id='word_1_791' title='bbox 2140 5585 2260 5639; x_wconf 87' lang='lat' dir='ltr'><strong>tibi.</strong></span> 
     </span>
    </p>
   </div>
   <div class='ocr_carea' id='block_1_113' title="bbox 2080 5669 3591 5743">
    <p class='ocr_par' dir='ltr' id='par_1_113' title="bbox 2080 5669 3591 5743">
     <span class='ocr_line' id='line_1_113' title="bbox 2080 5669 3591 5743; baseline -0.007 -13"><span class='ocrx_word' id='word_1_792' title='bbox 2080 5675 2242 5730; x_wconf 78' lang='lat' dir='ltr'><strong>Vens.</strong></span> <span class='ocrx_word' id='word_1_793' title='bbox 2283 5675 2334 5728; x_wconf 84' lang='grc'>5.</span> <span class='ocrx_word' id='word_1_794' title='bbox 2374 5673 2435 5729; x_wconf 90' lang='lat' dir='ltr'><strong>Si</strong></span> <span class='ocrx_word' id='word_1_795' title='bbox 2459 5674 2599 5728; x_wconf 79' lang='lat' dir='ltr'><strong>enim</strong></span> <span class='ocrx_word' id='word_1_796' title='bbox 2622 5673 2948 5743; x_wconf 79' lang='lat' dir='ltr'><strong>sapientiam</strong></span> <span class='ocrx_word' id='word_1_797' title='bbox 2981 5671 3346 5732; x_wconf 76' lang='lat' dir='ltr'><strong>invocaveris,</strong></span> <span class='ocrx_word' id='word_1_798' title='bbox 3390 5678 3441 5723; x_wconf 84' lang='lat' dir='ltr'><strong>et</strong></span> <span class='ocrx_word' id='word_1_799' title='bbox 3506 5669 3591 5720; x_wconf 83' lang='lat' dir='ltr'><strong>in-</strong></span> 
     </span>
    </p>
   </div>
   <div class='ocr_carea' id='block_1_114' title="bbox 2010 5756 3593 5829">
    <p class='ocr_par' dir='ltr' id='par_1_114' title="bbox 2010 5756 3593 5829">
     <span class='ocr_line' id='line_1_114' title="bbox 2010 5756 3593 5829; baseline -0.009 -9"><span class='ocrx_word' id='word_1_800' title='bbox 2010 5764 2290 5821; x_wconf 78' lang='lat' dir='ltr'><strong>clinaveris</strong></span> <span class='ocrx_word' id='word_1_801' title='bbox 2354 5779 2446 5817; x_wconf 83' lang='lat' dir='ltr'><strong>cor</strong></span> <span class='ocrx_word' id='word_1_802' title='bbox 2497 5772 2648 5817; x_wconf 86' lang='lat' dir='ltr'><strong>tuum</strong></span> <span class='ocrx_word' id='word_1_803' title='bbox 2688 5759 3007 5829; x_wconf 66' lang='lat' dir='ltr'><strong>prudentia’,</strong></span> <span class='ocrx_word' id='word_1_804' title='bbox 3070 5767 3121 5813; x_wconf 86' lang='lat' dir='ltr'><strong>et</strong></span> <span class='ocrx_word' id='word_1_805' title='bbox 3190 5756 3593 5828; x_wconf 74' lang='lat' dir='ltr'><strong>intcliigentiam</strong></span> 
     </span>
    </p>
   </div>
   <div class='ocr_carea' id='block_1_115' title="bbox 2012 5847 3592 5930">
    <p class='ocr_par' dir='ltr' id='par_1_115' title="bbox 2012 5847 3592 5930">
     <span class='ocr_line' id='line_1_115' title="bbox 2012 5847 3592 5930; baseline -0.008 -19"><span class='ocrx_word' id='word_1_806' title='bbox 2012 5858 2282 5930; x_wconf 71' lang='lat' dir='ltr'><strong>qna&#39;sirris</strong></span> <span class='ocrx_word' id='word_1_807' title='bbox 2320 5870 2510 5927; x_wconf 78' lang='lat' dir='ltr'><strong>magna</strong></span> <span class='ocrx_word' id='word_1_808' title='bbox 2578 5869 2710 5911; x_wconf 79' lang='lat' dir='ltr'><strong>voce.</strong></span> <span class='ocrx_word' id='word_1_809' title='bbox 2754 5851 2810 5908; x_wconf 89' lang='lat' dir='ltr'><strong>Si</strong></span> <span class='ocrx_word' id='word_1_810' title='bbox 2857 5852 3002 5907; x_wconf 84' lang='lat' dir='ltr'><strong>enim</strong></span> <span class='ocrx_word' id='word_1_811' title='bbox 3052 5849 3235 5918; x_wconf 77' lang='lat' dir='ltr'><strong>allco,</strong></span> <span class='ocrx_word' id='word_1_812' title='bbox 3278 5847 3592 5917; x_wconf 77' lang='lat' dir='ltr'><strong>illam,qu:c</strong></span> 
     </span>
    </p>
   </div>
  </div>
