3958 6412
437 408 570 473 11335

1770 419 2089 481 PROCOPI
2101 422 2123 480 l
2159 422 2300 482 GAZ
2313 423 2403 483 ,ΕΙ

3582 431 3606 495 1
3620 434 3740 497 2.16

431 523 716 577 stultitiam
766 523 1034 588 destruit,
1083 524 1402 594 spirituales
1456 545 1585 585 vero
1651 531 1705 585 in
1754 534 2004 587 mandata

2118 536 2214 605 τὴν
2240 538 2430 600 ἀνοίας
2466 538 2565 609 μὲν
2600 539 2973 611 ἀναιρετικὴν,
2999 540 3104 593 τῶν
3131 541 3188 593 δὲ
3217 544 3275 596 ὲν
3310 545 3432 607 ταῖς
3461 546 3739 613 ἐντολαῖς

420 631 707 673 sermones
741 632 837 687 per
871 618 1136 688 analysim
1179 620 1421 683 resolvit,
1460 632 1513 674 et
1534 623 1660 677 dein
1686 624 1751 677 ad
1777 639 1999 680 causam

423 712 662 775 reducit,
696 711 983 779 quaesieris
1042 711 1396 780 sapientiam,
1448 728 1544 782 per
1610 730 1799 783 quam.
1854 717 2002 771 circa

424 818 584 858 veros
615 803 668 858 in
689 803 801 858 Deo
843 818 1131 858 sermones
1162 818 1347 859 rcrmn
1381 806 1449 861 de
1489 822 1555 861 eo
1585 809 1733 877 quod
1760 810 1889 866 licet
1911 811 2005 866 ho-

426 894 689 961 minibus,
751 895 958 948 indocti
1008 896 1372 950 instruimur:
1423 901 1469 956 si
1531 900 2005 971 prudentiaqua}

425 994 511 1039 est
571 985 821 1039 naturale
879 985 1166 1055 sapientia:
1224 988 1571 1050 exercitium,
1616 989 1835 1046 dederis
1869 991 2004 1047 all‘e-

423 1087 572 1131 ctum
597 1078 794 1131 animae
838 1093 1023 1148 quem,
1049 1088 1109 1133 ut
1131 1074 1351 1143 vocem,
1384 1081 1538 1135 audit
1562 1082 1708 1137 Deus
1732 1101 1746 1136 :
1774 1084 2004 1153 spiritus

423 1169 549 1225 forti
597 1171 969 1240 applicatione
1012 1171 1303 1242 acquirere
1365 1171 1660 1228 festinabis
1712 1173 2005 1229 discretio-

425 1281 570 1329 nem,
607 1280 702 1335 per
737 1279 926 1332 quam,
964 1278 1087 1318 cum
1111 1264 1350 1333 judicio,
1394 1264 1486 1318 Dei
1508 1265 1768 1319 mandata
1810 1281 2005 1334 opera-

425 1370 569 1419 tnus,
597 1361 652 1407 et
698 1354 903 1407 malum
963 1370 997 1408 a
1053 1355 1220 1416 bono,
1254 1363 1315 1407 ut
1373 1362 1585 1408 rectum
1617 1369 1647 1407 a
1673 1370 1778 1408 non
1816 1363 1999 1410 recto:

424 1444 570 1513 quod
598 1447 756 1500 deet-t
817 1460 1047 1500 noscere
1105 1445 1264 1499 abeo
1313 1445 1458 1513 quod
1497 1458 1603 1499 non
1638 1445 1826 1500 decet:
1857 1440 2003 1515 quod

426 1538 561 1592 libet
609 1536 716 1591 diei
778 1537 849 1591 ab
870 1551 936 1591 eo
994 1535 1141 1606 quod
1195 1551 1304 1591 non
1361 1536 1495 1590 libet
1531 1553 1545 1589 :
1578 1537 1723 1605 quod
1752 1538 2006 1605 amplecti

426 1636 667 1698 oportet,
695 1627 764 1682 ab
812 1642 878 1682 eo
936 1628 1085 1698 quod
1122 1642 1230 1680 non
1280 1636 1530 1697 oportet:
1562 1628 1920 1697 corruptibile
1938 1629 2009 1685 ab

427 1717 839 1787 incorruptibili
868 1717 1230 1772 secernimus.

2110 630 2651 701 πνευματικωτέρων
2681 632 2855 699 λόγων
2886 632 3270 701 ἀναληπτικήν
3299 652 3359 688 τε
3390 637 3491 690 καὶ
3518 638 3734 694 ἑνωτιο

2107 721 2209 789 κήν
2237 722 2375 791 πρὸς
2418 722 2515 790 τὴν
2545 723 2725 776 αἰτίαν
2760 724 2974 792 σοφίαν,
3004 725 3128 777 καθ’
3149 729 3216 798 ῆν
3245 727 3551 795 ἀγνώστως
3584 733 3731 795 τοὺς

2105 814 2162 866 ὲν
2194 812 2314 883 Θεῷ
2354 814 2560 876 ἁπλοῦς
2591 814 2699 867 τῶν
2729 815 2896 869 ὄντων
2923 816 3118 885 λόγους
3169 819 3314 872 κατὰ
3370 821 3431 872 τὸ
3483 823 3727 891 θεμιτὸν

2106 902 2437 971 ἀνθρώποις,
2465 904 2748 974 μυούμεθα
2767 923 2781 939 ⁸
2812 907 2906 960 καὶ
2934 911 2999 978 τῇ
3029 909 3264 974 συνέσει,
3285 911 3320 980 ἦ
3354 914 3477 966 ἐστι
3512 915 3724 982 σοφίας

2106 991 2414 1054 ἐνδιάθετος
2449 992 2646 1062 μελέτη
2670 1034 2684 1055 ,
2723 994 2895 1064 αὐτὴν
2926 998 3219 1068 παράσχῃς
3248 1001 3347 1070 τὴν
3394 1002 3500 1070 τῆς
3527 1003 3721 1073 ψυχῆς

2108 1099 2201 1135 σου
2230 1083 2491 1146 διάθεσιν,
2518 1077 2585 1153 ἧς
2614 1079 2704 1138 οἷα
2739 1087 2922 1157 φωνῆς
2951 1088 3140 1142 ἀκούει
3168 1090 3303 1154 Θεός
3326 1108 3340 1124 ο
3372 1093 3478 1163 τὴν
3502 1093 3565 1146 δὲ
3594 1094 3708 1148 διάι

2106 1188 2308 1243 κρισιν,
2344 1174 2468 1228 καθ’
2491 1174 2559 1245 ἢν
2592 1175 2688 1227 σὺν
2734 1175 2879 1244 λόγῳ
2935 1176 3031 1240 τὰς
3076 1176 3231 1241 θείας
3274 1182 3604 1251 πράττομεν
3634 1184 3715 1235 ὲν-

2105 1264 2286 1329 τολάς,
2319 1264 2536 1318 καὶτοῦ
2583 1265 2789 1332 ἀγαθοῦ
2824 1268 3160 1333 πενταδικῶς
3189 1270 3250 1323 τὸ
3291 1273 3466 1324 κακὸν
3496 1272 3721 1344 διακρξ·

2105 1370 2289 1423 νομεν.
2320 1354 2397 1416 ὼς
2427 1354 2534 1406 ἀπὸ
2567 1356 2641 1424 μὴ
2673 1355 2953 1425 ἠργμένον
2984 1358 3261 1426 ἠργμένον
3282 1374 3297 1390 ’
3333 1362 3429 1414 καὶ
3461 1362 3720 1428 ὀφεῖλον·

2107 1462 2198 1508 τος
2241 1445 2501 1509 νοεῖσθαι,
2539 1445 2614 1516 μὴ
2664 1446 2878 1514 ὀφεῖλον
2927 1449 3203 1501 νοεῖσθαι*
3239 1451 3335 1503 καὶ
3388 1451 3718 1520 ὀφείλοντος

2107 1536 2419 1603 λαλεῖσθαι,
2455 1539 2529 1607 μὴ
2567 1537 2782 1606 ὀφεῖλον
2809 1538 3089 1593 λαλεῖσθαι
3109 1559 3121 1571 ·
3156 1542 3252 1596 καὶ
3274 1543 3596 1612 ὀφείλοντος
3629 1545 3719 1611 γῖ-

2109 1630 2319 1691 νεσθαι,
2344 1631 2419 1701 μὴ
2444 1614 2659 1698 ὀξεῖὶρν
2685 1631 2934 1699 γίνεσθαι
2955 1648 2970 1663 ο
3003 1634 3102 1686 καὶ
3125 1632 3409 1704 ἀφθάρτου
3434 1634 3715 1705 φθαρτὸν,

2109 1724 2515 1795 ἐπικτήσασθαι
2578 1726 2840 1790 σπεύσεις
2888 1725 3070 1797 ψυχῆς
3116 1725 3276 1792 αὖθις
3325 1728 3723 1801 ὲπιτεταμένῃ

2109 1815 2368 1873 διαθέσει.

496 1913 664 1968 Vsus.
690 1914 745 1970 4.
781 1914 841 1968 Si
873 1913 1146 1983 quasieris
1161 1929 1279 1968 eam
1302 1915 1458 1985 quasi
1476 1914 1843 1983 pecuniam,et
1869 1913 2004 1967 sicut

2181 1906 2245 1962 δ’.
2286 1906 2396 1962 Kal
2436 1906 2546 1962 ἐὰν
2587 1906 2850 1976 (vniam
2887 1907 3087 1976 αὐτὴν
3128 1910 3211 1976 ὡς
3250 1910 3561 1981 ἀργύριον,
3610 1912 3719 1964 καὶ

428 2007 705 2062 thesauros
752 2008 1002 2075 e/foderis
1053 2024 1193 2062 eam.
1246 2007 1301 2062 Si
1349 2023 1480 2063 vero
1527 2008 1583 2062 in
1637 2008 2006 2078 praxi,ltujns

426 2097 783 2152 discretionis
816 2099 1116 2168 puritatem
1143 2108 1198 2153 et
1240 2099 1577 2163 castitatem,
1619 2108 1677 2152 ut
1719 2106 2005 2169 argentum

424 2189 734 2257 quaesieris,
761 2199 816 2244 et
854 2188 1546 2259 meditationeinquisieris
1574 2188 2006 2259 profunditatem

426 2282 576 2337 illius
623 2282 967 2346 divitiarum,
1025 2294 1086 2337 ut
1132 2282 1403 2352 quosdam
1458 2281 1750 2337 thesauros
1772 2281 2009 2337 abscon-

425 2374 592 2429 dites.

498 2465 665 2521 Vsus.
725 2465 779 2521 5.
835 2464 985 2520 Tunc
1040 2466 1306 2535 intelliges
1364 2466 1609 2520 timorem
1664 2450 1901 2525 Domini,
1956 2470 2007 2516 et

420 2556 706 2610 scientiam
743 2556 838 2610 Dei
870 2558 1130 2611 invenies.
1167 2555 1322 2612 Tune
1370 2556 1646 2625 intelliges
1682 2570 1712 2608 a
1755 2561 2010 2624 peccato-

426 2664 547 2701 rum
574 2648 740 2703 sorde
768 2649 1150 2718 purilicantem
1190 2648 1284 2702 Dei
1321 2648 1600 2708 timorem,
1632 2654 1687 2700 et
1708 2644 2006 2701 abscondi-

426 2749 512 2794 tas
534 2741 735 2794 divinae
787 2741 1039 2796 scientiae
1092 2739 1320 2796 divitias
1362 2739 1651 2794 invenies:
1683 2753 1748 2792 ex
1781 2736 2004 2807 quibus,

424 2832 479 2886 in
511 2833 693 2886 anima
729 2834 915 2887 omnia
939 2833 1081 2887 bona
1119 2831 1595 2901 superabundant.

498 2921 669 2976 Vens.
731 2919 787 2976 6.
840 2920 984 2986 Quia
1042 2920 1302 2975 Dominus
1354 2920 1447 2974 dat
1480 2919 1822 2988 sapientiam.
1868 2915 2009 2983 Quia

426 3011 598 3080 Deus,
635 3014 882 3069 omnium
928 3011 1217 3081 Dominus,
1271 3012 1443 3067 donat
1520 3011 1875 3080 sapientiam,
1923 3008 2011 3063 his

429 3105 525 3173 qui
555 3104 769 3159 ardenti
828 3104 1109 3159 desiderio
1159 3103 1215 3158 in
1277 3103 1426 3157 illam
1466 3102 1742 3166 feruntur,
1776 3116 1900 3172 quae
1925 3108 2011 3156 est

425 3195 763 3251 sanctissimi
785 3195 1028 3266 Spiritus
1049 3195 1381 3251 charismata
1404 3196 1587 3250 omnia
1612 3193 1920 3263 perﬁciam.

498 3286 570 3341 Et
603 3303 670 3342 ea:
703 3305 795 3342 ore
821 3289 936 3357 ejus
971 3289 1195 3343 scientia
1243 3298 1292 3342 et
1325 3288 1629 3356 prudentia.
1676 3286 1750 3342 lis
1796 3294 2002 3350 autem,

424 3381 521 3452 qui
546 3380 667 3451 ejus
693 3381 1135 3448 similitudinem,
1178 3388 1440 3451 tanquam
1472 3381 1541 3436 ab
1588 3380 1683 3434 illo
1707 3378 2004 3450 adaptatis,

427 3472 635 3536 ferunt,
666 3461 796 3543 quia
844 3472 992 3527 illam
1048 3472 1395 3539 custodiunt,
1418 3473 1584 3528 datur
1619 3472 1873 3535 scientia,
1900 3487 2005 3537 qua

426 3565 739 3636 spiritualis
768 3565 944 3620 nostri
980 3564 1190 3619 inimici
1213 3577 1407 3619 contra
1436 3579 1538 3618 nos
1589 3563 1825 3618 consilia
1854 3565 2010 3617 novi-

427 3672 573 3722 mus,
597 3672 704 3728 qua
754 3658 1142 3711 mandatorum
1190 3671 1499 3719 sermones,
1562 3670 1655 3725 per
1686 3670 1828 3725 quos
1860 3654 2006 3708 modi

428 3750 1164 3814 virtutumconstituuntur,
1214 3749 1596 3820 intelligimus.
1627 3747 1702 3802 Ex
1745 3748 2011 3803 observa-

428 3844 576 3896 tione
609 3856 741 3897 vero
784 3842 1171 3895 mandatorum
1222 3839 1343 3910 ejus
1386 3840 1748 3909 optimorum,
1787 3848 2011 3907 propter

429 3934 854 3989 similitudinem
886 3933 1034 4003 ejus,
1077 3933 1299 3987 advenit
1355 3931 1672 4001 prudentia,
1715 3944 1822 4001 qua
1857 3930 2010 4000 igno~

429 4027 606 4078 t‘antia
629 4025 864 4089 tollitur,
887 4023 1117 4094 ejusque
1139 4025 1280 4084 loco:
1301 4038 1617 4079 sermonum
1639 4032 1695 4079 et
1723 4023 2010 4079 modorum

434 4120 692 4172 virtutem
730 4117 1055 4173 conceditur
1097 4115 1486 4187 intelligentia.

502 4297 670 4354 Vens.
709 4300 762 4356 7.
818 4297 1096 4353 Custodiet
1143 4299 1301 4353 rectis
1347 4300 1599 4354 salutem.
1657 4297 1725 4352 Et
1778 4296 1876 4365 ita,
1910 4312 2012 4368 ope

435 4388 1031 4458 sanctissimispiritus
1053 4390 1477 4455 charismatum,
1523 4390 1831 4460 sapientim,
1878 4406 2010 4461 pru-

433 4480 650 4546 dentiae,
682 4493 735 4535 et
766 4481 1032 4542 scientiae,
1068 4480 1137 4536 iis
1165 4481 1257 4551 qui
1319 4497 1419 4537 nec
1452 4481 1518 4534 ad
1567 4482 1875 4546 dexteram,
1909 4496 2010 4535 nec

2106 2001 2188 2066 ὡς
2221 2001 2532 2069 θησαυρὸν
2555 2000 2971 2071 ἐξερευνήσῃς
2994 2002 3211 2071 αὐτήν.
3252 2004 3363 2055 Καὶ
3396 2003 3495 2056 ἐὰν
3536 2002 3718 2070 ποθή-

2108 2107 2211 2162 σῃς
2236 2091 2296 2142 τὸ
2321 2091 2462 2144 κατὰ
2495 2091 2697 2163 πρᾶξιν
2726 2092 2825 2161 τῆς
2858 2092 3118 2163 τοιαύτης
3145 2093 3480 2164 διακρίσεως
3502 2093 3713 2163 ἀμίαν-

2104 2197 2199 2235 τον
2233 2182 2331 2235 καὶ
2356 2181 2598 2253 καθαρὸν
2628 2182 2704 2248 ὠς
2729 2169 3016 2256 ἀργύριον,
3049 2184 3143 2237 καὶ
3170 2182 3434 2256 ὲξετάσῃς
3463 2185 3529 2237 τὸ
3561 2186 3712 2236 κατά

2106 2275 2344 2347 θεωρίαν
2375 2276 2538 2347 βάθος
2571 2277 2667 2330 τοῦ
2701 2277 3079 2349 πνευματικοῦ
3109 2276 3345 2331 πλούτου
3379 2277 3589 2348 αὐτῆς,
3621 2273 3709 2332 οἷὰ

2105 2384 2260 2430 τινας
2290 2367 2600 2439 θησαυροὺς
2629 2370 3072 2441 κεκρυμμένους.

2177 2466 2241 2513 ε’.
2290 2460 2428 2512 Τότε
2457 2460 2757 2527 συνήσεις
2798 2462 2991 2530 φόϐον
3026 2462 3270 2529 Κυρίου,
3302 2461 3401 2515 καὶ
3440 2462 3703 2531 tier/rru-

2106 2565 2212 2604 σιν
2236 2550 2383 2604 Θεοῦ
2408 2550 2711 2619 εὑρήσεις.
2752 2554 2889 2607 Τότε
2917 2552 3143 2625 μαθήσῃ
3174 2553 3268 2607 τὸν
3292 2553 3707 2624 ὲκκαθαῖροντιι

2110 2643 2312 2706 παντὸς
2344 2644 2520 2713 ῥύπου
2553 2646 2839 2715 ἁμαρτιῶν
2869 2644 3013 2699 θεῖον
3035 2646 3221 2713 φόϐον,
3251 2645 3346 2699 καὶ
3379 2646 3706 2716 καταλάϐῃς

2107 2734 2199 2785 τὸν
2237 2734 2624 2803 κεκρυμμένον
2648 2735 2747 2806 τῆς
2775 2735 2926 2798 θείας
2955 2734 3306 2802 ἐπιγνώσεως
3345 2734 3581 2787 πλοῦτον
3600 2754 3613 2765 ·
3648 2736 3706 2799 ἐξ

2109 2820 2170 2879 οὗ
2206 2826 2323 2878 ἐστι
2361 2829 2427 2897 τῇ
2465 2827 2611 2898 ψυχῇ
2648 2830 2681 2897 ή
2724 2828 2835 2881 τῶν
2872 2827 3096 2895 ἀγαθῶν
3133 2827 3364 2897 ἄφθονος
3396 2827 3666 2898 χορηγία.

2181 2916 2257 2980 ς’.
2285 2916 2403 2970 Ὅτι
2432 2919 2649 2985 Κύριος
2676 2917 2888 2972 δίδωσι
2913 2920 3158 2988 σοφίαν.
3198 2919 3344 2973 Διότι
3367 2920 3397 2971 ὁ
3418 2919 3707 2989 Δεσπότης

2108 3006 2218 3060 τῶν
2244 3007 2383 3061 ὅλων
2412 3008 2565 3074 Θεὸς,
2595 3009 2852 3081 δωρεῖται
2884 3011 2944 3064 τὸ
2969 3009 3300 3064 τελειοποιδν
3332 3010 3581 3081 χάρισμα
3607 3011 3703 3064 τοῦ

2111 3100 2385 3170 παναγίου
2421 3101 2762 3173 Πνεύματος,
2791 3101 2891 3174 τὴν
2922 3104 3137 3173 σοφίαν,
3168 3105 3281 3167 τοῖς
3322 3103 3475 3174 πόθῳ
3516 3105 3707 3157 ἐπιτεο

2112 3192 2334 3265 ταμένῳ
2372 3194 2630 3262 ζητοῦσιν
2668 3197 2866 3266 αὑτήν.

2185 3285 2294 3339 Καὶ
2323 3286 2441 3340 ἀπὸ
2471 3290 2799 3355 προσώπου
2821 3286 3010 3343 αὐτοῦ
3034 3287 3258 3358 γνῶσις
3284 3288 3383 3342 καὶ
3414 3291 3702 3356 σύνεσις.

2108 3379 2219 3433 Καὶ
2246 3380 2360 3441 τοῖς
2388 3378 2640 3432 ἐντεῦθεν
2673 3379 2772 3450 τὴν
2800 3378 2994 3434 τούτου
3026 3381 3233 3439 εἰκόνα.
3261 3380 3336 3446 ὡς
3370 3383 3703 3454 υἱοθετηθείυ

2110 3491 2197 3527 σιν
2231 3474 2401 3544 αὐτῷ,
2432 3477 2757 3546 φορέσασιν,
2794 3477 3034 3549 ὑπάρχει
3065 3480 3130 3532 ὲκ
3159 3478 3258 3549 μὲν
3289 3478 3384 3531 τοῦ
3419 3480 3612 3548 τηρεῖν
3641 3478 3702 3529 τὸ

2108 3568 2232 3621 κατ’
2256 3568 2461 3633 εἰκόνα,
2484 3568 2686 3636 γνῶσις
2707 3587 2721 3602 ο
2755 3569 2858 3640 τῆς
2890 3571 2990 3640 μὲν
3014 3572 3239 3641 ἀγνοίας
3258 3572 3368 3625 τῶν
3388 3570 3514 3625 καθ’
3536 3573 3567 3640 ἡ
3577 3570 3698 3640 μῶν

2110 3661 2401 3730 νοημάτων
2426 3660 2521 3714 τοῦ
2549 3660 2743 3731 νοητοῦ
2774 3661 2933 3730 ἡμῶν
2962 3662 3157 3733 ἐχθροῦ
3186 3663 3511 3733 ἀναιρετικὴ
3532 3680 3547 3693 ·
3588 3664 3701 3715 τῶν

2109 3748 2151 3801 δ’
2176 3750 2235 3803 ἐν
2276 3752 2399 3815 ταῖς
2438 3750 2691 3814 ἐντολαῖς
2735 3751 2933 3820 λόγων,
2965 3753 3089 3806 καθ’
3114 3752 3209 3816 οὓς
3253 3755 3303 3806 οἱ
3350 3754 3543 3823 τρόποι
3587 3755 3701 3807 τῶν

2111 3843 2323 3912 ἀρετῶν
2364 3844 2751 3914 συνεστήκασι,
2784 3843 3159 3913 περιληπτικὴ
3183 3861 3196 3874 ·
3228 3848 3293 3899 ὲκ
3322 3845 3381 3899 δὲ
3410 3844 3505 3898 τοῦ
3531 3845 3699 3916 ἐργά-

2113 3932 2303 3997 ζεσθαι
2333 3932 2457 3986 καθ’
2479 3934 2740 4003 ὁμοίωσιν
2770 3935 2935 3991 αὐτοῦ
2964 3936 3035 3988 τὰ
3064 3934 3360 4005 πανάγαθα
3384 3936 3577 3989 τούτου
3609 3936 3700 3988 θε-

2113 4020 2351 4092 λήματα,
2383 4022 2597 4086 σύνεσις
2616 4040 2632 4055 ο
2666 4024 2767 4093 τῆς
2803 4024 2903 4095 μὲν
2932 4024 3456 4094 ἀνεπιγνωμοσύνης
3479 4026 3700 4095 ἀναιρε-

2113 4113 2263 4185 τικὴ,
2290 4115 2429 4182 πρὸς
2450 4114 2508 4168 δὲ
2532 4116 2661 4178 τοὺς
2689 4116 2880 4185 λόγους
2910 4116 3009 4170 καὶ
3030 4117 3158 4180 τοὺς
3181 4116 3418 4188 τρόπους
3440 4117 3545 4170 τῶν
3569 4118 3701 4188 ἀρε-

2112 4205 2223 4260 τῶν
2252 4210 2674 4279 μεταποιητική.

2186 4298 2254 4363 ζ’.
2294 4299 2405 4354 Kal
2450 4299 2794 4368 θησαυρίζει
2832 4299 2958 4366 τοῖς
2989 4298 3351 4368 κατορθοῦσι
3378 4300 3697 4366 σωτηρίας.

2114 4389 2225 4443 Καὶ⁵
2252 4390 2683 4459 τοιουτοτρόπως
2705 4388 3135 4459 ἁποταμιεύεται
3163 4389 3192 4441 ὁ
3223 4388 3446 4459 Κύριος,
3476 4388 3563 4439 sta
3590 4388 3700 4440 τῶν

2115 4479 2211 4533 τοῦ
2248 4482 2514 4549 παναγίου
2548 4481 2865 4552 Πνεύματος
2903 4480 3264 4552 χαρισμάτων
3288 4522 3303 4546 ,
3334 4482 3436 4548 τῆς
3483 4480 3698 4549 σοφίας,

432 4570 498 4626 ad
538 4571 848 4633 sinistram,
880 4578 1005 4641 post
1032 4571 1362 4640 cupiditates
1409 4588 1529 4641 qua:
1560 4587 1625 4625 ex
1661 4569 1877 4626 defectu
1921 4570 2001 4625 vel

2118 4571 2212 4641 τῆς
2239 4571 2528 4633 συνέσεως,
2556 4571 2650 4625 καὶ
2676 4572 2777 4641 τῆς
2800 4573 3075 4640 γνώσεως,
3098 4574 3212 4634 τοῖς
3235 4571 3361 4642 μήτ’
3383 4573 3464 4634 εἰς
3486 4573 3555 4624 τὰ
3578 4572 3701 4639 ἀρι-

427 4678 495 4717 ex
528 4679 760 4719 excessu
792 4663 1011 4720 virtutis
1064 4667 1345 4725 oriuntur,
1376 4664 1740 4726 tleclittavcre.
1765 4665 2008 4719 servabit

431 4753 702 4811 Dominus
740 4764 999 4810 a-ternam
1060 4758 1396 4822 custodiam,
1453 4773 1645 4812 eorum
1679 4766 1735 4811 et
1765 4757 2004 4810 animam

430 4857 488 4903 ct
520 4847 773 4916 spiritum
807 4857 861 4901 ct
891 4864 1117 4902 carnem
1158 4849 1227 4902 ab
1278 4848 1581 4918 impietate,
1612 4860 1667 4903 et
1697 4848 2007 4919 ignorantia

429 4945 486 4991 et
518 4937 726 4991 malitia
763 4937 1024 4997 liberans.
1248 4943 1253 4947 ’

503 5028 671 5086 Vens.
736 5030 789 5085 8.
831 5028 1077 5099 Proteget
1127 5030 1266 5083 viam
1317 5047 1501 5084 eorum
1553 5030 1644 5100 qui
1700 5028 2007 5084 custodiunt

424 5127 645 5179 semitas
678 5122 1077 5189 ntandatorunt,
1119 5133 1166 5177 et
1215 5123 1355 5176 viam
1388 5123 1692 5176 timentium
1725 5122 1879 5175 illum
1899 5138 2010 5175 ser-

425 5217 585 5271 vabit.
620 5214 686 5269 Et
716 5216 1071 5271 auxiliabitur
1109 5231 1298 5270 carum
1335 5216 1432 5269 vim
1467 5222 1645 5278 rectae,
1673 5215 1799 5284 quia
1841 5215 2011 5266 lirtni-

426 5317 512 5361 ter
575 5309 918 5361 voluntatum
979 5321 1206 5361 suarum
1266 5321 1432 5374 opera
1484 5313 1804 5375 gesserunt,
1837 5315 1890 5357 ct
1924 5305 2008 5358 Itis

425 5394 520 5462 qui
565 5393 713 5447 illum
746 5394 962 5457 timent,
1022 5395 1187 5458 viam,
1255 5395 1320 5446 ad
1359 5409 1419 5448 se
1453 5393 1765 5456 ducentem,
1807 5393 1877 5447 ab
1909 5393 2009 5444 ini-

428 5483 575 5537 mico
597 5483 877 5552 spirituali
913 5494 1084 5536 tutam
1115 5484 1328 5539 t'eddct.

494 5660 667 5717 Vsus.
708 5662 761 5715 9.
802 5661 945 5714 Tunc
985 5662 1247 5732 intelliges
1279 5665 1574 5731 justitiam,
1614 5674 1662 5717 et
1711 5663 1999 5727 judicium,

423 5765 472 5805 et
502 5764 671 5806 rectas
704 5754 867 5820 facies
922 5754 1137 5806 semitas
1203 5754 1386 5807 bonas.
1424 5756 1674 5819 Quando,
1723 5771 1870 5809 meas
1900 5772 2010 5807 cit-

431 5842 767 5903 hortationes
794 5840 1085 5904 audiendo,
1125 5847 1188 5894 ad
1254 5844 1445 5896 horum
1506 5845 1771 5897 [iunctum
1817 5862 2007 5914 pervc-

2118 4660 2285 4732 στερὰ
2322 4660 2447 4732 μήτ’
2471 4663 2553 4723 εἰς
2599 4662 2789 4727 δεξιὰ,
2816 4663 2885 4716 τὰ
2934 4662 3054 4715 κατ’
3076 4662 3311 4732 ἔλλειψιν
3349 4660 3553 4731 δηλαδὴ
3596 4661 3696 4731 τῆς

2113 4754 2347 4823 ἀρετῆς,
2380 4754 2477 4806 καὶ
2511 4753 2583 4806 τὰ
2632 4753 2755 4807 καθ’
2781 4753 3089 4825 ὑπερϐολὴν
3137 4754 3285 4825 πάθη
3333 4755 3694 4815 ἐκκλίνουσιν,

2110 4843 2375 4914 ἀνελλιπῆ
2417 4845 2696 4915 φυλακὴν,
2739 4846 2981 4916 δηλονότι
3014 4846 3157 4899 κατά
3199 4848 3326 4899 νοῦν
3376 4848 3472 4898 καὶ
3518 4846 3697 4918 ψυχὴν

2112 4937 2207 4988 καὶ
2247 4936 2427 5007 σάρκα
2464 4937 2574 4989 ἀπό
2612 4954 2673 4989 τε
2710 4938 2903 5001 ἀθεῖας
2938 4938 3163 5006 ἀγνοίας
3201 4939 3296 4991 καὶ
3334 4938 3551 5002 κακίας.

2180 5034 2251 5099 η’.
2297 5028 2691 5094 ’Υπερασπιεῖ
2715 5029 2784 5082 δὲ
2834 5029 2951 5095 τὴν
3007 5031 3256 5098 πορείαν
3296 5029 3529 5093 αὐτῶν,
3589 5029 3698 5085 τοῦ

2112 5116 2379 5184 φυλάξαι
2413 5116 2592 5182 ὁδοὺς
2622 5116 3052 5186 δικαιωμάτων,
3089 5119 3189 5171 καὶ
3225 5120 3372 5173 ὁδὸν
3401 5120 3695 5174 εὐλαϐου-

2107 5206 2307 5275 μένων
2343 5208 2530 5261 αὐτὸν
2579 5208 2954 5277 διαφυλάξει.
2998 5210 3107 5263 Καὶ
3162 5209 3420 5281 βοηθήσει
3449 5209 3527 5279 τῷ
3576 5211 3696 5265 κατ’

2111 5300 2314 5369 ἀρετὴν
2344 5300 2530 5371 δρόμῳ
2558 5302 2758 5363 αὐτῶν,
2825 5301 2967 5354 ὥστε
2993 5301 3235 5372 τηρῆσαι
3277 5302 3697 5373 ἀπαρεγκλίτως

2109 5392 2210 5453 τὰς
2240 5392 2499 5460 ἐργασίας
2516 5391 2625 5444 τῶν
2658 5392 2830 5460 ἁγίων
2847 5392 3012 5446 αὑτοῦ
3041 5395 3269 5447 ἐντολῶν
3285 5413 3298 5427 ·
3324 5396 3417 5449 καὶ
3436 5396 3534 5467 τὴν
3559 5397 3695 5467 πρὸς

2112 5482 2275 5535 αὐτὸν
2323 5482 2595 5551 φέρουσαν
2633 5483 2751 5535 ὁδὶν
2797 5483 2907 5535 τῶν
2942 5484 3296 5553 φοϐουμένων
3339 5485 3523 5549 αὑτὸν,
3577 5484 3692 5540 δια-

2112 5577 2342 5643 τηρήσει
2398 5574 2849 5627 ἀνεπιϐούλευτον
2888 5592 2965 5643 τε)
3000 5576 3175 5646 νοητῷ
3205 5575 3404 5648 ἐχθρῷ.

2185 5664 2247 5717 θ’.
2291 5665 2426 5718 Τότε
2450 5667 2744 5732 συνήθεις
2791 5668 3190 5734 (“malacia-nr
3224 5670 3319 5721 καὶ
3352 5669 3548 5737 κρῖμα,
3576 5673 3683 5723 sal

2113 5755 2507 5821 κατορθώσεις
2531 5754 2759 5821 πάντας
2775 5757 3290 5825 ἄξονας-ἀγαθούς.
3313 5759 3481 5811 Ὅταν
3496 5761 3551 5813 δὲ
3567 5761 3688 5812 τού-

2114 5866 2219 5900 των
2247 5847 2505 5917 ὲπιτυχὴς
2529 5847 2663 5920 γένῃ
2689 5850 2795 5902 τῶν
2826 5850 3067 5918 ἀγαθῶν,
3101 5852 3126 5902 ὁ
3154 5852 3392 5916 ἀκούσας
3428 5852 3527 5924 τῆς
3555 5852 3686 5924 εμῆς
