3958 6418
353 393 490 458 1237

1372 392 1915 454 ΕΟΜΜΕΝΤΛΒΙΙ
1959 393 2040 452 1N
2076 393 2539 456 PRUVERBlA.

3465 398 3487 459 l
3505 396 3599 459 238

352 514 749 588 παραινέσεως,
781 511 898 568 τότε
931 514 1207 584 ἐπιγνὼσῃ
1238 514 1335 584 τὴν
1369 510 1780 582 ἀπονεμητικὴν
1803 510 1930 562 ἐκά-

2084 511 2187 566 eris
2219 514 2804 582 possessionem,tnnc
2841 514 3114 582 intelliges
3160 514 3329 580 illam,
3366 532 3486 585 qnze
3514 530 3641 569 cm-

348 623 461 676 στῳ
501 605 596 658 τοῦ
624 607 746 659 κατ’
792 606 950 671 ἀξίαν
974 606 1346 675 δικαιοσύνην,
1386 606 1481 658 καὶ
1517 603 1616 674 τὴν
1636 602 1732 654 τοῦ
1762 599 1932 654 καλοῦ

2084 616 2147 655 ue
2215 605 2519 657 secundum
2579 606 2831 659 meritum
2872 607 3087 670 tribuit,
3136 606 3431 678 justitiam,
3478 615 3532 662 et
3572 620 3603 659 a

347 695 754 768 enapéyxhrov
785 696 989 768 κρίσιν,
1020 696 1334 767 πληρώσεις
1360 697 1459 759 τὰς
1510 696 1590 758 εἰς
1626 696 1773 747 ἅπαν
1803 695 1940 762 ἀγα-

2084 706 2185 746 ono
2211 706 2319 747 non
2341 691 2600 748 deﬁciens
2630 695 2929 765 judicium,
2971 705 3026 750 et
3054 695 3146 752 Dei
3170 696 3459 773 mandata,
3504 710 3625 766 qua:

350 785 443 838 θον
475 785 716 855 ἀγούσας
753 786 974 848 ἐντολὰς
997 786 1093 840 τοῦ
1125 787 1285 840 Θεοῦ.

391 1002 394 1004 ν
429 970 479 1017 ι’.
533 963 675 1018 Ἐὰν
702 963 815 1033 γὰρ
854 965 1002 1032 ἔλθῃ
1033 965 1069 1030 ἡ
1110 965 1297 1032 σοφία
1341 966 1427 1028 εἰς
1474 962 1600 1028 σὴν
1645 960 1938 1014 διάνοιαν.

2040 780 2111 835 ad
2138 796 2302 837 omne
2327 783 2531 838 bonum
2564 785 2793 853 ducunt,
2817 786 3096 857 implebis.

2133 959 2415 1014 VansJO.
2471 960 2535 1016 Si
2557 963 2843 1018 intraverit
2886 964 3151 1032 sapientia
3209 979 3301 1017 cor
3356 970 3526 1019 tuum.
3567 962 3628 1019 Si

368 1052 495 1107 Ἐὰν
522 1056 631 1125 γὰρ
663 1055 1046 1125 παραγένηται
1079 1056 1224 1107 κατὰ
1253 1053 1490 1123 θεωρίαν
1516 1057 1549 1123 ἡ
1578 1051 1784 1122 ἀληθὴς
1812 1051 1943 1121 περὶ

2084 1050 2197 1103 niin
2233 1051 2618 1116 meditatione,
2655 1053 2944 1108 intraverit
2988 1052 3043 1107 in
3093 1054 3456 1125 intelligentia
3508 1062 3627 1121 tua,

356 1142 493 1200 Θεοῦ
537 1146 719 1200 ἔννοια
743 1147 824 1209 είς
853 1146 915 1198 τὸ
939 1146 1279 1215 διανοητικόν
1314 1162 1434 1197 σου.

437 1239 505 1292 Ἠ
548 1237 619 1289 δὲ
644 1238 933 1306 αισθησις
969 1236 1044 1305 τῇ
1071 1237 1157 1307 σῇ
1194 1236 1359 1308 ψυχῇ
1388 1238 1548 1303 καλὴ
1593 1231 1749 1289 εἶναι
1796 1233 1948 1305 δόξῃ

439 1328 505 1381 Ἣ
544 1328 602 1382 δὲ
632 1329 928 1400 πενταδικὴ
953 1329 1045 1382 τοῦ
1076 1329 1249 1383 κακοῦ
1303 1328 1597 1398 διάκρισις,
1645 1326 1816 1398 ἀρετή
1849 1317 1948 1376 ’σοι

359 1422 500 1475 κατὰ
527 1422 705 1492 ψυχὴν
734 1423 1056 1493 φανήσεται,
1096 1423 1173 1493 μὴ
1202 1421 1271 1475 δι’
1302 1421 1713 1491 ἀπερίσκεπτον
1742 1432 1951 1487 φαντα-

362 1513 482 1566 σίαν
510 1512 721 1580 ἀλόγως
747 1513 1103 1582 ὲπιθυμοῦντί
1132 1530 1298 1577 τινος.

434 1599 526 1655 ια’.
569 1601 774 1670 Bauli;
817 1602 976 1671 καλὴ
1012 1603 1271 1673 φυλάξει
1318 1618 1413 1658 σε.
1459 1601 1610 1671 Αὕτη
1644 1600 1744 1671 μὲν
1777 1601 1812 1666 ἡ
1842 1598 1953 1652 τῶν

358 1691 706 1761 πραγμάτων
739 1693 937 1765 ἀρίστη
973 1693 1317 1764 περίσκεψις,
1352 1693 1461 1748 ἀπὸ
1493 1692 1681 1763 πάσης
1714 1688 1954 1759 παραλό-
1990 1696 1997 1705 ’

318 1853 329 1860 _
357 1799 458 1852 γου
489 1782 845 1851 περιφυλάξει
874 1801 933 1837 σε
965 1784 1239 1853 πράξεως.

2048 1155 2179 1194 vera
2218 1140 2311 1195 Dei
2346 1142 2600 1197 scientia.

2119 1233 2362 1289 Scientia
2415 1236 2566 1289 cordi
2612 1245 2702 1292 tuo
2725 1238 2949 1306 pulchra
2994 1241 3405 1295 essevirlebitur.
3441 1239 3630 1293 Multi-

2051 1326 2173 1397 plex
2204 1327 2332 1381 mali
2360 1326 2642 1395 discretio,
2676 1330 2853 1386 virtus
2913 1332 3139 1400 spiritus
3200 1332 3479 1385 videbitur
3507 1331 3628 1392 tibi,

2052 1417 2144 1486 qui
2177 1430 2278 1486 per
2307 1416 2717 1493 imprudentem
2753 1421 3252 1475 considerationem
3288 1460 3305 1485 ,
3336 1419 3632 1475 irrationa-

2052 1507 2237 1562 biliter
2272 1509 2408 1562 nulli
2440 1509 2677 1563 invides.

2122 1597 2294 1654 Vens.
2322 1599 2411 1653 ll.
2458 1597 2756 1655 Consilium
2784 1599 2977 1654 bonum
3010 1601 3267 1655 custodiet
3297 1610 3365 1654 te.
3393 1600 3514 1669 Ipsa
3548 1615 3632 1653 rc-

2054 1706 2177 1745 rum
2203 1691 2412 1760 optima
2442 1691 2662 1758 notitia,
2704 1691 2775 1745 ab
2806 1692 2956 1747 onmi
2996 1700 3121 1747 actu
3167 1705 3425 1763 perverso
3446 1698 3633 1745 custo-

2057 1783 2167 1836 diet
2190 1790 2263 1837 te.
2349 1785 2355 1793 '

435 1847 682 1927 Ἔννοια
707 1873 775 1926 δὲ
805 1875 947 1928 ὁσία
974 1847 1228 1942 τὴρᾶξσέι
1257 1890 1354 1929 σε.
1390 1874 1459 1928 Ἦ
1484 1873 1540 1927 δι
1566 1874 1750 1945 πάσης
1778 1873 1945 1944 ἄλλης

2125 1872 2327 1927 Sancta
2382 1873 2608 1927 scientia
2660 1873 2889 1927 servabit
2936 1883 3004 1928 te.
3061 1871 3203 1928 Vera
3255 1874 3350 1930 Dei
3377 1875 3634 1937 scientia,

358 1963 569 2027 ἑννοίας
602 1965 968 2037 ὑπερκειμένη
1003 1965 1208 2036 ἀληθὴς
1254 1965 1385 2036 περὶ
1423 1964 1559 2017 Θεοῦ
1600 1964 1801 2029 ἔννοια,
1834 1966 1948 2019 δια-

357 2058 592 2128 τηρήσει
620 2073 677 2109 σε
701 2057 810 2111 ἀπὸ
830 2058 1014 2129 πάσης
1036 2058 1246 2121 ἐννοίας
1274 2057 1562 2129 ἀπατηλῆς
1582 2058 1679 2113 καὶ
1704 2058 1944 2113 διασπώ-

360 2165 464 2217 σης
497 2148 605 2200 ἀπὸ
632 2148 791 2203 Θεοῦ.

437 2258 452 2292 ι
461 2240 525 2309 β’.
563 2240 687 2295 ἰνα
708 2242 976 2311 ρύσηταί
996 2257 1071 2297 σε
1098 2241 1218 2296 ἀπὸ
1248 2240 1393 2296 ὀδοῦ
1418 2241 1631 2311 κακῆς.
1656 2243 1843 2307 Ὅπως
1860 2240 1949 2307 ἐξ·

359 2331 564 2385 ελεῖταί
601 2350 660 2386 σε
689 2335 722 2404 ἠ
753 2334 852 2405 μὲν
881 2336 1078 2406 ἀρίστη
1107 2334 1216 2391 τῶν
1250 2336 1593 2406 πραγμάτων
1628 2334 1952 2406 περίσκεψις

361 2424 472 2478 ἀπὸ
507 2425 608 2495 τῆς
638 2427 918 2496 ὲμπαθοῦς
952 2426 1160 2498 βιοτῆς.
1838 2478 1841 2481 ς

436 2518 541 2587 Kal
580 2518 702 2572 ἀπὸ
728 2518 949 2587 ἀνδρὸς
979 2523 1319 2588 λαλοῦντος
1358 2519 1558 2591 μηδὲν
1585 2519 1824 2574 πιστόν.
1887 2518 1953 2572 Ἢ

363 2606 423 2660 δὲ
449 2607 655 2679 ἀληθὴς
705 2612 834 2679 περὶ
869 2609 1005 2663 Θεοῦ
1039 2610 1239 2676 ἔννοια,
1295 2612 1406 2665 ἀπὸ
1431 2610 1525 2664 τοῦ
1570 2608 1954 2673 διαϐάλλοντος

361 2697 463 2769 τὴν
500 2697 778 2769 ἀλήθειαν,
827 2701 921 2753 καὶ
947 2698 1185 2770 διασπᾷν
1216 2700 1626 2771 ἐπιχειροῦντος
1653 2699 1751 2770 τὴν
1774 2698 1955 2769 ψυχήν

366 2806 465 2842 σου
496 2789 605 2842 ἀπὸ
629 2789 725 2841 τοῦ
773 2790 1008 2860 νυμφίου
1047 2791 1217 2860 αὐτῆς
1262 2790 1396 2843 Θεοῦ
1429 2791 1626 2858 Λόγου,
1661 2790 1753 2844 καὶ
1776 2787 1954 2859 ἑαυτῴ

362 2880 737 2951 προσκολλᾷν,
788 2880 1033 2952 φθορέως
1064 2881 1173 2934 τῶν
1211 2882 1499 2951 ἡμετέρων
1542 2880 1729 2949 ψυχῶν
1762 2879 1955 2949 δαίμο-

365 2991 484 3037 νος.

443 3071 534 3133 ιγ’.
568 3066 638 3119 Ὢ
687 3069 741 3121 οἱ
790 3066 1325 3136 ἐγκαταλείποντες
1358 3065 1539 3133 ὀδοὺς
1576 3067 1826 3129 εὐθείας,
1851 3063 1957 3119 τοῦ

367 3158 734 3226 πορευθῆναι
762 3158 831 3211 ἐν
858 3157 1019 3224 ὁδοῖς
1053 3157 1351 3224 σκότους]
1378 3158 1603 3224 Λοιπὸν,
1620 3154 1753 3225 φεῦι
1781 3157 1832 3208 οἱ
1860 3171 1958 3209 κα-

370 3247 800 3318 ταλιμπάνοντες
826 3249 925 3311 τὰς
957 3248 1094 3317 πρὸς
1127 3247 1329 3301 κακίαν
1360 3249 1458 3316 μὲν
1500 3245 1961 3316 ἀπαρεγκλίτους,

374 3341 510 3411 πρὸς
539 3339 672 3393 Θεὸν
700 3340 756 3393 δὲ
787 3340 910 3393 κατ’
936 3340 1140 3409 ἀρετὴν
1161 3338 1433 3409 φερούσας
1464 3339 1635 3400 ὁδοὺς,
1660 3338 1799 3390 ὥστε
1822 3335 1964 3390 ὁδεῦο

377 3449 465 3484 σαι
503 3434 561 3484 ὲν
584 3433 706 3493 ταῖς
730 3430 991 3496 άγούσαις
1022 3431 1103 3491 είς
1150 3430 1433 3498 κρημνοὺς
1466 3428 1682 3490 κακίας,
1733 3429 1828 3481 καὶ
1868 3428 1964 3496 βά-

375 3517 554 3588 ραθρα
584 3516 679 3569 τοῦ
715 3517 939 3580 σκότους
968 3519 1069 3586 τῆς
1097 3517 1319 3584 ἀγνοίας
1341 3517 1504 3580 ὁδοῖς.

449 3608 526 3661 ιδ’.
553 3609 613 3660 Ὢ
636 3609 690 3661 οἱ
720 3608 1177 3681 εὐφραινόμενοι
1203 3607 1302 3660 ἐπὶ
1325 3608 1557 3674 κακοῖς,
1587 3608 1685 3661 καὶ
1718 3609 1962 3677 χαίρον-

374 3714 474 3764 τες
497 3698 596 3753 ἐπὶ
616 3696 951 3768 διαστροφῇ
974 3697 1156 3766 κακῇ]
1172 3699 1300 3752 Φεῦῑ
1324 3701 1373 3752 οἱ
1397 3698 1834 3769 ἐπαγαλλόμενοι
1850 3701 1963 3761 τοῖς

377 3791 579 3859 ἐτέρων
638 3792 853 3854 κακοῖς,
886 3791 980 3844 καὶ
1023 3790 1513 3862 ὲπευφραινὸμενοι
1545 3791 1612 3861 τῇ
1666 3789 1871 3842 τούτων
1898 3792 1965 3842 ὲκ

373 3879 471 3932 τοῦ
513 3878 720 3948 ἀγαθοῦ
748 3880 828 3942 εἰς
859 3879 921 3933 τὸ
948 3879 1194 3933 ἐναντίον
1229 3882 1560 3951 περιτροπῇ.

450 3977 534 4033 ιε’,
571 3969 668 4034 ις’.
701 3966 816 4025 ⁷Ων
843 3973 912 4025 αι
931 3971 1117 4039 τρίϐοι
1149 3971 1422 4033 σκολιοὶ,
1455 3972 1551 4024 καὶ
1571 3971 1878 4040 καμπύλαι
1903 3972 1964 4023 al

373 4062 604 4131 τροχιαὶ
634 4060 852 4128 αὐτῶν,
883 4062 991 4115 τοῦ
1009 4062 1246 4133 μακράν
1288 4077 1364 4117 σε
1396 4061 1648 4132 ποιῆσαι
1673 4062 1791 4117 ἀπὸ
1818 4061 1964 4116 ὀδοῦ

375 4153 631 4218 εὐθείας,
663 4152 761 4206 καὶ
785 4154 1108 4221 ἀλλότριον
1141 4152 1251 4221 τῆς
1305 4153 1544 4220 δικαίας
1575 4152 1834 4223 γνώμης.
1863 4145 1964 4205 ’Ὧν

377 4244 449 4297 τά
472 4261 531 4297 τε
565 4244 973 4316 ἐπιτηδεύματα
1009 4247 1105 4299 καὶ
1146 4247 1204 4299 αἱ
1263 4247 1421 4316 δίκην
1464 4245 1719 4317 τροχῶν,
1774 4244 1838 4298 τὸ
1866 4246 1964 4316 μὲν

376 4336 687 4407 ἀνάρῤοπον
717 4336 811 4389 τοῦ
841 4336 1050 4406 ἀγαθοῦ
1084 4337 1408 4407 φεύγουσαι,
1446 4337 1509 4391 τὸ
1545 4336 1605 4390 δὲ
1644 4336 1967 4407 κατωφερὲς

375 4424 480 4496 τῆς
526 4426 730 4490 κακίας
754 4426 1048 4482 διώκουσαι
1075 4428 1368 4493 διαθέσεις,
1419 4429 1855 4500 διεστραμμέναι
1887 4429 1959 4480 είς

381 4518 503 4571 σίν’
534 4520 611 4582 ὡς
649 4520 1106 4592 ὲπιτεχνωμένων
1149 4521 1402 4593 πόρῤωσε
1427 4521 1652 4592 ποιῆσαι
1699 4522 1798 4591 τῆς
1840 4519 1963 4574 κατ’
2000 4553 2044 4607 D

378 4611 582 4681 ἀρετὴν
608 4611 745 4682 πρὸς
773 4611 907 4664 Θεὸν
969 4611 1250 4683 φερούσης
1278 4613 1497 4676 εὐθείας
1532 4612 1672 4677 ὁδὸν,
1702 4613 1796 4665 καὶ
1815 4611 1969 4676 ξένον

379 4705 733 4757 παντάπασιν
769 4704 1197 4775 ἀπεργάσασθαι
1250 4705 1352 4774 τῆς
1394 4705 1536 4759 κατά
1570 4705 1727 4773 λόγον
1755 4703 1969 4775 διακρι-

380 4793 580 4864 νούσης
619 4795 727 4847 άπὺ
764 4794 858 4849 τοῦ
881 4795 1191 4867 κρείττονος
1215 4796 1278 4849 τὸ
1305 4801 1511 4868 χεῖρον,
1542 4797 1634 4850 καὶ
1661 4796 1973 4865 καταψηφι-

380 4885 619 4959 ζομένης
654 4888 845 4942 τούτου
876 4889 1072 4961 σχολὴν
1095 4888 1336 4960 παντελῆ
1384 4889 1781 4962 προαιρέσεως
1818 4889 1970 4943 ἔνθεν

380 4996 484 5034 τοισ

457 5072 542 5137 ιζ’.
583 5073 700 5139 Υἱὲ,
721 5073 806 5144 μή
832 5089 907 5128 σε
933 5073 1244 5145 καταλάϐῃ
1269 5073 1472 5143 βουλὴ
1522 5074 1699 5142 κακὴ,
1726 5075 1766 5141 ἡ
1817 5075 1969 5129 ἁπο-

379 5167 688 5221 λείπουσα
735 5166 1140 5220 διδασκαλίαν
1174 5169 1494 5234 νεότητος,
1548 5167 1646 5220 καὶ
1677 5165 1973 5232 διαθήκην

383 5259 554 5313 θείαν
592 5257 1062 5327 ἐπιλελησμένη.
1098 5255 1302 5311 Τέκνον
1353 5259 1745 5328 πνευματικὸν,
1797 5256 1971 5326 φεῦγε

380 5351 483 5422 τὴν
564 5349 809 5422 πονηρὰν
865 5351 962 5404 τοῦ
1022 5350 1216 5422 νοητοῦ
1270 5350 1447 5419 ὄφεως
1501 5349 1847 5422 συμὸουλὴν,
1902 5350 1970 5403 δι’

384 5444 711 5514 ἐγκρατείας
743 5444 851 5497 τῶν
902 5444 1097 5515 ἡδέων,
1166 5445 1257 5498 καὶ
1290 5445 1570 5514 ὑπομονῆς
1622 5443 1731 5497 τῶν
1787 5442 1970 5501 θλιϐε-

389 5538 521 5609 ρῶν,
585 5540 660 5610 μή
705 5555 764 5591 σε
796 5538 1124 5608 καταφθάσῃ
1178 5537 1439 5609 ῥᾳθύμως
1503 5537 1634 5607 περὶ
1657 5536 1718 5588 τὸ
1766 5534 1970 5602 ἀγαθὸν

388 5630 760 5701 διακείμενονο
807 5632 927 5700 ἣτις
964 5630 1243 5701 συμϐουλὴ
1292 5630 1486 5685 ἔπεισε
1519 5630 1611 5684 τὸν
1640 5628 1968 5699 πρωτόπλα-

392 5736 515 5773 στον
548 5721 867 5775 καταλιπεῖν
901 5723 1001 5793 τὴν
1027 5721 1103 5784 ὡς
1137 5719 1217 5773 ἔτι
1253 5721 1492 5786 νεάζοντι
1520 5720 1618 5792 τὴν
1660 5737 1967 5790 πνευματι-

394 5812 492 5865 κὴν
524 5813 771 5882 ἡλικίαν,
806 5813 1050 5868 δοθεῖσαν
1085 5813 1231 5882 αὐτῷ
1264 5813 1414 5867 θείαν
1460 5814 1698 5881 ἐντολὴν,
1729 5815 1822 5868 καὶ
1850 5816 1968 5869 ἐπι-

2054 1980 2272 2020 omnem
2329 1967 2490 2019 aliam
2527 1968 2813 2020 scientiam
2848 1965 3284 2033 transcenderis,
3317 1967 3557 2021 servabit
3582 1973 3638 2021 te

2056 2066 2126 2121 ab
2153 2067 2303 2121 omni
2335 2065 2569 2120 scientia
2600 2064 2784 2120 fallaci
2808 2080 2931 2136 quas
2960 2080 2990 2119 a
3021 2063 3133 2120 Deo
3167 2064 3385 2121 avertit.

2134 2246 2301 2303 Vens.
2334 2247 2422 2301 12.
2487 2244 2555 2301 Ut
2595 2247 2810 2301 eruaris
2852 2262 2886 2299 a
2930 2245 3015 2300 uia
3043 2245 3211 2300 mala.
3237 2243 3313 2299 Ut
3342 2257 3374 2299 a
3402 2242 3490 2298 via
3521 2249 3633 2297 tur-

2058 2339 2185 2393 bata
2227 2346 2387 2393 eruat
2423 2345 2494 2403 te,
2524 2337 2731 2408 optima
2757 2350 2942 2390 rerum
2986 2336 3204 2390 notitia.

2112 2510 2206 2571 'Et
2234 2515 2301 2569 ab
2332 2550 2335 2551 ν
2364 2517 2573 2569 homine
2621 2516 2712 2585 qui
2751 2531 2999 2586 peruersa
3056 2514 3309 2586 loquitur.
3346 2510 3487 2567 Vera
3544 2510 3640 2564 Dei

2064 2606 2319 2665 scientia,
2341 2621 2369 2658 a
2386 2605 2606 2659 diabolo
2629 2606 2933 2658 animarum
2958 2613 3275 2659 nostrarum
3295 2608 3639 2670 corruptore,

2062 2697 2155 2767 qni
2213 2697 2429 2750 veritati
2466 2695 2695 2759 invidet,
2723 2703 2778 2749 et
2820 2695 3062 2749 animam
3116 2701 3263 2748 tuam
3296 2707 3329 2747 a
3383 2705 3643 2748 sermone

2063 2790 2161 2844 Dei
2194 2790 2312 2855 ejus
2343 2791 2530 2859 sponsi
2554 2791 2788 2846 avellere
2820 2797 3053 2844 conatur
3083 2797 3136 2845 et
3154 2788 3261 2844 sibi
3286 2787 3389 2858 ipsi
3418 2785 3646 2857 alligare

2065 2881 2143 2951 (te
2175 2882 2473 2953 liberabit).

2139 3055 2306 3110 Vens.
2343 3056 2429 3113 15.
2465 3055 2571 3122 Qui
2635 3056 2939 3126 relinquunt
2992 3056 3335 3118 iterrectum,
3389 3048 3652 3106 etambtt-

2072 3148 2186 3201 lunt
2214 3163 2306 3216 per
2337 3151 2448 3203 vias
2482 3150 2810 3203 tenebrosus.
2853 3148 3082 3215 Deinde,
3122 3147 3363 3217 lieu,qui
3393 3145 3515 3200 vias
3538 3157 3651 3198 non

2072 3242 2139 3297 ad
2170 3244 2457 3307 malitiam,
2521 3244 2617 3297 sed
2654 3244 2720 3296 ad
2762 3243 2930 3298 Deum
2957 3258 3052 3313 per
3096 3242 3356 3297 virtutem
3392 3238 3652 3302 ferentes,

2074 3334 2415 3401 relinquunt,
2455 3341 2515 3389 ut
2546 3333 2675 3398 viis,
2704 3347 2828 3404 quae
2860 3333 2914 3387 in
2950 3331 3309 3402 praecipitium
3345 3328 3568 3383 malitia:
3597 3334 3655 3383 et

2073 3426 2333 3496 abyssum
2388 3428 2739 3482 tenebrarum
2773 3426 3095 3496 ignorantiae
3185 3423 3413 3495 pellant,
3464 3419 3657 3474 ambu-

2148 3609 2312 3662 \'sns.
2372 3608 2461 3662 M.
2524 3608 2632 3674 Qui
2670 3608 2927 3663 laztantur
2981 3623 3103 3662 cum
3144 3606 3284 3661 male
3311 3605 3549 3676 fecerint.
3602 3612 3653 3657 et

2069 3699 2343 3754 exsultant
2366 3694 2425 3754 in
2467 3702 2620 3755 rebus
2643 3701 2912 3769 pessimis.
2961 3701 3088 3767 Qui,
3119 3700 3278 3754 eheu!
3311 3699 3568 3753 lattatitur
3597 3697 3654 3752 in

2072 3793 2235 3847 malis
2256 3793 2491 3846 aliorum
2527 3832 2544 3857 ,
2598 3804 2655 3848 et
2684 3793 2967 3849 exsultant
3027 3794 3084 3848 in
3124 3806 3318 3847 eorum
3348 3806 3379 3845 ει
3407 3790 3555 3846 bono
3585 3789 3654 3843 ad

2077 3882 2278 3935 malum
2312 3882 2703 3939 conversione.

2144 3971 2340 4027 VansA
2352 3974 2406 4037 5,
2424 3973 2510 4027 16.
2532 3974 2771 4041 Quorum
2787 3973 2884 4027 via!
2899 3989 3154 4043 perversw
3175 3980 3321 4036 sunt,
3336 3980 3382 4025 et
3403 3978 3656 4024 tortuosa:

2072 4068 2274 4121 remitte
2303 4082 2510 4132 eorum,
2547 4075 2608 4119 ut
2665 4077 2714 4119 te
2745 4074 2987 4120 avertant
3015 4082 3047 4119 a
3080 4067 3164 4119 ria
3180 4074 3348 4127 recta,
3372 4073 3420 4117 et
3453 4073 3502 4117 te
3533 4062 3655 4115 alie-

2072 4174 2199 4212 num
2264 4158 2504 4228 faciant_
2536 4176 2569 4213 a
2627 4168 2775 4214 recta
2827 4160 3042 4214 notitia.
3101 4158 3349 4225 Quorum
3397 4171 3579 4211 mores
3602 4166 3659 4209 et

2072 4248 2320 4317 aﬂ‘ectus,
2349 4259 2609 4321 tanquam
2633 4250 2865 4318 semitae,
2902 4265 3175 4305 summum
3211 4251 3412 4305 bonum
3440 4249 3658 4318 fugient»

2074 4353 2180 4407 tes,
2220 4351 2675 4414 quaerentesque.
2722 4342 3061 4413 profundum
3124 4343 3371 4405 malitiae,
3415 4341 3659 4412 perversi

2078 4430 2214 4486 facti
2239 4439 2406 4487 sunt:
2440 4434 2535 4502 qui
2595 4442 2649 4487 te
2701 4442 2955 4488 avertere
2999 4444 3275 4487 conantur
3306 4433 3445 4485 avia
3485 4441 3657 4498 recta,
3738 4440 3747 4453 '

2072 4540 2198 4595 quae
2218 4541 2317 4595 per
2366 4526 2631 4579 virtutem
2689 4526 2758 4579 ad
2793 4525 2964 4580 Deum
3012 4504 3188 4591 ducit,
3237 4531 3292 4579 et
3330 4532 3384 4577 te
3411 4524 3658 4578 alienum

2075 4616 2307 4672 reddere
2328 4616 2400 4670 ab
2434 4616 2528 4670 illo
2561 4614 2775 4686 judicio
2804 4617 2949 4684 quod
3000 4612 3303 4669 secundum
3334 4613 3661 4669 rationema

2073 4710 2222 4764 bono
2243 4709 2450 4762 malum
2484 4707 2771 4773 discernit,
2826 4715 2883 4761 et
2938 4707 3112 4777 bujus‘
3158 4706 3404 4763 studium
3431 4704 3658 4762 omnino

2074 4805 2323 4856 damnat.
2356 4799 2516 4857 Unde
2536 4800 2812 4870 sequitur.
3492 4799 3501 4809 '

2140 5068 2307 5122 Vens.
2343 5067 2433 5122 l7.
2475 5065 2611 5133 Fili,
2645 5083 2710 5122 ne
2750 5076 2809 5121 te
2855 5066 3232 5121 circumueniat
3254 5064 3456 5119 malum
3478 5067 3660 5119 consi—

2073 5166 2226 5227 lium,
2267 5160 2407 5230 quod
2460 5160 2765 5214 doctrinam
2829 5158 3203 5214 adolescentia:
3272 5157 3550 5227 relinquit,
3608 5164 3661 5211 et

2073 5266 2288 5326 par-tum
2314 5254 2555 5309 divinum
2611 5253 2964 5308 obliviscitur.
3027 5252 3141 5307 Fili’
3166 5249 3497 5322 spiritualis,
3532 5249 3662 5321 fuge

2075 5347 2387 5417 spiritualis
2424 5343 2700 5414 serpentis
2756 5344 2963 5399 malum
3021 5343 3339 5408 consilium,
3376 5343 3661 5398 vincendo

2073 5440 2441 5509 cupiditates,
2505 5437 3005 5507 tribulationesqne
3068 5435 3400 5492 sustinendo
3451 5455 3467 5492 :
3507 5452 3575 5492 ne
3606 5444 3662 5490 te

2072 5534 2316 5588 molliter
2373 5547 2535 5603 geras
2583 5532 2731 5587 circa
2756 5532 2958 5586 bonum
3010 5529 3157 5600 quod
3194 5539 3303 5584 ate
3332 5531 3656 5601 requirunt:

2075 5624 2222 5694 quod
2263 5625 2561 5681 consilium
2626 5624 2851 5694 irrepsit
2894 5624 2948 5679 in
3001 5622 3420 5694 prot0plastum,
3456 5630 3513 5675 ut
3573 5636 3660 5675 re-

2074 5722 2348 5789 linqueret
2384 5717 2623 5772 divinant
2646 5718 3005 5784 voluntatem,
3034 5731 3156 5787 qua:
3192 5716 3241 5770 ei
3274 5724 3333 5769 ut
3367 5714 3512 5769 eirea
3542 5721 3659 5782 spi-

2075 5813 2298 5870 ritualia
2326 5812 2555 5880 parvulo
2572 5812 2694 5870 data
2728 5811 2907 5868 fuerat
2942 5819 2996 5867 et
3028 5819 3086 5865 ut
3110 5809 3424 5878 loqueretur
3450 5809 3645 5863 incon-
