3958 6400
216 424 372 493 1241

1297 422 1837 486 COMMENTARII
1872 424 1954 485 IN
1998 427 2454 491 PROVERBIA.

3365 429 3502 493 1'23?

208 544 322 613 τὴν
364 538 667 613 μέλλουσαν
717 539 1174 610 μισθαποδοσίαν,
1206 538 1274 591 τὰ
1320 539 1555 610 ὁδυνηρᾶ
1606 537 1809 607 {moui-

1932 541 2040 596 1em
2077 542 2295 599 labores
2328 544 2736 611 sustinuerunt,
2765 544 2861 600 sed
2892 544 2960 599 ab
2989 558 3177 598 amore
3209 551 3262 597 et
3297 547 3500 598 auxilio

213 652 336 688 νειν
363 651 380 667 ο
437 633 575 687 ἀλλὰ
606 632 966 701 μεταπίπτειν
994 629 1102 684 ἀπὸ
1128 628 1220 683 τοῦ
1251 630 1320 683 δι’
1334 630 1555 700 ἀγάπην
1578 629 1669 682 τὸν
1688 628 1816 699 πλη-

215 727 343 778 σίον
376 726 723 796 εὐεργετεῖν,
774 724 911 795 πρὸς
952 723 1011 777 τὸ
1043 722 1131 777 διὰ
1165 725 1321 794 μῖσος
1370 722 1560 776 τοῦτον
1604 720 1818 776 ἁντιλυ·

215 817 373 868 πεῖν.
396 859 402 863 .

285 908 359 958 Οἱ
388 904 458 957 δὲ
504 904 835 973 παράνομοι
866 903 1322 971 ἐξωσθήσονται
1354 903 1455 959 ἀπ’
1508 901 1719 971 αὐτῆς.
1750 904 1814 956 Ul

217 995 485 1049 ἐντεῦθεν
523 996 594 1049 τὰ
641 997 760 1050 θεῖα
783 997 1185 1068 προστάγματα
1205 994 1629 1066 παρασαίνοντες
1652 1035 1665 1053 .
1714 993 1816 1063 τῆς

215 1088 337 1141 τῶν
388 1089 614 1161 πραέων
641 1090 1075 1159 ἁπελαθήσονται
1105 1088 1209 1157 γῆς
1234 1104 1248 1118 ·
1281 1087 1315 1158 ἦ
1352 1084 1501 1139 ἐστιν
1523 1084 1815 1155 ἐπιθυμίας

218 1181 323 1234 καὶ
358 1181 534 1251 θυμοῦ
580 1182 852 1252 παντελὴς
908 1179 1043 1252 πρὸς
1077 1181 1147 1233 τά
1203 1179 1357 1251 παρὰ
1406 1177 1570 1248 φύσιν
1624 1179 1816 1249 ἀκινη-

219 1277 342 1331 σία.

850 1368 1104 1423 ΚΕΦᾹΛ.
1136 1367 1213 1422 Γ’.

290 1465 364 1513 α’.
411 1460 529 1523 Υἱὲ,
563 1457 722 1528 ἐμῶν
748 1460 1015 1529 νομίμων
1044 1458 1130 1528 μὴ
1173 1456 1613 1512 ἐπιλανθάνου.
1650 1457 1721 1510 Σὺ
1757 1456 1815 1509 δὲ

215 1550 421 1604 τέκνον
457 1551 844 1619 πνευματικὸν,
900 1552 1010 1604 τῶν
1040 1551 1457 1621 προτρεπόντων
1484 1568 1543 1603 σε
1573 1550 1658 1617 ἐφ’
1680 1548 1715 1603 ἃ
1737 1548 1818 1601 δεῖ

214 1644 428 1705 ποιεῖν,
454 1643 549 1695 καὶ
579 1643 999 1713 ἀποτρεπόντων
1026 1643 1119 1711 ἀφ’
1144 1636 1219 1695 ὧν
1243 1643 1324 1695 δεῖ
1345 1643 1420 1712 μὴ
1450 1643 1642 1703 ποιεῖν,
1665 1640 1815 1712 ἐμῶν

214 1737 732 1806 παραγγελμάτων,
758 1735 881 1789 καθ’
916 1736 1030 1801 ἕξιν
1059 1734 1386 1806 μνημόνευε.

1919 632 2156 701 proximi
2219 632 2557 702 defecerunt,
2611 644 2669 690 ιιι
2721 652 2845 691 eum
2889 642 3110 705 propter
3135 634 3321 690 odium
3358 634 3498 689 allii-

1918 731 2128 794 gerent.

1990 903 2097 971 Qui
2132 904 2305 974 inique
2334 914 2499 973 agunt
2552 907 2863 976 auferentur
2911 906 2977 960 ab
3018 922 3100 960 ea.
3134 905 3361 961 Deinde.
3404 906 3497 969 qui

1920 996 2172 1051 mandata
2204 997 2293 1049 Dei
2361 996 2691 1066 despiciunt.
2730 1013 2760 1051 a
2808 1008 2959 1053 terra
3006 999 3270 1052 ltnlmrttln
3305 998 3497 1051 exclu-

1917 1086 2139 1151 dentur,
2198 1103 2319 1155 qua:
2350 1096 2435 1141 est
2471 1090 2932 1157 concupiscentire
2979 1098 3032 1144 et.
3064 1090 3156 1144 ira:
3184 1090 3252 1143 ab
3290 1091 3358 1144 iis
3376 1105 3499 1159 qua:

1918 1182 2047 1229 sunt
2081 1182 2312 1240 naturae,
2346 1176 2582 1243 perlecta
2624 1179 2862 1233 aversio.

2571 1355 2725 1413 CAP.
2760 1356 2847 1411 Ill.

1993 1445 2153 1502 Vens.
2204 1448 2254 1503 l.
2298 1445 2409 1501 Fili
2438 1448 2530 1514 mi,
2582 1464 2644 1501 ne
2677 1447 3010 1500 obliviscaris
3045 1446 3170 1513 legis
3234 1463 3379 1501 metu.
3413 1445 3495 1520 Tn

1915 1554 2068 1605 vero,
2100 1539 2173 1592 tili
2206 1538 2535 1609 spiritualis,
2566 1548 2841 1593 nwmento
2868 1538 3167 1593 secundum
3203 1538 3348 1608 quod
3385 1548 3499 1592 sta-

1916 1637 2091 1683 tutum
2117 1639 2222 1693 est,
2254 1645 2499 1685 mearum
2527 1631 2999 1694 exltoi'tationnm,
3035 1645 3155 1698 qua:
3204 1640 3253 1684 te
3310 1629 3378 1683 ad
3433 1646 3498 1683 ea

1915 1738 2037 1790 quae
2102 1721 2309 1791 agenda
2372 1728 2520 1785 sunt,
2554 1721 2864 1791 impellunt,
2904 1730 2959 1776 et
3006 1721 3073 1775 ab
3123 1720 3208 1775 bis
3232 1735 3352 1790 qua:
3387 1734 3496 1773 non

1919 1812 2195 1878 facienda,
2223 1811 2532 1865 retrahunt.

284 1906 370 1961 Τὰ
404 1906 488 1960 δὲ
504 1907 744 1977 ῥήματὰ
764 1926 886 1977 μου
927 1908 1173 1976 rape/tto
1220 1907 1307 1975 σὴ
1359 1904 1593 1974 καρδία.
1627 1902 1709 1957 Τά
1754 1902 1809 1956 δὲ

1986 1906 2057 1960 Et
2095 1916 2356 1976 prwcepta
2410 1923 2525 1959 mea
2571 1921 2664 1960 eor
2720 1915 2867 1959 tuum
2888 1905 3176 1958 custodiat.
3221 1905 3498 1975 Prii-cepta

208 1999 405 2071 μισθὸν
466 2000 566 2069 μέν
606 1999 700 2052 ἐπὶ
721 2003 844 2062 τοῖς
871 1998 1294 2070 κατορθώμασιν
1343 1995 1811 2065 ἐπαγγελλόμενα,

200 2091 495 2163 τιμωρίαν
537 2092 595 2144 δὲ
632 2090 728 2144 ἐπὶ
759 2092 874 2153 τοῖς
907 2090 1302 2160 ἁμαρτήμασιν
1358 2087 1689 2141 ἀπειλοῦντά
1726 2103 1811 2139 σοι

208 2186 320 2254 ἐμά
357 2184 555 2252 λόγια,
585 2186 618 2254 ἡ
659 2184 726 2255 σὴ
756 2185 879 2238 κατ’
918 2183 1203 2253 ἐνέργειαν
1229 2180 1546 2249 φυλαττέτω
1583 2179 1750 2250 ψυχή.

284 2275 355 2346 β’.
391 2274 608 2341 Μῆκος
639 2276 747 2343 γὰρ
778 2274 943 2338 βίου,
975 2272 1074 2326 καὶ
1099 2272 1203 2339 ἐτη
1235 2269 1406 2336 ζωῆς,
1436 2269 1535 2323 καί
1565 2271 1814 2338 είρήνην

214 2365 654 2433 προσθήσουσι
675 2381 793 2418 σοι.
825 2365 1042 2418 Τούτων
1077 2364 1185 2434 γὰρ
1223 2366 1256 2433 ἡ
1289 2362 1412 2416 καθ’
1441 2362 1554 2429 ἕξιν
1595 2363 1809 2432 μνήμη,

215 2461 313 2512 καὶ
347 2461 381 2528 ἡ
430 2456 561 2511 κατ’
593 2457 873 2527 ἐνέργειαν
931 2456 1169 2527 φυλακὴ,
1225 2456 1523 2527 αὐξήσουσι
1576 2455 1676 2523 μέν
1714 2471 1811 2508 σου

114 2542 116 2545 ’
218 2548 318 2619 τὴν
357 2548 584 2618 βιοτήνο
620 2547 712 2600 διὰ
750 2548 847 2617 τῆς
899 2547 1040 2601 κατὰ
1077 2548 1140 2600 τὸ
1174 2548 1350 2619 παρὸν
1394 2546 1654 2615 ἐργασίας
1700 2546 1811 2599 τῶν

217 2640 316 2706 τὴν
344 2637 531 2708 ψυχὴν
565 2639 764 2701 κακίας
821 2636 1281 2691 ἀπαλλαττουσῶν
1339 2636 1498 2689 θείων
1556 2634 1807 2700 ἐντολῶν,

217 2729 356 2801 πρὸς
385 2728 492 2800 τὴν
514 2728 928 2793 διαιωνίξουσαν
957 2726 1295 2799 εὐφροσύνην
1333 2743 1391 2780 σε
1414 2728 1811 2797 περαπέμπου-

218 2836 342 2876 σαιο
369 2821 442 2874 τὰ
482 2820 541 2873 δὲ
576 2819 750 2891 μέτρα
800 2835 884 2873 σοι
933 2821 1033 2889 τῆς
1068 2819 1210 2873 κατὰ
1242 2818 1447 2889 ταύτην
1480 2818 1579 2888 τὴν
1611 2818 1811 2888 πρᾶξιν

217 2912 326 2965 τῶν
352 2912 589 2967 ἐντολῶν
626 2912 1001 2983 πνευματικῆς
1017 2911 1163 2979 ζωῆς
1196 2911 1577 2972 ἀποκτενοῦσι,
1607 2910 1697 2963 διὰ
1710 2912 1810 2980 τῆς

218 3003 641 3074 καθαρευούσης
668 3003 849 3073 πάσης
881 3004 1144 3073 αἰσθητῆς
1178 3001 1478 3070 φαντασίας
1510 3000 1676 3055 eam
1702 3001 1809 3055 τῶν

216 3097 429 3167 νοητῶν
482 3095 740 3165 γνώσεως
801 3096 868 3149 δι’
900 3090 969 3168 ἦς
1018 3093 1386 3163 ἐπαυξήτουσί
1447 3110 1527 3146 σοι
1582 3095 1674 3146 καὶ
1710 3092 1808 3163 τὴν

217 3191 407 3259 πάσης
451 3189 648 3251 κακίας
683 3186 1111 3257 ἀπηλλαγμένην
1163 3187 1443 3255 εἰρηναίαν
1494 3186 1592 3256 τῆς
1629 3184 1807 3256 ψυχῆς
1836 3215 1883 3275 c

217 3282 585 3346 κατάστασιν,
624 3281 690 3349 τῇ
725 3278 821 3331 καὶ
861 3277 963 3347 τῆς
1015 3277 1235 3345 ἀγνοίας
1271 3276 1589 3346 ἀπαλλαγῇ·
1623 3276 1811 3329 λοιπὸν

216 3372 313 3424 καὶ
351 3371 540 3423 αὐτῶν
581 3385 682 3438 μου
737 3365 880 3420 κατὰ
937 3365 1107 3435 μέρος
1158 3365 1268 3417 τῶν
1334 3365 1813 3436 παραγγελμάτων

212 3465 404 3518 ἄκουε.

282 3552 354 3621 γ’.
402 3550 847 3619 Ἐλεημοσύναι
879 3547 978 3602 καὶ
997 3550 1232 3613 πίστεις
1255 3545 1341 3615 μὴ
1364 3546 1814 3600 ἐκλειπέτωσάν

206 3665 303 3701 σε.
347 3645 706 3714 Συμπάθειαι
744 3642 845 3713 μέν
892 3641 1027 3710 πρὸς
1072 3639 1200 3700 τοὺς
1247 3639 1504 3707 ὁμοφυεῖς
1552 3638 1645 3689 ἐπὶ
1692 3638 1810 3699 ταῖς

208 3740 331 3794 κατ’
364 3737 559 3789 αὐτῶν
590 3734 866 3796 άκουσίοις
895 3731 1182 3799 ἐπιφοραῖς
1214 3727 1324 3781 τῶν
1354 3728 1700 3796 πειρασμῶν,
1725 3727 1813 3779 εὐ-

206 3833 457 3886 πείθειαι
488 3829 546 3893 δέ
585 3828 720 3897 πρὸς
747 3826 878 3879 Θεδν
929 3825 1022 3876 ἐπὶ
1049 3824 1172 3884 ταῖς
1226 3819 1391 3873 αὐτοῦ
1432 3819 1695 3886 ἐντολαῖς,
1736 3819 1811 3889 μὴ

212 3924 651 3997 ἀπολιμπανέτω
661 3919 754 3973 τάν
791 3936 869 3972 σε.

289 4018 568 4087 "Apulum
600 4014 667 4066 δὲ
699 4010 886 4075 αὐτὰς
911 4007 1041 4076 περὶ
1065 4004 1155 4072 σῷ
1184 4004 1482 4074 τραχήλῳ.
1510 4004 1811 4074 Ἐκκρέμα.

217 4128 311 4165 σον
339 4108 397 4162 δὲ
418 4105 622 4168 ταύτας
647 4102 785 4155 κατὰ
802 4099 1147 4170 προαίρεσιν,
1170 4098 1227 4148 ἐν
1254 4094 1331 4165 τῷ
1360 4094 1517 4164 δίκην
1538 4093 1809 4164 τραχήλου

214 4201 584 4256 ὐποπίπτοντι
618 4194 865 4256 ταύταις,
910 4189 986 4254 ὥς
1019 4206 1121 4242 τινι
1168 4186 1298 4259 θείῳ
1343 4185 1493 4257 ζυγῷ
1526 4184 1809 4256 πρακτικῷ

214 4297 312 4365 τῆς
345 4291 528 4362 ψυχῆς
561 4306 673 4342 σου.

287 4382 508 4453 Γράψον
561 4381 619 4433 δὲ
662 4378 832 4441 αὐτάς
873 4373 969 4428 ἐπὶ
1016 4369 1221 4433 πλακὸς
1260 4366 1487 4440 καρδίας
1527 4383 1656 4431 σου,
1714 4365 1808 4420 καὶ

217 4473 475 4543 εὑρήσεις
504 4471 682 4539 χάριν.

1916 2014 2059 2066 mea,
2086 2013 2206 2068 qua:
2232 1998 2393 2053 bonis
2432 1998 2650 2053 actibus
2683 1997 2988 2053 mercedem
3015 1997 3360 2068 promittunt,
3399 2014 3499 2067 pro

1916 2092 2075 2146 malis
2105 2106 2234 2146 vero
2267 2091 2534 2161 supplicia
2567 2091 2663 2144 libi
2721 2090 3024 2156 minantur,
3052 2090 3282 2143 viriliter
3307 2100 3493 2144 custo-

1914 2183 2029 2238 dial
2058 2200 2155 2238 cor
2192 2190 2370 2238 tuum.

1985 2273 2230 2328 Vsus.2.
2266 2271 2670 2343 Longitudinem
2708 2273 2846 2326 enim
2876 2272 3080 2326 dierum
3123 2280 3171 2326 et
3194 2289 3361 2327 annos
3421 2274 3500 2328 ui-

1916 2372 2002 2428 tw,
2026 2376 2074 2418 et
2112 2379 2291 2432 pacem
2316 2365 2535 2434 afferent
2570 2364 2684 2418 tibi.
2716 2364 2923 2419 Horum
2974 2363 3235 2418 continua
3282 2379 3498 2418 memo-

1914 2454 2097 2516 ria,et
2153 2455 2331 2511 virilis
2371 2456 2706 2522 observatio,
2762 2466 2910 2510 tuam
2973 2455 3252 2524 augebunt
3287 2454 3494 2521 vitam:

1914 2553 1968 2599 te
2001 2546 2067 2600 ad
2098 2552 2361 2601 asternum
2418 2545 2675 2614 gaudium
2718 2546 3097 2600 conducentes
3127 2586 3141 2608 ,
3178 2559 3273 2613 per
3296 2559 3499 2613 opera-

1915 2637 2118 2692 tionem
2153 2638 2205 2691 in
2235 2639 2492 2709 praesenti
2530 2638 2663 2705 vita,
2700 2638 3082 2692 mandatorum
3113 2635 3226 2700 Dei,
3257 2637 3498 2690 animam

1913 2743 1944 2783 a
1984 2730 2191 2783 malitia
2214 2730 2986 2785 retrahentium;mensuram
3031 2714 3157 2784 vcro
3192 2728 3499 2797 spiritualis

1912 2822 2062 2889 vitae,
2096 2823 2482 2879 mandatorum
2501 2822 2915 2888 observatione,
2957 2822 3372 2891 ampliﬁcabnnt
3401 2821 3497 2876 tibi

1914 2915 2755 2986 perspiritalem.cognitionem
2806 2931 2991 2970 rerum
3043 2913 3501 2969 iutellectnalium

1916 3007 1987 3062 ab
2016 3008 2163 3062 omni
2218 3023 2482 3063 sensuum
2547 3007 2764 3062 fallacia
2796 3006 3206 3075 puriﬁeantem,
3253 3021 3376 3074 quae
3399 3006 3500 3058 tibi

1916 3100 2201 3169 paciﬁcum
2262 3101 2459 3156 auium
2515 3107 2719 3155 statum
2784 3109 2999 3168 augeat,
3056 3100 3129 3151 ita
3184 3104 3263 3163 ιιι,
3288 3105 3501 3150 remota

1916 3190 2245 3261 ignorantia,
2271 3193 2338 3246 ab
2365 3191 2514 3247 omni
2545 3190 2754 3244 malitia
2790 3189 3087 3244 abstineat.
3133 3187 3289 3243 Nunc
3317 3196 3501 3243 autem

1916 3281 2041 3336 andi
2065 3290 2276 3354 partem
2304 3281 2753 3336 exbortationum
2805 3294 3075 3334 mearum.

1985 3548 2153 3603 Vens.
2189 3548 2244 3601 5.
2281 3546 2656 3601 Misericordia
2703 3556 2752 3600 et
2787 3546 2980 3599 veritas
3032 3561 3134 3599 non
3167 3544 3495 3598 tedeserant.

1915 3639 2193 3696 Miseratio
2218 3639 2476 3710 proximi,
2535 3640 2588 3693 in
2618 3637 2730 3693 illis
2782 3637 3226 3692 tribulationibus
3249 3677 3262 3700 ,
3296 3652 3417 3706 qua}
3447 3638 3501 3692 ei

1914 3731 2083 3785 invito
2125 3729 2404 3793 accidunt,
2456 3737 2510 3783 et
2560 3728 2895 3782 docilitatem
2942 3728 3007 3782 ad
3052 3727 3241 3792 Deum,
3295 3737 3353 3781 ut
3382 3728 3507 3798 ejus

1915 3820 2171 3873 mandata
2194 3819 2474 3882 observes,
2500 3834 2608 3871 non
2642 3825 2696 3872 te
2718 3817 2998 3870 deserant.

1987 4020 2279 4076 Circumda
2304 4038 2394 4076 eas
2422 4020 2623 4093 gutturi
2652 4029 2760 4073 tuo.
2788 4015 3076 4086 Suspentle
3103 4017 3248 4082 illas,
3277 4032 3378 4087 pro
3411 4034 3505 4073 ra-

1915 4114 2066 4169 tione
2100 4114 2243 4178 vitae,
2300 4114 2355 4168 in
2428 4114 2670 4183 potentia
2701 4109 2942 4182 practica
2973 4112 3169 4168 animae
3198 4121 3323 4177 tua-,
3356 4126 3503 4180 (μιν,

1914 4215 1973 4258 ιιι
2002 4203 2207 4259 collum
2237 4204 2348 4260 illis
2372 4191 2668 4271 subdatur,
2703 4206 2861 4275 quasi
2910 4186 3075 4261 alicui
3103 4206 3238 4276 jugo
3291 4202 3511 4258 divino.-

1981 4377 2163 4433 Scribe
2220 4378 2347 4433 illas
2380 4380 2432 4432 in
2456 4379 2654 4435 tabulis
2698 4378 2876 4435 cordis
2910 4383 3013 4446 tui,
3045 4389 3094 4434 et
3116 4381 3341 4434 invenies
3372 4394 3503 4449 gra-

1911 4471 2061 4523 tiam.
2088 4468 2342 4539 lnscnlpe
2384 4470 2506 4525 illas
2544 4487 2641 4539 per
2677 4472 2959 4537 allectum,
3014 4472 3067 4525 in
3104 4472 3342 4541 potentia
3377 4486 3517 4523 conv

289 4536 628 4632 ³ιέγκιλᾲὶιᾷν
652 4560 708 4612 δὲ
734 4556 938 4619 ταύτας
965 4552 1103 4609 κατὰ
1126 4536 1379 4606 ’διάθεσιν
1406 4549 1485 4619 τῷ
1527 4547 1809 4619 παθητικῷ

1932 4562 2244 4632 :upiseibile
2268 4564 2466 4618 animae
2491 4536 2619 4626 tuae,
2645 4574 2699 4617 ct
2733 4536 3072 4619 sanctissimi
3104 4536 3345 4632 Spiritus
3378 4577 3511 4632 gra-

217 4657 315 4727 τῆς
331 4655 514 4725 ψυχῆς
546 4670 661 4715 σου,
695 4653 789 4704 καὶ
813 4647 1079 4718 ἐπιτύχῃς
1107 4647 1205 4716 τῆς
1234 4642 1329 4696 τοῦ
1353 4643 1620 4710 παναγίου
1644 4641 1816 4695 ΙΙνεύ-

224 4765 390 4817 ματος
429 4747 677 4816 χάριτος.
1725 4732 1737 4740 ”

288 4840 333 4894 δ’
338 4883 351 4896 .
380 4837 651 4908 Προνοοῦ
677 4837 836 4889 κα.ιά
860 4832 1119 4887 ἐνώπιον
1145 4830 1293 4885 Θεοῦ
1326 4830 1425 4884 καί
1465 4829 1811 4898 ἀνθρώπων.

220 4931 334 5003 Πρὸ
366 4931 553 4998 πάσης
583 4927 750 4997 ἄλλης
808 4925 1041 4987 ἐννοίας,
1094 4921 1309 4975 διανοοῦ
1355 4921 1668 4993 ἔμπροσθεν
1716 4920 1815 4991 μὲν

217 5021 355 5076 Θεοῦ
373 5021 436 5074 τὸ
465 5019 606 5091 πρὸς
643 5017 804 5071 αὐτὸν
821 5016 1063 5079 εὐσεϐὲς,
1090 5012 1398 5084 ἔμπροσθεν
1425 5012 1480 5065 δὲ
1512 5008 1816 5082 ἀνθρώπων

223 5114 279 5166 τὸ
307 5113 444 5183 πρὸς
473 5111 674 5172 αὐτοὺς
702 5106 1070 5178 εὐεργετικόν.

296 5213 358 5259 ε’.
398 5208 557 5261 Ἴσοι
592 5200 892 5265 πεποιθὼς
922 5200 993 5254 ἐν
1034 5199 1148 5266 ὅλῃ
1176 5198 1391 5266 καρδίᾳ
1417 5198 1515 5251 ἐπὶ
1560 5198 1811 5266 Κύριον

222 5291 320 5345 ἐπὶ
349 5292 416 5345 δὲ
440 5291 629 5360 σοφίᾳ
659 5289 746 5359 μὴ
772 5278 1044 5357 ἐπαίρου.
1063 5287 1289 5353 Ἕλπιζε
1320 5289 1410 5342 ἐπὶ
1440 5288 1533 5341 τὸν
1560 5287 1655 5341 τοῦ
1679 5304 1817 5341 πανο

225 5384 317 5446 τδς
346 5384 628 5453 Δεσπότην
676 5382 830 5443 Θεὸν,
864 5380 922 5447 ἐξ
961 5378 1090 5446 ὅλης
1119 5378 1331 5449 ψυχῆς·
1373 5378 1468 5432 ἐπὶ
1496 5378 1554 5431 δέ
1581 5379 1647 5449 τῇ
1684 5377 1816 5448 παρ’

228 5476 392 5528 αὐτοῦ
414 5475 631 5546 δοθείσῃ
660 5492 743 5527 σοι
764 5472 907 5526 κατὰ
940 5471 1099 5542 χάριν
1126 5472 1290 5541 σοφίᾳ
1319 5469 1396 5539 μὴ
1430 5468 1573 5539 μέγα
1605 5468 1813 5539 φρόνει.

300 5569 374 5629 ς’.
416 5566 518 5619 Ἑν
544 5565 769 5630 πάσαις
817 5561 945 5628 ταῖς
986 5561 1145 5626 ὁδοῖς
1178 5577 1296 5615 σου
1326 5559 1562 5630 γνώριζε
1600 5559 1824 5634 αὐτὴν,

229 5652 332 5707 ἵνα
351 5654 639 5725 ὀρθοτομῇ
667 5655 773 5722 τὰς
802 5654 981 5719 ὁδούς
1006 5670 1144 5716 σου,
1171 5656 1203 5707 ό
1231 5653 1299 5705 δὲ
1322 5654 1476 5721 πούς
1499 5670 1617 5709 σου
1644 5658 1715 5710 οὺ
1730 5661 1816 5726 μὴ

234 5748 605 5817 προσκόπτῃ.
640 5748 783 5802 Ἀλλ’
811 5749 869 5802 ὲν
900 5748 1035 5801 πᾶσι
1069 5748 1182 5810 τοῖς
1213 5746 1396 5818 ἔργοις
1424 5764 1517 5801 σου
1558 5750 1811 5819 ἐπιγίνω-

238 5851 332 5892 exe
383 5839 549 5912 αὐτὴν
578 5841 791 5912 ὁδηγὸν,
828 5841 974 5904 ὅπως
1009 5838 1261 5911 διευθύνῃ
1295 5839 1432 5895 αὐτὰ
1466 5839 1558 5895 τοῦ
1607 5841 1813 5911 ἀγαθοῦ

1920 4656 2050 4709 tiam
2074 4655 2342 4711 invenies.

1989 4830 2154 4889 Vens.
2182 4834 2234 4889 4.
2262 4831 2484 4888 Provide
2515 4832 2650 4887 bona
2696 4847 2879 4886 coram
2942 4830 3044 4886 Deo
3077 4842 3125 4886 et
3179 4832 3518 4888 hominibus“.-

1917 4929 2059 4984 Ame
2097 4944 2314 4981 omnem
2375 4927 2539 4980 aliam
2609 4925 3025 4996 cogitationem,
3055 4926 3282 4994 provide
3315 4941 3519 4981 coranv

1919 5022 2050 5084 Deo.
2090 5023 2347 5092 pietatem
2413 5019 2480 5073 ad
2516 5016 2696 5083 illum,
2727 5026 2782 5073 et
2816 5033 2999 5072 coram
3040 5018 3378 5085 hominibus,
3403 5018 3515 5075 bed

1918 5115 2262 5171 neticentiam
2296 5128 2422 5183 erga
2446 5129 2561 5168 eos.

1990 5202 2152 5258 Vens.
2180 5204 2231 5258 5.
2264 5202 2408 5256 Habe
2453 5202 2707 5271 ﬁduciam
2752 5202 2807 5255 in
2856 5198 3085 5256 Domino
3116 5217 3182 5255 ea:
3211 5211 3322 5256 toto
3344 5202 3517 5257 corde’

1919 5303 2032 5360 tuo,
2056 5303 2104 5348 et
2134 5309 2197 5346 ne
2237 5292 2488 5345 innitaris
2531 5291 2828 5360 prudentia:
2875 5300 2999 5344 tum.
3076 5290 3245 5360 Spera
3295 5307 3359 5345 ex
3390 5301 3515 5346 ιυισι

1917 5385 2087 5440 corde
2114 5394 2229 5446 tuo,
2253 5384 2307 5437 in
2346 5383 2458 5437 Deo
2482 5382 2725 5436 omnium
2770 5380 3029 5446 Domino,
3080 5390 3136 5436 et
3162 5381 3231 5437 de
3264 5381 3505 5450 pruden-

1919 5476 1993 5529 tia
2020 5489 2141 5544 qum
2168 5473 2237 5527 ab
2266 5489 2333 5527 eo
2354 5472 2524 5542 gratis
2546 5472 2643 5527 tibi
2671 5472 2796 5526 data
2822 5479 2929 5538 est,
2955 5487 3024 5528 ne
3054 5487 3248 5544 magna
3271 5474 3501 5529 sentias.

1990 5564 2155 5622 Vsus.
2190 5564 2243 5620 6.
2279 5564 2340 5619 In
2366 5564 2606 5618 omnibus
2624 5565 2720 5618 viis
2750 5564 2855 5618 tuis
2885 5565 3061 5633 cogita
3084 5564 3258 5630 illam,
3285 5576 3342 5620 ut
3368 5566 3506 5619 diri-

1918 5668 2007 5730 gat
2041 5656 2154 5711 vias
2191 5666 2331 5720 tuas,
2364 5664 2412 5708 et
2456 5670 2544 5723 pes
2576 5664 2697 5708 tuus
2750 5671 2853 5708 non
2880 5654 3133 5723 offendat.
3160 5652 3216 5708 In
3250 5654 3510 5710 omnibus

1922 5748 2181 5819 operibus
2217 5746 2326 5801 tuis
2350 5760 2621 5817 cognosce
2646 5745 2791 5799 illam
2829 5753 2888 5799 ut
2925 5746 3143 5811 ducem,
3183 5756 3237 5801 ut
3278 5745 3505 5802 firmiter

1925 5855 1989 5897 ea
2024 5839 2246 5896 inbono
2306 5838 2545 5909 dirigas;
2601 5846 2654 5895 ct
2707 5837 3066 5909 intelligentia
3121 5841 3244 5904 tua,”
3277 5852 3385 5908 qua
3412 5837 3492 5892 uti
