3958 6432
421 375 554 441 1243
1061 422 1068 428 -
1732 388 2027 449 »ΡΠΟΕΟῙ

2145 390 2387 450 ΕΑΖΕΙ
2889 405 2893 408 ’
3199 396 3203 401 ’
3566 390 3715 454 ιειι

408 494 644 562 quodam
672 493 825 562 pede,
879 492 929 547 in
991 493 1169 547 anima
1204 493 1392 557 uteris,
1426 501 1475 546 et
1509 508 1603 562 per
1644 495 1994 551 intervallum

2142 500 2486 569 παρέγκλιτα
2511 518 2522 531 ’
2560 502 2653 555 καὶ
2687 504 2744 555 τὸ
2797 503 3133 572 διανοητικόν
3163 523 3281 569 σου,
3337 498 3499 574 ᾧτινι
3563 506 3719 561 κατὰ

414 587 683 654 Operaris,
710 600 777 640 ne
805 585 869 638 ad
906 587 1228 655 ignorantiae
1255 586 1465 654 lapides
1483 587 1751 642 otl’endas.

2149 593 2283 662 υχὴν
2319 594 2395 657 ὡς
2432 593 2548 647 τοδὶ
2583 594 2809 663 διήκεις,
2851 598 2943 650 καὶ
2969 597 3416 667 διαστηματικῶς
3433 598 3719 667 ὲνεργεῖς,

2104 683 2271 745 λίθοις
2297 684 2520 750 ἀγνοίας
2536 686 2595 738 οὐ
2630 685 2705 757 μὴ
2736 686 3106 761 προσκρούσῃ,

2178 776 2242 841 ζ’.
2268 775 2364 843 Μὴ
2392 776 2519 830 ἴσθι
2552 778 2840 846 φρόνιμος
2870 777 3031 847 παρὰ
3067 778 3324 843 σεαυτῷ.
3344 780 3440 850 Μὴ
3473 779 3569 833 ἔσο
3595 777 3720 831 τῶν

417 856 615 910 doctus
651 857 706 910 in
754 856 919 910 rebus
969 856 1113 924 apud
1176 858 1569 928 temetipsum:
1603 875 1671 912 ne
1701 860 2001 914 secundum

2142 870 2453 938 πραγμάτων
2483 870 2809 939 ἐπιστήμων
2840 871 2933 939 ἀφ’
2961 871 3156 924 ἑαυτοῦ
3180 886 3195 900 °
3237 871 3381 925 κατὰ
3414 872 3593 943 μόνην
3619 871 3721 923 αῖ-

417 948 596 1002 solum
632 955 781 1000 tuum
817 961 1040 1001 sensum
1101 947 1169 1001 de
1198 946 1308 1001 illis
1336 947 1573 1016 judices,
1617 948 1821 1002 bonum
1883 948 2004 1000 exi-
2110 960 2304 1033 σθησιν
2332 959 2633 1028 ἀλογίστως
2654 960 2856 1030 κρίνων
2876 960 3040 1026 αὐτὰ,
3071 963 3168 1016 καὶ
3189 962 3364 1017 δοκῶν
3382 962 3552 1016 καλὸν
3585 963 3716 1032 μὲν,

421 1041 657 1094 stitnans
681 1040 826 1109 quod
886 1040 964 1094 illi
1025 1040 1227 1110 placet,
1258 1041 1460 1095 malum
1513 1056 1646 1094 vero
1711 1043 1858 1110 quod
1927 1040 2007 1094 illi

2142 1050 2220 1102 τᾶν
2249 1048 2309 1101 τὸ
2335 1050 2457 1103 κατ’
2487 1049 2656 1123 αὐτὴν
2684 1049 2781 1122 ἡδύ
2810 1067 2826 1082 ο
2862 1051 3029 1105 κακὸν
3047 1052 3124 1115 δὲ,
3142 1055 3252 1106 πᾶν
3284 1054 3346 1106 τὸ
3377 1053 3507 1107 κατ’
3536 1053 3714 1122 αὐτὴν

421 1129 694 1200 displicet,
725 1139 780 1185 et
802 1130 929 1185 inde
953 1130 1242 1186 frustraris
1266 1132 1333 1186 ab
1360 1146 1425 1186 eo
1457 1131 1606 1201 quod
1641 1148 1747 1186 non
1776 1141 1860 1186 est
1884 1146 2009 1187 vero

2142 1141 2271 1212 ,ηδές
2288 1157 2303 1170 ·
2323 1140 2617 1195 κάντεῦθεν
2646 1142 3040 1212 ἀποτυγχάνων
3071 1143 3170 1215 μὲν
3189 1143 3287 1199 τοῦ
3312 1145 3485 1208 ὅντως
3502 1143 3707 1199 καλοῦ·

485 759 653 817 Vens.
696 765 745 817 7.
784 761 862 816 Ne
885 762 958 816 sis
981 764 1189 832 sapiens
1223 763 1364 834 apud
1408 765 1761 833 temetipsum.
1795 764 1874 820 Nc
1926 766 2005 822 sis

424 1222 655 1287 bonum,
680 1229 734 1275 et
756 1221 812 1275 in
840 1221 893 1275 id
909 1222 1055 1291 quod
1081 1236 1210 1277 vere
1234 1221 1439 1276 malum
1455 1228 1562 1288 est,
1597 1221 1832 1277 incidas.

501 1404 651 1459 Time
676 1404 862 1468 Deum,
919 1415 970 1460 et
1015 1404 1195 1460 recede
1252 1422 1285 1459 a
1319 1404 1485 1460 malo.
1524 1402 1674 1462 llabe
1706 1413 1890 1460 autem
1915 1403 2012 1460 Dei

426 1496 706 1563 timorem,
730 1506 784 1553 et
809 1497 878 1551 ab
904 1498 1053 1551 omni
1079 1504 1303 1565 peccato
1337 1498 1550 1552 recede.

499 1675 662 1731 Vnus.
695 1675 749 1730 8.
790 1675 939 1730 Tunc
970 1675 1070 1729 erit
1105 1675 1312 1729 sanitas
1364 1674 1576 1741 corpori
1611 1682 1722 1738 tuo,
1765 1680 1814 1726 et
1845 1670 2014 1726 stabi-

2011 1234 2019 1251 '
2111 1234 2462 1306 περιπίπτων
2489 1233 2547 1312 δὲ
2573 1235 2653 1297 εἰς
2675 1233 2737 1287 τὸ
2765 1233 2979 1305 ἀληθῶς
3003 1236 3196 1291 κακόν.

2184 1412 2376 1467 Φοόοῦ
2401 1412 2471 1465 δὲ
2491 1413 2600 1466 τὸν
2626 1413 2865 1481 Κύριον,
2885 1413 2983 1467 καί
3013 1413 3304 1468 ἐκκλίνον
3327 1414 3447 1468 ἀπὸ
3478 1413 3716 1481 παντὸς

2113 1505 2322 1562 κακοῦ.
2361 1505 2522 1558 Ἀλλὰ
2554 1505 2720 1575 φόϐον
2747 1504 2839 1577 ἔχε
2877 1506 3036 1572 Θεοῦ,
3079 1507 3174 1561 καὶ
3220 1507 3403 1579 πάσης
3428 1509 3725 1578 ἁμαρτίας

2115 1594 2405 1667 ἀπόστηθι.

2187 1693 2257 1758 η’.
2304 1688 2443 1743 Τότε
2480 1688 2643 1754 ἴασις
2675 1689 2849 1743 ἔσται
2882 1687 2965 1754 τῷ
2996 1687 3227 1760 σώματι
3269 1704 3412 1755 σου,
3445 1691 3549 1744 καὶ
3581 1690 3728 1743 ἐπι-

426 1768 555 1823 (itas
589 1769 795 1823 ossibus
826 1770 955 1822 tuis.
1006 1767 1164 1824 Tunc
1209 1770 1316 1823 erit
1360 1769 1515 1823 carui
1563 1777 1669 1823 tua:
1719 1768 1951 1831 sanitas,
1983 1781 2013 1820 a

2142 1778 2321 1833 ιένεια
2351 1779 2477 1844 τοῖς
2509 1780 2746 1843 ὀστέοις
2777 1794 2914 1835 σου.
2964 1779 3279 1852 Τηνικαῦτα
3309 1780 3418 1852 γὰρ
3474 1781 3730 1851 ὑπάρξει

429 1861 657 1914 ferventi
692 1861 973 1915 actionum
1009 1869 1229 1916 tuarum
1264 1861 1517 1923 malitia;
1546 1868 1601 1914 et
1637 1860 1869 1915 salvatio
1901 1858 2010 1911 ani-

2142 1871 2383 1940 epartsla
2423 1871 2521 1940 μὲν
2559 1874 2625 1943 τῇ
2656 1871 2819 1943 σαρκί
2850 1888 2967 1935 σου,
2996 1843 3106 1925 ἀπὸ
3132 1872 3232 1941 τῆς
3270 1843 3400 1926 κατ’.
3421 1843 3730 1942 ἐνέργειαν

426 1966 530 2006 mae
550 1959 657 2006 tuae
685 1950 966 2021 potentiis,
993 1966 1116 2021 quae
1169 1959 1431 2022 tanquam
1461 1965 1609 2015 ossa,
1642 1966 1741 2020 pro
1776 1965 1841 2006 ca
1881 1957 2012 2004 sunt

428 2044 768 2111 fulcimenta,
797 2058 865 2098 ne
888 2042 1237 2114 frangantur.

498 2240 663 2295 Vens.
695 2241 750 2296 9.
813 2239 1032 2294 Honora
1072 2238 1238 2293 Deum
1266 2238 1329 2293 de
1381 2239 1487 2293 tuis
1506 2236 1670 2308 justis
1708 2234 2005 2291 laboribus.

422 2334 571 2389 Oll'cr
603 2332 738 2399 Deo,
771 2343 830 2387 ut
852 2348 1047 2387 servus
1086 2331 1333 2392 domino,
1367 2345 1435 2384 ex
1484 2330 1566 2384 eis
1598 2342 1721 2399 quae
1751 2343 1845 2397 per
1865 2328 2011 2380 labo-

425 2425 762 2482 retnanimte
807 2432 863 2479 et
926 2423 1178 2493 corporis
1231 2421 1613 2492 requisivisti;
1668 2435 1735 2475 ex
1757 2434 2006 2489 corpore,

422 2532 545 2586 quae
573 2517 692 2571 sine
723 2513 959 2585 proximi
997 2512 1334 2567 detrimento
1389 2510 1634 2565 lucratus
1669 2523 1762 2574 es;
1795 2523 1862 2562 ex
1892 2508 2011 2561 ani-

422 2624 535 2668 ma,
569 2608 905 2668 castitatem,
935 2611 1311 2674 paupertatem
1342 2639 1357 2665 ,
1407 2609 1462 2655 et
1508 2599 1729 2663 similia,
1762 2613 1904 2667 quae,
1956 2605 2010 2651 et

423 2699 645 2769 quidem
686 2697 781 2751 illo
811 2711 920 2751 non
959 2702 1268 2765 repetente,
1296 2692 1529 2747 fideliter
1555 2691 1810 2753 servasti,
1847 2697 1906 2743 ut
1933 2688 2011 2743 illi

424 2806 524 2860 pro
550 2791 696 2845 dono
733 2788 934 2844 olleras
965 2787 1101 2853 haec,
1132 2801 1232 2856 pro
1267 2786 1473 2856 quibus
1516 2784 1637 2855 ejus
1667 2781 2012 2839 custodivisti

425 2882 707 2936 mandata.

502 3056 567 3110 Et
591 3055 861 3125 primitias
916 3054 988 3108 da
1033 3054 1080 3108 ei
1116 3053 1181 3108 de
1215 3053 1319 3108 tuis
1367 3052 1629 3122 fructibus
1682 3051 1925 3116 iustitiae.
1955 3051 2017 3104 Et

2113 1960 2408 2030 φοροποιοῦ
2448 1960 2677 2024 κακίας·
2714 1963 3066 2034 περιποίησις
3094 1964 3153 2017 δὲ
3174 1965 3298 2027 ταῖς
3325 1965 3486 2035 δίκην
3505 1966 3729 2017 ὀστέων

2111 2055 2434 2115 τονωτικαῖς
2462 2053 2563 2122 τῆς
2610 2052 2790 2124 ψυχῆς
2826 2071 2922 2107 σου
2960 2055 3278 2126 δυνάμεσιν,
3317 2054 3459 2109 ὥστε
3501 2057 3581 2126 μὴ
3624 2055 3730 2110 τοῦ

2110 2140 2324 2204 δέοντος
2357 2143 2834 2214 παραθραύεσθαι.
2858 2189 2865 2196 .

2184 2231 2250 2287 θ’.
2286 2233 2431 2302 Τίμα
2480 2235 2588 2286 τὸν
2631 2234 2850 2302 Κύριον
2890 2234 3010 2289 ἀπὸ
3038 2233 3167 2289 σῶν
3194 2235 3445 2290 δικαίων
3482 2237 3721 2293 πόνων.

2111 2325 2396 2395 Πρόσφερε
2418 2324 2473 2376 δὲ
2501 2322 2578 2395 τῷ
2617 2324 2756 2395 Θεῷ,
2797 2325 2873 2389 ὡς
2898 2325 3134 2398 δεσπότῃ
3155 2326 3362 2391 δοῦλος,
3388 2329 3487 2397 ἀφ’
3523 2321 3605 2385 ὧν
3626 2332 3714 2383 αύ-

2109 2414 2201 2477 τὸς
2224 2412 2352 2484 περὶ
2379 2411 2478 2484 τὴν
2513 2413 2836 2483 σωματικὴν
2866 2416 2960 2467 καὶ
3003 2413 3100 2484 τὴν
3132 2414 3522 2487 πνευματικὴν
3553 2418 3713 2485 ἔργα·

2112 2505 2234 2559 σίαν
2266 2504 2585 2575 πεπόνηκας
2610 2519 2623 2532 ·
2662 2504 2728 2558 ἐκ
2759 2505 2857 2575 μὲν
2902 2506 3003 2576 τῆς
3038 2509 3385 2578 σωματικῆς,
3431 2507 3508 2560 τὰ
3542 2509 3624 2578 μὴ
3660 2509 3723 2561 ιιι

2114 2596 2320 2667 βλάϐης
2349 2594 2459 2649 τῶν
2490 2595 2660 2658 πέλας
2682 2596 3050 2667 ὲπικτηθέντα
3076 2613 3191 2651 σοι·
3224 2598 3298 2652 ὲκ-
3313 2597 3370 2651 δὲ
3400 2598 3508 2667 τῆς
3549 2615 3722 2651 πνευ-

2116 2686 2391 2757 ματικῆς,
2433 2685 2767 2756 παρθενίαν,
2807 2688 3235 2758 ἀκτημοσύνην,
3279 2688 3376 2742 καὶ
3420 2688 3493 2743 τὰ
3515 2690 3724 2760 ὅμοια’

2113 2776 2260 2848 ἆπερ
2286 2778 2381 2831 καὶ
2413 2777 2489 2848 μὴ
2529 2777 2856 2849 ἀπαιτηθεὶς
2906 2778 3037 2849 παρ’
3069 2779 3267 2844 αὑτοῦ,
3305 2778 3538 2844 δικαίως
3584 2781 3725 2848 ἐφύ-

2113 2868 2281 2936 λαξας
2301 2902 2327 2933 ,.
2344 2868 2487 2921 ὥστε
2514 2857 2689 2940 ’δῶρα
2731 2872 3104 2941 προσαγαγεῖν
3153 2870 3304 2942 αὐτῷ
3330 2870 3506 2925 ταῦτα
3527 2912 3547 2938 ,
3600 2873 3723 2929 ἀνθ’

2115 2953 2189 3014 ὧν
2216 2961 2489 3030 ἐτήρησας
2513 2959 2744 3014 ἐντολῶν
2770 2961 2958 3015 αὐτοῦ.

2187 3053 2298 3106 Καὶ
2328 3051 2606 3122 ἀπάρχου
2651 3050 2812 3117 αὐτῷ
2830 3052 2949 3107 ἀπὸ
2977 3052 3107 3108 σῶν
3134 3056 3379 3125 καρπῶν
3404 3057 3730 3122 δικαιοσύ-

430 3155 492 3201 ιιι
533 3147 827 3217 primitias,
860 3144 997 3201 oﬂ‘er
1059 3146 1134 3200 illi
1189 3145 1259 3201 de
1305 3144 1578 3199 fructibus
1629 3159 1739 3197 non
1785 3145 2012 3213 rapinae,

2142 3162 2254 3213 mc.
2286 3144 2396 3198 Καὶ
2422 3143 2498 3207 ὥς
2522 3160 2676 3207 τινας
2706 3143 2963 3212 ἀπαρχὰς
2994 3144 3242 3214 πρόσαγε
3260 3146 3455 3218 τούτῳ,
3477 3148 3592 3200 τῶν
3626 3146 3731 3217 μὲν

430 3239 528 3294 sed
562 3246 833 3293 terrarum
864 3247 1104 3304 tuarum,
1130 3246 1189 3291 ut
1212 3237 1401 3307 justus
1452 3235 1609 3300 Abel,
1646 3236 1890 3291 omnium
1923 3237 2019 3289 Ιιο-

434 3332 800 3387 norabiliores
835 3341 890 3386 et
926 3312 1207 3397 meliores,
1240 3344 1469 3399 operum
1499 3339 1719 3383 tuorum
1753 3331 2022 3383 bonorum

436 3423 789 3488 intentiones,
820 3422 1005 3477 omnia
1048 3429 1272 3492 propter
1294 3426 1442 3476 'eum
1478 3420 1777 3490 operando.

505 3599 673 3656 Vens.
706 3601 793 3656 10.
832 3599 900 3654 Ut
942 3601 1268 3670 impleantur
1296 3602 1490 3657 horrea
1536 3611 1630 3656 tua
1647 3601 1904 3672 frumenti
1941 3617 2027 3655 sa-

436 3693 674 3759 turitate,
706 3702 757 3747 et
804 3692 923 3747 uino
976 3695 1275 3749 toreularia
1311 3704 1403 3748 tua
1453 3694 1766 3750 redundent.
1807 3694 1898 3761 Ut,
1919 3692 2031 3749 Deo

435 3786 533 3840 tibi
568 3786 1002 3841 benedictionem
1039 3786 1228 3851 dante,
1260 3787 1461 3842 horrea
1516 3795 1571 3842 et
1625 3786 1923 3842 toreularia
1949 3801 2033 3841 re-

436 3879 692 3947 pleantur
736 3881 824 3935 his
886 3895 1010 3950 qtue
1039 3880 1108 3935 ad
1176 3895 1382 3950 corpus
1428 3880 1747 3937 necessaria
1774 3889 1942 3938 sunt:
1975 3887 2034 3933 ut

440 3970 679 4039 potentia
733 3971 932 4026 anima:
983 3981 1089 4026 tuae
1122 3974 1364 4042 practica
1424 3973 1701 4044 repleatur
1737 3972 2035 4028 virtutibus

439 4069 499 4117 ut
552 4063 882 4133 quibusdam
914 4062 1214 4128 fructibus,
1248 4065 1536 4135 productis
1575 4066 1735 4137 quasi
1766 4080 1834 4120 ex
1869 4062 2036 4121 semi-

438 4168 510 4209 ne
567 4152 950 4208 mandatorum
1009 4153 1346 4224 divinorum,
1410 4165 1465 4211 et
1513 4154 1879 4227 iptelligentia
1936 4161 2037 4207 tua

439 4246 686 4302 scientiae
734 4247 1109 4312 sermonibus,
1170 4247 1245 4302 ita
1297 4256 1359 4302 ut
1397 4248 1603 4304 divinis
1688 4246 2038 4318 dogmatibus

439 4339 1054 4411 ﬂuentibus,tanquam
1100 4357 1164 4396 ex
1225 4342 1489 4408 racemis,
1548 4342 1669 4413 ipse
1723 4338 2038 4405 abundans,

440 4447 595 4487 more
624 4431 1018 4501 magistrorum
1052 4433 1397 4501 docentium,
1454 4434 1623 4490 saties
1645 4436 1882 4490 aliorum
1915 4431 2040 4487 ani-

440 4539 582 4594 mas,
617 4526 746 4581 vino
770 4526 1005 4597 spiritali
1040 4527 1167 4585 illos
1207 4527 1508 4584 recreanti.

514 4710 678 4766 Vsus.
720 4713 802 4766 Η.
840 4712 1191 4781 Disciplinam
1230 4710 1468 4776 Domini,
1530 4709 1614 4778 ﬁli
1669 4710 1764 4776 nti,
1800 4726 1864 4765 ne
1895 4709 2031 4778 abji-

445 4804 575 4866 cias,
617 4820 709 4856 nec
745 4803 963 4872 deﬁcias
1012 4820 1132 4857 cum
1163 4803 1227 4857 ab
1259 4820 1318 4857 eo
1342 4802 1651 4872 corriperis.
1718 4799 1821 4855 Fili
1874 4800 2040 4869 spiri-

443 4894 632 4958 tualis,
657 4893 894 4949 viriliter
950 4895 1162 4949 sustine
1196 4892 1582 4946 tribulationes
1613 4905 1736 4961 quae
1787 4889 1888 4943 tibi
1948 4887 2037 4941 in-

442 4985 579 5048 vito,
613 4982 827 5053 judicio
865 4982 960 5037 Dei
1015 4983 1314 5037 accidunt:
1375 4989 1431 5037 et
1465 4995 1534 5036 ne
1568 4979 1795 5035 delicias
1826 4992 1950 5033 cum
1986 4984 2039 5032 te

443 5073 693 5144 arguerit
720 5074 789 5128 de
819 5073 1086 5143 peccatis,
1126 5076 1251 5144 Quae
1268 5071 1367 5128 tibi
1402 5070 1723 5126 manifestat
1756 5084 1855 5139 per
1904 5067 2042 5122 allii-

443 5167 689 5222 ctiouum
726 5164 1093 5220 invasionem.

521 5343 690 5400 Vens.
722 5346 809 5401 ιε.
841 5346 1004 5412 Quem
1025 5348 1165 5402 enim
1186 5346 1360 5418 diligit
1395 5344 1532 5401 Deus
1580 5346 1821 5415 corripit.
1855 5344 2043 5409 Illum,

453 5434 546 5502 qui
582 5435 636 5487 in
663 5451 721 5488 se
748 5435 839 5489 Dei
885 5452 1129 5492 amorem
1162 5440 1468 5507 cognoscit,
1511 5437 1740 5506 corripit
1783 5436 2043 5491 Dominus

455 5536 549 5591 per
580 5522 987 5590 tribulationes,
1024 5537 1084 5581 ut
1121 5538 1268 5582 recte
1318 5528 1579 5591 ambulet,
1605 5526 1735 5581 dum
1767 5526 1920 5583 illum
1949 5527 2042 5595 qui

458 5613 620 5668 talem
655 5630 763 5669 non
800 5617 968 5670 sentit
1013 5632 1275 5685 amorem,
1311 5635 1419 5674 non
1475 5618 1758 5688 corripiat.
1795 5617 2048 5687 Castiga-

460 5706 540 5758 tio
567 5705 714 5759 enim
766 5724 873 5762 non
930 5717 1203 5773 correcto,
1270 5710 1363 5766 sed
1424 5710 1833 5782 blasphemanti
1887 5708 2047 5764 ιιίῐιιιι

464 5797 872 5865 tribulatipnes.

2131 3237 2205 3307 μὴ
2233 3235 2341 3289 ἀπὸ
2363 3233 2623 3305 ἁρπαγῆς
2644 3231 2761 3287 ἀλλ’
2794 3233 2904 3287 ἀπὸ
2927 3233 3029 3303 τῆς
3065 3235 3163 3305 σῆς
3192 3235 3435 3308 ἀρούρης
3464 3237 3727 3308 καρπῶν,

2129 3327 2268 3383 κατὰ
2289 3327 2381 3380 τὸν
2415 3326 2685 3397 μακάριον
2714 3324 2914 3390 Ἀδελ,
2961 3328 3088 3392 τοὺς
3113 3326 3222 3382 τῶν
3249 3328 3428 3383 ἄλλων
3464 3330 3730 3399 τιμιωτέ-

2133 3415 2259 3490 ρους
2281 3420 2373 3473 καὶ
2400 3418 2714 3490 κρείττονας
2742 3433 2754 3446 ·
2782 3417 2891 3471 τῶν
2912 3418 2969 3471 δὲ
3004 3419 3126 3471 κατ’
3151 3420 3354 3490 ἀρετὴν
3381 3419 3566 3492 ἔργων
3607 3439 3728 3486 σου,

2128 3513 2228 3573 τὰς
2261 3510 2468 3574 αίτίαςο
2500 3510 2668 3564 ποιῶν
2696 3509 2914 3564 ἅπαντα
2942 3510 3118 3564 ταῦτα
3138 3510 3230 3565 διὰ
3251 3511 3404 3565 Θεόν.

2207 3609 2257 3656 ι’.
2300 3603 2435 3657 Ἵνα
2465 3600 2848 3670 πιμπλῶνται
2869 3604 2941 3656 τὰ
2965 3601 3199 3672 ταμιεῖα
3219 3618 3336 3658 σου
3353 3602 3733 3674 πλησμονῆς

2131 3699 2330 3761 σίτου,
2364 3696 2514 3762 οϊνῳ
2539 3694 2608 3747 δὲ
2641 3696 2702 3748 αὶ
2735 3695 2918 3763 ληνοι
2945 3711 3063 3750 σου
3101 3696 3576 3766 ὑπερϐλύζωσιν.
3610 3698 3734 3752 Ἵνα

2137 3787 2234 3844 σοῦ
2276 3788 2378 3858 τῆς
2410 3787 2563 3857 παρά
2603 3786 2743 3840 Θεοῦ
2780 3787 3153 3858 τυγχάνοντος
3198 3788 3474 3858 εὐλογίας,
3533 3792 3591 3844 αἱ
3632 3792 3735 3862 μὲν

2134 3881 2413 3957 ἀποθῆκαι
2444 3878 2542 3933 καλ¹
2593 3880 2650 3933 αἱ
2706 3879 2862 3950 ληνοὶ
2895 3880 3130 3951 πλήρεις
3168 3880 3463 3953 ὑπάρχωσι
3502 3884 3615 3936 τῶν
3654 3884 3738 3955 τῷ

2138 3971 2354 4043 σώματι
2393 3970 2671 4042 χρειωδῶν
2691 3986 2707 4003 ·
2738 3971 2775 4039 ἡ
2799 3970 2856 4024 δὲ
2890 3972 3174 4041 πρακτική
3206 3988 3302 4024 σου
3356 3971 3472 4037 ἕξις
3516 3976 3740 4043 πεπλη-

2139 4063 2364 4136 ρωμένη
2423 4063 2511 4132 εἴη
2543 4063 2652 4115 τῶν
2701 4061 2777 4126 ὼς
2828 4063 2893 4115 ἔκ
2946 4080 3095 4126 τινος
3149 4064 3355 4136 σπόρου
3401 4064 3514 4118 τῶν
3568 4064 3739 4122 θείων

2139 4153 2392 4217 ἐντολῶν,
2450 4153 2886 4225 γεωργουμένων
2932 4154 3074 4209 κατά
3108 4157 3309 4228 πρᾶξιν
3361 4158 3600 4228 ἀρετῶν,
3645 4154 3739 4213 οἷά

2141 4265 2304 4302 τινων
2355 4246 2624 4317 καρπῶνο
2666 4247 2763 4299 καὶ⁹
2798 4249 2832 4317 ἡ
2879 4247 3193 4321 θεωρητικὴ
3220 4249 3580 4322 πληρουμένη
3625 4251 3737 4304 τῶν

2144 4338 2286 4393 κατὰ
2332 4337 2538 4407 γνῶσιν
2592 4335 2804 4405 λόγων·
2864 4339 3288 4410 προχεομένων,
3320 4341 3398 4405 ὡς
3439 4338 3505 4394 ἐκ
3564 4359 3740 4395 τινων

2124 4429 2412 4502 βοτρύων,
2436 4430 2545 4484 τῶν
2574 4430 2737 4484 θείων
2770 4430 3084 4500 δογμάτων,
3125 4432 3445 4503 ὑπερεκχέῃ
3465 4431 3739 4486 διδασκα·

2069 4510 2117 4570 Ῑ)
2143 4524 2310 4588 λικῶς
2342 4522 2641 4589 ποτίζουσα
2675 4524 2777 4586 τὰς
2806 4522 2918 4576 τῶν
2948 4523 3128 4578 ἄλλων
3156 4523 3358 4596 ψυχὰς,
3394 4525 3488 4602 seu
3524 4524 3738 4587 ταύτας

2138 4616 2501 4688 εὐφραίνοντα
2523 4615 2714 4685 νοητὸν
2744 4612 2909 4671 οἶνον.

2211 4707 2298 4763 ια’.
2364 4707 2481 4774 rte,
2515 4706 2602 4777 μὴ
2644 4708 2915 4777 ὀλιγώρει
2965 4696 3238 4776 παιδείας
3279 4710 3536 4779 Κυρίου,
3577 4712 3738 4780 μηδὲ

2135 4800 2365 4856 ἐκλύου
2390 4800 2493 4854 ὑπ’
2532 4798 2723 4854 αὐτοῦ
2763 4799 3183 4870 ἐλεγχόμενος.
3231 4801 3437 4856 Τέκνον
3476 4818 3735 4875 πνευμα-

2136 4892 2311 4956 τικὸν,
2342 4890 2608 4960 γενναίως
2645 4891 2779 4962 φέρε
2811 4891 2880 4945 τὰ
2913 4892 3096 4963 κρίσει
3139 4891 3280 4947 Θεοῦ
3333 4894 3614 4960 ἀκουσίως
3652 4913 3735 4951 σοι

2140 4984 2489 5053 ἐπερχόμενα
2558 4981 2823 5054 θλιὸερά·
2883 4982 2980 5035 καὶ
3045 4981 3121 5054 μὴ
3162 4983 3516 5052 κατάπιπτε,
3576 4987 3737 5057 παρὰ

2137 5073 2333 5128 τούτου
2364 5072 2923 5144 ὑπομιμνησκόμενός
2960 5089 3059 5125 σου
3090 5072 3163 5126 τά
3200 5072 3601 5145 ἁμαρτήματα,
3634 5077 3736 5147 δη-

2140 5165 2488 5229 λοποιοῦντός
2545 5182 2628 5219 σοι
2661 5164 2839 5219 ταῦτα
2885 5165 2973 5220 διὰ
3025 5164 3125 5236 τῆς
3158 5164 3267 5219 τῶν
3308 5165 3587 5240 δυσχερῶν
3635 5170 3737 5224 ἐπ·

2143 5258 2394 5326 αγωγῆς.

2215 5346 2303 5417 ιβ’.
2346 5348 2456 5400 Ὃν
2491 5346 2602 5416 γὰρ
2639 5345 2842 5416 ἁγαπᾷ
2879 5350 3116 5417 Κύριος,
3153 5349 3443 5406 παιδεύει.
3479 5349 3588 5404 Τδν
3616 5351 3733 5423 γὰρ

2145 5437 2580 5505 ἐπιγινώσκοντα
2613 5436 2711 5508 τὴν
2741 5439 2935 5492 τούτου
2966 5442 3106 5510 πρὸς
3135 5442 3299 5496 αὐτὸν
3323 5442 3572 5511 ἀγάπην,
3599 5459 3731 5496 παι-

2145 5529 2294 5584 δεύει
2322 5530 2350 5580 ὁ
2382 5526 2591 5598 Κύριος
2632 5526 2722 5579 διὰ
2752 5526 2863 5580 τῶν
2902 5527 3183 5600 ὀδυνηρῶν
3222 5529 3359 5597 πρὸς
3401 5527 3692 5597 διόρθωσιν
3713 5546 3728 5559 ·

2148 5620 2339 5689 ἐπειδὴ
2373 5618 2450 5687 τῷ
2481 5619 2555 5690 μὴ
2598 5618 2801 5688 ταύτην
2853 5619 3308 5687 ὲπιγινώσκοντι,
3360 5619 3419 5672 οῦ
3477 5618 3727 5673 παιδείαδ

2148 5715 2391 5783 τιμωρία
2438 5712 2517 5775 δὲ,
2559 5710 2635 5782 μὴ
2683 5710 3072 5783 διορθουμένῳ,
3124 5711 3259 5767 ἀλλὰ
3291 5709 3726 5781 βλασφημοῦντι,

2156 5803 2389 5873 ὑπάρχει
2425 5801 2493 5853 τὰ
2524 5799 2765 5872 λυπηρά.
