3958 6432
482 384 621 452 1224⁸1

551 507 623 562 Et
664 509 719 561 in
758 508 982 563 sinislra
1016 510 1133 580 ejus
1174 507 1375 565 divitia:
1400 517 1448 564 el
1474 509 1667 580 gloria.
1716 511 2063 580 lmperfectio
2093 514 2141 571 Α

480 601 605 669 ejus
643 601 695 655 in
726 602 933 657 virtute
972 612 1233 673 tanquam
1269 603 1324 657 in
1354 603 1608 670 sinistra,
1640 619 1763 673 qua:
1796 607 2067 658 humano-

484 711 610 748 rum
654 694 883 750 scientia
927 696 1272 766 intelligitur,
1309 705 1394 751 est
1428 695 1763 751 abundantia
1799 696 2065 751 virtutum

482 788 785 841 secundum
842 789 1016 857 legem
1075 789 1382 843 naturalem
1439 797 1493 843 et
1546 790 1830 859 scriptam,
1868 799 1923 845 et
1981 789 2066 858 pia

483 876 796 930 divinorum
822 876 1181 946 judiciorum,
1204 880 1448 934 naturali
1494 880 1849 934 meditazionc
1879 880 2068 948 acqui-

482 968 588 1020 sita
642 968 917 1038 cognitio,
975 969 1191 1025 scilicet
1241 985 1367 1025 vera
1423 972 1475 1025 in
1534 972 1701 1026 rebus
1760 971 2067 1025 visibilibus

481 1056 677 1125 gloria.

554 1146 638 1199 Ex
668 1165 758 1202 ore
796 1149 911 1218 ejus
936 1150 1173 1216 procedit
1199 1151 1450 1221 justitia;
1485 1151 1647 1221 legem
1676 1162 1725 1206 et
1761 1152 2063 1206 misericor-

481 1238 627 1291 diam
658 1240 712 1292 in
746 1239 931 1308 lingua
959 1251 1162 1310 portat.
1192 1242 1256 1295 Et
1284 1259 1349 1297 ex
1382 1244 1675 1297 verissima
1706 1244 1826 1313 ejus
1860 1244 2068 1297 doctri-

485 1344 573 1389 na.
608 1334 868 1399 tanquam
902 1346 966 1385 ex
1010 1332 1196 1401 aliquo
1222 1347 1339 1402 ore,
1379 1335 1627 1402 procedit
1666 1336 1854 1404 regula
1892 1334 2063 1388 virtu-

484 1428 636 1484 tum;
678 1435 802 1490 quae
844 1432 956 1477 tres
987 1422 1184 1476 animte
1224 1423 1500 1492 potentias
1536 1431 1739 1489 servat,
1782 1432 1842 1478 ut
1870 1423 1939 1478 ad
1969 1439 2068 1478 cu-

483 1511 742 1579 piditates
789 1529 910 1583 quae
954 1528 1021 1569 ex
1074 1511 1291 1570 defectu
1330 1515 1415 1569 vel
1452 1531 1520 1570 ex
1565 1530 1795 1571 excessu
1843 1517 2069 1572 virtutis

481 1602 759 1668 oriuntur,
810 1618 922 1658 non
977 1605 1315 1661 inclinentur
1362 1628 1374 1662 :
1417 1621 1634 1663 onmem
1695 1608 1825 1662 mali
1883 1610 2069 1680 operis

482 1695 894 1761 remotionem,
944 1704 999 1751 ct
1058 1699 1317 1767 pietatem
1374 1715 1505 1770 erga
1566 1715 1758 1756 omnes
1815 1700 2103 1758 homines’

482 1784 645 1840 aﬂ‘ert
684 1786 969 1856 sapientiae
1007 1804 1192 1844 sermo
1229 1789 1594 1857 doctrinalis;
1631 1790 1794 1861 quasi
1833 1794 2067 1861 quadam

484 1876 695 1946 lingua,
731 1877 874 1934 vitas
908 1878 1192 1934 hominum
1226 1879 1292 1934 ad
1326 1880 1582 1936 virtutem
1607 1883 1849 1938 ordinat.

559 2050 726 2109 Vens.
763 2055 849 2108 17.
894 2053 1007 2109 Via:
1048 2056 1187 2124 ejus,
1224 2057 1321 2111 vite
1349 2057 1603 2127 pulchr-te.
1639 2058 1872 2129 Optima:
1898 2061 2074 2116 virtu-
2118 2040 2123 2045 ’

483 2143 559 2195 tis
593 2144 948 2214 scientiaeque
987 2146 1157 2215 leges,
1188 2158 1240 2202 et
1270 2148 1548 2219 dogmata,
1579 2150 1634 2204 in
1663 2150 1865 2222 quibus
1912 2152 2070 2223 quasi

486 2234 541 2285 in
585 2235 687 2290 viis
719 2236 1084 2292 deambulans
1120 2240 1417 2308 sapientia,
1452 2239 1507 2294 in
1541 2256 1877 2311 unoquoque
1922 2243 2072 2298 salu-

484 2325 558 2378 tis
601 2340 826 2379 cursum
878 2336 1160 2397 operatur,
1214 2332 1372 2386 facile
1412 2332 1481 2385 ab
1518 2332 1587 2387 iis
1625 2333 1941 2403 implentur,
1977 2334 2072 2404 qui

484 2420 567 2473 eis
599 2418 936 2474 conformem
968 2431 1139 2491 agunt
1173 2423 1363 2480 vitam.

561 2513 756 2564 Omnes
786 2512 988 2567 semita:
1019 2511 1134 2582 ejus
1166 2515 1424 2583 paci/itte.
1460 2515 1522 2567 Et
1549 2515 1754 2579 gradus
1782 2517 2072 2581 virtutum,

483 2604 690 2671 quibus
737 2604 947 2673 optime
998 2606 1067 2660 ad
1131 2607 1365 2661 salutem
1424 2608 1575 2662 ducit
1629 2610 1757 2665 illos
1804 2611 1899 2681 qui
1952 2626 2073 2666 eam

486 2705 822 2760 sequuntur,
873 2710 998 2749 eum
1062 2697 1213 2750 omni
1276 2699 1639 2768 cupiditatum
1703 2702 2077 2758 destructione

488 2786 876 2852 producuntur
926 2786 980 2840 in
1038 2787 1128 2852 iis,
1165 2788 1257 2856 qui
1311 2805 1411 2844 nec
1458 2791 1529 2845 ob
1579 2792 1831 2862 gloriam,
1867 2808 1967 2849 nec
2006 2794 2076 2849 ob

491 2870 618 2926 aliis
667 2871 920 2941 placendi
968 2873 1306 2930 desiderium
1353 2888 1407 2931 ct
1451 2881 1787 2948 superbiam,
1817 2882 2074 2945 virtutem

487 2964 577 3016 vel
636 2964 956 3018 divinorum
1020 2966 1405 3021 mandatorum
1472 2970 1884 3026 meditationem
1951 2988 2076 3043 pcr-

490 3066 821 3123 sequuntur.
926 3062 933 3067 '

565 3148 734 3205 Vens.
788 3149 873 3205 18.
929 3149 1160 3223 Lignum
1205 3154 1334 3209 vita:
1369 3154 1612 3211 omnibus
1657 3158 1749 3226 qui
1793 3157 2078 3226 apprelten-
2105 3194 2149 3253 ο

1782 387 2140 452 PROCOPII
2175 388 2420 450 GAZ/EI

3611 385 3725 454 19(ίὸ

2254 509 2357 563 Ἑν
2393 508 2461 562 δὲ
2490 507 2562 576 τῇ
2598 506 2881 577 ἀριστερᾷ
2919 506 3108 575 αὐτῆς
3146 505 3423 572 πλοῦτος
3457 506 3548 560 καὶ
3576 505 3721 574 δόξα.

2170 604 2330 676 Παρὰ
2368 604 2424 658 δὲ
2455 606 2521 675 τῇ
2566 603 2639 668 ὼς
2672 603 2961 674 ἀριστερᾷ,
2996 601 3338 673 ἀτελεστέρα
3363 602 3565 672 ταύτης
3596 603 3724 672 ἐνέρα

2168 712 2331 763 γεια,
2384 694 2509 764 ἥτις
2572 693 2723 746 ἐστὶν
2778 694 2810 764 ἠ
2867 693 2979 746 τῶν
3029 691 3405 763 ἀνθρωπίνων
3455 691 3721 767 ἐπιστήμη,

2169 789 2405 857 ὑπάρχει
2436 789 2464 839 ὃ
2492 804 2551 840 τε
2585 784 2728 840 κατὰ
2760 785 2851 839 τὸν
2878 785 3108 855 φυσικὸν
3137 784 3239 838 καὶ
3271 783 3367 837 τὸν
3400 784 3633 852 γραπτὸν
3657 789 3724 841 νό-

2171 897 2271 948 μον
2308 876 2536 941 πλοῦτος
2558 877 2670 931 τῶν
2705 876 2941 948 ἀρετῶν,
2988 877 3083 930 καὶ
3115 878 3152 945 ἡ
3186 874 3340 928 κατά
3383 873 3485 944 τὴν
3523 878 3724 950 φυσικὴν

2168 969 2404 1039 θεωρίαν
2435 969 2667 1038 εὐσεϐὴς
2697 968 2807 1021 τῶν
2846 967 3008 1021 (How
3055 966 3356 1036 κριμάτων
3400 965 3722 1040 ἀνάληψιςιὴ

2168 1061 2379 1132 ἀληθὴς
2404 1060 2609 1132 δηλαδὴ
2640 1061 2769 1132 περὶ
2800 1060 3012 1131 ὁρατῶν
3036 1058 3190 1123 δόξα.

2253 1153 2348 1204 Ἐκ
2376 1152 2482 1206 τοῦ
2531 1153 2832 1221 στόματος
2867 1149 3060 1215 αὐτῆς
3099 1150 3501 1217 ἐκπορεύεται
3537 1148 3713 1206 δικαιο-

2168 1244 2329 1310 σύνη
2351 1258 2365 1272 ο
2396 1245 2587 1312 νόμον
2617 1242 2687 1295 δὲ
2735 1242 2834 1296 καὶ
2884 1241 3064 1295 ἔλεον
3096 1240 3200 1294 ἐπὶ
3243 1240 3535 1310 γλώσσης
3567 1244 3719 1312 φορεῖ.

2170 1336 2280 1388 Καὶ
2314 1337 2377 1389 ὲκ
2417 1337 2516 1407 τῆς
2554 1334 2930 1406 ἀληθεστάτης
2959 1333 3324 1395 διδασκαλίας
3362 1333 3553 1402 αὐτῆς,
3581 1334 3649 1400 ὼς
3676 1337 3721 1389 ὲέ.

2171 1423 2463 1492 στόματος,
2490 1424 2708 1495 πρόεισι
2730 1422 2912 1477 κανὼν
2944 1424 3144 1494 ἀρετῆς
3166 1439 3180 1453 ·
3208 1422 3402 1493 τηρῶν
3428 1423 3725 1495 ἀπαρέγκλι-

2170 1529 2284 1577 τον,
2316 1512 2456 1583 πρός
2488 1530 2548 1566 τε
2601 1515 2669 1567 τὰ
2708 1512 2832 1566 κατ’
2867 1512 3109 1582 ἔλλειψιν
3148 1512 3367 1582 ταύτης
3398 1513 3492 1566 καὶ
3528 1512 3592 1566 τὰ
3628 1515 3718 1568 καθ’

2172 1602 2487 1676 ὑπερϐολὴν
2516 1604 2685 1675 πάθη.
2724 1604 2787 1658 τὸ
2820 1604 3083 1675 τριμερὲς
3118 1604 3222 1673 τῆς
3258 1603 3478 1674 ψυχῆςο
3524 1605 3725 1676 ἀποτρο-

2172 1694 2284 1763 πὴν
2315 1693 2373 1747 δὲ
2410 1694 2612 1759 παντὸς
2636 1696 2879 1767 πονηροῦ
2908 1696 3263 1767 πράγματος,
3288 1694 3387 1749 καὶ
3418 1696 3724 1766 συμπάθειαν

2174 1784 2312 1855 πρὸς
2343 1786 2551 1850 πάντας
2584 1787 2930 1857 ἀνθρώπους,
2981 1786 3392 1858 περιϐέϐληται
3423 1787 3584 1853 αὑτὸς
3613 1790 3725 1843 ὁδι-

2100 1858 2146 1917 Β
2173 1874 2503 1938 δασκαλικδς
2539 1874 2699 1943 λόγος
2740 1877 2944 1944 αὐτῆς·
2983 1869 3140 1944 ᾧτινι
3178 1867 3273 1927 οἷα
3305 1873 3543 1946 γλώττῃ,
3568 1875 3721 1947 ῥυθμί-

2173 1964 2259 2028 ζει
2292 1964 2431 2036 πρὸς
2455 1965 2660 2036 ἀρετὴν
2694 1965 2788 2018 τὸν
2813 1964 3155 2036 ἀνθρώπινον
3183 1963 3327 2034 βίον.

2251 2055 2335 2120 ιζ’.
2365 2058 2433 2110 Ai
2459 2055 2583 2109 ὁδοὶ
2611 2054 2821 2126 αὐτῆς,
2849 2055 2976 2110 ὁδοὶ
3001 2057 3205 2110 καλαί.
3234 2057 3302 2111 Οἱ
3324 2045 3534 2109 δὲ’κατ’
3561 2055 3716 2127 ἀρετήο.

2174 2165 2233 2202 τε
2265 2148 2359 2203 καὶ
2390 2147 2594 2219 γνῶσιν
2626 2147 2876 2221 διάφοροι
2913 2148 3128 2213 θεσαοὶ,
3152 2149 3253 2203 καὶ
3283 2147 3358 2202 τὰ
3389 2148 3642 2218 δόγματα,
3664 2143 3721 2211 οἷς

2174 2238 2314 2311 αὕτη
2344 2237 2421 2304 ὥς
2449 2257 2591 2294 τισιν
2624 2239 2764 2304 ὁδοῖς
2811 2239 3306 2312 ἐμπεριπατοῦσα,
3334 2240 3429 2294 τὸν
3464 2242 3523 2294 ὲν
3547 2241 3716 2311 ἑκάστῳ

2175 2335 2412 2387 ποιεῖται
2458 2331 2561 2402 τῆς
2608 2331 2886 2404 σωτηρίας
2925 2331 3171 2402 δρόμον,
3226 2332 3455 2404 εὐμαρῆ
3499 2334 3599 2386 εἰσι
3638 2334 3710 2395 τοῖς

2175 2422 2320 2477 κατά
2341 2421 2517 2476 ταῦτα
2549 2421 2650 2493 τὴν
2679 2422 2887 2475 οἰκείαν
2908 2420 3357 2493 διεξερχομένοις
3391 2421 3557 2492 ζωήν.

2247 2516 2358 2569 Καὶ
2410 2513 2599 2571 πᾶσαι
2636 2517 2697 2568 al
2734 2516 2923 2583 τρίὸοι
2958 2514 3152 2581 αὐτῆς
3187 2513 3324 2584 μετ’
3363 2517 3616 2583 ειρήνης.
3639 2513 3718 2567 Καὶ

2176 2610 2226 2663 οἱ
2250 2607 2442 2677 τρόποι
2470 2607 2579 2661 τῶν
2601 2607 2838 2679 ἀρετῶν,
2862 2601 2944 2671 οἷς
2969 2607 3250 2677 διαφόρως
3274 2608 3402 2676 ἄγει
3432 2606 3564 2680 πρὸς
3584 2622 3718 2675 σωςη.

2178 2701 2304 2774 ρίαν
2326 2701 2455 2764 τοὺς
2484 2700 2791 2771 ἑπομένους
2819 2699 2982 2769 αὐτῇ,
3012 2697 3377 2767 ὲνεργοῦνται
3413 2697 3548 2770 μετά
3576 2698 3717 2765 πάσης

2177 2793 2505 2864 ἀπαλλαγῆς
2543 2792 2732 2848 παθῶν
2794 2790 2948 2862 παρὰ
3008 2790 3254 2845 τούτων’
3309 2791 3387 2857 ὡς
3424 2792 3557 2862 μήτε
3597 2788 3718 2859 δόξης

2178 2887 2388 2955 ἕνεκεν,
2433 2888 2571 2959 μήτε
2636 2888 2801 2958 χάριν
2844 2885 3380 2956 άνθρωπαρεσκείας
3432 2886 3523 2940 καὶ
3556 2882 3720 2938 ἐπιδεί-

2181 2980 2336 3046 ξεως,
2371 2981 2472 3051 τὴν
2507 2981 2709 3053 ἀρετὴν
2738 2980 2773 3052 ἢ
2808 2979 2907 3052 τὴν
2960 2978 3203 3051 μελέτην
3252 2980 3366 3036 τῶν
3397 2979 3549 3034 θείων
3583 2976 3722 3045 λόγων

2183 3071 2628 3142 μετερχομένων.

2256 3167 2346 3231 ιη’.
2396 3160 2598 3215 Ξύλον
2635 3160 2786 3231 ζωῆς
2829 3162 2964 3216 ἐστι
3001 3161 3154 3218 πᾶσι
3188 3161 3320 3230 τοῖς
3353 3156 3723 3230 ἀντεχομένοις

487 3244 671 3300 derint
707 3263 847 3311 eam,
879 3257 933 3302 et
979 3249 1044 3302 iis
1078 3251 1168 3319 qui
1213 3266 1371 3319 super
1419 3268 1559 3316 eam,
1608 3261 1668 3305 ut
1718 3253 1774 3306 in
1818 3252 1988 3307 Deum
2021 3270 2078 3308 se

2183 3250 2393 3320 αὐτῆς,
2423 3252 2667 3320 καὶτοῖς
2687 3254 3165 3325 ἐπερειδομένοις
3190 3254 3288 3310 ἐπ’
3314 3254 3525 3321 αὐτὴν,
3555 3252 3624 3317 ὡς
3647 3247 3723 3304 ἐπὶ

490 3341 858 3410 ﬁrmaverint,
915 3340 1206 3399 beatitudo.
1258 3342 1492 3414 Lignum
1522 3385 1538 3408 ,
1594 3346 1903 3416 spiritualis
1954 3349 2079 3403 vitae

495 3433 736 3487 fructum
793 3431 1001 3493 ferens,
1033 3444 1122 3489 est
1174 3435 1227 3488 in
1277 3435 1534 3491 omnilms
1565 3437 1657 3506 qui
1688 3452 1782 3507 per
1819 3437 2076 3494 ail‘ectum

495 3523 566 3581 ad
618 3537 738 3578 eam
787 3524 1059 3593 aspirarit,
1092 3532 1147 3580 et
1196 3525 1320 3580 illos
1372 3526 1468 3596 qui
1519 3526 1573 3580 in
1623 3543 1709 3593 ea,
1742 3543 1840 3599 per
1891 3527 2078 3596 ﬁdem,

493 3623 761 3687 tanquam
815 3617 871 3670 in
926 3616 1289 3685 omnipotenti
1345 3616 1442 3672 Dei
1494 3632 1749 3676 sermone
1801 3619 2077 3690 nituntur,

484 3698 566 3763 'ab
591 3708 737 3763 omni
768 3708 913 3763 malo
941 3709 1205 3764 custodit.

564 3820 737 3877 Vens.
770 3823 858 3886 19,
887 3821 979 3880 ΞΟ.
1014 3823 1273 3879 Dominus
1296 3827 1559 3894 sapientia
1583 3827 1828 3895 fundavit
1851 3839 2080 3898 terram;

482 3914 785 3985 prudentia
816 3916 1075 3971 stabilivit
1112 3918 1302 3972 caelum
1333 3935 1351 3974 :
1382 3920 1647 3989 sapientia
1694 3923 1845 3978 illius
1890 3941 2081 3995 erupe-

495 4019 623 4068 runt
643 4012 862 4082 abyssi;
910 4021 960 4066 et
1011 4012 1171 4067 nubes
1217 4013 1428 4067 stillant
1473 4030 1668 4069 rorem.
1704 4015 1841 4071 Cum
1882 4034 2082 4089 supra-

496 4103 668 4158 dictis
707 4102 991 4174 sapientiaa
1025 4104 1330 4171 beneﬁciis,
1362 4105 1481 4176 ipse
1513 4106 1656 4162 Deus
1695 4116 1751 4162 et
1778 4105 1963 4177 Pater,
1997 4123 2085 4165 sa-

494 4193 745 4275 pientia,
794 4195 955 4267 quasi
1002 4210 1103 4251 sua
1156 4209 1254 4267 per
1306 4213 1367 4253 se
1413 4199 1753 4256 subsistente
1812 4208 2085 4272 potestate

500 4284 873 4340 consolidavit
921 4285 1122 4341 siccam
1170 4296 1372 4342 terram
1417 4305 1586 4359 super
1617 4299 1870 4345 naturam
1904 4291 2082 4348 liuen-

496 4376 638 4431 tium
674 4384 944 4446 aquarum
982 4395 996 4433 ;
1031 4380 1256 4449 proprio
1294 4381 1531 4436 consilio
1565 4382 1739 4437 caelos
1773 4383 2022 4439 extendit
2066 4400 2081 4437 :

438 4504 441 4505 ν
491 4479 559 4528 et
594 4469 699 4525 sub
739 4470 1083 4525 ﬁrmamento
1107 4479 1159 4525 et
1191 4487 1355 4542 super
1386 4473 1806 4529 .lirmamentum
1848 4491 1951 4531 suo
1996 4477 2086 4548 ju-

2185 3345 2429 3413 Κύριον,
2478 3343 2788 3413 ἀσφαλής.
2822 3345 2995 3399 Φυτὸν
3046 3346 3159 3418 γάρ
3203 3347 3324 3399 ἐστι
3385 3336 3723 3412 καρποφοροῦν

2185 3434 2283 3506 τὴν
2346 3436 2405 3489 ἐν
2456 3435 2729 3507 πνεύματι
2766 3436 2936 3507 ζωὴν,
2996 3436 3171 3491 ἅπασι
3203 3439 3320 3501 τοῖς
3361 3434 3498 3489 κατὰ
3528 3431 3723 3487 διάθεσιν

2185 3528 2661 3599 ἀντιποιουμένοις
2715 3529 2912 3600 αὐτῆς,
2972 3531 3067 3582 καὶ
3113 3531 3231 3594 τοῖς
3271 3529 3369 3583 ἐπὶ
3428 3526 3589 3596 ταύτῃ
3613 3519 3723 3577 κατὰ

2188 3620 2374 3674 πίστιν
2412 3620 2862 3693 ὲστηριγμένοις,
2922 3619 2997 3684 ὡς
3047 3621 3142 3674 ἐπὶ
3203 3617 3598 3688 παντοκράτορι
3631 3608 3724 3680 Θεῷ

2189 3709 2375 3782 Λόγῳ,
2407 3709 2723 3781 φυλακτικὴ
2758 3710 2867 3763 ἀπὸ
2909 3707 3110 3774 παντὸς
3141 3711 3386 3782 ὑπάρχει
3417 3704 3601 3762 κακοῦ.

2263 3823 2351 3888 ιθ’,
2382 3829 2451 3879 κ’.
2491 3823 2555 3877 '0
2586 3823 2750 3889 Θεὸς,
2774 3822 2849 3891 τῇ
2875 3823 3065 3891 σοφίᾳ
3091 3822 3452 3892 ἐθεμελίωσε
3480 3817 3586 3884 τὴν
3608 3811 3721 3883 τῆν’

2189 3915 2482 3985 ἡτοίμασε
2522 3915 2593 3969 δὲ
2618 3916 2882 3985 οὐρανὸν
2916 3916 2988 3970 ἐν
3021 3914 3322 3985 φρονήσει
3345 3931 3359 3946 ο
3389 3913 3458 3968 ἐν
3488 3905 3723 3972 αἰσθήσει

2189 4007 2382 4063 αὑτοῦ
2424 4007 2690 4065 ἄϐυσσοι
2733 4006 3099 4080 ἐρῤἀγησαν,
3140 4008 3298 4079 νέφη
3337 4007 3406 4060 δὲ
3429 4003 3596 4073 won
3618 3996 3723 4063 δρὸ·

2191 4112 2333 4153 σον.
2372 4099 2531 4154 Μετὰ
2573 4100 2796 4155 πάντων
2838 4099 2897 4153 δὲ
2943 4100 3053 4154 τῶν
3098 4100 3412 4171 εἰρημένων
3437 4095 3533 4166 τῆς
3571 4089 3723 4159 σοφίας

2192 4190 2667 4261 κατορθωμάτων,
2697 4191 2792 4246 καὶ
2825 4191 2992 4257 αὐτὸς
3014 4191 3044 4244 ὁ
3065 4191 3202 4256 Θεὸς
3230 4193 3329 4246 καὶ
3357 4188 3559 4259 Πατὴρ,
3587 4179 3723 4249 ταύτῃ

2192 4283 2268 4347 ὡς
2329 4282 2686 4354 ὲνυποστάτῳ
2743 4282 2973 4355 δυνάμει
3023 4283 3191 4338 αὑτοῦ
3246 4281 3483 4354 ἐπήξατο
3531 4277 3612 4330 ἐπὶ
3648 4273 3722 4339 τῆς

2140 4426 2141 4429 η
2194 4372 2366 4445 ρυτῆς
2398 4374 2510 4428 τῶν
2559 4374 2772 4429 ὑδάτων
2812 4375 3033 4445 φύσεως
3065 4375 3163 4446 τὴν
3217 4374 3391 4446 ξηρὰν
3432 4371 3559 4440 τῆν’
3604 4378 3721 4433 παρ·

2193 4465 2373 4534 ήγαγε
2431 4464 2488 4518 δὲ
2535 4466 2802 4537 οὐρανοὺς
2829 4468 2897 4538 τῇ
2957 4466 3063 4538 ἰδίᾳ
3094 4465 3258 4537 βουλῇ
3282 4483 3295 4496 ·
3328 4464 3426 4520 καὶ
3466 4463 3529 4532 τῇ
3581 4456 3721 4527 κρίσει

498 4558 653 4615 dicio
681 4575 836 4631 aqua:
864 4570 994 4615 sunt
1020 4562 1214 4619 divisa:
1240 4580 1253 4617 :
1279 4571 1332 4617 et
1361 4563 1564 4633 pluviis
1594 4574 1798 4621 terram
1827 4543 2081 4639 irrigare,

2192 4557 2359 4613 αὑτοῦ
2394 4557 2622 4631 διῃρέθη
2653 4557 2723 4610 τὰ
2762 4556 2936 4612 ὕδατα
2963 4557 3077 4612 ἄνω
3110 4558 3206 4611 καὶ
3232 4558 3383 4612 κάτω
3416 4552 3506 4608 τοῦ
3522 4543 3722 4639 περεὼ-

498 4653 678 4710 nubes
709 4652 1124 4711 mandaverunt.

581 4850 744 4908 Vens.
778 4851 870 4908 21.
906 4850 1039 4920 Fili,
1073 4870 1136 4909 ne
1163 4855 1415 4926 eﬁiuaris.
1451 4856 1686 4925 Idcirco,
1719 4858 1816 4925 lili,
1846 4859 1941 4931 qui
1975 4859 2087 4916 scis

495 4947 689 5000 citima
734 4944 904 5000 verbo
942 4944 1037 5001 Dei
1087 4946 1412 5013 subsistere,
1456 4963 1525 5005 ne
1562 4965 1660 5020 per
1705 4960 2086 5006 creaturarum

500 5038 969 5109 pulchritudinem
993 5047 1047 5093 et
1070 5039 1466 5096 sublimitatem
1487 5043 1770 5106 exciteris.
1791 5044 1858 5098 ad
1882 5045 2006 5100 illas
2029 5043 2086 5098 in

500 5131 640 5187 deos
674 5131 1055 5201 accipiendas,
1080 5141 1135 5187 et
1169 5131 1235 5185 ad
1270 5131 1466 5201 Deum,
1503 5133 1750 5189 omnium
1781 5145 2084 5192 creatorem

494 5240 616 5280 non
644 5224 1116 5296 cognoscendum.

580 5334 816 5391 Observa
866 5351 1040 5391 meum
1085 5331 1398 5405 consilium,
1424 5348 1481 5393 et
1521 5339 1817 5395 scientiam.
1855 5339 2087 5395 Custodi

502 5427 564 5482 in
616 5427 775 5499 prati
824 5444 1005 5483 meum
1056 5430 1390 5496 consilium,
1442 5430 1693 5486 facienda
1739 5433 1836 5486 tibi
1891 5447 2090 5503 pr0po—

501 5535 670 5588 nens,
717 5527 772 5575 et
823 5520 881 5574 in
933 5519 1146 5577 tbeoria
1196 5522 1342 5593 piam
1394 5538 1521 5595 erga
1575 5523 1743 5580 Deum
1780 5524 2089 5596 intelligen-

500 5627 667 5667 ιιοιη.

578 5725 746 5780 Vens.
777 5723 871 5779 29..
911 5720 980 5778 Ut
1028 5725 1165 5779 vivat
1212 5727 1395 5782 anima
1437 5736 1549 5784 tua.
1586 5727 1655 5783 Ut
1683 5737 1773 5783 tua
1810 5728 1990 5783 anima
2028 5728 2092 5782 li-

504 5815 700 5871 innata
739 5832 770 5871 a
811 5824 988 5872 morte
1034 5831 1197 5886 quam
1243 5834 1334 5886 per
1379 5818 1751 5890 ignorantiam
1789 5822 1897 5877 veri
1938 5821 2086 5888 boni,

2200 4663 2403 4717 ματος*
2443 4647 2700 4718 ὑδρεύειν
2732 4647 2788 4700 δὲ
2818 4648 2918 4718 τὴν
2949 4648 3057 4717 γῆν
3085 4647 3226 4721 ὑετῷ
3258 4648 3329 4704 τὰ
3358 4648 3488 4715 νέφη
3530 4636 3711 4709 ἐτάχθη·

2196 4756 2317 4796 σαν.
2589 4757 2593 4761 ”

2261 4850 2370 4906 κα¹.
2401 4850 2515 4918 Υἱὲ,
2543 4850 2632 4921 μὴ
2672 4851 3045 4921 παραρῤυῇς.
3085 4853 3200 4917 Aab,
3234 4853 3440 4914 τέκνον,
3485 4844 3635 4918 μαθδν
3655 4839 3715 4892 ὅτι

2192 4942 2272 5014 τῷ
2301 4942 2448 5015 λόγῳ
2475 4942 2684 5014 Κυρίου
2714 4944 2924 5014 ὑπέστη
2957 4944 3081 4997 τόδε
3118 4944 3182 4997 τὸ
3210 4945 3341 5007 πᾶν,
3377 4940 3447 5012 μὴ
3482 4944 3718 5004 παρατρα-

2193 5040 2304 5109 πῇς
2328 5036 2421 5090 διὰ
2443 5036 2539 5090 τοῦ
2566 5036 2829 5107 μεγέθους
2875 5038 2970 5091 καὶ
2993 5038 3094 5107 τῆς
3120 5036 3381 5106 καλλονῆς
3404 5030 3506 5084 τῶν
3529 5019 3713 5090 κτισμά-

2192 5147 2323 5193 των,
2365 5132 2446 5194 εἰς
2480 5129 2542 5183 τὸ
2565 5128 2742 5182 ταῦτα
2772 5129 3119 5205 θεοποιῆσαι,
3149 5128 3358 5183 καὶτὸν
3388 5110 3713 5192 γενεσιουργδν

2195 5223 2416 5277 πάντων
2451 5219 2584 5276 Θεὸν
2619 5221 2909 5291 ἀγνοῆσαι.

2271 5335 2549 5404 Τῆρησον
2586 5333 2655 5389 δὲ
2689 5334 2844 5405 ἐμὴν
2865 5334 3113 5403 ,βουλὴν
3137 5334 3235 5388 καὶ
3257 5315 3711 5405 ἕννυιαν.Φύλαξογ

2194 5431 2251 5484 δὲ
2300 5400 2570 5500 τῆν-ἐμὴν
2621 5430 2680 5481 ὲν
2718 5400 2831 5498 ’μεν
2882 5428 2996 5492 τοῖς
3027 5400 3328 5496 πρακτέοις
3360 5416 3645 5489 παραξνεσιν
3663 5400 3710 5500 τὺ

2194 5522 2312 5575 δέον
2356 5496 2767 5589 ὑπο-τιθεμένην
2807 5535 2912 5579 σοι,
2954 5520 3014 5571 ὲν
3058 5518 3115 5571 δὲ
3148 5520 3262 5581 τοῖς
3303 5507 3601 5581 θεωρητέοις
3633 5496 3707 5566 τὴν

2197 5611 2401 5683 εὐσεϐῆ
2431 5612 2560 5683 περὶ
2591 5609 2727 5664 Θεοῦ
2758 5606 2987 5664 ἔννοιαν.

2268 5726 2375 5797 κβ’.
2428 5726 2551 5780 Ἵνα
2611 5723 2761 5793 ζήσῃ
2815 5724 2854 5793 ἡ
2901 5722 3074 5792 ψυχή
3134 5738 3271 5776 σου.
3315 5719 3490 5810 ’ξθπως

2201 5796 2425 5888 ἄγνοιαν
2464 5814 2556 5871 τοῦ
2593 5816 2759 5880 ὄντως
2791 5811 2955 5869 καλοῦ
2984 5814 3046 5868 ὲκ
3089 5813 3198 5868 τῶν
3240 5807 3420 5867 παθῶν
3446 5796 3705 5868 νεκρώσεωσ
