3958 6390
247 374 376 437 1249

1264 369 1807 433 CUMMENTARII
1846 366 1928 426 IN
1975 367 2438 432 PROVERBIA.

3355 370 3493 433 1250

227 487 604 557 ἀπαλλαγεϊσά
640 505 733 541 σου
774 488 806 558 ὴ
843 487 1013 558 ψυχὴ,
1054 487 1153 554 τῆς
1186 487 1244 539 ἐν
1292 484 1560 555 πνεύματι
1596 483 1803 535 ἀπαθε-

1919 490 2219 549 nperantur
2245 481 2598 550 cupiditates,
2639 497 2764 537 cum
2808 482 3018 538 sciendi
3062 483 3301 552 potentia
3330 485 3494 555 digna

231 585 428 650 στάτης
456 581 774 648 γνωστικῶς
804 579 1067 648 ἀξιωθείη
1104 577 1271 648 ζωῆς.

296 749 404 805 Καὶ
434 750 607 819 χάρις
628 746 668 822 ᾖ
695 753 825 821 περὶ
870 751 960 816 σῷ
990 751 1284 821 τραχήλῳ.
1336 748 1445 802 Καὶ
1486 744 1573 800 οἷα
1602 745 1803 798 δικαιο-

230 840 393 909 σύνης
424 839 610 908 ζυγὸς,
649 841 682 911 ἠ
728 840 1053 910 λαμπρότης
1091 840 1200 891 τῶν
1226 838 1455 892 ἐντολῶν
1503 836 1594 890 τοῦ
1641 835 1799 902 Θεοῦ,

229 927 514 999 ἐνυπάρχῃ
539 926 615 991 ὥς
641 945 750 981 τινι
771 929 1029 999 τραχήλῳ
1055 929 1133 998 τῷ
1156 927 1233 998 σῷ
1258 925 1632 996 προαιρετικῴ
1664 942 1805 995 πρα-

227 1017 456 1081 κτικῶς.

300 1109 514 1162 Ἔσται
551 1107 620 1161 δὲ
654 1107 820 1172 ἴασις
844 1105 1027 1176 σαρξί
1054 1121 1195 1171 σου,
1219 1103 1642 1172 καέἑπιμέλεια
1677 1103 1803 1170 τοῖς

228 1199 465 1264 ὀστέοις
492 1214 633 1254 σου.
677 1200 944 1270 ’Υπάρξει
978 1200 1036 1252 δὲ
1066 1197 1335 1269 θεραπεία
1360 1198 1469 1250 τῶν
1495 1200 1561 1267 τῇ
1593 1196 1803 1267 ἡδυπα-

227 1292 348 1362 θείᾳ
390 1290 880 1362 κατατριὸομένων
930 1289 1024 1344 τοῦ
1081 1289 1330 1361 σώματός
1371 1306 1475 1359 μου
1526 1289 1724 1359 μελῶν,
1767 1290 1801 1359 ἡ

228 1384 591 1455 σωφροσύνηο
649 1383 744 1437 καὶ
812 1381 1162 1454 περιποίησις
1228 1382 1339 1436 τῶν
1389 1382 1544 1450 δίκην
1599 1382 1803 1433 ὀστέων

224 1476 536 1530 τονωτικῶν
562 1479 665 1545 τῆς
694 1476 878 1546 ψυχῆς
926 1492 1020 1527 σου
1050 1474 1358 1545 δυνάμεων,
1385 1476 1465 1540 εἰς
1506 1477 1567 1527 τὸ
1598 1474 1672 1544 μὴ
1707 1471 1800 1526 τοῦ

222 1561 560 1632 ἁρμόζοντος
607 1561 1086 1634 παραθραύεσθαι,
1135 1564 1169 1634 ή
1213 1563 1444 1634 εὐσεϐὴς
1488 1564 1616 1634 περὶ
1665 1560 1799 1615 Θεοῦ

219 1651 430 1707 ἔννοια.

286 1743 406 1812 κγ’.
455 1744 584 1799 Ἵνα
630 1747 861 1815 πορεύῃ
892 1745 1191 1810 πεποιθὼς
1223 1743 1293 1798 ἐν
1341 1742 1551 1811 είρήνῃ
1596 1740 1802 1807 πάσας

1914 568 2179 623 habeatur
2219 571 2331 625 vita
2367 569 2603 641 spiritali
2633 587 2756 643 quae
2796 571 2869 628 sit
2914 589 2945 626 a
2998 572 3393 642 cupiditatibus
3427 576 3495 629 li-

1910 657 2060 712 beta.

1985 748 2052 802 Et
2083 752 2265 818 gratia
2299 751 2366 805 sit
2397 753 2540 807 circa
2571 763 2755 823 guttur
2785 764 2953 808 tuum.
2989 755 3055 807 Et
3081 756 3238 825 quasi
3266 755 3496 825 iustitia

1906 838 2122 908 jugum,
2168 840 2427 910 splendor
2473 846 2860 900 mandatorum
2912 847 3028 910 Dei,
3078 857 3186 903 tute
3236 849 3496 919 praeﬁca

1911 933 2205 995 Voluntati,
2246 943 2506 1003 tanquam
2540 938 2707 1000 collo,
2744 938 3144 994 circumdetur.

1982 1101 2103 1157 Erit
2154 1106 2361 1160 sanitas
2411 1109 2565 1162 carni
2614 1120 2739 1173 tute,
2778 1122 2830 1167 et
2876 1117 3083 1169 curatio
3120 1117 3323 1172 ossibus
3368 1118 3493 1171 tuis.

1916 1192 2146 1249 Sanatio
2205 1198 2455 1265 corporis
2513 1200 2592 1253 tui
2651 1206 3070 1270 membrorum,
3125 1221 3156 1260 a
3219 1209 3497 1277 voluptate

1908 1295 2395 1355 consumptorum,
2432 1290 2538 1343 crit
2574 1296 2935 1360 temperantia
2968 1314 2980 1348 :
3015 1305 3069 1348 et
3105 1300 3255 1354 salus
3298 1298 3496 1353 animae

1910 1382 2019 1428 tua:
2054 1380 2426 1445 potentiarum
2458 1398 2599 1449 quze,
2635 1393 2894 1453 tanquam
2950 1403 3076 1442 ossa
3122 1401 3249 1445 sunt
3294 1407 3394 1461 pro
3432 1407 3496 1444 ea

1911 1464 2257 1531 fulcimcnta,
2290 1483 2359 1521 ne
2403 1468 2474 1524 ab
2517 1486 2580 1524 co
2628 1473 2721 1540 qui
2770 1488 2833 1526 ea
2887 1474 2938 1527 in
2987 1480 3261 1546 propriam
3307 1481 3493 1535 sedem

1907 1555 2177 1621 collocat,
2229 1556 2585 1629 frangantur,
2637 1564 2747 1617 erit
2797 1566 2886 1633 pia
2940 1581 3070 1638 erga
3127 1570 3290 1625 Deum
3346 1573 3495 1643 cogi-

1909 1648 2067 1699 talio.

1978 1735 2146 1791 Vnus.
2185 1737 2275 1794 25.
2319 1738 2389 1794 Ut
2435 1743 2670 1797 ambules
2711 1745 2765 1798 in
2809 1746 3009 1814 ﬁducia
3054 1759 3103 1803 et
3154 1767 3281 1818 pace
3317 1769 3499 1811 omnes

214 1833 321 1900 τὰς
369 1835 549 1901 ὁδούς
586 1851 737 1901 σου,
786 1840 818 1891 ό
869 1835 939 1890 δὲ
980 1836 1137 1900 πούς
1192 1852 1308 1889 σου
1364 1835 1437 1886 οὐ
1486 1831 1567 1899 μὴ
1609 1847 1799 1899 προσ-

1919 1825 2012 1879 iias
2039 1835 2180 1889 tuas,
2204 1838 2253 1881 et
2282 1846 2372 1897 pes
2403 1839 2522 1886 tuus
2552 1848 2655 1886 non
2689 1834 2945 1903 o/fendat.
2982 1836 3051 1891 Ut
3086 1842 3328 1907 practice
3358 1843 3498 1895 fidit-

214 1927 440 1994 κόπτ’ῃ.
487 1926 576 1987 Ὠς
633 1926 701 1980 ἂν
752 1928 1083 1998 πρακτικῶς
1146 1925 1402 1996 διεξέρχῃ
1454 1924 1693 1996 θαρρῶν,
1746 1924 1804 1976 ὲν

218 2016 581 2090 ἀπαθεστάτῃ
610 2016 723 2083 ἔξει
762 2019 858 2072 καὶ
893 2018 1173 2089 ἀταράχῳ,
1206 2018 1382 2079 πάσας
1419 2016 1518 2079 τὰς
1560 2019 1640 2078 εἰς
1672 2015 1805 2067 Θεὸν

223 2106 504 2177 φερούσας
546 2107 740 2161 τούτου
784 2109 1006 2172 ἐντολάς
1033 2124 1049 2139 ⁸
1091 2105 1188 2161 καὶ
1234 2107 1296 2160 τὸ
1348 2106 1456 2160 ἀπὸ
1487 2106 1805 2179 προτάσεων

224 2199 555 2268 ἀρχόμενον,
606 2199 704 2252 καὶ⁸
749 2199 913 2269 μέχρι
955 2198 1447 2270 συμπερασμάτων
1479 2197 1667 2265 διῆκον
1694 2196 1808 2250 δια·-

224 2289 483 2360 νοητικόν
518 2306 634 2353 σου,
668 2290 730 2342 οὐ
758 2291 834 2360 μὴ
870 2290 1190 2362 προσκρούῃ
1215 2287 1396 2354 δόξαις
1418 2288 1695 2358 ψευδέσιν.

291 2381 394 2435 κδ’.
447 2381 590 2436 Ἐὰν
627 2384 736 2452 γὰρ
763 2382 939 2450 κάθῃ,
980 2382 1206 2453 ἄφοϐος
1239 2382 1387 2450 ἔσῃ·
1422 2383 1531 2436 ἐὰν
1568 2380 1636 2434 δὲ
1666 2382 1807 2435 καθ-

225 2472 430 2542 εύδῃς,
464 2475 659 2542 ήδέως
695 2473 1017 2540 ὑπνώσεις.
1056 2474 1180 2528 Εἴτε
1225 2474 1334 2545 γὰρ
1372 2472 1466 2526 τοῦ
1511 2472 1676 2526 πόνου
1705 2473 1807 2537 τῆς

230 2564 434 2636 ἀρετῆς
471 2564 668 2635 μικρὸν
691 2566 791 2636 τὴν
821 2567 999 2637 σάρκα
1018 2564 1397 2629 διαναπαύεις,
1423 2565 1485 2616 οὐ
1517 2563 1807 2635 φοϐηθήσῃ

223 2655 318 2718 τὰς
347 2655 582 2724 ἐφόδους
604 2656 712 2709 τῶν
753 2656 1084 2726 πνευμάτων
1123 2656 1225 2725 τῆς
1268 2655 1532 2727 πονηρίας
1553 2668 1567 2683 ⁸
1611 2653 1687 2717 ὡς
1715 2653 1804 2707 ἀεὶ

220 2748 312 2801 τὸν
348 2748 482 2801 νοῦν
513 2746 654 2819 ἔχων
684 2748 1110 2818 προσηλωμένον
1155 2746 1307 2818 Θεῷ’
1349 2745 1451 2800 εἷθ’
1496 2746 1683 2806 ὑπνοῖς
1712 2743 1805 2797 τὸν

220 2837 407 2908 τίμιον
431 2839 676 2891 ἐναντίον
696 2838 908 2910 Κυρίου
936 2837 1169 2891 θάνατον
1196 2836 1306 2889 τῶν
1327 2834 1492 2889 ὁσίων
1517 2831 1705 2896 αὐτοῦ,
1736 2832 1803 2902 τῇ

221 2931 400 2984 ἐλπίδι.
431 2931 533 2999 τῆς
557 2927 908 2992 ἀναστάσεως
942 2930 1035 2982 καὶ
1056 2929 1164 2982 τῶν
1192 2924 1622 2997 ἐπηγγελμένων
1653 2921 1806 2994 παρὰ

224 3020 360 3075 Θεοῦ
400 3021 647 3089 ἀγαθῶν,
680 3021 779 3091 ἔσῃ
816 3018 1344 3091 ὲπευφραινόμενος.

294 3120 396 3168 κε’.
449 3112 557 3168 Καὶ
585 3114 658 3167 οὐ
706 3110 1025 3182 φοϐηθήσῃ
1082 3114 1346 3178 πτόησιν
1397 3108 1804 3169 ἐπελθοῦσαν,

1907 1918 2013 1981 cia,
2050 1920 2270 1989 plenus,
2305 1921 2417 1975 vita
2455 1938 2563 1977 non
2615 1925 2856 1991 turbata,
2885 1944 3007 1997 qua:
3056 1931 3125 1983 sit
3158 1945 3187 1983 a
3224 1932 3497 2001 cupidita-

1904 2012 2055 2067 tibus
2103 2014 2298 2079 libera,
2338 2014 2672 2085 ingrediaris
2722 2020 2905 2074 omnia
2955 2020 3050 2076 Dei
3099 2026 3375 2088 mandata,
3424 2027 3493 2080 ad

1907 2103 2059 2158 illum
2095 2104 2326 2161 ferentia
2362 2126 2373 2160 :
2411 2116 2470 2161 ut
2507 2120 2600 2163 tua
2634 2109 3013 2182 intelligentia.
3044 2129 3074 2168 a
3108 2115 3394 2184 prinripiis
3424 2117 3497 2170 ad

1904 2195 2318 2256 conclusiones,
2351 2212 2686 2266 percurrens
2714 2203 3069 2270 Qttazstiones,
3096 2206 3162 2258 ad
3188 2208 3497 2261 sententias

1907 2285 2077 2341 falsas
2106 2301 2215 2340 non
2246 2287 2511 2343 offendat.
2564 2290 2583 2303 ‘

1974 2374 2143 2432 Vsus.
2175 2377 2266 2431 24.
2302 2378 2364 2432 Si
2401 2377 2715 2447 descendas,
2750 2384 2863 2438 sine
2901 2384 3090 2439 timore
3118 2387 3256 2449 eris;
3292 2387 3339 2440 si
3369 2386 3496 2439 dor-

1906 2470 2116 2532 mieris.
2164 2471 2404 2525 suaviter
2446 2473 2701 2528 dormies.
2754 2476 2810 2529 Si
2859 2491 3061 2545 corpus
3108 2487 3260 2531 tuum
3307 2479 3501 2533 laboro

1906 2556 2132 2609 virtutis
2159 2554 2389 2621 fessum,
2426 2560 2711 2627 paululum
2752 2562 3103 2631 requiescere
3131 2548 3394 2630 volueris,
3426 2565 3501 2620 ab

1908 2639 2323 2697 incursionibus
2353 2643 2651 2713 spirituum
2684 2647 3051 2716 malignorum
3095 2665 3205 2703 non
3248 2651 3499 2716 timebis,

1905 2733 2036 2801 quia
2090 2747 2308 2802 semper
2352 2735 2582 2803 spiritus
2636 2745 2766 2793 tuus
2795 2739 2846 2792 in
2878 2739 2989 2794 Deo
3029 2740 3171 2796 fixus
3195 2753 3301 2796 est.
3333 2772 3404 2781 —
3434 2740 3499 2797 Si

1908 2823 2204 2878 dormieris
2252 2834 2483 2879 mortem
2533 2835 2851 2881 sam-torum
2901 2829 3033 2894 Dei,
3081 2832 3379 2900 pretiosam
3436 2834 3492 2887 in

1906 2924 2205 2982 conspectu
2242 2915 2385 2984 ejus,
2417 2918 2841 2973 resurrectionis
2886 2928 2941 2974 et
2986 2920 3254 2976 bonorum
3304 2937 3335 2977 a
3380 2923 3499 2975 Deo

1906 3005 2306 3072 promissorum
2340 3021 2435 3075 spe
2464 3006 2751 3076 gaudebis.

1984 3114 2154 3172 Vens.
2192 3115 2288 3174 25.
2319 3115 2445 3170 Non
2482 3118 2693 3172 timebis
2726 3127 2982 3173 terrorem
3017 3122 3369 3189 repentinum,
3402 3137 3499 3175 nec

224 3204 371 3260 οὐδὲ
409 3205 596 3272 ὁρμὰς
624 3204 862 3259 ἀσεϐῶν
916 3201 1344 3272 ἐπερχομένας.
1386 3200 1497 3255 Καὶ
1540 3199 1601 3253 οὐ
1636 3215 1803 3270 πτοη-

1919 3206 2287 3262 desolationem
2321 3207 2630 3275 impiorum,
2667 3227 2784 3264 cum
2829 3212 3053 3265 venerit.
3089 3211 3207 3267 Non
3251 3214 3490 3275 timebis.

224 3295 367 3367 θήσῃ
398 3295 488 3350 διὰ
523 3295 765 3360 συνειδὸς
786 3295 1234 3362 ἀκατάγνωστον,
1257 3291 1658 3363 ἐκδειματωσίν
1680 3308 1805 3345 τινα.

219 3386 580 3456 δαιμονιώδη,
612 3378 1075 3456 παραγενομένην
1106 3401 1192 3436 σοι
1213 3382 1353 3453 μετὰ
1373 3382 1470 3454 τὴν
1492 3382 1673 3449 ἔξοδον
1702 3383 1805 3450 τῆς

218 3477 511 3547 παρούσης
541 3476 709 3547 ζωῆς,
739 3475 882 3529 ὥστε
930 3473 1189 3544 διακόψαι
1226 3490 1287 3526 σε
1325 3473 1424 3542 τῆς
1478 3472 1616 3544 πρὸς
1667 3473 1802 3526 Θεὸν

215 3566 472 3631 ἐλπίδος·
503 3565 628 3619 οὔτε
663 3566 1016 3637 καταδρομὰς
1044 3564 1155 3618 τῶν
1184 3564 1544 3619 ἀποστάντων
1583 3563 1800 3628 τούτου,

212 3658 311 3712 καὶ
348 3659 432 3730 μὴ
454 3657 759 3729 ,τιμώντων
792 3658 957 3712 αὑτὸν
1003 3656 1333 3726 πνευμάτων
1378 3654 1480 3725 τῆς
1512 3653 1798 3727 πονηρίας,

218 3749 489 3813 ἐπιούσας
517 3767 601 3803 σοι
626 3751 684 3803 ἐν
706 3750 842 3821 ζωῇ,
864 3748 1009 3802 ὥστε
1040 3746 1151 3802 τῶν
1173 3746 1334 3801 θείων
1364 3743 1595 3802 ἐντολῶν
1623 3762 1804 3817 παρα-

219 3842 398 3912 ϐάτην
427 3840 814 3895 ἀποδεικνύειν
845 3856 928 3894 σε.

292 3937 409 3999 κςν.
459 3931 520 3985 '0
549 3932 662 4002 γὰρ
683 3932 899 3999 Κύριος
918 3931 1089 3985 ἔσται
1111 3929 1208 3983 ἐπὶ
1238 3927 1454 3984 πασῶν
1477 3926 1637 3982 ὁδῶν
1659 3942 1800 3992 σου,

218 4022 321 4077 καὶ
350 4022 570 4090 ἐρείσει
593 4021 713 4074 σὸν
735 4020 912 4085 πόδα,
934 4020 1037 4074 ἵνα
1055 4018 1142 4089 μὴ
1167 4017 1461 4087 σαλευθῇ.
1488 4017 1664 4082 Αὐτὸς
1691 4016 1803 4087 γὰρ

217 4114 246 4165 ὁ
274 4111 387 4164 τῶν
414 4109 552 4164 ὅλων
583 4111 868 4176 Δεσπότης
900 4108 1034 4173 Θεὸς
1090 4108 1274 4162 ἔσεται
1318 4108 1377 4160 ἐν
1426 4108 1634 4172 πάσαις
1677 4109 1803 4172 ταῖς

218 4204 277 4257 ἐν
308 4202 425 4273 ζωῇ
459 4203 581 4256 κατ’
609 4202 814 4271 ἀρετὴν
862 4202 1112 4270 πορείαις
1150 4216 1268 4263 σου,
1310 4199 1523 4269 ὁδηγῶν
1557 4216 1617 4252 σε
1664 4198 1802 4269 πρὸς

221 4291 523 4363 σωτηρίαν,
545 4289 636 4342 διὰ
665 4289 774 4343 τῶν
810 4289 982 4357 ἁγίων
1025 4288 1194 4341 αὑτοῦ
1228 4288 1461 4341 ἐντολῶν
1482 4304 1495 4319 ·
1537 4288 1678 4342 ἀλλά
1710 4287 1804 4342 καὶ⁸

222 4381 364 4453 μετά
414 4380 512 4453 τὴν
563 4381 744 4446 ἔξοδον
786 4381 888 4451 τῆς
935 4380 1220 4452 παρούσης
1253 4380 1421 4450 ζωῆς,
1459 4380 1706 4451 στηρίξει
1742 4383 1803 4435 ἐν

1905 3296 1978 3352 ob
2005 3306 2157 3353 tuam
2193 3300 2734 3368 irreprcliensibilem
2771 3304 3190 3370 conscientiam,
3225 3320 3254 3357 a
3298 3307 3496 3361 timore

1903 3382 2169 3438 daemonis
2198 3385 2314 3453 qui,
2342 3387 2395 3437 in
2431 3387 2669 3440 transitu
2699 3388 2768 3441 ab
2804 3388 2908 3442 hac
2943 3393 3197 3458 praesenti
3229 3393 3361 3454 vita,
3394 3393 3493 3446 tibi

1905 3475 2105 3542 aderit,
2139 3484 2202 3529 ut
2249 3486 2301 3530 te
2342 3492 2370 3529 a
2423 3476 2514 3530 Dei
2556 3493 2653 3546 spe
2700 3489 2912 3533 avertat
2955 3496 2969 3534 :
3009 3496 3117 3536 non
3167 3482 3495 3539 formidabis

1905 3548 2256 3622 incursiones
2285 3566 2380 3619 Dei
2420 3567 2790 3629 inimicorum,
2827 3578 2882 3622 et
2917 3571 3208 3638 spirituum
3242 3574 3489 3637 malitim,

1905 3657 2062 3713 illum
2125 3674 2237 3712 non
2267 3659 2562 3713 colentium
2596 3661 2687 3729 qui
2725 3659 2780 3714 in
2814 3663 2919 3715 \‘ita
2954 3672 3006 3717 te
3035 3664 3320 3730 invadunt,
3351 3675 3411 3719 ut
3441 3674 3496 3721 te

1908 3748 2002 3804 Dei
2034 3749 2416 3804 mandatorum
2449 3749 2768 3805 violatorem
2797 3753 3058 3810 efﬁciant.
3151 3743 3159 3752 ’

1974 3926 2141 3983 Vens.
2174 3926 2266 3980 ‘26.
2309 3926 2568 3981 Dominus
2610 3931 2710 3983 erit
2756 3930 2811 3983 in
2855 3931 3102 3985 omnibus
3137 3931 3234 3985 riis
3281 3932 3406 3996 tuis,
3439 3943 3504 3987 et‘

1904 4018 2141 4088 ﬁrmabit
2189 4018 2372 4086 pedem
2404 4027 2571 4085 tuum,
2606 4037 2668 4074 ne
2692 4022 2894 4076 titubet.
2927 4021 3046 4093 Ipse
3098 4034 3282 4077 autem
3323 4023 3495 4086 Deus,

1904 4111 2149 4166 omnium
2189 4110 2480 4179 Dominus,
2508 4113 2613 4166 erit
2653 4116 2707 4166 in
2746 4115 3005 4169 omnibus
3037 4117 3163 4170 vitae
3190 4116 3350 4171 bonae
3381 4126 3499 4171 tuae

1904 4203 2135 4268 semitis,
2178 4209 2230 4257 te
2278 4218 2374 4273 per
2426 4219 2526 4257 sua
2582 4214 2773 4259 sancta
2822 4207 3077 4260 mandata
3135 4209 3200 4262 ad
3257 4209 3497 4264 salutem

1904 4291 2153 4360 ducens;
2181 4293 2276 4348 sed
2299 4293 2466 4348 etiam
2500 4294 2555 4348 in
2584 4296 2818 4350 transitu
2842 4311 2872 4349 a
2898 4298 3007 4350 vita
3035 4300 3313 4365 prmsenti,
3341 4307 3499 4353 tuam

1902 4383 1959 4438 in
2020 4398 2087 4437 eo
2134 4399 2310 4453 spem,
2359 4395 2419 4438 ut
2469 4385 2760 4454 quemdam
2813 4388 3027 4457 pedem.
3077 4388 3130 4441 in
3180 4389 3299 4442 loco
3348 4398 3493 4453 tuto,

218 4471 405 4542 ἐαυτῷ
434 4472 534 4542 τὴν
565 4472 762 4526 ἐλπίδα
810 4489 941 4533 σου,
972 4470 1046 4533 ὥς
1087 4489 1210 4525 τινα
1261 4470 1416 4536 πόδα,
1460 4472 1519 4525 ἐν
1566 4471 1803 4541 ἀσφαλεῖ

1919 4473 2295 4541 :onsolidabit,
2332 4492 2401 4530 ne
2428 4476 2497 4531 ab
2526 4492 2592 4532 eo
2626 4482 2942 4547 separeris:
2979 4479 3094 4532 [nec
3134 4490 3266 4533 sunt
3307 4490 3497 4535 autem

218 4563 372 4632 τόπῳ
403 4601 419 4626 ,
454 4559 541 4613 ἵνα
577 4561 654 4632 μὴ
697 4559 863 4614 αὑτοῦ
908 4561 1118 4630 ἀποστῇ
1139 4576 1155 4593 ο
1191 4563 1225 4628 ἡ
1254 4560 1311 4614 δὲ
1335 4560 1404 4613 τὰ
1433 4561 1683 4632 πρακτέα
1716 4579 1800 4616 σοι

220 4651 596 4722 ὑποτιθεμὲνη
627 4650 735 4722 ἐμὴ
773 4650 1120 4720 παραίνεσις,
1145 4649 1286 4721 αὕτη
1311 4651 1480 4706 ἐστίν.

290 4742 399 4809 κζ’.
435 4747 496 4798 Μ
502 4743 535 4813 ὴ
556 4744 801 4812 ἀπόσχῃ
823 4737 891 4797 εὖ
930 4742 1126 4796 ποιεῖν
1147 4742 1350 4811 ἐνδεῆ,
1384 4744 1570 4812 ἡνίκα
1590 4742 1670 4797 ἂν
1688 4744 1800 4813 ἔχῃ

217 4837 257 4905 ἠ
301 4836 439 4907 χείρ
489 4850 609 4889 σου
651 4833 922 4899 βοηθεῖν.
974 4833 1066 4904 Μὴ
1117 4833 1300 4905 παύσῃ
1353 4834 1663 4904 εὐεργετεῖν
1709 4836 1801 4889 τὸν

218 4928 416 4998 ἔχοντα
476 4925 667 4998 χρείαν
727 4925 1308 4995 εὐεργετεῖσοαιοέως
1349 4925 1416 4979 ἄν
1474 4943 1556 4979 σοι
1614 4929 1695 4990 εἰς
1741 4927 1803 4980 τὸ

219 5020 495 5088 ἐπαρκεῖν
528 5016 700 5086 αὐτῷ,
736 5016 1026 5085 περιουσία
1057 5017 1228 5072 ἐστίν.

294 5114 404 5178 κη’.
427 5111 486 5161 Μ
492 5107 525 5174 ἡ
546 5106 750 5173 siam.
766 5095 1148 5161 Ἐπανελθὼν
1175 5106 1463 5175 ἐπάνηκε,
1481 5109 1577 5162 καὶ
1593 5109 1803 5178 αὔριον

220 5198 418 5262 δώσω,
460 5197 723 5253 δυνατοῦ
788 5214 904 5253 σου
965 5199 1138 5265 ὄντος
1181 5195 1252 5255 εὖ
1303 5199 1526 5254 ποιεῖν’
1570 5204 1643 5256 οὐ
1694 5201 1802 5269 γὰρ

222 5285 394 5353 οτδας
427 5288 488 5340 τί
511 5287 744 5350 τέξεται
780 5288 820 5355 ἡ
852 5286 1132 5341 ἐπιοῦσα.
1160 5290 1253 5358 Μὴ
1282 5289 1664 5363 παραπέμψῃς
1705 5291 1803 5344 αὐ-

223 5379 314 5433 τὸν
333 5381 414 5442 εἰς
433 5379 532 5448 τὴν
561 5378 822 5432 ἐπιοῦσαν
852 5379 1293 5450 ὴμέραν,είπὼν,
1321 5381 1403 5434 ὅτι
1424 5381 1533 5451 Τὴν
1564 5384 1803 5453 σήμερον

231 5470 330 5539 μὲν
360 5469 743 5541 ὑποχώρησον,
782 5469 883 5541 τὴν
911 5470 956 5523 δ’
978 5470 1168 5541 αὔριον
1198 5473 1342 5535 ἐλθὲ,
1388 5473 1483 5526 καὶ
1508 5468 1568 5526 οὗ
1612 5476 1803 5546 χρείαν

227 5561 370 5631 ἔχεις
403 5563 673 5633 παράσχω
697 5578 802 5625 σοι,
832 5561 1015 5631 ἰσχύος
1039 5563 1350 5633 προσούσης
1376 5582 1458 5617 σοι
1489 5565 1804 5633 παραυτίκα

225 5646 418 5699 τοῦτον
458 5649 802 5719 εὐεργετεῖνο
834 5650 1051 5717 ἀγνοεῖς
1084 5652 1193 5721 γὰρ
1226 5651 1279 5704 τί
1323 5654 1595 5721 ἐπαγάγει
1630 5656 1661 5725 ἡ
1705 5653 1804 5707 αὖ·

235 5752 370 5809 ρισν.
1076 5758 1080 5761 ‘

1904 4581 2024 4635 qua:
2055 4566 2297 4636 practica
2324 4569 2419 4622 tibi
2450 4569 2706 4637 preponit
2733 4585 2914 4624 meum
2946 4571 3261 4626 consilium.

1974 4762 2143 4818 Vsus.
2198 4764 2287 4818 ‘27.
2346 4763 2429 4821 Ne
2496 4765 2766 4822 abstineas
2825 4768 3131 4838 benefacere
3196 4772 3494 4843 indigenti,

1902 4854 2114 4922 quando
2158 4855 2356 4924 poterit
2405 4872 2596 4910 manus
2653 4872 2745 4911 tua
2794 4859 3118 4928 betrefatere.
3158 4862 3238 4917 Ne
3269 4864 3497 4923 desinas

1903 4939 2229 4996 benefacere
2266 4943 2367 5008 illi,
2406 4946 2495 5000 cui
2535 4960 2673 5014 opus
2716 4956 2800 5001 est
2850 4950 3079 5014 auxilio,
3119 4953 3363 5020 quandiu
3410 4955 3491 5009 illi

1835 5033 1838 5037 '
1903 5031 2265 5086 succurrendi
2295 5041 2538 5101 potestas
2568 5036 2674 5091 erit
2703 5038 2826 5090 tibi.

1978 5116 2144 5177 Vsus.
2176 5120 2269 5175 28.
2307 5121 2393 5176 Ne
2436 5124 2588 5181 dicas
2626 5143 2646 5181 :
2681 5129 2898 5191 Abiens,
2933 5131 3066 5194 redi,
3099 5142 3147 5184 et
3187 5148 3303 5185 cras
3327 5134 3489 5201 dabo,

1905 5222 2024 5258 cum
2066 5210 2235 5275 possis
2286 5209 2629 5279 benefacere;
2673 5219 2842 5270 neseis
2883 5219 3020 5270 enim
3059 5220 3189 5288 quid
3230 5225 3494 5290 parturiet

1905 5290 2147 5354 crastina
2205 5301 2337 5356 dies.
2400 5304 2477 5360 Ne
2532 5308 2785 5364 remittas
2850 5310 3002 5363 illum
3075 5312 3125 5364 in
3187 5315 3487 5369 crastinam

1905 5389 2072 5453 dicm,
2108 5391 2338 5447 dicens:
2379 5394 2554 5451 ilodie
2592 5398 2706 5462 abi,
2736 5414 2859 5454 eras
2888 5403 3032 5466 rcni,
3067 5410 3121 5456 et
3157 5403 3285 5456 illud
3331 5407 3493 5474 (iijns

1905 5494 2045 5546 onus
2090 5491 2175 5536 est
2218 5484 2315 5538 tibi
2358 5486 2520 5553 dabo,
2551 5503 2675 5542 cum
2725 5492 2795 5544 sit
2840 5490 2940 5545 tibi
2985 5493 3167 5560 modo,
3206 5495 3278 5548 illi
3320 5497 3489 5552 liene—

1907 5571 2149 5627 faciendi
2218 5586 2470 5647 prompta
2538 5582 2814 5651 potentia;
2876 5583 3102 5653 ignoras
3155 5589 3299 5642 enim
3356 5589 3490 5658 quid

1910 5661 2144 5718 adducet
2178 5666 2508 5721 crastinum.
