3958 6428
325 351 461 416 19.53

1349 357 1887 418 COMMENTARII
1921 357 2002 417 IN
2032 358 2491 422 PROVERBIA.

3457 377 3594 441 125i

319 466 513 534 τορικὴ
529 465 780 534 δύναμις,
797 467 1046 534 σφάλλων
1063 469 1243 522 αὑτόν.
1256 471 1446 534 Ὅπως
1461 473 1560 538 τὴν
1577 472 1784 524 οἰκείαν
1803 473 1892 524 ἐπι

2020 474 2306 540 ahjiciens,
2340 485 2392 529 ιιι
2426 477 2661 548 propriae
2694 478 3015 551 fragilitatis
3060 487 3294 551 conscii,
3337 505 3444 544 non
3493 492 3593 544 sibi

317 555 538 623 γνόντες
571 558 878 620 ἀσθένειαν,
909 561 986 630 μὴ
1015 561 1358 630 ὲπαίρωνται
1387 563 1474 630 ἐφ’
1499 561 1583 627 οἷς
1611 565 1786 634 χωρὶς
1803 565 1903 618 αὖ.

318 647 411 700 τοῦ
439 649 500 700 οὐ
526 647 781 724 δύνανται
804 653 978 704 ποιεῖν
1005 653 1178 716 οὐδὲν,
1230 654 1324 706 καὶ
1361 655 1459 722 τῆς
1481 655 1745 724 ἀληθείας
1773 657 1906 708 am.

313 723 648 792 πλανῶνται.
671 741 811 804 Τοὺς
839 741 896 795 δὲ
925 741 1312 813 ἐπιγνώμονας
1375 747 1479 815 τῆς
1508 723 1719 810 οἰκείας
1738 745 1904 800 ἀσθε-

312 829 484 893 νείας,
518 831 610 883 καὶ
626 833 1078 902 ταπεινόρρονας,
1099 835 1197 904 τῆς
1221 836 1315 890 τοῦ
1339 838 1609 906 παναγίου
1643 838 1902 908 ﬂvmine-

315 935 410 982 τος
430 919 574 986 ἀξιοῖ
601 923 844 992 χάριτος,
869 923 1151 996 καθαίρων
1185 927 1285 996 μὲν
1321 926 1548 984 τούτους
1587 928 1695 981 ἀπὸ
1722 929 1903 998 πάσης

313 1011 518 1076 κακίας
545 1012 624 1082 τῷ
657 1013 830 1086 φόϐῳ,
863 1015 1117 1084 φωτίζων
1139 1017 1196 1069 δὲ
1230 1019 1296 1088 τῇ
1332 1017 1439 1071 τῶν
1472 1018 1634 1072 θείων
1671 1019 1903 1072 ἐντολῶν

311 1103 459 1156 κατὰ
488 1105 684 1174 πεῖραν
729 1105 990 1170 συνέσει,
1039 1107 1135 1162 καὶ
1169 1107 1392 1161 τελειῶν
1445 1111 1513 1180 τῇ
1568 1109 1637 1162 δι’
1679 1110 1902 1180 ἀγάπης

313 1190 518 1266 ἑνούσῃ
536 1195 760 1259 τούτους
788 1196 938 1266 αὐτῷ
985 1197 1301 1268 τελειοποιῷ
1337 1199 1518 1271 σοφίᾳ.

390 1286 485 1341 λε’.
517 1287 710 1352 Δόξαν
735 1291 912 1357 σοφοί
946 1291 1541 1360 κληρονομήσουσιν.
1567 1284 1676 1355 Ἦς
1707 1293 1902 1360 σοφίας

310 1379 365 1433 oi
414 1379 757 1444 ἀξιωθέντες,
814 1380 892 1445 ὡς
935 1381 1120 1454 ἔργοις
1166 1383 1520 1454 δικαιοσύνης
1570 1385 1901 1453 τιμήσαντες

309 1472 408 1524 τὸν
449 1472 506 1524 ὲν
538 1471 786 1540 οὐρανοῖς
815 1473 956 1526 κατὰ
988 1475 1147 1543 χάριν
1183 1475 1424 1546 Πατέρα,
1469 1476 1568 1545 τῆς
1590 1475 1783 1530 τούτου
1811 1476 1902 1546 βα·

305 1563 526 1627 σιλείας
565 1563 898 1635 κληρονόμοι
923 1570 1270 1635 γενήσονται.

387 1657 451 1707 Ol
504 1653 574 1706 δὲ
631 1655 871 1722 ἀσεϐεῖς
923 1657 1185 1725 ὕψωσαν
1233 1659 1495 1726 ἀτιμίαν.
1529 1659 1590 1711 Οἱ
1622 1658 1786 1728 δὲμὴ
1829 1658 1898 1712 δι’

303 1743 534 1812 ἀγαθῶν
565 1743 744 1814 ἔργων
787 1745 1058 1815 τιμῶντες
1101 1747 1304 1808 αὐτὸν,
1339 1749 1438 1817 τὴν
1469 1747 1682 1802 ἑαυτῶν
1711 1749 1903 1817 ἀτιμο-

2012 567 2286 634 gaudeant
2328 568 2397 622 dc
2434 569 2520 624 his
2562 585 2683 638 qnze
2715 572 2834 626 sine
2879 571 2973 625 illo
3005 575 3227 631 nomine
3259 585 3440 635 tacere
3470 597 3597 646 pns-

2012 666 2160 720 sunt,
2191 666 2246 712 et
2274 673 2304 711 a
2336 658 2564 714 veritate
2599 677 2708 714 non
2740 670 3056 717 avertentur
3093 682 3106 718 :
3134 681 3230 722 eos
3265 680 3448 724 autem
3496 676 3594 741 qui

2011 761 2167 800 suam
2215 745 2572 816 fragilitatem
2619 763 2842 815 norunt,
2874 763 2929 807 et
2972 754 3258 812 humiliter
3293 759 3362 814 de
3393 775 3452 815 εει
3479 777 3600 815 sett-

2008 837 2174 900 tittnt,
2205 848 2260 893 et
2289 841 2364 894 ita
2395 842 2640 910 Spiritus
2671 845 3006 900 sanctissimi
3039 849 3216 918 gratia
3252 849 3401 920 digni
3439 861 3592 917 sunt,

2009 945 2105 998 per
2135 931 2386 986 timorem
2427 934 2496 986 ab
2535 937 2686 988 omni
2721 937 2929 990 malitia
2997 941 3270 1008 puriticat,
3306 951 3361 996 et
3389 944 3594 998 intelli-

2007 1022 2190 1090 gentia
2225 1021 2610 1078 mandatornm
2651 1025 2986 1088 divinorum,
3021 1030 3074 1082 in
3123 1033 3422 1086 tentatione
3463 1034 3590 1088 illit-

2007 1113 2202 1178 minat,
2246 1123 2303 1168 et
2349 1115 2470 1168 illos
2519 1117 2728 1184 perlicit
2783 1134 2880 1188 per
2926 1121 3310 1190 perfectricem
3374 1127 3593 1194 sapien-

2005 1205 2160 1266 tiam,
2185 1219 2291 1271 qua
2325 1205 2399 1259 illi
2433 1221 2619 1262 amore
2650 1210 3088 1279 coniunguntur.

2072 1292 2242 1349 Vens.
2269 1295 2358 1348 35.
2395 1293 2635 1349 Gloriam
2663 1293 2926 1366 sapientes
2955 1301 3318 1368 possidebunt.
3353 1304 3456 1370 Qui
3483 1307 3588 1363 hac

2003 1386 2276 1454 sapientia
2322 1389 2469 1455 digni
2521 1388 2650 1442 facti
2697 1399 2848 1454 sunt,
2885 1394 3011 1461 quia
3061 1395 3318 1463 operibus
3356 1399 3588 1466 justitiae

2005 1475 2350 1530 honorarunt
2391 1491 2514 1531 eum
2553 1479 2645 1547 qui
2681 1490 2764 1534 est
2795 1481 2847 1534 in
2885 1483 3042 1538 cmlis
3083 1499 3178 1552 per
3217 1488 3452 1555 gratiam
3481 1489 3587 1542 Pa-

2005 1575 2106 1629 ter,
2137 1567 2287 1622 illius
2315 1573 2467 1636 regni
2501 1568 2746 1624 haeredes
2774 1571 3105 1626 elliciuntnr.

2076 1656 2234 1722 Impii
2258 1657 2500 1711 exaltant
2529 1659 2898 1728 ignominiam.
2931 1661 3035 1728 Qui
3066 1679 3199 1718 vero
3224 1665 3390 1720 Deum
3427 1667 3585 1722 bonis

2003 1747 2265 1815 operibus
2304 1763 2412 1802 non
2454 1751 2668 1812 colunt,
2699 1767 2855 1805 suam
2895 1761 3110 1826 turpem
3149 1757 3436 1822 malitiam,
3467 1775 3586 1813 nia-

305 1837 467 1889 ποιὸν
520 1836 720 1890 κακίαν
761 1839 1240 1908 περιφανεστέραν
1295 1841 1582 1910 ἐποίησαν,
1618 1839 1716 1902 τὰς
1755 1840 1892 1908 ἀμυ-

2015 1835 2417 1892 :tiiestissimam
2461 1838 2784 1905 eﬂecerunt,
2818 1841 3065 1900 infinitos
3095 1859 3321 1900 suarum
3366 1849 3585 1922 cupidif

307 1927 512 1999 θήτους
561 1927 672 1983 τῶν
723 1929 1056 2000 παραλόγων
1119 1931 1308 1985 παθῶν
1375 1932 1620 2000 γενέσεις
1688 1932 1899 2004 ἐπινοή-

311 2033 530 2080 σαντες.
1035 2049 1040 2054 -

917 2112 1168 2166 ΚΕΦΑΛ.
1207 2115 1284 2166 Δ’.

363 2210 434 2260 α’.
452 2203 1037 2274 Ἀκούσατε,παῒδες,
1051 2205 1323 2259 παιδείαν
1337 2206 1577 2273 πατρὸς,
1597 2204 1694 2258 καὶ
1711 2218 1896 2273 προσ-

304 2297 482 2365 έχετε
503 2293 724 2364 γνῶναι
762 2295 1028 2350 ἔννοιαν.
1065 2293 1261 2348 Ἔνθεν
1291 2311 1398 2360 τοι,
1434 2295 1621 2348 τεκνία
1649 2311 1894 2365 πνευμα-

308 2386 462 2450 τικὰ,
491 2387 610 2448 ταῖς
639 2384 739 2454 μὲν
770 2384 1082 2438 ἐπιπειοέσι
1114 2384 1258 2456 λόγῳ
1293 2385 1607 2455 ὀρεκτικαῖς
1651 2383 1761 2437 τῶν
1787 2384 1890 2454 ψυ-

314 2479 426 2549 χῶν
453 2477 604 2546 ὑμῶν
649 2477 959 2545 δυνάμεσιν,
1011 2475 1360 2529 ὑπακούσατε
1389 2476 1488 2544 τῆς
1515 2475 1660 2529 κατὰ
1693 2476 1890 2545 πρᾶξιν

314 2568 582 2631 ἐπιπόνως
611 2567 720 2620 τῶν
765 2567 874 2621 ἀπὸ
932 2567 1130 2630 κακίας
1181 2566 1414 2628 κηλίδων
1449 2565 1890 2636 ὲκκαθαιρούσης

310 2661 453 2730 ὑμᾶς
478 2659 875 2730 παραινέσεως,
898 2659 992 2712 τοῦ
1009 2660 1150 2713 κατὰ
1170 2661 1330 2730 χάριν
1353 2657 1722 2722 υίοθετοῦντος
1742 2660 1888 2730 ἡμᾶς

304 2753 466 2807 Θεοῦ.
497 2754 633 2815 Ταῖς
683 2751 740 2804 δὲ
790 2751 1199 2822 θεωρητικαῖς,
1255 2752 1514 2804 σκοπεῖτε
1561 2749 1888 2805 καταλαῦεἰν

306 2845 624 2912 γνωστικῶς
661 2845 762 2914 τὴν
794 2845 998 2914 ταύτης
1025 2844 1288 2898 διάνοιαν.

379 2936 444 3004 β’.
475 2935 674 3004 Δῶρον
705 2935 814 3004 γὰρ
841 2933 1066 3002 ἀγαθὸν
1089 2930 1386 3002 ὃωροῦμάι
1410 2930 1580 3000 ὑμῖν·
1611 2931 1716 2984 τὸν
1743 2931 1890 3002 ἐμὸν

303 3031 496 3098 νόμον
527 3026 614 3096 μὴ
672 3026 1126 3095 ἐγκαταλίπητε.
1173 3025 1356 3096 Μηδὲν
1393 3025 1502 3094 γὰρ
1535 3041 1888 3096 προεισενεγ-

1999 1935 2170 1984 tatum
2202 1929 2392 1986 modos
2422 1933 2822 2002 excogitantes.
2907 1934 2914 1940 ’

2631 2109 2783 2164 CAP.
2825 2109 2915 2167 lV.

2067 2195 2236 2252 Vens.
2266 2199 2316 2254 i.
2351 2199 2564 2265 Audite,
2595 2203 2719 2269 ﬁlii,
2743 2203 3082 2272 disciplinam
3105 2207 3296 2274 patris,
3326 2219 3373 2262 et
3405 2219 3580 2262 atten-

1993 2292 2119 2352 dite,
2159 2301 2216 2345 ut
2249 2292 2434 2346 sciatis
2462 2295 2894 2364 intelligentiam.
2927 2295 3056 2352 Inde
3089 2313 3238 2360 vero,
3278 2299 3372 2354 lilii
3414 2301 3580 2368 spiri-

1995 2383 2196 2448 tuales,
2227 2389 2537 2438 vestrarum
2571 2387 2878 2439 animarum
2915 2389 3446 2457 concupiscibilibus
3476 2407 3577 2460 po-

1994 2475 2206 2537 tentiis,
2239 2475 2482 2530 sermoni
2523 2467 2879 2538 docibilibus,
2909 2479 3095 2532 audite
3127 2480 3442 2544 consilium,
3477 2497 3577 2536 vos

1992 2567 2212 2620 actione
2265 2567 2545 2622 laboriosa
2603 2581 2632 2620 a
2688 2569 2913 2622 malitiae
2964 2569 3194 2624 maculis
3257 2571 3573 2639 purilit‘ans.

1993 2657 2177 2712 datum
2205 2658 2275 2713 ab
2307 2659 2422 2722 illo,
2452 2659 2542 2728 qni
2568 2673 2666 2714 vos
2708 2659 2760 2712 in
2791 2659 2934 2714 ﬁlios
2971 2658 3274 2728 adoptavit,
3304 2659 3412 2714 Deo
3443 2677 3455 2714 :
3485 2662 3573 2715 in-

1992 2748 2399 2803 tellectualibus
2446 2757 2628 2802 autem
2688 2749 2968 2818 potentiis,
3011 2750 3300 2815 attendite,
3340 2762 3394 2804 ut
3433 2753 3574 2806 scite

1991 2837 2056 2891 ad
2089 2837 2253 2907 hujus
2281 2839 2699 2907 intelligentiam
2730 2836 3083 2908 pervenistis.

2068 2928 2232 2984 Vens.
2270 2931 2325 2984 ‘2.
2355 2930 2564 2984 Donum
2591 2921 2786 2985 benum
2815 2931 3108 2984 retribuam
3165 2931 3310 2985 uobis
3345 2947 3363 2986 :
3410 2933 3573 3002 legem

1991 3041 2161 3080 meam
2215 3041 2280 3078 ne
2316 3023 2723 3094 dercliuquatis.
2761 3022 2950 3088 Vobis,
2993 3025 3127 3076 nihil
3160 3026 3394 3094 primum
3441 3025 3575 3080 offe-

305 3120 486 3182 κοῦσι,
509 3119 734 3190 παρέχω
765 3119 892 3188 ὑμῖν
943 3118 1262 3187 εὐεργεσίαν
1307 3118 1574 3188 σωτήριον
1625 3117 1718 3170 τοῦ
1749 3117 1886 3171 ἀπο-

2015 3115 2270 3181 ἐιιῑίὺιιε,
2293 3114 2462 3170 οίῘετο
2483 3114 2810 3170 beneﬁcium
2832 3115 3077 3176 salubre,
3097 3125 3196 3167 uta
3227 3117 3345 3184 lege
3365 3117 3571 3182 divina,

307 3213 601 3284 τρέποντος
647 3208 758 3261 τῶν
825 3207 900 3278 μὴ
941 3208 1191 3273 δεόντων,
1248 3207 1343 3260 καὶ
1393 3205 1792 3275 προτρέποντος
1815 3205 1880 3258 τὰ

2015 3223 2110 3272 une
2140 3215 2382 3261 removet
2415 3220 2444 3259 a
2515 3221 2623 3260 non
2657 3207 3142 3269 convenientibus,
3185 3217 3576 3277 promovetque

303 3303 496 3356 δέοντα
558 3299 706 3353 θείου
754 3299 944 3370 νόμου,
993 3290 1038 3366 ᾧ
1081 3297 1178 3352 καὶ
1223 3297 1386 3361 αὐτὸς
1437 3297 1758 3367 ὑπόκειμαι,
1807 3297 1882 3364 μὴ

2019 3299 2052 3352 d
2110 3298 2514 3360 convenientia,
2550 3299 2638 3352 cui
2691 3306 2747 3352 et
2804 3299 2921 3368 ipse
2967 3299 3256 3366 subjicior,
3298 3316 3404 3355 non
3447 3319 3575 3358 vos-

307 3395 649 3452 ἁπὸσγησθε.

379 3412 775 3550 ῖθῗχέἷδυὲοαὴρ
817 3479 1108 3550 ἐγενόμην
1173 3477 1336 3548 κάγὼ
1375 3476 1549 3544 πατρί
1593 3475 1883 3544 ὑπήκοος,

311 3579 409 3633 καὶ
434 3573 821 3646 ἀγαπώμενος
851 3573 923 3626 ὲν
987 3567 1284 3639 προσώπῳ
1320 3569 1568 3638 μητρός.
1605 3570 1738 3632 Παίς
1777 3571 1886 3637 γὰρ

307 3667 452 3722 κατὰ
509 3665 668 3737 χάριν
739 3663 938 3732 γέγονα
983 3661 1078 3713 καὶ
1126 3659 1311 3722 αὐτὸς,
1345 3658 1423 3728 τῷ
1461 3657 1697 3728 οὐρανίῳ
1729 3658 1886 3727 ἡμῶν

307 3758 487 3828 ιΙατρὶ
514 3757 813 3826 πειθήνιος.
845 3753 941 3807 καὶ
973 3750 1294 3821 φιλούμενος
1348 3751 1478 3820 παρ’
1521 3747 1684 3800 αὐτοῦ
1720 3749 1779 3800 ὲν
1807 3747 1888 3818 τῷ

309 3845 796 3922 χαρακτηριστικῷ
849 3844 947 3912 τῆς
997 3839 1412 3912 ὲκθρεψαμένης
1441 3855 1508 3910 με
1538 3838 1886 3901 διδασκαλίας

306 3939 473 3996 αὐτοῦ
506 3937 881 4006 πολιτεύματι.

377 4033 441 4086 δ’.
477 4029 544 4084 Οἳ
566 4028 890 4084 ἐδίδασκόν
919 4041 1015 4096 με,
1055 4023 1152 4076 καὶ
1181 4025 1415 4090 ἔλεγον.
1441 4021 1526 4084 Οἳ,
1560 4021 1589 4075 ὁ
1617 4022 1890 4076 διδάσκων

307 4125 547 4186 πάντως,
573 4121 685 4190 καὶ,
719 4119 754 4188 ὴ
811 4115 1006 4170 τούτου
1058 4110 1401 4178 διδασκαλία,
1432 4111 1749 4165 ἐνουθέτουν
1787 4100 1886 4182 ῖιε,

305 4214 580 4279 λέγοντες.
1645 4273 1654 4287 ι

385 4295 696 4372 Ἐρειδέτω
731 4303 766 4356 ὁ
790 4297 1074 4368 ἡμέτερος
1109 4297 1293 4364 λόγος
1341 4295 1428 4360 εις
1455 4293 1580 4361 σὴν
1617 4293 1888 4363 καρδίαν.

307 4397 542 4452 Ποιείτω
569 4397 628 4448 ἐν
669 4395 736 4462 τῇ
785 4394 851 4461 σῇ
901 4387 1112 4456 διανοίᾳ
1147 4389 1182 4455 ἡ
1217 4387 1544 4456 παραίνεσις
1573 4385 1730 4456 ήμῶν
1762 4401 1890 4456 στη-

310 4487 529 4559 ριγμδν,
565 4481 860 4555 έδραιοῦσα
888 4479 1093 4550 ταύτην
1123 4481 1180 4533 ὲν
1201 4478 1278 4548 τῷ
1305 4477 1518 4548 ἀγαθῷ.

379 4600 666 4652 Φύλασσε
681 4595 937 4665 ἐντολάς
959 4612 1095 4666 μου,
1131 4591 1227 4646 καὶ
1259 4589 1432 4660 (dan.
1463 4591 1540 4662 Τή
1549 4609 1631 4661 ρει
1657 4591 1765 4662 ἐμὰ
1790 4589 1885 4644 τοῦ

306 4690 770 4759 υίοθετησαμένου
798 4705 857 4742 σε
881 4687 1166 4760 παρσγγέλ
1177 4703 1343 4754 ματα,
1393 4683 1486 4764 καὶ
1512 4683 1613 4753 τῆς
1642 4685 1699 4735 ἐν
1721 4683 1887 4736 πνεύ-

312 4797 443 4853 ματι
463 4778 738 4850 μακαρίας
775 4779 1054 4849 μετάσχῃς
1077 4775 1245 4844 ζωῆς.

379 4894 442 4950 ε’.
473 4892 702 4960 Κτῆσαι
732 4893 978 4961 σοφίαν,
1003 4889 1223 4958 κτῆσαι
1255 4889 1535 4944 σύνεσιν.
1566 4887 1884 4959 Προσϐαλοῢ

307 4985 408 5054 τήν
459 5000 521 5036 τε
572 4983 753 5052 πάσης
794 4981 1016 5050 ἀγνοίας
1071 4979 1433 5048 άφανιστικὴν
1503 4979 1724 5048 σοφίαν,
1791 4979 1886 5032 καὶ

307 5079 407 5148 τὴν
438 5074 625 5129 πασῶν
649 5092 750 5146 μου
783 5074 895 5128 τῶν
923 5073 1152 5127 ἐντολῶν
1189 5073 1478 5142 ποιητικὴν
1510 5071 1750 5125 σύνεσιν.

379 5303 478 5366 Μὴ
501 5300 780 5369 ἐπιλάϐῃ,
817 5299 972 5371 μηδὲ
989 5297 1240 5366 παρίδῃς
1265 5294 1450 5364 ῥῆσιν
1481 5293 1626 5362 ἐμοῦ
1660 5296 1883 5363 στόμα-

307 5415 432 5462 τος.
464 5396 558 5464 Μὴ
608 5394 877 5465 ἀμνήμων
911 5391 1048 5461 μήτε
1093 5389 1383 5460 παρόπτης
1433 5387 1532 5456 τῆς
1581 5387 1719 5455 ἐμῆς
1751 5386 1884 5458 γένῃ

308 5482 679 5544 διδασκαλίας.

383 5605 458 5664 ς’.
481 5595 576 5664 Μὴ
594 5591 1002 5665 tirunculi:an
1056 5587 1270 5653 αὐτὴν,
1293 5585 1390 5639 καί
1419 5583 1730 5648 ἀνθέξεταί
1744 5598 1880 5637 σου.

309 5691 403 5760 Μὴ
437 5690 677 5757 ἀποστῇς
731 5683 957 5751 ταύτης,
991 5680 1084 5732 καὶ
1134 5673 1486 5743 ἁντιλάϐηταί
1529 5686 1624 5726 σου
1663 5673 1722 5726 ὲν
1761 5675 1884 5737 ταῖς

313 5781 452 5837 κατὰ
473 5780 582 5832 τῶν
607 5779 812 5842 νοητῶν
841 5773 1052 5841 ἐχθρῶν
1077 5765 1592 5838 ἁντιπαρατάξεσιν.

1985 3392 2250 3460 metipsos
2283 3392 2567 3444 avertatis.

2055 3482 2224 3538 Vens.
2271 3485 2326 3538 5.
2364 3484 2504 3536 Nam
2547 3492 2596 3536 et
2655 3485 2768 3551 ipse
2825 3485 2905 3552 fni
2959 3485 3106 3554 ﬁlius
3137 3487 3310 3555 patris
3351 3486 3568 3543 docilis,

1986 3585 2036 3630 et
2077 3574 2328 3628 amabilis
2353 3576 2407 3628 in
2462 3589 2750 3642 conspectu
2781 3579 2999 3630 matris.
3053 3577 3184 3630 Nam
3215 3587 3270 3632 et
3326 3581 3442 3650 ipse
3495 3579 3571 3634 t‘ni

1989 3680 2142 3736 puer,
2173 3664 2472 3718 secundum
2505 3663 2954 3732 gratiamdocilis
2973 3661 3122 3716 Patri
3171 3665 3406 3726 caelesti,
3430 3680 3572 3717 aina-

1989 3755 2206 3827 bilisjn
2251 3755 2444 3823 agendi
2482 3755 2698 3808 ratione
2733 3769 2856 3822 qna-
2887 3755 2954 3808 ad
2981 3756 3160 3809 vivunt
3187 3755 3444 3824 exprimit
3471 3758 3570 3811 do-

1989 3849 2222 3902 ctrinam
2251 3831 2476 3916 ejusme
2498 3845 2860 3900 nutrientem.

2061 4021 2228 4078 Vens.
2259 4021 2294 4076 4
2359 4022 2464 4086 Qui
2497 4037 2578 4075 me
2609 4020 2896 4085 docebant,
2927 4033 2977 4077 et
3020 4021 3288 4076 dicebant.
3317 4020 3420 4086 Illi,
3447 4037 3570 4077 om-

1991 4115 2142 4168 nium
2190 4121 2518 4182 praeceptor,
2552 4120 2610 4164 et
2641 4109 2765 4180 ejus
2801 4111 3118 4181 disciplina,
3148 4125 3234 4166 me
3274 4113 3572 4166 hortaban-

1993 4213 2102 4264 tur,
2130 4203 2382 4257 dicentes
2417 4221 2430 4254 :

2059 4296 2292 4367 Figatur
2323 4313 2500 4350 sermo
2549 4303 2726 4351 noster
2775 4296 2830 4350 in
2876 4312 2968 4350 cor
3025 4305 3196 4352 tuum.
3248 4295 3572 4351 Stabiliatur

1993 4389 2232 4442 hortatio
2276 4395 2464 4444 nostra
2497 4387 2551 4442 in
2598 4397 2690 4441 tua
2743 4387 3124 4456 intelligentia,
3155 4402 3278 4456 quae
3323 4385 3572 4442 ﬁrmetur

1923 4491 1965 4546 ι)
1994 4479 2048 4534 ir.
2079 4479 2246 4534 bono.

2057 4587 2278 4645 Custodi
2310 4586 2571 4642 mandata
2601 4597 2694 4641 tua
2743 4596 2795 4640 et
2839 4587 2994 4641 vivet.
3035 4587 3264 4642 Custodi
3311 4589 3567 4644 mandata

1987 4693 2129 4742 mea,
2161 4677 2254 4746 qui
2285 4685 2338 4732 te
2375 4692 2472 4746 pro
2494 4677 2606 4731 tilio
2631 4675 2907 4746 adaptavi,
2931 4683 2994 4732 ut
3032 4676 3343 4748 spiritualis
3375 4677 3564 4732 beatae

1987 4769 2112 4824 vitae
2142 4769 2417 4840 particeps
2447 4768 2740 4823 elliciaris.

2053 4879 2223 4936 Vens.
2246 4880 2300 4935 5.
2336 4879 2560 4935 Posside
2583 4881 2924 4950 sapientiam,
2949 4880 3162 4952 posside
3201 4880 3564 4950 prudentiam.

1987 4972 2219 5029 Posside
2268 4976 2414 5028 illam
2465 4988 2586 5044 quae
2627 4989 2848 5028 omnem
2896 4974 3265 5044 ignorantiam
3321 4971 3564 5026 excludit

1988 5065 2335 5133 sapientiam,
2381 5073 2435 5120 et
2465 5064 2840 5134 prudentiam,
2871 5079 2997 5134 qua:
3030 5062 3216 5117 omnia
3251 5077 3368 5116 mea
3407 5076 3563 5114 man-

1987 5155 2113 5208 data
2146 5154 2430 5210 custodire
2458 5155 2615 5208 facit.

2033 5257 2144 5323 ’Νε
2173 5269 2530 5333 obliviscaris,
2553 5278 2604 5322 et
2635 5285 2698 5322 ne
2723 5268 2940 5322 antittas
2975 5265 3136 5321 uerba
3180 5267 3288 5320 oris
3328 5267 3449 5320 mei.
3482 5263 3564 5321 No

1987 5361 2066 5414 sis
2107 5362 2394 5416 immemor
2423 5370 2478 5416 et
2511 5361 2795 5431 neglector
2823 5359 3089 5414 doctrina)
3121 5375 3274 5413 ιιιιοίιι.

2059 5580 2225 5634 Vens.
2259 5580 2314 5635 6.
2347 5579 2431 5633 Ne
2456 5579 2700 5632 dimittas
2727 5594 2868 5644 eam,
2903 5589 2952 5634 et
2987 5579 3244 5634 custodiet
3276 5589 3340 5633 te.
3377 5577 3454 5633 Ne
3491 5579 3562 5634 ab

1987 5673 2076 5727 illa
2109 5673 2358 5736 recedas,
2385 5682 2440 5728 et
2462 5672 2825 5726 auxiliabitur
2859 5673 2960 5734 tui,
2991 5673 3044 5724 in
3081 5673 3190 5738 tuis
3220 5681 3412 5728 contra
3443 5655 3570 5740 διοίοῖ

1988 5765 2215 5820 rituales
2248 5763 2436 5820 hostes
2492 5763 2946 5835 pneliationibus.
