3958 6388
476 314 616 377 1255

470 527 652 572 tutum
676 520 919 574 servabit
947 521 1017 574 ab
1051 522 1207 574 omni
1246 520 1415 574 malo.

534 687 703 745 Vens.
737 692 790 746 7.
821 691 1164 761 Principiam
1222 695 1503 755 sapientia;
1530 692 1814 762 possidere
1829 694 2049 762 sapien-

471 784 618 836 (iam.
658 782 927 853 Incipiens
954 793 1140 840 tenere
1171 787 1498 855 sapientiam
1537 801 1633 855 per
1668 785 1852 850 ﬁdem,
1885 799 2040 839 mea-

470 889 588 926 rum
612 875 881 928 mitmrum
916 876 1134 940 lituore,
1171 877 1266 946 qui
1298 887 1353 931 te
1378 892 1407 932 a
1434 877 1668 932 maculis
1693 885 2045 945 peccatorum

469 964 737 1029 purilicct,
780 965 974 1021 festina
1003 984 1129 1022 cum
1170 984 1368 1040 magno
1401 969 1609 1035 studio,
1649 978 1819 1023 totam
1863 969 2047 1037 possi-

464 1054 593 1109 dere
628 1055 800 1121 illam,
851 1065 909 1111 et
959 1073 1207 1113 meorum
1265 1059 1664 1129 promissorum
1700 1074 1796 1129 spe
1845 1070 1903 1115 et
1938 1059 2045 1114 mei

466 1160 673 1199 amore.

539 1234 605 1287 Et
640 1236 692 1288 in
725 1238 871 1289 omni
898 1239 1229 1306 possessione
1261 1246 1354 1291 tua
1413 1238 1631 1307 acquirc
1676 1235 2040 1305 prudentiam.

464 1324 528 1378 Et
561 1344 655 1395 per
684 1343 877 1382 omnes
899 1345 1021 1399 qua‘
1048 1344 1186 1397 pene
1209 1337 1263 1383 te
1286 1337 1417 1383 sunt
1470 1329 1765 1397 potentias,
1791 1343 1921 1383 cura
1953 1344 2044 1383 ac-

461 1420 703 1485 quirere,
736 1418 888 1472 illam
928 1434 1052 1488 quae
1096 1434 1215 1473 mea
1247 1424 1503 1473 mandata
1547 1418 1832 1474 custodire
1886 1418 2037 1487 facit,

463 1508 839 1573 prudentiam.

530 1598 697 1655 Vens.
722 1600 776 1655 8.
809 1599 1102 1670 Aggeribus
1118 1599 1390 1654 circumda
1415 1600 1593 1666 illam,
1611 1610 1660 1655 et
1683 1602 1944 1657 exaltabit
1969 1613 2037 1658 te.

461 1690 638 1759 Alliga
673 1690 1003 1760 tibimetipsi
1036 1690 1365 1759 sapientiam
1406 1691 1544 1744 meis
1578 1692 1875 1758 mandatis,
1912 1701 2038 1747 tan-

1776 314 2133 375 PROCOPII
2160 315 2430 377 GAZzEI.

543 427 715 495 Dilige
746 427 901 481 illam
928 437 977 480 et
1016 429 1347 482 conservabit
1388 439 1456 481 te.
1496 428 1677 499 Dilige
1704 429 1883 493 illam,
1914 436 1971 484 et
1998 436 2053 484 te
2079 437 2124 492 Α

3612 322 3756 388 1256

2242 429 2562 499 Ἐρὰσθητι
2591 431 2805 501 αὐτῆς,
2849 434 2949 488 καὶ
2988 436 3236 504 τηρήσει
3284 452 3379 490 σε.
3431 438 3758 509 ’Δγάπησον

2151 517 2342 589 αὐτὴν,
2374 521 2471 572 καὶ
2521 521 2746 589 φυλάξει
2799 540 2859 577 σε
2893 524 2993 592 τῆς
3013 524 3071 590 ἐξ
3105 526 3276 596 αὐτῆς
3307 524 3521 596 βλάϐης
3552 529 3754 582 ἀνεπι-

2148 604 2450 660 ϐούλευτον.

2221 696 2288 759 ζ’.
2322 698 2495 768 Ἀρχὴ
2528 702 2774 769 σοφίας,
2822 703 3043 771 κτῆσαι
3086 704 3338 772 σοφίαν.
3385 704 3753 777 Ἀπαρξάμε-

2147 806 2237 852 νος
2259 788 2317 842 δὲ
2347 791 2450 860 τῆς
2510 794 2701 859 σοφίας
2748 794 2839 847 διὰ
2895 795 3156 858 πίστεως,
3196 797 3257 847 ὲν
3289 794 3368 864 τῷ
3414 797 3751 869 καθαρτικῷ

2146 873 2243 927 τοῦ
2273 875 2445 945 ῥύπου
2468 878 2577 930 τῶν
2600 880 3018 952 ἁμαρτημάτων
3047 900 3141 935 σου
3168 883 3319 954 φόϐῳ
3341 885 3455 936 τῶν
3493 886 3748 940 ἀπειλῶν

2148 980 2276 1033 μου,
2311 965 2596 1037 ὲπείχθητι
2645 970 2787 1037 μετὰ
2848 972 3052 1042 πολλῆς
3110 974 3211 1043 τῆς
3252 958 3538 1047 σπουδῆς,
3609 980 3743 1051 ὅλην

2147 1054 2555 1122 προσλαϐέσθαι
2613 1057 2805 1127 αὐτὴν,
2859 1060 2948 1114 διὰ
2980 1062 3081 1130 τῆς
3108 1063 3219 1116 τῶν
3249 1066 3613 1135 ἐπαγγελιῶν
3642 1088 3743 1139 μου

2146 1142 2381 1209 ἐλπίδος,
2405 1147 2619 1219 καὶτῆς
2649 1151 2785 1221 πρός
2815 1169 2881 1221 με
2911 1153 3152 1226 ἀγάπης.

2214 1235 2322 1289 Kal
2343 1236 2414 1289 ἐν
2428 1237 2599 1307 πάσῃ
2627 1240 2836 1307 κτήσει
2856 1260 2998 1307 σου,
3041 1246 3266 1314 κτῆσαι
3306 1252 3602 1306 σύνεσιν.
3640 1255 3746 1306 Καὶ

2142 1324 2231 1379 διὰ
2285 1328 2476 1383 πασῶν
2521 1324 2597 1384 ὧν
2657 1333 2925 1404 κέκτησαι
2973 1336 3278 1407 δυνάμεων,
3332 1341 3585 1394 σπεῦσον
3614 1347 3745 1397 ἐπι-

2144 1418 2449 1487 κτήσασθαι
2508 1422 2608 1493 τὴν
2670 1427 2960 1499 ποιητικὴν
3004 1430 3114 1483 τῶν
3153 1431 3306 1502 ὲμῶν
3342 1434 3589 1489 ἐντολῶν
3618 1438 3744 1489 σύν-

2141 1525 2282 1565 εσιν.

2211 1599 2283 1670 η’.
2336 1605 2835 1673 Περιχιιράκωσον
2918 1612 3146 1680 αὐτὴν,
3197 1615 3294 1669 καί
3336 1619 3582 1687 ὑψώσει
3641 1638 3743 1677 σε.

2142 1692 2563 1762 Κατασφάλισαι
2613 1701 2829 1768 σεαυτῷ
2872 1704 2970 1771 τὴν
2997 1705 3210 1773 σοφίαν,
3247 1712 3368 1772 ταῖς
3398 1710 3605 1782 ῶσπερ
3639 1714 3745 1766 τά·

456 1800 626 1851 quam
655 1784 946 1853 aggeribus
977 1768 1319 1838 salutaribus
1356 1784 1623 1839 adversus
1651 1785 1838 1839 hostes
1871 1787 2021 1855 spiri-

2147 1799 2263 1850 φοις
2290 1784 2729 1859 ἀποτρεπτικαῖς
2758 1793 2867 1844 τῶν
2898 1793 3361 1852 ἐπιϐουλευόντων
3385 1801 3572 1872 ταύτῃ
3607 1821 3745 1874 νοη-

460 1879 662 1942 tuales,
699 1877 792 1947 qui
830 1877 904 1929 illi
937 1876 1080 1930 mala
1114 1876 1528 1941 machinantur,
1551 1885 1606 1931 et
1640 1877 1902 1933 abstralte
1929 1889 1981 1932 te
2003 1895 2032 1934 a

456 1966 838 2036 corporalibus
865 1971 917 2018 et
951 1965 1184 2020 terrenis
1235 1963 1303 2018 ad
1326 1966 1635 2034 spiritualia
1669 1974 1724 2021 et
1756 1969 2030 2026 coelestia.

522 2146 744 2197 Honora
779 2142 953 2210 illam,
986 2154 1043 2197 ut
1079 2154 1130 2199 te
1167 2144 1827 2212 amplectatur.Gloriﬂca
1872 2138 2025 2203 illam

452 2237 614 2290 bonis
644 2239 908 2307 operibus
939 2248 997 2291 ut
1029 2248 1080 2293 te
1107 2247 1284 2294 totum
1311 2242 1617 2305 custodiat,
1639 2242 1878 2297 suadens
1907 2258 2030 2296 cor-

449 2328 572 2395 pori
626 2343 694 2382 ne
731 2330 997 2383 adversus
1033 2330 1291 2398 spiritum
1333 2332 1555 2395 militet,
1595 2333 1690 2389 sed
1734 2334 1922 2402 potius
1968 2345 2028 2390 ut

447 2418 527 2472 illi
565 2429 894 2490 cooperetur
931 2421 986 2474 in
1017 2422 1340 2490 operatione
1367 2422 1638 2478 bonorum
1664 2434 1916 2492 Operam.

518 2590 686 2648 Vens.
738 2594 792 2650 9.
838 2592 904 2649 Ut
927 2596 1045 2650 dem
1086 2599 1248 2664 capiti
1288 2606 1378 2652 tuo
1415 2616 1669 2657 coronam
1697 2603 1912 2669 gratia.
1944 2604 2021 2661 Ut

441 2682 539 2737 dot
597 2684 843 2754 spiritui,
875 2688 965 2757 qui
1003 2699 1132 2743 tuus
1175 2690 1287 2745 dux
1328 2701 1435 2755 est,
1490 2693 1684 2761 gratiis
1734 2696 2022 2751 mandato-

447 2790 567 2826 tum
600 2786 850 2830 ornatam
886 2794 1169 2847 coronam,
1195 2796 1295 2850 pro
1335 2782 1582 2840 victoriis
1615 2785 1671 2839 in
1714 2787 2021 2841 voluntatis

441 2864 781 2934 cupiditates
822 2870 1019 2935 partis.

515 2957 730 3011 Corona
758 2958 1075 3015 deliciarum
1104 2972 1335 3032 proteget
1371 2974 1441 3019 te.
1462 2963 1719 3035 Proteget
1739 2975 1791 3021 te
1823 2978 2017 3022 contra

444 3062 536 3101 res
564 3047 736 3103 invito
769 3050 866 3103 tibi
885 3052 1251 3116 venientibus,
1277 3068 1371 3123 spe
1401 3056 1724 3111 deliciarum
1753 3058 2016 3129 spiritua-

443 3138 577 3191 lium
602 3152 704 3207 pro
728 3141 989 3196 mercede
1017 3142 1076 3197 in
1105 3145 1365 3213 paradiso
1393 3146 1731 3203 oblatarum.

516 3338 686 3395 Vens.
717 3340 803 3396 lO.
827 3341 994 3405 Audi,
1011 3342 1112 3412 ﬁli,
1128 3354 1177 3398 et
1211 3347 1417 3415 suscipe
1440 3348 1601 3401 verba
1628 3363 1769 3401 mea.
1792 3346 2019 3414 Deinde,

437 3429 516 3483 {ili
543 3433 613 3484 mi
631 3431 958 3499 spiritualis,
989 3433 1144 3489 disce
1165 3450 1229 3489 ea
1260 3452 1380 3505 qua:
1411 3446 1466 3490 et
1490 3438 1609 3506 ipse
1631 3452 1660 3490 a
1687 3435 1796 3492 Deo
1825 3437 2018 3505 didici,

437 3530 495 3575 et
524 3523 711 3592 accipe
738 3539 864 3579 cum
894 3523 1090 3580 alfectu
1121 3541 1272 3583 meas
1303 3530 1734 3585 exhortationes.

511 3698 580 3751 Et
621 3698 1126 3767 multiplicabuntur
1155 3704 1283 3758 anui
1312 3706 1435 3761 vita:
1464 3716 1591 3763 tuaz.
1632 3706 1698 3762 Et
1744 3716 2018 3779 augentur

436 3790 561 3842 vitm
593 3799 699 3843 tute
739 3793 1048 3861 spiritualis
1084 3812 1383 3854 mensurae.

512 3879 579 3933 Ut
610 3882 704 3935 tibi
731 3883 865 3951 ﬁant
889 3884 1070 3940 multa:
1094 3887 1190 3940 via:
1224 3888 1366 3941 vitre.
1410 3888 1483 3943 Ut
1516 3889 1629 3944 sint
1677 3889 1773 3944 tibi
1829 3892 2014 3946 multa}

437 3972 676 4027 tuethodi
713 3974 1128 4045 gubernationis
1160 3980 1494 4048 spiritualis,
1533 3995 1655 4048 quin
1680 3989 1735 4036 te
1769 3997 1866 4051 per
1890 3997 2013 4037 om-

434 4078 536 4117 m-s
572 4064 696 4118 vitae
733 4070 1322 4124 eventusimmobilem
1372 4071 1718 4138 custodiant,
1755 4087 1882 4128 cum
1938 4075 2011 4130 ad

434 4157 561 4211 C(Bli
600 4158 828 4215 delicias
848 4163 1122 4217 ambulas.

504 4247 665 4304 Vsus.
709 4249 789 4302 ll.
841 4248 968 4305 Viae
994 4253 1133 4306 enim
1155 4256 1432 4323 sapientia:
1462 4266 1512 4312 te
1539 4258 1722 4314 doceo.
1748 4259 2006 4314 Mandata

344 4370 347 4373 -
431 4335 550 4400 Dei,
575 4353 697 4406 ουκ
730 4350 779 4393 te
801 4340 868 4394 ad
897 4342 1135 4396 salutem
1161 4344 1441 4411 ducentia,
1475 4350 1731 4418 proponit
1751 4350 2009 4419 unigeni-

2140 1873 2250 1926 τῶν
2312 1876 2547 1947 ἐχθρῶν,
2590 1880 2750 1949 ἐμαῖς
2796 1884 3055 1952 ἐντολαῖς,
3104 1890 3198 1942 καὶ
3227 1890 3482 1963 ἁναγάγῃ
3526 1912 3597 1947 σε
3629 1897 3742 1949 ἀπὸ

2138 1963 2248 2019 τῶν
2280 1970 2557 2040 σαρκικῶν
2587 1973 2682 2025 καὶ
2712 1976 2914 2045 γηΐνων
2960 1978 3098 2049 πρὸς
3142 1980 3212 2034 τά
3245 1986 3610 2054 πνευματικὰ
3642 1990 3741 2042 καὶ

2136 2057 2386 2129 οὐράνια.

2216 2151 2837 2224 Τίμησονάὺτὴν,ἷνα
2858 2176 2934 2216 σε
2962 2166 3271 2235 «omnem.
3325 2168 3577 2233 Δόξασον
3636 2174 3733 2225 αὖ·

2135 2242 2234 2312 τὴν
2261 2244 2318 2296 ὲν
2338 2246 2745 2319 ἀγαθοεργίαις,
2774 2252 2862 2306 ἵνα
2882 2271 2940 2306 τε
2956 2255 3075 2309 ὅλον
3101 2273 3160 2310 σε
3178 2264 3440 2332 περιοχῇ,
3477 2264 3727 2318 πείσασα

2133 2336 2236 2405 τὴν
2290 2338 2468 2408 σάρκα
2518 2341 2593 2411 τῷ
2668 2342 2751 2396 νοῒ
2820 2345 2896 2416 μὴ
2969 2349 3523 2415 ἁντιστρατεύεσθαι·
3590 2357 3719 2411 ἀλλά

2136 2431 2419 2498 συνεργεῖν
2474 2432 2624 2503 αὐτῷ
2672 2435 2809 2505 πρὸς
2838 2436 2936 2507 τὴν
2982 2438 3091 2493 τῶν
3125 2444 3455 2512 κρειττόνων
3510 2447 3722 2518 ὑπηρε·

2135 2535 2279 2573 σιαν.

2203 2609 2270 2662 θ’.
2298 2609 2433 2666 Ἵνα
2472 2611 2558 2678 δῷ
2606 2613 2682 2682 τῇ
2711 2614 2793 2684 σῇ
2835 2620 3073 2689 κεφαλῇ
3098 2622 3405 2691 στέφανον
3429 2629 3719 2695 χαρίτων.

2130 2701 2240 2756 Καὶ
2270 2703 2529 2775 παράσχῃ
2558 2706 2659 2774 μὲν
2685 2707 2764 2779 τῷ
2797 2709 3023 2779 ἡγεμόνι
3056 2729 3150 2764 σου
3175 2714 3257 2766 νοῒ
3285 2718 3723 2789 πεποικιλμένον

2125 2793 2246 2854 ταῖς
2257 2792 2365 2845 τῶν
2385 2795 2611 2851 ἐντολῶν
2643 2799 2826 2867 χάρισι
2858 2801 3117 2868 στέφανον
3135 2804 3234 2874 τῆς
3256 2807 3401 2860 κατὰ
3424 2807 3539 2861 τῶν
3561 2811 3725 2864 ἑκου-

2127 2883 2256 2937 σίων
2277 2886 2466 2939 παθῶν
2485 2888 2658 2955 νίκης.

2194 2976 2474 3045 Στεφάνῳ
2496 2981 2564 3031 δὲ
2599 2998 2753 3051 τρυςο
2763 2984 2834 3050 ῆς
2864 2986 3264 3054 ὑπερασπίσει
3301 3005 3441 3047 σου.
3506 2993 3721 3065 ’Υπερ-

2123 3070 2454 3132 αγωνίσεται
2483 3070 2542 3123 δέ
2573 3089 2668 3125 σου
2698 3076 2792 3126 καὶ
2831 3078 2971 3130 κατὰ
3001 3077 3109 3131 τῶν
3135 3081 3427 3147 ἀκουσίων,
3459 3083 3539 3153 τῷ
3562 3086 3722 3139 ἐλπι-

2128 3155 2340 3230 ζομὲνῳ
2364 3163 2583 3235 ἐπάθλῳ
2608 3166 2749 3220 κατὰ
2771 3168 2871 3238 τὴν
2900 3173 3277 3243 πνευματικὴν
3306 3175 3365 3227 ὲν
3414 3175 3494 3245 τῷ
3533 3195 3722 3249 παρα-

2123 3248 2288 3321 δείσῳ
2310 3254 2540 3324 τρυφήν.
3228 3249 3245 3259 ’

2196 3347 2250 3394 ι’.
2282 3344 2522 3410 Ἀκουε,
2554 3346 2666 3411 υἱὲ,
2692 3348 2789 3401 καί
2816 3348 2984 3413 δέξαι
3007 3351 3191 3420 ἐμοὺς
3225 3356 3477 3422 λόγους.
3505 3358 3717 3412 Λοιπὸν

2126 3433 2390 3502 μάνθανε,
2423 3438 2614 3491 τέκνον
2640 3457 2742 3507 μου
2766 3442 3160 3511 πνευματικὸν,
3182 3445 3218 3498 ἃ.
3248 3445 3343 3500 καὶ
3373 3447 3540 3511 αὐτὸς
3561 3451 3715 3520 napi

2120 3527 2259 3581 Θεοῦ
2322 3529 2625 3601 ἐδιδάχθην,
2679 3534 2774 3587 καὶ⁵
2820 3536 3119 3607 προσδέχου
3155 3539 3299 3592 κατὰ
3339 3539 3589 3595 διάθεσιν
3611 3545 3714 3608 τὰς

2118 3618 2261 3687 ἐμὰς
2283 3625 2665 3690 παραινέσεις.

2188 3711 2298 3762 Καὶ
2331 3712 2868 3781 πληθυνθήσονται
2889 3715 2997 3785 ἔτη
3039 3715 3190 3786 ζωῆς
3221 3736 3363 3776 σου.
3399 3722 3510 3776 Καὶ
3538 3723 3711 3793 αὐξη-

2118 3799 2372 3868 θήσονταί
2405 3820 2499 3856 σου
2524 3803 2591 3857 τὰ
2611 3806 2708 3876 τῆς
2737 3809 3119 3878 πνευματικῆς
3145 3809 3294 3879 ζωῆς
3330 3811 3535 3882 μέτρα.

2187 3892 2326 3949 Ἵνα
2350 3912 2450 3948 σοι
2512 3895 2799 3964 γένωνται
2859 3899 3081 3952 πολλαί
3139 3901 3265 3954 ὁδοὶ
3298 3902 3470 3966 βίου.
3512 3905 3709 3969 Ὅπως

2114 3983 2329 4038 ἔσονταί
2362 4002 2445 4039 σοι
2480 3987 2674 4042 πολλαὶ
2713 3989 2929 4058 μέθοδοι
2974 3990 3252 4056 πολιτείας
3305 3999 3706 4065 πνευματικῆς,

2112 4074 2531 4148 ἀμεταστρεπτὶ
2548 4079 2638 4133 διὰ
2653 4080 2870 4134 πάντων
2886 4081 2994 4134 τῶν
3018 4085 3160 4137 κατὰ
3182 4086 3272 4138 τὸν
3301 4087 3415 4154 βίον
3434 4105 3707 4159 away“;-

2116 4164 2324 4233 μάτων,
2354 4166 2492 4236 πρὸς
2520 4168 2616 4240 τὴν
2649 4170 2761 4224 ἄνω
2785 4172 3004 4241 χορείαν
3034 4173 3293 4229 ὁδεύοντι.

2184 4263 2275 4312 ια’.
2314 4258 2525 4326 Ὁδοὺς
2576 4262 2685 4331 γὰρ
2728 4264 2952 4331 σοφίας
3004 4264 3269 4320 διδάσκω
3316 4285 3409 4322 σε.
3453 4269 3536 4322 Τὰ
3595 4272 3704 4341 γὰρ

2110 4347 2250 4416 πρὸς
2273 4351 2551 4419 σωτηρίαν
2577 4369 2636 4404 σε
2676 4354 2879 4421 ἄγοντα
2917 4354 3199 4427 θελήματα
3240 4359 3334 4412 τοῦ
3357 4360 3516 4427 Θεοῦ,
3554 4362 3701 4429 ἅπερ

423 4432 521 4481 lus
554 4427 675 4496 ejus
708 4426 881 4483 Filius
915 4438 969 4483 et
1000 4429 1264 4495 Verbum,
1293 4434 1441 4490 illius
1469 4450 1567 4505 per
1599 4452 1660 4491 se
1695 4438 2005 4495 subsistens

2147 4438 2448 4509 ιεξέρχεται
2512 4442 2542 4493 ὁ
2600 4445 2895 4515 μονογενὴς
2922 4426 3112 4499 τούτου
3154 4449 3280 4513 ut;
3320 4453 3415 4504 καὶ
3440 4426 3698 4527 Λόγος,ἧ

425 4520 672 4586 potentia
702 4529 755 4573 et
777 4521 1068 4588 sapientia,
1104 4538 1170 4576 eo
1203 4523 1495 4579 manifeste
1542 4525 1875 4595 adaperiens
1906 4546 2007 4601 per

426 4608 600 4679 legem
633 4614 940 4668 naturalem
967 4621 1022 4667 ct
1052 4613 1420 4685 scriptatn,te
1451 4615 1705 4672 tlieorice
1735 4618 1933 4675 doceo.

503 4784 791 4843 Introduco
821 4800 869 4843 te
902 4792 1106 4846 semitis
1130 4795 1318 4848 rectis.
1344 4792 1636 4852 Introduco
1666 4805 1719 4851 te
1756 4798 1811 4851 in
1847 4802 2004 4868 [ιι-εικὶ

421 4878 479 4935 in
521 4881 637 4935 vias
674 4881 963 4947 virtutum,
990 4898 1111 4953 quae
1140 4884 1208 4938 ad
1240 4901 1460 4941 omnem
1488 4888 1754 4943 malitiam
1783 4904 1889 4944 non
1918 4891 2005 4945 in-

420 4974 724 5026 clinentur.

493 5062 660 5119 Vens.
693 5065 776 5118 12.
810 5065 960 5130 Quas
1002 5081 1121 5118 cum
1169 5067 1438 5136 ingressus
1468 5068 1653 5135 fueris,
1688 5086 1791 5123 non
1822 5081 2000 5125 arcta-

418 5153 620 5207 buntur
645 5171 858 5224 gressus
893 5156 994 5210 tui.
1036 5156 1092 5210 Si
1138 5158 1227 5210 Dei
1270 5160 1579 5212 Voluntates
1604 5161 1740 5213 scite
1767 5177 1997 5231 percur-

417 5248 586 5310 reris,
616 5248 854 5301 termino
908 5263 1015 5302 non
1057 5250 1420 5304 arctabuntur
1460 5261 1569 5307 tua:
1611 5242 2033 5324 cogitationes,’

414 5337 607 5391 divina
635 5337 1008 5394 immensitate
1034 5350 1293 5396 extensaa.

492 5424 561 5479 Et
602 5441 817 5481 currens
849 5445 950 5482 non
976 5429 1191 5485 habebis
1224 5433 1623 5501 o/fendiculum.
1651 5436 1709 5492 Si
1748 5452 1878 5493 vero
1901 5454 1997 5493 eas

415 5519 475 5572 in
512 5519 667 5584 praui
696 5520 818 5572 cum
851 5502 971 5575 ielo
998 5524 1353 5587 custodieris,
1384 5527 1501 5581 leve
1538 5530 1644 5582 erit
1666 5529 1860 5599 jugum
1900 5548 1912 5582 :
1944 5540 1998 5583 et

418 5610 578 5664 dulce
599 5608 874 5665 videbitur
893 5610 1207 5667 divinorum
1232 5617 1611 5672 mandatorum
1638 5618 1855 5688 pondus
1873 5620 1995 5687 tibi,

417 5702 516 5769 qui
540 5701 849 5764 sublevaris
890 5720 985 5772 spe
1024 5704 1294 5760 bonorum
1321 5707 1547 5764 virtutis
1591 5708 1881 5766 laboribus
1909 5725 1997 5766 rc-

422 5805 786 5851 servatorum.

2112 4529 2475 4593 ὲνυπόστατος
2496 4533 2663 4587 αὐτοῦ
2693 4534 2921 4605 δύναμις
2957 4538 3053 4591 καὶ
3094 4540 3276 4609 σοφία,
3333 4543 3703 4600 ἐπικαλύπτων

2113 4619 2539 4689 ἀπαραλείπτως
2593 4624 2731 4678 αὐτὰ
2778 4626 2869 4680 διά
2908 4646 2969 4680 τε
3018 4629 3112 4682 τοῦ
3144 4632 3375 4700 φυσικοῦ
3405 4635 3578 4704 νόμου
3602 4640 3699 4691 καὶ

2106 4708 2202 4761 τοῦ
2230 4712 2500 4779 γραπτοῦ,
2530 4714 2872 4770 ὑποδεικνύω
2905 4736 2987 4771 σοι
3019 4720 3160 4773 κατὰ
3185 4720 3440 4791 θεωρίαν.

2179 4801 2495 4870 Ἑμόιϐάζω
2515 4805 2582 4857 δέ
2628 4822 2702 4859 σε
2740 4809 3009 4878 τροχιαῖς
3040 4811 3259 4877 ὀρθαῖς.
3308 4813 3522 4881 Ἐνάγω
3547 4815 3605 4868 δέ
3634 4834 3693 4868 σε

2109 4891 2249 4944 κατὰ
2280 4892 2480 4963 πρᾶξιν
2536 4895 2616 4959 είς
2647 4897 2774 4960 τοὺς
2801 4900 2937 4968 πρὸς
2975 4901 3157 4965 πάσας
3200 4903 3398 4967 κακίας
3437 4907 3694 4975 ἀπαρεγ-

2108 4980 2322 5044 κλίτους
2363 4984 2597 5054 δρόμους
2628 4987 2739 5041 τῶν
2770 4989 3002 5059 ἀρετῶν.

2178 5073 2266 5143 ιβ’.
2305 5076 2445 5130 Ἐὰν
2474 5079 2583 5147 γὰρ
2611 5081 2858 5149 στράτεύῃ,
2888 5085 2963 5136 οὐ
3003 5088 3557 5156 συγκλεισθήσεται
3618 5095 3694 5150 τὰ

2097 5163 2438 5233 διαδήματὰ
2486 5171 2731 5225 σου.Τά
2784 5173 2893 5245 γὰρ
2941 5173 3425 5249 θεῖαὶθελήματα,
3479 5185 3527 5234 εί
3584 5184 3690 5251 μὲν

2076 5257 2246 5309 κατὰ
2288 5257 2520 5329 θεωρίαν
2560 5261 2769 5333 διέρχῃ,
2841 5265 3014 5336 πέρας
3080 5268 3181 5320 οὐκ
3232 5269 3414 5339 ἔχουσί
3465 5289 3561 5325 σου
3620 5278 3689 5328 τὰ

2101 5348 2460 5420 διανοήματα,
2514 5357 2580 5424 τῇ
2636 5355 2756 5426 θείᾳ
2800 5358 3027 5428 ἀπειρίᾳ
3078 5365 3683 5433 συμπαρεκτεινόμενα.

2184 5441 2326 5495 Ἐὰν
2354 5443 2422 5496 δὲ
2447 5444 2681 5514 τρέχῃς,
2713 5450 2784 5501 οὐ
2828 5450 3148 5517 κοπιάσῃς.
3182 5453 3243 5504 Ei
3269 5454 3325 5507 δὲ
3365 5457 3506 5509 κατὰ
3541 5460 3687 5527 πρᾶ-

2100 5531 2182 5596 ξιν
2216 5534 2511 5604 προθύμως
2560 5537 2830 5609 διεξέρχῃ,
2863 5541 3095 5611 χρηστὸς
3126 5545 3153 5596 ὀ
3177 5544 3338 5611 ζυγός
3360 5561 3374 5575 ο
3431 5549 3524 5599 καὶ
3555 5549 3683 5601 ἐλα-

2100 5622 2235 5692 φρὸν
2266 5626 2324 5677 τὸ
2355 5627 2572 5696 φορτίον
2602 5629 2711 5680 τῶν
2759 5630 2920 5684 θείων
2976 5633 3206 5688 ἐντολῶν
3239 5653 3319 5688 σοι
3349 5639 3679 5706 φανήσεται,

2099 5714 2477 5786 κουφιζομένῳ
2506 5723 2571 5789 τῇ
2598 5720 2774 5776 ἑλπίδι
2828 5723 2935 5776 τῶν
2965 5724 3268 5794 μελλόντων
3314 5728 3535 5797 ἀγαθῶν
3581 5728 3676 5783 τοῦ

2100 5807 2261 5860 πόνου
2296 5807 2393 5875 τῆς
2415 5808 2635 5879 ἀρετῆς.
