3958 6410
323 260 466 325 1257

1344 257 1881 320 COMMENTARII
1918 256 1999 317 ΙΝ
2032 255 2492 357 ΡΒΟνΕΒβΙΑ.

3448 262 3584 324 12.38

395 379 487 442 ιγ’.
524 371 846 427 Ἐπιλιισοῦ
905 370 1056 440 ἐμῆς
1085 369 1379 436 παιδείας,
1406 371 1491 439 μὴ
1524 369 1710 439 ἀφῇς.
1744 367 1898 426 ἀλλὰ

2072 368 2240 425 Vens.
2278 371 2365 424 15.
2402 369 2539 426 Tene
2595 368 2961 439 disciplinam,
3008 387 3070 426 ne
3119 371 3361 429 dimittas
3418 392 3583 440 eam;

312 464 603 535 φύλαξον
634 463 835 530 αὐτὴν
863 462 1096 527 σεαυτῷ
1124 465 1210 527 είς
1241 460 1393 530 ζωήν
1423 477 1562 515 σου.
1596 460 1686 513 Διὸ
1728 477 1905 531 προσ-

312 555 488 612 λαϐοῦ
517 556 658 608 κατὰ
718 553 960 607 διάθεσιν
1004 552 1102 624 τὴν
1136 553 1276 623 ἐμὴν
1321 552 1665 623 παραίνεσιν*
1696 553 1792 606 καὶ
1826 551 1901 620 μὴ

313 647 680 718 καταλείψεις,
708 645 845 699 ἀ).λά
874 646 1113 715 τήρησον
1139 644 1344 713 ταύτην
1379 642 1530 714 παρὰ
1561 642 1772 712 σεαυτῷ
1806 642 1903 694 ἀν-

314 743 617 810 επίληστον
648 754 660 767 ⁸
690 737 832 790 ὥστε
872 735 970 808 ζῇν
1002 735 1183 800 καθὼς
1212 734 1351 806 αῦτη
1388 752 1472 788 σοι
1497 734 1807 805 ὑποτίθησι.

392 833 475 887 ιδ’.
514 830 726 896 Ὁδοὺς
757 829 994 884 ἀσεϐῶν
1018 829 1106 899 μὴ
1136 828 1430 896 exuam,
1451 827 1608 897 μηδὲ
1630 824 1904 894 ζηλώσῃς

312 924 505 991 ὀδοὺς
544 925 927 993 παρανόμων.
977 922 1102 984 Τοῖς
1151 921 1323 991 ἴχνεσι
1358 919 1469 973 τῶν
1527 917 1901 972 ἀπιστούντων

313 1016 464 1082 θεῷ,
502 1014 575 1084 μὴ
607 1011 895 1083 τιμώντων
923 1012 990 1065 δι’
1017 1011 1237 1080 ἀγαθῶν
1268 1009 1446 1080 ἔργων
1465 1008 1647 1072 αὑτὸν,
1675 1008 1749 1077 μὴ
1767 1008 1901 1089 ἁκο-

308 1105 616 1176 λουθήσῃς,
655 1106 793 1174 μήτε
834 1105 1052 1176 μιμήσῃ
1072 1103 1139 1156 τὰ
1163 1102 1425 1173 ἐργατῶν
1453 1099 1900 1170 παραϐαινόντων

307 1198 413 1260 τὰς
451 1197 617 1251 αὑτοῦ
652 1196 895 1259 ἐντολάς.

385 1295 473 1344 ιε’.
515 1289 619 1342 Ἔν
652 1280 715 1352 ιῷ
766 1287 817 1338 δ’
857 1286 935 1341 ἂν
976 1286 1138 1351 τόπῳ
1173 1283 1771 1354 στρατοπεδεύσωσι,
1811 1281 1899 1351 μὴ

303 1381 580 1449 manem
606 1378 763 1433 ἐκεῖ·
796 1379 1083 1433 ἐκκλίνον
1100 1378 1152 1431 δ’
1180 1378 1281 1434 ἀπ’
1307 1376 1525 1442 αὐτῶν,
1556 1377 1655 1429 καί
1673 1373 1901 1442 παράλ-

302 1474 531 1537 λαξον.
596 1471 767 1526 Ἔνθα
810 1472 856 1525 δ’
891 1472 956 1526 ἂν
998 1465 1144 1525 οὗτοι
1184 1470 1322 1542 πρὸς
1354 1469 1560 1540 βλάϐην
1593 1466 1900 1538 ἀνθρώπων

300 1565 703 1637 ἁθροισθῶσιν,
731 1565 893 1628 αὑτὸς
926 1564 1001 1635 μὴ
1036 1564 1315 1636 ἀπέλθῃς·
1354 1562 1573 1634 μακρὰν
1607 1561 1663 1614 δὲ
1692 1561 1899 1613 τούτων

298 1662 382 1723 ὡς
398 1657 810 1729 μισοθέωνάμα
838 1658 934 1710 καὶ
964 1655 1369 1726 μισανθρώπων
1393 1653 1553 1722 γενοῦ
1574 1669 1587 1683 '
1618 1652 1713 1705 καὶ
1732 1649 1900 1722 ἄλλην

2011 465 2101 516 sed
2135 463 2348 515 custodi
2396 462 2550 521 illam
2578 462 2887 527 tibimetipsi
2913 463 2968 516 in
2994 465 3157 518 vitam
3182 475 3353 521 tuam.
3373 468 3587 524 Idcirco

2011 553 2201 631 accipe
2236 568 2361 608 cum
2385 553 2582 608 aﬂ'ectu
2605 568 2783 608 meam
2814 554 3208 621 hortationem,
3232 569 3285 613 et
3312 575 3381 615 ne
3406 561 3588 615 dimit-

2012 650 2116 706 tas,
2139 642 2235 697 sed
2264 657 2388 697 eam
2416 643 2559 713 apud
2610 653 2662 697 te
2689 644 3068 700 absconditam
3098 647 3340 715 custodi,
3379 656 3438 703 ut
3468 651 3587 721 ipsa

2010 743 2064 786 te
2093 732 2289 787 doceat
2318 733 2596 802 quomodo
2628 735 2818 791 vivere
2848 746 3125 806 Oporteat.
3464 729 3483 735 ’

2080 821 2249 879 Vens.
2274 824 2360 879 14.
2396 823 2480 878 Ne
2503 826 2777 882 delecteris
2813 830 2872 884 in
2928 832 3128 885 semitis
3160 820 3464 901 impiorum,
3494 850 3609 891 nec'

2011 912 2106 966 tibi
2131 914 2342 983 placeat
2374 917 2640 971 malorum
2655 918 2759 972 via.
2781 918 2860 974 Ne
2889 920 2945 975 in
2973 922 3078 979 viis
3107 924 3390 980 hominum
3413 928 3507 997 qui
3533 929 3589 984 in

2009 1000 2119 1058 Deo
2150 1019 2261 1058 non
2283 1005 2540 1072 credunt,
2577 1022 2679 1062 nec
2715 1009 2870 1063 illum
2902 1010 3066 1066 bonis
3090 1015 3353 1084 operibus
3376 1018 3588 1081 colunt,

2008 1092 2341 1163 ingrediaris
2377 1113 2393 1162 ;
2434 1105 2491 1151 et
2528 1111 2598 1152 ne
2649 1097 2886 1156 imiteris
2917 1115 3106 1171 opera,
3169 1104 3292 1174 ejus
3329 1110 3590 1164 mandata

2006 1184 2359 1239 violantium.

2075 1273 2243 1329 Vens.
2278 1274 2366 1330 15.
2392 1274 2460 1330 1η
2488 1276 2624 1342 loco,
2654 1294 2756 1347 quo
2786 1283 3051 1349 steterint,
3085 1301 3150 1339 ne
3181 1302 3271 1341 eas
3310 1290 3367 1342 in
3421 1307 3540 1345 eum
3569 1305 3589 1344 .-

2005 1364 2214 1420 declina
2250 1366 2316 1421 ab
2349 1368 2445 1434 eis,
2475 1378 2521 1422 et
2556 1370 2699 1440 fuge.
2738 1373 2945 1428 Ineunt
2977 1375 3183 1443 locum,
3245 1380 3299 1433 in
3343 1396 3452 1451 quo
3509 1384 3589 1439 illi

2005 1458 2071 1513 ad
2099 1459 2386 1513 hominum
2418 1460 2718 1529 perniciem
2749 1476 2810 1517 se
2843 1464 3192 1535 collegerint,
3220 1484 3289 1524 ne
3313 1471 3589 1541 ingredia-

2006 1551 2087 1605 ris
2126 1551 2330 1621 :longe
2365 1551 2434 1606 ab
2474 1552 2607 1617 illis,
2667 1562 2726 1608 ut
2778 1553 2894 1611 Deo
2940 1556 3215 1628 simulque
3269 1562 3588 1622 hominibus

2008 1642 2270 1705 inimicis,
2295 1642 2422 1713 fuge
2457 1662 2471 1698 :
2502 1652 2557 1699 et
2585 1645 2751 1700 aliam
2777 1647 2845 1702 ab
2868 1648 2949 1703 eis
2974 1663 3176 1722 perage
3200 1653 3389 1720 vitam,
3417 1654 3586 1712 Deum

299 1726 461 1822 ἤπερ
491 1743 635 1803 οὗτοι
666 1726 866 1819 βίωσον
902 1746 1107 1818 βιοτὴν,
1141 1745 1386 1815 φιλόθεον
1411 1744 1549 1816 ὁμοῦ
1580 1742 1675 1798 καὶ
1713 1741 1898 1811 φιλάν-

2021 1739 2055 1788 tt
2092 1731 2346 1789 homines
2370 1733 2534 1789 simul
2563 1734 2827 1807 diligens.

298 1841 560 1914 θρωπον.

371 1932 490 1998 ις’.
524 1931 608 1985 Οὐ
634 1928 748 2000 γὰρ
773 1928 860 1999 μὴ
890 1927 1280 1994 ὑπνώσωσιν,
1308 1928 1417 1984 ἐὰν
1443 1927 1530 1997 μὴ
1577 1926 1917 1993 κακοποιήο

288 2030 514 2079 amatr
540 2038 555 2053 °
593 2022 897 2090 ἀφῄρηται
944 2022 978 2073 ό
1016 2019 1211 2085 ὕπνος
1249 2018 1350 2073 ἀπ’
1397 2016 1628 2083 αὐτῶν,
1685 2016 1786 2072 καί
1828 2017 1902 2070 οὐ

296 2114 656 2184 κοιμῶνται.
690 2113 763 2167 Οὐ
800 2112 908 2183 γὰρ
948 2110 1119 2165 ὕπνου
1147 2106 1299 2165 οὗτοι
1333 2109 1670 2180 μετάσχωσι,
1704 2109 1903 2179 μέχρις

304 2206 372 2260 ἄν
402 2222 534 2260 τινα
588 2201 789 2274 βλάψαι
820 2203 1117 2271 ἰσχύσωσι·
1161 2200 1295 2254 διότι
1325 2199 1660 2270 περιῄρηται
1692 2199 1757 2250 ἐκ
1785 2196 1903 2251 τού-

303 2313 416 2349 των
445 2298 478 2352 ὁ
513 2293 701 2356 ὑπνος,
737 2292 835 2347 καὶ
866 2293 966 2362 οὐχ
1019 2291 1380 2354 ὑπνώττουσνι,
1420 2291 1487 2359 τῇ
1529 2287 1664 2358 πρὸς
1695 2286 1900 2358 βλάϐην

302 2387 403 2441 τοῦ
437 2385 613 2450 πέλας
647 2384 885 2456 μερίμνῃ
917 2378 1719 2455 ἀπαγρυπνοῦντεςῖιηνεκῶς.

382 2477 476 2543 ιζ’.
512 2477 649 2531 Οἵδε
679 2475 787 2547 γὰρ
805 2475 1123 2530 σιτοῦνται
1149 2472 1288 2527 σῖτα
1313 2471 1614 2536 ἀσεϐείας,
1668 2470 1810 2537 οϊνῳ
1831 2469 1901 2524 δὲ

307 2570 640 2640 παρανόμῳ
704 2568 1137 2638 μεθύσκονται.
1197 2559 1357 2620 Οὗτοι
1400 2562 1509 2633 γὰρ
1557 2561 1739 2634 ἔργοις
1799 2564 1900 2633 μὲν

306 2663 541 2735 ἀτιμίας
566 2663 880 2734 τρέφονται,
910 2658 1122 2722 τούτοις
1142 2658 1279 2730 πρὸς
1308 2657 1508 2712 κακίαν
1537 2656 1860 2721 αὐξάνοντες
1879 2670 1896 2688 ο

308 2749 613 2821 παραλόγῳ
659 2748 717 2803 δὲ
773 2747 976 2816 σαρκὸς
1020 2747 1368 2817 φρονήματι,
1437 2744 1513 2808 ὥς
1583 2762 1692 2800 τινι
1745 2743 1895 2815 οἴνῳ,

306 2842 626 2908 ἐξίστανται
675 2839 772 2894 τοῦ
859 2838 1126 2902 σώζοντος
1191 2837 1574 2909 καθεστηκότα
1620 2837 1712 2892 τὸν
1771 2835 1897 2892 νοῦν

308 2950 447 2987 πνευ
457 2948 564 3003 ματ
570 2930 686 2986 ικοῦ
708 2948 744 3000 φ
751 2931 880 3003 ρονὴ
889 2947 1079 3000 ματος.

385 3032 478 3093 ιη’.
509 3027 572 3078 Αἱ
595 3023 663 3076 δὲ
703 3023 830 3078 ὁδοί
865 3020 987 3076 τῶν
1025 3021 1274 3116 δικαίων
1312 3021 1527 3116 ομοίως
1569 3020 1719 3116 ἔρωτι
1748 3018 1897 3089 ,λάμ-
1925 3057 1970 3116 c

309 3131 503 3169 πουσι
522 3132 539 3144 '
566 3115 1038 3184 προπορεύονται
1061 3113 1159 3167 καὶ
1179 3113 1546 3182 φωτίζουσιν
1559 3111 1669 3178 ἕως
1684 3127 1899 3179 κατορ-

310 3205 495 3261 θώσει
522 3206 561 3273 ἠ
623 3205 835 3275 ήμέρα.
861 3204 942 3258 Τά
984 3205 1041 3258 δὲ
1075 3203 1216 3273 ἔρια
1264 3202 1375 3257 τῶν
1400 3201 1543 3259 κατά
1569 3200 1696 3264 τοὺς
1721 3199 1900 3263 θείους

309 3297 511 3366 νόμους
528 3295 981 3365 πολιτευομένων,
1011 3293 1107 3357 τάς
1136 3293 1245 3347 τῶν
1262 3293 1595 3364 ἀφορώντων
1622 3292 1701 3354 είς
1727 3289 1900 3343 ταῦτα

306 3386 493 3456 ψυχὰς
519 3385 952 3453 καταυγάζουσι,
983 3383 1389 3455 παραπλησίως
1423 3384 1535 3444 τοῖς
1566 3382 1755 3453 ἔργοις
1802 3379 1897 3432 τοῦ

304 3474 408 3542 τῆς
434 3474 785 3544 δικαιοσύνης
816 3473 967 3544 ἡλίου
994 3488 1008 3502 ·
1045 3472 1420 3542 προηγοῦνται
1452 3469 1509 3521 δὲ
1547 3468 1774 3533 τούτων,
1805 3468 1899 3520 καὶ

302 3564 651 3634 πυρσεύουσι
680 3563 922 3629 ταύταις,
964 3563 1158 3634 μέχρις
1186 3562 1252 3616 ἂν
1285 3562 1448 3625 αὑτὸς
1493 3562 1521 3613 ὁ
1551 3560 1651 3630 τῆς
1689 3560 1899 3614 δικαιο-

301 3655 483 3725 σύνης
520 3656 706 3719 Ἥλιος
734 3654 978 3727 φαιδρῶς
1012 3654 1102 3707 ἐπ’
1131 3653 1319 3716 αὑταῖς
1345 3652 1645 3723 διαλάμψῃ,

373 3746 475 3800 ιϐ’.
495 3751 565 3802 Αἱ
593 3746 662 3801 δὲ
697 3746 824 3800 ὁδοὶ
866 3744 986 3799 τῶν
1017 3743 1274 3808 ἀσεϐῶν,
1310 3745 1616 3798 σκοτειναί
1636 3759 1649 3771 ·
1675 3744 1787 3797 οὐκ
1817 3742 1901 3796 οἶ-

302 3839 457 3893 δασι
480 3837 605 3905 πῶς
638 3839 1111 3907 προσκόπτουσι.
1139 3836 1223 3889 Τὰ
1259 3835 1319 3889 δὲ
1352 3834 1490 3905 ἔργα
1524 3833 1898 3888 ἀπιστούντων

308 3928 454 4000 Θεῷ,
486 3932 580 3983 καὶ
613 3929 687 4002 μὴ
713 3929 780 3984 δι’
807 3927 1176 4000 ἀγαθοεργίας
1217 3924 1501 3997 τιμώντων
1542 3925 1729 3993 αὑτὸν,
1768 3926 1898 3979 σκό-

310 4042 402 4088 τος
451 4023 672 4092 ἀγνοίας
729 4022 1099 4092 ὑπάρχουσιψ
1161 4019 1353 4090 ἐπειδὴ
1418 4011 1568 4071 οὗτοι
1611 4018 1898 4088 ἀγνοοῦσιν

311 4118 464 4177 ὅπως
489 4114 566 4187 τῷ
598 4114 790 4184 ἀγαθῷ
822 4112 1278 4183 προσπταίουσιν.

350 4281 362 4292 ⁸
384 4212 458 4259 κ’.
501 4206 617 4271 Υἱὲ,
655 4203 769 4274 ἐμῇ
812 4204 994 4271 ρήσει
1049 4207 1333 4273 πρόσεχε.
1373 4204 1562 4257 Ἔνθεν
1592 4220 1674 4256 τοι
1707 4201 1919 4257 τέκνον.

313 4296 709 4366 πνευματικὸν,
748 4297 815 4365 τῇ
864 4297 974 4366 ἐμῇ
1031 4294 1356 4366 διδασκαλίᾳ
1413 4296 1513 4366 τῆς
1571 4294 1753 4366 ψυχῆς
1801 4310 1896 4347 σου

2076 1909 2241 1966 Vens.
2265 1911 2352 1966 16.
2387 1910 2510 1967 Non
2530 1914 2670 1968 enim
2708 1914 3004 1982 dormiunt,
3038 1920 3146 1974 nisi
3174 1922 3312 1976 male
3341 1923 3588 1993 fecerint,

2003 2012 2053 2057 et
2076 2004 2282 2072 rapitur
2295 2020 2512 2060 somnus
2528 2006 2592 2059 ab
2617 2008 2693 2062 eis
2726 2017 2778 2062 et
2794 2024 2900 2063 non
2919 2010 3221 2079 quiescunt.
3246 2014 3458 2071 Somno
3478 2033 3587 2073 non

2005 2094 2357 2164 participant,
2391 2095 2499 2150 nisi
2534 2096 2699 2153 alicui
2733 2099 2939 2155 malum
2964 2099 3201 2157 fecerint
3231 2122 3244 2158 :
3269 2108 3487 2174 rapitur
3514 2106 3589 2162 ab

2002 2185 2085 2239 eis
2105 2199 2355 2250 somnus,
2375 2193 2431 2240 et
2462 2202 2571 2243 non
2603 2189 2898 2259 quiescunt
2932 2176 3176 2262 semper,
3208 2184 3588 2254 sollicitudine

2000 2277 2264 2347 perniciei
2294 2280 2555 2350 proximi,
2589 2297 2620 2337 a
2649 2298 2846 2338 somno
2885 2287 3105 2340 remoti.
3510 2274 3513 2277 ’

2073 2458 2237 2517 Vens.
2261 2462 2342 2516 l7.
2372 2461 2867 2531 Conteduntpanem
2901 2467 3275 2537 impietatis,et
3301 2469 3486 2525 bibunt
3509 2476 3589 2526 vi-

2000 2565 2124 2603 num
2141 2551 2563 2621 iniquitatis.llli
2604 2556 2872 2624 operibus
2919 2557 3220 2627 impietatis
3263 2542 3584 2628 vescunttir,

1999 2653 2098 2710 per
2116 2654 2179 2695 ea
2194 2641 2263 2696 ad
2286 2643 2550 2698 malitiam
2568 2656 2883 2703 crescentes
2906 2667 2918 2700 :
2945 2648 3136 2719 iniquo
3156 2652 3345 2707 carnis
3367 2653 3589 2707 deside-

1998 2730 2105 2795 rio,
2130 2739 2387 2803 tanquam
2403 2735 2640 2805 quodam
2661 2738 2808 2800 vino,
2833 2753 2957 2794 sese
2973 2750 3297 2797 removenta
3316 2732 3587 2813 spirituali

1997 2821 2291 2891 desiderio,
2324 2826 2469 2897 quod
2502 2827 2670 2882 animi
2709 2830 3172 2900 moderationem,
3203 2834 3383 2891 affert.

2076 2996 2245 3055 Vens.
2277 2999 2364 3057 18.
2406 3000 2517 3056 Vite
2538 3003 2818 3073 justorum
2842 3006 3043 3063 lumine
3075 3011 3352 3078 splendent
3406 3029 3423 3066 :
3460 3032 3589 3083 pro-

2007 3087 2219 3166 cedunt,
2254 3098 2305 3144 et
2337 3090 2512 3145 lucent
2535 3094 2711 3161 quoad
2750 3106 3008 3166 exsurgat
3039 3097 3175 3154 dies.
3210 3100 3387 3172 Opera
3438 3105 3587 3159 enim

2008 3181 2230 3236 illorum
2280 3184 2376 3253 qui
2423 3184 2729 3240 secundum
2765 3186 2861 3242 Dei
2912 3189 3066 3260 leges
3104 3207 3166 3257 se
3199 3205 3417 3265 gerunt,
3452 3196 3586 3250 illu-

2006 3275 2220 3328 minant
2289 3275 2507 3332 animas
2584 3277 2638 3332 in
2694 3292 2759 3333 ea
2813 3281 3253 3350 respicientium,
3325 3293 3585 3356 tanquam

2006 3364 2141 3419 solis
2167 3363 2397 3432 iustitiae
2430 3367 2692 3437 operibus
2726 3385 2740 3421 :
2767 3371 3109 3438 praecedunt,
3138 3381 3193 3428 et
3225 3376 3366 3431 viam
3395 3386 3585 3432 osten-

2006 3455 2145 3509 dunt
2167 3456 2292 3523 illis,
2319 3458 2673 3528 quoadusque
2729 3460 2849 3530 ipse
2869 3461 3099 3530 iustitiae
3128 3465 3213 3519 sol
3231 3480 3358 3521 cum
3395 3468 3584 3538 splen-

2005 3545 2139 3603 dore
2168 3546 2449 3604 illucescat
2484 3563 2650 3619 super
2680 3544 2789 3605 has
2818 3553 3054 3609 animas.
3184 3552 3195 3561 '

2078 3746 2242 3805 Vens.
2268 3749 2356 3806 19.
2400 3749 2497 3804 Via
2515 3752 2803 3822 impiarum
2835 3753 3113 3810 tenebrosa
3140 3769 3159 3808 :
3186 3754 3427 3808 nesciunt
3453 3771 3585 3825 quo-

2006 3837 2161 3894 modo
2200 3843 2517 3898 corruerint.
2549 3842 2726 3914 Opera
2753 3852 2937 3900 autem
2967 3845 3022 3900 in
3068 3845 3178 3901 Deo
3212 3860 3320 3901 non
3356 3846 3586 3902 credenv

2006 3933 2163 4000 tium,
2194 3941 2250 3987 et
2289 3933 2441 3988 illum
2498 3949 2594 4005 per
2628 3936 2769 3991 bona
2821 3951 2987 4006 Opera
3034 3951 3142 3992 non
3192 3938 3584 3994 honorantium

2004 4023 2334 4094 ignorantiae
2374 4024 2611 4080 tenebris
2662 4026 3115 4096 possidebunlur,
3154 4040 3280 4082 cum
3329 4030 3585 4085 nesciunt

2003 4108 2283 4178 quomodo
2307 4124 2338 4164 e
2373 4109 2520 4164 bono
2548 4113 2882 4169 corruerint.

2076 4200 2246 4256 Vens.
2282 4200 2373 4256 20.
2408 4200 2541 4267 Fili,
2582 4204 2833 4258 ausculta
2859 4222 3129 4262 sermones
3152 4225 3313 4264 meos.
3343 4208 3583 4282 Etinde,

2001 4304 2126 4345 mea
2156 4289 2408 4346 doctrina
2438 4290 2604 4362 imple
2625 4294 2821 4348 animae
2851 4301 2958 4349 tuae
2999 4305 3209 4365 partem
3240 4297 3585 4354 intellectuaa

314 4387 654 4461 θεωρητικὸν
698 4386 1019 4456 ἀπασχόλει,
1081 4385 1359 4439 κατανοῶν
1402 4385 1716 4454 γνωστικῶς
1754 4384 1898 4456 ειπερ

2027 4396 2136 4448 em,
2155 4381 2468 4454 intelligens
2492 4382 2634 4439 scite
2662 4399 2727 4440 ea
2761 4400 2883 4455 quae
2913 4386 3013 4441 tibi
3042 4388 3112 4445 ab
3141 4387 3232 4443 illa
3261 4404 3585 4463 proponunv

282 4518 285 4521 λ
311 4480 455 4550 αῦτη
489 4495 571 4531 σοι
601 4476 918 4549 ὑποτίθησι.
1680 4526 1689 4533 ,

391 4570 524 4636 Ίοῑς
544 4569 613 4622 δὲ
649 4567 816 4637 ἐμοῖς
876 4567 1081 4637 λόγοις
1127 4565 1436 4634 παράϐαλλε
1459 4564 1587 4618 σὸν
1608 4560 1737 4630 οὖς.
1768 4565 1900 4629 Ταῖς

309 4661 356 4714 δ’
398 4654 561 4731 ἐμαῖς
625 4657 931 4727 ὑποθήκαις
994 4656 1282 4728 παρατίθει
1334 4656 1392 4707 τὸ
1431 4653 1711 4717 ὲπιπειθὲς
1758 4653 1902 4723 λόγῳ

312 4750 715 4823 ἐπιθυμητικόν
748 4766 842 4802 σου
904 4748 1002 4801 καὶ
1051 4749 1305 4818 θυμικὸν,
1365 4744 1657 4811 ὑπακούων
1709 4745 1901 4809 αὑταῖς

311 4842 616 4917 ὀρεκτικῶς
641 4841 781 4896 κατά
812 4840 1032 4906 πρᾶξιν.

385 4938 492 4987 κα¹.
520 4932 712 4995 Ὅπως
757 4930 844 4998 μὴ
873 4928 1130 4984 λείπωσί
1155 4942 1230 4982 σε
1270 4931 1329 4982 at
1360 4925 1545 4996 πηγαί
1572 4925 1686 4994 τῆς
1728 4923 1898 4994 ζωῆς.

316 5026 511 5087 Ὅπως
538 5023 624 5076 ἀεί
653 5041 735 5076 σοι
775 5022 1111 5092 βλαστάνωσι
1159 5019 1279 5074 κατ’
1323 5018 1647 5090 ἔμπρακτον
1675 5019 1898 5088 γνῶσιν,

316 5113 389 5179 ὥς
411 5132 556 5177 τινες
598 5113 821 5168 ἀένναοι
886 5112 1082 5181 πηγαὶ,
1107 5111 1206 5179 τὴν
1233 5109 1553 5181 πρέπουσάν
1581 5126 1663 5162 σοι
1687 5109 1762 5173 ὡς
1808 5109 1900 5161 λο-

314 5194 456 5277 γιηῷ
488 5205 867 5276 πνευματικὴν
896 5204 1061 5276 ζωὴν,
1090 5205 1144 5256 αἱ
1176 5203 1271 5256 τοῦ
1300 5202 1438 5256 Θεοῦ
1462 5199 1772 5269 ὲντολαὶ,ἃς
1826 5201 1932 5273 δῄ,

320 5315 400 5350 σοι
428 5298 523 5349 καὶ
558 5296 876 5367 ὑποτίθημι.

390 5390 679 5443 Ψύλασσε
703 5388 886 5452 αὑτὰς
916 5387 986 5439 ἐν
1015 5384 1099 5453 σῇ
1124 5384 1359 5453 καρδίᾳ.
1391 5384 1471 5455 Τή
1483 5400 1565 5457 ρει
1594 5384 1735 5439 κατὰ
1778 5384 1896 5439 διά-

320 5501 466 5535 νοιαν
506 5481 706 5545 ταύτας
740 5481 826 5534 διὰ
853 5479 1074 5542 παντός.
1802 5473 1805 5476 ’

389 5574 493 5643 κβ⁹.
519 5571 655 5642 Ζωὴ
684 5571 793 5640 γάρ
824 5571 955 5625 ἐστι
986 5570 1111 5636 τοῖς
1137 5570 1534 5639 εὑρίσκουσιν
1562 5571 1772 5635 αὐτὰς,
1796 5572 1894 5626 καὶ

325 5665 487 5735 πᾶσι]
510 5666 691 5733 σαρκὶ
706 5665 895 5768 μοις.
924 5663 1127 5725 Γνῶσις
1155 5663 1262 5731 γὰρ
1282 5663 1519 5732 ὑπάρχει
1547 5665 1893 5739 πνευματικὴ

659 5758 927 5825 Pirum"
984 5761 1099 5823 Gn.
1168 5758 1539 5823 LXXXV".

2003 4481 2115 4527 tur.

2072 4563 2140 4618 Et
2164 4564 2234 4619 ad
2263 4565 2475 4637 eloquia
2499 4583 2614 4622 mea
2641 4568 2844 4623 inclina
2879 4584 3060 4623 aurem
3100 4578 3266 4623 tuam.
3297 4569 3431 4626 Meis
3465 4587 3582 4626 mo-

2001 4657 2132 4713 nitis
2156 4658 2381 4723 inclina,
2418 4658 2650 4714 docilem
2670 4659 2857 4724 verbo,
2881 4661 3369 4729 concupiscibilem
3394 4672 3448 4717 et
3470 4661 3582 4716 ira-

2002 4751 2249 4807 scibilem
2283 4751 2479 4805 anima:
2503 4759 2607 4807 tuae
2630 4750 2950 4821 potentiam,
2982 4750 3342 4822 acquiescens
3373 4751 3486 4808 illis
3522 4752 3580 4807 in

2000 4859 2097 4914 pra
2108 4842 2156 4896 xi
2190 4857 2315 4897 cum
2341 4842 2556 4896 illarum
2587 4843 2872 4913 cupidine.
3606 4820 3625 4837 .

2070 4931 2238 4987 Vens.
2265 4932 2356 4987 21.
2379 4931 2462 4987 Ne
2498 4942 2547 4987 te
2574 4933 2951 5004 derelinquant
2978 4935 3147 5004 fontes
3174 4936 3312 4989 vitae.
3335 4933 3405 4989 Ut
3427 4949 3578 4991 sem-

1999 5041 2098 5100 per
2150 5025 2205 5078 in
2235 5032 2285 5078 te
2324 5022 2625 5079 secundum
2669 5024 2943 5079 ellicacem
2972 5025 3365 5094 cognitionem,
3410 5026 3578 5081 vitam

2001 5115 2345 5186 spiritualem
2379 5114 2478 5169 tibi
2520 5124 2781 5185 tanquam
2829 5114 3042 5170 ratione
3081 5114 3332 5184 praedito,
3371 5129 3576 5170 conve-

2001 5212 2239 5265 nientem
2264 5207 2569 5272 effundant,
2594 5218 2652 5264 ut
2675 5223 2945 5279 perennes
2961 5207 3162 5273 fontes,
3180 5207 3435 5262 mandata
3456 5206 3577 5272 Dei,

2000 5317 2121 5371 quae
2154 5317 2256 5372 ego
2287 5303 2385 5358 tibi
2412 5317 2683 5373 propono.

2070 5392 2297 5450 Custodi
2327 5411 2416 5451 eos
2456 5396 2510 5449 in
2537 5393 2696 5449 corde
2727 5402 2842 5448 tuo.
2876 5391 3044 5449 Serva
3068 5409 3155 5462 ea,
3190 5404 3317 5449 ante
3367 5398 3576 5459 omnia,

2001 5486 2056 5541 in
2079 5486 2439 5555 intelligentia
2479 5495 2594 5540 tua.
3130 5554 3137 5561 ν

2045 5565 2054 5573 ’
2078 5575 2241 5629 Vens.
2267 5575 2357 5628 ‘29..
2407 5574 2525 5628 Vita
2546 5584 2623 5629 est
2647 5576 2786 5629 enim
2822 5576 3205 5634 invenientibus
3232 5595 3346 5645 eas,
3373 5592 3423 5635 et
3455 5585 3576 5637 uni-

2000 5683 2158 5723 ειη-,ιω
2176 5666 2329 5721 carni
2358 5668 2587 5722 sanitas.
2624 5666 2871 5723 Scientia
2914 5670 3233 5727 conceditur
3257 5674 3561 5742 spiritualts

3030 5765 3106 5829 1ιο
