3958 6410
449 419 579 478 1ἒῦῗῖ

1803 407 2158 470 PROCOPII
2192 405 2435 467 GAZ/EI

3563 404 3674 472 132M

443 538 639 608 spiritu
699 532 764 587 ad
802 532 963 588 verba
994 531 1306 592 veritatum,
1354 527 1479 598 iuge
1547 523 1903 597 apparentias
1933 535 2015 577 ea-

2137 519 2340 575 6αίνων
2366 518 2505 574 κατὰ
2523 518 2647 572 νοῦν
2675 519 2813 589 πρὸς
2842 519 2966 583 τοὺς
2997 517 3187 584 λόγους
3215 515 3329 572 τῶν
3355 517 3538 586 ὄντων,
3563 524 3676 576 ἀπο.

441 646 584 694 rum,
617 642 739 698 qua:
766 626 820 679 in
855 624 1110 680 sensibus
1141 621 1394 692 potentiae
1443 618 1720 675 seusitivee
1754 615 1915 686 quasi
1969 617 2022 668 in

441 723 616 792 portis
635 720 849 790 jacent,
880 717 934 770 in
969 715 1170 785 quibus
1223 713 1336 766 haec
1377 710 1623 782 potentia
1655 715 1845 764 manet
1903 717 2024 762 tan-

441 827 604 883 quam
641 811 697 865 in
730 807 986 864 domibus
1015 819 1044 857 a
1066 819 1126 859 se
1151 801 1390 857 dilectis.

514 992 679 1046 Vsus.
715 988 767 1042 9.
799 985 879 1039 Ne
909 983 998 1038 des
1026 983 1186 1036 vitam
1211 979 1427 1042 alienis,
1455 986 1505 1031 et
1549 991 1730 1043 annos
1763 984 1879 1029 tuos
1903 989 2019 1027 cru-

443 1085 675 1140 delibus.
709 1058 787 1134 ﬂe
813 1080 912 1134 des
945 1076 1158 1140 alteris,
1191 1089 1220 1126 a
1243 1071 1355 1127 Deo
1387 1069 1679 1124 formatam
1715 1068 2020 1131 tibivitam,

447 1190 504 1234 ut
562 1179 746 1234 divina
813 1171 1092 1233 mandata,
1144 1183 1244 1238 per
1287 1180 1409 1234 quae
1439 1162 1624 1218 omnia
1658 1160 1806 1215 facta
1869 1164 2023 1223 sunt,

435 1272 754 1328 carnalibus
778 1265 1158 1322 voluntatibus
1206 1258 1602 1329 subjiciantur,
1629 1263 1684 1311 et
1707 1268 1868 1311 omne
1885 1267 2025 1322 opus

443 1381 594 1421 tuum
629 1366 831 1422 bonum
859 1357 1186 1415 crudelibus
1213 1353 1598 1411 submittatur.

502 1541 670 1599 Vens.
731 1539 820 1594 iO.
894 1539 971 1592 Ne
997 1536 1132 1604 forte
1178 1532 1502 1602 impleantur
1545 1528 1786 1583 extranei
1821 1526 2024 1581 viribus

435 1636 560 1690 tuis.
587 1632 664 1688 Ne
697 1632 976 1692 fruantur,
1012 1645 1041 1680 a
1076 1625 1187 1681 Deo
1225 1625 1461 1694 separati
1491 1621 1790 1683 daemones,
1825 1626 2023 1688 poten-

437 1733 534 1793 tia,
569 1742 735 1798 quam
762 1724 826 1779 ad
854 1724 997 1777 bona
1031 1733 1199 1790 Opera
1228 1715 1506 1788 possides,
1541 1713 1644 1766 hac
1679 1711 1790 1766 illis
1823 1712 2022 1764 secun-

433 1828 562 1880 dum
620 1831 772 1877 tuam
828 1818 1173 1872 voluntatem
1231 1808 1493 1867 servienti
1526 1806 1593 1862 ad
1654 1805 1866 1860 scelera
1924 1817 2023 1874 pa—

436 1916 676 2070 "3321:.
709 2005 798 2058 Η.
829 2001 895 2056 Et
925 1999 1134 2054 labores
1162 1996 1240 2049 tui
1293 1993 1402 2048 sint
1446 1993 1502 2044 in
1531 1988 1776 2044 domibus
1803 1986 2017 2055 alienis,

429 2113 475 2154 et
516 2109 562 2153 te
603 2095 854 2166 paeniteat
885 2093 938 2145 in
965 2085 1264 2144 novissimis
1295 2083 1422 2138 tuis.
1468 2081 1534 2135 Et
1561 2080 1779 2134 labores
1827 2077 1931 2142 tui,
1961 2077 2017 2130 in

429 2193 625 2260 domus
656 2183 1060 2255 suppliciorum
1093 2175 1440 2232 daunonibus
1470 2179 1818 2243 praeparatas
1849 2169 2016 2223 indu-

429 2291 647 2345 cantur,
676 2275 962 2331 materiam
989 2269 1133 2340 ignis
1160 2266 1349 2321 aeterni
1383 2264 1484 2319 tibi
1522 2260 1972 2318 thesaurizantes
1998 2273 2014 2313 :

429 2379 481 2424 et
517 2377 574 2425 te
596 2365 862 2440 pmniteat
888 2362 943 2416 in
973 2356 1319 2414 novissimis.

501 2553 667 2609 Vsus.
705 2550 792 2605 1‘2.
817 2545 1046 2616 Quando
1099 2537 1488 2608 consumpseris
1541 2550 1726 2590 carnes
1778 2531 2015 2601 corporis

445 2648 544 2712 tui,
576 2654 625 2699 et
647 2645 794 2697 dicas
831 2657 849 2695 :
886 2626 982 2692 cur
1045 2635 1338 2690 detestatus
1382 2645 1501 2685 sum
1557 2624 1918 2693 disciplinam,
1963 2630 2012 2676 et

426 2734 874 2808 increpationibus
908 2747 1011 2785 non
1040 2725 1297 2796 acquievit
1331 2738 1423 2777 cor
1461 2717 1812 2774 meum.Cum
1834 2728 2008 2770 mem-

427 2835 526 2886 lrra
574 2827 822 2896 corporis
866 2823 942 2877 tui
1006 2823 1337 2886 consumpta
1401 2813 1629 2876 fuerint,
1667 2819 1716 2864 et
1745 2809 1814 2864 ad
1867 2808 2012 2862 bona

429 2935 594 2991 opera
623 2933 733 2988 [παι
766 2919 1050 2972 senectute
1077 2912 1350 2978 languens
1381 2905 1514 2970 eris,
1545 2909 1600 2956 et
1640 2899 1871 2963 dixeris,
1933 2905 2013 2952 te-

429 2987 981 3082 ipsumiinerepando
1008 3021 1021 3056 :
1051 3000 1164 3054 Cur
1190 2987 1569 3066 disciplinam,
1617 2990 1826 3046 bonum
1875 2987 2010 3042 mihi

430 3078 825 3174 proponentem
847 3097 1152 3149 detestatus
1188 3102 1332 3151 sum,
1381 3092 1436 3140 et
1460 3083 1642 3138 verbis
1667 3095 1792 3151 qua:
1850 3078 2010 3134 mali-

429 3170 562 3249 tiam
589 3204 764 3246 meam
786 3183 1269 3242 refellebant-non
1291 3173 1530 3232 attendit
1559 3171 1793 3244 spiritus
1815 3170 2012 3225 meus?

497 3367 668 3424 Vsus.
701 3365 792 3420 15.
838 3359 962 3416 Νοιι
1007 3356 1190 3413 audiui
1230 3369 1406 3411 uocem
1464 3348 1737 3404 docentem
1795 3359 1913 3407 me;
1970 3352 2021 3396 et

2132 625 2270 678 φυγε
2290 611 2387 675 τὰς
2407 612 2728 681 ἐπιφανείας
2751 611 2953 676 αὐτῶν,
2985 610 3042 662 αἳ
3058 611 3393 680 ιπρὸκεινται
3421 614 3528 676 τοῖς
3549 614 3681 687 δίκην

2132 699 2313 771 θυρῶν
2346 703 2674 771 εἰσαγωγοῖς
2709 701 3086 774 αἰσθητηρίοις
3133 702 3230 772 τῆς
3256 703 3554 770 φαντασίας
3595 708 3683 761 τῶν

2129 793 2405 864 αἰσθητῶν
2429 814 2443 828 ·
2490 789 2572 858 οἷς
2613 793 2688 858 ῶς
2723 812 2866 848 τισιν
2895 795 3184 866 οἰκήμασι,
3218 796 3528 865 παραμένει
3550 801 3685 869 ἐμφι-

2128 882 2446 956 λοχωροῦσα
2476 887 2510 957 ἡ
2537 886 2812 956 αἴσθησις.

2199 976 2264 1031 θ’.
2293 977 2426 1032 Ἵνα
2440 977 2526 1046 μὴ
2554 980 2709 1046 πρόῃ
2733 977 2946 1043 ἄλλοις
2969 975 3122 1042 ζωήν
3141 990 3280 1042 σου,
3312 977 3416 1031 καί
3436 978 3549 1031 σόν
3570 979 3689 1043 βίον

2127 1066 2554 1137 ἁνελεήμοσιν.
2587 1069 2776 1130 Ὅπως
2820 1068 2894 1138 μὴ
2929 1068 3145 1140 προδῷς
3177 1069 3280 1138 τήν
3309 1085 3372 1122 τε
3415 1069 3592 1122 θεόθεν
3623 1089 3690 1125 σοι

2126 1159 2541 1231 χορηγουμένην
2567 1159 2708 1232 ζωὴν
2759 1160 2970 1231 ἐτέροις
2999 1159 3151 1230 παρὰ
3177 1162 3245 1215 τὰ
3271 1159 3393 1214 θεῖα
3412 1160 3690 1232 θελήματα,

2125 1252 2248 1305 καθ’
2267 1251 2312 1306 ’ἃ
2351 1251 2420 1305 τὰ
2447 1253 2628 1306 πάντα
2658 1252 2912 1322 γεγόνασι
2955 1253 3234 1318 σαρκικοῖς
3274 1252 3547 1322 θελήμασι
3571 1254 3691 1321 διεξο

2124 1343 2376 1411 ἄγεσθαι,
2407 1343 2502 1398 καὶ
2565 1343 2709 1398 ἅπαν
2743 1361 2834 1399 σου
2879 1343 2938 1396 τὺ
2969 1342 3289 1414 σπούδασμα
3323 1345 3449 1408 ταῖς
3475 1361 3691 1416 τιμωρη-

2123 1437 2306 1498 τικαῖς
2341 1435 2657 1505 δυνάμεσιν.

2199 1532 2249 1581 ι’.
2283 1527 2419 1582 Ἵνα
2444 1529 2529 1597 μὴ
2575 1527 2938 1595 πλησθῶσιν
2968 1527 3272 1597 ἀλλότριοι
3319 1527 3448 1596 σῆς
3482 1529 3687 1598 ἰσχύος.

2125 1619 2236 1674 Καὶ
2261 1619 2645 1690 ἐμφορηθῶσιν
2671 1621 2720 1671 οἱ
2743 1619 3252 1690 ἀπηλλοτριωμένοι
3281 1620 3426 1673 Θεοῦ
3442 1621 3688 1691 δαίμονες,

2121 1703 2190 1780 ἦς
2217 1709 2484 1779 κέκτησαι
2519 1709 2805 1780 δυνάμεως
2847 1710 2984 1780 πρὸς
3026 1711 3294 1781 ἐργασίας
3324 1709 3424 1763 τοῦ
3468 1709 3686 1777 ἀγαθοῦ·

2123 1801 2506 1872 ὑπουργούσης
2537 1802 2751 1864 τούτοις
2793 1801 2934 1854 κατὰ
2969 1802 3067 1873 σήν
3101 1802 3459 1874 προαίρεσιν,
3501 1803 3575 1865 εἰς
3605 1803 3692 1856 πᾶ-

2049 1875 2095 1933 B
2125 1910 2224 1947 σαν
2253 1892 2454 1964 πρᾶξιν
2478 1892 2764 1964 ἀθέμιτον.

2191 1989 2281 2038 ια’.
2311 1985 2377 2037 οι
2407 1983 2477 2037 δὲ
2512 1983 2612 2038 σοί
2641 1985 2846 2052 πόνοι,
2865 1987 2952 2053 εἰς
2969 1985 3176 2050 οἴκους
3193 1985 3564 2055 ἀλλοτρίους
3585 1987 3690 2039 εἰσ·

2116 2073 2359 2141 ἔλθωσι,
2390 2075 2497 2160 καί.
2511 2077 2936 2146 μεταμεληθῇς
2963 2077 3058 2131 ἐπ’
3087 2077 3373 2147 ἐσχάτων
3402 2093 3541 2132 σου.
3568 2079 3623 2131 Oi
3641 2076 3687 2131 δὲ

2118 2167 2204 2220 σοὶ
2233 2167 2423 2238 μόχθοι
2455 2169 2536 2231 είς
2567 2169 2663 2233 τὰς
2685 2169 3098 2239 ήτοιμασμένας
3125 2171 3310 2234 αὐτοῖς
3351 2173 3468 2234 τοῖς
3493 2169 3690 2245 δαίμοσι

2120 2256 2289 2328 μονὰς
2313 2257 2425 2312 τῶν
2454 2257 2733 2313 κολάσεων
2773 2259 3101 2331 εἰσαχθῶσιν
3121 2303 3137 2328 ,
3184 2259 3288 2332 ὕλη
3322 2278 3409 2314 σοι
3453 2260 3544 2314 τοῦ
3574 2264 3686 2314 aim-

2114 2347 2231 2402 νίου
2273 2349 2448 2420 πυρὸς
2491 2350 2958 2422 χρηματίσαντες,
3003 2353 3100 2406 καὶ
3140 2354 3436 2424 μεταγνῷς
3474 2355 3531 2418 ἐς
3556 2352 3688 2406 ὕστε-

2117 2454 2234 2510 ρον.

2193 2530 2281 2603 ιβ’.
2324 2529 2527 2588 Ἠνίκα
2574 2533 2651 2587 ἂν
2692 2534 3131 2603 κατατρισῶσιν
3169 2535 3405 2603 σάρκες
3437 2535 3689 2605 σώματός

2114 2640 2253 2691 σου,
2287 2623 2388 2679 καὶ
2414 2624 2568 2692 ἐρεῖς
2585 2641 2600 2657 °
2626 2626 2758 2691 Πῶς
2787 2628 3052 2697 ἐμίσησα
3080 2627 3384 2694 παιδείας,
3414 2628 3512 2682 καί
3539 2624 3686 2695 exe,»

2119 2732 2269 2783 κους
2296 2713 2607 2779 ἐξέκλινεν
2649 2707 2691 2784 ἢ
2728 2715 2939 2785 καρδία
2973 2733 3128 2786 μους
3173 2717 3449 2788 Ὃπηνίκα
3497 2716 3562 2770 τὰ
3603 2717 3683 2784 τῆς

2118 2805 2321 2878 σαρκός
2346 2822 2439 2858 σου
2473 2807 2609 2876 μέλη
2639 2806 2715 2877 τῷ
2750 2809 2928 2877 χρόνῳ
2963 2809 3423 2880 καταδαπανηθῇ,
3453 2809 3544 2861 καὶ
3570 2806 3686 2877 πρὸς

2113 2898 2378 2971 ἐργασίαν
2420 2899 2514 2952 τοῦ
2568 2899 2778 2967 ἀγαθοῦ
2813 2900 2901 2953 διὰ
2926 2900 2988 2952 τὸ
3013 2900 3192 2971 γῆρας
3221 2901 3577 2971 ἐξατονήσῃς,
3607 2901 3684 2950 καὶ

2112 2990 2272 3062 εἴπῃς
2305 2989 2497 3042 ἐαυτὸν
2524 2988 2980 3054 ταλανίζων,Ἰνα
3007 2991 3061 3044 τί
3104 2991 3202 3062 τὴν
3234 2993 3297 3044 τὸ
3335 2991 3542 3060 ἀγαθὸν
3575 2991 3683 3042 ὑποο

2110 3080 2402 3152 τιθεμένην
2437 3099 2527 3150 μοι
2563 3081 2914 3136 διδασκαλίαν
2955 3083 3355 3153 ἐϐδελυξάμην,
3393 3074 3489 3138 καὶ
3532 3083 3685 3150 λόγοις

2117 3171 2216 3241 τὴν
2247 3172 2446 3224 κακίαν
2475 3189 2576 3244 μου
2605 3173 2972 3244 διελέγχουσιν
2991 3175 3054 3227 οὑ
3085 3175 3364 3247 προσέσχε
3393 3192 3497 3246 μου
3529 3176 3560 3246 ἡ
3590 3173 3686 3226 διά-

2123 3281 2241 3320 νοια
2262 3281 2277 3331 ;

2198 3365 2289 3428 ιγ’.
2323 3360 2445 3413 Οὐκ
2477 3358 2710 3428 ἤκουον
2755 3358 2962 3431 φωνῆς
3015 3361 3416 3430 παιδεύοντός
3445 3380 3554 3434 με’
3601 3360 3683 3415 καί

427 3458 713 3516 instruenti
755 3471 835 3508 me
867 3468 974 3508 non
996 3448 1201 3520 prtebui
1247 3459 1432 3500 aurem
1455 3455 1648 3494 meam.
1673 3436 1802 3491 Non
1822 3426 2015 3490 audivi

2126 3426 2474 3507 διδάσκοντί
2503 3426 2580 3522 με
2613 3456 2684 3507 οὐ
2733 3426 3076 3522 παρέϐαλον
3137 3456 3204 3508 τὸ
3245 3451 3361 3523 οὖς
3389 3426 3544 3527 “μόυ.
3589 3456 3686 3523 Οὐχ

429 3569 552 3609 eum
581 3549 676 3621 qui
711 3563 796 3603 me
828 3560 858 3599 a
905 3559 1013 3598 non
1045 3534 1505 3596 convenientibus
1562 3528 1882 3595 avertebat;
1962 3538 2015 3584 et

2126 3540 2392 3612 ὑπήκουον
2415 3542 2493 3614 τῷ
2526 3541 2633 3596 τῶν
2666 3543 2742 3615 μὴ
2774 3544 3005 3598 δεόντων
3053 3561 3119 3616 με
3162 3546 3573 3600 ἅναστέλλοντι·
3606 3545 3685 3598 καὶ

429 3646 479 3701 ei
518 3620 611 3714 qui
638 3641 770 3694 milii
791 3635 1042 3694 decentia
1085 3628 1428 3703 proponebat
1453 3639 1565 3680 non
1589 3620 1802 3691 subieci
1846 3633 2013 3676 aures

2126 3634 2288 3706 τῷτὰ
2315 3635 2505 3690 δέοντα
2548 3636 2928 3708 ὑποτιθεμένῳ
2981 3655 3094 3708 μοι,
3142 3640 3203 3692 οὐ
3253 3639 3583 3709 παρετίθουν
3625 3634 3681 3688 τὰ

427 3750 603 3797 meas,
634 3739 693 3786 ut
726 3731 996 3785 audirem.

495 3827 666 3881 Vsus.
698 3822 785 3879 M.
829 3821 968 3874 Pene
1009 3817 1088 3886 {ui
1122 3817 1180 3870 in
1211 3813 1356 3870 omni
1390 3811 1555 3876 malo,
1593 3810 1650 3862 in
1697 3805 1870 3862 medio
1927 3820 2014 3860 cc-

427 3919 601 3973 clesiis
633 3925 681 3970 et
710 3927 1016 3985 synagogas.
1052 3908 1192 3964 Fere
1214 3918 1432 3961 omnem
1488 3903 1777 3966 malitiam,
1812 3894 1868 3954 in
1899 3899 2010 3968 spi-

425 4010 540 4065 ritu
565 4018 618 4062 et
655 4018 892 4075 corpore
927 4006 1191 4071 operatus
1241 4010 1389 4060 sum,
1421 4001 1612 4048 contra
1645 3991 1822 4060 legem
1850 3986 2015 4056 spiri-

430 4100 634 4155 tualem
668 4111 789 4166 quae
820 4087 1334 4157 animabustempla
1368 4091 1658 4155 praeparat,
1689 4095 1784 4136 eas
1817 4092 2016 4134 secun-

430 4193 559 4247 dum
586 4187 874 4242 scientiam
908 4180 1290 4252 puriﬁcando:
1359 4184 1552 4230 contra
1613 4174 1790 4244 legem
1831 4172 2012 4242 scrip-

432 4291 568 4342 tam,
604 4275 823 4331 fortiter
859 4285 1079 4326 errores
1147 4269 1451 4336 iugantem,
1480 4270 1535 4318 et
1564 4263 1851 4317 ducentem
1915 4275 2010 4315 eos

430 4371 606 4442 quiin
667 4367 852 4422 varias
879 4372 934 4419 et
973 4359 1254 4432 oppositas
1295 4354 1473 4412 sortes
1519 4353 1680 4408 divisi
1714 4351 1889 4416 fuere,
1941 4349 2010 4404 ad

432 4467 572 4517 hanc
607 4474 769 4514 unam
800 4463 1013 4512 naturae
1046 4455 1242 4522 legem,
1275 4445 1622 4505 exhortando
1644 4460 1918 4516 quemque
1945 4451 2006 4498 ut

430 4555 739 4628 proximum
763 4549 953 4619 diligat
979 4546 1123 4602 sicut
1151 4543 1427 4612 seipsum.’

479 4733 674 4788 “Vsus.
698 4732 796 4787 ‘15.
821 4730 962 4785 'Bibe
983 4745 1148 4800 aquas
1169 4729 1231 4782 de
1253 4729 1483 4783 cisterna
1509 4736 1624 4792 tua,
1654 4735 1705 4781 σι
1739 4725 1804 4780 de
1848 4724 2015 4796 fonti-

432 4827 528 4881 (Ius
565 4834 846 4895 puteorum
885 4831 1118 4876 (uorum.
1155 4819 1301 4889 Elige
1326 4820 1606 4888 dogmata,
1671 4831 1782 4871 non
1814 4817 2015 4870 cister-

433 4930 653 4978 narum,
687 4929 717 4967 a
746 4912 949 4982 quibus
979 4918 1176 4964 natura
1234 4909 1478 4962 rationis
1493 4921 1690 4977 expers
1725 4905 2011 4962 scientiam

394 5028 397 5031 ·
434 5009 601 5064 sumit
631 5007 698 5062 de
720 5006 1006 5072 voluptate
1039 5011 1094 5057 et
1125 4999 1193 5055 de
1228 4999 1418 5054 dolore
1451 5014 1480 5052 a
1525 4999 1783 5053 sensibus
1815 5011 2012 5067 prove-

436 5102 654 5164 niente;
699 5110 821 5166 quae
855 5097 1094 5149 cisterna
1155 5101 1240 5147 est
1281 5089 1508 5143 omnino
1541 5088 1790 5143 sensatio
1824 5095 1876 5143 et
1908 5101 2006 5156 ap-

434 5189 678 5256 parentia
704 5201 844 5240 vana
874 5203 887 5240 :
918 5199 1096 5253 neque
1147 5182 1505 5236 scientiarum
1539 5179 1801 5234 Ecclesiae
1863 5179 2015 5234 Grae-

432 5293 624 5332 corum
680 5277 1134 5347 alienigenarum,
1200 5272 1317 5342 qui,
1394 5278 1656 5339 tanquam
1707 5284 1773 5324 ex
1832 5271 2013 5339 puteis

426 5369 568 5422 dant
603 5368 713 5423 illis
742 5368 834 5436 qui
866 5368 913 5420 ei
948 5365 1228 5419 adhaerent
1255 5362 1421 5417 falsas
1445 5363 1511 5417 de
1565 5362 1730 5416 rebus
1789 5371 2012 5416 senten-

436 5463 541 5516 tias
581 5477 594 5513 :
627 5459 723 5513 sed
749 5472 878 5511 erue
904 5457 973 5510 ab
1009 5455 1095 5509 his
1127 5469 1248 5523 quas
1273 5453 1370 5508 tibi
1399 5453 1571 5523 magis
1602 5454 1822 5522 propria
1865 5461 2013 5515 sunt,

436 5553 488 5608 id
517 5558 624 5614 est,
663 5565 728 5603 ex
770 5546 961 5614 spiritu
997 5552 1051 5598 et
1087 5543 1446 5612 intelligentia
1477 5559 1543 5598 ex
1575 5543 1800 5612 quibus,
1853 5545 2013 5614 quasi

437 5662 500 5699 ex
530 5641 791 5699 cisternis
833 5637 1202 5706 disponuntur
1269 5636 1398 5690 boni
1457 5636 1572 5689 veri
1641 5643 1830 5690 etnon
1897 5637 2016 5691 veri

434 5737 596 5804 juslzn
636 5731 893 5786 notiones
934 5744 947 5780 :
997 5745 1128 5782 erue
1187 5727 1486 5796 (dogmata)
1552 5728 1852 5797 escriptis,
1905 5727 2016 5784 Deo

439 5826 774 5895 inspirante,
819 5821 1038 5893 spiritui
1068 5821 1523 5890 et'intclligentiae
1558 5821 1612 5876 in
1633 5824 1897 5877 auxilium
1927 5823 2017 5879 da-

2119 3720 2232 3781 ὧτα
2269 3727 2404 3798 πρὸς
2439 3728 2728 3796 ἀκρόασιν.

2192 3815 2272 3872 ιδ’.
2301 3819 2445 3886 Hap‘
2493 3817 2705 3888 ὀλίγον
2731 3817 3027 3888 ἐγενόμην
3063 3819 3134 3874 ἐν
3181 3819 3362 3875 παντί
3418 3817 3592 3886 κακῷ,
3623 3817 3682 3869 ἐν

2111 3907 2282 3976 μέσῳ
2300 3909 2634 3977 ἐκκλησίας
2658 3909 2758 3964 καί
2785 3910 3163 3980 συναγωγῆς.
3195 3911 3354 3983 Παρὰ
3392 3911 3560 3984 βραχὺ
3588 3910 3680 3961 πᾶ·

2118 4017 2218 4054 σαν
2248 4000 2525 4072 ἁμαρτίαν
2573 4003 2717 4058 κατὰ
2764 4003 2942 4074 ψυχὴν
2983 4004 3079 4056 καὶ
3121 4003 3281 4075 σῶμα
3321 4003 3681 4074 διεπραξάμην

2115 4092 2351 4148 ἐνώπιον
2371 4093 2465 4148 τοῦ
2498 4112 2557 4148 τε
2583 4096 2680 4160 τὰς
2705 4096 2887 4167 ψυχὰς
2915 4096 3297 4161 ναοποιοῦντος
3328 4092 3677 4168 πνευματικοῦ

2113 4185 2300 4254 νόμου,
2333 4188 2392 4240 ἐν
2432 4185 2508 4257 τῷ
2551 4187 2756 4250 ταύτας
2792 4187 3078 4257 καθαίρειν
3115 4188 3257 4241 κατὰ
3293 4189 3559 4242 διάνοιαν
3597 4185 3678 4237 καὶ

2111 4273 2205 4326 τοῦ
2244 4275 2355 4328 τῶν
2397 4275 2517 4328 κατ’
2559 4275 2841 4345 ἐνέργειαν
2885 4276 3306 4346 ἁμαρτημάτων
3345 4276 3678 4346 καθαίροντος

2109 4365 2381 4435 γραπτοῦ,
2418 4366 2514 4419 καὶ
2546 4366 2872 4434 συνάγοντος
2902 4367 3029 4429 τοὺς
3059 4365 3141 4429 είς
3181 4366 3385 4430 πολλὰς
3418 4367 3513 4420 καὶ
3543 4365 3676 4416 ἀντι-

2111 4455 2300 4519 θέτους
2348 4456 2546 4530 μοίρας
2589 4455 3066 4533 κατατμηθέντας,
3099 4457 3238 4528 πρὸς
3283 4459 3377 4511 τὸν
3409 4459 3506 4512 ἐνα
3539 4455 3678 4521 λόγον

2038 4561 2090 4620 υ
2114 4547 2214 4616 τῆς
2245 4548 2481 4616 φύσεως,
2539 4549 2598 4602 ἐν
2640 4547 2718 4618 τῷ
2767 4547 3180 4602 διακελεύεσθαι
3211 4548 3446 4604 ἐκναστον
3475 4546 3674 4617 ἀγαπᾷν

2116 4639 2208 4692 τὸν
2234 4639 2462 4708 πλησίον
2489 4639 2563 4702 ὡς
2597 4639 2809 4693 ἐαυτόν.

2188 4731 2272 4785 ιε’.
2300 4733 2447 4786 Πίνε
2470 4732 2663 4787 ὕδατα
2691 4733 2808 4786 ἀπὸ
2838 4733 2967 4787 σῶν
2993 4734 3267 4804 ἀγγείων,
3303 4735 3401 4788 καί
3423 4733 3543 4790 ἀπὸ
3563 4727 3664 4785 σῶν

2116 4822 2386 4892 φρεάτων
2409 4822 2634 4893 πηγῶν.
2673 4823 2866 4895 Ἀρύου
2887 4825 3156 4895 δόγματα,
3186 4827 3260 4896 μὴ
3294 4827 3362 4880 τὰ
3387 4828 3481 4895 ἀφ’
3499 4819 3571 4879 ὧν
3591 4823 3674 4888 ἀγ·

2115 4915 2278 4984 γε’ίων
2304 4916 2400 4968 καὶ
2430 4918 2463 4986 ἡ
2495 4915 2689 4984 ἄλογος
2719 4915 2881 4984 φύσις
2901 4916 2999 4986 τὴν
3019 4910 3144 4969 καθ’
3165 4917 3361 4988 ἡδονὴν
3388 4917 3483 4971 καὶ
3504 4913 3674 4980 ὀδύνην

2115 5007 2226 5061 τῶν
2259 5007 2534 5077 αἰσθητῶν
2566 5007 2773 5075 γνῶσιν
2795 5005 3118 5076 κομίζεται·
3171 5008 3317 5078 ἅπερ
3344 5009 3557 5067 πάντως
3587 5006 3670 5069 ἀγ-

2115 5101 2238 5168 γεῖα
2267 5101 2300 5168 ἡ
2337 5097 2591 5168 αἴσθησις
2624 5099 2718 5150 καὶ
2758 5099 2791 5166 ὴ
2824 5099 3095 5166 φαντασία
3123 5099 3273 5151 ἐστί’
3310 5101 3435 5171 μήτ’
3459 5097 3561 5152 ἀπὸ
3581 5092 3672 5146 τῶν

2115 5191 2213 5260 τῆς
2239 5189 2569 5258 Ἐκκλησίας
2586 5189 2751 5256 ξένων
2765 5189 3093 5260 Ἑλληνικῶν
3110 5190 3254 5260 μαθη
3265 5187 3582 5260 μάτωνιτῶν
3599 5177 3672 5238 οἷα

2118 5280 2369 5350 φρεάτων
2399 5279 2887 5349 ’ἐπιχορηγούντων
2925 5281 3037 5340 τοῖς
3069 5281 3198 5344 περὶ
3234 5279 3406 5332 ταῦτα
3437 5275 3671 5347 ἀσχολου-

2119 5372 2325 5442 μένοις,
2356 5369 2453 5433 τὰς
2485 5373 2614 5442 περὶ
2641 5372 2749 5425 τῶν
2777 5371 2948 5425 ὄντων
2985 5371 3200 5440 ψευδεῖς
3231 5372 3409 5437 δόξας,
3449 5368 3557 5425 ἀλλ’
3578 5362 3671 5420 ἀπὸ

2114 5461 2222 5514 τῶν
2257 5460 2565 5524 ἰδιαιτάτως
2598 5460 2732 5524 σῶν,
2762 5459 2857 5513 τοῦ
2879 5477 2939 5513 τε
2967 5459 3060 5514 νοῦ
3092 5461 3184 5513 καὶ
3214 5463 3314 5532 τῆς
3333 5461 3562 5519 διανοίας
3580 5470 3593 5486 ⁰
3621 5450 3670 5514 ἐξ

2115 5545 2214 5615 ὧν,
2243 5552 2320 5614 ὡς
2364 5551 2428 5604 ἐκ
2449 5569 2610 5604 τινων
2647 5552 2908 5620 ἀγγείων,
2938 5553 2994 5604 αἱ
3021 5551 3116 5604 τοῦ
3149 5553 3303 5615 ὄντος
3343 5549 3562 5621 ἀγαθοῦ,
3589 5543 3668 5599 καὶ

2117 5643 2207 5696 τοῦ
2237 5641 2311 5714 μὴ
2343 5641 2605 5707 τοιούτου,
2637 5643 2854 5711 λογικαὶ
2881 5641 3028 5708 δόξαι
3056 5643 3336 5714 ἀρύονται,
3362 5647 3454 5696 καὶ
3484 5639 3581 5693 τῶν
3602 5635 3665 5694 είς

2121 5734 2374 5804 βοήθειαν
2403 5734 2662 5788 δοθεισῶν
2702 5735 2917 5798 τούτοις
2943 5734 3321 5790 θεοπνεύστων
3339 5715 3591 5808 ιΓραφῶΨ
3616 5722 3667 5783 ἐξ

2120 5819 2195 5880 ὧν
2223 5826 2299 5891 ῶς
2328 5827 2583 5898 φρεάτων
2625 5826 2788 5890 τινῶν
2822 5825 2987 5896 βάθος
3022 5826 3262 5896 ἐχουσῶν
3311 5817 3669 5892 angentem
