3958 6396
340 411 486 474 12ίὶ5
1398 403 1938 466 ΕΟΜΜΕΝΤΑΒΙΙ
1971 401 1984 460 ]

2105 398 2550 461 PROVERBIA.
3483 379 3618 442 liii-6

340 529 545 589 ὕδατος
595 525 815 592 ζῶντος,
851 523 1133 594 βλύζοντος
1159 515 1401 584 ἀεννᾶως
1425 523 1500 585 ὡς
1525 524 1589 574 ὲκ
1618 522 1720 589 τῆς
1750 518 1933 590 πηγῆς
1960 520 1984 577 1

2105 537 2139 585 η;
2164 532 2228 572 ex
2257 517 2458 588 quibus
2490 521 2548 569 ut
2572 530 2636 569 ex
2679 509 2876 584 puteis,
2910 499 3242 561 habentibus
3273 497 3620 569 profundita-

2157 613 2168 624 '
2195 627 2233 628 π
2286 612 2296 628 ¹
2334 627 2339 628 ν
2433 621 2443 628 -
2467 625 2532 628 ην-
2575 621 2723 628 Α-γ-Α-
2758 601 2993 628 “Lm-nh-
3065 596 3315 628 00':nnI:c
3348 600 3614 628 ηοηηιιηιι

341 619 452 720 τῇς
486 616 582 719 τρῦ
605 615 873 682 παναγίου
901 612 1222 681 Πνεύματος
1265 614 1676 682 ἐπιχορηγετται
1731 611 1936 677 αὐτοῖς,

2105 632 2132 669 n
2155 612 2537 666 inexhaustum
2572 621 2726 679 aquae
2758 601 3019 664 viventis,
3065 596 3318 652 salientis
3348 600 3614 664 perpetuo
3694 651 3709 661 β

2496 699 2735 720 σλ..ε.-.-
2781 695 2930 720 ηιμ...
3013 688 3330 720 διηηηηζιιι-
3377 685 3486 720 illic
3565 684 3616 720 id

346 708 431 777 τῷ
469 705 564 776 νῷ,
598 706 761 776 φημὶ,
800 706 894 759 καὶ
939 707 1001 776 τῇ
1043 702 1275 775 διανοίᾳ,
1329 704 1363 775 ἡ
1408 704 1610 773 γνῶσις
1657 705 1760 775 τῆς
1809 702 1945 774 ἀλη-

2105 703 2468 760 sanctissimi
2496 695 2952 770 Spiritusl‘oute,
3012 688 3330 769 disponitur
3377 685 3513 750 illis,
3565 684 3619 738 id

346 796 527 860 θείας.

276 960 283 963 _
330 902 337 907 ’
430 886 528 954 ις’.
564 882 1023 956 ’Υπερεκχύσθω
1033 901 1133 944 σοι
1152 887 1225 943 τὰ
1237 886 1427 942 ὕδατα
1447 888 1516 943 ἐκ
1542 887 1654 958 τῆς
1678 888 1800 958 σῆς
1823 906 1943 958 πη-

349 979 495 1052 γῆς.
509 981 525 1001 ’
540 983 644 1035 fire
653 980 928 1053 ρὸλυζὲτω
947 997 1040 1035 σου
1057 981 1136 1052 τῷ
1159 978 1241 1034 νοῒ
1259 981 1495 1035 καθ’ὑπε
1503 981 1668 1053 ροχὴν
1687 980 1944 1052 γνώσεως

350 1076 424 1128 ἑκ
449 1074 547 1145 τῆς
577 1073 911 1141 θεογνωσίας
953 1073 1191 1143 νάματα,
1236 1073 1560 1143 γινώσκοντι
1585 1075 1677 1128 τὸν
1708 1075 1944 1130 κατάί-

354 1167 484 1222 τίαν
512 1169 572 1222 ὲν
608 1167 743 1221 πᾶσι
793 1164 951 1231 Θεὸν,
993 1165 1136 1236 ὑπὲρ
1166 1165 1343 1219 πάντα
1374 1166 1497 1238 κατ’
1534 1165 1727 1220 οὐσίαν
1769 1166 1949 1237 ὑπάρ-

354 1272 550 1330 χοντα.

432 1355 542 1418 Είς
560 1352 630 1407 δὲ
658 1353 776 1420 σὰς
801 1352 1091 1420 πλατείας
1121 1351 1565 1422 διπορευέσθω
1592 1351 1664 1407 τὰ
1693 1353 1775 1407 σὰ
1804 1352 1948 1406 ὕδα-

358 1463 456 1500 τα.
498 1446 589 1505 Ἐν
615 1445 673 1500 δὲ
692 1448 816 1511 ταῖς
836 1448 1174 1519 χωρητικαϊς
1204 1446 1299 1499 τοῦ
1331 1447 1568 1510 πλάτους
1585 1446 1687 1515 τῆς
1710 1446 1949 1515 φυσικῆς

360 1540 477 1593 τῶν
501 1538 712 1611 ὁρατῶν
757 1539 994 1612 θεωρίας
1021 1540 1308 1612 αίσθήσεσί
1340 1556 1435 1593 σου
1471 1539 1566 1593 τοῦ
1612 1539 1858 1607 λογικοῦ,
1895 1540 1948 1592 oi

361 1632 608 1702 χωρητοί
659 1647 751 1685 σου
782 1634 924 1686 κατά
971 1633 1213 1695 διάνοιαν
1256 1631 1402 1701 λόγοι
1444 1632 1649 1686 τούτων
1681 1630 1951 1703 διεξερχέ-

361 1724 608 1826 σθωσαν,
641 1722 992 1792 συλλέγοντός
1022 1740 1115 1776 σου
1142 1723 1307 1778 αὑτὸν
1329 1724 1388 1776 ὲν
1416 1721 1687 1792 πνεύματι
1715 1738 1951 1791 γνωστι-

368 1827 505 1876 κως.

441 1903 532 1969 ιζ’.
570 1905 767 1961 Ἔστω
793 1905 893 1960 σοί
913 1906 1081 1975 μόνῳ
1110 1904 1482 1974 ὑπάρχοντα.
1525 1904 1954 1976 ’Υπαρχέτωσαν

365 1997 593 2052 ἅπαντα
621 1998 711 2051 διὰ
754 1999 813 2051 σὲ
844 1998 1132 2066 γεγονότα,
1193 1996 1287 2050 σοῦ
1326 1998 1488 2068 μόνου
1525 1998 1618 2051 τοῦ
1665 1999 1954 2071 ἀνθρώπου

366 2087 629 2153 πλοῦτος,
663 2087 806 2141 κατά
833 2088 994 2156 λόγον
1015 2089 1298 2160 χρωμένου
1325 2091 1530 2155 αὐτοῖς.

374 2192 377 2195 ·
446 2178 565 2234 Καὶ
594 2165 816 2248 μηδεὶς
840 2178 1162 2257 ἀλλότριος
1199 2180 1551 2248 μετασχέτω
1591 2197 1711 2237 σοι.
1742 2184 1853 2238 Καὶ
1884 2184 1995 2257 μήκ

369 2287 461 2332 τις
484 2270 594 2323 τῶν
616 2267 1080 2339 ἀλλοτριωθεισῶν
1103 2268 1239 2322 Θεοῦ
1256 2271 1640 2326 ἁποστατικῶν
1657 2273 1961 2344 δυνάμεων,

368 2359 474 2416 τοῦ
498 2359 744 2413 τοιούτου
774 2359 1008 2413 πλούτου
1041 2360 1622 2430 συμμεταλαμσανέτω
1650 2381 1754 2431 σοι,
1786 2383 1966 2439 παρα.

371 2449 655 2521 χρωμένῳ
689 2448 864 2519 τούτῳ
896 2447 1040 2502 κατὰ
1072 2448 1133 2502 τὸ
1169 2449 1359 2514 αὐταῖς
1388 2450 1667 2520 βουλητόν.

453 2540 549 2612 ιη’.
621 2541 682 2595 Ἡ
713 2541 876 2610 πηγή
911 2557 1027 2597 σου
1070 2541 1178 2595 τοῦ
1223 2541 1446 2607 ὕδατος
1489 2544 1648 2599 ἔστω
1694 2561 1791 2601 σοι
1824 2547 1968 2606 ίδία.

377 2633 503 2702 Τῆς
537 2632 691 2695 θείας
714 2633 994 2704 χάριτοςή
1029 2632 1242 2704 βρύσις,
1281 2633 1339 2700 ἑξ
1367 2628 1435 2706 ἦς
1467 2635 1608 2707 ἀρύῃ
1638 2636 1708 2690 τὰ
1735 2641 1974 2708 μυστικὰ

381 2724 635 2798 νάματα,
668 2724 753 2777 σοὶ
789 2724 934 2793 μόνῳ
963 2723 1041 2794 τῷ
1078 2724 1256 2794 πιστῷ
1290 2725 1664 2791 φυλαττέσθω,
1700 2731 1781 2794 είς
1812 2733 1977 2801 μετά-

384 2815 558 2886 ληψιν
599 2813 708 2868 τῶν
736 2813 1052 2885 μυστηρίων
1079 2812 1174 2867 τοῦ
1213 2814 1551 2887 Πνεύματος,
1582 2821 1696 2883 τοῖς
1728 2820 1979 2891 ἀπίστοις

388 2906 894 2977 ἁπαρεγχείρητος.

466 2996 576 3053 Καὶ
597 2998 1068 3066 συνευφραίνωι,
1091 2998 1245 3067 μετὰ
1290 2999 1574 3068 γυναικὸς
1602 3000 1714 3071 τῆς
1749 3004 1817 3059 ἐκ
1860 3007 1987 3062 red.

391 3086 578 3154 τητός
611 3094 751 3144 σοὺ.
784 3087 893 3141 Καὶ
926 3087 1261 3155 ωναγάλλου
1297 3088 1437 3157 μετά
1467 3088 1570 3158 τῆς
1597 3095 1987 3165 συναρμοσθεί-

2042 804 2146 862 est,
2182 793 2402 864 spiritui
2425 798 2480 846 et
2517 785 2919 859 intelligentiae,
2959 780 3210 837 veritatis
3241 776 3511 848 cognitio.

2112 855 2281 940 Vsus.
2311 879 2399 935 16.
2439 855 2758 933 Deriuentur
2779 874 2874 926 tibi
2915 884 3071 940 aquw
3106 882 3170 922 ea:
3206 875 3297 919 tuo
3319 855 3626 933 {ontefSa-

2044 977 2183 1032 liant
2234 974 2435 1044 spiritu
2506 980 2625 1037 tuo,
2664 968 2760 1039 qui
2794 965 2974 1021 noscit
3021 963 3077 1017 in
3119 960 3379 1019 omnibus
3433 955 3622 1019 Deum,

2043 1067 2137 1140 qui
2163 1064 2404 1120 essentia
2436 1069 2522 1117 est
2549 1073 2716 1131 supra
2752 1056 2961 1120 omnia,
3011 1067 3077 1108 ex
3105 1058 3199 1105 tua
3231 1046 3525 1119 religione,
3540 1060 3628 1101 se-

2045 1138 2290 1215 cundum
2322 1153 2565 1210 scientiae
2585 1146 2971 1206 excellentiam
3005 1142 3189 1199 fontes
3224 1138 3503 1195 viventes.

2118 1335 2190 1392 Et
2210 1341 2431 1391 currant
2468 1332 2523 1386 in
2554 1328 2745 1400 plateis
2779 1326 2883 1379 tuis
2920 1338 3073 1393 aqua:
3121 1329 3247 1373 tute.
3272 1314 3340 1369 Et
3371 1313 3425 1367 in
3463 1309 3633 1365 ratio-

2047 1429 2137 1485 nis
2172 1435 2278 1482 tuae
2320 1423 2590 1495 partibus,
2618 1432 2740 1488 quae
2778 1408 3087 1485 largitatem
3120 1406 3347 1463 tbeoriaa
3370 1399 3638 1457 naturalis

2050 1521 2350 1578 visibilium
2396 1515 2686 1573 continere
2742 1515 2996 1581 possunt,
3076 1504 3399 1559 deriventur
3438 1497 3634 1549 borum

2052 1625 2337 1670 sermones
2366 1594 2605 1678 quorum
2639 1617 2813 1672 capax
2845 1614 2927 1662 es,
2961 1593 3268 1650 secundum
3321 1586 3634 1655 intelligen-

2051 1707 2207 1769 tiam,
2228 1718 2353 1758 cum
2376 1710 2433 1756 tu
2457 1698 2626 1754 Deum
2660 1710 2756 1766 per
2785 1689 3076 1747 scientiam
3127 1685 3182 1738 in
3247 1681 3445 1752 spiritu
3496 1678 3639 1731 reci.

2055 1812 2187 1870 pere
2218 1793 2420 1864 possis.

2130 1863 2302 1944 Veiis.
2374 1885 2460 1940 l7.
2526 1879 2733 1935 Habeto
2794 1893 2884 1931 eas
2927 1873 3094 1928 solus.
3144 1867 3267 1922 Sint
3291 1863 3535 1920 omniaa
3591 1870 3646 1927 te

2060 1983 2229 2045 facta,
2268 1989 2532 2046 tanquam
2562 1971 2766 2026 divitia:
2798 1968 2878 2023 tui
2906 1967 3082 2023 solius
3134 1959 3403 2023 hominis,
3425 1956 3507 2011 eis
3556 1968 3646 2009 se—

2059 2070 2301 2131 cundum
2324 2068 2593 2123 rationem
2629 2060 2857 2116 utentis.

2135 2162 2248 2219 Nec
2277 2160 2421 2215 ullus
2455 2167 2739 2212 extraneas
2799 2148 2879 2202 tui
2926 2144 3194 2215 particeps
3226 2141 3344 2211 ﬁat.
3411 2135 3489 2192 Ne
3536 2133 3648 2188 ulla

2065 2255 2376 2318 rebellium,
2409 2266 2439 2305 a
2481 2248 2588 2304 Deo
2606 2252 2984 2316 separatarum
3032 2235 3429 2308 potentiarum,
3456 2228 3647 2284 talium

2068 2347 2387 2405 divitiarum
2424 2341 2497 2396 sit
2528 2337 2811 2410 particeps
2864 2340 3069 2393 tecum,
3098 2324 3361 2398 ‘quiillis
3405 2318 3657 2376 abuteris

2071 2444 2375 2506 secundum
2397 2451 2587 2493 earum
2619 2434 2983 2489 voluntatem.

2143 2535 2315 2591 Vens.
2342 2529 2430 2585 18.
2445 2527 2594 2582 Fons
2626 2540 2776 2594 aqua:
2811 2532 2916 2576 tua:
2939 2521 3010 2574 sit
3036 2516 3133 2572 tibi
3162 2506 3660 2586 proprius.Divinaa

2076 2630 2267 2704 gratiae
2312 2625 2512 2688 saltus,
2542 2635 2611 2676 ex
2664 2632 2773 2688 qua
2801 2615 3178 2684 disponuntur
3216 2604 3452 2677 mystice
3477 2616 3658 2672 aquae,

2079 2695 2179 2777 tibi
2237 2719 2340 2775 soli
2412 2714 2557 2771 ﬁdeli
2607 2707 2977 2770 custodiatur,
3050 2704 3119 2759 ad
3174 2695 3661 2772 participationem

2082 2811 2471 2883 mysteriorum
2503 2800 2867 2876 spiritus,qui
2900 2812 3005 2854 non
3037 2792 3283 2851 daturin
3313 2801 3511 2844 manus
3544 2784 3667 2840 inti.-

2084 2906 2288 2963 delium
2301 2945 2312 2956 .

2157 2996 2367 3053 Lwtare
2383 3008 2504 3047 cum
2538 2986 2759 3043 muliere
2818 2975 3193 3037 adolescentia:
3230 2982 3353 3028 tute.
3388 2969 3459 3024 Et
3486 2967 3673 3023 laetare

2089 3108 2213 3149 cum
2233 3075 2513 3161 sapientia
2541 3095 2704 3153 quam
2736 3077 2836 3134 tibi
2870 3069 3223 3146 praeparavit,
3265 3069 3334 3121 ab
3360 3062 3518 3120 initio
3552 3060 3683 3130 ipso-

401 3195 506 3250 σης
550 3195 633 3235 σοι
684 3179 901 3248 σοφίας,
945 3179 1007 3245 ἐξ
1056 3152 1232 3249 αὐτῆς
1283 3152 1381 3250 τῆς
1428 3152 1571 3235 κατά
1616 3152 1984 3257 τὴν-πρώτην

2105 3152 2659 3257 ρτὶιηωέιυοειὶοιιίε,
2694 3164 3013 3224 venerabile
3034 3158 3301 3222 Verbum,
3349 3163 3545 3211 natum
3603 3152 3673 3207 ad

400 3271 605 3326 πλάσιν
651 3271 851 3341 ἀρχῆς,
880 3270 1166 3342 τιμηθέντι
1203 3271 1367 3342 λόγῳ,
1421 3274 1515 3326 καὶ⁸
1539 3276 1815 3350 γενομένῳ
1862 3283 1985 3335 κατ’

400 3362 592 3416 είκόνα
618 3361 757 3415 Θεοῦ
795 3363 893 3415 καὶ
928 3363 1209 3431 ὁμοίωσιν.

477 3452 565 3506 ιϐ’.
593 3452 862 3520 Ἔλαφος
888 3452 1118 3521 φιλίας,
1170 3452 1269 3505 καὶ
1317 3453 1516 3519 πῶλος
1559 3452 1690 3509 σῶν
1732 3461 1993 3528 χαρίτων
2042 3468 2045 3481 ‘

397 3541 687 3608 ὀμιλείτω
727 3555 850 3597 σοι.
911 3542 978 3595 Ἢ
1023 3533 1166 3608 τῶν,
1214 3542 1404 3622 ὥσπερ
1445 3545 1566 3599 τινὰ
1613 3545 1991 3622 θανατηφόρον

401 3630 512 3697 Iov,
536 3630 616 3702 τῷ
644 3631 757 3685 τῶν
789 3630 1093 3703 ἀνθρώπων
1140 3632 1288 3700 γένει
1330 3620 1429 3704 τὴν
1477 3634 1680 3689 κακίαν
1716 3614 1990 3711 έναι-τεμε-

401 3724 624 3777 σάντων
651 3723 860 3794 νοητῶν
887 3723 1066 3794 ὄφεων
1091 3724 1432 3794 ἀναιρετικὴ,
1462 3725 1519 3778 ὲν
1546 3725 1625 3797 τῷ
1658 3729 1840 3785 πᾶσαν
1872 3733 1997 3786 ταύ-

399 3831 512 3884 την
536 3813 889 3897 ὲξαφανέζειν
923 3814 1139 3884 ἀγάπῃ,
1174 3815 1313 3884 μετά
1340 3815 1441 3883 τῆς
1474 3815 1562 3868 ἀεὶ
1587 3818 1884 3890 νεαζούσης
1906 3822 1995 3877 διὰ

402 3906 633 3960 πάντων
662 3907 770 3960 τῶν
793 3909 853 3960 ὲν
884 3906 966 3960 σοὶ
989 3906 1193 3959 λοιπῶν
1225 3906 1314 3960 τοῦ
1342 3909 1658 3961 καινοποιοῦ
1677 3911 1997 3983 Πνεύματος

405 3998 771 4069 χαρισμάτων
801 3998 1016 4069 σοφίας,
1049 3998 1379 4067 συνδιαγέτω
1410 4016 1493 4053 σοι
1527 4000 1667 4072 πρὸς
1690 4005 1876 4060 πᾶσαν
1904 4007 1998 4060 εὑ-

410 4088 690 4160 φροσύνην
721 4090 1125 4160 πνευματικήν.

491 4179 564 4234 Ἢ
593 4180 662 4233 δὲ
694 4180 815 4235 ἰδία
852 4183 1114 4250 ἡγείσθω
1156 4196 1276 4237 σου
1297 4223 1311 4249 ,
1366 4183 1464 4238 καί
1494 4187 1777 4242 συνέστω
1807 4205 1906 4243 σοι
1933 4189 2003 4243 ἐν

414 4271 597 4325 παντί
627 4270 828 4339 καιρῷ.
878 4270 944 4325 Ἦ
974 4270 1033 4324 δὲ
1059 4271 1148 4325 διὰ
1175 4271 1236 4325 τὸ
1258 4275 1324 4327 ἐκ
1356 4276 1457 4344 τῆς
1490 4276 1716 4347 πρώτης
1745 4278 2000 4349 παραϐά-

416 4379 555 4426 σεως
601 4361 845 4433 παθητὸν
874 4362 976 4431 τῆς
1028 4362 1257 4434 σαρκὸς,
1301 4363 1479 4417 οἰκεία
1522 4382 1605 4418 σοι
1650 4372 2006 4439 ταπεινοφρο-

415 4453 577 4526 σύνη,
625 4453 980 4524 προηγείσθω
1033 4469 1130 4506 σου
1186 4452 1388 4519 παντὸς
1429 4440 1879 4529 κατορθώματος,
1911 4461 2006 4514 καὶ

416 4546 554 4620 πρὸς
578 4546 829 4616 φυλακὴν
858 4545 1065 4600 τούτων
1090 4545 1267 4599 διόλου
1298 4550 1696 4619 συνυπαρχέτω
1728 4567 1832 4604 σοι.

489 4638 594 4691 Ἐν
614 4636 724 4706 γὰρ
755 4635 830 4704 τῇ
884 4637 1106 4705 ταύτης
1147 4636 1319 4704 φιλίᾳ
1367 4639 1991 4708 συμπεριφερόμενος,

415 4728 768 4819 πολλοστὸς
791 4728 927 4797 ἔσῃ.
961 4728 1039 4799 Τῇ
1071 4730 1182 4799 γὰρ
1220 4728 1350 4798 περῖ⁹
1377 4728 1583 4799 ταύτην
1618 4728 1807 4800 σχέσει
1859 4731 1998 4803 πρὸς

416 4822 617 4876 ἑαυτὸν
648 4819 1016 4891 ὑψωθήσεται.

492 4917 564 4967 κ’.
602 4911 701 4979 Μὴ
733 4910 931 4976 πολὺς
962 4911 1089 4965 ἴσθι
1112 4909 1266 4975 πρὸς
1292 4909 1647 4979 ἀλλοτρίαν.
1678 4911 1769 4983 Μὴ
1832 4912 2007 4982 ἀκρα-

417 5003 523 5076 τὴς
568 5003 661 5056 ἔσο
688 5002 974 5071 όλογικὸς,
1011 5002 1149 5072 πρὸς
1178 5001 1276 5071 τὴν
1320 5002 1769 5076 ἠλλοτριωμένην
1819 5000 2004 5073 λόγου,

424 5097 547 5151 κατ’
573 5093 827 5164 αἴσθησιν
849 5093 1046 5163 ἡδονήν
1068 5109 1083 5125 ο
1113 5092 1250 5146 ἀλλὰ
1283 5093 1387 5146 κᾶν
1443 5093 1635 5148 ποτοῦ
1668 5095 1773 5150 κᾶν
1837 5093 2007 5149 ὕπνου

431 5184 879 5257 μεταλαμϐάνῃς,
912 5182 1001 5236 διὰ
1028 5184 1129 5251 τὴν
1158 5182 1410 5253 σώματος
1440 5182 1724 5248 σύστασιν,
1782 5184 1884 5238 κᾶν
1921 5184 2010 5238 διὰ

428 5276 778 5330 παιδοποιίαν
808 5275 1028 5344 νομίμῳ
1055 5274 1278 5342 γυναικὶ
1331 5274 1545 5346 ὀμιλῇς,
1608 5270 1691 5338 οἷς
1760 5276 2010 5344 φυσικῶς

427 5368 621 5423 ἕπεται
646 5366 828 5438 ἡδονὴ,
854 5367 986 5419 πᾶσι
1012 5368 1125 5429 τοῖς
1148 5365 1411 5428 τοιούτοις
1445 5366 1565 5436 χρῶ
1590 5366 1898 5436 ἐγκρατῶς.

500 5457 670 5526 Μηδὲ
694 5458 963 5527 συνέχου
998 5458 1292 5527 ἀγκάλαις
1322 5457 1450 5523 ταῖς
1471 5458 1556 5526 μὴ
1606 5457 1802 5525 ἰδίαις.
1863 5458 2019 5528 Μηδὲ

431 5553 553 5615 ταῖς
578 5551 691 5605 τῶν
714 5551 988 5620 αἰσθητῶν
1001 5551 1122 5603 κατ’
1151 5549 1406 5620 αἴσθησιν
1427 5550 1804 5620 περιλήψεσιν,
1836 5550 1893 5604 αἳ
1910 5567 2017 5603 κοι-

436 5643 527 5696 ναὶ
556 5642 639 5696 σοί
660 5660 721 5697 τε
748 5642 827 5714 τῷ
849 5642 1072 5714 λογικῷ,
1105 5642 1197 5696 καὶ
1244 5644 1355 5707 τοῖς
1414 5642 1630 5715 ἀλόγοις
1685 5643 2012 5714 ὑπάρχουσι,

561 5856 637 5926 (l)
664 5854 1012 5921 Litteraliter,
1053 5858 1391 5907 ovomenlcs.

2088 3255 2388 3348 imaginem
2407 3277 2462 3327 et
2490 3260 2917 3325 similitudinem
2947 3255 3065 3311 Dei.

2160 3459 2330 3517 Vens.
2361 3453 2449 3511 l9.
2482 3451 2679 3509 Cervus
2714 3443 2991 3504 amicitia’,
3048 3449 3097 3492 et
3149 3435 3406 3489 hinnulus
3464 3440 3679 3484 tuarum

2090 3550 2420 3609 charitatum
2476 3542 2736 3611 proximet
2767 3535 2887 3589 tibi.
2923 3532 3051 3586 Hiec
3102 3525 3561 3592 amicitia,,qu:c,
3618 3527 3717 3574 ut.

2093 3641 2311 3716 gladius
2349 3634 2695 3695 mortiferus,
2758 3622 3081 3697 spirituales
3131 3624 3422 3686 serpentes
3488 3613 3675 3682 generi

2094 3700 2384 3788 bominum
2419 3715 3088 3793 nequitiaminspirantes
3117 3707 3222 3777 (ι),
3259 3704 3531 3763 destruit,
3577 3700 3678 3754 hos

2095 3831 2293 3873 omnes
2329 3790 2528 3866 amore“
2566 3804 2831 3877 fugando,
2858 3799 3067 3855 habitet
3111 3805 3293 3852 tecum
3331 3792 3385 3845 in
3422 3790 3680 3860 gaudium

2099 3906 2346 3978 spiritale
2378 3914 2486 3956 una
2511 3913 2636 3952 cum
2667 3891 2937 3964 sapientia
2969 3902 3091 3959 quae
3120 3878 3572 3954 semperjuvenis
3599 3888 3682 3934 est

2100 4006 2173 4056 ob
2209 3995 2395 4063 omnia
2417 3991 2754 4069 charismata
2807 3978 3205 4051 omnipotentis
3239 3974 3492 4046 spiritus,
3523 3971 3581 4025 in
3633 3981 3684 4023 te

2101 4090 2321 4145 relicta.
2369 4077 2377 4085 ’

2173 4182 2302 4235 Ηωε
2329 4173 2547 4246 propria
2575 4168 2806 4225 ambulet
2831 4176 3022 4229 tecum,
3073 4172 3123 4216 et
3172 4163 3240 4216 sit
3261 4169 3428 4233 tecum
3462 4158 3517 4210 in
3542 4154 3686 4208 omni

2109 4279 2359 4340 tempore.
2412 4263 2708 4319 Humilitas
2744 4258 2845 4314 tibi
2887 4253 3223 4313 conveniens
3246 4250 3317 4306 ob
3348 4247 3690 4320 possibilita-

2105 4370 2218 4419 tem
2242 4359 2453 4422 carnis,
2510 4370 2575 4411 ex
2598 4352 2778 4425 prima
2806 4343 3255 4417 transgressione
3280 4349 3485 4404 ortam,
3544 4353 3687 4407 prie-

2110 4454 2275 4512 cedat
2314 4450 2500 4506 omnia
2524 4459 2695 4517 opera
2749 4450 2865 4505 tua,
2919 4447 2974 4494 et
3011 4436 3080 4491 ad
3122 4435 3320 4488 horum
3376 4428 3686 4485 custodiam

2033 4575 2078 4631 ι)
2112 4551 2293 4601 tecum
2317 4539 2548 4595 habitet.

2183 4634 2317 4704 Ejus
2366 4643 2546 4684 amore
2588 4620 2961 4679 circumlatus,
3020 4614 3249 4684 pusillus
3280 4612 3408 4666 eris.
3441 4610 3690 4664 Amantio

2110 4726 2285 4791 illam,
2320 4723 2387 4778 ad
2414 4720 2652 4790 teipsum
2674 4708 3036 4769 exaltaberis.

2182 4902 2353 4960 Vens.
2378 4900 2472 4957 20.
2504 4896 2676 4954 Nesis
2713 4893 2909 4948 multus
2935 4889 3007 4944 ad
3053 4886 3305 4941 alienam.
3338 4880 3416 4935 Ne
3451 4881 3529 4937 sis
3583 4886 3692 4932 tam

2114 4995 2313 5054 debilis
2340 4994 2577 5056 ratione,
2598 4997 2660 5042 ut
2693 4987 2760 5042 ad
2788 4984 3102 5051 voluptates
3144 4988 3430 5037 sensuum,
3486 4971 3699 5023 alienas

2117 5106 2148 5146 a
2178 5083 2453 5158 sapientia
2472 5076 2819 5137 converteris
2849 5091 2863 5127 :
2895 5071 2991 5127 sed
3014 5066 3318 5137 sivepotui,
3348 5062 3465 5118 sive
3502 5076 3699 5116 somno

2117 5176 2471 5251 participeris
2505 5170 2805 5229 secundum
2828 5161 3076 5232 corporis
3107 5160 3299 5229 legem,
3339 5154 3454 5210 sive
3485 5155 3549 5209 ad
3572 5169 3700 5223 pro-

2120 5269 2464 5325 creationem
2501 5263 2801 5317 liberorum
2854 5254 3113 5326 legitimae
3172 5246 3529 5318 coniungaris
3579 5259 3700 5298 niu-

2122 5361 2269 5425 lieri,
2303 5358 2389 5413 his
2424 5354 2687 5410 omnibus
2709 5364 2833 5404 cum
2867 5344 3245 5400 moderatione
3281 5347 3456 5393 utere.

2204 5457 2281 5510 Ne
2317 5462 2526 5521 premas
2579 5441 2807 5498 brachiis
2835 5454 2937 5493 non
2961 5435 3085 5490 tuis.
3109 5433 3190 5487 Ne
3212 5431 3376 5486 rebus
3396 5426 3705 5484 visibilibus

2127 5551 2194 5607 ad
2249 5546 2582 5612 voluptatem
2643 5525 3285 5594 circumscribaris,qme
3343 5522 3439 5575 tibi
3489 5519 3704 5573 ratione

2130 5636 2383 5711 praedito,
2439 5638 2493 5688 et
2536 5627 2604 5684 iis
2640 5626 2733 5698 qui
2762 5622 2972 5678 ratione
3014 5623 3209 5673 carent
3239 5626 3559 5675 communes
3607 5610 3694 5663 vi.-
