3958 6464
245 405 377 468 1267

1575 411 1927 472 PROCOPII
1967 409 2212 470 GAZ/EI

3375 402 3514 466 1268

242 517 462 580 dentur,
489 520 548 568 ut
572 529 759 570 earum
787 517 1122 586 apparentiis
1152 518 1388 587 hasreas,
1409 526 1593 575 etnon
1623 534 1821 591 proce-
1849 580 1854 596 ⁴

1975 535 1990 569 ι
1999 515 2408 587 μπεριγράφου,
2433 512 2575 568 κατὰ
2589 513 2648 567 τὸ
2658 512 3015 583 ὲναπομένειν
3030 509 3152 575 ταῖς
3164 510 3514 580 ἐπιφανείαις

244 609 342 664 das
368 609 422 663 in
441 608 638 680 spiritu
662 608 727 663 ad
762 607 958 663 harum
991 610 1254 668 rationes.

316 780 483 836 Vens.
523 781 616 837 21.
672 784 805 837 Ante
859 783 1037 837 oculos
1081 782 1200 849 Dei,
1262 795 1386 838 sunt
1422 789 1515 840 vice
1564 785 1822 840 hominis.

248 873 444 932 Nullus
468 875 708 932 hominis
742 885 986 930 motuum
1015 877 1412 948 spiritualium,
1463 880 1658 934 oculos
1703 877 1820 946 Dei,

248 969 432 1021 Omnia
461 967 730 1032 videntes,
753 967 907 1038 fugit.

325 1143 515 1198 Omnes
546 1145 690 1200 illius
710 1148 932 1202 semitas
963 1150 1289 1204 considerat.
1332 1150 1536 1205 Omnes
1567 1151 1713 1205 illius
1743 1165 1830 1204 se-

254 1235 416 1291 mitas
442 1245 495 1291 et
529 1239 833 1293 secundum
854 1241 1124 1296 theoriam
1156 1251 1210 1294 et
1268 1243 1568 1297 secundum
1594 1243 1829 1312 praxim,

1924 613 2032 664 τῶν
2058 610 2292 682 ὁρατῶν,
2322 607 2418 662 καὶ
2455 606 2532 678 μὴ
2560 605 2867 660 διαϐαίνειν
2901 602 3047 657 κατά
3075 602 3200 656 νοῦν
3225 604 3363 674 πρὸς
3382 604 3515 666 τοὺς

1926 701 2118 770 λόγους
2149 701 2357 756 αὐτῶν.

1998 797 2106 846 na’.
2146 789 2442 843 Ἐνώπιον
2486 787 2597 858 γάρ
2629 789 2749 842 εισι
2776 786 2894 841 τῶν
2936 787 3043 840 τοῦ
3090 775 3241 842 Θεοῦ
3293 788 3514 855 ὀφθαλ-

1921 878 2075 950 μῶν,
2106 879 2233 934 ὁδοὶ
2257 878 2499 947 ἀνδρός.
2533 879 2702 932 Οὐδὲν
2748 878 2858 948 γὰρ
2917 877 3026 932 τῶν
3078 879 3220 932 κατά
3279 879 3514 947 γνώμην

1927 970 2023 1025 τοῦ
2069 969 2359 1041 ἀνθρώπου
2396 969 2752 1039 κινημάτων,
2783 971 2914 1034 τοὺς
2968 970 3345 1040 παντεφόρους
3409 966 3513 1021 τοῦ

1929 1061 2063 1116 Θεοῦ
2103 1061 2327 1133 λέληθεν
2350 1061 2683 1132 ὀφθαλμούς.

1992 1154 2098 1216 Εἰς
2127 1151 2194 1204 δὲ
2222 1151 2426 1218 πάσας
2462 1151 2578 1242 ,τὰς
2635 1153 2878 1222 τροχιὰς
2939 1140 3129 1208 αἱ)τοῦ
3195 1153 3514 1208 σκοπεύει.

1945 1244 2072 1297 Ἐπὶ
2097 1244 2302 1306 πάντας
2331 1243 2389 1297 δὲ
2424 1246 2553 1307 τοὺς
2583 1245 2726 1298 κατά
2781 1262 2841 1298 τε
2901 1245 3134 1316 θεωρίαν
3173 1245 3268 1299 καὶ
3306 1244 3518 1314 πρᾶξιν

254 1326 372 1393 ipse
392 1328 735 1394 considerat,
773 1331 818 1384 si
853 1332 1158 1386 secundum
1212 1333 1333 1400 ejus
1367 1334 1679 1386 voluntates
1710 1345 1832 1385 am-

255 1417 425 1470 bulet.

325 1506 491 1563 Vens.
521 1509 611 1564 ‘22.
649 1507 970 1581 Iniquitates
999 1515 1214 1570 capiunt
1244 1514 1526 1568 hominem.
1563 1512 1834 1579 Volupta-

254 1599 403 1655 tibus
431 1602 637 1672 iniquis
668 1611 933 1672 tanquam
965 1605 1176 1660 retibus
1223 1606 1382 1660 homo
1411 1604 1832 1674 constringitur,

1931 1335 2164 1411 δρόμους
2185 1333 2349 1388 αὐτοῦ
2373 1335 2567 1406 ἐφορᾷ,
2585 1335 2636 1388 εί
2660 1335 2800 1390 κατά
2812 1336 2914 1406 τὴν
2931 1336 3125 1390 τούτου
3149 1333 3519 1407 προϐαίνουσι

1935 1425 2210 1497 βούλησιν.
3297 1469 3306 1476 .

2006 1519 2111 1588 κβ’.
2159 1521 2529 1588 Παρανομιαι
2548 1518 2735 1587 ἄνδρα
2765 1518 3115 1588 ἀγρεύουσι.
3163 1516 3384 1571 Ἦδοναὶ
3407 1531 3520 1568 πα-

1941 1611 2157 1680 ράλογοι
2219 1610 2603 1678 παγιδεύουσιν
2656 1611 2965 1687 ἄνθρωπον,
3051 1610 3124 1680 μὴ
3195 1607 3519 1678 συγχωροῦ-

255 1708 378 1762 qua:
398 1709 506 1749 non
541 1697 729 1750 sinunt
759 1705 817 1751 ut
840 1699 1144 1753 secundum
1205 1698 1297 1752 Dei
1331 1697 1588 1752 mandata
1641 1699 1837 1751 ambu-

1975 1721 2028 1758 αι
2065 1702 2257 1758 τοῦτον
2291 1703 2390 1774 τὴν
2422 1704 2540 1758 ὁδὸν
2573 1703 2679 1756 τῶν
2741 1702 2902 1756 θείων
2967 1702 3202 1756 ἐντολῶν
3239 1700 3522 1771 διεξέρχεο

258 1787 354 1838 ιιιι.

1978 1795 2087 1850 θαι.

331 1873 498 1930 Vens.
527 1875 618 1930 25.
651 1875 892 1932 Funibus
915 1892 1248 1947 peccatorum
1264 1897 1478 1934 suorum
1504 1880 1789 1949 stringitur
1819 1894 1837 1932 :

2011 1892 2118 1954 κγ’.
2153 1885 2383 1955 Σειραῖς
2415 1885 2484 1938 δὲ
2509 1884 2627 1938 τῶν
2660 1885 2878 1940 ἑαυτοῦ
2917 1884 3217 1954 ἁμαρτιῶν
3258 1885 3526 1950 ἕκαστος

263 1965 380 2034 ipse
399 1967 633 2021 moritur
663 1984 787 2023 cum
822 1970 1226 2040 ignorantibus.
1283 1971 1567 2042 Tanquam
1617 1971 1841 2025 funibus

1975 1977 2285 2046 ’φίγτετιιιο
2353 1973 2527 2042 οὗτος
2578 1975 2829 2046 τελευτᾷ
2905 1977 3056 2046 μετὰ
3119 1975 3522 2030 ἀπαιδεύτων.

261 2057 700 2125 inevitabilibus,
749 2076 959 2131 magna:
1014 2064 1429 2118 consuetudinis
1463 2077 1712 2117 errorum
1747 2060 1841 2132 qui

1975 2064 2044 2122 »ἴα
2067 2068 2125 2122 δέ
2153 2085 2264 2121 τισι
2289 2069 2514 2138 δεσμοῖς
2549 2068 2834 2137 ἀφύκτοις,
2865 2071 2984 2132 ταῖς
3025 2070 3088 2121 ὲκ
3128 2069 3346 2138 μακρᾶς
3388 2083 3522 2119 συν-

263 2158 317 2212 in
355 2159 446 2213 illo
481 2166 611 2214 sunt
641 2159 874 2223 retibus,
903 2161 977 2213 ita
1007 2167 1066 2211 ut
1097 2159 1166 2213 ab
1193 2159 1274 2214 eis
1299 2174 1406 2212 non
1443 2157 1620 2228 possit
1677 2155 1841 2218 solvi,

1983 2161 2131 2223 θείας
2171 2161 2278 2212 τῶν
2312 2159 2529 2212 οἰκείων
2561 2161 2921 2229 πταισμάτων
2949 2161 3326 2223 πλεκτάναις,
3390 2177 3528 2212 συν-

260 2245 464 2316 ligatur
499 2249 681 2303 omnis
715 2256 978 2318 peccator
1013 2265 1027 2302 :
1057 2249 1150 2318 qui
1210 2250 1254 2304 si
1289 2243 1842 2315 remaneatimpoeuic

1978 2269 2130 2321 χεται
2164 2252 2270 2314 πᾶς
2304 2251 2773 2314 δυσαποσπάστως
2807 2251 2945 2321 ἔχων
2971 2254 3071 2322 τῆς
3115 2251 3394 2322 ἁμαρτίας
3419 2269 3430 2278 ·
3467 2250 3527 2312 ὃς

262 2347 410 2408 tens,
471 2355 581 2396 non
616 2341 840 2413 eﬂ'ugict
894 2343 1258 2412 perditionem
1317 2356 1443 2395 cum
1490 2341 1574 2394 bis
1607 2338 1703 2409 qui
1750 2336 1842 2391 Dei

1975 2342 2041 2394 ἀν
2103 2340 2264 2413 μείνῃ
2312 2340 2703 2410 ἀμετανόητος,
2735 2342 2979 2412 καταντᾷ
3008 2342 3087 2404 είς
3126 2340 3402 2394 ἀπώλειαν
3428 2357 3533 2409 με-

263 2431 471 2484 monita
501 2443 610 2484 non
643 2429 1012 2486 admiserunt.

1979 2433 2014 2486 ἀ
2047 2431 2155 2485 τῶν
2181 2432 2425 2503 μηδὸλως
2445 2431 2755 2500 δεξαμένων
2787 2432 3074 2486 νουθεσίαν
3105 2431 3336 2503 Κυρίου.

339 2523 421 2575 Ex:
480 2522 847 2593 magnitudine
905 2525 1028 2578 vita:
1079 2539 1191 2578 sua:
1227 2525 1596 2594 prwcipitatus
1650 2531 1752 2588 est,
1797 2529 1850 2578 et

2017 2524 2119 2578 Ἐκ
2143 2524 2211 2576 δὲ
2239 2523 2512 2589 πλήθους
2537 2522 2647 2592 τῆς
2712 2523 2900 2578 αὐτοῦ
2943 2523 3162 2591 ,ϐιοτῆς
3217 2522 3528 2590 ἐξερρίφη,

261 2614 419 2683 periit
445 2613 508 2669 ob
543 2614 856 2669 stultitiam.
894 2614 938 2668 Α
999 2624 1266 2687 perpetua
1300 2623 1354 2672 et
1395 2616 1553 2671 beata
1620 2613 1848 2685 spiritus

1975 2617 2044 2672 ταί
2094 2616 2365 2672 ἀπώλετο
2394 2616 2468 2670 δι’
2504 2617 2882 2684 ἀφροσύνην.
2937 2615 3070 2669 *Απδ
3101 2615 3158 2668 δὲ
3191 2614 3289 2682 τῆς
3320 2613 3530 2664 eiuste-

264 2704 398 2768 vita,
430 2719 553 2774 qua;
571 2703 671 2768 illi,
695 2711 754 2758 ut
781 2703 850 2759 ad
875 2705 1172 2776 imaginem
1223 2715 1277 2760 et
1303 2704 1724 2761 similitudinem
1753 2702 1845 2756 Dei

1975 2709 2119 2779 άτης
2145 2707 2312 2778 αὐτῷ,
2367 2707 2442 2771 ὡς
2505 2708 2775 2778 γενομένῳ
2835 2707 2958 2760 κατ’
3017 2705 3206 2759 εἰκόνα
3245 2703 3384 2757 Θεοῦ
3431 2703 3532 2758 καὶ

269 2797 417 2853 facto
442 2799 659 2869 prapria
694 2808 800 2866 est,
820 2807 1044 2871 propter
1066 2802 1349 2872 propriam
1384 2802 1611 2858 exuitur
1643 2800 1846 2854 volun-

261 2896 432 2944 tatem
457 2905 474 2956 ;
499 2897 552 2946 et
576 2904 674 2946 sua
705 2891 952 2962 privatur
977 2892 1156 2947 salute
1187 2893 1258 2947 oh
1281 2892 1447 2947 vitam
1482 2893 1843 2948 insensatatn.

931 3158 1086 3217 CAP.
1129 3156 1215 3214 Vl.

338 3233 509 3311 Vens.
539 3255 590 3310 1.
654 3252 785 3320 Fili,
818 3257 863 3309 si
926 3255 1272 3324 spoponderis
1314 3270 1409 3322 pro
1458 3255 1648 3319 amico,
1697 3252 1851 3306 dabis

274 3349 492 3402 inimico
511 3363 748 3403 manum.
774 3346 881 3401 Fili
912 3347 1243 3418 spiritualis,
1277 3349 1324 3401 si
1354 3346 1410 3400 in
1435 3345 1739 3400 crastinum
1762 3357 1853 3398 re-

277 3440 469 3494 mittas
497 3447 553 3493 ut
612 3438 725 3495 Deo
749 3454 915 3510 opera
965 3438 1326 3509 paenitentiae,
1358 3437 1416 3493 in
1439 3450 1672 3506 corpore
1706 3434 1855 3505 quod

277 3533 380 3588 tibi
409 3532 634 3588 charum
658 3540 766 3599 est,
795 3533 1080 3593 ostendas.
1100 3540 1153 3586 et
1182 3531 1226 3587 si
1254 3531 1336 3587 vis
1357 3530 1519 3587 hodie
1536 3529 1856 3584 carnalibus

279 3637 478 3680 vacare
543 3621 938 3693 voluptatibus,
967 3622 1078 3677 illis
1097 3629 1248 3675 tuam
1296 3621 1596 3692 potentiam
1624 3628 1680 3676 et
1701 3632 1855 3684 ,cono

281 3717 661 3788 cupiscibilem
681 3725 735 3772 et
757 3716 1091 3771 irasribilem
1121 3713 1521 3780 submittendo,
1555 3711 1856 3788 practicam

281 3819 432 3864 tuam
482 3809 808 3880 potentiam,
868 3809 1176 3862 animarum
1225 3816 1543 3862 nostrarum
1576 3784 1854 3860 communi

281 3903 425 3958 hosti
450 3901 726 3972 subiiciet,
763 3911 818 3956 ut
850 3900 1021 3956 facias
1054 3915 1118 3955 ea
1171 3914 1293 3970 quae
1325 3897 1426 3953 tibi
1465 3900 1528 3953 ad
1557 3896 1857 3970 perniciem

282 3994 564 4064 proponit.

353 4081 520 4139 Vsus.
571 4083 626 4136 2.
666 4081 788 4138 Rete
811 4081 1183 4152 fortehomini,
1247 4081 1464 4150 propria
1516 4080 1682 4137 labia.
1731 4081 1862 4134 Rele

286 4175 666 4230 inextricabile
703 4174 909 4229 homini
963 4171 1422 4242 eoneupiscibilis
1453 4179 1508 4228 et
1561 4171 1861 4226 irascibilis

287 4267 554 4338 potentia,
576 4279 697 4334 quae.
733 4269 924 4333 aperta
942 4271 1001 4318 ut
1033 4263 1278 4332 quadam
1333 4261 1476 4316 labia
1498 4260 1571 4316 ob
1629 4274 1864 4330 prepen-

288 4361 500 4414 sionem
552 4357 619 4411 ad
667 4355 976 4423 sensibilis,
1010 4354 1450 4416 exhortationem
1487 4355 1589 4408 vise
1638 4352 1861 4407 virtutis

287 4454 591 4512 removent,
626 4455 680 4503 et
718 4447 996 4502 hominem
1024 4447 1078 4501 in
1119 4447 1444 4502 servitutem
1473 4443 1752 4514 redigunt,
1808 4451 1868 4496 ut

1948 2800 2230 2873 ὁμοίωσιν,
2279 2799 2642 2870 ἀτελευτήτου
2683 2799 2780 2852 καὶ
2804 2798 3082 2869 μακαρίας
3128 2797 3187 2850 ὲν
3251 2794 3532 2864 πνεύματι

1951 2891 2116 2962 ζωῆς,
2159 2891 2280 2945 κατ’
2309 2891 2512 2944 οἰκείαν
2570 2889 2797 2962 γνώμην
2846 2889 3234 2960 ἀπέρριπται·
3289 2886 3386 2940 καὶ
3427 2883 3533 2955 τῆς

1953 2982 2146 3037 ἑαυτοῦ
2179 2983 2454 3055 σωτηρίας
2509 2980 2825 3053 ἐστέρηται,
2863 2979 2972 3057 ,διὰ
3028 2980 3352 3051 προαίρεσιν
3409 2977 3535 3031 ἁλός

1953 3088 2161 3140 γιστον.

2553 3163 2808 3216 ΚΕΦΛΛ.
2834 3165 2928 3229 σν.

2023 3259 2093 3306 α’.
2128 3251 2247 3316 Υἱὲ,
2281 3251 2390 3305 ἐὰν
2440 3250 2711 3321 ἐγγυήσῃ
2766 3252 2884 3305 σὸν
2931 3252 3134 3320 φίλον,
3160 3246 3538 3318 παραδώσεις
3602 3317 3606 3320 _

1958 3343 2128 3415 χεῖρα
2146 3341 2356 3412 ἐχθρῷ.
2378 3342 2578 3396 Τέκνον
2605 3343 2997 3412 πνευματικὸν,
3029 3343 3078 3395 εί
3103 3342 3185 3404 είς
3206 3343 3306 3410 τὴν
3345 3340 3537 3410 αὔριον

1957 3434 2327 3500 ἐπιδείξασθαι
2359 3433 2418 3486 τὸ
2445 3433 2741 3510 πρρσφιλές
2773 3450 2856 3486 σοι
2883 3433 3044 3504 σῶμα
3075 3432 3362 3503 μετανοίας
3398 3431 3538 3501 ἔργα

1955 3525 2078 3597 Θεῷ
2105 3523 2418 3598 ἐπαγγέλλῃ
2441 3565 2456 3590 ,
2488 3526 2581 3578 καὶ
2604 3524 2705 3594 τὴν
2738 3524 2981 3594 σήμερον
3023 3523 3123 3586 τὰς
3168 3522 3290 3576 κατ’
3349 3520 3540 3574 ἐπιθυ-

1961 3617 2091 3689 μίας
2123 3616 2216 3671 nui.
2245 3615 2416 3686 θυμὸν
2445 3612 2716 3684 σαρκικὰς
2751 3611 2998 3685 πληροῦν
3028 3610 3240 3682 ὀρέξεις
3271 3609 3540 3681 βουλόμε-

1959 3726 2069 3773 νος,
2104 3707 2363 3779 παρέξεις
2387 3707 2487 3777 τὴν
2515 3705 2827 3776 πρακτικήν
2859 3721 2955 3758 σου
2994 3703 3231 3773 δύναμιν
3263 3701 3343 3772 τῷ
3370 3698 3543 3769 κοινῷ

1960 3802 2206 3874 πολεμίῳ
2234 3801 2342 3856 τῶν
2387 3799 2674 3870 ἡμετέρων
2702 3799 2920 3869 ψυχῶν,
2965 3800 3044 3863 είς
3091 3799 3155 3852 τὸ
3205 3795 3544 3868 ἐργάζεσθαι

1960 3895 1996 3951 δι
2021 3913 2103 3950 σοι
2149 3895 2288 3966 πρὸς
2323 3891 2596 3947 ἀπώλειαν
2622 3890 2967 3960 ὑποτίθησιν.
3445 3923 3452 3931 ι

2035 4076 2099 4146 β’.
2131 4073 2317 4143 Harl;-
2345 4073 2454 4142 γὰρ
2487 4069 2708 4138 ἰσχυρὰ
2743 4066 2916 4135 ἀνδρὶ
2945 4063 3018 4120 τὰ
3052 4062 3176 4119 ἴδια
3199 4063 3394 4132 χείλη.
3430 4060 3541 4130 Θή-

1969 4185 2167 4242 ρατρον
2198 4166 2308 4235 γὰρ
2331 4163 2652 4231 δυσέφικτον
2700 4157 2996 4231 ἀνθρώπῳ,
3052 4157 3088 4227 ἦ
3136 4173 3197 4209 τε
3255 4151 3546 4223 ἐπιθυμία,

1968 4261 2063 4316 καὶ
2091 4261 2119 4313 ὁ
2161 4257 2350 4328 θυμὸς,
2377 4256 2412 4310 ὃ.
2436 4255 2592 4325 δίκην
2620 4252 2848 4323 χειλέων
2883 4248 3156 4318 κεχηνότα
3185 4247 3328 4300 κατὰ
3360 4245 3550 4314 σχέσιν

1934 4344 1943 4352 ’
1970 4350 2108 4420 πρὸς
2154 4347 2221 4400 τά
2248 4343 2507 4415 αἰσθητὰ,
2537 4343 2633 4394 τοῦ
2665 4341 2785 4392 κατ’
2811 4338 3016 4410 ἀρετὴν
3065 4336 3270 4405 δρόμου
3329 4334 3421 4388 τὸν
3459 4333 3551 4386 λό-

1970 4455 2070 4507 γον
2098 4435 2368 4491 κωλύουσι
2393 4451 2408 4466 °
2466 4432 2561 4486 xui.
2599 4430 2800 4484 πάθεσι
2843 4427 2940 4496 μὲν
3002 4424 3278 4480 δουλεύειν
3309 4425 3408 4495 τὴν
3453 4425 3553 4492 σή·-

292 4543 454 4599 hodie
524 4541 726 4597 serviat
777 4541 1197 4611 cupiditatibus,
1238 4548 1294 4596 et
1383 4536 1766 4608 paenitentiam
1811 4535 1854 4588 ir

1978 4545 2163 4600 μερον,
2208 4527 2306 4597 τὴν
2329 4525 2385 4579 δὲ
2411 4524 2680 4594 κάθαρσιν
2712 4523 2791 4584 είς
2815 4518 2914 4591 τὴν
2945 4516 3136 4591 αὔριον
3155 4515 3551 4588 ὑπερτίθεσθαι

288 4634 592 4690 crastinum
623 4635 887 4688 remittat.

361 4725 432 4780 Et
467 4725 675 4795 capitur
707 4724 862 4777 labiis
892 4723 1248 4792 propriioris.
1284 4719 1351 4774 Et
1379 4720 1674 4790 superatur
1709 4715 1874 4772 homo

293 4815 498 4885 iniquis
532 4815 832 4869 voluntatis
878 4829 991 4868 suae
1025 4813 1515 4884 prepensionibus,
1547 4825 1644 4880 per
1703 4823 1871 4879 quam

295 4906 452 4976 quasi
476 4920 572 4974 per
606 4905 882 4974 quoddam
917 4919 1000 4971 os,
1032 4903 1254 4958 virtutis
1279 4903 1361 4957 vel
1421 4901 1644 4956 malitia:
1703 4897 1874 4970 parti-

295 5015 424 5070 ccps
457 4997 515 5052 lit
539 4999 592 5053 in
618 4998 846 5066 spiritu.

371 5090 538 5145 Vens.
564 5090 618 5144 5.
653 5087 789 5154 Fac,
819 5088 900 5156 ﬁli
928 5088 1022 5150 mi,
1052 5103 1115 5141 ea
1139 5099 1255 5156 qua
1289 5083 1384 5138 tibi
1409 5099 1668 5154 propono,
1729 5090 1776 5135 et
1811 5081 1877 5134 li-

301 5183 423 5235 bera
451 5190 518 5234 te.
570 5179 833 5250 Operare,
859 5178 932 5232 lili
999 5176 1322 5248 spiritualis,
1380 5191 1442 5231 ea
1476 5189 1598 5244 quae
1623 5173 1720 5228 tibi
1751 5187 1880 5242 pro-

302 5290 468 5344 pono,
500 5282 553 5328 et
576 5274 646 5327 ab
676 5271 882 5342 iniquis
911 5270 1128 5326 custodi
1161 5277 1214 5325 te
1238 5267 1655 5339 cupiditatibus.

384 5454 585 5508 Venisti
624 5455 676 5506 in
700 5469 888 5506 manus
920 5450 1184 5505 malorum
1217 5458 1429 5520 propter
1447 5449 1676 5502 amicum
1708 5457 1879 5501 tuum.

306 5547 542 5600 Coactus
577 5542 758 5613 fuisti,
793 5553 854 5596 ut
883 5543 971 5596 his
1023 5541 1353 5611 perniciosis
1394 5541 1634 5612 capiaris
1662 5539 1880 5610 cupidi-

310 5636 536 5699 tatibus,
565 5642 788 5703 propter
814 5633 909 5688 tibi
933 5633 1319 5688 cbarissimum
1356 5647 1577 5701 corpus.

380 5725 510 5780 Esto
529 5724 708 5794 fortis.
729 5723 862 5779 Esto
896 5723 1160 5778 robustus
1192 5723 1418 5792 spiritus
1444 5721 1721 5778 ﬁrmitate.

1974 4614 2668 4687 τοῦτο’ὰνδραποδίζουσιν.
2713 4629 2718 4633 ‘

2045 4709 2156 4765 Καὶ
2193 4710 2510 4763 ἁλίσκεται
2564 4707 2838 4775 χείλεσιν
2886 4703 3042 4758 ἰδίου
3068 4702 3390 4772 στόματος.
3439 4698 3553 4754 Καὶ

1976 4804 2266 4870 κρατεῖται
2291 4802 2318 4852 ὁ
2345 4798 2634 4870 ἅνθρωπος
2662 4799 2784 4859 ταῖς
2809 4796 3120 4865 ἀλογίστοις
3183 4793 3402 4864 σχέσεσι
3455 4790 3554 4842 τοῦ

1977 4892 2177 4946 οἰκείιυ
2234 4887 2624 4961 προαιρετικοῦ
2649 4903 2672 4962 ’γ
2702 4886 2770 4939 δι’
2792 4880 2854 4938 οὗ
2894 4887 2970 4948 ὡς
2993 4886 3082 4938 διά
3110 4901 3256 4948 τινος
3288 4883 3556 4953 στόματος

1976 4984 2179 5056 ἀρετῆς
2209 4982 2243 5055 ἢ
2275 4981 2471 5043 κακίας
2514 4979 2920 5051 μεταλαμϐάνει
2953 4978 3094 5032 κατὰ
3125 4977 3326 5047 ψυχήν.

2037 5082 2111 5142 γ’.
2144 5075 2328 5138 Dolet,
2358 5071 2469 5136 υἱὲ,
2494 5070 2532 5124 ἃ
2553 5071 2666 5140 ἐγώ
2694 5086 2792 5124 σοι
2811 5070 3189 5138 ἐντέλλομαι,
3210 5067 3308 5120 καὶ
3341 5063 3556 5124 σώζου.

1991 5165 2283 5237 Ἐργάζου,
2315 5164 2505 5217 τέκνον
2535 5161 2924 5232 πνευματικὸν,
2957 5161 3102 5229 ἅπερ
3130 5177 3211 5212 σοι
3246 5159 3408 5220 αὐτὸς
3424 5159 3559 5210 ὑπο-

1980 5260 2195 5330 τίθημι,
2230 5259 2325 5311 καὶ
2386 5257 2496 5310 ἀπὸ
2550 5254 2661 5308 τῶν
2722 5253 3051 5325 παραλόγων
3116 5250 3390 5321 φυλάττου
3447 5265 3556 5319 πατ

1984 5353 2116 5408 θῶν.

2060 5443 2266 5507 ’Ἥκεις
2296 5439 2408 5509 γὰρ
2432 5440 2519 5504 είς
2549 5436 2749 5507 χεῖρας
2783 5435 2987 5489 κακῶν
3018 5433 3118 5488 διὰ
3177 5431 3296 5487 σὸν
3353 5433 3556 5502 φίλον.

1987 5531 2292 5601 Συνελαύνῃ
2321 5530 2429 5600 γὰρ
2456 5532 2536 5592 εἰς
2563 5529 2624 5580 τὸ
2649 5531 2762 5591 τοῖς
2788 5525 3052 5589 τοιούτοις
3083 5523 3352 5594 ὀλεθρίοις
3416 5521 3560 5576 ἀλῶ-

1991 5641 2078 5677 ναι
2112 5623 2328 5686 πάθεσι,
2384 5620 2471 5674 διὰ
2499 5620 2560 5673 τὸ
2590 5618 2888 5691 προσφιλές
2918 5635 3000 5672 σοι
3024 5616 3205 5686 σῶμα.

2063 5717 2222 5769 "Iam
2245 5712 2330 5782 μὴ
2354 5713 2739 5792 ἐκλγόμενος.
2775 5711 2907 5764 Ἔσο
2961 5709 3038 5782 μὴ
3086 5707 3178 5762 τὸν
3223 5707 3323 5779 τῆς
3386 5702 3560 5777 ψυχῆς

1994 5825 2087 5860 σου
2117 5806 2268 5860 τόνον
2292 5803 2678 5874 χαυνούμενος.
