  <div class='ocr_page' id='page_1' title='image "/cluster/home/n/w/nwhite01/storage/ocr_20150623/87:pt.1/coo.31924054869882/645.png"; bbox 0 0 3958 6388; ppageno 0'>
   <div class='ocr_carea' id='block_1_1' title="bbox 417 466 552 534">
    <p class='ocr_par' dir='ltr' id='par_1_1' title="bbox 417 466 552 534">
     <span class='ocr_line' id='line_1_1' title="bbox 417 466 552 534; baseline -0.03 0"><span class='ocrx_word' id='word_1_1' title='bbox 417 466 552 534; x_wconf 81' lang='lat'><strong>1269</strong></span> 
     </span>
    </p>
   </div>
   <div class='ocr_carea' id='block_1_2' title="bbox 1447 458 2615 528">
    <p class='ocr_par' dir='ltr' id='par_1_2' title="bbox 1447 458 2615 528">
     <span class='ocr_line' id='line_1_2' title="bbox 1447 458 2615 528; baseline 0.003 -4"><span class='ocrx_word' id='word_1_2' title='bbox 1447 458 1989 524; x_wconf 81' lang='lat' dir='ltr'><strong>COMMENTARII</strong></span> <span class='ocrx_word' id='word_1_3' title='bbox 2032 462 2114 523; x_wconf 80' lang='lat' dir='ltr'><strong>IN</strong></span> <span class='ocrx_word' id='word_1_4' title='bbox 2155 463 2615 528; x_wconf 78' lang='lat' dir='ltr'><strong>PROVERBIA.</strong></span> 
     </span>
    </p>
   </div>
   <div class='ocr_carea' id='block_1_3' title="bbox 3496 460 3689 523">
    <p class='ocr_par' dir='ltr' id='par_1_3' title="bbox 3496 460 3689 523">
     <span class='ocr_line' id='line_1_3' title="bbox 3496 460 3689 523; baseline -0.016 0"><span class='ocrx_word' id='word_1_5' title='bbox 3496 478 3523 490; x_wconf 74' lang='grc'><strong>“</strong></span> <span class='ocrx_word' id='word_1_6' title='bbox 3554 460 3689 523; x_wconf 72' lang='grc'><strong>1270</strong></span> 
     </span>
    </p>
   </div>
   <div class='ocr_carea' id='block_1_4' title="bbox 490 566 2014 648">
    <p class='ocr_par' dir='ltr' id='par_1_4' title="bbox 490 566 1984 645">
     <span class='ocr_line' id='line_1_4' title="bbox 490 566 1984 645; baseline 0.006 -22"><span class='ocrx_word' id='word_1_7' title='bbox 490 566 802 634; x_wconf 77' lang='grc' dir='ltr'><strong>Ιιαρόευνε</strong></span> <span class='ocrx_word' id='word_1_8' title='bbox 833 571 902 626; x_wconf 70' lang='grc' dir='ltr'><strong>δὲ</strong></span> <span class='ocrx_word' id='word_1_9' title='bbox 929 571 1030 625; x_wconf 81' lang='grc' dir='ltr'><strong>καί</strong></span> <span class='ocrx_word' id='word_1_10' title='bbox 1063 573 1172 626; x_wconf 75' lang='grc' dir='ltr'><strong>τὸν</strong></span> <span class='ocrx_word' id='word_1_11' title='bbox 1202 571 1388 642; x_wconf 71' lang='grc' dir='ltr'><em>φίλον</em></span> <span class='ocrx_word' id='word_1_12' title='bbox 1410 589 1529 628; x_wconf 88' lang='grc' dir='ltr'><strong>σου</strong></span> <span class='ocrx_word' id='word_1_13' title='bbox 1565 574 1638 629; x_wconf 77' lang='grc' dir='ltr'><strong>ὃν</strong></span> <span class='ocrx_word' id='word_1_14' title='bbox 1684 574 1984 645; x_wconf 79' lang='grc' dir='ltr'><strong>ἐγγυήσω.</strong></span> 
     </span>
    </p>
   </div>
   <div class='ocr_carea' id='block_1_5' title="bbox 2138 566 3688 648">
    <p class='ocr_par' dir='ltr' id='par_1_5' title="bbox 2166 571 3688 648">
     <span class='ocr_line' id='line_1_5' title="bbox 2166 571 3688 648; baseline -0.001 -17"><span class='ocrx_word' id='word_1_15' title='bbox 2166 576 2361 631; x_wconf 71' lang='grc' dir='ltr'><strong>Εωείια</strong></span> <span class='ocrx_word' id='word_1_16' title='bbox 2381 580 2544 633; x_wconf 81' lang='lat' dir='ltr'><strong>etiam</strong></span> <span class='ocrx_word' id='word_1_17' title='bbox 2577 579 2810 632; x_wconf 82' lang='lat' dir='ltr'><strong>amicum</strong></span> <span class='ocrx_word' id='word_1_18' title='bbox 2845 592 2940 648; x_wconf 85' lang='lat' dir='ltr'><strong>pro</strong></span> <span class='ocrx_word' id='word_1_19' title='bbox 2972 590 3076 647; x_wconf 82' lang='lat' dir='ltr'><strong>quo</strong></span> <span class='ocrx_word' id='word_1_20' title='bbox 3106 571 3457 644; x_wconf 70' lang='lat' dir='ltr'><strong>spopondisti.</strong></span> <span class='ocrx_word' id='word_1_21' title='bbox 3494 572 3688 630; x_wconf 77' lang='lat' dir='ltr'><strong>Ex‘cita</strong></span> 
     </span>
    </p>
   </div>
   <div class='ocr_carea' id='block_1_6' title="bbox 421 660 2014 739">
    <p class='ocr_par' dir='ltr' id='par_1_6' title="bbox 421 660 1998 738">
     <span class='ocr_line' id='line_1_6' title="bbox 421 660 1998 738; baseline 0.008 -26"><span class='ocrx_word' id='word_1_22' title='bbox 421 660 716 735; x_wconf 81' lang='grc' dir='ltr'><strong>Παράθηγε</strong></span> <span class='ocrx_word' id='word_1_23' title='bbox 743 663 802 718; x_wconf 78' lang='grc' dir='ltr'><strong>δὲ</strong></span> <span class='ocrx_word' id='word_1_24' title='bbox 844 663 1049 733; x_wconf 72' lang='grc' dir='ltr'><strong>μᾶλλον</strong></span> <span class='ocrx_word' id='word_1_25' title='bbox 1101 665 1197 721; x_wconf 71' lang='grc' dir='ltr'><strong>καὶ</strong></span> <span class='ocrx_word' id='word_1_26' title='bbox 1251 664 1384 720; x_wconf 76' lang='grc' dir='ltr'><strong>αὐτὸ</strong></span> <span class='ocrx_word' id='word_1_27' title='bbox 1436 667 1498 720; x_wconf 76' lang='grc' dir='ltr'><strong>τὸ</strong></span> <span class='ocrx_word' id='word_1_28' title='bbox 1549 667 1872 738; x_wconf 82' lang='grc' dir='ltr'><strong>φιλούμενόν</strong></span> <span class='ocrx_word' id='word_1_29' title='bbox 1916 684 1998 724; x_wconf 89' lang='grc' dir='ltr'><strong>σοι</strong></span> 
     </span>
    </p>
   </div>
   <div class='ocr_carea' id='block_1_7' title="bbox 2138 660 3690 739">
    <p class='ocr_par' dir='ltr' id='par_1_7' title="bbox 2138 666 3690 739">
     <span class='ocr_line' id='line_1_7' title="bbox 2138 666 3690 739; baseline -0.001 -16"><span class='ocrx_word' id='word_1_30' title='bbox 2138 669 2285 726; x_wconf 89' lang='lat' dir='ltr'><strong>otius</strong></span> <span class='ocrx_word' id='word_1_31' title='bbox 2313 668 2413 725; x_wconf 82' lang='lat' dir='ltr'><strong>tibi</strong></span> <span class='ocrx_word' id='word_1_32' title='bbox 2439 669 2830 726; x_wconf 85' lang='lat' dir='ltr'><strong>charissimum</strong></span> <span class='ocrx_word' id='word_1_33' title='bbox 2863 667 3259 739; x_wconf 80' lang='lat' dir='ltr'><strong>corpusculum</strong></span> <span class='ocrx_word' id='word_1_34' title='bbox 3286 682 3302 721; x_wconf 89' lang='lat'><strong>:</strong></span> <span class='ocrx_word' id='word_1_35' title='bbox 3336 679 3499 722; x_wconf 89' lang='lat' dir='ltr'><strong>move</strong></span> <span class='ocrx_word' id='word_1_36' title='bbox 3555 666 3690 722; x_wconf 87' lang='lat' dir='ltr'><strong>illud</strong></span> 
     </span>
    </p>
   </div>
   <div class='ocr_carea' id='block_1_8' title="bbox 424 750 2001 829">
    <p class='ocr_par' dir='ltr' id='par_1_8' title="bbox 424 750 2001 829">
     <span class='ocr_line' id='line_1_8' title="bbox 424 750 2001 829; baseline 0.008 -26"><span class='ocrx_word' id='word_1_37' title='bbox 424 753 650 821; x_wconf 75' lang='grc' dir='ltr'><strong>σαρκίον</strong></span> <span class='ocrx_word' id='word_1_38' title='bbox 674 769 689 784; x_wconf 75' lang='grc' dir='ltr'><em>ο</em></span> <span class='ocrx_word' id='word_1_39' title='bbox 723 750 1015 829; x_wconf 75' lang='grc' dir='ltr'><strong>διεγείρων</strong></span> <span class='ocrx_word' id='word_1_40' title='bbox 1053 754 1215 810; x_wconf 81' lang='grc' dir='ltr'><strong>τοῦτο</strong></span> <span class='ocrx_word' id='word_1_41' title='bbox 1241 754 1383 828; x_wconf 78' lang='grc' dir='ltr'><strong>πρὸς</strong></span> <span class='ocrx_word' id='word_1_42' title='bbox 1405 755 1671 827; x_wconf 74' lang='grc' dir='ltr'><strong>ἐργασίαν</strong></span> <span class='ocrx_word' id='word_1_43' title='bbox 1705 757 1801 811; x_wconf 83' lang='grc' dir='ltr'><strong>τοῦ</strong></span> <span class='ocrx_word' id='word_1_44' title='bbox 1860 759 2001 828; x_wconf 84' lang='grc' dir='ltr'><strong>ἀγα-</strong></span> 
     </span>
    </p>
   </div>
   <div class='ocr_carea' id='block_1_9' title="bbox 2102 758 3690 834">
    <p class='ocr_par' dir='ltr' id='par_1_9' title="bbox 2102 758 3690 834">
     <span class='ocr_line' id='line_1_9' title="bbox 2102 758 3690 834; baseline -0.001 -20"><span class='ocrx_word' id='word_1_45' title='bbox 2102 759 2170 815; x_wconf 94' lang='lat' dir='ltr'><strong>ad</strong></span> <span class='ocrx_word' id='word_1_46' title='bbox 2197 762 2339 817; x_wconf 89' lang='lat' dir='ltr'><strong>bona</strong></span> <span class='ocrx_word' id='word_1_47' title='bbox 2378 775 2567 833; x_wconf 85' lang='lat' dir='ltr'><strong>opera,</strong></span> <span class='ocrx_word' id='word_1_48' title='bbox 2596 769 2657 818; x_wconf 91' lang='lat' dir='ltr'><strong>tu</strong></span> <span class='ocrx_word' id='word_1_49' title='bbox 2695 762 2791 834; x_wconf 87' lang='lat' dir='ltr'><strong>qui</strong></span> <span class='ocrx_word' id='word_1_50' title='bbox 2844 760 2956 818; x_wconf 91' lang='lat' dir='ltr'><strong>Deo</strong></span> <span class='ocrx_word' id='word_1_51' title='bbox 2998 775 3165 834; x_wconf 82' lang='lat' dir='ltr'><strong>opera</strong></span> <span class='ocrx_word' id='word_1_52' title='bbox 3183 758 3416 831; x_wconf 67' lang='lat' dir='ltr'><strong>iustitia:</strong></span> <span class='ocrx_word' id='word_1_53' title='bbox 3477 761 3690 830; x_wconf 85' lang='lat' dir='ltr'><strong>promi-</strong></span> 
     </span>
    </p>
   </div>
   <div class='ocr_carea' id='block_1_10' title="bbox 422 840 2247 925">
    <p class='ocr_par' dir='ltr' id='par_1_10' title="bbox 422 840 2247 925">
     <span class='ocr_line' id='line_1_10' title="bbox 422 840 2247 925; baseline 0.007 -27"><span class='ocrx_word' id='word_1_54' title='bbox 422 844 541 911; x_wconf 79' lang='grc' dir='ltr'><strong>θοῦ,</strong></span> <span class='ocrx_word' id='word_1_55' title='bbox 570 846 601 901; x_wconf 80' lang='grc' dir='ltr'><strong>δ</strong></span> <span class='ocrx_word' id='word_1_56' title='bbox 647 840 998 920; x_wconf 66' lang='grc' dir='ltr'><strong>εἰκαιοσύνης</strong></span> <span class='ocrx_word' id='word_1_57' title='bbox 1050 850 1192 925; x_wconf 73' lang='grc' dir='ltr'><strong>ἔργα</strong></span> <span class='ocrx_word' id='word_1_58' title='bbox 1246 846 1622 917; x_wconf 68' lang='grc' dir='ltr'><strong>ἐνδείξασθαι·</strong></span> <span class='ocrx_word' id='word_1_59' title='bbox 1652 847 1999 922; x_wconf 72' lang='grc' dir='ltr'><strong>καθυπέσχου</strong></span> <span class='ocrx_word' id='word_1_60' title='bbox 2100 854 2247 911; x_wconf 80' lang='lat' dir='ltr'><strong>sisti.</strong></span> 
     </span>
    </p>
   </div>
   <div class='ocr_carea' id='block_1_11' title="bbox 420 938 562 1011">
    <p class='ocr_par' dir='ltr' id='par_1_11' title="bbox 420 938 562 1011">
     <span class='ocr_line' id='line_1_11' title="bbox 420 938 562 1011; baseline 0.007 -18"><span class='ocrx_word' id='word_1_61' title='bbox 420 938 562 1011; x_wconf 83' lang='grc' dir='ltr'><strong>Θεῷ.</strong></span> 
     </span>
    </p>
   </div>
   <div class='ocr_carea' id='block_1_12' title="bbox 492 1031 2003 1111">
    <p class='ocr_par' dir='ltr' id='par_1_12' title="bbox 492 1031 2003 1111">
     <span class='ocr_line' id='line_1_12' title="bbox 492 1031 2003 1111; baseline 0.001 -24"><span class='ocrx_word' id='word_1_62' title='bbox 492 1031 556 1088; x_wconf 86' lang='grc' dir='ltr'><strong>δ’.</strong></span> <span class='ocrx_word' id='word_1_63' title='bbox 585 1033 683 1102; x_wconf 71' lang='grc' dir='ltr'><strong>Μὴ</strong></span> <span class='ocrx_word' id='word_1_64' title='bbox 713 1034 832 1103; x_wconf 78' lang='grc' dir='ltr'><strong>δῷς</strong></span> <span class='ocrx_word' id='word_1_65' title='bbox 858 1037 1058 1093; x_wconf 82' lang='grc' dir='ltr'><em>ὕπνον</em></span> <span class='ocrx_word' id='word_1_66' title='bbox 1088 1038 1226 1106; x_wconf 83' lang='grc' dir='ltr'><strong>σοῖς</strong></span> <span class='ocrx_word' id='word_1_67' title='bbox 1256 1037 1544 1109; x_wconf 81' lang='grc' dir='ltr'><strong>ὄμμασιν.</strong></span> <span class='ocrx_word' id='word_1_68' title='bbox 1598 1036 1694 1111; x_wconf 73' lang='grc' dir='ltr'><strong>Μὴ</strong></span> <span class='ocrx_word' id='word_1_69' title='bbox 1751 1034 2003 1108; x_wconf 67' lang='grc' dir='ltr'><strong>Μράσχε</strong></span> 
     </span>
    </p>
   </div>
   <div class='ocr_carea' id='block_1_13' title="bbox 423 1124 2001 1207">
    <p class='ocr_par' dir='ltr' id='par_1_13' title="bbox 423 1124 2001 1207">
     <span class='ocr_line' id='line_1_13' title="bbox 423 1124 2001 1207; baseline 0.002 -29"><span class='ocrx_word' id='word_1_70' title='bbox 423 1124 566 1178; x_wconf 87' lang='grc' dir='ltr'><strong>κατά</strong></span> <span class='ocrx_word' id='word_1_71' title='bbox 596 1125 823 1197; x_wconf 82' lang='grc' dir='ltr'><strong>γνώμην</strong></span> <span class='ocrx_word' id='word_1_72' title='bbox 842 1127 1015 1183; x_wconf 82' lang='grc' dir='ltr'><strong>ὖπνον</strong></span> <span class='ocrx_word' id='word_1_73' title='bbox 1044 1130 1321 1207; x_wconf 75' lang='grc' dir='ltr'><strong>ῥᾳθυμίας</strong></span> <span class='ocrx_word' id='word_1_74' title='bbox 1357 1132 1478 1194; x_wconf 83' lang='grc' dir='ltr'><strong>ταῖς</strong></span> <span class='ocrx_word' id='word_1_75' title='bbox 1506 1130 1880 1202; x_wconf 80' lang='grc' dir='ltr'><strong>θεωρητικαῖς</strong></span> <span class='ocrx_word' id='word_1_76' title='bbox 1906 1143 2001 1182; x_wconf 87' lang='grc' dir='ltr'><strong>σου</strong></span> 
     </span>
    </p>
   </div>
   <div class='ocr_carea' id='block_1_14' title="bbox 420 1214 1786 1294">
    <p class='ocr_par' dir='ltr' id='par_1_14' title="bbox 420 1214 1786 1294">
     <span class='ocr_line' id='line_1_14' title="bbox 420 1214 1786 1294; baseline 0.007 -28"><span class='ocrx_word' id='word_1_77' title='bbox 420 1214 705 1285; x_wconf 80' lang='grc' dir='ltr'><strong>δυνάμεσι,</strong></span> <span class='ocrx_word' id='word_1_78' title='bbox 733 1217 875 1290; x_wconf 79' lang='grc' dir='ltr'><strong>πρὸς</strong></span> <span class='ocrx_word' id='word_1_79' title='bbox 907 1220 1006 1291; x_wconf 79' lang='grc' dir='ltr'><strong>τὴν</strong></span> <span class='ocrx_word' id='word_1_80' title='bbox 1042 1222 1143 1294; x_wconf 79' lang='grc' dir='ltr'><strong>τῆς</strong></span> <span class='ocrx_word' id='word_1_81' title='bbox 1169 1221 1434 1293; x_wconf 79' lang='grc' dir='ltr'><strong>ἀληθείας</strong></span> <span class='ocrx_word' id='word_1_82' title='bbox 1456 1221 1786 1293; x_wconf 76' lang='grc' dir='ltr'><strong>κατάληψιν.</strong></span> 
     </span>
    </p>
   </div>
   <div class='ocr_carea' id='block_1_15' title="bbox 486 1307 2004 1386">
    <p class='ocr_par' dir='ltr' id='par_1_15' title="bbox 486 1307 2004 1386">
     <span class='ocr_line' id='line_1_15' title="bbox 486 1307 2004 1386; baseline 0.001 -25"><span class='ocrx_word' id='word_1_83' title='bbox 486 1307 654 1377; x_wconf 79' lang='grc' dir='ltr'><strong>Μηδὲ</strong></span> <span class='ocrx_word' id='word_1_84' title='bbox 689 1309 1104 1384; x_wconf 76' lang='grc' dir='ltr'><strong>ἐπινυστάξης</strong></span> <span class='ocrx_word' id='word_1_85' title='bbox 1134 1313 1268 1381; x_wconf 86' lang='grc' dir='ltr'><strong>σοῖς</strong></span> <span class='ocrx_word' id='word_1_86' title='bbox 1295 1315 1650 1385; x_wconf 74' lang='grc' dir='ltr'><strong>βλεφάροις.</strong></span> <span class='ocrx_word' id='word_1_87' title='bbox 1712 1310 1856 1386; x_wconf 82' lang='grc' dir='ltr'><strong>Μήτ’</strong></span> <span class='ocrx_word' id='word_1_88' title='bbox 1909 1308 2004 1364; x_wconf 69' lang='grc' dir='ltr'><strong>ἐπὶ</strong></span> 
     </span>
    </p>
   </div>
   <div class='ocr_carea' id='block_1_16' title="bbox 334 1398 2006 1475">
    <p class='ocr_par' dir='ltr' id='par_1_16' title="bbox 334 1398 2006 1475">
     <span class='ocr_line' id='line_1_16' title="bbox 334 1398 2006 1475; baseline 0.004 -24"><span class='ocrx_word' id='word_1_89' title='bbox 334 1441 348 1451; x_wconf 89' lang='grc'><strong>.</strong></span> <span class='ocrx_word' id='word_1_90' title='bbox 421 1399 545 1462; x_wconf 78' lang='grc' dir='ltr'><strong>ταῖς</strong></span> <span class='ocrx_word' id='word_1_91' title='bbox 578 1398 699 1453; x_wconf 85' lang='grc' dir='ltr'><strong>κατ’</strong></span> <span class='ocrx_word' id='word_1_92' title='bbox 728 1401 990 1474; x_wconf 71' lang='grc' dir='ltr'><strong>αἴσθησιν</strong></span> <span class='ocrx_word' id='word_1_93' title='bbox 1048 1403 1144 1459; x_wconf 70' lang='grc' dir='ltr'><strong>καὶ</strong></span> <span class='ocrx_word' id='word_1_94' title='bbox 1194 1405 1500 1475; x_wconf 79' lang='grc' dir='ltr'><strong>φαντασίαν</strong></span> <span class='ocrx_word' id='word_1_95' title='bbox 1550 1403 1771 1473; x_wconf 82' lang='grc' dir='ltr'><strong>ἀλόγοις</strong></span> <span class='ocrx_word' id='word_1_96' title='bbox 1822 1401 2006 1467; x_wconf 80' lang='grc' dir='ltr'><strong>δόξαις</strong></span> 
     </span>
    </p>
   </div>
   <div class='ocr_carea' id='block_1_17' title="bbox 423 1491 2005 1567">
    <p class='ocr_par' dir='ltr' id='par_1_17' title="bbox 423 1491 2005 1567">
     <span class='ocr_line' id='line_1_17' title="bbox 423 1491 2005 1567; baseline 0.009 -26"><span class='ocrx_word' id='word_1_97' title='bbox 423 1491 875 1565; x_wconf 77' lang='grc' dir='ltr'><strong>συγκατανεύσῃς</strong></span> <span class='ocrx_word' id='word_1_98' title='bbox 904 1495 1027 1559; x_wconf 82' lang='grc' dir='ltr'><strong>ταῖς</strong></span> <span class='ocrx_word' id='word_1_99' title='bbox 1087 1496 1421 1567; x_wconf 85' lang='grc' dir='ltr'><strong>όρεκτικαῖς,</strong></span> <span class='ocrx_word' id='word_1_100' title='bbox 1472 1495 1548 1567; x_wconf 82' lang='grc' dir='ltr'><strong>μὴ</strong></span> <span class='ocrx_word' id='word_1_101' title='bbox 1602 1491 2005 1566; x_wconf 83' lang='grc' dir='ltr'><strong>γρηγορούσαις</strong></span> 
     </span>
    </p>
   </div>
   <div class='ocr_carea' id='block_1_18' title="bbox 421 1581 2006 1657">
    <p class='ocr_par' dir='ltr' id='par_1_18' title="bbox 421 1581 2006 1657">
     <span class='ocr_line' id='line_1_18' title="bbox 421 1581 2006 1657; baseline 0.001 -22"><span class='ocrx_word' id='word_1_102' title='bbox 421 1581 561 1651; x_wconf 82' lang='grc' dir='ltr'><strong>πρὸς</strong></span> <span class='ocrx_word' id='word_1_103' title='bbox 588 1581 689 1653; x_wconf 76' lang='grc' dir='ltr'><strong>τὴν</strong></span> <span class='ocrx_word' id='word_1_104' title='bbox 718 1585 1007 1656; x_wconf 74' lang='grc' dir='ltr'><strong>ἐπιτυχίαν</strong></span> <span class='ocrx_word' id='word_1_105' title='bbox 1031 1587 1126 1641; x_wconf 85' lang='grc' dir='ltr'><strong>τοῦ</strong></span> <span class='ocrx_word' id='word_1_106' title='bbox 1156 1587 1312 1651; x_wconf 73' lang='grc' dir='ltr'><strong>ὄντος</strong></span> <span class='ocrx_word' id='word_1_107' title='bbox 1349 1584 1582 1657; x_wconf 79' lang='grc' dir='ltr'><strong>ἀγαθοῦ,</strong></span> <span class='ocrx_word' id='word_1_108' title='bbox 1640 1584 1729 1640; x_wconf 89' lang='grc' dir='ltr'><strong>διά</strong></span> <span class='ocrx_word' id='word_1_109' title='bbox 1788 1583 1851 1638; x_wconf 87' lang='grc' dir='ltr'><strong>τδ</strong></span> <span class='ocrx_word' id='word_1_110' title='bbox 1904 1582 2006 1654; x_wconf 82' lang='grc' dir='ltr'><strong>τῆς</strong></span> 
     </span>
    </p>
   </div>
   <div class='ocr_carea' id='block_1_19' title="bbox 418 1669 2005 1751">
    <p class='ocr_par' dir='ltr' id='par_1_19' title="bbox 418 1669 2005 1751">
     <span class='ocr_line' id='line_1_19' title="bbox 418 1669 2005 1751; baseline 0.005 -30"><span class='ocrx_word' id='word_1_111' title='bbox 418 1669 612 1724; x_wconf 81' lang='grc' dir='ltr'><strong>τούτου</strong></span> <span class='ocrx_word' id='word_1_112' title='bbox 627 1673 891 1743; x_wconf 79' lang='grc' dir='ltr'><strong>ἐργασίας</strong></span> <span class='ocrx_word' id='word_1_113' title='bbox 913 1677 1173 1731; x_wconf 71' lang='grc' dir='ltr'><strong>ἐπίπονον</strong></span> <span class='ocrx_word' id='word_1_114' title='bbox 1197 1692 1212 1707; x_wconf 79' lang='grc'><strong><em>⁸</em></strong></span> <span class='ocrx_word' id='word_1_115' title='bbox 1230 1678 1399 1751; x_wconf 82' lang='grc' dir='ltr'><strong>αίπερ</strong></span> <span class='ocrx_word' id='word_1_116' title='bbox 1419 1677 1885 1733; x_wconf 86' lang='grc' dir='ltr'><strong>ἀναπετάννυνται</strong></span> <span class='ocrx_word' id='word_1_117' title='bbox 1906 1674 2005 1746; x_wconf 80' lang='grc' dir='ltr'><strong>μὲν</strong></span> 
     </span>
    </p>
   </div>
   <div class='ocr_carea' id='block_1_20' title="bbox 423 1762 2007 1842">
    <p class='ocr_par' dir='ltr' id='par_1_20' title="bbox 423 1762 2007 1842">
     <span class='ocr_line' id='line_1_20' title="bbox 423 1762 2007 1842; baseline -0.004 -15"><span class='ocrx_word' id='word_1_118' title='bbox 423 1763 561 1833; x_wconf 72' lang='grc' dir='ltr'><strong>πρδς</strong></span> <span class='ocrx_word' id='word_1_119' title='bbox 584 1763 764 1831; x_wconf 82' lang='grc' dir='ltr'><strong>τοῦτο,</strong></span> <span class='ocrx_word' id='word_1_120' title='bbox 794 1762 885 1822; x_wconf 78' lang='grc' dir='ltr'><strong>οἷά</strong></span> <span class='ocrx_word' id='word_1_121' title='bbox 911 1785 1033 1823; x_wconf 88' lang='grc' dir='ltr'><strong>τινα</strong></span> <span class='ocrx_word' id='word_1_122' title='bbox 1051 1769 1318 1842; x_wconf 76' lang='grc' dir='ltr'><strong>βλέφαρα,</strong></span> <span class='ocrx_word' id='word_1_123' title='bbox 1348 1768 1742 1842; x_wconf 88' lang='grc' dir='ltr'><strong>γρηγορουσῶν</strong></span> <span class='ocrx_word' id='word_1_124' title='bbox 1754 1767 1863 1822; x_wconf 91' lang='grc' dir='ltr'><strong>τῶν</strong></span> <span class='ocrx_word' id='word_1_125' title='bbox 1879 1766 2007 1821; x_wconf 84' lang='grc' dir='ltr'><strong>θεω-</strong></span> 
     </span>
    </p>
   </div>
   <div class='ocr_carea' id='block_1_21' title="bbox 426 1854 2005 1934">
    <p class='ocr_par' dir='ltr' id='par_1_21' title="bbox 426 1854 2005 1934">
     <span class='ocr_line' id='line_1_21' title="bbox 426 1854 2005 1934; baseline -0.008 -10"><span class='ocrx_word' id='word_1_126' title='bbox 426 1854 665 1924; x_wconf 70' lang='grc' dir='ltr'><strong>ρητικῶν</strong></span> <span class='ocrx_word' id='word_1_127' title='bbox 705 1857 847 1928; x_wconf 78' lang='grc' dir='ltr'><strong>πρὸς</strong></span> <span class='ocrx_word' id='word_1_128' title='bbox 882 1859 982 1932; x_wconf 83' lang='grc' dir='ltr'><strong>τὴν</strong></span> <span class='ocrx_word' id='word_1_129' title='bbox 1005 1861 1105 1932; x_wconf 81' lang='grc' dir='ltr'><strong>τῆς</strong></span> <span class='ocrx_word' id='word_1_130' title='bbox 1128 1861 1386 1934; x_wconf 81' lang='grc' dir='ltr'><strong>ἀληθείας</strong></span> <span class='ocrx_word' id='word_1_131' title='bbox 1404 1860 1710 1933; x_wconf 78' lang='grc' dir='ltr'><strong>κατάληψιν</strong></span> <span class='ocrx_word' id='word_1_132' title='bbox 1736 1876 1752 1893; x_wconf 79' lang='grc' dir='ltr'><strong><em>ο</em></strong></span> <span class='ocrx_word' id='word_1_133' title='bbox 1809 1858 2005 1931; x_wconf 89' lang='grc' dir='ltr'><strong>μύουσι</strong></span> 
     </span>
    </p>
   </div>
   <div class='ocr_carea' id='block_1_22' title="bbox 2174 1033 3690 1095">
    <p class='ocr_par' dir='ltr' id='par_1_22' title="bbox 2174 1033 3690 1095">
     <span class='ocr_line' id='line_1_22' title="bbox 2174 1033 3690 1095; baseline -0.003 0"><span class='ocrx_word' id='word_1_134' title='bbox 2174 1037 2343 1095; x_wconf 71' lang='lat' dir='ltr'><strong>Vsus.</strong></span> <span class='ocrx_word' id='word_1_135' title='bbox 2367 1037 2422 1095; x_wconf 84' lang='grc' dir='ltr'><strong>ι.</strong></span> <span class='ocrx_word' id='word_1_136' title='bbox 2456 1037 2541 1095; x_wconf 86' lang='lat' dir='ltr'><strong>Ne</strong></span> <span class='ocrx_word' id='word_1_137' title='bbox 2557 1038 2649 1095; x_wconf 78' lang='lat' dir='ltr'><strong>des</strong></span> <span class='ocrx_word' id='word_1_138' title='bbox 2688 1055 2930 1094; x_wconf 84' lang='lat' dir='ltr'><strong>somnum</strong></span> <span class='ocrx_word' id='word_1_139' title='bbox 2961 1038 3130 1093; x_wconf 81' lang='lat' dir='ltr'><strong>oculis</strong></span> <span class='ocrx_word' id='word_1_140' title='bbox 3156 1039 3285 1094; x_wconf 86' lang='lat' dir='ltr'><strong>tuis.</strong></span> <span class='ocrx_word' id='word_1_141' title='bbox 3314 1033 3377 1090; x_wconf 82' lang='lat' dir='ltr'><strong>Et</strong></span> <span class='ocrx_word' id='word_1_142' title='bbox 3408 1045 3467 1092; x_wconf 90' lang='lat' dir='ltr'><strong>ut</strong></span> <span class='ocrx_word' id='word_1_143' title='bbox 3486 1035 3690 1091; x_wconf 86' lang='lat' dir='ltr'><strong>verita-</strong></span> 
     </span>
    </p>
   </div>
   <div class='ocr_carea' id='block_1_23' title="bbox 2104 1131 3687 1204">
    <p class='ocr_par' dir='ltr' id='par_1_23' title="bbox 2104 1131 3687 1204">
     <span class='ocr_line' id='line_1_23' title="bbox 2104 1131 3687 1204; baseline -0.002 -17"><span class='ocrx_word' id='word_1_144' title='bbox 2104 1140 2211 1187; x_wconf 93' lang='lat' dir='ltr'><strong>tem</strong></span> <span class='ocrx_word' id='word_1_145' title='bbox 2238 1133 2712 1204; x_wconf 85' lang='lat' dir='ltr'><strong>comprehendere</strong></span> <span class='ocrx_word' id='word_1_146' title='bbox 2732 1133 2936 1203; x_wconf 90' lang='lat' dir='ltr'><strong>possis,</strong></span> <span class='ocrx_word' id='word_1_147' title='bbox 2967 1148 3037 1189; x_wconf 89' lang='lat' dir='ltr'><strong>ne</strong></span> <span class='ocrx_word' id='word_1_148' title='bbox 3065 1133 3165 1188; x_wconf 88' lang='lat' dir='ltr'><strong>des</strong></span> <span class='ocrx_word' id='word_1_149' title='bbox 3203 1132 3257 1187; x_wconf 90' lang='lat' dir='ltr'><strong>in</strong></span> <span class='ocrx_word' id='word_1_150' title='bbox 3291 1131 3489 1198; x_wconf 87' lang='lat' dir='ltr'><strong>spiritu</strong></span> <span class='ocrx_word' id='word_1_151' title='bbox 3532 1146 3687 1187; x_wconf 82' lang='lat' dir='ltr'><strong>som-</strong></span> 
     </span>
    </p>
   </div>
   <div class='ocr_carea' id='block_1_24' title="bbox 2104 1222 3444 1294">
    <p class='ocr_par' dir='ltr' id='par_1_24' title="bbox 2104 1222 3444 1294">
     <span class='ocr_line' id='line_1_24' title="bbox 2104 1222 3444 1294; baseline 0.001 -17"><span class='ocrx_word' id='word_1_152' title='bbox 2104 1238 2238 1278; x_wconf 86' lang='lat' dir='ltr'><strong>num</strong></span> <span class='ocrx_word' id='word_1_153' title='bbox 2265 1224 2504 1294; x_wconf 89' lang='lat' dir='ltr'><strong>torporis</strong></span> <span class='ocrx_word' id='word_1_154' title='bbox 2522 1222 2989 1280; x_wconf 85' lang='lat' dir='ltr'><strong>intellectualibus</strong></span> <span class='ocrx_word' id='word_1_155' title='bbox 3017 1223 3128 1279; x_wconf 85' lang='lat' dir='ltr'><strong>tuis</strong></span> <span class='ocrx_word' id='word_1_156' title='bbox 3161 1222 3444 1294; x_wconf 86' lang='lat' dir='ltr'><strong>potentiis.</strong></span> 
     </span>
    </p>
   </div>
   <div class='ocr_carea' id='block_1_25' title="bbox 2185 1304 3690 1388">
    <p class='ocr_par' dir='ltr' id='par_1_25' title="bbox 2185 1304 3690 1388">
     <span class='ocr_line' id='line_1_25' title="bbox 2185 1304 3690 1388; baseline -0.001 -17"><span class='ocrx_word' id='word_1_157' title='bbox 2185 1315 2266 1373; x_wconf 90' lang='lat' dir='ltr'><strong>Ne</strong></span> <span class='ocrx_word' id='word_1_158' title='bbox 2290 1316 2545 1373; x_wconf 76' lang='lat' dir='ltr'><strong>dormites</strong></span> <span class='ocrx_word' id='word_1_159' title='bbox 2567 1318 2858 1388; x_wconf 78' lang='lat' dir='ltr'><strong>palpebris.</strong></span> <span class='ocrx_word' id='word_1_160' title='bbox 2884 1317 2964 1373; x_wconf 88' lang='lat' dir='ltr'><strong>Ne</strong></span> <span class='ocrx_word' id='word_1_161' title='bbox 2995 1304 3253 1374; x_wconf 83' lang='lat' dir='ltr'><strong>sensibus</strong></span> <span class='ocrx_word' id='word_1_162' title='bbox 3274 1323 3328 1371; x_wconf 90' lang='lat' dir='ltr'><strong>et</strong></span> <span class='ocrx_word' id='word_1_163' title='bbox 3351 1311 3690 1385; x_wconf 86' lang='lat' dir='ltr'><strong>apparentiis</strong></span> 
     </span>
    </p>
   </div>
   <div class='ocr_carea' id='block_1_26' title="bbox 2107 1407 3688 1481">
    <p class='ocr_par' dir='ltr' id='par_1_26' title="bbox 2107 1407 3688 1481">
     <span class='ocr_line' id='line_1_26' title="bbox 2107 1407 3688 1481; baseline -0.003 -19"><span class='ocrx_word' id='word_1_164' title='bbox 2107 1410 2443 1476; x_wconf 84' lang='lat' dir='ltr'><strong>abstractus,</strong></span> <span class='ocrx_word' id='word_1_165' title='bbox 2466 1409 2676 1481; x_wconf 86' lang='lat' dir='ltr'><strong>iniquis</strong></span> <span class='ocrx_word' id='word_1_166' title='bbox 2710 1410 2996 1465; x_wconf 79' lang='lat' dir='ltr'><strong>adhaereas</strong></span> <span class='ocrx_word' id='word_1_167' title='bbox 3057 1407 3350 1465; x_wconf 74' lang='lat' dir='ltr'><strong>sententiis</strong></span> <span class='ocrx_word' id='word_1_168' title='bbox 3379 1421 3475 1478; x_wconf 87' lang='lat' dir='ltr'><strong>per</strong></span> <span class='ocrx_word' id='word_1_169' title='bbox 3492 1413 3688 1477; x_wconf 85' lang='lat' dir='ltr'><strong>poten-</strong></span> 
     </span>
    </p>
   </div>
   <div class='ocr_carea' id='block_1_27' title="bbox 2107 1495 3690 1570">
    <p class='ocr_par' dir='ltr' id='par_1_27' title="bbox 2107 1495 3690 1570">
     <span class='ocr_line' id='line_1_27' title="bbox 2107 1495 3690 1570; baseline -0.003 -16"><span class='ocrx_word' id='word_1_170' title='bbox 2107 1500 2215 1556; x_wconf 86' lang='lat' dir='ltr'><strong>tias</strong></span> <span class='ocrx_word' id='word_1_171' title='bbox 2249 1501 2444 1555; x_wconf 69' lang='lat' dir='ltr'><strong>animas</strong></span> <span class='ocrx_word' id='word_1_172' title='bbox 2471 1507 2578 1556; x_wconf 66' lang='lat' dir='ltr'><strong>tum</strong></span> <span class='ocrx_word' id='word_1_173' title='bbox 2604 1499 3087 1570; x_wconf 86' lang='lat' dir='ltr'><strong>concupiscibiles,</strong></span> <span class='ocrx_word' id='word_1_174' title='bbox 3129 1514 3251 1569; x_wconf 86' lang='lat' dir='ltr'><strong>quae</strong></span> <span class='ocrx_word' id='word_1_175' title='bbox 3289 1513 3401 1553; x_wconf 89' lang='lat' dir='ltr'><strong>non</strong></span> <span class='ocrx_word' id='word_1_176' title='bbox 3432 1495 3690 1568; x_wconf 80' lang='lat' dir='ltr'><strong>vigilent,</strong></span> 
     </span>
    </p>
   </div>
   <div class='ocr_carea' id='block_1_28' title="bbox 2106 1589 3692 1661">
    <p class='ocr_par' dir='ltr' id='par_1_28' title="bbox 2106 1589 3692 1661">
     <span class='ocr_line' id='line_1_28' title="bbox 2106 1589 3692 1661; baseline -0.005 -12"><span class='ocrx_word' id='word_1_177' title='bbox 2106 1601 2167 1649; x_wconf 92' lang='lat' dir='ltr'><strong>ut</strong></span> <span class='ocrx_word' id='word_1_178' title='bbox 2193 1606 2378 1648; x_wconf 88' lang='lat' dir='ltr'><strong>verum</strong></span> <span class='ocrx_word' id='word_1_179' title='bbox 2401 1592 2629 1657; x_wconf 91' lang='lat' dir='ltr'><strong>bonum,</strong></span> <span class='ocrx_word' id='word_1_180' title='bbox 2668 1592 2802 1648; x_wconf 88' lang='lat' dir='ltr'><strong>illud</strong></span> <span class='ocrx_word' id='word_1_181' title='bbox 2836 1592 3025 1647; x_wconf 90' lang='lat' dir='ltr'><strong>labore</strong></span> <span class='ocrx_word' id='word_1_182' title='bbox 3049 1589 3352 1661; x_wconf 85' lang='lat' dir='ltr'><strong>operando,</strong></span> <span class='ocrx_word' id='word_1_183' title='bbox 3386 1603 3692 1658; x_wconf 75' lang='lat' dir='ltr'><strong>assequun-</strong></span> 
     </span>
    </p>
   </div>
   <div class='ocr_carea' id='block_1_29' title="bbox 2107 1681 3698 1755">
    <p class='ocr_par' dir='ltr' id='par_1_29' title="bbox 2107 1681 3698 1755">
     <span class='ocr_line' id='line_1_29' title="bbox 2107 1681 3698 1755; baseline -0.003 -18"><span class='ocrx_word' id='word_1_184' title='bbox 2107 1690 2199 1738; x_wconf 90' lang='lat' dir='ltr'><strong>tur</strong></span> <span class='ocrx_word' id='word_1_185' title='bbox 2231 1700 2244 1737; x_wconf 90' lang='lat'><strong>:</strong></span> <span class='ocrx_word' id='word_1_186' title='bbox 2289 1698 2433 1754; x_wconf 66' lang='lat' dir='ltr'><strong>qua.</strong></span> <span class='ocrx_word' id='word_1_187' title='bbox 2467 1685 2628 1755; x_wconf 89' lang='lat' dir='ltr'><strong>quasi</strong></span> <span class='ocrx_word' id='word_1_188' title='bbox 2660 1684 2937 1755; x_wconf 71' lang='lat' dir='ltr'><strong>palpebrae</strong></span> <span class='ocrx_word' id='word_1_189' title='bbox 2958 1682 3027 1738; x_wconf 92' lang='lat' dir='ltr'><strong>ad</strong></span> <span class='ocrx_word' id='word_1_190' title='bbox 3076 1683 3283 1739; x_wconf 90' lang='lat' dir='ltr'><strong>bonum</strong></span> <span class='ocrx_word' id='word_1_191' title='bbox 3337 1681 3698 1753; x_wconf 73' lang='lat' dir='ltr'><strong>aperiuntur,</strong></span> 
     </span>
    </p>
   </div>
   <div class='ocr_carea' id='block_1_30' title="bbox 2107 1773 3697 1845">
    <p class='ocr_par' dir='ltr' id='par_1_30' title="bbox 2107 1773 3697 1845">
     <span class='ocr_line' id='line_1_30' title="bbox 2107 1773 3697 1845; baseline -0.002 -15"><span class='ocrx_word' id='word_1_192' title='bbox 2107 1789 2234 1832; x_wconf 91' lang='lat' dir='ltr'><strong>cum</strong></span> <span class='ocrx_word' id='word_1_193' title='bbox 2274 1773 2533 1845; x_wconf 71' lang='lat' dir='ltr'><strong>potentiae</strong></span> <span class='ocrx_word' id='word_1_194' title='bbox 2569 1774 2973 1832; x_wconf 87' lang='lat' dir='ltr'><strong>intellectuales</strong></span> <span class='ocrx_word' id='word_1_195' title='bbox 3013 1774 3083 1831; x_wconf 92' lang='lat' dir='ltr'><strong>ad</strong></span> <span class='ocrx_word' id='word_1_196' title='bbox 3132 1774 3385 1830; x_wconf 81' lang='lat' dir='ltr'><strong>veritatis</strong></span> <span class='ocrx_word' id='word_1_197' title='bbox 3438 1785 3697 1842; x_wconf 82' lang='lat' dir='ltr'><strong>compre—</strong></span> 
     </span>
    </p>
   </div>
   <div class='ocr_carea' id='block_1_31' title="bbox 2107 1866 3697 1940">
    <p class='ocr_par' dir='ltr' id='par_1_31' title="bbox 2107 1866 3697 1940">
     <span class='ocr_line' id='line_1_31' title="bbox 2107 1866 3697 1940; baseline -0.001 -17"><span class='ocrx_word' id='word_1_198' title='bbox 2107 1867 2432 1924; x_wconf 82' lang='lat' dir='ltr'><strong>hensionem</strong></span> <span class='ocrx_word' id='word_1_199' title='bbox 2456 1869 2722 1940; x_wconf 78' lang='lat' dir='ltr'><strong>vigilant:</strong></span> <span class='ocrx_word' id='word_1_200' title='bbox 2751 1870 3090 1926; x_wconf 89' lang='lat' dir='ltr'><strong>clauduntur</strong></span> <span class='ocrx_word' id='word_1_201' title='bbox 3123 1885 3277 1934; x_wconf 87' lang='lat' dir='ltr'><strong>vero,</strong></span> <span class='ocrx_word' id='word_1_202' title='bbox 3335 1883 3460 1925; x_wconf 92' lang='lat' dir='ltr'><strong>cum</strong></span> <span class='ocrx_word' id='word_1_203' title='bbox 3488 1866 3554 1921; x_wconf 90' lang='lat' dir='ltr'><strong>ad</strong></span> <span class='ocrx_word' id='word_1_204' title='bbox 3571 1881 3697 1921; x_wconf 86' lang='lat' dir='ltr'><strong>eam</strong></span> 
     </span>
    </p>
   </div>
   <div class='ocr_carea' id='block_1_32' title="bbox 420 1921 2014 2032">
    <p class='ocr_par' dir='ltr' id='par_1_32' title="bbox 420 1921 2007 2025">
     <span class='ocr_line' id='line_1_32' title="bbox 420 1921 2007 2025; baseline 0.004 -28"><span class='ocrx_word' id='word_1_205' title='bbox 420 1921 491 1997; x_wconf 30' lang='grc' dir='ltr'><strong>δὲ-</strong></span> <span class='ocrx_word' id='word_1_206' title='bbox 514 1946 645 2019; x_wconf 75' lang='grc' dir='ltr'><strong>πρὸς</strong></span> <span class='ocrx_word' id='word_1_207' title='bbox 678 1921 836 2015; x_wconf 77' lang='grc' dir='ltr'><strong>αὐτὸ,</strong></span> <span class='ocrx_word' id='word_1_208' title='bbox 865 1921 1232 2023; x_wconf 72' lang='grc' dir='ltr'><strong>ῥᾳθυμουσῶν</strong></span> <span class='ocrx_word' id='word_1_209' title='bbox 1259 1921 1396 2025; x_wconf 75' lang='grc' dir='ltr'><strong>πρὸς</strong></span> <span class='ocrx_word' id='word_1_210' title='bbox 1431 1921 1651 2024; x_wconf 58' lang='grc' dir='ltr'><strong>αὐτήνζ</strong></span> <span class='ocrx_word' id='word_1_211' title='bbox 1706 1921 2007 2006; x_wconf 66' lang='grc' dir='ltr'><strong>κάντεῦθεν</strong></span> 
     </span>
    </p>
   </div>
   <div class='ocr_carea' id='block_1_33' title="bbox 2138 1921 3695 2032">
    <p class='ocr_par' dir='ltr' id='par_1_33' title="bbox 2138 1921 3695 2032">
     <span class='ocr_line' id='line_1_33' title="bbox 2138 1921 3695 2032; baseline -0.003 -17"><span class='ocrx_word' id='word_1_212' title='bbox 2138 1966 2365 2032; x_wconf 84' lang='lat' dir='ltr'><strong>orpent;</strong></span> <span class='ocrx_word' id='word_1_213' title='bbox 2420 1970 2476 2017; x_wconf 91' lang='lat' dir='ltr'><strong>et</strong></span> <span class='ocrx_word' id='word_1_214' title='bbox 2501 1921 2650 2026; x_wconf 59' lang='lat' dir='ltr'><strong>inde,</strong></span> <span class='ocrx_word' id='word_1_215' title='bbox 2698 1961 2790 2016; x_wconf 89' lang='lat' dir='ltr'><strong>lux</strong></span> <span class='ocrx_word' id='word_1_216' title='bbox 2824 1961 2959 2017; x_wconf 90' lang='lat' dir='ltr'><strong>solis</strong></span> <span class='ocrx_word' id='word_1_217' title='bbox 2987 1960 3220 2032; x_wconf 62' lang='lat' dir='ltr'><strong>iustitia:</strong></span> <span class='ocrx_word' id='word_1_218' title='bbox 3253 1959 3322 2016; x_wconf 90' lang='lat' dir='ltr'><strong>ab</strong></span> <span class='ocrx_word' id='word_1_219' title='bbox 3357 1958 3475 2015; x_wconf 80' lang='lat' dir='ltr'><strong>illis</strong></span> <span class='ocrx_word' id='word_1_220' title='bbox 3531 1956 3695 2025; x_wconf 72' lang='lat' dir='ltr'><strong>longe</strong></span> 
     </span>
    </p>
   </div>
   <div class='ocr_carea' id='block_1_34' title="bbox 422 2038 2010 2119">
    <p class='ocr_par' dir='ltr' id='par_1_34' title="bbox 422 2038 2010 2119">
     <span class='ocr_line' id='line_1_34' title="bbox 422 2038 2010 2119; baseline 0.005 -29"><span class='ocrx_word' id='word_1_221' title='bbox 422 2039 484 2090; x_wconf 76' lang='grc' dir='ltr'><strong>τὸ</strong></span> <span class='ocrx_word' id='word_1_222' title='bbox 514 2038 632 2106; x_wconf 82' lang='grc' dir='ltr'><strong>φῶς</strong></span> <span class='ocrx_word' id='word_1_223' title='bbox 666 2039 766 2096; x_wconf 78' lang='grc' dir='ltr'><strong>τοῦ</strong></span> <span class='ocrx_word' id='word_1_224' title='bbox 788 2042 896 2114; x_wconf 83' lang='grc' dir='ltr'><strong>τῆς</strong></span> <span class='ocrx_word' id='word_1_225' title='bbox 940 2043 1289 2119; x_wconf 80' lang='grc' dir='ltr'><strong>δικαιοσύνης</strong></span> <span class='ocrx_word' id='word_1_226' title='bbox 1311 2046 1492 2118; x_wconf 70' lang='grc' dir='ltr'><strong>,ἡλίου</strong></span> <span class='ocrx_word' id='word_1_227' title='bbox 1531 2046 1761 2110; x_wconf 84' lang='grc' dir='ltr'><strong>ταύταις</strong></span> <span class='ocrx_word' id='word_1_228' title='bbox 1808 2043 2010 2100; x_wconf 87' lang='grc' dir='ltr'><strong>διατει-</strong></span> 
     </span>
    </p>
   </div>
   <div class='ocr_carea' id='block_1_35' title="bbox 422 2122 1621 2205">
    <p class='ocr_par' dir='ltr' id='par_1_35' title="bbox 422 2122 1621 2205">
     <span class='ocr_line' id='line_1_35' title="bbox 422 2122 1621 2205; baseline 0.006 -21"><span class='ocrx_word' id='word_1_229' title='bbox 422 2133 689 2205; x_wconf 75' lang='grc' dir='ltr'><strong>χίζουσιν.</strong></span> <span class='ocrx_word' id='word_1_230' title='bbox 1618 2122 1621 2129; x_wconf 58' lang='grc'><em>’</em></span> 
     </span>
    </p>
   </div>
   <div class='ocr_carea' id='block_1_36' title="bbox 493 2223 2007 2302">
    <p class='ocr_par' dir='ltr' id='par_1_36' title="bbox 493 2223 2007 2302">
     <span class='ocr_line' id='line_1_36' title="bbox 493 2223 2007 2302; baseline 0.003 -23"><span class='ocrx_word' id='word_1_231' title='bbox 493 2223 555 2281; x_wconf 83' lang='lat' dir='ltr'><strong>s&#39;.</strong></span> <span class='ocrx_word' id='word_1_232' title='bbox 599 2227 732 2283; x_wconf 84' lang='grc' dir='ltr'><strong>Ἵνα</strong></span> <span class='ocrx_word' id='word_1_233' title='bbox 778 2228 951 2300; x_wconf 78' lang='grc' dir='ltr'><strong>σώζῃ.</strong></span> <span class='ocrx_word' id='word_1_234' title='bbox 981 2230 1186 2301; x_wconf 83' lang='grc' dir='ltr'><strong>ὥσπερ</strong></span> <span class='ocrx_word' id='word_1_235' title='bbox 1232 2231 1453 2302; x_wconf 80' lang='grc' dir='ltr'><strong>δορκὰς</strong></span> <span class='ocrx_word' id='word_1_236' title='bbox 1492 2232 1562 2287; x_wconf 77' lang='grc' dir='ltr'><strong>ἐκ</strong></span> <span class='ocrx_word' id='word_1_237' title='bbox 1602 2231 1868 2301; x_wconf 75' lang='grc' dir='ltr'><strong>βρόχων,</strong></span> <span class='ocrx_word' id='word_1_238' title='bbox 1906 2228 2007 2284; x_wconf 80' lang='grc' dir='ltr'><strong>καί</strong></span> 
     </span>
    </p>
   </div>
   <div class='ocr_carea' id='block_1_37' title="bbox 419 2313 2007 2392">
    <p class='ocr_par' dir='ltr' id='par_1_37' title="bbox 419 2313 2007 2392">
     <span class='ocr_line' id='line_1_37' title="bbox 419 2313 2007 2392; baseline 0.001 -22"><span class='ocrx_word' id='word_1_239' title='bbox 419 2313 626 2385; x_wconf 79' lang='grc' dir='ltr'><strong>ὥσπερ</strong></span> <span class='ocrx_word' id='word_1_240' title='bbox 661 2319 872 2389; x_wconf 84' lang='grc' dir='ltr'><strong>ὄρνεον</strong></span> <span class='ocrx_word' id='word_1_241' title='bbox 898 2322 968 2376; x_wconf 79' lang='grc' dir='ltr'><strong>ἐκ</strong></span> <span class='ocrx_word' id='word_1_242' title='bbox 1007 2321 1281 2392; x_wconf 78' lang='grc' dir='ltr'><strong>παγίδος.</strong></span> <span class='ocrx_word' id='word_1_243' title='bbox 1331 2321 1488 2377; x_wconf 80' lang='grc' dir='ltr'><strong>Οὕτω</strong></span> <span class='ocrx_word' id='word_1_244' title='bbox 1517 2322 1575 2377; x_wconf 77' lang='grc' dir='ltr'><strong>δέ</strong></span> <span class='ocrx_word' id='word_1_245' title='bbox 1610 2338 1669 2376; x_wconf 81' lang='grc' dir='ltr'><strong>σε</strong></span> <span class='ocrx_word' id='word_1_246' title='bbox 1702 2318 2007 2375; x_wconf 81' lang='grc' dir='ltr'><strong>διακεῖσθαι</strong></span> 
     </span>
    </p>
   </div>
   <div class='ocr_carea' id='block_1_38' title="bbox 424 2409 2039 2487">
    <p class='ocr_par' dir='ltr' id='par_1_38' title="bbox 424 2409 2039 2487">
     <span class='ocr_line' id='line_1_38' title="bbox 424 2409 2039 2487; baseline 0 -23"><span class='ocrx_word' id='word_1_247' title='bbox 424 2409 812 2482; x_wconf 79' lang='grc' dir='ltr'><strong>διακελεύομαι</strong></span> <span class='ocrx_word' id='word_1_248' title='bbox 884 2414 1034 2478; x_wconf 84' lang='grc' dir='ltr'><strong>ὅπως</strong></span> <span class='ocrx_word' id='word_1_249' title='bbox 1088 2414 1334 2487; x_wconf 76' lang='grc' dir='ltr'><strong>φυλάττῃ</strong></span> <span class='ocrx_word' id='word_1_250' title='bbox 1398 2414 1510 2469; x_wconf 86' lang='grc' dir='ltr'><strong>τῶν</strong></span> <span class='ocrx_word' id='word_1_251' title='bbox 1573 2411 2039 2483; x_wconf 61' lang='grc' dir='ltr'><strong>ποικιλοτρόπωνν</strong></span> 
     </span>
    </p>
   </div>
   <div class='ocr_carea' id='block_1_39' title="bbox 426 2499 2004 2578">
    <p class='ocr_par' dir='ltr' id='par_1_39' title="bbox 426 2499 2004 2578">
     <span class='ocr_line' id='line_1_39' title="bbox 426 2499 2004 2578; baseline 0.001 -24"><span class='ocrx_word' id='word_1_252' title='bbox 426 2502 804 2574; x_wconf 88' lang='grc' dir='ltr'><strong>ἀγρευτηρίων</strong></span> <span class='ocrx_word' id='word_1_253' title='bbox 826 2502 920 2558; x_wconf 79' lang='grc' dir='ltr'><strong>τοῦ</strong></span> <span class='ocrx_word' id='word_1_254' title='bbox 943 2507 1255 2578; x_wconf 80' lang='grc' dir='ltr'><strong>ἀρχεκάκου</strong></span> <span class='ocrx_word' id='word_1_255' title='bbox 1282 2504 1477 2577; x_wconf 76' lang='grc' dir='ltr'><strong>ἐχθροῦ</strong></span> <span class='ocrx_word' id='word_1_256' title='bbox 1497 2499 1612 2559; x_wconf 71' lang='grc' dir='ltr'><strong>ὀἶα</strong></span> <span class='ocrx_word' id='word_1_257' title='bbox 1642 2504 1740 2575; x_wconf 83' lang='grc' dir='ltr'><strong>μέν</strong></span> <span class='ocrx_word' id='word_1_258' title='bbox 1765 2519 1849 2567; x_wconf 85' lang='grc' dir='ltr'><strong>τις</strong></span> <span class='ocrx_word' id='word_1_259' title='bbox 1881 2499 2004 2569; x_wconf 82' lang='grc' dir='ltr'><strong>ὀξυ-</strong></span> 
     </span>
    </p>
   </div>
   <div class='ocr_carea' id='block_1_40' title="bbox 424 2590 2010 2666">
    <p class='ocr_par' dir='ltr' id='par_1_40' title="bbox 424 2590 2010 2666">
     <span class='ocr_line' id='line_1_40' title="bbox 424 2590 2010 2666; baseline -0.001 -19"><span class='ocrx_word' id='word_1_260' title='bbox 424 2592 624 2662; x_wconf 88' lang='grc' dir='ltr'><strong>δρόμος</strong></span> <span class='ocrx_word' id='word_1_261' title='bbox 649 2593 744 2646; x_wconf 61' lang='grc' dir='ltr'><strong>καὶ¹</strong></span> <span class='ocrx_word' id='word_1_262' title='bbox 775 2593 1121 2666; x_wconf 82' lang='grc' dir='ltr'><strong>ἀλτικωτάτη</strong></span> <span class='ocrx_word' id='word_1_263' title='bbox 1159 2593 1382 2666; x_wconf 83' lang='grc' dir='ltr'><strong>δορκάς,</strong></span> <span class='ocrx_word' id='word_1_264' title='bbox 1435 2590 1774 2666; x_wconf 84' lang='grc' dir='ltr'><strong>ὑπερπηδῶν</strong></span> <span class='ocrx_word' id='word_1_265' title='bbox 1835 2590 2010 2645; x_wconf 81' lang='grc' dir='ltr'><strong>ταῦτα</strong></span> 
     </span>
    </p>
   </div>
   <div class='ocr_carea' id='block_1_41' title="bbox 424 2680 2007 2759">
    <p class='ocr_par' dir='ltr' id='par_1_41' title="bbox 424 2680 2007 2759">
     <span class='ocr_line' id='line_1_41' title="bbox 424 2680 2007 2759; baseline -0.003 -20"><span class='ocrx_word' id='word_1_266' title='bbox 424 2684 546 2739; x_wconf 83' lang='grc' dir='ltr'><strong>κατ’</strong></span> <span class='ocrx_word' id='word_1_267' title='bbox 568 2685 789 2756; x_wconf 86' lang='grc' dir='ltr'><strong>ἀρετήν·</strong></span> <span class='ocrx_word' id='word_1_268' title='bbox 810 2681 896 2740; x_wconf 72' lang='grc' dir='ltr'><strong>οἷα</strong></span> <span class='ocrx_word' id='word_1_269' title='bbox 919 2686 979 2742; x_wconf 84' lang='grc' dir='ltr'><strong>δέ</strong></span> <span class='ocrx_word' id='word_1_270' title='bbox 995 2703 1049 2741; x_wconf 87' lang='grc' dir='ltr'><strong>τι</strong></span> <span class='ocrx_word' id='word_1_271' title='bbox 1066 2684 1374 2759; x_wconf 85' lang='grc' dir='ltr'><strong>ἀεροπόρον</strong></span> <span class='ocrx_word' id='word_1_272' title='bbox 1395 2687 1493 2740; x_wconf 79' lang='grc' dir='ltr'><strong>καὶ</strong></span> <span class='ocrx_word' id='word_1_273' title='bbox 1510 2680 1770 2756; x_wconf 71' lang='grc' dir='ltr'><strong>ὐψιπετὶς</strong></span> <span class='ocrx_word' id='word_1_274' title='bbox 1785 2681 2007 2752; x_wconf 79' lang='grc' dir='ltr'><strong>πτηνὸν,</strong></span> 
     </span>
    </p>
   </div>
   <div class='ocr_carea' id='block_1_42' title="bbox 424 2776 1459 2849">
    <p class='ocr_par' dir='ltr' id='par_1_42' title="bbox 424 2776 1459 2849">
     <span class='ocr_line' id='line_1_42' title="bbox 424 2776 1459 2849; baseline 0.006 -20"><span class='ocrx_word' id='word_1_275' title='bbox 424 2776 870 2849; x_wconf 82' lang='grc' dir='ltr'><strong>ὐπεριπτάμενος</strong></span> <span class='ocrx_word' id='word_1_276' title='bbox 896 2778 1036 2834; x_wconf 83' lang='grc' dir='ltr'><strong>αὑτά</strong></span> <span class='ocrx_word' id='word_1_277' title='bbox 1071 2779 1213 2835; x_wconf 86' lang='grc' dir='ltr'><strong>κατά</strong></span> <span class='ocrx_word' id='word_1_278' title='bbox 1236 2779 1459 2847; x_wconf 88' lang='grc' dir='ltr'><strong>γνῶσιν.</strong></span> 
     </span>
    </p>
   </div>
   <div class='ocr_carea' id='block_1_43' title="bbox 493 2864 2010 2944">
    <p class='ocr_par' dir='ltr' id='par_1_43' title="bbox 493 2864 2010 2944">
     <span class='ocr_line' id='line_1_43' title="bbox 493 2864 2010 2944; baseline -0.002 -19"><span class='ocrx_word' id='word_1_279' title='bbox 493 2875 569 2935; x_wconf 83' lang='grc' dir='ltr'><strong>ς’.</strong></span> <span class='ocrx_word' id='word_1_280' title='bbox 594 2866 713 2924; x_wconf 81' lang='grc' dir='ltr'><strong>Ἰθι</strong></span> <span class='ocrx_word' id='word_1_281' title='bbox 740 2870 890 2939; x_wconf 82' lang='grc' dir='ltr'><strong>πρὸς</strong></span> <span class='ocrx_word' id='word_1_282' title='bbox 918 2870 1027 2925; x_wconf 82' lang='grc' dir='ltr'><strong>τὸν</strong></span> <span class='ocrx_word' id='word_1_283' title='bbox 1057 2872 1364 2944; x_wconf 83' lang='grc' dir='ltr'><strong>μύρμηκα,</strong></span> <span class='ocrx_word' id='word_1_284' title='bbox 1413 2864 1461 2925; x_wconf 84' lang='grc' dir='ltr'><strong>ὦ</strong></span> <span class='ocrx_word' id='word_1_285' title='bbox 1486 2869 1710 2940; x_wconf 80' lang='grc' dir='ltr'><strong>ὀκνηρέ</strong></span> <span class='ocrx_word' id='word_1_286' title='bbox 1734 2884 1751 2901; x_wconf 77' lang='grc' dir='ltr'><strong>ο</strong></span> <span class='ocrx_word' id='word_1_287' title='bbox 1787 2867 1885 2923; x_wconf 78' lang='grc' dir='ltr'><strong>καὶ</strong></span> <span class='ocrx_word' id='word_1_288' title='bbox 1914 2866 2010 2937; x_wconf 67' lang='grc' dir='ltr'><strong>ζῆ-</strong></span> 
     </span>
    </p>
   </div>
   <div class='ocr_carea' id='block_1_44' title="bbox 422 2960 2011 3035">
    <p class='ocr_par' dir='ltr' id='par_1_44' title="bbox 422 2960 2011 3035">
     <span class='ocr_line' id='line_1_44' title="bbox 422 2960 2011 3035; baseline 0.001 -22"><span class='ocrx_word' id='word_1_289' title='bbox 422 2961 635 3014; x_wconf 78' lang='grc' dir='ltr'><strong>λωσον</strong></span> <span class='ocrx_word' id='word_1_290' title='bbox 678 2961 789 3028; x_wconf 80' lang='grc' dir='ltr'><strong>τὰς</strong></span> <span class='ocrx_word' id='word_1_291' title='bbox 827 2960 1009 3030; x_wconf 82' lang='grc' dir='ltr'><strong>ὀδοὺς</strong></span> <span class='ocrx_word' id='word_1_292' title='bbox 1095 2963 1307 3019; x_wconf 83' lang='grc' dir='ltr'><strong>αὑτοῦ.</strong></span> <span class='ocrx_word' id='word_1_293' title='bbox 1379 2961 1689 3016; x_wconf 77' lang='grc' dir='ltr'><strong>Ἀπὸδλεπε</strong></span> <span class='ocrx_word' id='word_1_294' title='bbox 1768 2962 1906 3035; x_wconf 82' lang='grc' dir='ltr'><strong>πρδς</strong></span> <span class='ocrx_word' id='word_1_295' title='bbox 1951 2962 2011 3016; x_wconf 77' lang='grc' dir='ltr'><strong>τὸ</strong></span> 
     </span>
    </p>
   </div>
   <div class='ocr_carea' id='block_1_45' title="bbox 424 3048 2014 3127">
    <p class='ocr_par' dir='ltr' id='par_1_45' title="bbox 424 3048 2014 3127">
     <span class='ocr_line' id='line_1_45' title="bbox 424 3048 2014 3127; baseline 0.001 -24"><span class='ocrx_word' id='word_1_296' title='bbox 424 3050 813 3106; x_wconf 69' lang='grc' dir='ltr'><strong>εὐτελέστατον</strong></span> <span class='ocrx_word' id='word_1_297' title='bbox 864 3052 1027 3122; x_wconf 80' lang='grc' dir='ltr'><strong>ζῶον,</strong></span> <span class='ocrx_word' id='word_1_298' title='bbox 1057 3055 1152 3108; x_wconf 75' lang='grc' dir='ltr'><strong>τδν</strong></span> <span class='ocrx_word' id='word_1_299' title='bbox 1182 3054 1473 3127; x_wconf 85' lang='grc' dir='ltr'><strong>μύρμηκα,</strong></span> <span class='ocrx_word' id='word_1_300' title='bbox 1508 3048 1554 3108; x_wconf 78' lang='grc' dir='ltr'>ὦ</span> <span class='ocrx_word' id='word_1_301' title='bbox 1596 3052 1811 3126; x_wconf 80' lang='grc' dir='ltr'><strong>ῥᾲθυμε</strong></span> <span class='ocrx_word' id='word_1_302' title='bbox 1834 3068 1850 3086; x_wconf 87' lang='grc'><strong>·</strong></span> <span class='ocrx_word' id='word_1_303' title='bbox 1918 3052 2014 3106; x_wconf 75' lang='grc' dir='ltr'><strong>καὶ</strong></span> 
     </span>
    </p>
   </div>
   <div class='ocr_carea' id='block_1_46' title="bbox 424 3140 2016 3219">
    <p class='ocr_par' dir='ltr' id='par_1_46' title="bbox 424 3140 2016 3219">
     <span class='ocr_line' id='line_1_46' title="bbox 424 3140 2016 3219; baseline 0 -22"><span class='ocrx_word' id='word_1_304' title='bbox 424 3140 712 3212; x_wconf 79' lang='grc' dir='ltr'><strong>γινώσκων</strong></span> <span class='ocrx_word' id='word_1_305' title='bbox 740 3144 840 3208; x_wconf 83' lang='grc' dir='ltr'><strong>τὰς</strong></span> <span class='ocrx_word' id='word_1_306' title='bbox 862 3145 1101 3215; x_wconf 79' lang='grc' dir='ltr'><strong>φυσικάς</strong></span> <span class='ocrx_word' id='word_1_307' title='bbox 1128 3145 1395 3219; x_wconf 68' lang='grc' dir='ltr'><strong>ἐργασίας</strong></span> <span class='ocrx_word' id='word_1_308' title='bbox 1416 3144 1606 3213; x_wconf 78' lang='grc' dir='ltr'><strong>αὐτοῦ,</strong></span> <span class='ocrx_word' id='word_1_309' title='bbox 1637 3141 2016 3219; x_wconf 83' lang='grc' dir='ltr'><strong>μίμησαιταύ-</strong></span> 
     </span>
    </p>
   </div>
   <div class='ocr_carea' id='block_1_47' title="bbox 425 3237 1074 3322">
    <p class='ocr_par' dir='ltr' id='par_1_47' title="bbox 425 3237 1074 3322">
     <span class='ocr_line' id='line_1_47' title="bbox 425 3237 1074 3322; baseline 0.009 -34"><span class='ocrx_word' id='word_1_310' title='bbox 425 3250 547 3322; x_wconf 59' lang='grc' dir='ltr'><strong>τας.</strong></span> <span class='ocrx_word' id='word_1_311' title='bbox 556 3238 697 3291; x_wconf 86' lang='grc' dir='ltr'><strong>κατά</strong></span> <span class='ocrx_word' id='word_1_312' title='bbox 727 3237 1074 3309; x_wconf 86' lang='grc' dir='ltr'><strong>προαίρεσιν.</strong></span> 
     </span>
    </p>
   </div>
   <div class='ocr_carea' id='block_1_48' title="bbox 496 3325 2010 3400">
    <p class='ocr_par' dir='ltr' id='par_1_48' title="bbox 496 3325 2010 3400">
     <span class='ocr_line' id='line_1_48' title="bbox 496 3325 2010 3400; baseline 0.001 -20"><span class='ocrx_word' id='word_1_313' title='bbox 496 3326 608 3382; x_wconf 75' lang='grc' dir='ltr'><strong>Καὶ</strong></span> <span class='ocrx_word' id='word_1_314' title='bbox 638 3328 819 3397; x_wconf 71' lang='grc' dir='ltr'><strong>γενοῦ</strong></span> <span class='ocrx_word' id='word_1_315' title='bbox 843 3329 1083 3385; x_wconf 77' lang='grc' dir='ltr'><strong>ἐκείνου</strong></span> <span class='ocrx_word' id='word_1_316' title='bbox 1112 3328 1474 3400; x_wconf 69' lang='grc' dir='ltr'><strong>σοφώτερος.</strong></span> <span class='ocrx_word' id='word_1_317' title='bbox 1508 3330 1619 3383; x_wconf 73' lang='grc' dir='ltr'><strong>Καὶ</strong></span> <span class='ocrx_word' id='word_1_318' title='bbox 1650 3325 1743 3384; x_wconf 72' lang='grc' dir='ltr'><strong>οἷα</strong></span> <span class='ocrx_word' id='word_1_319' title='bbox 1769 3327 2010 3398; x_wconf 77' lang='grc' dir='ltr'><strong>λογικὸς,</strong></span> 
     </span>
    </p>
   </div>
   <div class='ocr_carea' id='block_1_49' title="bbox 425 3418 2015 3490">
    <p class='ocr_par' dir='ltr' id='par_1_49' title="bbox 425 3418 2015 3490">
     <span class='ocr_line' id='line_1_49' title="bbox 425 3418 2015 3490; baseline 0.001 -21"><span class='ocrx_word' id='word_1_320' title='bbox 425 3418 656 3489; x_wconf 89' lang='grc' dir='ltr'><strong>νίκησον</strong></span> <span class='ocrx_word' id='word_1_321' title='bbox 685 3419 785 3490; x_wconf 80' lang='grc' dir='ltr'><strong>τὴν</strong></span> <span class='ocrx_word' id='word_1_322' title='bbox 815 3421 945 3490; x_wconf 75' lang='grc' dir='ltr'><strong>περὶ</strong></span> <span class='ocrx_word' id='word_1_323' title='bbox 994 3421 1064 3475; x_wconf 89' lang='grc' dir='ltr'><strong>τά</strong></span> <span class='ocrx_word' id='word_1_324' title='bbox 1115 3420 1410 3490; x_wconf 87' lang='grc' dir='ltr'><strong>σωματικά</strong></span> <span class='ocrx_word' id='word_1_325' title='bbox 1468 3419 1663 3489; x_wconf 86' lang='grc' dir='ltr'><strong>σοφίαν</strong></span> <span class='ocrx_word' id='word_1_326' title='bbox 1719 3419 1909 3484; x_wconf 81' lang='grc' dir='ltr'><strong>αὑτοῦ,</strong></span> <span class='ocrx_word' id='word_1_327' title='bbox 1957 3419 2015 3471; x_wconf 72' lang='grc' dir='ltr'><strong>ὲν</strong></span> 
     </span>
    </p>
   </div>
   <div class='ocr_carea' id='block_1_50' title="bbox 426 3510 1764 3582">
    <p class='ocr_par' dir='ltr' id='par_1_50' title="bbox 426 3510 1764 3582">
     <span class='ocr_line' id='line_1_50' title="bbox 426 3510 1764 3582; baseline 0.001 -20"><span class='ocrx_word' id='word_1_328' title='bbox 426 3510 544 3573; x_wconf 79' lang='grc' dir='ltr'><strong>τοῖς</strong></span> <span class='ocrx_word' id='word_1_329' title='bbox 585 3512 976 3580; x_wconf 75' lang='grc' dir='ltr'><strong>πνευματικοῖς</strong></span> <span class='ocrx_word' id='word_1_330' title='bbox 1005 3510 1453 3582; x_wconf 70' lang='grc' dir='ltr'><strong>ἐπιδεικνύμενος</strong></span> <span class='ocrx_word' id='word_1_331' title='bbox 1484 3511 1546 3564; x_wconf 83' lang='grc' dir='ltr'><strong>τὸ</strong></span> <span class='ocrx_word' id='word_1_332' title='bbox 1576 3511 1764 3580; x_wconf 78' lang='grc' dir='ltr'><strong>σοφόν.</strong></span> 
     </span>
    </p>
   </div>
   <div class='ocr_carea' id='block_1_51' title="bbox 500 3600 2015 3674">
    <p class='ocr_par' dir='ltr' id='par_1_51' title="bbox 500 3600 2015 3674">
     <span class='ocr_line' id='line_1_51' title="bbox 500 3600 2015 3674; baseline -0.001 -17"><span class='ocrx_word' id='word_1_333' title='bbox 500 3600 567 3667; x_wconf 78' lang='grc' dir='ltr'><strong>ζ’.</strong></span> <span class='ocrx_word' id='word_1_334' title='bbox 608 3600 872 3669; x_wconf 81' lang='grc' dir='ltr'><strong>Ἐκεῖνος</strong></span> <span class='ocrx_word' id='word_1_335' title='bbox 899 3603 1012 3674; x_wconf 70' lang='grc' dir='ltr'><strong>γὰρ</strong></span> <span class='ocrx_word' id='word_1_336' title='bbox 1044 3603 1331 3673; x_wconf 75' lang='grc' dir='ltr'><strong>γεωργίου</strong></span> <span class='ocrx_word' id='word_1_337' title='bbox 1377 3603 1463 3673; x_wconf 81' lang='grc' dir='ltr'><strong>μὴ</strong></span> <span class='ocrx_word' id='word_1_338' title='bbox 1493 3602 1897 3671; x_wconf 82' lang='grc' dir='ltr'><strong>ὑπάρχοντος.</strong></span> <span class='ocrx_word' id='word_1_339' title='bbox 1954 3600 2015 3655; x_wconf 90' lang='grc' dir='ltr'>Ὃ</span> 
     </span>
    </p>
   </div>
   <div class='ocr_carea' id='block_1_52' title="bbox 427 3692 2015 3766">
    <p class='ocr_par' dir='ltr' id='par_1_52' title="bbox 427 3692 2015 3766">
     <span class='ocr_line' id='line_1_52' title="bbox 427 3692 2015 3766; baseline 0.001 -20"><span class='ocrx_word' id='word_1_340' title='bbox 427 3692 671 3756; x_wconf 80' lang='grc' dir='ltr'><strong>τοιοῦτος</strong></span> <span class='ocrx_word' id='word_1_341' title='bbox 703 3693 812 3766; x_wconf 83' lang='grc' dir='ltr'><strong>γὰρ</strong></span> <span class='ocrx_word' id='word_1_342' title='bbox 873 3694 949 3765; x_wconf 83' lang='grc' dir='ltr'><strong>μὴ</strong></span> <span class='ocrx_word' id='word_1_343' title='bbox 983 3693 1233 3766; x_wconf 83' lang='grc' dir='ltr'><strong>εὐπορῶν</strong></span> <span class='ocrx_word' id='word_1_344' title='bbox 1275 3711 1422 3758; x_wconf 90' lang='grc' dir='ltr'><strong>τινος</strong></span> <span class='ocrx_word' id='word_1_345' title='bbox 1453 3696 1728 3764; x_wconf 81' lang='grc' dir='ltr'><strong>γεωργίου</strong></span> <span class='ocrx_word' id='word_1_346' title='bbox 1770 3694 1835 3749; x_wconf 68' lang='grc' dir='ltr'><strong>ἐκ</strong></span> <span class='ocrx_word' id='word_1_347' title='bbox 1880 3695 2015 3748; x_wconf 79' lang='grc' dir='ltr'><strong>σπόο</strong></span> 
     </span>
    </p>
   </div>
   <div class='ocr_carea' id='block_1_53' title="bbox 433 3781 1730 3855">
    <p class='ocr_par' dir='ltr' id='par_1_53' title="bbox 433 3781 1730 3855">
     <span class='ocr_line' id='line_1_53' title="bbox 433 3781 1730 3855; baseline 0.002 -21"><span class='ocrx_word' id='word_1_348' title='bbox 433 3798 530 3851; x_wconf 91' lang='grc' dir='ltr'><strong>ρου</strong></span> <span class='ocrx_word' id='word_1_349' title='bbox 561 3781 1155 3853; x_wconf 80' lang='grc' dir='ltr'><strong>προκαταύεόλημένου</strong></span> <span class='ocrx_word' id='word_1_350' title='bbox 1191 3786 1260 3855; x_wconf 79' lang='grc' dir='ltr'><strong>τῇ</strong></span> <span class='ocrx_word' id='word_1_351' title='bbox 1283 3786 1352 3854; x_wconf 78' lang='grc' dir='ltr'><strong>γῇ</strong></span> <span class='ocrx_word' id='word_1_352' title='bbox 1384 3783 1515 3855; x_wconf 86' lang='grc' dir='ltr'><strong>παρ’</strong></span> <span class='ocrx_word' id='word_1_353' title='bbox 1541 3783 1730 3838; x_wconf 79' lang='grc' dir='ltr'><strong>αὐτοῦ.</strong></span> 
     </span>
    </p>
   </div>
   <div class='ocr_carea' id='block_1_54' title="bbox 504 3873 2019 3950">
    <p class='ocr_par' dir='ltr' id='par_1_54' title="bbox 504 3873 2019 3950">
     <span class='ocr_line' id='line_1_54' title="bbox 504 3873 2019 3950; baseline 0.001 -21"><span class='ocrx_word' id='word_1_354' title='bbox 504 3874 673 3942; x_wconf 82' lang='grc' dir='ltr'><strong>Μηδὲ</strong></span> <span class='ocrx_word' id='word_1_355' title='bbox 712 3873 821 3929; x_wconf 80' lang='grc' dir='ltr'><strong>τὸν</strong></span> <span class='ocrx_word' id='word_1_356' title='bbox 857 3873 1272 3947; x_wconf 78' lang='grc' dir='ltr'><strong>ἀναγκάζοντα</strong></span> <span class='ocrx_word' id='word_1_357' title='bbox 1328 3875 1508 3946; x_wconf 72' lang='grc' dir='ltr'><strong>ἔχων.</strong></span> <span class='ocrx_word' id='word_1_358' title='bbox 1562 3877 1706 3948; x_wconf 78' lang='grc' dir='ltr'><strong>Μήτ’</strong></span> <span class='ocrx_word' id='word_1_359' title='bbox 1749 3876 1889 3950; x_wconf 76' lang='grc' dir='ltr'><strong>ἔχων</strong></span> <span class='ocrx_word' id='word_1_360' title='bbox 1928 3877 2019 3931; x_wconf 85' lang='grc' dir='ltr'><strong>τδν</strong></span> 
     </span>
    </p>
   </div>
   <div class='ocr_carea' id='block_1_55' title="bbox 431 3965 1509 4038">
    <p class='ocr_par' dir='ltr' id='par_1_55' title="bbox 431 3965 1509 4038">
     <span class='ocr_line' id='line_1_55' title="bbox 431 3965 1509 4038; baseline 0.004 -21"><span class='ocrx_word' id='word_1_361' title='bbox 431 3965 575 4038; x_wconf 63' lang='grc' dir='ltr'><strong>ςπρδς</strong></span> <span class='ocrx_word' id='word_1_362' title='bbox 602 3966 866 4038; x_wconf 66' lang='grc' dir='ltr'><strong>ἐργασίαν</strong></span> <span class='ocrx_word' id='word_1_363' title='bbox 892 3966 1054 4021; x_wconf 75' lang='grc' dir='ltr'><strong>αὐτὸν</strong></span> <span class='ocrx_word' id='word_1_364' title='bbox 1081 3967 1509 4037; x_wconf 88' lang='grc' dir='ltr'><strong>κατεπείγοντα.</strong></span> 
     </span>
    </p>
   </div>
   <div class='ocr_carea' id='block_1_56' title="bbox 507 4050 2020 4130">
    <p class='ocr_par' dir='ltr' id='par_1_56' title="bbox 507 4050 2020 4130">
     <span class='ocr_line' id='line_1_56' title="bbox 507 4050 2020 4130; baseline 0.003 -20"><span class='ocrx_word' id='word_1_365' title='bbox 507 4064 578 4129; x_wconf 88' lang='grc' dir='ltr'><strong>η’.</strong></span> <span class='ocrx_word' id='word_1_366' title='bbox 605 4057 769 4125; x_wconf 81' lang='grc' dir='ltr'><strong>Μηδὲ</strong></span> <span class='ocrx_word' id='word_1_367' title='bbox 803 4058 924 4113; x_wconf 81' lang='grc' dir='ltr'><strong>ὑπὸ</strong></span> <span class='ocrx_word' id='word_1_368' title='bbox 950 4057 1263 4127; x_wconf 77' lang='grc' dir='ltr'><strong>δεσπότην</strong></span> <span class='ocrx_word' id='word_1_369' title='bbox 1288 4055 1394 4126; x_wconf 82' lang='grc' dir='ltr'><strong>ὢν,</strong></span> <span class='ocrx_word' id='word_1_370' title='bbox 1412 4050 1775 4129; x_wconf 78' lang='grc' dir='ltr'><strong>ἑτοιμάζεται</strong></span> <span class='ocrx_word' id='word_1_371' title='bbox 1804 4057 2020 4130; x_wconf 82' lang='grc' dir='ltr'><strong>θέρους</strong></span> 
     </span>
    </p>
   </div>
   <div class='ocr_carea' id='block_1_57' title="bbox 433 4149 2020 4224">
    <p class='ocr_par' dir='ltr' id='par_1_57' title="bbox 433 4149 2020 4224">
     <span class='ocr_line' id='line_1_57' title="bbox 433 4149 2020 4224; baseline 0.001 -21"><span class='ocrx_word' id='word_1_372' title='bbox 433 4149 551 4218; x_wconf 71' lang='grc' dir='ltr'><strong>τὴν</strong></span> <span class='ocrx_word' id='word_1_373' title='bbox 582 4149 834 4221; x_wconf 66' lang='grc' dir='ltr'><strong>τροφήν.</strong></span> <span class='ocrx_word' id='word_1_374' title='bbox 870 4150 1025 4220; x_wconf 81' lang='grc' dir='ltr'><strong>Μηδὲ</strong></span> <span class='ocrx_word' id='word_1_375' title='bbox 1057 4151 1303 4216; x_wconf 88' lang='grc' dir='ltr'><strong>δουλείας</strong></span> <span class='ocrx_word' id='word_1_376' title='bbox 1336 4151 1487 4223; x_wconf 77' lang='grc' dir='ltr'><strong>ζυγῷ</strong></span> <span class='ocrx_word' id='word_1_377' title='bbox 1514 4152 1904 4224; x_wconf 82' lang='grc' dir='ltr'><strong>ὑποκείμενος,</strong></span> <span class='ocrx_word' id='word_1_378' title='bbox 1931 4154 2020 4205; x_wconf 79' lang='grc' dir='ltr'><strong>εύ-</strong></span> 
     </span>
    </p>
   </div>
   <div class='ocr_carea' id='block_1_58' title="bbox 428 4240 2018 4317">
    <p class='ocr_par' dir='ltr' id='par_1_58' title="bbox 428 4240 2018 4317">
     <span class='ocr_line' id='line_1_58' title="bbox 428 4240 2018 4317; baseline 0.002 -24"><span class='ocrx_word' id='word_1_379' title='bbox 428 4240 686 4312; x_wconf 78' lang='grc' dir='ltr'><strong>τρεπίζει</strong></span> <span class='ocrx_word' id='word_1_380' title='bbox 719 4240 863 4295; x_wconf 88' lang='grc' dir='ltr'><strong>κατά</strong></span> <span class='ocrx_word' id='word_1_381' title='bbox 890 4258 1011 4295; x_wconf 93' lang='grc' dir='ltr'><strong>τινα</strong></span> <span class='ocrx_word' id='word_1_382' title='bbox 1042 4242 1280 4315; x_wconf 81' lang='grc' dir='ltr'><strong>φυσικὴν</strong></span> <span class='ocrx_word' id='word_1_383' title='bbox 1328 4243 1564 4316; x_wconf 86' lang='grc' dir='ltr'><strong>κίνησιν,</strong></span> <span class='ocrx_word' id='word_1_384' title='bbox 1595 4244 1654 4298; x_wconf 80' lang='grc' dir='ltr'><strong>ὲν</strong></span> <span class='ocrx_word' id='word_1_385' title='bbox 1683 4243 1761 4316; x_wconf 83' lang='grc' dir='ltr'><strong>τῷ</strong></span> <span class='ocrx_word' id='word_1_386' title='bbox 1817 4242 2018 4317; x_wconf 88' lang='grc' dir='ltr'><strong>θερινῷ</strong></span> 
     </span>
    </p>
   </div>
   <div class='ocr_carea' id='block_1_59' title="bbox 433 4333 1881 4409">
    <p class='ocr_par' dir='ltr' id='par_1_59' title="bbox 433 4333 1881 4409">
     <span class='ocr_line' id='line_1_59' title="bbox 433 4333 1881 4409; baseline 0.003 -22"><span class='ocrx_word' id='word_1_387' title='bbox 433 4333 636 4406; x_wconf 82' lang='grc' dir='ltr'><strong>καιρῷ,</strong></span> <span class='ocrx_word' id='word_1_388' title='bbox 667 4334 766 4404; x_wconf 79' lang='grc' dir='ltr'><strong>τὴν</strong></span> <span class='ocrx_word' id='word_1_389' title='bbox 790 4333 1026 4405; x_wconf 85' lang='grc' dir='ltr'><strong>χρειώδη</strong></span> <span class='ocrx_word' id='word_1_390' title='bbox 1074 4335 1219 4389; x_wconf 86' lang='grc' dir='ltr'><strong>κατά</strong></span> <span class='ocrx_word' id='word_1_391' title='bbox 1247 4335 1340 4390; x_wconf 81' lang='grc' dir='ltr'><strong>τὸν</strong></span> <span class='ocrx_word' id='word_1_392' title='bbox 1373 4335 1621 4407; x_wconf 83' lang='grc' dir='ltr'><strong>χειμῶνα</strong></span> <span class='ocrx_word' id='word_1_393' title='bbox 1647 4338 1881 4409; x_wconf 82' lang='grc' dir='ltr'><strong>τροφήν.</strong></span> 
     </span>
    </p>
   </div>
   <div class='ocr_carea' id='block_1_60' title="bbox 509 4422 2025 4499">
    <p class='ocr_par' dir='ltr' id='par_1_60' title="bbox 509 4422 2025 4499">
     <span class='ocr_line' id='line_1_60' title="bbox 509 4422 2025 4499; baseline 0.004 -20"><span class='ocrx_word' id='word_1_394' title='bbox 509 4424 758 4492; x_wconf 71' lang='grc' dir='ltr'><em>Πολλὴν</em></span> <span class='ocrx_word' id='word_1_395' title='bbox 787 4441 852 4479; x_wconf 82' lang='grc' dir='ltr'><strong>τε</strong></span> <span class='ocrx_word' id='word_1_396' title='bbox 879 4424 951 4479; x_wconf 78' lang='grc' dir='ltr'><strong>ἐν</strong></span> <span class='ocrx_word' id='word_1_397' title='bbox 979 4422 1060 4491; x_wconf 86' lang='grc' dir='ltr'><strong>τῷ</strong></span> <span class='ocrx_word' id='word_1_398' title='bbox 1089 4423 1294 4495; x_wconf 84' lang='grc' dir='ltr'><strong>ἀμητῷ</strong></span> <span class='ocrx_word' id='word_1_399' title='bbox 1318 4426 1571 4482; x_wconf 84' lang='grc' dir='ltr'><strong>ποιεῖται</strong></span> <span class='ocrx_word' id='word_1_400' title='bbox 1603 4427 1719 4495; x_wconf 83' lang='grc' dir='ltr'><strong>τὴν</strong></span> <span class='ocrx_word' id='word_1_401' title='bbox 1760 4429 2025 4499; x_wconf 80' lang='grc' dir='ltr'><strong>παράθε-</strong></span> 
     </span>
    </p>
   </div>
   <div class='ocr_carea' id='block_1_61' title="bbox 434 4513 2026 4590">
    <p class='ocr_par' dir='ltr' id='par_1_61' title="bbox 434 4513 2026 4590">
     <span class='ocr_line' id='line_1_61' title="bbox 434 4513 2026 4590; baseline 0.004 -21"><span class='ocrx_word' id='word_1_402' title='bbox 434 4527 566 4569; x_wconf 84' lang='grc' dir='ltr'><strong>σιν.</strong></span> <span class='ocrx_word' id='word_1_403' title='bbox 592 4514 853 4587; x_wconf 81' lang='grc' dir='ltr'><strong>Δύτάρκη</strong></span> <span class='ocrx_word' id='word_1_404' title='bbox 883 4531 943 4568; x_wconf 88' lang='grc' dir='ltr'><strong>τε</strong></span> <span class='ocrx_word' id='word_1_405' title='bbox 972 4516 1032 4568; x_wconf 74' lang='grc' dir='ltr'><strong>ιν</strong></span> <span class='ocrx_word' id='word_1_406' title='bbox 1060 4513 1141 4586; x_wconf 83' lang='grc' dir='ltr'><strong>τῷ</strong></span> <span class='ocrx_word' id='word_1_407' title='bbox 1186 4514 1368 4586; x_wconf 88' lang='grc' dir='ltr'><strong>καιρῷ</strong></span> <span class='ocrx_word' id='word_1_408' title='bbox 1420 4517 1524 4587; x_wconf 85' lang='grc' dir='ltr'><strong>τῆς</strong></span> <span class='ocrx_word' id='word_1_409' title='bbox 1578 4516 1691 4571; x_wconf 90' lang='grc' dir='ltr'><strong>τῶν</strong></span> <span class='ocrx_word' id='word_1_410' title='bbox 1733 4519 2026 4590; x_wconf 78' lang='grc' dir='ltr'><strong>ἀσταχύων</strong></span> 
     </span>
    </p>
   </div>
   <div class='ocr_carea' id='block_1_62' title="bbox 2108 2049 2288 2108">
    <p class='ocr_par' dir='ltr' id='par_1_62' title="bbox 2108 2049 2288 2108">
     <span class='ocr_line' id='line_1_62' title="bbox 2108 2049 2288 2108; baseline 0.011 -2"><span class='ocrx_word' id='word_1_411' title='bbox 2108 2049 2288 2108; x_wconf 88' lang='lat' dir='ltr'><strong>abest.</strong></span> 
     </span>
    </p>
   </div>
   <div class='ocr_carea' id='block_1_63' title="bbox 2180 2227 3705 2301">
    <p class='ocr_par' dir='ltr' id='par_1_63' title="bbox 2180 2227 3705 2301">
     <span class='ocr_line' id='line_1_63' title="bbox 2180 2227 3705 2301; baseline -0.002 -18"><span class='ocrx_word' id='word_1_412' title='bbox 2180 2227 2346 2285; x_wconf 76' lang='lat' dir='ltr'><strong>Vsus.</strong></span> <span class='ocrx_word' id='word_1_413' title='bbox 2380 2230 2433 2286; x_wconf 84' lang='lat'><strong>5.</strong></span> <span class='ocrx_word' id='word_1_414' title='bbox 2460 2227 2527 2285; x_wconf 86' lang='lat' dir='ltr'><strong>Ut</strong></span> <span class='ocrx_word' id='word_1_415' title='bbox 2550 2232 2758 2286; x_wconf 74' lang='lat' dir='ltr'><strong>cruoris</strong></span> <span class='ocrx_word' id='word_1_416' title='bbox 2811 2229 3233 2301; x_wconf 79' lang='lat' dir='ltr'><strong>quasidamula,</strong></span> <span class='ocrx_word' id='word_1_417' title='bbox 3295 2230 3362 2286; x_wconf 81' lang='lat' dir='ltr'><strong>de</strong></span> <span class='ocrx_word' id='word_1_418' title='bbox 3407 2242 3589 2293; x_wconf 84' lang='lat' dir='ltr'><strong>manu,</strong></span> <span class='ocrx_word' id='word_1_419' title='bbox 3647 2236 3705 2281; x_wconf 76' lang='lat' dir='ltr'><strong>et</strong></span> 
     </span>
    </p>
   </div>
   <div class='ocr_carea' id='block_1_64' title="bbox 2108 2307 3699 2392">
    <p class='ocr_par' dir='ltr' id='par_1_64' title="bbox 2108 2307 3699 2392">
     <span class='ocr_line' id='line_1_64' title="bbox 2108 2307 3699 2392; baseline -0.001 -17"><span class='ocrx_word' id='word_1_420' title='bbox 2108 2322 2268 2392; x_wconf 86' lang='lat' dir='ltr'><strong>quasi</strong></span> <span class='ocrx_word' id='word_1_421' title='bbox 2309 2321 2420 2376; x_wconf 82' lang='lat' dir='ltr'><strong>avis</strong></span> <span class='ocrx_word' id='word_1_422' title='bbox 2468 2322 2533 2377; x_wconf 87' lang='lat' dir='ltr'><strong>de</strong></span> <span class='ocrx_word' id='word_1_423' title='bbox 2581 2322 2806 2380; x_wconf 78' lang='lat' dir='ltr'><strong>retibus.</strong></span> <span class='ocrx_word' id='word_1_424' title='bbox 2841 2323 2937 2379; x_wconf 90' lang='lat' dir='ltr'><strong>Sic</strong></span> <span class='ocrx_word' id='word_1_425' title='bbox 2965 2323 3224 2379; x_wconf 69' lang='lat' dir='ltr'><strong>allectum</strong></span> <span class='ocrx_word' id='word_1_426' title='bbox 3259 2307 3570 2387; x_wconf 72' lang='lat' dir='ltr'><strong>iriltortor,</strong></span> <span class='ocrx_word' id='word_1_427' title='bbox 3634 2328 3699 2373; x_wconf 80' lang='lat' dir='ltr'><strong>ut</strong></span> 
     </span>
    </p>
   </div>
   <div class='ocr_carea' id='block_1_65' title="bbox 2110 2406 3701 2485">
    <p class='ocr_par' dir='ltr' id='par_1_65' title="bbox 2110 2406 3701 2485">
     <span class='ocr_line' id='line_1_65' title="bbox 2110 2406 3701 2485; baseline -0.002 -17"><span class='ocrx_word' id='word_1_428' title='bbox 2110 2412 2360 2468; x_wconf 89' lang='lat' dir='ltr'><strong>omnium</strong></span> <span class='ocrx_word' id='word_1_429' title='bbox 2421 2413 2696 2469; x_wconf 89' lang='lat' dir='ltr'><strong>malorum</strong></span> <span class='ocrx_word' id='word_1_430' title='bbox 2756 2414 3029 2485; x_wconf 87' lang='lat' dir='ltr'><strong>principis</strong></span> <span class='ocrx_word' id='word_1_431' title='bbox 3065 2413 3244 2470; x_wconf 88' lang='lat' dir='ltr'><strong>hostis</strong></span> <span class='ocrx_word' id='word_1_432' title='bbox 3272 2406 3701 2467; x_wconf 83' lang='lat' dir='ltr'><strong>variisinsidiis</strong></span> 
     </span>
    </p>
   </div>
   <div class='ocr_carea' id='block_1_66' title="bbox 2111 2502 3699 2575">
    <p class='ocr_par' dir='ltr' id='par_1_66' title="bbox 2111 2502 3699 2575">
     <span class='ocr_line' id='line_1_66' title="bbox 2111 2502 3699 2575; baseline -0.001 -19"><span class='ocrx_word' id='word_1_433' title='bbox 2111 2502 2347 2573; x_wconf 86' lang='lat' dir='ltr'><strong>teipsum</strong></span> <span class='ocrx_word' id='word_1_434' title='bbox 2380 2503 2663 2562; x_wconf 89' lang='lat' dir='ltr'><strong>custodias</strong></span> <span class='ocrx_word' id='word_1_435' title='bbox 2697 2521 2712 2559; x_wconf 90' lang='lat'><strong>:</strong></span> <span class='ocrx_word' id='word_1_436' title='bbox 2745 2511 2829 2571; x_wconf 88' lang='lat' dir='ltr'><strong>ut,</strong></span> <span class='ocrx_word' id='word_1_437' title='bbox 2889 2513 3151 2575; x_wconf 85' lang='lat' dir='ltr'><strong>tanquam</strong></span> <span class='ocrx_word' id='word_1_438' title='bbox 3177 2502 3400 2559; x_wconf 86' lang='lat' dir='ltr'><strong>damula</strong></span> <span class='ocrx_word' id='word_1_439' title='bbox 3424 2502 3583 2557; x_wconf 74' lang='lat' dir='ltr'><strong>velox</strong></span> <span class='ocrx_word' id='word_1_440' title='bbox 3640 2509 3699 2557; x_wconf 88' lang='lat' dir='ltr'><strong>et</strong></span> 
     </span>
    </p>
   </div>
   <div class='ocr_carea' id='block_1_67' title="bbox 2111 2590 3689 2662">
    <p class='ocr_par' dir='ltr' id='par_1_67' title="bbox 2111 2590 3689 2662">
     <span class='ocr_line' id='line_1_67' title="bbox 2111 2590 3689 2662; baseline -0.001 -15"><span class='ocrx_word' id='word_1_441' title='bbox 2111 2591 2249 2662; x_wconf 89' lang='lat' dir='ltr'><strong>pede</strong></span> <span class='ocrx_word' id='word_1_442' title='bbox 2299 2593 2478 2662; x_wconf 80' lang='lat' dir='ltr'><strong>agilis,</strong></span> <span class='ocrx_word' id='word_1_443' title='bbox 2517 2593 2642 2651; x_wconf 87' lang='lat' dir='ltr'><strong>illas</strong></span> <span class='ocrx_word' id='word_1_444' title='bbox 2693 2595 3000 2651; x_wconf 87' lang='lat' dir='ltr'><strong>secundum</strong></span> <span class='ocrx_word' id='word_1_445' title='bbox 3062 2596 3327 2650; x_wconf 85' lang='lat' dir='ltr'><strong>virtutem</strong></span> <span class='ocrx_word' id='word_1_446' title='bbox 3379 2590 3689 2657; x_wconf 85' lang='lat' dir='ltr'><strong>transilias;</strong></span> 
     </span>
    </p>
   </div>
   <div class='ocr_carea' id='block_1_68' title="bbox 2109 2686 3691 2758">
    <p class='ocr_par' dir='ltr' id='par_1_68' title="bbox 2109 2686 3691 2758">
     <span class='ocr_line' id='line_1_68' title="bbox 2109 2686 3691 2758; baseline -0.001 -20"><span class='ocrx_word' id='word_1_447' title='bbox 2109 2690 2165 2738; x_wconf 87' lang='lat' dir='ltr'><strong>et</strong></span> <span class='ocrx_word' id='word_1_448' title='bbox 2193 2690 2452 2753; x_wconf 87' lang='lat' dir='ltr'><strong>tanquam</strong></span> <span class='ocrx_word' id='word_1_449' title='bbox 2488 2686 2628 2751; x_wconf 88' lang='lat' dir='ltr'><strong>avis,</strong></span> <span class='ocrx_word' id='word_1_450' title='bbox 2657 2701 2756 2758; x_wconf 90' lang='lat' dir='ltr'><strong>per</strong></span> <span class='ocrx_word' id='word_1_451' title='bbox 2785 2701 2913 2743; x_wconf 87' lang='lat' dir='ltr'><strong>aera</strong></span> <span class='ocrx_word' id='word_1_452' title='bbox 2940 2686 3201 2753; x_wconf 75' lang='lat' dir='ltr'><strong>volitans,</strong></span> <span class='ocrx_word' id='word_1_453' title='bbox 3232 2701 3400 2757; x_wconf 77' lang='lat' dir='ltr'><strong>super</strong></span> <span class='ocrx_word' id='word_1_454' title='bbox 3425 2698 3520 2740; x_wconf 85' lang='lat' dir='ltr'><strong>eas</strong></span> <span class='ocrx_word' id='word_1_455' title='bbox 3589 2696 3691 2754; x_wconf 77' lang='lat' dir='ltr'><strong>per-</strong></span> 
     </span>
    </p>
   </div>
   <div class='ocr_carea' id='block_1_69' title="bbox 2110 2771 2663 2832">
    <p class='ocr_par' dir='ltr' id='par_1_69' title="bbox 2110 2771 2663 2832">
     <span class='ocr_line' id='line_1_69' title="bbox 2110 2771 2663 2832; baseline 0.009 -5"><span class='ocrx_word' id='word_1_456' title='bbox 2110 2771 2417 2828; x_wconf 90' lang='lat' dir='ltr'><strong>doctrinam</strong></span> <span class='ocrx_word' id='word_1_457' title='bbox 2447 2776 2663 2832; x_wconf 89' lang='lat' dir='ltr'><strong>volites.</strong></span> 
     </span>
    </p>
   </div>
   <div class='ocr_carea' id='block_1_70' title="bbox 2181 2863 3702 2943">
    <p class='ocr_par' dir='ltr' id='par_1_70' title="bbox 2181 2863 3702 2943">
     <span class='ocr_line' id='line_1_70' title="bbox 2181 2863 3702 2943; baseline -0.001 -23"><span class='ocrx_word' id='word_1_458' title='bbox 2181 2863 2429 2923; x_wconf 65' lang='lat' dir='ltr'><strong>VERS.&#39;6.</strong></span> <span class='ocrx_word' id='word_1_459' title='bbox 2467 2866 2608 2923; x_wconf 81' lang='lat' dir='ltr'><strong>Vade</strong></span> <span class='ocrx_word' id='word_1_460' title='bbox 2623 2868 2693 2923; x_wconf 82' lang='lat' dir='ltr'><strong>ad</strong></span> <span class='ocrx_word' id='word_1_461' title='bbox 2708 2868 3012 2939; x_wconf 86' lang='lat' dir='ltr'><strong>formicam,</strong></span> <span class='ocrx_word' id='word_1_462' title='bbox 3030 2887 3060 2924; x_wconf 95' lang='grc' dir='ltr'><strong>ο</strong></span> <span class='ocrx_word' id='word_1_463' title='bbox 3078 2869 3247 2941; x_wconf 87' lang='lat' dir='ltr'><strong>piger,</strong></span> <span class='ocrx_word' id='word_1_464' title='bbox 3275 2872 3324 2924; x_wconf 83' lang='lat' dir='ltr'><strong>el</strong></span> <span class='ocrx_word' id='word_1_465' title='bbox 3346 2868 3563 2923; x_wconf 77' lang='lat' dir='ltr'><strong>imitare</strong></span> <span class='ocrx_word' id='word_1_466' title='bbox 3584 2867 3702 2943; x_wconf 73' lang='lat' dir='ltr'><strong>uias</strong></span> 
     </span>
    </p>
   </div>
   <div class='ocr_carea' id='block_1_71' title="bbox 2111 2958 3699 3034">
    <p class='ocr_par' dir='ltr' id='par_1_71' title="bbox 2111 2958 3699 3034">
     <span class='ocr_line' id='line_1_71' title="bbox 2111 2958 3699 3034; baseline 0.001 -20"><span class='ocrx_word' id='word_1_467' title='bbox 2111 2959 2251 3030; x_wconf 83' lang='lat' dir='ltr'><strong>ejus.</strong></span> <span class='ocrx_word' id='word_1_468' title='bbox 2305 2958 2545 3032; x_wconf 83' lang='lat' dir='ltr'><strong>Respice</strong></span> <span class='ocrx_word' id='word_1_469' title='bbox 2611 2963 3006 3034; x_wconf 83' lang='lat' dir='ltr'><strong>parvissimum</strong></span> <span class='ocrx_word' id='word_1_470' title='bbox 3035 2961 3261 3028; x_wconf 87' lang='lat' dir='ltr'><strong>animal,</strong></span> <span class='ocrx_word' id='word_1_471' title='bbox 3298 2961 3609 3024; x_wconf 77' lang='lat' dir='ltr'><strong>formicam,</strong></span> <span class='ocrx_word' id='word_1_472' title='bbox 3663 2975 3699 3015; x_wconf 94' lang='lat' dir='ltr'><strong>o</strong></span> 
     </span>
    </p>
   </div>
   <div class='ocr_carea' id='block_1_72' title="bbox 2113 3049 3703 3127">
    <p class='ocr_par' dir='ltr' id='par_1_72' title="bbox 2113 3049 3703 3127">
     <span class='ocr_line' id='line_1_72' title="bbox 2113 3049 3703 3127; baseline -0.001 -20"><span class='ocrx_word' id='word_1_473' title='bbox 2113 3052 2301 3124; x_wconf 77' lang='lat' dir='ltr'><strong>piger;</strong></span> <span class='ocrx_word' id='word_1_474' title='bbox 2354 3062 2410 3107; x_wconf 85' lang='lat' dir='ltr'><strong>et</strong></span> <span class='ocrx_word' id='word_1_475' title='bbox 2461 3053 2582 3124; x_wconf 88' lang='lat' dir='ltr'><strong>ejus</strong></span> <span class='ocrx_word' id='word_1_476' title='bbox 2628 3068 2794 3127; x_wconf 79' lang='lat' dir='ltr'><strong>Opera</strong></span> <span class='ocrx_word' id='word_1_477' title='bbox 2850 3054 3237 3117; x_wconf 84' lang='lat' dir='ltr'><strong>considerans.</strong></span> <span class='ocrx_word' id='word_1_478' title='bbox 3288 3053 3507 3109; x_wconf 85' lang='lat' dir='ltr'><strong>imitare</strong></span> <span class='ocrx_word' id='word_1_479' title='bbox 3543 3049 3703 3107; x_wconf 83' lang='lat' dir='ltr'><strong>illam</strong></span> 
     </span>
    </p>
   </div>
   <div class='ocr_carea' id='block_1_73' title="bbox 2115 3144 2748 3203">
    <p class='ocr_par' dir='ltr' id='par_1_73' title="bbox 2115 3144 2748 3203">
     <span class='ocr_line' id='line_1_73' title="bbox 2115 3144 2748 3203; baseline 0 0"><span class='ocrx_word' id='word_1_480' title='bbox 2115 3144 2422 3203; x_wconf 87' lang='lat' dir='ltr'><strong>secundum</strong></span> <span class='ocrx_word' id='word_1_481' title='bbox 2454 3147 2748 3203; x_wconf 81' lang='lat' dir='ltr'><strong>rationem.</strong></span> 
     </span>
    </p>
   </div>
   <div class='ocr_carea' id='block_1_74' title="bbox 2189 3326 3698 3401">
    <p class='ocr_par' dir='ltr' id='par_1_74' title="bbox 2189 3326 3698 3401">
     <span class='ocr_line' id='line_1_74' title="bbox 2189 3326 3698 3401; baseline 0.001 -19"><span class='ocrx_word' id='word_1_482' title='bbox 2189 3327 2323 3384; x_wconf 78' lang='lat' dir='ltr'><strong>Fias</strong></span> <span class='ocrx_word' id='word_1_483' title='bbox 2360 3329 2458 3384; x_wconf 85' lang='lat' dir='ltr'><strong>illa</strong></span> <span class='ocrx_word' id='word_1_484' title='bbox 2491 3330 2812 3400; x_wconf 76' lang='lat' dir='ltr'><strong>sapientior.</strong></span> <span class='ocrx_word' id='word_1_485' title='bbox 2848 3326 2916 3384; x_wconf 83' lang='lat' dir='ltr'><strong>Et</strong></span> <span class='ocrx_word' id='word_1_486' title='bbox 2949 3338 3215 3401; x_wconf 89' lang='lat' dir='ltr'><strong>tanquam</strong></span> <span class='ocrx_word' id='word_1_487' title='bbox 3258 3330 3475 3385; x_wconf 87' lang='lat' dir='ltr'><strong>ratione</strong></span> <span class='ocrx_word' id='word_1_488' title='bbox 3496 3326 3698 3400; x_wconf 62' lang='lat' dir='ltr'><strong>praedi—</strong></span> 
     </span>
    </p>
   </div>
   <div class='ocr_carea' id='block_1_75' title="bbox 2118 3420 3702 3492">
    <p class='ocr_par' dir='ltr' id='par_1_75' title="bbox 2118 3420 3702 3492">
     <span class='ocr_line' id='line_1_75' title="bbox 2118 3420 3702 3492; baseline -0.001 -17"><span class='ocrx_word' id='word_1_489' title='bbox 2118 3429 2230 3486; x_wconf 89' lang='lat' dir='ltr'><strong>tus,</strong></span> <span class='ocrx_word' id='word_1_490' title='bbox 2261 3422 2422 3477; x_wconf 81' lang='lat' dir='ltr'><strong>vince</strong></span> <span class='ocrx_word' id='word_1_491' title='bbox 2442 3420 2592 3477; x_wconf 89' lang='lat' dir='ltr'><strong>illius</strong></span> <span class='ocrx_word' id='word_1_492' title='bbox 2625 3423 2771 3476; x_wconf 87' lang='lat' dir='ltr'><strong>circa</strong></span> <span class='ocrx_word' id='word_1_493' title='bbox 2790 3423 3105 3492; x_wconf 86' lang='lat' dir='ltr'><strong>corporalia</strong></span> <span class='ocrx_word' id='word_1_494' title='bbox 3147 3421 3702 3492; x_wconf 81' lang='lat' dir='ltr'><strong>sapientiam,osten-</strong></span> 
     </span>
    </p>
   </div>
   <div class='ocr_carea' id='block_1_76' title="bbox 2117 3511 3176 3583">
    <p class='ocr_par' dir='ltr' id='par_1_76' title="bbox 2117 3511 3176 3583">
     <span class='ocr_line' id='line_1_76' title="bbox 2117 3511 3176 3583; baseline -0.002 -15"><span class='ocrx_word' id='word_1_495' title='bbox 2117 3513 2256 3568; x_wconf 86' lang='lat' dir='ltr'><strong>dens</strong></span> <span class='ocrx_word' id='word_1_496' title='bbox 2292 3511 2346 3566; x_wconf 92' lang='lat' dir='ltr'><strong>in</strong></span> <span class='ocrx_word' id='word_1_497' title='bbox 2372 3513 2765 3581; x_wconf 87' lang='lat' dir='ltr'><strong>spiritualibus</strong></span> <span class='ocrx_word' id='word_1_498' title='bbox 2807 3514 3176 3583; x_wconf 88' lang='lat' dir='ltr'><strong>prudentiam.</strong></span> 
     </span>
    </p>
   </div>
   <div class='ocr_carea' id='block_1_77' title="bbox 2196 3602 3703 3668">
    <p class='ocr_par' dir='ltr' id='par_1_77' title="bbox 2196 3602 3703 3668">
     <span class='ocr_line' id='line_1_77' title="bbox 2196 3602 3703 3668; baseline 0 -14"><span class='ocrx_word' id='word_1_499' title='bbox 2196 3602 2362 3659; x_wconf 70' lang='lat' dir='ltr'><strong>Vsus.</strong></span> <span class='ocrx_word' id='word_1_500' title='bbox 2387 3604 2442 3658; x_wconf 87' lang='lat'><strong>7.</strong></span> <span class='ocrx_word' id='word_1_501' title='bbox 2480 3607 2621 3658; x_wconf 64' lang='lat' dir='ltr'><strong>&quot;Han:</strong></span> <span class='ocrx_word' id='word_1_502' title='bbox 2664 3605 2806 3658; x_wconf 83' lang='lat' dir='ltr'><strong>enim</strong></span> <span class='ocrx_word' id='word_1_503' title='bbox 2831 3605 2945 3659; x_wconf 81' lang='lat' dir='ltr'><strong>sine</strong></span> <span class='ocrx_word' id='word_1_504' title='bbox 2993 3613 3161 3660; x_wconf 85' lang='lat' dir='ltr'><strong>terra.</strong></span> <span class='ocrx_word' id='word_1_505' title='bbox 3188 3602 3314 3659; x_wconf 64' lang='lat' dir='ltr'><strong>Haec</strong></span> <span class='ocrx_word' id='word_1_506' title='bbox 3342 3603 3516 3668; x_wconf 90' lang='lat' dir='ltr'><strong>enim,</strong></span> <span class='ocrx_word' id='word_1_507' title='bbox 3571 3617 3703 3655; x_wconf 85' lang='lat' dir='ltr'><strong>cum</strong></span> 
     </span>
    </p>
   </div>
   <div class='ocr_carea' id='block_1_78' title="bbox 2119 3692 3703 3768">
    <p class='ocr_par' dir='ltr' id='par_1_78' title="bbox 2119 3692 3703 3768">
     <span class='ocr_line' id='line_1_78' title="bbox 2119 3692 3703 3768; baseline -0.004 -17"><span class='ocrx_word' id='word_1_508' title='bbox 2119 3706 2326 3753; x_wconf 85' lang='lat' dir='ltr'><strong>terram</strong></span> <span class='ocrx_word' id='word_1_509' title='bbox 2395 3712 2506 3753; x_wconf 90' lang='lat' dir='ltr'><strong>non</strong></span> <span class='ocrx_word' id='word_1_510' title='bbox 2562 3697 2868 3768; x_wconf 84' lang='lat' dir='ltr'><strong>possideat,</strong></span> <span class='ocrx_word' id='word_1_511' title='bbox 2900 3711 3001 3753; x_wconf 91' lang='lat' dir='ltr'><strong>nec</strong></span> <span class='ocrx_word' id='word_1_512' title='bbox 3022 3711 3210 3753; x_wconf 87' lang='lat' dir='ltr'><strong>semen</strong></span> <span class='ocrx_word' id='word_1_513' title='bbox 3239 3697 3297 3752; x_wconf 91' lang='lat' dir='ltr'><strong>in</strong></span> <span class='ocrx_word' id='word_1_514' title='bbox 3335 3702 3539 3752; x_wconf 89' lang='lat' dir='ltr'><strong>terram</strong></span> <span class='ocrx_word' id='word_1_515' title='bbox 3570 3692 3703 3763; x_wconf 76' lang='lat' dir='ltr'><strong>inji-</strong></span> 
     </span>
    </p>
   </div>
   <div class='ocr_carea' id='block_1_79' title="bbox 2120 3789 2251 3844">
    <p class='ocr_par' dir='ltr' id='par_1_79' title="bbox 2120 3789 2251 3844">
     <span class='ocr_line' id='line_1_79' title="bbox 2120 3789 2251 3844; baseline -0.015 0"><span class='ocrx_word' id='word_1_516' title='bbox 2120 3789 2251 3844; x_wconf 89' lang='lat' dir='ltr'><strong>ciat.</strong></span> 
     </span>
    </p>
   </div>
   <div class='ocr_carea' id='block_1_80' title="bbox 2195 3866 3704 3949">
    <p class='ocr_par' dir='ltr' id='par_1_80' title="bbox 2195 3866 3704 3949">
     <span class='ocr_line' id='line_1_80' title="bbox 2195 3866 3704 3949; baseline -0.004 -15"><span class='ocrx_word' id='word_1_517' title='bbox 2195 3879 2263 3934; x_wconf 85' lang='lat' dir='ltr'><strong>Et</strong></span> <span class='ocrx_word' id='word_1_518' title='bbox 2297 3880 2640 3949; x_wconf 76' lang='lat' dir='ltr'><strong>imperantem</strong></span> <span class='ocrx_word' id='word_1_519' title='bbox 2681 3897 2785 3935; x_wconf 84' lang='lat' dir='ltr'><strong>non</strong></span> <span class='ocrx_word' id='word_1_520' title='bbox 2814 3881 3032 3935; x_wconf 83' lang='lat' dir='ltr'><strong>habens.</strong></span> <span class='ocrx_word' id='word_1_521' title='bbox 3062 3866 3410 3935; x_wconf 44' lang='lat' dir='ltr'><strong>Nec&#39;habens</strong></span> <span class='ocrx_word' id='word_1_522' title='bbox 3442 3874 3704 3948; x_wconf 81' lang='lat' dir='ltr'><strong>aliquem,</strong></span> 
     </span>
    </p>
   </div>
   <div class='ocr_carea' id='block_1_81' title="bbox 2122 3971 3049 4043">
    <p class='ocr_par' dir='ltr' id='par_1_81' title="bbox 2122 3971 3049 4043">
     <span class='ocr_line' id='line_1_81' title="bbox 2122 3971 3049 4043; baseline -0.001 -17"><span class='ocrx_word' id='word_1_523' title='bbox 2122 3974 2217 4043; x_wconf 85' lang='lat' dir='ltr'><strong>qui</strong></span> <span class='ocrx_word' id='word_1_524' title='bbox 2247 3986 2368 4027; x_wconf 91' lang='lat' dir='ltr'><strong>eam</strong></span> <span class='ocrx_word' id='word_1_525' title='bbox 2409 3971 2475 4027; x_wconf 86' lang='lat' dir='ltr'><strong>ad</strong></span> <span class='ocrx_word' id='word_1_526' title='bbox 2501 3972 2743 4028; x_wconf 84' lang='lat' dir='ltr'><strong>laborem</strong></span> <span class='ocrx_word' id='word_1_527' title='bbox 2777 3972 3049 4043; x_wconf 86' lang='lat' dir='ltr'><strong>impellat.</strong></span> 
     </span>
    </p>
   </div>
   <div class='ocr_carea' id='block_1_82' title="bbox 2194 4061 3707 4131">
    <p class='ocr_par' dir='ltr' id='par_1_82' title="bbox 2194 4061 3707 4131">
     <span class='ocr_line' id='line_1_82' title="bbox 2194 4061 3707 4131; baseline -0.003 -15"><span class='ocrx_word' id='word_1_528' title='bbox 2194 4062 2363 4119; x_wconf 73' lang='lat' dir='ltr'><strong>Vens.</strong></span> <span class='ocrx_word' id='word_1_529' title='bbox 2394 4062 2451 4119; x_wconf 90' lang='lat'><strong>8.</strong></span> <span class='ocrx_word' id='word_1_530' title='bbox 2495 4061 2603 4118; x_wconf 81' lang='lat' dir='ltr'><strong>Nec</strong></span> <span class='ocrx_word' id='word_1_531' title='bbox 2631 4064 2726 4118; x_wconf 86' lang='lat' dir='ltr'><strong>sub</strong></span> <span class='ocrx_word' id='word_1_532' title='bbox 2763 4063 2897 4119; x_wconf 84' lang='lat' dir='ltr'><strong>duce</strong></span> <span class='ocrx_word' id='word_1_533' title='bbox 2929 4073 3104 4130; x_wconf 84' lang='lat' dir='ltr'><strong>stans,</strong></span> <span class='ocrx_word' id='word_1_534' title='bbox 3167 4070 3442 4131; x_wconf 68' lang='lat' dir='ltr'><strong>praeparat</strong></span> <span class='ocrx_word' id='word_1_535' title='bbox 3512 4074 3707 4113; x_wconf 83' lang='lat' dir='ltr'><strong>messes</strong></span> 
     </span>
    </p>
   </div>
   <div class='ocr_carea' id='block_1_83' title="bbox 2123 4154 3713 4228">
    <p class='ocr_par' dir='ltr' id='par_1_83' title="bbox 2123 4154 3713 4228">
     <span class='ocr_line' id='line_1_83' title="bbox 2123 4154 3713 4228; baseline -0.003 -18"><span class='ocrx_word' id='word_1_536' title='bbox 2123 4157 2179 4210; x_wconf 85' lang='lat' dir='ltr'><strong>in</strong></span> <span class='ocrx_word' id='word_1_537' title='bbox 2217 4156 2413 4211; x_wconf 84' lang='lat' dir='ltr'><strong>cibum.</strong></span> <span class='ocrx_word' id='word_1_538' title='bbox 2437 4154 2549 4212; x_wconf 82' lang='lat' dir='ltr'><strong>Nec</strong></span> <span class='ocrx_word' id='word_1_539' title='bbox 2587 4157 2875 4213; x_wconf 76' lang='lat' dir='ltr'><strong>servitutis</strong></span> <span class='ocrx_word' id='word_1_540' title='bbox 2903 4156 3037 4228; x_wconf 73' lang='lat' dir='ltr'><strong>jugo</strong></span> <span class='ocrx_word' id='word_1_541' title='bbox 3078 4157 3365 4221; x_wconf 88' lang='lat' dir='ltr'><strong>astrictus,</strong></span> <span class='ocrx_word' id='word_1_542' title='bbox 3406 4162 3564 4225; x_wconf 87' lang='lat' dir='ltr'><strong>parat</strong></span> <span class='ocrx_word' id='word_1_543' title='bbox 3615 4167 3713 4222; x_wconf 87' lang='lat' dir='ltr'><strong>per</strong></span> 
     </span>
    </p>
   </div>
   <div class='ocr_carea' id='block_1_84' title="bbox 2124 4245 3716 4317">
    <p class='ocr_par' dir='ltr' id='par_1_84' title="bbox 2124 4245 3716 4317">
     <span class='ocr_line' id='line_1_84' title="bbox 2124 4245 3716 4317; baseline -0.004 -14"><span class='ocrx_word' id='word_1_544' title='bbox 2124 4249 2410 4305; x_wconf 85' lang='lat' dir='ltr'><strong>naturales</strong></span> <span class='ocrx_word' id='word_1_545' title='bbox 2449 4256 2706 4312; x_wconf 81' lang='lat' dir='ltr'><strong>conatus,</strong></span> <span class='ocrx_word' id='word_1_546' title='bbox 2736 4247 2793 4303; x_wconf 89' lang='lat' dir='ltr'><strong>in</strong></span> <span class='ocrx_word' id='word_1_547' title='bbox 2842 4256 3094 4317; x_wconf 86' lang='lat' dir='ltr'><strong>tempore</strong></span> <span class='ocrx_word' id='word_1_548' title='bbox 3132 4246 3357 4314; x_wconf 87' lang='lat' dir='ltr'><strong>messis,</strong></span> <span class='ocrx_word' id='word_1_549' title='bbox 3385 4245 3566 4301; x_wconf 87' lang='lat' dir='ltr'><strong>cibum</strong></span> <span class='ocrx_word' id='word_1_550' title='bbox 3611 4257 3716 4313; x_wconf 86' lang='lat' dir='ltr'><strong>pro</strong></span> 
     </span>
    </p>
   </div>
   <div class='ocr_carea' id='block_1_85' title="bbox 2127 4337 2725 4394">
    <p class='ocr_par' dir='ltr' id='par_1_85' title="bbox 2127 4337 2725 4394">
     <span class='ocr_line' id='line_1_85' title="bbox 2127 4337 2725 4394; baseline -0.002 -1"><span class='ocrx_word' id='word_1_551' title='bbox 2127 4337 2308 4394; x_wconf 84' lang='lat' dir='ltr'><strong>hieme</strong></span> <span class='ocrx_word' id='word_1_552' title='bbox 2321 4338 2725 4393; x_wconf 86' lang='lat' dir='ltr'><strong>necessarium.</strong></span> 
     </span>
    </p>
   </div>
   <div class='ocr_carea' id='block_1_86' title="bbox 2199 4420 3709 4498">
    <p class='ocr_par' dir='ltr' id='par_1_86' title="bbox 2199 4420 3709 4498">
     <span class='ocr_line' id='line_1_86' title="bbox 2199 4420 3709 4498; baseline -0.001 -19"><span class='ocrx_word' id='word_1_553' title='bbox 2199 4421 2431 4479; x_wconf 80' lang='lat' dir='ltr'><strong>Multam</strong></span> <span class='ocrx_word' id='word_1_554' title='bbox 2458 4425 2515 4479; x_wconf 85' lang='lat' dir='ltr'><strong>in</strong></span> <span class='ocrx_word' id='word_1_555' title='bbox 2538 4441 2705 4481; x_wconf 77' lang='lat' dir='ltr'><strong>messe</strong></span> <span class='ocrx_word' id='word_1_556' title='bbox 2737 4424 2872 4496; x_wconf 84' lang='lat' dir='ltr'><strong>facit</strong></span> <span class='ocrx_word' id='word_1_557' title='bbox 2901 4426 3116 4498; x_wconf 83' lang='lat' dir='ltr'><strong>frugum</strong></span> <span class='ocrx_word' id='word_1_558' title='bbox 3144 4426 3517 4496; x_wconf 84' lang='lat' dir='ltr'><strong>receptionem.</strong></span> <span class='ocrx_word' id='word_1_559' title='bbox 3557 4420 3709 4478; x_wconf 79' lang='lat' dir='ltr'><strong>Sum-</strong></span> 
     </span>
    </p>
   </div>
   <div class='ocr_carea' id='block_1_87' title="bbox 2131 4515 3714 4588">
    <p class='ocr_par' dir='ltr' id='par_1_87' title="bbox 2131 4515 3714 4588">
     <span class='ocr_line' id='line_1_87' title="bbox 2131 4515 3714 4588; baseline 0.001 -17"><span class='ocrx_word' id='word_1_560' title='bbox 2131 4518 2394 4581; x_wconf 87' lang='lat' dir='ltr'><strong>cientem,</strong></span> <span class='ocrx_word' id='word_1_561' title='bbox 2426 4519 2483 4573; x_wconf 85' lang='lat' dir='ltr'><strong>in</strong></span> <span class='ocrx_word' id='word_1_562' title='bbox 2517 4524 2766 4588; x_wconf 87' lang='lat' dir='ltr'><strong>tempore</strong></span> <span class='ocrx_word' id='word_1_563' title='bbox 2792 4519 2991 4574; x_wconf 87' lang='lat' dir='ltr'><strong>messis</strong></span> <span class='ocrx_word' id='word_1_564' title='bbox 3039 4518 3466 4581; x_wconf 80' lang='lat' dir='ltr'><strong>frumentorum,</strong></span> <span class='ocrx_word' id='word_1_565' title='bbox 3491 4530 3554 4571; x_wconf 76' lang='lat' dir='ltr'><strong>es</strong></span> <span class='ocrx_word' id='word_1_566' title='bbox 3601 4515 3714 4572; x_wconf 86' lang='lat' dir='ltr'><strong>illis</strong></span> 
     </span>
    </p>
   </div>
   <div class='ocr_carea' id='block_1_88' title="bbox 439 4601 2014 4686">
    <p class='ocr_par' dir='ltr' id='par_1_88' title="bbox 439 4609 2014 4686">
     <span class='ocr_line' id='line_1_88' title="bbox 439 4609 2014 4686; baseline 0.004 -23"><span class='ocrx_word' id='word_1_567' title='bbox 439 4611 781 4681; x_wconf 67' lang='grc' dir='ltr'><strong>συγκομιδῆς</strong></span> <span class='ocrx_word' id='word_1_568' title='bbox 805 4610 905 4682; x_wconf 81' lang='grc' dir='ltr'><strong>τὴν</strong></span> <span class='ocrx_word' id='word_1_569' title='bbox 929 4609 1137 4682; x_wconf 88' lang='grc' dir='ltr'><strong>ταύτης</strong></span> <span class='ocrx_word' id='word_1_570' title='bbox 1181 4614 1417 4665; x_wconf 79' lang='grc' dir='ltr'><strong>ποιεῖται</strong></span> <span class='ocrx_word' id='word_1_571' title='bbox 1468 4610 1735 4666; x_wconf 82' lang='grc' dir='ltr'><strong>ἀπόθεσιν</strong></span> <span class='ocrx_word' id='word_1_572' title='bbox 1766 4628 1781 4645; x_wconf 84' lang='grc'><strong>·</strong></span> <span class='ocrx_word' id='word_1_573' title='bbox 1810 4613 1871 4669; x_wconf 83' lang='grc' dir='ltr'><strong>ὃν</strong></span> <span class='ocrx_word' id='word_1_574' title='bbox 1930 4632 2014 4686; x_wconf 83' lang='grc' dir='ltr'><strong>μι¹</strong></span> 
     </span>
    </p>
   </div>
   <div class='ocr_carea' id='block_1_89' title="bbox 2138 4601 3715 4686">
    <p class='ocr_par' dir='ltr' id='par_1_89' title="bbox 2138 4609 3715 4680">
     <span class='ocr_line' id='line_1_89' title="bbox 2138 4609 3715 4680; baseline 0 -16"><span class='ocrx_word' id='word_1_575' title='bbox 2138 4609 2263 4665; x_wconf 85' lang='lat' dir='ltr'><strong>l&#39;acit</strong></span> <span class='ocrx_word' id='word_1_576' title='bbox 2290 4610 2698 4680; x_wconf 84' lang='lat' dir='ltr'><strong>perceptionem</strong></span> <span class='ocrx_word' id='word_1_577' title='bbox 2724 4626 2739 4676; x_wconf 90' lang='lat'><strong>;</strong></span> <span class='ocrx_word' id='word_1_578' title='bbox 2766 4610 2939 4664; x_wconf 83' lang='lat' dir='ltr'><strong>illam</strong></span> <span class='ocrx_word' id='word_1_579' title='bbox 2967 4609 3213 4676; x_wconf 81' lang='lat' dir='ltr'><strong>imitans,</strong></span> <span class='ocrx_word' id='word_1_580' title='bbox 3244 4617 3298 4665; x_wconf 90' lang='lat' dir='ltr'><strong>et</strong></span> <span class='ocrx_word' id='word_1_581' title='bbox 3324 4610 3548 4664; x_wconf 86' lang='lat' dir='ltr'><strong>verbum</strong></span> <span class='ocrx_word' id='word_1_582' title='bbox 3608 4609 3715 4665; x_wconf 81' lang='lat' dir='ltr'><strong>ob-</strong></span> 
     </span>
    </p>
   </div>
   <div class='ocr_carea' id='block_1_90' title="bbox 444 4702 2019 4775">
    <p class='ocr_par' dir='ltr' id='par_1_90' title="bbox 444 4702 2019 4775">
     <span class='ocr_line' id='line_1_90' title="bbox 444 4702 2019 4775; baseline 0.004 -21"><span class='ocrx_word' id='word_1_583' title='bbox 444 4702 715 4772; x_wconf 87' lang='grc' dir='ltr'><strong>μούμενος</strong></span> <span class='ocrx_word' id='word_1_584' title='bbox 753 4705 782 4756; x_wconf 84' lang='grc' dir='ltr'>ὁ</span> <span class='ocrx_word' id='word_1_585' title='bbox 823 4703 920 4756; x_wconf 75' lang='grc' dir='ltr'><strong>καὶ</strong></span> <span class='ocrx_word' id='word_1_586' title='bbox 948 4703 1110 4771; x_wconf 79' lang='grc' dir='ltr'><strong>λόγον</strong></span> <span class='ocrx_word' id='word_1_587' title='bbox 1140 4702 1279 4775; x_wconf 79' lang='grc' dir='ltr'><strong>ἔχων</strong></span> <span class='ocrx_word' id='word_1_588' title='bbox 1306 4703 1398 4757; x_wconf 80' lang='grc' dir='ltr'><strong>τὸν</strong></span> <span class='ocrx_word' id='word_1_589' title='bbox 1441 4703 1903 4772; x_wconf 73' lang='grc' dir='ltr'><strong>ὲπαναγκάξοντά</strong></span> <span class='ocrx_word' id='word_1_590' title='bbox 1957 4724 2019 4761; x_wconf 89' lang='grc' dir='ltr'><strong>σε</strong></span> 
     </span>
    </p>
   </div>
   <div class='ocr_carea' id='block_1_91' title="bbox 440 4793 2020 4869">
    <p class='ocr_par' dir='ltr' id='par_1_91' title="bbox 440 4793 2020 4869">
     <span class='ocr_line' id='line_1_91' title="bbox 440 4793 2020 4869; baseline 0.003 -23"><span class='ocrx_word' id='word_1_591' title='bbox 440 4793 824 4863; x_wconf 80' lang='grc' dir='ltr'><strong>ἐπιμελεῖσθαι</strong></span> <span class='ocrx_word' id='word_1_592' title='bbox 851 4794 944 4848; x_wconf 84' lang='grc' dir='ltr'><strong>τοῦ</strong></span> <span class='ocrx_word' id='word_1_593' title='bbox 967 4793 1199 4864; x_wconf 73' lang='grc' dir='ltr'><strong>ἀγαθοῦ,</strong></span> <span class='ocrx_word' id='word_1_594' title='bbox 1230 4796 1325 4849; x_wconf 69' lang='grc' dir='ltr'><strong>καὶ</strong></span> <span class='ocrx_word' id='word_1_595' title='bbox 1347 4796 1710 4869; x_wconf 75' lang='grc' dir='ltr'><strong>ὑποκείμενος</strong></span> <span class='ocrx_word' id='word_1_596' title='bbox 1757 4798 1836 4869; x_wconf 83' lang='grc' dir='ltr'><strong>τῷ</strong></span> <span class='ocrx_word' id='word_1_597' title='bbox 1877 4815 2020 4869; x_wconf 83' lang='grc' dir='ltr'><strong>χρη-</strong></span> 
     </span>
    </p>
   </div>
   <div class='ocr_carea' id='block_1_92' title="bbox 443 4882 2030 4962">
    <p class='ocr_par' dir='ltr' id='par_1_92' title="bbox 443 4882 2030 4962">
     <span class='ocr_line' id='line_1_92' title="bbox 443 4882 2030 4962; baseline 0.004 -24"><span class='ocrx_word' id='word_1_598' title='bbox 443 4882 560 4955; x_wconf 87' lang='grc' dir='ltr'><strong>στῷ</strong></span> <span class='ocrx_word' id='word_1_599' title='bbox 589 4884 740 4957; x_wconf 80' lang='grc' dir='ltr'><strong>ςυγῷ</strong></span> <span class='ocrx_word' id='word_1_600' title='bbox 781 4886 892 4940; x_wconf 88' lang='grc' dir='ltr'><strong>τῶν</strong></span> <span class='ocrx_word' id='word_1_601' title='bbox 917 4886 1148 4940; x_wconf 76' lang='grc' dir='ltr'><strong>ἐντολῶν</strong></span> <span class='ocrx_word' id='word_1_602' title='bbox 1185 4887 1281 4940; x_wconf 82' lang='grc' dir='ltr'><strong>τοῦ</strong></span> <span class='ocrx_word' id='word_1_603' title='bbox 1303 4886 1464 4952; x_wconf 82' lang='grc' dir='ltr'><strong>Θεοῦ,</strong></span> <span class='ocrx_word' id='word_1_604' title='bbox 1496 4891 1555 4942; x_wconf 84' lang='grc' dir='ltr'><strong>ὲν</strong></span> <span class='ocrx_word' id='word_1_605' title='bbox 1587 4889 1750 4942; x_wconf 59' lang='grc' dir='ltr'><strong>παντί⁵</strong></span> <span class='ocrx_word' id='word_1_606' title='bbox 1801 4889 1879 4961; x_wconf 84' lang='grc' dir='ltr'><strong>τῷ</strong></span> <span class='ocrx_word' id='word_1_607' title='bbox 1929 4893 2030 4962; x_wconf 78' lang='grc' dir='ltr'><strong>τῆς</strong></span> 
     </span>
    </p>
   </div>
   <div class='ocr_carea' id='block_1_93' title="bbox 442 4974 2031 5051">
    <p class='ocr_par' dir='ltr' id='par_1_93' title="bbox 442 4974 2031 5051">
     <span class='ocr_line' id='line_1_93' title="bbox 442 4974 2031 5051; baseline 0.001 -23"><span class='ocrx_word' id='word_1_608' title='bbox 442 4974 588 5029; x_wconf 81' lang='grc' dir='ltr'><strong>κατά</strong></span> <span class='ocrx_word' id='word_1_609' title='bbox 616 4975 716 5047; x_wconf 87' lang='grc' dir='ltr'><strong>τὴν</strong></span> <span class='ocrx_word' id='word_1_610' title='bbox 744 4974 900 5047; x_wconf 71' lang='grc' dir='ltr'><strong>ζωήν</strong></span> <span class='ocrx_word' id='word_1_611' title='bbox 923 4989 1020 5029; x_wconf 87' lang='grc' dir='ltr'><strong>σου</strong></span> <span class='ocrx_word' id='word_1_612' title='bbox 1044 4975 1310 5051; x_wconf 74' lang='grc' dir='ltr'><strong>ἐργασίας</strong></span> <span class='ocrx_word' id='word_1_613' title='bbox 1330 4975 1530 5047; x_wconf 84' lang='grc' dir='ltr'><strong>χρόνῳ,</strong></span> <span class='ocrx_word' id='word_1_614' title='bbox 1564 4976 1840 5047; x_wconf 81' lang='grc' dir='ltr'><strong>συλλέγειν</strong></span> <span class='ocrx_word' id='word_1_615' title='bbox 1870 4978 2031 5032; x_wconf 78' lang='grc' dir='ltr'><strong>σπεῦ-</strong></span> 
     </span>
    </p>
   </div>
   <div class='ocr_carea' id='block_1_94' title="bbox 440 5058 2025 5141">
    <p class='ocr_par' dir='ltr' id='par_1_94' title="bbox 440 5058 2025 5141">
     <span class='ocr_line' id='line_1_94' title="bbox 440 5058 2025 5141; baseline 0.004 -23"><span class='ocrx_word' id='word_1_616' title='bbox 440 5066 500 5119; x_wconf 81' lang='grc' dir='ltr'><strong>δε</strong></span> <span class='ocrx_word' id='word_1_617' title='bbox 535 5066 631 5129; x_wconf 82' lang='grc' dir='ltr'><strong>τάς</strong></span> <span class='ocrx_word' id='word_1_618' title='bbox 652 5066 875 5138; x_wconf 82' lang='grc' dir='ltr'><strong>ἀρετὰς,</strong></span> <span class='ocrx_word' id='word_1_619' title='bbox 916 5067 1012 5121; x_wconf 71' lang='grc' dir='ltr'><strong>καὶ</strong></span> <span class='ocrx_word' id='word_1_620' title='bbox 1039 5066 1505 5139; x_wconf 76' lang='grc' dir='ltr'><strong>ἀποθησαυρίζειν</strong></span> <span class='ocrx_word' id='word_1_621' title='bbox 1526 5058 1698 5132; x_wconf 80' lang='grc' dir='ltr'><strong>αὐτὰς</strong></span> <span class='ocrx_word' id='word_1_622' title='bbox 1732 5070 1798 5140; x_wconf 81' lang='grc' dir='ltr'><strong>τῇ</strong></span> <span class='ocrx_word' id='word_1_623' title='bbox 1852 5069 2025 5141; x_wconf 78' lang='grc' dir='ltr'><strong>ψυχῇ,</strong></span> 
     </span>
    </p>
   </div>
   <div class='ocr_carea' id='block_1_95' title="bbox 445 5153 2027 5230">
    <p class='ocr_par' dir='ltr' id='par_1_95' title="bbox 445 5153 2027 5230">
     <span class='ocr_line' id='line_1_95' title="bbox 445 5153 2027 5230; baseline 0.003 -22"><span class='ocrx_word' id='word_1_624' title='bbox 445 5156 535 5211; x_wconf 78' lang='grc' dir='ltr'><strong>ἵνα</strong></span> <span class='ocrx_word' id='word_1_625' title='bbox 563 5154 693 5209; x_wconf 77' lang='grc' dir='ltr'><strong>ὅταν</strong></span> <span class='ocrx_word' id='word_1_626' title='bbox 716 5153 860 5227; x_wconf 76' lang='grc' dir='ltr'><strong>αὕτη</strong></span> <span class='ocrx_word' id='word_1_627' title='bbox 892 5158 958 5228; x_wconf 79' lang='grc' dir='ltr'><strong>τῇ</strong></span> <span class='ocrx_word' id='word_1_628' title='bbox 983 5156 1093 5210; x_wconf 82' lang='grc' dir='ltr'><strong>ἀπὸ</strong></span> <span class='ocrx_word' id='word_1_629' title='bbox 1134 5155 1228 5210; x_wconf 83' lang='grc' dir='ltr'><strong>τοῦ</strong></span> <span class='ocrx_word' id='word_1_630' title='bbox 1259 5155 1513 5225; x_wconf 87' lang='grc' dir='ltr'><strong>σώματος</strong></span> <span class='ocrx_word' id='word_1_631' title='bbox 1577 5156 1859 5211; x_wconf 85' lang='grc' dir='ltr'><strong>διαστάσει</strong></span> <span class='ocrx_word' id='word_1_632' title='bbox 1908 5175 2027 5230; x_wconf 84' lang='grc' dir='ltr'><strong>χει-</strong></span> 
     </span>
    </p>
   </div>
   <div class='ocr_carea' id='block_1_96' title="bbox 2121 4702 3723 4773">
    <p class='ocr_par' dir='ltr' id='par_1_96' title="bbox 2121 4702 3723 4773">
     <span class='ocr_line' id='line_1_96' title="bbox 2121 4702 3723 4773; baseline -0.001 -14"><span class='ocrx_word' id='word_1_633' title='bbox 2121 4718 2349 4759; x_wconf 87' lang='lat' dir='ltr'><strong>servans</strong></span> <span class='ocrx_word' id='word_1_634' title='bbox 2377 4702 2524 4772; x_wconf 89' lang='lat' dir='ltr'><strong>quod</strong></span> <span class='ocrx_word' id='word_1_635' title='bbox 2551 4713 2604 4758; x_wconf 90' lang='lat' dir='ltr'><strong>te</strong></span> <span class='ocrx_word' id='word_1_636' title='bbox 2630 4703 2700 4756; x_wconf 88' lang='lat' dir='ltr'><strong>ad</strong></span> <span class='ocrx_word' id='word_1_637' title='bbox 2736 4704 2938 4757; x_wconf 88' lang='lat' dir='ltr'><strong>bonum</strong></span> <span class='ocrx_word' id='word_1_638' title='bbox 2972 4702 3325 4772; x_wconf 89' lang='lat' dir='ltr'><strong>operandum</strong></span> <span class='ocrx_word' id='word_1_639' title='bbox 3359 4703 3613 4773; x_wconf 91' lang='lat' dir='ltr'><strong>impellit,</strong></span> <span class='ocrx_word' id='word_1_640' title='bbox 3660 4711 3723 4758; x_wconf 73' lang='lat' dir='ltr'><strong>et</strong></span> 
     </span>
    </p>
   </div>
   <div class='ocr_carea' id='block_1_97' title="bbox 2122 4790 3717 4865">
    <p class='ocr_par' dir='ltr' id='par_1_97' title="bbox 2122 4790 3717 4865">
     <span class='ocr_line' id='line_1_97' title="bbox 2122 4790 3717 4865; baseline -0.001 -17"><span class='ocrx_word' id='word_1_641' title='bbox 2122 4793 2270 4848; x_wconf 88' lang='lat' dir='ltr'><strong>dulci</strong></span> <span class='ocrx_word' id='word_1_642' title='bbox 2306 4790 2693 4846; x_wconf 89' lang='lat' dir='ltr'><strong>mandatorum</strong></span> <span class='ocrx_word' id='word_1_643' title='bbox 2733 4792 3051 4848; x_wconf 85' lang='lat' dir='ltr'><strong>divinorum</strong></span> <span class='ocrx_word' id='word_1_644' title='bbox 3077 4792 3214 4865; x_wconf 75' lang='lat' dir='ltr'><strong>jugo</strong></span> <span class='ocrx_word' id='word_1_645' title='bbox 3278 4792 3613 4854; x_wconf 83' lang='lat' dir='ltr'><strong>submissus,</strong></span> <span class='ocrx_word' id='word_1_646' title='bbox 3643 4792 3717 4846; x_wconf 61' lang='lat' dir='ltr'><strong>[eo</strong></span> 
     </span>
    </p>
   </div>
   <div class='ocr_carea' id='block_1_98' title="bbox 2124 4882 3714 4954">
    <p class='ocr_par' dir='ltr' id='par_1_98' title="bbox 2124 4882 3714 4954">
     <span class='ocr_line' id='line_1_98' title="bbox 2124 4882 3714 4954; baseline -0.001 -15"><span class='ocrx_word' id='word_1_647' title='bbox 2124 4884 2272 4939; x_wconf 89' lang='lat' dir='ltr'><strong>stina</strong></span> <span class='ocrx_word' id='word_1_648' title='bbox 2294 4884 2529 4939; x_wconf 86' lang='lat' dir='ltr'><strong>virtutes</strong></span> <span class='ocrx_word' id='word_1_649' title='bbox 2573 4883 2860 4954; x_wconf 72' lang='lat' dir='ltr'><strong>colligere,</strong></span> <span class='ocrx_word' id='word_1_650' title='bbox 2925 4895 2979 4938; x_wconf 92' lang='lat' dir='ltr'><strong>et</strong></span> <span class='ocrx_word' id='word_1_651' title='bbox 3012 4885 3216 4938; x_wconf 84' lang='lat' dir='ltr'><strong>animae</strong></span> <span class='ocrx_word' id='word_1_652' title='bbox 3273 4882 3662 4937; x_wconf 81' lang='lat' dir='ltr'><strong>tltesaurizut&#39;e</strong></span> <span class='ocrx_word' id='word_1_653' title='bbox 3699 4900 3714 4937; x_wconf 89' lang='lat'><strong>:</strong></span> 
     </span>
    </p>
   </div>
   <div class='ocr_carea' id='block_1_99' title="bbox 2128 4976 3721 5049">
    <p class='ocr_par' dir='ltr' id='par_1_99' title="bbox 2128 4976 3721 5049">
     <span class='ocr_line' id='line_1_99' title="bbox 2128 4976 3721 5049; baseline -0.002 -18"><span class='ocrx_word' id='word_1_654' title='bbox 2128 4984 2209 5041; x_wconf 88' lang='lat' dir='ltr'><strong>ut,</strong></span> <span class='ocrx_word' id='word_1_655' title='bbox 2235 4990 2359 5032; x_wconf 87' lang='lat' dir='ltr'><strong>cum</strong></span> <span class='ocrx_word' id='word_1_656' title='bbox 2383 4976 2501 5047; x_wconf 87' lang='lat' dir='ltr'><strong>ipsa</strong></span> <span class='ocrx_word' id='word_1_657' title='bbox 2533 4990 2564 5030; x_wconf 90' lang='lat' dir='ltr'><strong>a</strong></span> <span class='ocrx_word' id='word_1_658' title='bbox 2590 4990 2829 5049; x_wconf 87' lang='lat' dir='ltr'><strong>corpore</strong></span> <span class='ocrx_word' id='word_1_659' title='bbox 2862 4986 3115 5046; x_wconf 79' lang='lat' dir='ltr'><strong>separata</strong></span> <span class='ocrx_word' id='word_1_660' title='bbox 3178 4976 3580 5042; x_wconf 76' lang='lat' dir='ltr'><strong>hibernav’erit,</strong></span> <span class='ocrx_word' id='word_1_661' title='bbox 3648 4990 3721 5030; x_wconf 30' lang='lat' dir='ltr'><strong>ex,</strong></span> 
     </span>
    </p>
   </div>
   <div class='ocr_carea' id='block_1_100' title="bbox 2130 5063 3720 5135">
    <p class='ocr_par' dir='ltr' id='par_1_100' title="bbox 2130 5063 3720 5135">
     <span class='ocr_line' id='line_1_100' title="bbox 2130 5063 3720 5135; baseline -0.001 -14"><span class='ocrx_word' id='word_1_662' title='bbox 2130 5067 2263 5131; x_wconf 87' lang='lat' dir='ltr'><strong>illis,</strong></span> <span class='ocrx_word' id='word_1_663' title='bbox 2287 5070 2341 5124; x_wconf 91' lang='lat' dir='ltr'><strong>in</strong></span> <span class='ocrx_word' id='word_1_664' title='bbox 2383 5068 2746 5133; x_wconf 87' lang='lat' dir='ltr'><strong>abundantia,</strong></span> <span class='ocrx_word' id='word_1_665' title='bbox 2774 5068 3054 5122; x_wconf 88' lang='lat' dir='ltr'><strong>nutriatur</strong></span> <span class='ocrx_word' id='word_1_666' title='bbox 3081 5066 3134 5119; x_wconf 90' lang='lat' dir='ltr'><strong>in</strong></span> <span class='ocrx_word' id='word_1_667' title='bbox 3155 5079 3254 5135; x_wconf 88' lang='lat' dir='ltr'><strong>spe</strong></span> <span class='ocrx_word' id='word_1_668' title='bbox 3281 5063 3593 5118; x_wconf 73' lang='lat' dir='ltr'><strong>futurorum</strong></span> <span class='ocrx_word' id='word_1_669' title='bbox 3618 5064 3720 5120; x_wconf 83' lang='lat' dir='ltr'><strong>bo-</strong></span> 
     </span>
    </p>
   </div>
   <div class='ocr_carea' id='block_1_101' title="bbox 2137 5157 3218 5231">
    <p class='ocr_par' dir='ltr' id='par_1_101' title="bbox 2137 5157 3218 5231">
     <span class='ocr_line' id='line_1_101' title="bbox 2137 5157 3218 5231; baseline -0.002 -17"><span class='ocrx_word' id='word_1_670' title='bbox 2137 5175 2374 5227; x_wconf 87' lang='lat' dir='ltr'><strong>norum;</strong></span> <span class='ocrx_word' id='word_1_671' title='bbox 2406 5161 2449 5214; x_wconf 86' lang='lat' dir='ltr'><strong>si</strong></span> <span class='ocrx_word' id='word_1_672' title='bbox 2477 5174 2607 5216; x_wconf 86' lang='lat' dir='ltr'><strong>vero</strong></span> <span class='ocrx_word' id='word_1_673' title='bbox 2626 5159 2873 5231; x_wconf 74' lang='lat' dir='ltr'><strong>negligas</strong></span> <span class='ocrx_word' id='word_1_674' title='bbox 2907 5157 3218 5213; x_wconf 81' lang='lat' dir='ltr'><strong>formicam.</strong></span> 
     </span>
    </p>
   </div>
   <div class='ocr_carea' id='block_1_102' title="bbox 449 5243 3716 5321">
    <p class='ocr_par' dir='ltr' id='par_1_102' title="bbox 449 5243 3716 5321">
     <span class='ocr_line' id='line_1_102' title="bbox 449 5243 3716 5321; baseline 0.002 -24"><span class='ocrx_word' id='word_1_675' title='bbox 449 5244 712 5317; x_wconf 79' lang='grc' dir='ltr'><strong>μάζηται,</strong></span> <span class='ocrx_word' id='word_1_676' title='bbox 756 5245 1027 5318; x_wconf 77' lang='grc' dir='ltr'><strong>τρέφηται</strong></span> <span class='ocrx_word' id='word_1_677' title='bbox 1080 5243 1148 5307; x_wconf 79' lang='grc' dir='ltr'><strong>δι’</strong></span> <span class='ocrx_word' id='word_1_678' title='bbox 1203 5246 1383 5300; x_wconf 80' lang='grc' dir='ltr'><strong>αὐτῶν</strong></span> <span class='ocrx_word' id='word_1_679' title='bbox 1428 5247 1494 5317; x_wconf 77' lang='grc' dir='ltr'><strong>τῇ</strong></span> <span class='ocrx_word' id='word_1_680' title='bbox 1552 5244 1724 5298; x_wconf 72' lang='grc' dir='ltr'><strong>ἐλπίδι</strong></span> <span class='ocrx_word' id='word_1_681' title='bbox 1774 5245 1886 5299; x_wconf 87' lang='grc' dir='ltr'><strong>τῶν</strong></span> <span class='ocrx_word' id='word_1_682' title='bbox 1929 5247 2233 5318; x_wconf 86' lang='grc' dir='ltr'><strong>μελλόντων</strong></span> <span class='ocrx_word' id='word_1_683' title='bbox 2279 5250 2502 5319; x_wconf 83' lang='grc' dir='ltr'><strong>ἀγαθῶν</strong></span> <span class='ocrx_word' id='word_1_684' title='bbox 2559 5249 2759 5314; x_wconf 82' lang='grc' dir='ltr'><strong>ἱκανῶς</strong></span> <span class='ocrx_word' id='word_1_685' title='bbox 2782 5265 2798 5283; x_wconf 78' lang='grc' dir='ltr'><strong><em>ο</em></strong></span> <span class='ocrx_word' id='word_1_686' title='bbox 2831 5250 2880 5304; x_wconf 85' lang='grc' dir='ltr'><strong>εί</strong></span> <span class='ocrx_word' id='word_1_687' title='bbox 2916 5250 2973 5304; x_wconf 77' lang='grc' dir='ltr'><strong>δὲ</strong></span> <span class='ocrx_word' id='word_1_688' title='bbox 3012 5249 3107 5303; x_wconf 82' lang='grc' dir='ltr'><strong>καὶ</strong></span> <span class='ocrx_word' id='word_1_689' title='bbox 3145 5248 3381 5321; x_wconf 75' lang='grc' dir='ltr'><strong>παρόψει</strong></span> <span class='ocrx_word' id='word_1_690' title='bbox 3434 5249 3526 5303; x_wconf 85' lang='grc' dir='ltr'><strong>τδν</strong></span> <span class='ocrx_word' id='word_1_691' title='bbox 3583 5250 3716 5321; x_wconf 70' lang='grc' dir='ltr'><strong>μύρα</strong></span> 
     </span>
    </p>
   </div>
   <div class='ocr_carea' id='block_1_103' title="bbox 450 5357 624 5413">
    <p class='ocr_par' dir='ltr' id='par_1_103' title="bbox 450 5357 624 5413">
     <span class='ocr_line' id='line_1_103' title="bbox 450 5357 624 5413; baseline -0.034 -1"><span class='ocrx_word' id='word_1_692' title='bbox 450 5357 624 5413; x_wconf 82' lang='grc' dir='ltr'><strong>μηκα.</strong></span> 
     </span>
    </p>
   </div>
   <div class='ocr_carea' id='block_1_104' title="bbox 531 5431 2031 5507">
    <p class='ocr_par' dir='ltr' id='par_1_104' title="bbox 531 5431 2031 5507">
     <span class='ocr_line' id='line_1_104' title="bbox 531 5431 2031 5507; baseline 0.001 -20"><span class='ocrx_word' id='word_1_693' title='bbox 531 5432 860 5501; x_wconf 79' lang='grc' dir='ltr'><strong>Πορεύθητι</strong></span> <span class='ocrx_word' id='word_1_694' title='bbox 893 5431 1044 5500; x_wconf 81' lang='grc' dir='ltr'><strong>πρὸς</strong></span> <span class='ocrx_word' id='word_1_695' title='bbox 1075 5431 1191 5501; x_wconf 84' lang='grc' dir='ltr'><strong>τὴν</strong></span> <span class='ocrx_word' id='word_1_696' title='bbox 1230 5431 1563 5502; x_wconf 72' lang='grc' dir='ltr'><strong>μέλισσαν.</strong></span> <span class='ocrx_word' id='word_1_697' title='bbox 1609 5435 1770 5489; x_wconf 83' lang='grc' dir='ltr'><strong>Ἀλλά</strong></span> <span class='ocrx_word' id='word_1_698' title='bbox 1792 5452 1857 5504; x_wconf 88' lang='grc' dir='ltr'><strong>γε</strong></span> <span class='ocrx_word' id='word_1_699' title='bbox 1892 5435 2031 5507; x_wconf 84' lang='grc' dir='ltr'><strong>πρὸς</strong></span> 
     </span>
    </p>
   </div>
   <div class='ocr_carea' id='block_1_105' title="bbox 444 5523 1958 5599">
    <p class='ocr_par' dir='ltr' id='par_1_105' title="bbox 444 5523 1958 5599">
     <span class='ocr_line' id='line_1_105' title="bbox 444 5523 1958 5599; baseline 0 -18"><span class='ocrx_word' id='word_1_700' title='bbox 444 5526 549 5597; x_wconf 79' lang='grc' dir='ltr'><strong>τὴν</strong></span> <span class='ocrx_word' id='word_1_701' title='bbox 587 5525 848 5597; x_wconf 80' lang='grc' dir='ltr'><strong>μέλισσαν</strong></span> <span class='ocrx_word' id='word_1_702' title='bbox 876 5523 1102 5587; x_wconf 80' lang='grc' dir='ltr'><strong>ἄπελθε,</strong></span> <span class='ocrx_word' id='word_1_703' title='bbox 1134 5524 1202 5579; x_wconf 80' lang='grc' dir='ltr'><strong>τὰ</strong></span> <span class='ocrx_word' id='word_1_704' title='bbox 1231 5525 1440 5598; x_wconf 85' lang='grc' dir='ltr'><strong>ταύτης</strong></span> <span class='ocrx_word' id='word_1_705' title='bbox 1473 5526 1609 5599; x_wconf 82' lang='grc' dir='ltr'><strong>ἔργα</strong></span> <span class='ocrx_word' id='word_1_706' title='bbox 1655 5526 1958 5581; x_wconf 82' lang='grc' dir='ltr'><strong>κατανοῶν.</strong></span> 
     </span>
    </p>
   </div>
   <div class='ocr_carea' id='block_1_106' title="bbox 518 5617 2034 5690">
    <p class='ocr_par' dir='ltr' id='par_1_106' title="bbox 518 5617 2034 5690">
     <span class='ocr_line' id='line_1_106' title="bbox 518 5617 2034 5690; baseline -0.001 -15"><span class='ocrx_word' id='word_1_707' title='bbox 518 5620 626 5676; x_wconf 80' lang='grc' dir='ltr'><strong>Καὶ</strong></span> <span class='ocrx_word' id='word_1_708' title='bbox 650 5618 826 5689; x_wconf 80' lang='grc' dir='ltr'><strong>μάθε,</strong></span> <span class='ocrx_word' id='word_1_709' title='bbox 859 5618 941 5684; x_wconf 87' lang='grc' dir='ltr'><strong>ὡς</strong></span> <span class='ocrx_word' id='word_1_710' title='bbox 958 5617 1194 5687; x_wconf 77' lang='grc' dir='ltr'><strong>ἐργάτις</strong></span> <span class='ocrx_word' id='word_1_711' title='bbox 1246 5620 1402 5687; x_wconf 80' lang='grc' dir='ltr'><strong>ἐστὶ,</strong></span> <span class='ocrx_word' id='word_1_712' title='bbox 1451 5621 1567 5687; x_wconf 80' lang='grc' dir='ltr'><strong>τήν</strong></span> <span class='ocrx_word' id='word_1_713' title='bbox 1621 5636 1686 5674; x_wconf 81' lang='grc' dir='ltr'><strong>τε</strong></span> <span class='ocrx_word' id='word_1_714' title='bbox 1743 5620 2034 5690; x_wconf 78' lang='grc' dir='ltr'><strong>ἐργασίαν</strong></span> 
     </span>
    </p>
   </div>
   <div class='ocr_carea' id='block_1_107' title="bbox 448 5708 2033 5781">
    <p class='ocr_par' dir='ltr' id='par_1_107' title="bbox 448 5708 2033 5781">
     <span class='ocr_line' id='line_1_107' title="bbox 448 5708 2033 5781; baseline -0.003 -14"><span class='ocrx_word' id='word_1_715' title='bbox 448 5711 531 5775; x_wconf 82' lang='grc' dir='ltr'><strong>ὠς</strong></span> <span class='ocrx_word' id='word_1_716' title='bbox 559 5709 798 5781; x_wconf 84' lang='grc' dir='ltr'><strong>σεμνὴν</strong></span> <span class='ocrx_word' id='word_1_717' title='bbox 826 5708 1102 5763; x_wconf 81' lang='grc' dir='ltr'><strong>ποιεῖται.</strong></span> <span class='ocrx_word' id='word_1_718' title='bbox 1140 5710 1252 5763; x_wconf 75' lang='grc' dir='ltr'><strong>Καὶ</strong></span> <span class='ocrx_word' id='word_1_719' title='bbox 1273 5710 1443 5779; x_wconf 89' lang='grc' dir='ltr'><strong>γνῶθι</strong></span> <span class='ocrx_word' id='word_1_720' title='bbox 1467 5712 1549 5765; x_wconf 86' lang='grc' dir='ltr'><strong>ὅτι</strong></span> <span class='ocrx_word' id='word_1_721' title='bbox 1583 5710 1679 5765; x_wconf 73' lang='grc' dir='ltr'><strong>καὶ</strong></span> <span class='ocrx_word' id='word_1_722' title='bbox 1708 5709 2033 5781; x_wconf 79' lang='grc' dir='ltr'><strong>αὖτηὲργά-</strong></span> 
     </span>
    </p>
   </div>
   <div class='ocr_carea' id='block_1_108' title="bbox 976 5802 2037 5875">
    <p class='ocr_par' dir='ltr' id='par_1_108' title="bbox 976 5802 2037 5875">
     <span class='ocr_line' id='line_1_108' title="bbox 976 5802 2037 5875; baseline 0.005 -20"><span class='ocrx_word' id='word_1_723' title='bbox 976 5802 1139 5875; x_wconf 73' lang='grc' dir='ltr'><strong>ἔργον</strong></span> <span class='ocrx_word' id='word_1_724' title='bbox 1194 5805 1364 5874; x_wconf 78' lang='grc' dir='ltr'><strong>αὐτῆς</strong></span> <span class='ocrx_word' id='word_1_725' title='bbox 1426 5805 1681 5861; x_wconf 75' lang='grc' dir='ltr'><strong>ἀποτελεῖ</strong></span> <span class='ocrx_word' id='word_1_726' title='bbox 1734 5805 2037 5875; x_wconf 75' lang='grc' dir='ltr'><strong>ἐντιμότα-</strong></span> 
     </span>
    </p>
   </div>
   <div class='ocr_carea' id='block_1_109' title="bbox 452 5803 901 5870">
    <p class='ocr_par' dir='ltr' id='par_1_109' title="bbox 452 5803 901 5870">
     <span class='ocr_line' id='line_1_109' title="bbox 452 5803 901 5870; baseline 0.004 -15"><span class='ocrx_word' id='word_1_727' title='bbox 452 5808 631 5870; x_wconf 81' lang='grc' dir='ltr'><strong>ζεται,</strong></span> <span class='ocrx_word' id='word_1_728' title='bbox 682 5804 775 5859; x_wconf 78' lang='grc' dir='ltr'><strong>καὶ</strong></span> <span class='ocrx_word' id='word_1_729' title='bbox 839 5803 901 5857; x_wconf 81' lang='grc' dir='ltr'><strong>τὸ</strong></span> 
     </span>
    </p>
   </div>
   <div class='ocr_carea' id='block_1_110' title="bbox 455 5915 571 5951">
    <p class='ocr_par' dir='ltr' id='par_1_110' title="bbox 455 5915 571 5951">
     <span class='ocr_line' id='line_1_110' title="bbox 455 5915 571 5951; baseline 0.009 -1"><span class='ocrx_word' id='word_1_730' title='bbox 455 5915 548 5950; x_wconf 70' lang='grc' dir='ltr'><strong>των</strong></span> <span class='ocrx_word' id='word_1_731' title='bbox 556 5938 571 5951; x_wconf 83' lang='grc'><strong>.</strong></span> 
     </span>
    </p>
   </div>
   <div class='ocr_carea' id='block_1_111' title="bbox 2214 5428 3719 5504">
    <p class='ocr_par' dir='ltr' id='par_1_111' title="bbox 2214 5428 3719 5504">
     <span class='ocr_line' id='line_1_111' title="bbox 2214 5428 3719 5504; baseline -0.001 -15"><span class='ocrx_word' id='word_1_732' title='bbox 2214 5435 2357 5490; x_wconf 84' lang='lat' dir='ltr'><strong>Vade</strong></span> <span class='ocrx_word' id='word_1_733' title='bbox 2390 5435 2459 5488; x_wconf 86' lang='lat' dir='ltr'><strong>ad</strong></span> <span class='ocrx_word' id='word_1_734' title='bbox 2489 5450 2660 5502; x_wconf 87' lang='lat' dir='ltr'><strong>apem.</strong></span> <span class='ocrx_word' id='word_1_735' title='bbox 2686 5433 2769 5489; x_wconf 83' lang='lat' dir='ltr'><strong>Ad</strong></span> <span class='ocrx_word' id='word_1_736' title='bbox 2801 5447 2965 5504; x_wconf 86' lang='lat' dir='ltr'><strong>apem</strong></span> <span class='ocrx_word' id='word_1_737' title='bbox 3028 5432 3187 5497; x_wconf 89' lang='lat' dir='ltr'><strong>vade,</strong></span> <span class='ocrx_word' id='word_1_738' title='bbox 3213 5431 3369 5488; x_wconf 84' lang='lat' dir='ltr'><strong>illius</strong></span> <span class='ocrx_word' id='word_1_739' title='bbox 3388 5428 3555 5503; x_wconf 80' lang='lat' dir='ltr'><strong>opera</strong></span> <span class='ocrx_word' id='word_1_740' title='bbox 3582 5446 3719 5487; x_wconf 82' lang='lat' dir='ltr'><strong>con-</strong></span> 
     </span>
    </p>
   </div>
   <div class='ocr_carea' id='block_1_112' title="bbox 2133 5527 2509 5584">
    <p class='ocr_par' dir='ltr' id='par_1_112' title="bbox 2133 5527 2509 5584">
     <span class='ocr_line' id='line_1_112' title="bbox 2133 5527 2509 5584; baseline -0.011 0"><span class='ocrx_word' id='word_1_741' title='bbox 2133 5527 2509 5584; x_wconf 83' lang='lat' dir='ltr'><strong>sideraturus.</strong></span> 
     </span>
    </p>
   </div>
   <div class='ocr_carea' id='block_1_113' title="bbox 2212 5619 3721 5691">
    <p class='ocr_par' dir='ltr' id='par_1_113' title="bbox 2212 5619 3721 5691">
     <span class='ocr_line' id='line_1_113' title="bbox 2212 5619 3721 5691; baseline -0.001 -17"><span class='ocrx_word' id='word_1_742' title='bbox 2212 5619 2277 5674; x_wconf 88' lang='lat' dir='ltr'><strong>Et</strong></span> <span class='ocrx_word' id='word_1_743' title='bbox 2309 5620 2476 5685; x_wconf 81' lang='lat' dir='ltr'><strong>disce,</strong></span> <span class='ocrx_word' id='word_1_744' title='bbox 2512 5621 2639 5691; x_wconf 87' lang='lat' dir='ltr'><strong>quia</strong></span> <span class='ocrx_word' id='word_1_745' title='bbox 2706 5619 2984 5674; x_wconf 80' lang='lat' dir='ltr'><strong>laboriosa</strong></span> <span class='ocrx_word' id='word_1_746' title='bbox 3027 5625 3130 5685; x_wconf 80' lang='lat' dir='ltr'><strong>est,</strong></span> <span class='ocrx_word' id='word_1_747' title='bbox 3171 5629 3220 5674; x_wconf 83' lang='lat' dir='ltr'><strong>et</strong></span> <span class='ocrx_word' id='word_1_748' title='bbox 3290 5636 3421 5691; x_wconf 83' lang='lat' dir='ltr'><strong>opus</strong></span> <span class='ocrx_word' id='word_1_749' title='bbox 3463 5627 3721 5690; x_wconf 78' lang='lat' dir='ltr'><strong>tanquam</strong></span> 
     </span>
    </p>
   </div>
   <div class='ocr_carea' id='block_1_114' title="bbox 2136 5711 3718 5783">
    <p class='ocr_par' dir='ltr' id='par_1_114' title="bbox 2136 5711 3718 5783">
     <span class='ocr_line' id='line_1_114' title="bbox 2136 5711 3718 5783; baseline -0.003 -15"><span class='ocrx_word' id='word_1_750' title='bbox 2136 5721 2382 5768; x_wconf 82' lang='lat' dir='ltr'><strong>sanctum</strong></span> <span class='ocrx_word' id='word_1_751' title='bbox 2435 5713 2610 5782; x_wconf 72' lang='lat' dir='ltr'><strong>efﬁcit.</strong></span> <span class='ocrx_word' id='word_1_752' title='bbox 2644 5711 2708 5766; x_wconf 86' lang='lat' dir='ltr'><strong>Et</strong></span> <span class='ocrx_word' id='word_1_753' title='bbox 2761 5712 2937 5778; x_wconf 85' lang='lat' dir='ltr'><strong>disce,</strong></span> <span class='ocrx_word' id='word_1_754' title='bbox 2969 5712 3115 5783; x_wconf 88' lang='lat' dir='ltr'><strong>quod</strong></span> <span class='ocrx_word' id='word_1_755' title='bbox 3145 5722 3198 5767; x_wconf 88' lang='lat' dir='ltr'><strong>et</strong></span> <span class='ocrx_word' id='word_1_756' title='bbox 3224 5711 3343 5782; x_wconf 87' lang='lat' dir='ltr'><strong>ipsa</strong></span> <span class='ocrx_word' id='word_1_757' title='bbox 3372 5712 3605 5776; x_wconf 75' lang='lat' dir='ltr'><strong>laborat,</strong></span> <span class='ocrx_word' id='word_1_758' title='bbox 3665 5717 3718 5764; x_wconf 83' lang='lat' dir='ltr'><strong>et</strong></span> 
     </span>
    </p>
   </div>
   <div class='ocr_carea' id='block_1_115' title="bbox 2137 5804 3257 5884">
    <p class='ocr_par' dir='ltr' id='par_1_115' title="bbox 2137 5804 3257 5884">
     <span class='ocr_line' id='line_1_115' title="bbox 2137 5804 3257 5884; baseline 0.001 -24"><span class='ocrx_word' id='word_1_759' title='bbox 2137 5819 2279 5875; x_wconf 88' lang='lat' dir='ltr'><strong>opus</strong></span> <span class='ocrx_word' id='word_1_760' title='bbox 2308 5804 2456 5861; x_wconf 86' lang='lat' dir='ltr'><strong>illius</strong></span> <span class='ocrx_word' id='word_1_761' title='bbox 2484 5804 2971 5862; x_wconf 77' lang='lat' dir='ltr'><strong>lmnoratissimum</strong></span> <span class='ocrx_word' id='word_1_762' title='bbox 3003 5804 3257 5884; x_wconf 78' lang='lat' dir='ltr'><strong>eﬂicitur.</strong></span> 
     </span>
    </p>
   </div>
  </div>
