3958 6382
224 426 353 501 1273

1200 430 1743 493 COMMENTARII
1785 432 1870 493 IN
1902 432 2361 496 PROVERBIA.

219 538 330 600 θοῦ,
361 534 638 589 ἐλεύσεται
662 534 911 605 δαψιλὴς,
938 532 1027 591 οἷα
1050 538 1198 610 πηγὴ
1232 530 1442 609 ἄφθονα
1483 543 1780 612 προχέουσα

1904 542 2020 599 fons
2044 546 2184 602 dans
2214 547 2473 618 copiosos
2498 544 2726 615 ﬂuetus,
2765 549 2968 607 messis
2987 550 3206 608 fructus
3239 567 3464 623 Operam

219 630 451 698 νάματα,
494 628 528 698 ἡ
559 627 655 679 τοῦ
681 628 897 699 καρποῦ
924 628 1035 682 τῶν
1059 632 1159 699 τῆς
1204 630 1554 702 δικαιοσύνης
1605 632 1780 704 ἔργων

1911 633 2134 689 ιιειὶιὶε.

219 718 538 790 συγκομιδή.
585 736 603 751 ·

296 812 357 866 Ἠ
381 810 451 863 δὲ
474 810 675 865 ἔνδεια
695 825 812 866 σου
844 811 1046 881 ὥσπερ
1080 814 1266 879 κακὸς
1300 812 1561 884 δρομεὺς
1591 816 1788 870 ἀπαυ-

180 903 561 972 ,τομολήσεα
594 904 668 957 Τδ
694 904 751 958 δὲ
792 903 883 959 διὰ
910 903 972 959 τὸ
1004 906 1068 957 ἐκ
1118 906 1279 976 ψιλῆς
1318 906 1512 975 ἀκοῆς,
1562 908 1657 960 καὶ
1711 908 1786 979 μὴ

216 995 354 1050 κατὰ
386 998 581 1064 πεῖραν
607 998 918 1066 πρακτικὴν
946 996 1144 1051 εἰδέναι
1169 1014 1230 1050 σε
1272 998 1332 1049 τὸ
1362 996 1529 1065 ὄντως
1559 997 1786 1065 ἀγαθὸν,

214 1086 415 1156 προσόν
451 1101 533 1138 σοι
562 1084 755 1156 πρώην
800 1086 926 1158 περὶ
958 1087 1059 1158 τὴν
1087 1086 1277 1140 τούτου
1326 1087 1533 1154 γνῶσιν
1581 1087 1784 1153 ἐνδεὲς,

213 1174 469 1245 φεύξεται
492 1176 602 1229 ἀπὸ
640 1172 735 1229 σοῦ
769 1192 786 1209 ο
824 1178 928 1230 οὐκ
984 1178 1151 1241 ὀξέως
1190 1177 1380 1247 ὥσπερ
1422 1180 1489 1248 τῇ
1546 1177 1791 1249 ἀπραξίᾳ

211 1267 304 1320 τοῦ
331 1266 499 1320 καλοῦ
546 1267 948 1337 παραγέγονεν,
980 1268 1115 1322 ἀλλὰ
1142 1269 1519 1339 σχολαιότερον
1548 1272 1668 1333 ταῖς
1692 1286 1791 1322 κα-

208 1356 273 1409 τὰ
313 1355 480 1426 μέρος
527 1355 813 1425 ἐργασίαις
839 1358 951 1410 τῶν
979 1358 1231 1422 ἐντολῶν,
1256 1358 1335 1422 ώς
1357 1358 1548 1421 ἄτονός
1569 1374 1653 1420 τις
1671 1358 1793 1429 δροο

211 1447 372 1519 μεὺς,
404 1445 494 1500 διὰ
523 1446 705 1517 τὸτῆς
748 1449 994 1517 κτήσεως
1038 1447 1133 1501 τοῦ
1193 1448 1406 1514 ἀγαθοῦ
1461 1450 1791 1517 πρόσαντες.

275 1534 368 1605 ιβ’.
405 1537 586 1605 Ἀνὴρ
643 1536 850 1606 ἄφρων
912 1537 1013 1592 καί
1068 1539 1432 1608 παράνομος,
1480 1543 1795 1608 πορεύεται

1963 810 2078 865 Τιια
2110 820 2289 865 autem
2318 822 2544 881 egestas,
2586 825 2645 870 ut
2671 818 2847 872 malus
2869 836 3079 888 cursor,
3099 821 3252 892 longe
3278 822 3465 893 fugiet.

1891 900 2013 957 Eta
2061 912 2111 956 te
2166 903 2326 974 longe
2350 904 2519 975 fugiet
2574 908 2819 964 detectus
2896 911 3139 967 scientiae.
3189 913 3355 978 boni,
3410 914 3465 966 in

1889 1006 2053 1062 quem
2113 990 2356 1048 incidisti
2393 1010 2502 1049 non
2551 1004 2760 1052 attente
2799 997 3101 1063 audiendo,
3135 1007 3190 1053 et
3248 1002 3465 1070 praxim

1889 1089 2004 1142 veri
2026 1088 2498 1156 boniignorando,
2533 1107 2641 1147 non
2693 1094 2917 1163 quidem
2984 1096 3267 1161 velociter,
3319 1096 3467 1153 sicut

1890 1178 2210 1248 supervenit
2239 1179 2294 1233 in
2321 1183 2375 1233 t'e
2404 1179 2534 1235 boni
2573 1184 2925 1253 negligentia,
2959 1187 3054 1242 sed
3075 1187 3281 1242 lentius
3333 1201 3465 1258 par-

1891 1272 1989 1326 tim
2016 1286 2181 1340 quam
2198 1273 2590 1327 mandatorum
2626 1274 2896 1344 impletio,
2951 1277 3149 1332 similis
3178 1279 3462 1348 languenti

1890 1360 2132 1425 cursori,
2162 1364 2236 1417 ob
2266 1362 2493 1418 virtutis
2530 1363 2920 1433 acquisitionis
2945 1365 3358 1423 ditIicultatem.

1963 1539 2134 1595 Vens.
2171 1540 2258 1594 12.
2289 1538 2382 1594 Vir
2411 1542 2720 1596 insensatus
2747 1550 2797 1596 et
2837 1544 3052 1613 iniquus
3075 1546 3318 1599 ambulat
3374 1561 3467 1615 per

3335 448 3464 511 127i
3556 454 3561 459 ’

205 1628 389 1695 ὁδοὺς
416 1631 531 1684 οὐκ
593 1629 840 1698 ἀγαθάς.
899 1629 1223 1702 ’Ἄνθρωπος
1262 1633 1475 1701 ἀγνοῶν
1506 1635 1569 1688 τὸ
1621 1634 1780 1698 ὅντως

1904 1633 2005 1687 vias
2031 1650 2134 1688 non
2159 1634 2344 1691 bonas.
2375 1634 2472 1689 Vir
2497 1636 2752 1691 nesciens
2814 1651 3005 1691 verum
3041 1637 3246 1692 bonum
3273 1649 3324 1695 et
3362 1642 3469 1695 ini-

201 1719 392 1784 καλὸν,
415 1719 512 1775 καὶ
537 1719 608 1773 τὰ
642 1722 931 1792 παράλογα
959 1722 1241 1792 πράττων,
1266 1724 1323 1775 ἑν
1346 1724 1534 1787 σκότει
1560 1724 1780 1792 ἀγνοίας

1904 1740 1999 1795 qua
2024 1724 2259 1789 faciens,
2301 1726 2356 1779 in
2380 1725 2626 1781 tenebris
2659 1727 3003 1797 ignorantiae,
3036 1736 3092 1783 et
3114 1729 3170 1782 in
3193 1729 3468 1785 scandalis

198 1814 290 1867 καὶ
318 1811 722 1884 προσκόμμασι
761 1815 983 1879 κακίας,
1017 1815 1117 1885 τὴν
1145 1814 1343 1869 ἑαυτοῦ
1381 1814 1528 1888 ζωὴν
1581 1816 1780 1886 διεξέρ·

1904 1815 2139 1882 malitiae,
2172 1816 2342 1870 vitam
2376 1831 2529 1872 suam
2556 1818 2730 1873 ducit.

197 1922 379 1977 χεται..
404 1924 413 1935 ·
1815 1922 1858 1977 nl
1900 1936 1915 1944 -

271 1994 361 2064 ιγ.
407 1996 472 2048 '0
511 1994 565 2048 δ’
632 1996 816 2061 αὐτὸς
876 1997 1108 2049 ἐννεύει
1162 1996 1467 2066 ὀφθαλμῷ,
1506 1997 1780 2067 σημαίνει

1965 1991 2389 2063 Vsns.l5.lpse
2411 2001 2588 2047 autem
2652 1994 2841 2048 annuit
2888 1994 3080 2059 oculis,
3137 1996 3260 2049 terit
3315 1996 3467 2065 pede,

201 2087 269 2141 δὲ
293 2086 459 2150 ποδί,
498 2085 772 2141 διδάσκει
803 2086 875 2141 δὲ
909 2088 1176 2157 νεύμασι
1207 2088 1543 2142 δακτύλων.
1599 2088 1660 2141 '0
1680 2089 1780 2141 αὒ-

200 2179 360 2243 τὸςδὲ
394 2178 496 2234 ἅτε
517 2178 586 2233 τὰ
610 2179 961 2249 προσήκοντα
978 2181 1092 2241 τοῖς
1129 2179 1308 2247 λόγοις
1326 2179 1635 2246 ἀγαθὰ,καὶ
1656 2178 1783 2244 ἄξια

201 2270 417 2342 γλώττῃ
442 2268 816 2342 προφέρεσθαι
854 2268 951 2323 καὶ
992 2269 1126 2322 ὠσὶν
1171 2268 1492 2333 ἀκούεσθαι,
1559 2268 1634 2339 μὴ
1672 2267 1785 2321 δια-

200 2355 571 2435 λογιζόμενος,
595 2356 801 2410 δέδοικε
826 2357 1037 2427 ῥήμασι
1074 2359 1376 2430 προφέρειν
1396 2359 1457 2412 τὸ
1483 2358 1593 2412 τῶν
1613 2358 1780 2413 αὑτοῦ

203 2446 603 2519 ἐνθυμημάτων
647 2449 1198 2520 πεπανουργευμένον
1228 2451 1322 2504 καὶ
1347 2450 1568 2522 δολερόν
1594 2465 1609 2481 ο
1670 2451 1780 2504 πά·-

204 2538 285 2594 λιν
310 2540 376 2611 δὴ
419 2540 710 2604 κοινωνούς
738 2558 896 2604 τινας
940 2541 1089 2611 ἔχειν
1132 2541 1241 2595 τῶν
1300 2542 1556 2613 πονηρῶν
1610 2541 1779 2597 αὐτοῦ

196 2631 601 2704 διανοημάτων,
630 2631 842 2685 οἴκοθεν
869 2631 1210 2701 βιαζόμενος,
1274 2630 1554 2702 ὀφθαλμοῦ
1576 2650 1639 2686 τε
1684 2633 1781 2687 καὶ

197 2723 357 2786 ποδὸς
440 2722 539 2776 καὶ
585 2721 867 2776 δακτύλων
912 2722 1118 2793 χειρὸς,
1170 2723 1423 2793 πονηρῶς
1470 2724 1774 2794 ἐσχηματι-

162 2812 165 2813 ⁷
198 2814 421 2885 σμένοις
445 2807 731 2883 κινήμασι,
758 2812 953 2884 μηνύει
977 2811 1042 2866 τὸ
1070 2811 1328 2884 βουλητὸν
1350 2813 1499 2884 αὐτῷ
1519 2817 1630 2878 τοῖς
1651 2817 1780 2886 ὀμο-

194 2907 424 2978 τρόποις
460 2903 652 2959 αὑτοῦ.

264 3002 349 3053 ιδ’.
377 2996 821 3066 Διεστραμμένῃ
858 2995 928 3049 δὲ
952 2995 1166 3065 καρδίᾳ
1194 2995 1563 3050 τεκταίνεται
1596 2995 1776 3051 κακά.

193 3085 693 3159 Παρεγκεκλιμένῃ
729 3086 788 3139 δὲ
810 3083 905 3138 τοῦ
961 3083 1152 3143 εὐθέος
1207 3084 1443 3156 διανοίᾳ,
1478 3088 1549 3139 τά
1606 3086 1782 3157 παρά·

195 3180 332 3248 λογα
362 3181 786 3251 διαπράττεται.

267 3276 382 3327 Ἔνι
400 3278 581 3330 παντί
599 3277 784 3345 καιρῷ
803 3281 837 3332 ό
861 3280 1133 3345 τοιοῦτος
1154 3276 1421 3347 ταραχὰς
1442 3277 1781 3343 συνίστησι

191 3368 394 3422 πόλει.
437 3361 610 3432 Οὗτος
635 3372 781 3425 κατὰ
813 3371 996 3425 πάντα
1027 3372 1222 3443 καιρὸν
1257 3370 1569 3441 εὐπραγίας
1598 3370 1632 3438 ἢ
1654 3370 1780 3422 δυσ-

188 3460 466 3529 πραγίας,
522 3462 763 3532 τάραχον
810 3462 1000 3515 παθών
1047 3462 1191 3525 κατὰ
1233 3463 1463 3531 γνώμην
1495 3462 1697 3531 ὑφιστᾷ
1712 3462 1779 3531 τῇ

185 3549 295 3619 ίδίᾳ
369 3550 513 3622 ψυχῇ
537 3567 550 3581 ο
584 3552 644 3603 ὲν
761 3552 1055 3624 περιπολεῖ
1103 3552 1248 3605 κατὰ
1292 3550 1535 3604 διάθεσιν
1564 3550 1599 3621 ἡ
1623 3548 1782 3621 τριὰς

184 3643 297 3697 τῶν
326 3643 540 3715 ταύτης
564 3644 849 3714 δυνάμεων
871 3659 886 3675 ·
915 3644 1135 3708 στάσεις
1185 3643 1422 3713 ἐγείρων
1450 3641 1547 3695 τοῦ
1581 3658 1643 3695 τε
1661 3641 1783 3695 ἐπι-

191 3736 507 3806 θυμητικοῦ
543 3734 768 3789 καὶτοῦ
817 3734 1053 3804 θυμικοῦ
1113 3734 1256 3790 κατὰ
1306 3733 1402 3787 τοῦ
1444 3731 1777 3801 λογιστικοῦ,

188 3831 252 3884 ὲν
316 3828 398 3898 τῷ
453 3829 595 3902 μήτε
652 3829 774 3897 κατ’
835 3828 1133 3899 ἐπιθυμίαν
1190 3827 1298 3881 τῶν
1341 3827 1516 3898 ἡδέων
1576 3828 1780 3895 ἐγκρα-

187 3921 447 3976 τεύεσθαι
477 3963 492 3989 ,
544 3923 683 3995 μήτε
740 3923 883 3977 κατὰ
942 3922 1115 3992 θυμὸν
1173 3922 1474 3993 ὑπομένειν
1538 3919 1609 3973 τὰ
1662 3919 1779 3974 θλι-

189 4010 356 4082 6ερά.
1397 4078 1403 4083 .

265 4108 352 4163 ιε’,
377 4108 473 4168 ις’.
505 4103 607 4157 Διὰ
652 4102 829 4183 τοῇτο
889 4103 1185 4173 ἐξαπίνης
1222 4105 1459 4174 ἔρχεται
1500 4102 1772 4159 ἀπώλεια

186 4193 405 4258 αὐτοῦ,
426 4193 682 4263 διακοπὴ
711 4193 812 4248 καί
837 4196 1131 4263 συν-τριϐὴ
1154 4196 1422 4263 ἀνίατος.
1458 4195 1548 4250 ὅτι
1575 4196 1772 4264 χαίρει

186 4285 291 4339 ἐπὶ
314 4283 511 4340 πᾶσιν
536 4279 628 4351 οἷς
650 4284 872 4354 μισεῖὁ
892 4286 1129 4355 Κύριος.
1158 4287 1355 4341 Ἔνθεν
1381 4304 1464 4341 τοι
1481 4286 1733 4355 αίφνιδίω
1748 4303 1776 4349 ς

191 4378 491 4448 ἐπέρχεται
535 4377 767 4449 τούτῳὴ
802 4378 965 4432 αὐτοῦ
997 4378 1395 4450 ἐξολόθρευσις,
1452 4379 1777 4451 ὑπάρχουσα

188 4470 479 4541 χωρισμός
511 4485 571 4522 τε
605 4469 786 4539 ψυχῆς
806 4469 915 4523 ἀπὸ
940 4468 1216 4535 σώματος,
1239 4471 1332 4523 καὶ
1363 4470 1589 4533 κόλασις
1621 4469 1778 4533 τέλος

1889 2085 2055 2154 signis
2077 2084 2365 2154 digitorum
2399 2084 2573 2140 docet.
2607 2084 2703 2139 llle
2730 2093 2938 2153 autem,
3006 2086 3151 2141 bona
3191 2094 3246 2140 et
3296 2095 3467 2151 recta,

1889 2177 2163 2231 mandatis
2184 2176 2450 2244 imperata
2470 2192 2570 2231 nec
2594 2191 2691 2232 ore
2719 2176 2870 2247 loqui
2898 2190 3000 2232 nec
3030 2176 3257 2231 auribus
3276 2176 3469 2232 audire

1888 2264 2100 2330 volens,
2149 2264 2336 2320 verbis
2360 2265 2708 2321 mendacium
2762 2274 2821 2322 et
2884 2266 3159 2321 fallaciam
3233 2281 3463 2322 suorum

1890 2354 2248 2411 consiliorum
2280 2371 2389 2410 non
2412 2357 2608 2425 audet;
2640 2357 2738 2413 sed
2771 2358 2979 2425 denuo,
3009 2358 3278 2411 malarum
3318 2358 3467 2427 cogi-

1888 2447 2157 2501 tationum
2197 2447 2377 2503 socios
2404 2447 2607 2504 habere
2636 2451 2869 2519 cupiens
2926 2450 2979 2503 in
3011 2450 3216 2517 seipso,
3248 2454 3302 2501 et
3324 2463 3462 2502 ocu-

1840 2544 1843 2545 ⁷
1889 2539 2091 2607 lorum,
2125 2549 2180 2597 et
2201 2541 2421 2610 pedum,
2446 2541 2810 2612 etdigitorum
2835 2541 3014 2596 medio
3043 2540 3462 2596 simulatis-ma-

1834 2710 1837 2711 ν
1888 2631 1956 2688 lis
1990 2635 2272 2707 Operibus,
2313 2634 2394 2690 eis
2417 2635 2512 2705 qui
2546 2639 2741 2693 eadem
2778 2650 2843 2692 ac
2871 2635 2991 2706 ipse
3012 2635 3281 2699 sentiant,
3303 2646 3463 2689 suam

1887 2724 2208 2808 manifestat
2235 2726 2603 2782 Voluntatem.

1959 3008 2130 3067 Vsus.
2167 3010 2257 3065 ll.
2292 3008 2465 3066 Corde
2487 3025 2652 3081 pravo
2677 3009 3023 3078 machinatur
3060 3007 3231 3062 mala.
3266 3005 3468 3061 Anima

1887 3117 1919 3156 a
1953 3112 2105 3159 recto
2133 3109 2366 3168 remota,
2401 3101 2592 3172 iniqua
2616 3107 2905 3172 operatur.

1954 3280 2114 3337 Omni
2146 3293 2397 3354 tempore,
2423 3285 2522 3339 iste
2544 3282 2833 3339 seditiones
2871 3283 3075 3339 excitat
3133 3282 3192 3334 in
3234 3280 3467 3334 civitate.

1885 3379 1979 3433 llle
2001 3388 2182 3436 autem
2204 3381 2322 3435 sive
2351 3380 2744 3450 prosperitatis
2769 3380 2889 3435 sive
2924 3377 3258 3433 calamitatis
3321 3383 3466 3428 tem-

1885 3483 2043 3536 pore,
2093 3470 2384 3523 tumultum
2447 3469 2811 3537 cupiditatum
2861 3467 3176 3522 voluntarie
3233 3465 3470 3521 suscitat

1884 3556 2084 3610 animae
2110 3572 2247 3621 suae,
2288 3557 2343 3610 in
2379 3571 2487 3626 qua
2530 3558 2838 3611 constituta
2895 3554 2998 3610 fuit
3025 3555 3248 3609 trinitas
3272 3561 3469 3623 poten-

1882 3649 2083 3702 tiarnm
2118 3648 2417 3717 :aqniete,
2480 3646 2968 3718 concupiscibilem
3020 3656 3076 3701 et
3131 3646 3463 3701 irascibilem

1880 3741 2206 3812 excitatope
2245 3741 2657 3807 intellectualis,
2690 3748 2751 3794 ut
2799 3740 2927 3804 illae,
2973 3754 3071 3796 nec
3122 3740 3464 3808 voluptatum

1882 3831 2275 3900 cupiditatibus
2322 3831 2618 3902 imperent,
2660 3846 2765 3887 nec
2795 3831 3015 3888 fortiter
3073 3830 3464 3886 tribulationes

1883 3924 2217 3980 sustineant.

1950 4103 2119 4161 Vens.
2146 4105 2233 4168 15,
2266 4104 2350 4160 i6.
2389 4103 2600 4160 Idcirco
2628 4104 2805 4160 subito
2842 4105 3011 4159 veniet
3031 4103 3271 4175 perditio
3306 4104 3463 4173 ejus;

1881 4197 2123 4267 fractura
2169 4207 2219 4250 et
2259 4196 2537 4250 tribulatio
2561 4213 2665 4251 non
2719 4196 3010 4262 sanabiles,
3059 4199 3187 4266 quia
3248 4195 3465 4249 lwtatur

1879 4289 1933 4342 in
1961 4288 2027 4343 iis
2054 4303 2173 4358 qure
2198 4288 2308 4341 odit
2331 4287 2609 4342 Dominus.
2649 4285 2780 4342 Inde
2833 4292 3014 4342 veniet
3048 4287 3145 4340 tibi
3186 4287 3462 4355 insperata

1879 4376 2210 4441 destructio,
2237 4377 2638 4445 separationem
2666 4377 2862 4431 anima:
2890 4390 3126 4445 operans
3156 4391 3184 4428 a
3209 4389 3458 4445 corpore.

1878 4475 1933 4522 et
1993 4467 2318 4537 supplicium
2356 4468 2476 4522 sine
2526 4468 2635 4523 fine
2667 4466 2937 4532 efferens;
2988 4466 3118 4536 quia
3153 4469 3370 4519 laetatur
3408 4463 3459 4516 in

184 4559 292 4613 οὐκ
343 4556 580 4629 ἔχουσι’
613 4558 748 4612 διότι
809 4558 1236 4629 ἐπευφραίνεται
1266 4549 1446 4612 ’πᾶσιν
1476 4554 1557 4623 οἷς
1623 4561 1774 4630 μισεῖ

1904 4556 1948 4610 is
1969 4571 2094 4626 quae
2121 4556 2239 4611 odit
2257 4555 2414 4613 ‘Deus
2441 4558 2688 4612 omnium
2708 4556 3016 4620 ‘Dominus,
3051 4563 3104 4609 et
3129 4563 3384 4609 versatur
3403 4554 3459 4607 in

183 4654 213 4707 ὁ
242 4651 470 4704 πάντων
492 4649 771 4718 Δεσπότης
797 4649 951 4712 Θεὸς,
979 4649 1072 4702 καὶ
1100 4650 1533 4721 ἀποστρέφεται.

256 4742 731 4811 Συντριϐήσεται
745 4740 815 4795 δὲ
846 4740 922 4795 δι’
940 4742 1321 4809 ἀκαθαρσίαν
1341 4741 1571 4812 ψυχῆς.
1594 4740 1774 4795 Κολα-

186 4832 455 4903 σθήσεται
475 4833 542 4898 δ’,
564 4833 637 4896 ὡς
655 4834 895 4904 εἴρηται,
931 4834 1021 4887 διὰ
1041 4834 1133 4887 τὸν
1157 4837 1221 4888 ὲκ
1240 4835 1333 4887 τοῦ
1368 4834 1630 4908 βορϐόρου
1664 4834 1773 4888 τῶν

184 4924 385 4980 παθῶν
418 4923 695 4992 μολυσμὸν
724 4925 825 4995 τῆς
854 4924 1033 4995 ψυχῆς
1058 4925 1274 4980 ἑαυτοῦ.

255 5016 350 5082 ιζ’.
410 5017 750 5087 ὀφθαλμὸς
807 5019 1117 5086 ὑϐριστοῦ.
1180 5018 1414 5090 Βλέμμα
1471 5017 1776 5091 μεμψιμοί-

186 5125 309 5180 ρου.

255 5198 467 5265 Χεῖρες
495 5199 816 5267 ἐκχέουσαι
840 5197 989 5269 αἷμα
1018 5202 1275 5257 δίκαιον.
1327 5201 1566 5274 Πράξεις
1619 5218 1773 5273 μιαι-

184 5291 342 5361 φόνοι
363 5293 503 5345 κατὰ
532 5285 746 5345 δικαίου
773 5292 988 5361 ἀνδρός.
1398 5340 1399 5343 η

259 5388 354 5451 ιη’.
410 5382 636 5450 Καρδία
662 5384 1099 5453 τεκταινομένη
1129 5385 1463 5453 λογισμοὺς
1526 5384 1770 5450 κακούς.

185 5472 409 5526 Διὰνοια
435 5475 846 5545 ὲπιτεχνωμὲνη
874 5475 1117 5546 πονηρὰς
1146 5475 1502 5544 ἐνθυμήσεις.

257 5566 372 5620 Καὶ
400 5566 585 5634 πόδες
615 5567 1093 5632 ἐπισπεύδοντες
1122 5567 1489 5620 κακοποιεῖν.
1544 5567 1653 5619 Καὶ
1678 5567 1773 5638 ὀρ-

187 5660 292 5730 μαὶ
333 5660 412 5722 είς
448 5660 655 5731 βλάϐην
690 5660 786 5713 τοῦ
823 5660 993 5724 πέλας
1023 5660 1475 5731 ὲπιταχύνουσαῑ.

257 5747 924 5818 Ἐεολοθρευθήσονται.
956 5752 1317 5822 Χωρήσουσιν
1366 5753 1445 5814 εἰς
1490 5749 1769 5805 ἀπώλειαν

189 5838 455 5910 παντελῆ,
492 5841 567 5904 ὡς
587 5841 707 5910 Θεῷ
736 5842 832 5897 καὶ
858 5842 1175 5914 ἀνθρώποις
1199 5842 1524 5912 μισούμενα.

1883 4647 2011 4703 illis.
2077 4689 2085 4699 .

1953 4739 2268 4796 Conteretur
2295 4740 2585 4810 ignominia
2615 4739 2859 4807 spiritus.
2925 4737 2991 4791 Et
3046 4739 3192 4794 sicut
3249 4737 3457 4793 dictum

1887 4833 2222 4903 supplicium
2279 4832 2454 4896 dabit,
2490 4840 2717 4903 propter
2765 4832 2966 4887 animae
3015 4846 3130 4886 suae
3165 4830 3458 4894 maculam,

1883 4932 2062 4978 ortam
2084 4938 2153 4978 ex
2179 4931 2424 4977 stercore
2456 4925 2849 4993 cupiditatum.

1954 5012 2121 5069 Vens.
2165 5015 2251 5068 ΓΙ.
2291 5013 2491 5071 Oculus
2529 5016 2758 5082 superbi.
2794 5014 3002 5069 Oculus
3036 5011 3104 5068 de
3164 4993 3448 5080 aliis‘que-

1880 5106 2083 5160 rentis.

1957 5196 2147 5252 Manus
2170 5198 2495 5267 e/fundentes
2541 5200 2852 5266 sanguinem
2893 5199 3127 5268 justum.
3190 5197 3460 5253 Actiones

1880 5287 2089 5347 homini
2122 5289 2272 5358 justo
2306 5299 2534 5343 mortem
2578 5289 2889 5344 afferentes.

1953 5376 2114 5435 Van.
2149 5380 2233 5434 l8.
2259 5378 2367 5434 Cor
2407 5380 2717 5434 macltinans
2779 5379 3135 5450 cogitationes
3160 5380 3449 5448 pessimos.

1879 5471 2152 5540 Cogitatio
2176 5470 2315 5523 mala
2344 5471 2578 5525 consilia
2615 5471 2964 5526 machinans.

1948 5561 2023 5616 Et
2071 5561 2225 5631 pedes
2265 5562 2577 5631 festinantes
2613 5561 2682 5616 ad
2722 5563 2922 5616 malum
2980 5562 3318 5633 faciendum.
3388 5558 3457 5613 Et

1877 5656 2110 5711 consilia
2128 5656 2195 5710 ad
2221 5656 2520 5726 perniciem
2552 5655 2785 5724 proximi
2820 5656 3159 5711 festinantia.

1948 5746 2485 5802 Exterminabuntur.
2561 5745 2945 5816 Properabunt
3008 5746 3075 5802 ad
3155 5743 3455 5814 perfectam

1880 5841 2264 5911 perditionem,
2301 5853 2423 5894 cum
2454 5838 2563 5893 sint
2587 5845 2640 5893 et
2660 5838 2981 5897 hominibus
3011 5847 3064 5894 ct
3104 5836 3214 5891 Deo
3240 5837 3455 5890 odiosa.
