3958 6402
138 428 295 495 1277

1240 426 1783 503 COMMENTARII
1818 442 1900 503 IN
1945 433 2409 507 PBOVEBBIA.

3302 441 3447 510 1278

135 547 322 614 ἔργον
369 563 487 614 σου,
522 546 610 602 ῐνα
626 565 679 604 τι
711 548 848 624 εὕρῃ
876 548 1135 625 διαϐολῆς
1162 553 1336 623 ἄξιον,
1358 554 1456 610 καὶ
1473 554 1745 627 διαϐάλλῃ

1870 567 1912 613 ιι
1939 559 2148 629 aliquid
2180 558 2475 613 calumniae
2505 551 2734 628 dignum
2764 554 3027 621 inveniat,
3091 554 3148 610 et
3179 568 3280 625 per
3337 555 3451 615 hoc

135 642 210 694 ἐκ
242 643 448 695 τούτου
476 643 571 697 καὶ
607 643 707 715 τὴν
725 645 1033 718 ἀμώμητον
1055 647 1241 702 πίστιν
1273 666 1394 704 σου.

172 772 177 776 .
214 738 329 787 κε’.
364 733 481 798 Υἱὲ,
500 736 586 804 μή
608 749 683 788 σε
704 737 937 806 νικήσῃ
959 722 1227 807 κάλλους
1263 739 1568 812 ἐπιθυμία.
1621 740 1751 800 Δοι-

139 822 277 888 πὸν,
318 825 378 877 ἐν
413 825 606 896 Κυρίῳ
635 827 848 895 τέκνον,
883 829 958 899 μή
983 846 1042 883 σε
1078 832 1293 906 ήττήσῃ
1322 831 1750 906 κάλλους-χρόνῳ

142 914 563 984 μαραινομένου
593 914 877 986 ἀλόγιστος
899 918 1111 988 ἔφεσις.

214 1004 398 1074 Μηδὲ
422 1007 723 1078 ἁποευθῇς
752 1010 889 1078 σοῖς
906 1011 1257 1084 ὀφθαλμοῖς.
1286 1013 1439 1085 Μηδὲ
1482 1014 1749 1084 παγιδευ-

138 1095 247 1167 θῇς
280 1095 397 1148 ἀπὸ
419 1096 528 1151 τῶν
572 1098 683 1152 σῶν
714 1099 1034 1173 ὀφθαλμῶν,
1071 1102 1222 1175 ὥραν
1276 1087 1539 1173 γυναικὸς
1590 1121 1752 1176 περι-

140 1186 337 1258 έργως
365 1187 646 1261 ὁρώντων.
876 1225 880 1229 ς

214 1278 399 1346 Μηδὲ
423 1281 868 1352 συναρπτιισθῇς
894 1282 1013 1339 ἀπὸ
1042 1282 1162 1339 τῶν
1180 1284 1374 1354 αὐτῆς
1394 1284 1747 1357 βλεφάρων.

140 1370 308 1441 Μηδὲ
335 1370 428 1424 διὰ
477 1371 589 1426 τῶν
621 1375 1128 1447 προσκαλουμένων
1178 1395 1240 1431 σε
1284 1377 1423 1449 πρὸς
1466 1378 1616 1451 μίξιν
1669 1378 1754 1432 αἱ·

144 1462 331 1532 σχρὰν
357 1460 653 1534 βλεφάρων
682 1465 875 1537 αὐτῆς,
890 1467 1264 1541 συνελκυσθῇς
1287 1469 1519 1540 ταχέως,
1538 1470 1632 1524 καὶ
1655 1467 1751 1523 τοῦ

144 1554 440 1629 σώφρονος
466 1556 560 1609 καὶ
589 1555 990 1629 καθεστηκότος
1020 1556 1224 1631 ἐκστῇς
1249 1561 1537 1632 λοῃσμοῦ.

217 1652 341 1710 κς·¹.
388 1642 679 1718 Τιμὴ’γὰρ
725 1650 979 1718 πόρνης,
1020 1651 1288 1705 ὡσεὶκαί
1350 1651 1490 1719 ἐνὸς
1542 1650 1749 1720 ἄρτου.

141 1738 438 1808 Μισθωμα
486 1741 598 1809 γὰρ
651 1741 919 1810 γυναικὸς
963 1742 1192 1815 πόρνης,
1241 1742 1560 1813 ἐλάχιστον*
1618 1742 1753 1796 ὡσεὶ

140 1835 378 1904 τίμημα
446 1836 617 1906 ἄρτου
675 1837 829 1901 ἐνὸς,
890 1835 1052 1908 ἡδονὴ
1109 1836 1453 1909 πρόσκαιρος
1498 1837 1750 1915 ὑπάρχον

1857 659 2011 705 tuam
2038 648 2582 718 irreprehensibilem
2617 646 2781 702 tidem
2806 646 3200 702 calumnietur.

1928 737 2099 794 Vens.
2129 738 2222 793 25,
2248 736 2382 803 Fili,
2413 754 2477 793 ne
2496 747 2546 793 te
2578 739 2754 792 uincat
2786 736 3201 807 pulchritudinis
3223 739 3439 809 cupido.

1857 830 1917 887 in
1938 831 2170 901 reliquo,
2199 829 2273 885 illi
2299 831 2354 884 in
2380 828 2632 895 Domino,
2656 842 2725 885 ne
2756 837 2809 884 te
2830 836 3054 900 superet
3072 828 3443 899 pulchritudi-

1857 925 1967 989 nis,
2003 937 2128 992 qua:
2158 936 2254 992 per
2295 928 2515 991 tempus
2536 920 2930 992 exstinguitur,
2949 920 3188 975 absurda
3213 919 3439 990 cupido.

1930 1015 2015 1072 Ne
2070 1016 2303 1083 capiaris
2344 1015 2448 1069 tuis
2503 1013 2699 1068 oculis.
2754 1011 2836 1068 Ne
2869 1013 3115 1082 capiaris
3158 1011 3269 1067 tuis
3304 1025 3454 1066 acu--

1858 1108 1948 1175 iis,
1987 1107 2153 1162 nimis
2217 1103 2377 1161 avide
2415 1105 2661 1161 mulieris
2708 1102 3176 1175 pulchritudinem
3220 1091 3442 1172 conspi-

1857 1200 2152 1257 cientibus.
2368 1189 2375 1197 “
2509 1216 2515 1220 ·

1932 1291 2017 1348 Ne
2065 1308 2099 1345 a
2130 1290 2331 1346 retibus
2367 1287 2881 1359 palpebrarumejus
2903 1285 3157 1355 capiaris.
3194 1280 3272 1340 Ne
3325 1284 3455 1338 cito'

1861 1384 2184 1456 illaquearis
2235 1381 2515 1452 palpebris
2549 1380 2692 1450 ejus,
2737 1390 2791 1433 te
2823 1379 2891 1433 ad
2936 1387 3150 1448 turpem
3177 1392 3438 1448 congres~

1861 1495 1982 1537 sum
2006 1476 2356 1538 vocantibus,
2389 1481 2443 1530 et
2471 1488 2541 1529 ne
2575 1480 2629 1528 te
2659 1485 2691 1527 a
2723 1471 2972 1542 sapiente
3008 1478 3065 1526 et
3093 1479 3321 1526 sensato
3348 1468 3453 1540 ju-r

1859 1572 2008 1630 dicio
2030 1582 2339 1625 removeas.

1931 1659 2098 1714 Vsns.
2136 1657 2227 1713 ‘26.
2252 1655 2546 1712 Prwmium
2578 1655 2889 1718 meretricis,
2937 1653 3093 1723 quasi
3150 1652 3309 1706 unius
3340 1668 3441 1721 pa-

1861 1752 1966 1806 nis.
2018 1748 2315 1804 Praemium
2366 1747 2620 1802 mulieris
2662 1744 3002 1808 meretricis,
3060 1757 3325 1816 parvum;
3382 1750 3444 1794 ut

1860 1842 2099 1915 pretium
2153 1839 2315 1894 unius
2372 1839 2555 1909 panis,
2617 1821 2875 1906 voluptas
2928 1834 3096 1904 fugax
3164 1831 3440 1902 corporis,

144 1928 378 1997 σαρκὸς,
400 1927 478 1998 τῷ
505 1928 715 1998 ταύτης
744 1928 1361 2000 ὴδυπαθεῖἐπαρκοῢσα
1402 1931 1506 1984 ’ἐπὶ
1551 1928 1749 2002 βραχύ.

1870 1947 2166 2005 procurans
2194 1929 2360 1999 hujus
2385 1928 2643 1985 amatori.

212 2016 399 2085 Γυνὴ
458 2016 528 2103 δὲ
566 2016 806 2086 ἀνδρῶν
827 2018 1040 2086 τιμίων
1080 2018 1287 2088 ψυχὰς
1328 2019 1590 2089 ἀγρεύει.
1632 2020 1751 2072 Ἀν-

140 2104 285 2180 δρῶν
315 2108 364 2163 δ’
407 2109 689 2181 ἡτοιαύτη
719 2110 857 2181 γυνὴ
898 2110 1184 2179 παγιδεύει
1238 2111 1439 2183 ψυχὰς,
1472 2105 1552 2165 ὧν
1574 2110 1694 2175 ὅλος
1724 2113 1753 2164 6

56 2260 59 2263 λ
139 2200 335 2275 παρὼν
367 2202 585 2273 κόσμος
605 2202 707 2254 οὐκ
738 2201 886 2254 ἐστιν
922 2203 1203 2268 ἀντάξιος.

247 2290 480 2357 κζ’-κθ.
540 2290 865 2358 Ἀποδήσει
903 2308 994 2358 τις
1038 2293 1159 2362 πῦρ
1217 2293 1290 2348 ἐν
1316 2296 1546 2364 κόλπῳ,
1580 2296 1652 2350 τὰ
1682 2294 1752 2349 δὲ

141 2384 341 2455 ἱμάτια
390 2386 466 2439 οὐ
522 2385 935 2450 κατακαύσει;
979 2384 1017 2454 ἢ
1060 2382 1459 2454 περιπατήσει
1510 2404 1605 2454 τις
1655 2388 1750 2441 ἐπ’

144 2473 473 2545 ἀνθράκων
494 2475 707 2543 πυρὸς.
759 2474 904 2543 τοὺς
926 2475 998 2529 δὲ
1024 2477 1219 2543 πόδας
1247 2481 1319 2532 οὐ
1340 2481 1748 2544 κατακαύσας

148 2571 339 2636 οὕτως
369 2572 405 2625 ό
433 2570 725 2626 εἰσελθὼν
762 2571 914 2640 πρὸς
959 2573 1218 2640 γυναῖκα
1263 2573 1596 2644 ὒπανδρον,
1635 2574 1748 2627 οὐκ

145 2661 596 2731 ἀθωωθήσεται,
615 2662 763 2716 οὐδὲ
792 2663 913 2730 πᾶς
942 2665 975 2719 ὁ
997 2665 1337 2734 ἁπτόμενος
1370 2665 1587 2730 αὐτῆς.
1620 2665 1751 2718 ’Ὥσ-

144 2773 254 2825 περ
279 2756 393 2827 γὰρ
414 2756 446 2810 6
477 2755 577 2826 μὲν
615 2756 1119 2827 ἐγκολπωσάμενος
1147 2757 1285 2830 πῦρ,
1313 2757 1657 2813 κατακαύσει
1679 2756 1750 2811 τὰ

142 2848 361 2920 ἱμάτια,
387 2850 420 2902 6
440 2844 488 2902 δ’
510 2846 924 2921 ἐπ”όινθράκων
965 2849 1211 2918 βαδίσας,
1241 2852 1371 2915 τοὺς
1432 2851 1600 2915 πόδας
1653 2850 1747 2904 τὸν

143 2940 311 2996 αὐτὸν
355 2939 567 3012 τρόπον
600 2939 628 2993 ὃ
660 2958 718 2994 τε
764 2940 1142 3012 παρεμϐαλὼν
1173 2941 1388 3009 ἐαυτὸν,
1420 2941 1487 2996 δι’
1511 2942 1749 3014 αἰσχρᾶς

143 3032 427 3105 πράξεως,
467 3033 605 3105 πρὸς
636 3035 876 3103 γυναῖκα
909 3033 1362 3107 συνεζευγμένην
1408 3034 1589 3105 ἀνδρὶ,
1650 3035 1751 3097 τὰς

97 3128 101 3141 ¹
142 3126 237 3181 ἐπὶ
268 3124 352 3198 τῷ
396 3125 632 3198 τοιούτῳ
685 3124 1001 3197 ἐγκλήματι
1059 3127 1162 3182 οὐκ
1211 3125 1540 3203 ἐκφεύξεται
1567 3127 1745 3193 δίκας.

144 3218 240 3272 καὶ
272 3220 301 3272 6
325 3218 418 3272 ἐπ’
457 3219 598 3289 αὐτῇ
630 3218 772 3273 κατὰ
797 3219 1039 3275 διάνοιαν
1065 3206 1166 3292 τὴν
1210 3218 1495 3291 ἁμαρτίαν
1546 3220 1749 3273 ἀποτε-

143 3306 254 3362 λῶν
283 3325 297 3339 ’
330 3309 361 3362 6
400 3307 500 3378 μὲν
560 3305 668 3379 γὰρ
707 3308 768 3362 τὺ
833 3308 992 3378 δίκην
1046 3308 1221 3379 πυρὸς
1266 3308 1602 3362 ὑπανάπτων
1661 3308 1754 3362 τὸν

148 3401 449 3455 σατανικδν
481 3400 684 3471 ἔρωτα,
715 3401 912 3455 εἴδωλα
933 3401 1034 3471 τῆς
1067 3403 1305 3473 αἰσχρᾶς
1327 3401 1585 3473 πράξεως
1620 3396 1756 3454 ἀπο-

146 3492 264 3556 θεὶς
296 3494 366 3562 τῇ
401 3489 584 3567 ψυχῇ,
636 3491 1023 3564 ἀποτεφρὼσει
1072 3494 1175 3558 τὰς
1233 3495 1463 3565 ἀρετὰς,
1495 3493 1563 3558 ἃς
1612 3492 1752 3564 αὕτη

144 3581 296 3636 κατὰ
322 3582 658 3653 προαίρεσιν
686 3583 760 3646 ῶς
780 3583 966 3654 ἄμφιά
988 3598 1113 3639 τινα
1144 3584 1617 3657 περιϐεϐλημένη,
1646 3584 1756 3640 ἀπὸ

145 3672 243 3727 τοῦ
276 3671 557 3744 χειμῶνος
590 3673 922 3742 φυλάττεται
945 3675 1057 3729 τῶν
1115 3675 1343 3730 παθῶν
1375 3676 1482 3731 δδέ
1512 3679 1580 3750 τῇ
1613 3678 1757 3731 κατὰ

144 3764 396 3820 διάνοιαν
457 3762 659 3835 μελέτῃ
684 3764 772 3818 ἐπ’
806 3765 987 3822 αὐτῶν
1015 3766 1254 3838 βαδίζων
1299 3752 1411 3821 τῶν
1431 3768 1531 3836 τῆς
1565 3769 1752 3839 ἁμαρ-ι

146 3856 272 3919 τίας
321 3854 597 3925 ἐμπαθῶν
643 3855 947 3927 λογισμῶν,
996 3857 1092 3923 οὓς
1119 3858 1181 3912 τδ
1204 3857 1319 3928 πῦρ
1351 3858 1603 3930 ἐπανῆψε
1652 3848 1755 3929 τῆς

150 3947 477 4020 παραλόγου
497 3946 755 4020 ὀρέξεως,
785 3949 1077 4022 διαφθερεῖ
1106 3950 1176 4006 τὰ
1197 3950 1379 4021 ἀγαθὰ
1403 3951 1754 4024 διανοήματα

148 4043 251 4111 τῆς
285 4039 503 4110 ψυχῆς·
524 4032 710 4106 δι’ὧν,
742 4039 821 4104 ὥς
864 4058 1034 4096 τινων
1076 4042 1276 4111 ποδῶν,
1304 4042 1443 4115 πρὸς
1487 4043 1586 4115 τὴν
1642 4061 1751 4114 μα-

151 4131 352 4203 καρίαν
418 4130 522 4201 τῆς
564 4131 840 4197 ἀπαθείας
890 4132 1046 4205 λῆξιν
1117 4133 1259 4208 αὕτη
1314 4136 1529 4205 πέφυκε
1591 4134 1750 4206 φέρε-

155 4221 301 4276 σθαι.

219 4313 286 4368 λ’.
320 4316 405 4369 Οὐ
429 4313 786 4383 θαυμαστὸν
806 4313 917 4367 ἐὰν
959 4312 1089 4381 ἀλῶ
1137 4303 1231 4381 τιξ·
1284 4316 1587 4372 κλέπτων.
1640 4316 1753 4371 Καὶ

153 4403 304 4471 ξένον
338 4407 440 4478 μὲν
472 4405 627 4459 οὐδέν
655 4408 827 4471 ἐστιν,
859 4406 957 4459 ἐάν
995 4423 1080 4470 τις
1111 4407 1204 4460 ἐπὶ
1247 4407 1423 4478 κλοπῇ
1474 4407 1749 4481 κρατηθῇ.

156 4496 397 4552 κλέπτει
441 4497 556 4569 γὰρ
577 4496 645 4551 τὰ
675 4497 956 4568 ἀλλότρια,
982 4498 1071 4551 ἵνα
1097 4492 1174 4552 ὧν
1206 4497 1321 4571 ἔχει
1355 4498 1555 4563 ἐνδεῶς
1585 4517 1749 4571 κορε-

162 4585 284 4659 σθῇ.

223 4678 323 4734 λα’.
358 4681 511 4736 Ἐὰν
529 4681 599 4736 δὲ
635 4681 783 4749 ἁλῷ,
812 4682 1094 4738 ἀποτίσει
1128 4680 1583 4748 ἐπταπλασίως.
1625 4683 1747 4736 Φω-

163 4770 342 4836 ραθεὶς
367 4773 427 4826 δὲ
459 4774 560 4828 καὶ
596 4774 980 4846 κατασχεθεὶς,
1016 4772 1291 4828 ἀποδώσει
1341 4773 1742 4839 ἐπταπλασίως

155 4857 184 4911 ὃ
203 4861 479 4931 ἀφείλετο.
1404 4930 1407 4931 ,

224 4957 331 5010 Kal
361 4958 564 5013 πάντα
589 4958 662 5012 τὰ
686 4957 1042 5028 ὑπάρχοντα
1061 4956 1250 5011 αὐτοῦ
1278 4956 1447 5023 δοὺς,
1477 4957 1738 5025 ῥύσεται

157 5036 396 5103 ἑαυτόν.
458 5050 573 5103 Καὶ
626 5051 809 5104 πᾶσαν
845 5049 946 5121 τὴν
998 5047 1315 5121 προσοῦσαν
1347 5046 1498 5118 αὐτῷ
1527 5064 1748 5120 περιουο

162 5136 280 5191 σίαν
316 5140 639 5213 παρασχὼν,
695 5141 1106 5215 ἀπολυθήσεται
1146 5140 1242 5195 τοῦ
1267 5139 1514 5195 τοιούτου
1543 5141 1747 5214 ἐγκλή-

163 5246 349 5298 ματος.
423 5291 433 5298 .

84 5360 112 5383 ο
228 5321 328 5391 λβν.
364 5324 427 5378 '0
445 5325 515 5378 δὲ
528 5323 758 5395 μοιχός,
790 5324 864 5379 δι’
888 5325 1129 5380 ἔνδειαν
1147 5322 1406 5396 φρενῶν,
1432 5318 1742 5380 ἀπώλειαν

162 5407 232 5478 τῇ
264 5411 481 5470 ἑαυτοῦ
508 5415 683 5486 ψυχῇ
740 5416 1153 5485 περιποιεῖται.
1202 5416 1262 5470 ’0
1291 5416 1349 5469 δέ
1379 5432 1742 5487 περιπεπτω-

163 5500 275 5566 κὼς
306 5505 385 5575 τῷ
401 5508 503 5577 τῆς
532 5509 784 5579 μοιχείας
800 5509 969 5580 ἐγκλή
980 5527 1137 5580 ματι,
1153 5510 1213 5563 ού
1235 5509 1396 5578 μόνον
1412 5509 1480 5562 δι’
1499 5508 1743 5578 ἀφροσύ-

142 5606 281 5659 νην,
307 5594 405 5666 τὴν
430 5597 565 5653 ίόίαν
590 5600 818 5653 ἁπόλλει
834 5599 1013 5671 ψυχὴν
1043 5599 1188 5655 κατὰ
1204 5600 1449 5674 διάνοιαν
1481 5602 1742 5657 καὶκατὰ

169 5684 384 5753 πρᾶξιν.
410 5688 485 5750 ὡς
503 5694 743 5765 εἴρηται,

234 5772 333 5841 λγ’.
370 5779 621 5851 Ὀδὺνας
658 5802 722 5839 τε
756 5785 853 5840 καί
897 5786 1140 5855 ἀτιμίαν
1196 5787 1506 5856 ὑποφέρει.
1575 5787 1736 5846 Ἀλλὰ

168 5864 257 5915 καὶ
280 5868 563 5941 αἰκισμοὺς
602 5877 804 5945 σαρκὸς
828 5878 923 5933 καὶ
953 5878 1138 5949 ὕϐρεις
1159 5869 1479 5948 ὑφίσταται.

1925 2023 2126 2079 Mulier
2148 2022 2529 2077 honoratorum
2577 2018 2814 2075 uirbrum
2847 2019 3057 2072 animas
3090 2017 3253 2087 capit.
3287 2015 3441 2071 Talis

1855 2119 2054 2172 mulier
2086 2117 2332 2171 virorum
2361 2114 2579 2168 animas
2613 2112 2784 2183 capit,
2839 2112 3043 2182 quibus
3092 2119 3272 2166 totum
3304 2124 3443 2181 prae-

1853 2224 1981 2266 sens
2016 2208 2280 2266 saeculum
2315 2221 2424 2263 non
2460 2213 2643 2276 potest
2676 2204 3009 2274 comparari.

1924 2301 2093 2358 Vens.
2119 2300 2315 2356 27-29.
2353 2298 2460 2365 Qui
2492 2298 2697 2368 injiciet
2729 2298 2901 2367 ignem
2930 2297 2988 2350 in
3018 2297 3219 2360 sinum,
3250 2305 3300 2350 et
3334 2311 3438 2351 non

1852 2394 2164 2449 vestimenta
2214 2390 2514 2446 ardebant?
2565 2399 2653 2443 aut
2698 2387 2998 2443 ambulabit
3046 2403 3205 2457 super
3232 2398 3438 2458 prunas

1851 2486 2012 2555 ignis,
2048 2495 2097 2539 et
2120 2500 2224 2539 non
2255 2483 2659 2554 conﬂagrabunt
2691 2480 2846 2550 pedes
2892 2481 3053 2547 eius?
3084 2483 3162 2535 sic
3214 2495 3318 2534 non
3372 2477 3441 2531 li-
3478 2544 3494 2560 .

1852 2569 2122 2625 berabitur
2183 2569 2275 2641 qui
2308 2568 2607 2640 ingreditur
2648 2567 2719 2622 ad
2764 2567 3036 2622 mulierem
3068 2566 3436 2636 coniugatam,

1851 2672 1945 2720 nec
1976 2666 2148 2720 omnis
2200 2665 2290 2736 qui
2326 2662 2374 2717 ei
2401 2662 2589 2718 lueret.
2641 2656 2798 2716 Sicut
2838 2662 3007 2723 enim,
3040 2661 3132 2731 qui
3166 2660 3344 2732 ignem
3379 2658 3436 2712 in

1852 2760 2036 2814 sinum
2070 2758 2257 2822 mittit,
2295 2771 2396 2812 sua
2424 2759 2776 2821 vestimenta,
2804 2763 2859 2810 et
2888 2755 2984 2824 qui
3025 2769 3193 2825 super
3228 2766 3438 2831 prunas

1851 2847 2097 2903 ambulat
2143 2862 2277 2903 suos
2327 2845 2500 2918 pedes
2544 2846 2861 2911 comburit;
2899 2844 2975 2900 ita
3009 2845 3123 2920 ille,
3159 2846 3256 2914 qui
3288 2843 3438 2914 turpi

1853 2945 1979 2994 actu
2030 2938 2274 3010 scipsum
2315 2937 2485 2993 tradit
2516 2935 2734 2993 mulieri
2785 2935 3116 3006 conjugataa,
3162 2942 3219 2991 et
3270 2934 3437 2989 etiam
3506 2943 3514 2950 '

1852 3029 1945 3099 qui
1979 3042 2077 3099 per
2107 3015 2503 3100 cogitationem
2558 3042 2728 3096 super
2761 3026 2912 3082 illam
2955 3031 3244 3098 peccatum
3305 3039 3439 3094 ope—

1852 3131 2031 3187 ratur,
2071 3122 2242 3192 hujus
2296 3121 2527 3177 sceleris
2589 3136 2782 3192 poenas
2828 3136 2939 3175 non
2990 3117 3250 3190 effugiet;
3309 3118 3441 3174 talis

1856 3211 2029 3278 enim,
2059 3212 2314 3268 satanico
2347 3225 2561 3278 amore,
2595 3213 2744 3283 quod
2776 3211 2931 3283 juste
2983 3211 3128 3282 ignis
3185 3219 3439 3275 vocatur,

1857 3303 2202 3371 inhaerendo,
2231 3313 2286 3361 et
2333 3305 2390 3360 in
2441 3305 2629 3360 anima
2665 3303 3028 3374 turpitudinis
3082 3303 3289 3359 idolum
3321 3302 3443 3357 col-

1856 3393 2089 3449 locando
2126 3434 2142 3461 ,
2194 3394 2428 3451 virtutes
2486 3395 2599 3466 igni
2628 3395 2821 3460 tradit,
2868 3411 3010 3467 quas
3062 3409 3161 3465 pro
3196 3396 3321 3449 vitae
3351 3410 3442 3450 ra-

1854 3486 2003 3541 tione
2034 3486 2192 3554 quasi
2237 3485 2569 3541 vestimenta
2601 3485 2862 3552 induens,
2903 3486 3086 3541 anima
3134 3501 3165 3540 a
3195 3484 3441 3540 tumultu

1854 3576 2222 3648 cupiditatum
2269 3576 2574 3645 liberatur;
2619 3576 2713 3633 ille
2764 3583 2949 3632 autem
2992 3576 3087 3647 qui
3124 3572 3442 3630 voluntarie

1855 3671 1911 3725 in
1937 3680 2291 3741 peccatorum
2322 3668 2791 3725 tumultuantibus
2818 3668 3065 3723 ambulat
3087 3665 3442 3723 sermonibus

1853 3777 1995 3835 quos
2024 3764 2178 3818 malae
2210 3761 2490 3832 cupidinis
2529 3760 2782 3818 accendit
2832 3759 3000 3831 ignis,
3036 3760 3211 3815 bonas
3243 3758 3443 3814 animae

1854 3853 2219 3925 cogitationes
2273 3852 2528 3918 destruit,
2586 3866 2685 3921 per
2733 3865 2875 3923 quas
2934 3855 3071 3919 haec,
3136 3851 3300 3923 quasi
3341 3860 3442 3922 per

1853 3945 2125 4017 quosdam
2171 3944 2360 4015 pedes,
2416 3944 2484 3999 ad
2546 3942 3014 4013 impassibilitatis
3078 3943 3295 4000 beatam
3352 3958 3443 4000 re-

1855 4037 2039 4109 quiem
2069 4036 2357 4108 pervenire
2383 4037 2692 4091 consuevit.

1923 4301 2094 4359 Vsns.
2130 4302 2222 4360 50.
2261 4301 2386 4359 Non
2437 4304 2632 4358 mirum
2670 4303 2719 4358 si
2761 4303 3008 4372 capiatur
3060 4302 3180 4373 quis
3223 4301 3440 4372 [ιιι-σιω.

1852 4393 1975 4450 Non
2013 4405 2101 4451 est
2130 4409 2358 4462 novum,
2389 4396 2434 4451 si
2460 4396 2583 4464 quis
2623 4397 2679 4451 in
2721 4393 2875 4449 furto
2913 4395 3440 4464 comprehendatur.

1856 4485 2097 4542 Furatur
2171 4487 2320 4543 enim
2398 4486 2599 4553 aliena,
2664 4487 3031 4541 utnutriatur
3097 4487 3180 4540 eis
3236 4484 3442 4555 quibus

1780 4604 1824 4661 υ
1853 4588 1996 4652 eget.

1925 4671 2094 4729 Vens.
2147 4672 2238 4728 5i.
2300 4672 2361 4728 Si
2392 4672 2846 4741 deprehendatur,
2884 4671 3068 4727 reddet
3115 4671 3439 4742 septuplum.

1855 4765 2236 4838 Deprehensus
2266 4774 2321 4822 et
2357 4765 2639 4834 detentus,
2689 4768 2880 4822 reddet
2905 4764 3216 4837 septuplum
3250 4780 3442 4821 eorum

1850 4875 1973 4930 quae
1998 4858 2199 4930 rapuit.

1914 4950 1986 5006 Et
2018 4952 2196 5005 omnia
2228 4966 2327 5004 sua
2360 4948 2519 5015 dans,
2550 4950 2783 5020 seipsum
2813 4951 3082 5007 liberabit.
3116 4950 3180 5005 Et
3219 4964 3442 5007 omnem

1850 5058 2005 5099 suam
2035 5042 2407 5102 substantiam
2456 5041 2679 5098 tradens
2733 5043 2803 5099 ab
2841 5044 2947 5099 hoc
2981 5044 3216 5099 crimine
3238 5042 3444 5097 libera»

1851 5134 2020 5190 bitur.
2067 5147 2076 5157 '

1908 5313 2076 5369 Vens.
2108 5312 2201 5368 52.
2244 5313 2468 5368 Adulter
2504 5330 2623 5369 vero
2671 5314 2733 5368 ob
2784 5316 3023 5386 inopiam
3058 5320 3445 5390 cogitationum

1843 5408 2127 5477 perniciem
2181 5424 2293 5462 sua:
2357 5407 2550 5462 anima:
2606 5408 2853 5463 attrahit.
2899 5409 3002 5474 Qui
3068 5411 3123 5465 in
3190 5414 3445 5468 nitncltiae

1844 5502 2051 5560 scelere
2106 5501 2322 5568 incidit,
2386 5519 2493 5559 mm
2551 5504 2724 5558 solum
2800 5513 3024 5575 pr0pter
3070 5520 3226 5559 suam
3298 5508 3440 5563 insi-

1844 5597 2131 5667 pientiam,
2182 5604 2236 5653 et
2263 5612 2359 5668 per
2423 5599 2819 5667 cogitationem
2870 5605 2926 5654 et
2959 5614 3058 5669 per
3106 5615 3246 5670 opus
3302 5616 3444 5671 pro-

1843 5690 2017 5760 priam
2054 5690 2294 5744 animam
2330 5690 2543 5761 perdet,
2575 5698 2634 5744 ut
2666 5689 2875 5745 dictum
2910 5700 3014 5756 est,
3314 5670 3317 5671 ν
3388 5670 3397 5676 ’

1899 5784 2069 5840 Vens.
2109 5783 2200 5839 35.
2262 5783 2484 5840 Dolores
2542 5795 2592 5838 et
2640 5776 2987 5855 ignominiam
3029 5785 3267 5855 sufferet.
3329 5782 3443 5841 Sed

1841 5878 2011 5934 ctiam’
2033 5878 2248 5934 dolores
2298 5878 2548 5949 corporis
2593 5887 2644 5934 ct
2677 5880 2967 5950 upprobria
3011 5880 3324 5937 sustinebit.
