3958 6384
293 331 428 399 1:281

1328 334 1866 396 COMMENTAle
1910 335 1991 396 IN
2030 338 2488 402 PROVERBIA.

3422 346 3585 408 1232-

288 469 376 503 σοι
417 449 659 518 ποίησον,
701 447 790 501 διὰ
831 447 928 516 τῆς
962 446 1150 500 πασῶν
1177 445 1287 502 τῶν
1318 449 1638 517 πρακτικῶν
1666 451 1871 520 ἀρετῶν

1993 455 2290 521 generalem
2325 457 2576 511 omnium
2609 459 2978 528 practical-um
3014 459 3274 515 virtutum
3306 459 3553 520 dilectio-

282 539 668 608 γενικωτάτης
721 539 971 608 ἀγάπης·
1007 537 1076 591 δι’
1094 533 1217 609 ἦςὴ
1263 540 1401 610 πρὸς
1430 540 1518 594 τὸν
1547 540 1680 594 Θεὸν
1700 541 1873 610 Λόγον

280 633 484 703 ἀγάπη
515 632 866 702 γνωρίζεται.

364 731 424 777 ε’.
457 725 589 778 Ἵνα
620 739 694 776 σε
727 723 960 794 τηρήσῃ
980 724 1098 780 ἀπὸ
1112 725 1398 794 γυναικὸς
1419 726 1745 796 ἀλλοτρίας
1772 725 1874 781 καί

279 813 584 882 πονηρᾶς.
606 816 798 878 Ὅπως
821 832 880 868 σε
910 816 1124 888 φυλάξῃ
1150 817 1258 872 ἀπὸ
1277 816 1574 888 ἐπιθυμίας
1599 819 1723 887 τῆς,
1751 819 1871 872 κατ’

235 949 246 954 -
276 905 523 974 ἔλλειψιν
547 907 646 970 μὲν
676 905 776 974 τῆς
803 906 1184 977 σωφροσύνης,
1233 905 1415 977 ἐώσης
1443 907 1542 978 τὴν
1575 907 1873 962 ἀπόλαυσιν

272 996 378 1056 τοῦ
405 997 876 1065 συναρμοσθέντος
924 999 1063 1069 αὐτῇ
1088 997 1248 1066 λόγου
1288 998 1432 1053 κατά
1455 999 1546 1052 τὸν
1577 1000 1743 1070 νόμον
1769 1001 1873 1070 τῆς

271 1086 640 1156 ἀνθρωπίνης
671 1087 910 1155 φύσεως,
961 1089 1055 1141 καὶ
1085 1088 1300 1160 ἐρώσης
1331 1089 1628 1144 ἀπολαύειν
1675 1091 1875 1148 ἀκολά-

273 1197 430 1244 στως
465 1181 563 1249 τῆς
593 1181 908 1245 πολυειδοῦς
939 1183 1060 1236 κατ’
1092 1184 1346 1254 αἴσθησιν
1377 1185 1714 1256 προσκαίρου
1745 1187 1872 1256 ἠδο-

272 1276 408 1342 νῆς,
439 1273 562 1326 καθ’
581 1272 887 1346 ὑπερϐολὴν
901 1273 957 1326 δέ
973 1275 1170 1338 πόνους
1193 1274 1409 1356 ἐρώσης
1425 1275 1550 1339 τοὺς
1570 1277 1710 1330 κατά
1726 1275 1872 1348 [τὴν]

271 1364 397 1417 ἀπὸ
427 1363 534 1416 τῶν
563 1364 735 1434 ἡδέων
776 1364 1041 1434 ἡλιθιώδη
1072 1365 1425 1436 ἐγκράτειαν,
1455 1366 1532 1430 ὡς
1564 1367 1872 1437 μωραίνου-

275 1471 390 1506 σαν
414 1455 472 1506 ἐν
495 1452 572 1522 τῷ
608 1453 682 1522 μὴ
730 1448 870 1506 εἶναι
902 1453 992 1507 διά
1022 1453 1179 1520 Θεὸν,
1214 1452 1353 1505 ἀλλά
1378 1453 1782 1508 ἐπιδείκνυσθαι
1803 1455 1877 1507 δι’

286 1542 392 1596 ἀνθ
403 1541 602 1614 ρώπων
633 1542 954 1612 ἀρέσκειαν.

369 1633 515 1688 Ἐάν
535 1648 608 1688 σε
619 1634 823 1703 λόγοις
843 1633 964 1698 τοῖς
979 1634 1128 1702 πρὸς
1142 1633 1322 1703 χάριν
1332 1635 1678 1704 ἐμϐάληται.
1698 1635 1832 1689 Είπε
1841 1654 1871 1708 ρ

282 1742 348 1779 σε
383 1727 416 1795 ἠ
453 1725 674 1795 τοιαύτη
693 1725 959 1795 ἐπιθυμία
987 1725 1264 1796 λογισμοῖς
1289 1729 1399 1790 τοῖς
1431 1726 1567 1798 πρὸς
1590 1727 1799 1797 τέρψιν,
1836 1729 1872 1797 ἢ

281 1819 400 1878 τοῖς
428 1815 562 1884 πρὸς
583 1814 802 1867 ἔπαινον
830 1814 1204 1884 ἐμϐιϐἀσειεν.

361 1919 436 1972 ς’.
485 1906 629 1960 Ἀπὸ
652 1907 762 1978 γὰρ
797 1907 1041 1976 θυρίδος
1065 1908 1133 1961 ἐκ
1159 1909 1265 1963 τοῦ
1305 1908 1478 1963 οἶκου
1513 1908 1727 1978 αὐτῆς,
1785 1910 1874 1975 εις

278 2001 393 2066 τὰς
420 2000 710 2064 πλατείας
745 2000 1249 2066 παρακύπτουσα.
1325 2001 1459 2054 Ἀπὸ
1486 2003 1598 2072 γάρ
1617 2017 1762 2065 τινος
1791 2002 1875 2054 ai-

282 2091 553 2161 σθήσεως,
645 2091 720 2153 ὡς
746 2093 803 2142 ἐν
825 2090 973 2162 οίκίᾳ
1005 2091 1116 2144 τινὶ
1139 2090 1482 2162 ἐνδιατρίϐει,
1527 2091 1875 2163 προκύπτου-

283 2198 359 2236 σα
382 2182 460 2245 είς
488 2182 588 2244 τὰς
629 2183 707 2243 είς
737 2179 1014 2235 ἀπώλειαν
1060 2181 1305 2250 ἀγούσας
1367 2183 1713 2254 εὐρυχώρους
1771 2182 1873 2254 τῆς

282 2275 586 2337 ἀκολασίας
615 2274 790 2337 ὁδούς.

362 2364 428 2429 ζ’.
461 2366 570 2418 ’ον
600 2362 677 2418 ἂν
707 2363 807 2432 ἴδῃ
849 2363 969 2418 τῶν
989 2364 1270 2434 ἀφρόνων
1318 2364 1564 2430 τέκνων,
1622 2367 1873 2421 νεανίαν

287 2453 470 2522 ἐνδεῆ
527 2452 782 2522 φρενῶν.
834 2448 1013 2524 ’ᾩτινι
1068 2453 1137 2508 ἂν
1179 2455 1376 2527 ἐντύχῃ
1423 2456 1534 2510 τῶν
1571 2455 1872 2525 ἀλογίστως

289 2545 551 2616 βιούντων
576 2545 677 2615 τῆς
703 2545 979 2609 ἀπωλείας
1003 2544 1158 2612 υἱῶν,
1186 2548 1252 2616 τῇ
1281 2546 1468 2618 ἡλικίᾳ
1493 2546 1742 2612 νεάξοντι
1767 2549 1864 2603 καὶ

283 2637 409 2700 ταῖς
455 2637 648 2707 φρεσὶν
677 2637 877 2690 ἀτελεῖ.

357 2727 431 2796 η’.
459 2729 1034 2796 Παραπορευόμενον
1051 2726 1198 2799 [cod.
1217 2727 1415 2799 -ἑνη]
1443 2728 1602 2796 παρά
1653 2730 1874 2798 γωνίαν

272 2816 358 2869 ’ἐν
387 2815 611 2882 διόδοις
637 2817 806 2871 οἴκου
835 2815 1045 2885 αὐτῆς.
1083 2817 1175 2888 Μὴ
1231 2817 1505 2883 ίθυτενῶς,
1566 2819 1722 2890 παρά
1780 2820 1872 2873 τὸν

281 2907 443 2976 λόγον
473 2907 529 2960 δέ
561 2909 660 2978 τῆς
700 2909 1047 2979 ἀνθρωπίνης
1076 2908 1293 2977 φύσεως
1326 2909 1420 2964 τὸν
1448 2909 1638 2983 ὥσπερ
1669 2912 1872 2979 γωνίαν

285 3000 622 3056 συναπτικὸν
652 3000 754 3070 τῆς
776 3018 836 3054 τε
865 3001 1062 3072 νοητῆς
1093 3003 1188 3055 καὶ
1213 3003 1311 3073 τῆς
1343 3004 1609 3074 αἰσθητῆς
1634 3005 1870 3075 φύσεως,

1975 558 2123 613 nem,
2159 561 2256 616 per
2291 563 2456 619 quam
2490 551 2848 621 cognoscitur
2881 566 3036 606 amor
3087 568 3403 610 sermonum
3430 556 3547 613 Dei.

2032 717 2202 772 Vsus.
2261 719 2315 773 5.
2353 719 2420 774 Ut
2475 729 2522 775 te
2574 717 2846 776 custodiat
2891 739 2924 777 a
2960 724 3178 779 muliere
3216 737 3471 781 extranea
3504 737 3554 782 et

1975 810 2144 866 mala.
2181 809 2248 865 Ut
2286 814 2522 882 teipsum
2572 817 2861 871 custodias
2894 832 2922 870 a
2959 819 3283 888 cupiditate,
3334 838 3459 890 quae
3487 838 3552 876 ex

1973 901 2190 958 defectu
2215 904 2520 973 prudentiae
2549 908 2750 972 oritur,
2786 918 2840 962 et
2874 910 3111 980 impellit
3136 913 3206 966 ad
3240 915 3555 985 voluptates

1974 993 2043 1048 ad
2077 1009 2216 1064 quas
2255 1009 2320 1050 ex
2351 1010 2410 1050 se
2438 996 2614 1051 fertur
2644 998 2884 1053 humana
2927 1010 3144 1063 natura,
3176 1013 3230 1058 et
3259 1021 3381 1074 quae
3407 1016 3555 1060 amat

1975 1084 2084 1139 frui
2137 1087 2496 1143 immoderate
2539 1090 2708 1144 variis
2754 1095 3148 1161 temporalibus
3196 1097 3548 1166 libidinibus;

1975 1182 2036 1229 ut
2068 1185 2118 1230 te
2149 1189 2435 1232 removeas
2465 1179 2533 1232 ab
2562 1194 2624 1234 ea
2661 1196 2786 1250 quae
2811 1197 2880 1236 ex
2921 1184 3144 1239 virtutis
3181 1201 3410 1244 excessu
3443 1192 3554 1244 ori—

1976 1271 2087 1329 tur,
2112 1265 2436 1334 cupiditate,
2471 1283 2595 1339 qua:
2639 1269 2947 1326 delectatur
2982 1274 3177 1330 insane
3203 1278 3268 1332 de
3297 1279 3548 1350 volupta-

1978 1356 2126 1412 tibus
2179 1360 2489 1428 superatis,
2533 1361 2798 1430 slorians,
2841 1378 2951 1417 non
3005 1367 3154 1435 quod
3200 1370 3303 1425 hoc
3337 1373 3408 1425 sit
3437 1371 3553 1426 Deo

1971 1445 2301 1517 jucundum,
2347 1451 2441 1506 sed
2471 1452 2603 1521 quia
2635 1451 2760 1506 inde
2801 1461 2983 1524 potest
3009 1459 3236 1514 exaltari
3261 1462 3405 1530 apud
3447 1463 3550 1518 ho-

1974 1553 2172 1594 mines.

2046 1629 2108 1686 Si
2156 1641 2204 1687 te
2255 1633 2586 1688 sermonibus
2639 1635 2888 1690 adoritur
2935 1640 3210 1708 gratiosis.
3256 1642 3312 1696 Si
3351 1652 3402 1699 te
3433 1645 3555 1699 haec

1978 1722 2256 1790 cupiditas
2281 1725 2631 1782 sermonibus
2672 1727 2971 1798 voluptatis
2997 1732 3081 1785 vel
3114 1735 3388 1802 superbia:
3420 1739 3554 1792 ado-

1976 1813 2170 1867 riatur.

2035 1902 2201 1958 Vsus.
2236 1906 2290 1959 6.
2345 1904 2424 1960 De
2469 1907 2704 1976 fenestra
2733 1909 2895 1973 enim,
2923 1925 2950 1963 e
2987 1909 3144 1964 domo
3172 1928 3295 1976 sua,
3330 1913 3386 1966 in
3434 1913 3556 1983 ρία-

1975 2001 2087 2046 teas
2167 1995 2516 2063 prospiciens.
2567 1997 2738 2062 Quasi
2795 1998 2863 2053 de
2919 1998 3186 2066 fenestra,
3239 2001 3310 2056 de
3363 2003 3548 2073 aliquo

1973 2097 2140 2138 sensu
2180 2086 2357 2153 partis
2394 2087 2699 2152 sensitivae,
2728 2087 2785 2140 in
2818 2103 2928 2157 qua
2963 2090 3134 2143 veluti
3174 2093 3230 2144 in
3252 2090 3416 2146 domo
3452 2092 3554 2144 ha-

1971 2173 2136 2239 bitat,
2164 2177 2532 2247 prospiciens,
2563 2179 2618 2232 in
2653 2179 2834 2249 largas
2885 2179 3269 2238 dissolutionis
3297 2183 3435 2246 vias,
3473 2182 3554 2238 fe-
3657 2221 3670 2230 μ

1972 2273 2160 2322 rentes
2189 2268 2255 2321 ad
2294 2279 2549 2323 mortem.

2034 2355 2205 2412 Vens.
2238 2357 2290 2412 7.
2325 2357 2388 2415 Si
2442 2375 2597 2430 quem
2647 2358 2788 2414 videt
2817 2359 3218 2416 insensatorum
3240 2378 3552 2431 puerorum,

1968 2449 2214 2520 juvenem
2265 2451 2548 2520 prudentia
2597 2454 2931 2507 destitutum.
2976 2453 3034 2509 Si
3081 2456 3170 2509 cui
3218 2457 3549 2521 occurrerit,

1973 2541 2304 2610 perditionis
2331 2542 2570 2598 filiorum
2604 2559 2714 2598 non
2753 2555 2902 2601 recte
2932 2547 3360 2612 ambulantium,
3389 2558 3552 2605 aetate

1967 2630 2179 2701 juveni,
2210 2637 2498 2703 prudentia
2527 2651 2715 2704 parvo.

2035 2723 2202 2780 Vens.
2236 2727 2289 2781 8.
2359 2727 2740 2781 Transeuntem
2792 2727 2961 2796 juxta-
3005 2729 3284 2798 anguium,
3358 2732 3412 2784 in
3453 2732 3552 2785 viis

1973 2816 2159 2871 domus
2191 2818 2327 2887 ejus.
2371 2817 2450 2888 (Si
2503 2821 2773 2888 occurrit)
2805 2821 2969 2874 alicui
3004 2821 3240 2877 filiorum
3272 2838 3376 2877 non
3405 2834 3552 2879 recte

1973 2910 2370 2964 ambulantium
2429 2911 2585 2980 juxta
2649 2927 2960 2967 sermonem
3020 2913 3280 2977 humana:
3318 2925 3551 2978 naturae,
3645 2985 3666 2993 ἡ

1969 2999 2288 3069 jungentem
2324 3000 2470 3054 inter
2522 3015 2580 3054 se
2606 3009 2866 3070 tanquam
2917 3003 3200 3071 angulum,
3255 3012 3309 3057 et
3342 3012 3549 3074 partem

271 3092 387 3164 τὴν
439 3094 642 3162 γνῶσιν
693 3095 801 3147 τῶν
847 3095 1123 3166 αἰσθητῶν
1167 3095 1301 3150 υἱῶν
1351 3096 1775 3170 διεξερχομένων
1811 3103 1870 3154 ἐν

1993 3090 2284 3160 ιρὶτὶιειεῐη
2315 3096 2372 3144 et
2413 3101 2623 3160 partem
2653 3093 3025 3161 corporalem,
3067 3101 3121 3146 et
3173 3094 3338 3149 rebus
3376 3096 3554 3149 sensi-

278 3187 405 3248 ταῖς
453 3185 752 3256 ἐνεργείαις
789 3190 910 3248 ταῖς
979 3185 1121 3241 κατὰ
1179 3188 1250 3240 τά
1301 3188 1630 3260 αἰσθητήρια
1657 3206 1670 3220 ’
1717 3191 1877 3246 ἀτινὰ

283 3277 395 3328 εισι
427 3276 566 3345 πρὸς
599 3276 668 3329 τά
699 3275 939 3347 αἰσθητά
967 3278 1077 3331 ὁδοὶ
1101 3277 1214 3331 τῶν
1249 3279 1555 3351 αἰσθήσεων
1582 3300 1597 3316 ·
1653 3279 1743 3348 αἷς
1799 3285 1876 3350 ὡς

279 3366 347 3421 ἐν
368 3383 512 3420 τισιν
535 3367 708 3430 οἴκοις
736 3366 878 3438 αὕτη
912 3367 1266 3439 ἐνδιατρίϐει.
1633 3388 1635 3390 ·

357 3545 422 3600 θ’.
459 3546 568 3599 Καὶ
595 3545 908 3622 λαλοῦντα
933 3547 1005 3601 ἐν
1043 3550 1250 3604 σκότει
1296 3551 1613 3621 ἐσπερινῷ.
1675 3558 1783 3610 Καὶ
1805 3549 1875 3625 ᾦ-

287 3655 396 3692 τινι
427 3637 854 3717 διαλογιζομένῳ
891 3640 949 3692 ἐν
967 3639 1151 3694 σκότει
1195 3643 1444 3709 ἀγνοίας,
1479 3645 1597 3714 μεθ’
1617 3646 1646 3698 ὃ
1671 3647 1736 3700 ἂν
1770 3648 1874 3701 ὑπὸ

289 3726 389 3798 τὴν
439 3727 626 3797 γήϊνον
688 3728 868 3797 σάρκα
905 3729 1157 3800 κρυϐῶσι
1209 3733 1350 3785 κατά
1381 3733 1480 3804 τὴν
1517 3736 1644 3805 περὶ
1672 3735 1874 3807 ταύτην

289 3816 478 3885 σχέσιν
512 3816 700 3881 αὑτοῦ,
733 3818 790 3870 ai
821 3817 1210 3887 διαυγάξουσαι
1240 3821 1416 3893 τούτῳ
1447 3823 1546 3895 τὴν
1601 3824 1718 3878 ὁδὸν
1776 3827 1874 3897 τῆς

285 3906 634 3977 δικαιοσύνης
675 3907 815 3961 θεῖαι
843 3909 1088 3976 ἐντολαὶ,
1133 3911 1324 3984 ὥσπερ
1373 3914 1477 3968 ὑπὸ
1509 3915 1613 3986 γῆν
1657 3917 1873 3982 ἀκτῖνες

289 3998 534 4069 ήλιακαί.

376 4089 577 4144 Ἡνίκα
630 4091 708 4145 ἂν
748 4092 983 4162 ἡσυχία
1026 4093 1350 4163 νυκτερινὴ
1377 4091 1421 4167 ᾖ
1455 4097 1553 4150 καὶ
1585 4096 1868 4167 ζοφώδης.

299 4183 567 4252 Ὀπηνίκα
591 4184 1060 4254 μίτδιαλογίζεταί
1095 4203 1150 4240 τι
1190 4187 1445 4258 χρηστὸν,
1475 4189 1544 4242 δι’
1599 4190 1872 4259 ἀγνωσίαν

288 4276 382 4328 καὶ
407 4275 672 4344 ἀορασίαν
700 4277 794 4328 τοῦ
838 4276 1008 4339 ὅντως
1037 4277 1229 4331 καλοῦ.

364 4371 414 4419 ι’.
451 4365 513 4420 Ἠ
543 4365 612 4418 δὲ
659 4365 816 4434 γυνὴ
866 4366 1142 4433 συναντᾷ
1193 4367 1373 4434 αὐτῷ,
1417 4367 1583 4438 εἶδος
1639 4373 1869 4441 ἔχουσα

1977 3179 2122 3234 libus
2167 3179 2505 3244 inhmrendo,
2568 3195 2829 3235 sensuum
2887 3181 3173 3235 scientiam
3220 3182 3550 3250 colentium;

1975 3287 2066 3326 res
2089 3272 2236 3326 enim
2292 3273 2530 3328 sensiles
2583 3281 2713 3328 sunt
2771 3273 3030 3328 sensibus
3076 3274 3328 3341 quaedam
3360 3277 3460 3329 via:
3487 3277 3552 3329 ad

1975 3363 2309 3433 voluptates,
2352 3363 2408 3430 in
2463 3364 2666 3434 quibus
2718 3363 2886 3419 veluti
2944 3366 3000 3419 in
3038 3364 3298 3421 domibus
3344 3366 3554 3422 habitat

1975 3451 2088 3506 illa.

2041 3541 2208 3599 Vsus.
2261 3543 2316 3597 9.
2370 3541 2439 3596 Et
2472 3543 2766 3614 loquentem
2814 3545 2869 3598 in
2919 3543 3164 3610 tenebris,
3221 3561 3450 3614 vespere.
3487 3547 3554 3601 Et

1974 3633 2228 3704 loquenti
2281 3635 2336 3689 in
2363 3635 2690 3705 ignorantia:
2733 3635 3000 3700 tenebris,
3027 3628 3254 3706 quibus
3295 3636 3554 3692 duranti-

1974 3723 2102 3786 bus,
2134 3725 2294 3793 quasi
2328 3725 2466 3780 radii
2499 3724 2714 3779 solares
2746 3726 2849 3780 sub
2891 3736 3060 3790 terra,
3095 3728 3168 3780 ita
3200 3726 3304 3781 sub
3335 3737 3552 3782 terrena

1975 3830 2165 3879 carne,
2219 3827 2444 3886 propter
2495 3816 2616 3885 ejus
2663 3817 2716 3870 in
2749 3832 2878 3891 .eam
2909 3817 3282 3883 dilectionem,
3319 3818 3553 3872 abscon-

1975 3906 2183 3960 duntur
2241 3907 2429 3963 divina
2474 3918 2767 3978 praecepta,
2825 3909 2902 3962 illi
2955 3910 3100 3964 viam
3148 3908 3379 3978 justitia:
3421 3910 3553 3964 iliu-

1972 4000 2222 4053 strantia.
2439 4007 2446 4010 '

2043 4091 2270 4158 Quando
2301 4092 2576 4146 silentium
2612 4093 2782 4146 noctis
2817 4100 2865 4145 et
2904 4091 3198 4145 obscuritas
3229 4091 3389 4144 venit.
3416 4089 3550 4146 Cum

1974 4183 2112 4238 nihil
2179 4183 2308 4238 boni
2357 4190 2505 4253 agat,
2547 4184 2618 4239 ob
2647 4183 3020 4254 ignorantiam
3074 4184 3185 4239 veri
3224 4184 3356 4238 boni
3403 4185 3550 4254 quod

1975 4290 2083 4330 non
2125 4273 2295 4330 videt.

2040 4365 2207 4422 Vsus.
2240 4367 2328 4421 10.
2391 4366 2592 4421 Mulier
2617 4375 2744 4420 tunc
2781 4367 3017 4420 occurrit
3049 4367 3154 4433 illi,
3218 4369 3414 4436 [aciem
3456 4368 3554 4422 Ita-

287 4460 601 4524 aOprtxdr.
651 4457 714 4509 Ἦ
749 4457 974 4528 τοιαύτη
1005 4459 1272 4528 ἐπιθυμία
1301 4461 1514 4532 ὑπαντᾷ
1549 4440 1739 4532 αύτῷἸ
1775 4466 1869 4534 ὁρ-

1993 4475 2098 4512 ιθηε
2146 4461 2463 4513 meretricis.
2506 4457 2662 4513 Tunc
2728 4460 2820 4518 illa
2871 4459 3142 4528 cupiditas
3183 4463 3430 4515 occurrit
3464 4461 3554 4530 ju-

291 4549 464 4618 μῶντι
495 4548 634 4620 πρὸς
661 4549 832 4620 αὐτὴν
857 4550 1000 4603 κατά
1030 4550 1281 4622 γνώμην,
1309 4552 1529 4607 εἴδωλον
1541 4555 1870 4626 περιφέρου-

289 4655 360 4692 σα
393 4640 696 4710 ἀμαρτίας,
737 4643 801 4694 ἐκ
851 4643 946 4696 τοῦ
983 4645 1175 4716 πόρρω
1224 4643 1413 4698 νεῦσαι
1455 4646 1551 4699 τοῦ
1596 4647 1870 4720 σώφρονος

283 4729 572 4802 λογισμοῦ.

363 4829 438 4880 Ἢ
487 4827 649 4880 ποιεῖ
679 4825 834 4881 νέων
868 4827 1224 4892 ἐξίπτασθαι
1263 4828 1534 4894 καρδίας.
1567 4827 1726 4892 Ἥτις
1749 4832 1870 4884 ἐπι-

217 4925 220 4930 '
285 4916 455 4986 θυμία
493 4917 905 4986 παρασκευάζει
939 4919 1038 4989 μὲν
1063 4919 1163 4982 τὰς
1207 4918 1444 4983 διανοίας
1498 4928 1608 4973 τῶν
1644 4923 1717 4991 μὴ
1777 4924 1867 4992 βε-

283 5009 534 5078 ϐηκότων
583 5010 682 5072 τὰς
740 5011 964 5079 φρένας,
1021 5011 1187 5076 ὀξέως
1227 5010 1649 5081 φέρεσθαιπρὸς
1683 5015 1864 5084 ἀμαρ-

278 5101 422 5165 τίας.

355 5199 446 5246 ια’.
499 5193 603 5246 Ἂν
615 5191 986 5261 επτερωμένη
1012 5191 1079 5246 δέ
1108 5193 1238 5245 ἐστι
1263 5195 1360 5246 καὶ
1389 5194 1642 5260 ἄσωτος.
1661 5194 1866 5264 ’Υπάρ-

281 5299 366 5354 χει
391 5283 446 5336 δὲ
479 5283 615 5354 πρὸς
647 5285 745 5354 μὲν
780 5283 983 5352 ταύτην
1013 5283 1253 5352 ὀργῶσα,
1286 5284 1384 5338 τοῦ
1427 5285 1485 5338 δέ
1524 5285 1666 5339 κατά
1687 5284 1865 5356 ψυχὴν

283 5374 416 5430 πλού
425 5393 513 5427 του
545 5376 912 5447 δαπανητική.

363 5466 459 5517 Ἐν
491 5466 635 5530 οἴκῳ
666 5465 734 5518 δὲ
762 5468 876 5534 οὐχ
898 5463 1313 5534 ἡσυχάζουσιν
1349 5468 1403 5520 oi
1443 5466 1622 5533 πόδες
1651 5467 1862 5536 αὐτῆς.

293 5558 380 5610 Ἐν
417 5553 527 5630 ᾖδέ
551 5559 624 5619 ὡς
656 5559 711 5610 ἐν
748 5559 884 5626 οἴκῳ
941 5558 1044 5610 τινὶ
1075 5557 1335 5628 διατρίϐει
1379 5557 1647 5629 αἰσθήσει,
1679 5561 1738 5612 οὐ
1770 5561 1862 5629 μέ·

277 5665 460 5701 νπυσιν
482 5649 536 5700 αἱ
575 5649 815 5716 κινήσεις
845 5648 1011 5715 αὐτῆς
1037 5648 1386 5717 ἁμετάϐατοι.

352 5735 436 5805 ιβ’.
471 5737 702 5806 Χρόνον
731 5738 840 5806 γάρ
871 5755 1000 5793 τινα
1051 5739 1168 5803 ἕξω
1215 5738 1515 5808 ,ῥέμϐεταιῖ
1568 5743 1702 5795 Ποτὲ
1761 5743 1859 5812 μὲν

1515 5837 1554 5872 ἴε

1971 4548 2122 4614 Veni,
2175 4564 2238 4604 ex
2283 4549 2452 4604 corde
2489 4550 2825 4614 accurrenti,
2863 4548 3049 4604 ferens
3084 4549 3277 4604 faciem
3315 4554 3549 4621 peccati,

1971 4652 2036 4692 ex
2071 4652 2139 4694 eo
2165 4638 2313 4709 quod
2346 4639 2509 4709 longe
2535 4639 2658 4693 ierit
2688 4655 2719 4693 a
2743 4647 2896 4694 recto
2931 4655 3202 4696 sermone.

2044 4824 2174 4880 Hazc
2216 4826 2347 4894 facit
2387 4826 2608 4895 juvenes
2639 4827 2856 4882 avolare
2900 4845 2932 4882 a
2963 4832 3138 4885 corde.
3186 4829 3310 4886 Hac
3335 4833 3548 4902 cupidi-

1968 4927 2056 4973 tas
2110 4927 2322 4973 mentes
2373 4935 2564 4973 eorum
2621 4920 2714 4989 qui
2767 4922 3054 4991 prudentia
3094 4937 3203 4976 non
3265 4923 3552 4978 ﬁrmantur

1969 5005 2243 5076 disponit,
2279 5017 2338 5062 ut
2372 5016 2624 5079 prompte
2671 5010 2736 5064 ad
2769 5021 2993 5080 peccata
3026 5019 3405 5081 prorumpunt.

2038 5203 2210 5261 Vsus.
2245 5207 2333 5260 Η.
2373 5207 2633 5261 Animata
2666 5218 2718 5262 et
2750 5208 3020 5281 dissipata
3059 5219 3157 5265 est.
3193 5208 3357 5264 Venit
3393 5211 3458 5266 ad
3486 5212 3551 5266 il-

1967 5298 2080 5354 lum
2121 5300 2403 5370 pruriens,
2426 5301 2762 5372 spiritalium
2795 5303 3114 5357 divitiarum
3153 5304 3474 5374 dissipator.

2041 5473 2106 5528 In
2135 5474 2294 5531 domo
2325 5494 2428 5532 non
2466 5489 2610 5533 stant
2633 5479 2788 5547 pedes
2821 5480 2959 5550 ejus.
2984 5479 3043 5536 In
3076 5491 3229 5551 parte
3257 5483 3544 5547 sensitiva,

1967 5563 2020 5616 in
2052 5581 2157 5634 qua
2196 5569 2365 5622 veluti
2395 5569 2559 5625 domo
2585 5570 2816 5638 habitat,
2861 5573 3157 5630 immobilis
3183 5590 3288 5629 non
3325 5585 3546 5630 manent

1970 5655 2135 5724 pedes
2165 5658 2307 5727 ejus.

2045 5746 2209 5804 Vsus.
2275 5751 2360 5806 1‘2.
2419 5752 2525 5809 Per
2555 5755 2774 5826 aliquod
2821 5765 3021 5827 tempus
3050 5757 3198 5828 {oras
3225 5731 3542 5813 srrabamta.
