3958 6394
117 294 254 358 lQSB

1201 289 1406 353 COMM
1416 289 1732 351 ENTARII
1763 292 1842 350 ΙΝ
1883 291 2183 353 ΡιιΟνΕΒ
2196 293 2342 352 ΒΙΑ.

3270 288 3289 355 1
3302 293 3407 355 236

116 387 348 442 Ἀπεστι
399 378 511 451 γάρ
559 379 587 432 ό
637 378 780 432 κατὰ
834 379 932 449 τῆς
974 377 1325 449 ἀνθρωπίνης
1364 379 1584 448 φύσεως
1622 379 1707 430 νό-

1828 380 1908 448 qui
1969 379 2102 432 mihi
2154 379 2458 434 secundum
2514 375 2770 430 humanae
2810 384 3023 433 natura:
3060 378 3232 449 legem
3269 397 3406 435 con-

115 493 214 547 μον
245 471 649 545 συναρμοσθείς
702 488 793 541 μοι
839 469 996 539 λόγος
1026 470 1122 524 τοῦ
1165 470 1358 542 νοεροῦ
1387 471 1708 542 οίκητηρίου

113 566 300 622 αὑτοῦ.

179 655 550 723 Πεπόρευται
610 654 757 708 ὁδὸν
781 652 1044 724 μακράν.
1111 653 1350 724 Ἀπῆλθε
1383 654 1578 708 τούτου
1608 672 1714 724 μα-

110 747 274 818 κράν,
301 748 366 817 τῇ
401 745 522 799 κατ’
571 745 828 815 αἴσθησιν
882 745 1067 816 ἀπάτῃ
1124 745 1560 816 ἐμφιλοχωρῶν,
1619 747 1711 800 καὶ

109 839 234 899 τοὺς
267 837 371 906 τῆς
409 837 613 900 κακίας
643 837 925 900 ποικίλους
957 837 1198 908 τρόπους
1227 837 1482 892 ἐπινοῶν.

182 934 252 981 κ’.
290 927 638 997 Ἐνόεσμον
695 929 986 998 ἀργυρίου
1019 929 1224 984 λαϐὼν
1255 931 1325 983 ἐν
1355 930 1570 999 χερσίν
1601 932 1709 986 αὐ-

112 1021 234 1075 τοῦ.
276 1021 389 1090 Τὴν
419 1021 528 1092 γὰρ
567 1021 724 1091 δίκην
748 1022 1581 1097 άργυρίουὶλελαμπρυσμένην
1631 1022 1709 1092 τῷ

109 1112 208 1181 τῆς
234 1111 389 1176 Θείας
418 1111 753 1183 ὡραιότητος
809 1113 1016 1178 κάλλει,
1063 1115 1244 1186 ψυχὴν
1276 1115 1458 1169 λαϐὼν
1489 1115 1630 1168 κατὰ
1648 1117 1709 1168 τὸ

111 1203 484 1269 αὐτεξούσιον,
543 1205 618 1268 ὡς
683 1205 740 1257 ἕν
797 1223 907 1258 τισι
957 1208 1135 1276 χερσὶ,
1180 1210 1300 1270 ταῖς
1351 1211 1708 1279 προαιρεταῖς

111 1296 419 1366 ἐνεργείαις
441 1295 630 1357 αὑτοῦ.
660 1297 800 1368 πρὸς
827 1299 1086 1370 πρόνοιαν
1109 1301 1210 1370 τῆς
1236 1300 1476 1369 ζωτικῆς
1502 1301 1708 1371 ταύτης

109 1385 417 1455 δυνάμεως,
473 1386 616 1455 μετὰ
674 1386 769 1440 τοῦ
816 1388 1020 1458 δεσμοῦ
1059 1390 1160 1458 τῆς
1191 1390 1391 1462 σαρκὸς
1420 1407 1707 1462 κατησφα⁴

110 1475 378 1546 λισμένην
408 1493 421 1507 ο
452 1475 520 1528 ἵν’
559 1476 690 1529 ὅταν
748 1477 888 1546 αῦτη
933 1477 1021 1532 διὰ
1061 1481 1160 1550 τὴν
1185 1480 1345 1546 ἀξίαν
1386 1481 1703 1552 ὲπαίρηται,

109 1566 196 1619 διὰ
224 1567 319 1620 τὸν
350 1566 484 1636 χοῦν
510 1568 874 1639 συστέλληται
895 1585 908 1600 ·
937 1572 1034 1624 καὶ
1073 1571 1148 1643 μὴ
1175 1569 1402 1626 σῦλᾶται
1431 1573 1582 1644 παρὰ
1609 1571 1704 1625 τοῦ

109 1659 391 1727 λαθραίως
425 1658 598 1731 ταύτῃ
625 1660 717 1714 διὰ
744 1663 854 1716 τῶν
886 1663 1008 1716 καθ’
1043 1663 1356 1736 ὑπερϐολὴν
1376 1666 1476 1735 τῆς
1501 1666 1704 1736 ἀρετῆς

1811 471 2040 542 junctus
2070 480 2175 534 est,
2217 470 2485 541 spiritalis
2515 468 2714 524 domus
2757 469 2907 523 illius
2939 485 3143 524 sermo.

1887 647 2034 700 Abiit
2065 648 2201 701 aiam
2228 647 2593 718 longinquam.
2623 647 2771 703 Abiit
2803 650 2964 721 longe
2993 651 3063 705 ab
3090 650 3185 705 illa
3215 652 3404 716 domo,

1811 740 2050 810 diligens
2080 740 2352 808 spiritalis
2416 740 2839 807 habitationem,
2891 753 2948 798 et
2987 743 3183 801 modos
3214 745 3404 802 varios

1811 831 2041 886 malitia!
2070 831 2346 902 cogitans.

1877 922 2046 978 Vsus.
2104 922 2196 976 20.
2234 923 2520 980 Summam
2567 925 2773 995 argenti
2817 926 3030 996 capiens
3062 926 3118 982 in
3158 929 3400 982 manibus

1808 1017 1941 1070 suis.
2000 1015 2324 1086 Fulgentem
2377 1024 2435 1071 ut
2481 1029 2792 1088 argentum,
2847 1019 3048 1074 divina:
3094 1021 3403 1076 venustatis

1798 1107 2244 1177 pulchritudine,
2299 1123 2396 1178 per
2425 1107 2766 1163 voluntatem
2818 1124 2973 1164 suam
3025 1113 3254 1180 capiens
3281 1119 3404 1164 ant-

1809 1214 1952 1252 rnam
2001 1199 2217 1252 viribus
2258 1199 2376 1254 suis
2413 1199 2627 1262 liberis,
2656 1208 2922 1268 tanquam
2953 1201 3005 1254 in
3032 1202 3308 1264 manibus,
3346 1211 3404 1256 et

1807 1293 2077 1346 munitam
2123 1292 2351 1346 vinculo
2408 1293 2682 1362 corporis,
2742 1293 2808 1347 ad
2857 1294 3256 1363 providendum
3316 1295 3400 1347 vi-

1807 1385 1951 1438 venti
1983 1400 2098 1440 sua:
2127 1387 2497 1454 potentiamut
2525 1384 2570 1438 si
2600 1391 2823 1454 propter
2861 1385 3185 1456 dignitatem
3206 1401 3404 1455 super-

1807 1473 1918 1533 bia.
1957 1484 2180 1546 propter
2210 1477 2490 1546 pulverem
2522 1476 2883 1542 humilietur;
2911 1487 2965 1531 et
2994 1494 3104 1532 non
3134 1480 3404 1549 spolietur

1807 1578 1837 1618 a
1867 1561 2120 1621 dazmone
2155 1567 2249 1637 qui
2290 1565 2432 1620 clam
2472 1565 2549 1620 illi
2578 1583 2672 1637 per
2700 1568 3034 1639 cupiditates
3067 1585 3130 1624 ex
3167 1586 3400 1626 excessu
3491 1617 3498 1624 .

1808 1655 2031 1712 virtutis
2075 1657 2342 1714 oriundas
2406 1657 2738 1713 insidiatur:
2808 1659 3065 1715 habitans
3123 1661 3176 1714 in
3233 1663 3402 1732 spiri-

111 1750 296 1803 παθῶν
321 1750 774 1818 ὲπισουλεῦοντος
800 1753 1094 1824 δαίμονοςο
1139 1735 1497 1826 ἐναπομένων
1540 1735 1597 1810 δὲ
1637 1735 1702 1830 τῇ

1828 1749 1946 1803 .uali
1979 1750 2288 1804 carnalium
2321 1765 2505 1804 rerum
2557 1737 2887 1815 fallacia,ob
2918 1750 3174 1806 aliectum
3204 1755 3402 1808 anima:

109 1841 228 1897 κατ’
255 1841 516 1914 αἴσθησιν
546 1844 732 1916 ἀπάτῃ
765 1845 876 1898 τῶν
900 1846 1122 1911 ὑλικῶν,
1153 1846 1244 1901 διὰ
1277 1848 1378 1918 τὴν
1423 1849 1561 1919 πρὸς
1606 1849 1706 1920 τὴν

113 1933 288 2004 σάρκα
314 1933 420 2003 τῆς
445 1933 630 2004 ψυχῆς
657 1935 866 2005 σχέσιν,
905 1938 1002 1990 καί
1029 1937 1158 2001 τοὺς
1201 1939 1443 2010 τρόπους
1472 1939 1707 1994 ἐπινοῶν

109 2025 212 2078 τῶν
251 2027 377 2078 κατ’
413 2024 649 2094 ἔλλειψιν
676 2028 774 2096 τῆς
808 2028 1015 2098 ἀρετῆς
1043 2029 1254 2084 παθῶν.

175 2116 253 2170 Δι’
281 2117 528 2186 ἡμερῶν
557 2117 808 2172 πολλῶν
835 2119 1126 2186 ἐπανήξει
1152 2123 1240 2187 εἰς
1267 2122 1375 2176 τὸν
1396 2123 1565 2177 οἷκον
1596 2126 1706 2179 αὐ-

110 2207 227 2263 τοῦ.
269 2209 343 2263 Οὐ
393 2209 482 2264 διά
540 2210 771 2281 βραχέος
823 2211 1018 2283 καιροῦ
1061 2213 1485 2269 ὲπανελεὺσεται
1528 2219 1608 2280 είς
1643 2218 1708 2270 τὸ

115 2299 246 2354 κατὰ
269 2300 403 2354 νοῦν
425 2301 592 2354 αὐτοῦ
617 2303 958 2373 οἰκητήριον,
981 2307 1101 2368 ταῖς
1126 2305 1215 2358 διὰ
1237 2307 1334 2376 τῆς
1352 2309 1410 2361 ὲν
1433 2308 1707 2378 πνεύματι

114 2391 338 2460 φυσικῆς
389 2390 650 2462 θεωρίας,
706 2393 851 2444 κατὰ
887 2394 1052 2465 μέρος
1106 2396 1208 2465 τῆς
1237 2385 1432 2467 ’ψυχῆς
1461 2399 1569 2452 άπὸ
1595 2397 1706 2451 τῶν

114 2484 230 2536 κατ’
269 2481 531 2553 αἴσθησιν
587 2484 776 2537 τύπων
835 2485 972 2557 πρὸς
1011 2472 1136 2558 ¹τὴν
1195 2487 1456 2560 ἀλήθειαν
1501 2490 1707 2544 ἀναδά-

119 2591 278 2630 σεσιν.

180 2667 281 2722 κα’.
321 2667 764 2736 ’Λπεπλιίνησε
825 2669 894 2723 δὲ
955 2670 1146 2725 αὑτὸν
1220 2671 1424 2742 πολλῇ
1476 2675 1702 2743 ὁμιλίᾳ.

125 2757 472 2830 Ἐξηπάτησε
501 2757 680 2811 τοίνυν
721 2762 786 2830 τῇ
830 2762 1022 2832 μακρᾷ
1073 2762 1317 2832 ὲντυχίᾳ,
1371 2764 1708 2832 συγκαταθέ-

114 2846 231 2900 οθαι
255 2849 400 2919 αὐτῇ
432 2846 626 2900 τοῦτον
667 2851 1166 2919 παρασκευάσασα.

181 2935 434 3007 Βρόχοις
499 2955 564 2992 τε
605 2939 732 3006 τοῖς
781 2942 900 2995 ἀπὸ
945 2941 1064 2995 τῶν
1095 2942 1346 3012 χειλέων
1385 2945 1706 3010 ἐξώκειλεν

117 3031 319 3084 αὐτόν.
367 3033 602 3101 Δεσμοῖς
651 3049 711 3085 τε
751 3036 863 3096 τοῖς
908 3035 972 3086 ὲκ
1040 3035 1150 3087 τῶν
1182 3037 1320 3106 πρὸς
1368 3038 1437 3091 τὰ
1467 3039 1706 3109 αἰσθητά

118 3123 354 3190 σχέσεων
400 3122 509 3176 τῶν
550 3123 882 3195 αἰσθήσεων,
942 3126 1011 3180 δι’
1056 3119 1131 3180 ὧν
1167 3129 1241 3191 ὥς
1289 3146 1450 3182 τινων
1477 3131 1704 3201 χειλέων

114 3212 286 3266 ταῦτα
341 3213 666 3284 ἀσπάζεται,
723 3216 1017 3287 ἐξέστησεν
1061 3217 1226 3271 αὐτὸν
1262 3218 1358 3272 τοῦ
1409 3219 1706 3292 βεϐηκότος

118 3306 334 3373 πάντως
365 3310 737 3378 φρονήματος.
943 3353 954 3361 .

182 3397 289 3467 κβ¹.
336 3398 397 3450 '0
427 3399 497 3453 δὲ
532 3399 1035 3465 ἐπηκολούθησεν
1067 3399 1224 3468 αὐτῇ
1257 3403 1608 3469 κεπφωθείς.
1646 3403 1704 3457 '0

111 3486 350 3546 τοιοῦτος
385 3486 430 3538 δ’
462 3487 711 3556 ὑπετάγη
747 3487 885 3557 αὐτῇ
922 3487 1000 3558 τῷ
1031 3488 1180 3559 πόθῳ
1209 3488 1318 3542 τῶν
1359 3493 1480 3544 κατ’
1509 3492 1704 3562 αῐσθη-

113 3591 198 3627 σιν
224 3574 396 3642 ἡδέων
426 3573 704 3627 δελεασθεί
713 3592 758 3638 ς.

81 3664 88 3671 ’
183 3663 413 3732 ’Ὠσπερ
432 3664 500 3718 δὲ
529 3665 686 3732 βοῦς
707 3667 805 3721 ἐπὶ
841 3668 1092 3737 σφαγὴν
1117 3668 1341 3739 ἄγεται.
1360 3673 1626 3742 Καθάπερ
1645 3673 1704 3727 δὲ

111 3754 238 3824 βοῦς
274 3754 584 3824 άποκαμὼν
638 3758 772 3830 περὶ
833 3760 893 3812 τὸ
918 3744 1328 3831 τῆξέργασίας
1381 3763 1702 3833 φερέπονον,

112 3847 338 3920 φέρεται
372 3848 512 3918 πρὸς
540 3850 776 3922 σφαγὴν,
803 3849 946 3905 οὕτω
980 3851 1044 3924 δὴ
1069 3853 1163 3906 καὶ
1187 3853 1372 3918 αὐτὸς,
1398 3854 1704 3924 ἀποκαμὼν

110 3939 188 4006 τῷ
208 3938 464 4010 ἐπιπόνῳ
497 3942 596 4004 τῆς
631 3942 856 4014 ἀρετῆς,
888 3943 1025 4014 πρὸς
1051 3945 1150 4014 τὴν
1175 3945 1494 4016 νεκροποιὸν
1509 3945 1704 4016 ἄγεται

111 4031 410 4102 ἁμαρτίαν.

182 4124 294 4178 Καὶ
331 4122 536 4194 ὥσπερ
578 4127 741 4181 κύων
781 4127 879 4181 ἐπὶ
914 4129 1198 4199 δεσμούς.
1247 4131 1359 4185 Καὶ
1403 4131 1706 4206 καθώσπερ

115 4215 258 4269 κύων
281 4216 574 4289 ἑλκόμενος
601 4220 736 4292 πρὸς
758 4220 990 4292 δεσμοὺς
1017 4223 1268 4293 σχολάζει
1287 4224 1382 4279 τοῦ
1410 4225 1703 4294 φυλάττειν

116 4309 222 4363 ἀπὸ
245 4309 356 4363 τῶν
391 4313 875 4378 ἐπιϐουλευόντων,
901 4314 1044 4369 οὕτω
1073 4317 1168 4370 καὶ
1195 4311 1371 4382 οὗτος,
1403 4321 1702 4392 ἐπειγόμε-

1808 1842 1877 1896 ad
1913 1856 2160 1906 carnem,
2196 1849 2254 1896 et
2280 1841 2530 1910 c0gitans
2560 1840 2754 1898 modos
2809 1841 3174 1912 cupiditatum
3207 1860 3272 1898 ex
3306 1831 3404 1899 de-

1809 1931 1957 1990 fectu
1993 1933 2214 1989 virtutis
2243 1933 2628 1988 oriundarum.

1875 2109 2006 2165 Post
2037 2110 2231 2166 multos
2257 2110 2370 2165 dies
2421 2117 2713 2165 revertetur
2741 2110 2795 2163 in
2825 2109 3043 2164 domum
3073 2127 3250 2165 suam.
3281 2109 3400 2166 Non

1808 2202 1964 2257 brevi
2008 2201 2212 2256 redibit
2243 2211 2490 2272 tempore
2522 2201 2746 2256 domum
2782 2201 3154 2270 spiritualem,
3198 2202 3403 2258 intelli-

1809 2295 1993 2366 gentia
2033 2293 2343 2348 ascendens
2386 2308 2414 2346 a
2449 2293 2618 2348 rebus
2656 2292 2960 2347 sensilibus
3011 2293 3081 2347 ad
3112 2292 3401 2348 veritatem

1809 2403 1908 2459 per
1938 2387 2249 2442 naturalem
2284 2385 2700 2440 meditationem
2733 2385 2787 2439 in
2826 2386 3053 2455 Spiritu.

1883 2687 2050 2742 Vnus.
2107 2689 2198 2742 2|.
2237 2687 2479 2743 Irretivit
2525 2703 2642 2742 eum
2683 2687 2868 2742 multis
2917 2685 3270 2742 sermonibus.
3299 2683 3404 2740 De-

1807 2779 1956 2848 cepit
2023 2779 2176 2833 illum
2237 2780 2399 2850 longo
2429 2793 2710 2845 sermone,
2763 2779 3070 2848 disponens
3133 2778 3289 2832 illutn
3343 2787 3404 2832 nt

1809 2868 1917 2924 sibi
1944 2868 2247 2923 adhaereat.

1865 2959 2084 3014 Retibus
2119 2961 2386 3024 labiorum
2428 2976 2648 3015 suarum
2680 2962 2907 3013 attraxit
2941 2961 3115 3014 illum.
3147 2960 3283 3014 Cum
3321 2961 3405 3015 iu-

1809 3051 1976 3106 nibus
2027 3051 2234 3106 amoris
2304 3067 2570 3106 sensuum
2653 3051 2718 3122 ad
2779 3052 3053 3116 carnalia,
3113 3067 3210 3121 per
3262 3067 3404 3122 quos

1809 3141 1966 3211 quasi
2007 3156 2102 3211 per
2133 3141 2275 3194 labia
2311 3144 2600 3196 osculatur
2636 3121 2748 3207 illa,
2781 3143 3015 3196 removit
3053 3141 3210 3196 illum
3235 3157 3282 3196 -a
3313 3159 3404 3198 re-

1808 3232 1913 3287 ctis
1943 3231 2172 3287 omnino
2213 3232 2667 3302 cogitationibus.

1877 3409 2047 3467 Vsus.
2078 3411 2168 3466 22.
2229 3412 2331 3466 Hic
2371 3422 2585 3466 secutus
2637 3421 2716 3464 est
2743 3411 2893 3464 illam
2938 3427 3132 3466 caecus.
3187 3411 3286 3468 Hic
3323 3413 3401 3468 illi

1806 3502 2070 3566 obedivit,
2123 3501 2488 3572 cupiditatum
2542 3501 2854 3555 carnalium
2904 3505 3188 3570 voluptate
3232 3515 3404 3558 attra-

1806 3602 1951 3648 ctus.

1882 3683 1949 3738 Ut
1999 3684 2090 3738 bos
2135 3683 2204 3738 ad
2250 3696 2492 3748 mortem,
2527 3685 2779 3738 trahitur.
2836 3686 3009 3740 Sicuti
3066 3686 3166 3742 hos
3199 3685 3403 3742 cadens

1805 3777 1912 3831 sub
1955 3776 2165 3831 laboris
2217 3777 2477 3845 pondere,
2537 3775 2605 3828 ad
2654 3791 2846 3829 necem
2884 3777 3145 3841 trahitur,
3183 3779 3265 3833 sic
3308 3779 3402 3833 illo

1806 3867 2012 3924 cadens
2041 3869 2145 3924 sub
2200 3869 2390 3923 labore
2429 3869 2676 3933 virtutis,
2710 3871 2954 3924 trahitur
3005 3871 3074 3926 ad
3114 3871 3400 3926 mortifera

1805 3967 2057 4030 peccata.

1878 4127 1947 4182 Et
1981 4129 2116 4184 sicut
2160 4129 2311 4183 canis
2360 4127 2430 4182 ad
2468 4129 2628 4186 retia.
2680 4127 2746 4182 Et
2780 4130 2926 4186 sicut
2953 4129 3131 4194 canis,
3171 4130 3400 4188 funibus

1805 4221 2007 4292 ligatus
2028 4263 2044 4287 ,
2097 4221 2166 4276 ab
2197 4221 2594 4276 insidiantibus
2629 4221 2913 4276 custodire
2942 4222 3171 4290 desinit,
3206 4225 3278 4276 ita
3308 4222 3404 4278 ille

1806 4314 2076 4371 festinans
2131 4315 2332 4370 vinciri
2397 4324 2754 4386 peccatorum
2810 4315 3100 4384 operibus,
3153 4315 3402 4385 seipsum

117 4417 202 4464 νος
223 4401 564 4477 δεσμηθῇναι
594 4409 660 4476 τῇ
699 4407 823 4459 κατ’
852 4409 1140 4478 ἐνέργειαν
1179 4410 1446 4483 ἁμαρτίᾳ,
1469 4411 1704 4468 παύεται

1828 4405 2106 4462 lel‘endere
2134 4416 2314 4462 cessat
2344 4407 2616 4461 adversus
2646 4405 2927 4461 daemones
2963 4405 3066 4474 ipsi
3095 4405 3404 4462 secundant

117 4493 207 4545 τοῦ
237 4494 528 4562 φυλάττειν
573 4498 764 4551 ἑαυτὸν
809 4500 920 4553 ἀπὸ
945 4499 1055 4554 τῶν
1084 4500 1549 4558 ἐπιϐουλευόντων
1587 4505 1706 4560 δαι-

123 4584 296 4652 μόνων
316 4587 460 4641 κατὰ
486 4589 687 4660 ψυχήν.

188 4685 288 4746 κγ’.
321 4681 392 4735 Ἣ
435 4681 517 4747 ὡς
537 4681 764 4752 ἔλαφος
807 4685 1126 4756 τοξεύματι
1164 4688 1491 4758 πεπληγὼς
1519 4692 1608 4757 είς
1640 4692 1706 4746 τὸ

128 4757 297 4835 ἧπαρ.
327 4770 398 4824 Ἢ
430 4769 621 4845 ῶσπερ
655 4792 739 4838 τις
768 4775 964 4846 ἔλαφος
994 4780 1106 4838 τοῖς
1135 4757 1496 4849 ὑψηλοτάτοις
1524 4782 1708 4853 ὄρεσιν

123 4855 538 4935 ὲμφιλοχωρῶν,
586 4865 647 4918 τὸ
679 4862 834 4939 ἧπαρ
875 4868 1020 4938 βέλει
1063 4870 1314 4940 πληγεὶς,
1354 4873 1548 4944 νεκρὸς
1603 4877 1709 4930 ὑπὸ

121 4948 225 5001 τῶν
259 4953 547 5026 ἀγρευτῶν
592 4957 806 5025 ἄγεται,
842 4960 937 5015 τὸν
981 4961 1145 5015 αὐτὸν
1183 4965 1386 5035 τρόπον
1428 4968 1524 5022 καὶ
1551 4961 1708 5033 οὗτος

123 5044 346 5132 τρωθεὶς
386 5051 510 5103 κατ’
541 5050 840 5122 ἐπιθυμίαν
887 5053 995 5108 τῶν
1044 5059 1402 5130 προσκαίρων
1451 5061 1528 5132 τῷ
1562 5061 1708 5132 βέλει

123 5131 212 5184 τοῦ
233 5135 340 5190 τῶν
367 5141 657 5212 ἡμετέρων
680 5141 870 5212 ψυχῶν
897 5144 1185 5216 θηρευτοῦ,
1214 5131 1580 5220 ἐστερημένος
1611 5155 1708 5223 τῆς

126 5235 503 5303 πνευματικῆς
543 5231 712 5304 ζωῆς,
756 5235 896 5306 πρός
925 5240 1110 5292 πᾶσαν
1141 5241 1343 5294 κακίαν
1373 5243 1568 5311 άγεται
1614 5245 1706 5298 ὑπ’

127 5314 306 5384 αὐτοῦ,
338 5323 436 5393 τῆς
459 5324 716 5396 οὐρανίου
743 5329 1011 5398 σχολάσας
1035 5332 1332 5404 διαγωγῆς.
1353 5399 1358 5403 _

197 5408 445 5466 Σπεύδει
471 5409 541 5466 δὲ
571 5412 774 5485 ὥσπερ
801 5415 1014 5484 ὄρνεον
1041 5421 1127 5486 είς
1163 5423 1401 5492 παγίδα.
1439 5426 1709 5502 Καθάπερ
1745 5451 1749 5454 ·

131 5495 186 5588 δέ
222 5516 272 5553 τι
298 5505 498 5576 πτηνὸν
529 5507 699 5572 ὀξέως
725 5509 950 5580 φέρεται
984 5515 1120 5583 πρὸς
1153 5515 1253 5584 τὴν
1301 5517 1480 5588 ἄγραν
1521 5495 1709 5576 δελεαλ

137 5587 272 5657 σθὲν,
303 5595 442 5651 οὓτω
488 5601 583 5652 καὶ
626 5593 802 5666 οὗτος,
849 5603 1044 5672 ἀθρόον
1079 5609 1144 5677 τῇ
1185 5587 1431 5682 ἁμαρτίᾳ
1485 5612 1574 5668 διὰ
1611 5615 1709 5685 τῆς

136 5688 431 5753 φαντασίας
452 5691 592 5745 κατὰ
611 5693 854 5746 διάθεσιν
877 5696 1262 5767 ἐφιστάμενος,
1287 5703 1579 5768 σπουδάζει
1605 5708 1710 5762 ὑπὸ

137 5772 225 5827 τοῦ
253 5777 540 5854 εἰρημένου
570 5785 836 5858 θηρευτοῦ
866 5788 1227 5860 ἀγρευθῆναι.

1810 4501 2050 4554 animam
2084 4499 2437 4555 insidiantes.

1885 4723 2052 4779 Vens.
2087 4724 2177 4779 2⁸5.
2239 4723 2333 4778 γει
2361 4733 2418 4778 ut
2472 4740 2656 4778 cervus
2695 4723 2888 4792 jacqu
2925 4725 2978 4778 in
2999 4724 3154 4794 jecur
3179 4740 3404 4794 percus-

1811 4834 1926 4873 sus.
1963 4817 2056 4873 Vel
2089 4825 2150 4872 ut
2179 4833 2404 4882 cervus,
2435 4817 2732 4873 altissimis
2770 4819 3052 4874 montibus
3087 4818 3407 4874 inhabitare

1811 4921 2024 4974 amans,
2063 4908 2252 4977 jaeulo
2276 4907 2435 4978 jecur
2465 4909 2816 4973 vulneratus,
2837 4909 3094 4964 trahitur
3117 4911 3338 4965 occisus
3369 4926 3401 4966 a

1809 5001 2198 5064 venatoribus,
2230 5000 2421 5055 eodem
2468 5000 2634 5056 modo
2674 5001 2790 5063 ille,
2825 5002 3209 5071 temporalium
3243 5003 3401 5076 cupi-

1811 5091 2006 5156 ditate,
2044 5092 2236 5161 jacqu
2267 5076 2579 5148 animarum
2613 5102 2930 5148 nostrarum
2973 5093 3150 5149 hostis
3176 5109 3404 5164 percus-

1811 5196 1907 5236 sus
1993 5183 2104 5235 vita
2157 5183 2436 5253 spirituali
2489 5185 2761 5255 privatus,
2818 5185 2887 5238 ab
2939 5186 3034 5239 illo
3066 5187 3130 5238 ad
3179 5203 3403 5245 omnem

1813 5274 2078 5329 malitiam
2115 5275 2313 5341 l'ertur,
2352 5292 2381 5331 a
2417 5278 2633 5332 caelesti
2679 5278 2945 5347 regimine
2985 5279 3219 5336 alienus.

1887 5445 2131 5502 Festinat
2163 5458 2222 5503 ut
2252 5454 2363 5506 avis
2394 5451 2464 5504 ad
2491 5463 2618 5507 rete.
2659 5451 2817 5509 Sicut
2853 5455 2971 5510 avis
3003 5456 3260 5512 celeriter
3292 5457 3403 5512 fere

1813 5548 1904 5592 tur
1939 5539 2006 5593 ad
2044 5540 2272 5596 illicium
2326 5550 2584 5608 attracta,
2632 5545 2705 5598 ita
2741 5545 2854 5610 ille,
2886 5549 3101 5613 statim,
3132 5565 3234 5620 per
3268 5549 3402 5605 all‘e-

1813 5639 1986 5694 ctum,
2059 5632 2445 5688 illecebrarum
2512 5637 2716 5706 specie,
2786 5637 3094 5695 obstrictus
3149 5650 3397 5711 peccato,

1815 5723 2040 5779 festinat
2069 5725 2135 5781 ad
2161 5726 2298 5781 retia
2330 5728 2635 5797 supradicti
2671 5728 2872 5787 hostis.
