3958 6400
308 463 445 530 1289

1317 474 1855 567 CQMMENTARII
1897 465 1980 537 1N
2022 463 2482 540 Pnov‘EnBtA.

3426 489 3564 558 1290

296 581 481 636 πυλῶν
537 581 680 637 κατὰ
715 584 946 657 θεωρίαν
980 587 1303 658 είσαγωγοῖς
1345 591 1494 663 [cod.
1543 591 1873 662 εἰσαγωγῆς]

1999 585 2384 664 percipiuntur,
2417 597 2512 652 sed
2559 599 2723 654 etiam
2755 614 2852 669 per
2887 613 3051 672 ques,
3081 600 3242 675 quasi
3269 620 3364 678 per
3393 627 3565 682 quas-

297 673 431 746 πρὸς
452 671 512 726 τὺ
531 674 936 748 ἐπιγνωσθῆναι
962 679 1123 732 αὐτὸν
1155 681 1297 736 κατὰ
1320 681 1446 737 νοῦν
1474 685 1539 754 τῇ
1561 682 1729 752 ψυχῇ,
1758 683 1876 736 δια-

293 764 470 836 τρίϐει
521 765 774 838 αἰσθήσει
819 769 930 823 τῶν
986 769 1062 844 μὴ
1101 773 1424 845 ἡττημένων
1457 777 1524 846 τῇ
1556 775 1742 845 ἀπάτῃ
1776 775 1874 844 τῆς

293 857 617 925 ἐπιφανείας
644 859 752 918 τῶν
779 861 1012 931 ὁρατῶν.

373 947 477 1000 Ἔν
513 945 583 1000 δὲ
616 949 879 1016 εἰσόδοις
907 951 1198 1020 ὑμνεῖται.
1243 955 1331 1010 Ἐν
1360 956 1418 1011 δὲ
1450 961 1568 1019 ταῖς
1599 957 1874 1021 τοιαύταις

291 1041 458 1098 αὐτοῦ
500 1041 636 1114 πρὸς
685 1041 810 1098 νοῦν
850 1046 1205 1122 εἰσελεύσεσι,
1238 1049 1606 1121 μεγαλύνεται
1647 1051 1735 1105 διὰ
1767 1049 1874 1104 τῶν

289 1132 433 1188 κατὰ
467 1131 701 1206 μίμησιν
732 1135 897 1190 αὐτοῦ
924 1138 1144 1206 ἀγαθῶν
1175 1139 1354 1211 ἔργων
1382 1140 1457 1205 ὡς
1481 1141 1594 1196 τῶν
1622 1143 1876 1216 ὁρώντων

289 1224 430 1280 αὐτὰ
456 1223 789 1290 δοξαζόντων
827 1229 1016 1283 τοῦτον
1043 1232 1135 1286 τὸν
1163 1233 1259 1286 τοῦ
1288 1235 1490 1298 παντὸς
1521 1235 1694 1288 αἴτιον
1731 1238 1870 1303 ἀγα-

289 1314 383 1370 θοῦ
405 1331 418 1343 ⁸
457 1318 554 1370 καὶ
582 1317 754 1372 ταῦτα
787 1319 884 1389 μὲν
907 1321 974 1376 τὰ
1003 1323 1105 1392 τῆς
1135 1324 1348 1394 σοφίας.

358 1405 420 1458 δ’.
473 1404 646 1474 Ὺμᾶς
677 1407 766 1472 δὲ,
789 1403 838 1463 ὧ
867 1411 1187 1480 ἄνθρωποι,
1227 1417 1576 1484 παρακαλῶ.
1622 1419 1795 1488 ’Υμᾶς
1817 1418 1875 1472 δὲ

286 1496 411 1560 τοὺς
435 1497 530 1550 τὸν
554 1499 656 1568 τῆς
679 1499 1026 1574 ἀνθρωπίνης
1054 1503 1272 1573 φύσεως
1300 1506 1456 1574 λόγον
1489 1507 1629 1562 σῶον
1672 1508 1874 1578 φυλάτο

286 1606 502 1656 τοντας,
531 1589 627 1644 καὶ
657 1594 770 1655 τοῖς
800 1593 900 1663 μὲν
939 1595 1092 1666 παρὰ
1118 1595 1282 1666 φύσιν
1314 1599 1514 1653 πάθεσι
1559 1598 1634 1671 μὴ
1679 1601 1876 1654 ὑποπί-

287 1698 546 1750 πτοντας,
579 1682 886 1749 φύσεως¹δ⁹
915 1688 1087 1759 αὐτῆς
1119 1693 1482 1763 καταφρονεῖν
1516 1696 1684 1764 μήπω
1724 1692 1873 1748 δεδυ-

287 1772 583 1842 νημένους,
613 1774 672 1827 οὐ
705 1775 828 1828 κατ’
853 1777 1074 1850 ἐντολὴν
1099 1779 1199 1852 τὴν
1226 1781 1432 1856 ταύτης
1465 1785 1874 1856 καταφρόνησιν

284 1863 528 1929 ἀπαιτῶ,
559 1865 724 1934 φόϐον
757 1867 881 1920 τινὰ
907 1868 1166 1924 ἐπισείων
1201 1871 1352 1942 ὑμῖν,
1383 1872 1502 1926 ἀλλ’
1541 1877 1598 1929 ὲν
1639 1875 1719 1946 τῷ
1744 1876 1876 1930 ἅνα-

1979 681 2103 738 dam
2135 693 2346 754 portas,
2393 687 2750 747 meditatione
2798 693 3176 753 introducitur
3234 681 3470 759 Verbum
3501 714 3564 761 ut

1978 772 2176 829 horum
2242 785 2437 833 auctor
2496 782 2815 854 cognitum,
2875 796 2934 842 ut
2991 788 3060 844 ab
3123 791 3304 848 anima
3362 806 3564 854 secun-

1974 865 2108 920 dum
2145 869 2409 938 placitum
2437 887 2888 946 recognoscatur.

2041 959 2112 1014 In
2141 963 2300 1017 atriis
2347 968 2741 1037 magni/ibatur.
2773 969 2840 1026 Et
2883 971 2938 1026 in
2978 972 3322 1046 ingressibus
3347 979 3466 1051 ejus
3493 979 3566 1036 ad

1978 1052 2244 1120 animam,
2269 1056 2498 1124 exaltat,
2523 1074 2645 1128 qua:
2677 1075 2743 1114 ex
2775 1060 2897 1130 ejus
2921 1063 3226 1123 imitatione
3257 1066 3402 1123 facta
3434 1081 3566 1128 sunt

1977 1156 2148 1212 opera
2188 1143 2356 1210 bona,
2413 1152 2565 1202 utea
2596 1149 2867 1216 videntes,
2909 1152 3060 1207 illum
3105 1157 3286 1214 omnis
3308 1158 3438 1216 boni
3463 1175 3567 1216 au-

1977 1241 2190 1288 ctorem
2224 1235 2509 1292 celebrent
2539 1257 2552 1292 :
2583 1249 2636 1295 et
2665 1242 2780 1297 haec
2802 1243 2968 1298 Verba
2999 1245 3302 1316 sapientiai.

2049 1407 2216 1464 Vsns.
2247 1410 2303 1465 4.
2340 1409 2386 1466 ο
2419 1413 2539 1492 viri,
2583 1415 2656 1469 ad
2695 1433 2782 1472 vos
2820 1419 3056 1480 ciamito.
3091 1417 3200 1484 Vos
3231 1438 3415 1488 autem
3447 1437 3564 1504 qui,

1989 1496 2250 1555 humanae
2285 1509 2502 1560 natura:
2533 1505 2707 1577 legem
2754 1523 2946 1566 sanam
2977 1519 3375 1588 custodientes,
3413 1496 3568 1582 acu;

1977 1587 2309 1656 piditatihus
2361 1608 2485 1664 qua:
2529 1606 2662 1652 sunt
2711 1607 2904 1656 contra
2943 1613 3198 1662 naturam
3247 1587 3368 1666 non
3391 1614 3569 1670 vinci-

1978 1677 2139 1744 mini,
2202 1682 2296 1735 sed
2351 1685 2446 1753 qui
2496 1686 2742 1742 nondum
2803 1691 2946 1746 hanc
2987 1693 3166 1762 ipsam
3217 1709 3570 1760 contemnere

1978 1769 2204 1835 valetis,
2242 1786 2352 1828 non
2377 1788 2474 1828 vos
2499 1789 2595 1845 per
2621 1777 2914 1849 imperium
2943 1783 3012 1837 ad
3033 1785 3156 1856 ejus
3187 1798 3568 1864 contemptum

1979 1875 2136 1926 voco,
2199 1863 2441 1934 quodam
2501 1869 2661 1926 vobis
2716 1871 2923 1942 injecto
2995 1877 3215 1948 timore,
3257 1881 3356 1938 sed
3413 1863 3570 1941 vobis

283 1953 562 2022 διδάσκειν
601 1957 700 2020 τὰς
729 1956 824 2012 τοῦ
866 1957 1010 2032 ὑπὲρ
1050 1961 1212 2031 φύσιν
1243 1961 1404 2032 λόγου
1445 1944 1702 2037 χάριτας,
1745 1968 1873 2039 πρὸς

1999 1957 2134 2012 verbi
2200 1962 2646 2028 supernaturalis
2717 1977 3040 2028 venustates
3100 1944 3441 2042 monstrans.
3498 1982 3570 2036 ad

285 2044 452 2099 πόθον
480 2046 784 2119 ὲφέλκομαι
828 2051 923 2121 τῆς
945 2051 1289 2125 τελειοτέρας
1317 2055 1614 2130 διαγωγῆς.

349 2134 470 2188 Καὶ
499 2138 768 2208 προτεμαι
787 2139 944 2210 ἐμὴν
963 2142 1174 2211 φωνὴν
1193 2143 1349 2211 υἱοῖς
1375 2145 1723 2214 ἀνθρώπων.
1749 2149 1882 2220 Προ-

281 2225 433 2296 φέρω
471 2226 530 2280 δὲ
559 2229 658 2299 τὴν
683 2229 822 2300 ἐμὴν
853 2230 1225 2300 διδασκαλίαν,
1263 2235 1360 2290 καὶ
1386 2239 1498 2301 τοίς
1527 2238 1616 2292 διὰ
1649 2239 1708 2292 τὺ
1742 2240 1881 2310 μόνα

281 2321 506 2388 φρονεῖν
549 2321 620 2373 τὰ
664 2321 768 2394 τῆς
797 2324 950 2381 κάτω
981 2326 1236 2396 γνώσεως
1256 2370 1270 2394 ,
1304 2328 1606 2401 ἀνθρώπων
1638 2373 1654 2400 ,
1685 2333 1780 2386 καὶ
1817 2335 1878 2388 οὐ

276 2408 413 2462 ’Θεοῦ
451 2427 562 2482 χρη
571 2413 880 2482 ματίζουσι.
1857 2481 1861 2484 .

351 2507 414 2555 ε’.
431 2501 736 2570 Nono-ate,
756 2505 992 2576 ἄκακοι,
1009 2515 1400 2584 πανουργίαν.
1419 2515 1619 2583 Γνῶτε,
1633 2519 1682 2570 οἱ
1697 2518 1878 2588 πάσης

281 2593 489 2658 κακίας
521 2595 944 2668 καθαρεύοντες,
981 2603 1082 2674 τὴν
1105 2605 1308 2670 παντὸς
1337 2606 1543 2684 ἀγαθοῦ
1575 2607 1876 2680 ὲμμέθοδον

283 2683 573 2756 ἐνέργειαν
597 2704 612 2718 ·
638 2689 952 2758 ἐπιγνόντες
985 2695 1126 2748 κατὰ
1159 2697 1361 2766 πρᾶξιν
1384 2683 1483 2762 τάς
1503 2699 1596 2752 τοῦ
1625 2701 1762 2755 Θεοῦ
1790 2704 1875 2758 ὲν-

281 2774 445 2841 τολάς
468 2792 484 2806 ⁸
521 2777 617 2832 καὶ
647 2781 726 2844 είς
756 2783 1039 2852 φωτισμὸν
1073 2784 1326 2840 ἐντεῦθεν
1355 2789 1465 2843 ἀπὸ
1496 2791 1596 2862 τῆς
1636 2793 1873 2862 εἰσαγω-

283 2869 456 2940 γικῆς
484 2869 806 2942 καθάρσεως
832 2874 1229 2946 προκόψαντες.

360 2961 427 3015 Ol
458 2959 526 3014 δὲ
557 2961 926 3029 ἀπαίδευτοι,
950 2965 1202 3023 ἐνθεσθε
1227 2971 1499 3040 καρδίαν.
1531 2973 1594 3027 Οἱ
1627 2971 1684 3028 δὲ
1712 2975 1876 3048 μήπω

285 3051 544 3122 τυχόντες
576 3054 852 3125 πατρικῆς
883 3057 1133 3122 παιδείας
1180 3060 1317 3131 πρὸς
1347 3061 1640 3135 κάθαρσιν,
1666 3066 1876 3137 ἐμϐάλ-

285 3139 410 3196 λετε
433 3143 516 3208 είς
547 3144 647 3209 τὰς
671 3146 808 3211 ἰδίας
829 3148 1008 3220 ψυχὰς
1038 3149 1138 3220 τὴν
1177 3151 1440 3222 ξωογόνον
1464 3156 1592 3227 περὶ
1617 3157 1752 3212 Θεοῦ
1787 3155 1876 3214 ἔν-

285 3249 439 3319 νριαν
461 3250 479 3268 ο
507 3236 630 3308 ἥτις
679 3237 768 3291 διά
799 3239 891 3293 τὸν
929 3242 1323 3313 ὲρρυπωμένον
1353 3245 1466 3315 βίον
1495 3248 1650 3318 φόϐῳ
1684 3251 1873 3319 αὑτοῦ,

289 3295 474 3396 σῖἀσης
501 3295 825 3400 ἐκκαθαίρει
853 3295 1091 3402 κηλίδος.
1157 3295 1176 3313 1
1214 3295 1224 3297 ἡ
1274 3295 1312 3298 Η
1353 3295 1379 3315 Γ

361 3417 437 3481 ς’.
458 3421 724 3473 Είσακού
734 3421 882 3475 σατέ
901 3439 1044 3490 μου·
1071 3427 1267 3494 σεμνὰ
1295 3427 1406 3496 γὰρ
1433 3429 1564 3497 ἐρῶ·
1597 3433 1698 3486 καί
1721 3434 1877 3488 ἐνοί-

285 3523 378 3560 σω
411 3508 534 3560 ἀπὸ
571 3509 822 3577 χειλέων
859 3512 1024 3580 ὀρθά.
1080 3516 1350 3588 Πείσθητέ
1399 3536 1508 3589 μοι·
1553 3521 1714 3594 τίμια
1767 3525 1876 3596 γὰρ

288 3597 634 3670 φθέγξομαι·
670 3603 763 3655 καὶ
792 3603 1016 3673 προάξω
1065 3606 1131 3658 ἐκ
1157 3605 1425 3677 στόματός
1468 3626 1570 3678 μου
1612 3612 1745 3682 εὺθῆ
1789 3613 1874 3666 λό-

285 3705 403 3758 για.
1529 3719 1535 3725 ·

357 3782 424 3850 ζ’.
457 3784 588 3840 "Ott
644 3786 938 3856 ἀλήθειαν
979 3792 1308 3862 μελετήσει
1363 3797 1398 3849 ὁ
1441 3795 1680 3866 φάρυγξ
1727 3815 1870 3866 μου.

285 3876 434 3930 Διότι
467 3893 560 3948 μοι
609 3879 638 3932 δ
667 3879 824 3950 δίκην
861 3881 1142 3953 φάρυγγος
1187 3884 1436 3950 δεκτικὸς
1469 3887 1616 3956 νοῦς,
1644 3887 1741 3942 τοῦ
1769 3889 1874 3960 ψυ-

285 3969 391 4038 χὰς
427 3971 774 4041 στηρίζοντος
805 3973 1060 4044 οὐρανίου
1091 3973 1280 4046 ἄρτου,
1323 3977 1604 4048 φροντίσει
1655 3980 1873 4044 πάντως

283 4059 496 4125 διδάξαι
526 4062 668 4132 ὑμᾶς
697 4063 795 4134 τὴν
826 4065 884 4118 ὲν
912 4065 1057 4129 ὅλοις
1097 4066 1388 4137 ἀλήθειαν·
1436 4069 1629 4124 τοῦτον
1668 4069 1872 4144 δηλαδὴ

282 4150 376 4204 τὸν
407 4153 511 4206 ὑπὸ
543 4153 725 4224 πάσης
750 4154 852 4224 τῆς
875 4154 1104 4220 κτίσεως
1127 4159 1534 4228 κηρυττόμενον
1569 4161 1870 4217 ὲνυπόστα-

281 4261 375 4298 τον
407 4247 504 4300 τοῦ
529 4246 670 4300 Θεοῦ
692 4249 874 4316 λόγον.
1727 4284 1734 4291 ·

189 4401 196 4404 _
366 4339 806 4412 Ἐϐδελυγμένιι
829 4341 898 4394 δὲ
931 4341 1212 4396 ἐναντίον
1249 4338 1398 4413 ἐμοῦ
1435 4347 1607 4416 χείλη
1645 4347 1866 4416 ψευδῆ.

283 4428 573 4485 Βδελυκτοὶ
607 4432 664 4484 δὲ
697 4433 940 4485 ἐναντίον
964 4431 1122 4504 ἐμοῦ,
1157 4435 1206 4486 ot
1234 4435 1296 4487 τὸ
1325 4436 1526 4509 ἀληθὲς
1567 4439 1644 4510 μὴ
1683 4442 1868 4510 ἀπαγ-

281 4520 568 4587 γέλλοντες
595 4523 764 4592 λόγοι.

1985 2047 2334 2118 porreetioris
2364 2051 2492 2108 vitae
2517 2053 2860 2114 desiderium
2895 2063 3139 2119 attrahe.

2051 2137 2124 2193 Et
2143 2153 2315 2195 vocem
2339 2157 2510 2197 meam
2543 2146 2758 2214 eﬂ'undo
2789 2149 2859 2204 ad
2885 2151 3026 2220 ﬁlios
3057 2153 3352 2212 hominum.
3391 2157 3569 2216 Meam

1981 2227 2291 2287 doctrinam
2318 2241 2372 2288 et
2399 2233 2470 2290 iis
2501 2238 2776 2308 propono,
2811 2243 2902 2312 qui
2935 2255 3132 2300 vacant
3157 2247 3231 2302 ad
3257 2249 3570 2322 intelligen-

1981 2321 2110 2376 tiam
2140 2339 2328 2380 eornm
2369 2341 2491 2397 qua
2539 2331 2844 2388 secundum
2893 2334 3179 2394 hominum
3227 2349 3282 2397 et
3311 2357 3420 2398 non
3445 2321 3569 2400 iDei

1979 2411 2288 2469 scientiam.
3380 2497 3386 2506 ’

2055 2500 2220 2560 Vens.
2248 2505 2301 2560 5.
2327 2505 2637 2594 Intelligite,
2665 2514 2923 2580 insontes,
2945 2521 3226 2577 astutiam.
3247 2500 3566 2598 Intelligite,

1978 2606 2078 2649 vos
2111 2594 2204 2665 qui
2249 2597 2319 2652 ab
2359 2601 2510 2656 omni
2543 2590 2768 2660 malitia
2803 2607 2968 2664 alieni
3001 2613 3158 2678 estis,
3193 2590 3568 2674 methodicen:

1979 2685 2161 2740 omnis
2195 2685 2323 2744 boni
2351 2694 2727 2761 operationem
2764 2716 2778 2754 :
2818 2687 3280 2772 recognoscentes
3326 2709 3381 2764 in
3413 2713 3573 2781 pravi

1979 2775 2076 2832 Dei
2110 2788 2400 2851 praecepta;
2429 2791 2484 2838 et
2508 2787 2578 2840 ab
2599 2789 2916 2858 expiatione
2951 2810 3071 2864 qum
3099 2783 3186 2854 est
3214 2811 3314 2871 per
3344 2775 3568 2862 modum

1979 2865 2404 2928 introductionis
2439 2878 2798 2944 procedentes
2831 2883 2898 2938 ad
2933 2881 3136 2945 lucem.

2049 2955 2398 3028 Insipientes,
2466 2966 2873 3028 animadvertite
2951 2977 3127 3034 corde.
3183 2977 3232 3037 Ο
3289 2998 3426 3054 vos,
3475 2992 3572 3059 qui

1976 3049 2220 3104 nondum
2270 3053 2339 3108 ad
2391 3064 2676 3126 paternam
2707 3061 3016 3120 doctrinam
3060 3071 3290 3129 venistis
3347 3049 3421 3132 ad
3471 3049 3583 3136 ex;

1976 3140 2296 3212 piationem,
2335 3145 2501 3213 jacite
2551 3151 2604 3206 in
2660 3156 2878 3214 animas
2937 3167 3150 3218 vestras
3200 3167 3570 3231 viviﬁcantem

1979 3231 2076 3288 Dei
2105 3235 2514 3308 cognitionem;
2550 3259 2674 3313 qua;
2707 3247 2902 3306 timore
2935 3251 3080 3322 ejus,
3107 3255 3276 3314 vitam
3324 3267 3576 3322 macula-

1984 3331 2096 3379 tam
2128 3327 2197 3381 ab
2222 3329 2373 3383 omni
2407 3331 2526 3386 labe
2559 3335 2832 3402 puriﬁcat.

2054 3415 2218 3472 Vens.
2248 3419 2303 3474 6.
2333 3419 2528 3477 Audite
2581 3441 2682 3494 me,
2723 3433 2914 3499 gravia
2954 3437 3093 3512 enim
3138 3437 3384 3498 locutura
3413 3464 3572 3516 sum;

1981 3508 2248 3577 proferam
2299 3513 2457 3568 labiis
2491 3518 2620 3572 meis
2645 3530 2814 3577 recta.
2848 3508 3048 3583 Audi-te
3080 3545 3186 3598 me,
3224 3508 3571 3600 honorabilia

1982 3599 2250 3665 clamabo,
2273 3612 2327 3658 et
2354 3605 2628 3674 proferam
2657 3625 2724 3664 ex
2745 3627 2842 3669 ore
2871 3629 2992 3672 meo
3020 3627 3170 3675 recta
3200 3631 3254 3681 et
3280 3625 3453 3696 justa.

2051 3771 2220 3830 Vens.
2311 3778 2364 3831 7.
2456 3779 2596 3846 Quia
2661 3785 2936 3844 veritatem
2995 3793 3346 3851 meditabitur
3381 3811 3572 3870 guttur

1981 3877 2174 3918 meum.
2204 3865 2344 3931 Quia
2398 3870 2531 3924 mihi
2583 3874 2742 3941 quasi
2787 3889 2916 3932 vere
2963 3887 3174 3949 guttur,
3211 3865 3436 3956 spiritus
3470 3907 3568 3946 ca-

1981 3971 2084 4027 pax
2114 3961 2272 4029 panis
2305 3965 2550 4020 cmlestis
2584 3966 2801 4025 animas
2831 3971 3211 4032 conﬁrmantis
3231 4017 3248 4044 ,
3279 3983 3570 4052 meditabi-

1979 4057 2070 4105 tur
2099 4053 2327 4108 omnino
2363 4068 2668 4115 monstrare
2701 4062 2857 4131 vobis
2878 4067 3161 4124 veritatem
3195 4071 3252 4126 in
3285 4077 3566 4148 omnibus,

1979 4143 2189 4200 scilicet
2211 4148 2587 4205 manifestabit
2603 4167 2700 4222 per
2719 4169 2780 4210 se
2801 4156 3190 4216 subsistentem
3218 4161 3314 4218 Dei
3341 4143 3564 4226 verbum

1979 4249 2009 4290 a
2046 4245 2158 4292 tota
2199 4241 2478 4296 creatione
2511 4245 2847 4302 nuntiatum.

2053 4325 2260 4384 Odiosa
2313 4341 2435 4386 ante
2471 4347 2554 4386 me
2605 4333 2750 4388 labia
2782 4337 2990 4394 dolosa.
3032 4342 3230 4398 Odiosa
3272 4359 3400 4401 sunt.
3441 4360 3566 4408 ante

1977 4434 2222 4490 me,quae
2256 4437 2448 4478 verum
2485 4439 2592 4480 non
2625 4429 2977 4497 annuutiant,
3007 4433 3194 4491 verba.

348 4619 419 4681 η’.
451 4613 616 4668 Μετὰ
631 4612 1023 4682 δικαιοσύνης
1039 4614 1240 4669 πάντα
1258 4615 1331 4669 τὰ
1347 4613 1592 4686 ῥήματα
1611 4617 1717 4672 τοῦ
1733 4617 1868 4670 στό-

2047 4603 2213 4659 Vens.
2247 4604 2300 4660 8.
2344 4605 2478 4661 Cum
2504 4606 2728 4674 justitia
2750 4610 2931 4663 omnia
2960 4611 3114 4665 verba
3137 4615 3244 4668 oris
3277 4617 3397 4672 mei.
3425 4618 3560 4674 Cum

274 4705 464 4770 ματός
502 4722 642 4774 μου.
673 4705 830 4759 Μετὰ
867 4706 1104 4777 κρίσεως
1126 4706 1404 4779 ἀρρεποῦς
1439 4707 1617 4762 πάντα
1649 4707 1720 4762 τά
1761 4709 1870 4779 ἐμὰ

172 4857 174 4862 _
282 4797 752 4868 παραγγέλματα.
1398 4817 1408 4827 ·

355 4889 552 4944 οὐδὲν
593 4889 664 4942 ἐν
713 4889 922 4957 αὐτοῖς
967 4892 1244 4956 σκολιὸν,
1273 4889 1420 4946 οὐδὲ
1465 4891 1870 4963 στραγγαλιῶ-

279 4973 404 5045 δες.
439 4979 610 5034 Οὐδὲν
628 4979 687 5034 ἐν
715 4981 899 5044 αὐτοῖς
931 4981 1126 5052 ψεῦδος
1157 4984 1591 5055 ὑποκρινόμενον
1610 4985 1710 5056 τὴν
1741 4985 1870 5056 ἀλή-

281 5065 460 5141 θειαν,
485 5071 610 5126 οὔτε
645 5071 752 5144 μὴν
787 5071 880 5125 τοῦ
917 5072 1104 5137 εὐθέος
1127 5075 1596 5146 ἐκτετραμμένον.

352 5162 418 5218 θα.
453 5163 659 5220 Πάντα
685 5163 910 5220 ἐνώπια
935 5164 1064 5232 τοῖς
1089 5167 1397 5222 συνιοῦσι.
1427 5168 1678 5222 Ἀπαντα
1709 5186 1870 5238 φανε-

287 5258 358 5326 ρὰ
405 5263 522 5324 τοῖς
573 5259 890 5314 συννεύουσι
948 5261 1086 5331 πρὸς
1143 5261 1204 5312 τὸ
1251 5260 1480 5329 ἀγαθὸν,
1513 5261 1606 5314 καὶ
1645 5260 1734 5314 διὰ
1769 5261 1871 5331 τῆς

285 5349 426 5404 κατὰ
475 5349 676 5421 πρᾶξιν
724 5349 940 5422 πείρας,
983 5350 1091 5404 τῶν
1133 5349 1364 5405 ἐντολῶν
1412 5351 1512 5422 τὴν
1557 5351 1870 5423 ἐπιστήμην

285 5443 679 5514 κτησαμένοις.

351 5534 461 5590 Καὶ
490 5534 634 5605 ἕρθὰ
653 5534 778 5601 τοῖς
807 5535 1163 5605 εὑρίσκουσι
1189 5533 1434 5604 γνῶσιν,
1462 5536 1571 5590 Καὶ
1601 5535 1872 5591 εὐθύτατα

285 5624 395 5687 τοῖς
442 5623 756 5692 ἐξετάζουσι
809 5629 904 5680 καὶ¹
941 5627 1420 5698 καταλαμϐάνουσι
1463 5629 1778 5697 γνωπικῶς
1811 5629 1871 5683 τδ

285 5711 506 5784 ἀληθές.

358 5803 408 5860 ι’.
441 5809 664 5866 Λάϐετε
691 5809 970 5864 παιδείαν
999 5812 1098 5865 καὶ
1116 5812 1202 5881 μὴ
1227 5813 1532 5883 ἀργύριον.
1579 5813 1870 5884 Κτήσασθε

286 5893 427 5970 ὑπὲρ
461 5904 560 5972 μὲν
587 5901 852 5972 ἀργύριον
879 5903 1139 5974 καθαρὸν,
1183 5903 1281 5974 τὴν
1314 5905 1589 5970 ἐπιπόνως
1626 5903 1736 5958 τῶν
1760 5903 1872 5960 ἀπὸ

522 5999 794 6058 ΡΑτειοῑ..
827 5998 943 6059 Gn.
985 5998 1344 6060 LXXXVI].

1968 4695 2187 4764 judicio
2219 4696 2376 4751 ﬁrmo
2409 4713 2602 4754 omnes
2635 4701 3048 4758 exhortationes
3087 4720 3240 4761 meae.

2047 4863 2170 4928 Non
2215 4882 2293 4928 est
2343 4873 2396 4928 in
2445 4873 2526 4929 eis
2567 4891 2789 4946 pravum
2833 4877 2981 4948 quid,
3034 4897 3193 4952 neque
3237 4900 3556 4950 perversum.

1970 4967 2188 5024 Nullum
2247 4969 2299 5023 in
2375 4971 2458 5025 eis
2511 4970 2856 5028 mendacium
2912 4975 3199 5031 veritatem
3267 4977 3555 5044 simulans,

1969 5080 2072 5120 nec
2095 5079 2125 5118 a
2158 5065 2485 5121 rectitudine
2517 5083 2824 5124 removens.

2041 5153 2206 5214 Vens.
2245 5155 2300 5211 9.
2349 5154 2544 5214 Omnia
2591 5169 2714 5214 ante
2758 5159 2939 5215 oculos
2972 5155 3056 5216 Itis
3086 5165 3176 5232 qui
3226 5164 3556 5237 intelligunt.

1971 5244 2168 5303 Omnia
2209 5249 2503 5306 manifesta
2554 5252 2642 5308 his
2679 5252 2774 5322 qui
2810 5252 2879 5308 ad
2919 5254 3124 5310 bonum
3161 5253 3469 5322 festinant;
3505 5268 3560 5314 et

1971 5341 2064 5412 qui
2102 5355 2198 5412 per
2231 5351 2467 5398 conatus
2507 5338 2808 5412 practicos,
2842 5345 3226 5402 mandatorum
3271 5349 3558 5405 scientiam

1972 5433 2286 5502 acquirunt.

2047 5523 2112 5577 Et
2154 5535 2300 5579 recta
2359 5526 2742 5582 invenientibus
2797 5529 3094 5584 scientiam.
3128 5527 3196 5584 Et
3251 5531 3560 5590 rectissima

1971 5615 2344 5686 querentibus
2391 5623 2447 5672 et
2491 5617 2902 5675 invenientibus
2958 5623 3242 5678 scientiam
3287 5625 3560 5682 veritatis.

2039 5810 2207 5865 Vens.
2242 5809 2330 5866 lO.
2363 5811 2748 5880 Apprehendite
2775 5813 3114 5882 disciplinam
3157 5823 3208 5870 et
3239 5833 3342 5870 non
3371 5833 3558 5886 argcn-
3614 5831 3626 5841 '

1973 5913 2104 5958 tum.
2156 5904 2442 5974 Acquirite
2483 5921 2642 5978 super
2699 5916 2986 5979 argentum
3018 5923 3240 5980 purum,
3291 5910 3556 5966 virtutum

3117 6003 3190 6066 ιιι
