3958 6390
424 432 563 498 1291

1722 427 2077 513 PltOCOPIl
2131 430 2373 490 eum

3575 427 3719 496 1292

429 549 782 622 disciplinam
830 563 931 619 pro
962 546 1114 620 praxi
1147 547 1330 603 utilem
1384 556 1437 603 et
1490 548 1729 602 animam
1766 562 1893 601 cum
1931 547 2007 600 la-

2138 547 2315 612 ιακίας
2346 540 2581 616 κηλίδων
2611 546 2710 617 τὴν
2734 545 2913 618 ψυχὴν
2941 545 3384 617 ὲκκαθαίρουσαν
3418 545 3717 619 ὠφέλιμον

430 643 566 700 bore
597 657 626 696 a
652 640 942 713 pravitatis
972 639 1204 694 maculis
1246 638 1654 711 puriﬁcantem.

506 731 574 787 Et
608 732 884 787 scientiam
927 745 1040 799 prae
1072 746 1209 785 auro
1239 729 1486 799 probato.
1522 730 1699 801 Super
1735 745 1928 785 aurum
1962 731 2017 785 in

432 820 558 893 igne
610 820 924 892 probatum,
979 820 1161 875 lumen
1218 819 1483 888 scientiae,
1538 821 1852 876 nullomodo
1896 821 2021 893 igne

432 909 924 966 involuntariarum
959 910 1322 966 tentationum
1354 908 1632 966 deficiens.

499 1086 762 1158 Conﬁdite
790 1086 1155 1158 intelligentia:
1180 1095 1236 1141 ut
1260 1104 1392 1142 auro
1420 1103 1575 1157 puro.
1611 1086 1881 1143 Conﬁdite
1910 1102 2018 1142 non

440 1193 531 1247 spe
560 1179 681 1247 puri
731 1177 853 1232 auri
910 1193 941 1233 a
991 1176 1154 1233 vobis
1215 1177 1591 1244 tltesaurisati,
1654 1178 1749 1234 sed
1822 1178 2019 1232 discre-

431 1270 568 1322 tione
609 1286 792 1324 eorum
820 1285 937 1341 qua:
958 1278 1078 1325 ante
1095 1270 1273 1324 oculos
1290 1280 1434 1332 sunt,
1462 1280 1584 1325 orta
1608 1288 1639 1323 a
1663 1270 1817 1324 bona.
1851 1268 1922 1324 Ut
1948 1270 2019 1325 ob

428 1363 792 1433 ignorantiam
826 1378 936 1418 non
972 1361 1230 1437 incidatis
1265 1362 1320 1417 in
1354 1362 1655 1433 pracipitia
1678 1370 1732 1418 et
1757 1362 2015 1433 abyssum

430 1456 673 1509 malitiae.

501 1545 666 1601 Vsus.
695 1546 781 1600 ll.
816 1544 1005 1601 Melior
1042 1553 1119 1601 est
1151 1545 1293 1599 enim
1333 1545 1601 1614 sapientia
1643 1544 1863 1615 gemmis
1894 1560 2018 1614 pre-

2122 635 2262 688 κατὰ
2293 635 2491 707 πρᾶξιν
2518 636 2627 690 τῶν
2654 635 2870 707 ἀρετῶν
2895 636 3142 707 ἀγωγήν.

2192 725 2302 781 Kal
2362 725 2592 796 γνῶσιν
2648 727 2802 796 ὑπὲρ
2857 729 3117 797 χρυσίον
3161 726 3716 798 δεδοκιμασμένον.

2136 817 2307 889 Ὑπὲρ
2330 817 2386 871 δὲ
2406 818 2628 888 χρυσίον
2661 817 2990 889 δοκιμασθὲν
3021 821 3080 874 ὲν
3106 821 3262 889 πυρὶ,
3286 819 3404 885 φῶς
3422 819 3717 887 γνώσεως,

2120 910 2184 980 τῇ
2214 908 2429 979 καμίνῳ
2458 908 2568 962 τῶν
2597 909 2869 963 ἀκουσίων
2902 909 3228 981 πειρασμῶν
3255 909 3525 981 μηδαμῶς
3550 910 3720 962 ὲλατ-
3828 926 3849 931 ”

2120 1016 2213 1052 του
2222 1016 2406 1069 μενον.
3542 1044 3565 1057 κ

2203 1092 2643 1160 Ἀντερείδεσθε
2697 1090 2767 1146 δὲ
2796 1093 3100 1162 αἰσθήσει,
3123 1094 3385 1164 χρυσίου
3417 1094 3716 1162 καθαροῦ.
3760 1152 3781 1165 _

2133 1182 2278 1235 ’Awl
2316 1182 2411 1236 τοῦ
2460 1183 2787 1253 Στηρίζεσθε
2827 1184 3005 1238 ἐλπίδι
3049 1185 3143 1238 τοῦ
3199 1184 3717 1256 τεθησαυρισμένον

2122 1275 2250 1345 ὑμῖν
2278 1275 2567 1345 ἁκιϐδὴλου
2595 1276 2821 1348 χρυσίου
2848 1292 2861 1305 ⁶
2900 1279 2965 1347 τῇ
2996 1278 3060 1330 ἐκ
3088 1277 3183 1332 τοῦ
3209 1278 3417 1345 ἀγαθοῦ
3440 1278 3537 1333 τοῦ
3567 1281 3728 1332 ἐναν-

2119 1362 2236 1416 τίου
2260 1363 2565 1433 διακρίσει*
2602 1363 2947 1434 στηρίζεσθε,
2977 1364 3114 1418 ὥστε
3144 1366 3219 1437 μὴ
3247 1369 3621 1421 καταπίπτειν
3660 1368 3727 1433 ἐξ

2120 1449 2361 1518 ἀγνοίας,
2398 1452 2479 1515 εἰς
2505 1452 2787 1523 κρημνοὺς
2816 1453 3013 1518 κακίας
3046 1456 3141 1507 καὶ
3176 1455 3452 1526 βάραθρα.

2198 1537 2284 1594 ια’.
2342 1542 2654 1610 Κρείσσων
2709 1544 2823 1612 γὰρ
2864 1546 3052 1613 σοφία
3090 1548 3279 1600 λίθων
3326 1550 3721 1604 πολυτελῶν.

430 1638 595 1692 tiosis.
634 1636 823 1692 Melior
852 1645 939 1692 est
967 1636 1114 1691 enim
1171 1650 1377 1700 sermo,
1429 1636 1519 1706 qui
1554 1634 1757 1689 malum
1795 1651 1826 1689 a
1874 1636 2017 1691 bono

2138 1631 2371 1686 ἰαλλίων
2406 1634 2514 1704 γὰρ
2544 1636 2572 1687 ό
2599 1635 2660 1687 τὸ
2688 1638 2870 1705 χεῖρον
2903 1637 3237 1709 ἀποδιαιρῶν
3265 1638 3359 1692 τοῦ
3399 1642 3727 1712 κρείττονος

428 1729 710 1792 discernit,
739 1727 1010 1799 lapidibus
1042 1728 1129 1783 vel
1158 1726 1593 1797 pretiosissimis.
1632 1790 1635 1795 ν

2138 1722 2295 1792 ιόγος,
2334 1724 2429 1777 καὶ
2462 1725 2570 1779 τῶν
2601 1725 2914 1797 πολυτίμων
2946 1726 3113 1781 λίθων
3144 1729 3346 1784 αὐτῶν.

501 1820 667 1876 Omne
697 1819 1022 1885 honorabile,
1057 1836 1159 1874 non
1198 1829 1276 1874 est
1307 1820 1455 1875 illius
1484 1820 1726 1890 dignum.
1756 1819 1897 1886 Quia
1934 1820 2014 1875 ni-

2188 1814 2320 1874 Πᾶν
2359 1816 2428 1870 δὲ
2478 1818 2695 1889 τίμιον,
2734 1820 2846 1874 οὐκ
2906 1820 3081 1883 ἄξιον
3118 1822 3313 1890 αὐτῆς
3350 1823 3545 1879 ἐστιν.
3586 1824 3719 1878 Ὀτι

424 1914 504 1967 itii
558 1913 863 1983 comparari
908 1922 1088 1981 potest
1134 1926 1201 1967 ex
1245 1912 1315 1968 iis
1348 1927 1473 1983 qua:
1504 1886 1660 1967 vobis
1692 1912 2013 1968 astimauda

2138 1912 2309 1968 τούτου
2356 1915 2508 1969 οὐδὲν
2561 1916 2670 1971 τῶν
2725 1919 2855 1989 παρ’
2901 1920 3033 1988 ὑμῖν
3072 1919 3270 1988 τιμίων
3316 1916 3599 1983 ἀντάξιον,
3652 1917 3724 1981 ὃς

426 2007 700 2070 videntur.
734 2006 972 2062 sermoni
1007 2006 1085 2061 illi
1114 2006 1209 2076 qui
1249 2006 1365 2063 haec
1410 2007 1605 2063 edocet
1639 2021 1736 2078 per
1765 2005 2015 2079 Scriptu-

2138 2005 2242 2059 ῖάδε
2304 2006 2543 2061 διδάσκει
2595 2008 2663 2060 δι’
2711 2009 2839 2079 ὅλης
2889 2011 2986 2081 τῆς
3038 2011 3261 2082 Γραφῆς
3306 2013 3399 2064 καὶ
3447 2011 3548 2081 τῆς
3602 2010 3722 2082 φύ-

430 2114 543 2153 ram
572 2107 624 2151 οι
655 2106 903 2152 naturam
913 2136 928 2151 .

2138 2112 2278 2158 rswg.

496 2189 660 2245 Vens.
700 2187 787 2242 12.
849 2186 960 2258 Ego
992 2188 1256 2257 sapientia
1286 2187 1467 2242 habito
1500 2188 1555 2243 in
1584 2189 1831 2244 consilio.
1897 2187 2008 2257 Ego

2186 2187 2274 2257 ιβ’.
2320 2187 2468 2256 Ἐγὼ
2498 2190 2535 2257 ἡ
2562 2189 2754 2259 σοφία
2783 2189 3225 2259 κατεσκήνωσα
3246 2192 3514 2259 βουλήν.
3563 2190 3719 2259 Ἐγὼ

422 2278 518 2333 Dei
536 2278 771 2335 Verbum
791 2278 844 2332 in
872 2279 1158 2351 animabus
1190 2278 1245 2332 in
1275 2292 1363 2334 me
1394 2279 1747 2334 credentibus
1776 2279 2016 2333 mdiliea-

2138 2278 2260 2331 ιτοῦ
2292 2277 2428 2332 Θεοῦ
2462 2279 2638 2349 Λόγος
2679 2280 2737 2332 ἐν
2770 2283 2892 2345 ταῖς
2921 2280 3031 2335 τῶν
3058 2283 3425 2349 ¹ιτιστευόντων
3467 2300 3563 2353 μοι
3599 2282 3712 2352 ψυ-

424 2370 473 2425 vi
506 2378 566 2425 ut
592 2368 1001 2424 tabernaculum
1035 2368 1159 2423 illas
1206 2367 1527 2423 custodiens
1582 2384 1613 2422 a
1672 2367 1899 2422 maculis
1944 2367 2014 2422 ab

2138 2371 2237 2440 [αῖς
2260 2369 2552 2441 ὲπηξάμην
2578 2369 2677 2441 τὴν
2707 2368 2784 2434 ὣς
2810 2387 2932 2426 τινα
2963 2373 3168 2443 σκηνὴν
3202 2373 3584 2442 φυλάττουσαν
3611 2374 3719 2427 αύ-

422 2464 549 2534 igne
578 2460 938 2532 cupiditatum
973 2459 1347 2527 venientibus,
1378 2461 1601 2517 virtutis
1641 2468 1698 2516 et
1726 2460 2015 2533 pravitatis

2138 2458 2213 2523 ῖάς
2241 2459 2522 2530 ἀνωτέρας
2550 2459 2651 2531 τῆς
2679 2444 2745 2513 ὲκ
2777 2457 2873 2513 τοῦ
2899 2460 3144 2533 φλογμοῦ
3169 2464 3282 2517 τῶν
3308 2464 3499 2519 παθῶν
3537 2465 3719 2536 μελαο

423 2555 837 2611 discretionem.

2138 2546 2354 2614 νὼσεως,
2390 2548 2593 2620 ἀρετῆς
2618 2551 2713 2603 καὶ
2747 2551 2951 2614 κακίας
2989 2552 3286 2624 διάκρισιν.

491 2645 561 2701 Et
589 2644 863 2701 scientiam
885 2652 934 2698 et
969 2642 1371 2715 intelligentiam
1399 2657 1490 2713 ego
1511 2642 1716 2697 uocaui.
1745 2640 1812 2695 Et
1830 2657 2012 2698 rerum

2186 2639 2296 2695 Kal
2344 2638 2575 2711 γνῶσιν
2622 2643 2722 2696 καὶ
2770 2642 3019 2697 ἔννοιαν
3063 2643 3177 2713 ἐγὼ
3213 2643 3712 2713 ἐπεκαλεσάμην.

422 2736 737 2803 scientiam,
768 2750 879 2807 qua
916 2734 1099 2789 omnia
1136 2741 1288 2799 sunt,
1318 2742 1374 2789 et
1416 2733 1841 2803 intelligentiam
1888 2751 2013 2804 qua:

2138 2730 2227 2785 [αἱ
2261 2729 2361 2802 τὴν
2405 2732 2515 2785 τῶν
2548 2732 2718 2786 ὄντων
2754 2733 2975 2802 γνῶσιν,
3010 2730 3197 2806 ᾖϐντα
3237 2736 3362 2801 elei,
3396 2735 3617 2807 καὶ’τὴν
3649 2737 3719 2802 ἐξ

422 2842 487 2880 ex
519 2825 626 2880 illis
654 2825 801 2881 circa
838 2837 925 2880 me
978 2822 1172 2889 Deum,
1231 2825 1475 2878 omnium
1512 2832 1797 2879 auctorem
1831 2825 2011 2887 venit,

2138 2822 2292 2876 ιύτῶν
2322 2825 2453 2894 ’περὶ¹
2502 2824 2636 2894 ἐμοῦ
2676 2824 2770 2878 τοῦ
2823 2826 3043 2879 πάντων
3079 2826 3254 2880 αἰτίου
3299 2826 3457 2893 Θεοῦ,
3494 2828 3717 2884 ἔννοιαν

421 2919 685 2974 constitui
740 2919 798 2973 in
849 2918 1137 2993 animabus
1215 2932 1337 2987 quae
1391 2918 1446 2972 in
1506 2933 1592 2973 me
1649 2918 1905 2986 credunt,
1958 2929 2013 2973 et

2138 2914 2531 2987 ,φειλκυσάμην
2560 2916 2752 2980 αὑταῖς
2789 2917 3103 2981 πιστευθεὶς
3136 2918 3227 2971 ὑπ’
3266 2918 3467 2983 αὐτῶν,
3502 2921 3599 2973 καὶ
3629 2923 3722 2984 εἰς

422 3027 517 3066 eas
561 3012 617 3066 in
668 3011 953 3075 moralem,
987 3011 1294 3066 naturalem
1336 3019 1391 3066 et
1439 3010 1799 3082 theologicam
1839 3012 2017 3083 philo-

2138 3005 2313 3076 ﬁt.th
2345 3007 2439 3061 καὶ
2466 3009 2703 3079 φυσικὴν
2732 3012 2827 3062 καὶ
2852 3008 3173 3082 θεολογικὴν
3218 3012 3542 3083 φιλοσοφίαν
3568 3013 3715 3067 ταύ-

421 3106 671 3178 sophiam
704 3104 1005 3162 iutroduxi.

498 3219 658 3276 Vens.
696 3221 782 3275 l3.
839 3217 1020 3273 Timor
1051 3217 1267 3273 Domini
1320 3217 1431 3272 odit
1480 3217 1824 3294 injustitiam,
1856 3236 2008 3273 arro-
2035 3225 2081 3288 ο

421 3311 660 3382 gantiam
688 3320 736 3363 et
768 3309 1071 3378 superbiam
1098 3317 1149 3362 et
1177 3308 1289 3363 uias
1316 3308 1581 3363 malorum
1610 3317 1662 3363 et
1681 3325 1740 3363 os
1763 3309 2010 3380 bilingue.

422 3401 611 3456 Timor
673 3400 768 3454 Dei
858 3399 1106 3454 omnium
1173 3399 1416 3464 Domini,
1517 3395 1701 3455 omne
1762 3400 2012 3471 iniquum

419 3493 570 3559 odit;
596 3490 792 3560 loquor
820 3490 888 3545 de
948 3489 1335 3554 inhonorante,
1371 3490 1695 3546 rationalem
1733 3499 2012 3557 naturam,

421 3599 487 3639 ex
508 3583 722 3639 defectu
749 3582 989 3649 virtutis,
1010 3581 1544 3652 malitia.—-Loquor
1566 3584 1635 3638 de
1664 3585 1942 3655 superbia,
1960 3594 2016 3640 ct

424 3675 874 3734 nonrationabili
909 3676 1104 3747 gloria,
1140 3675 1209 3731 de
1239 3676 1406 3730 rebus
1441 3677 1787 3732 venientibus
1824 3678 1893 3731 ab
1920 3693 2014 3731 ex-

421 3786 584 3828 cessu
610 3771 833 3826 virtutis
858 3785 955 3842 per
985 3783 1124 3841 quas
1154 3770 1283 3826 mali
1314 3769 1550 3841 spiritus
1595 3769 1648 3823 in
1694 3771 1875 3825 anima
1908 3772 2013 3825 lto-

422 3863 634 3918 minum
695 3862 1088 3933 ingredientes,
1117 3859 1334 3917 delectu
1400 3862 1653 3924 virtutis,
1683 3861 2012 3931 cupiditates

423 3956 722 4025 ingerunt;
757 3954 924 4009 simul
975 3953 1101 4008 dico
1152 3953 1487 4024 impietatem
1518 3966 1706 4006 eorum
1730 3966 1884 4007 suam
1915 3953 2014 4005 do—

423 4046 656 4100 ctrinam
704 4044 1007 4101 secundum
1051 4058 1218 4111 quam
1254 4042 1331 4098 illi
1367 4041 1705 4109 hominibus,
1740 4057 1848 4099 non
1881 4044 2010 4110 Deo,

425 4138 519 4204 qui
549 4151 716 4208 opera
742 4136 1004 4193 bonitatis
1048 4134 1340 4191 tribuenda
1384 4176 1400 4201 ,
1461 4134 1771 4205 inspirant;
1804 4134 2011 4192 idcirco

427 4221 666 4280 Verbum
696 4221 813 4291 Dei,
844 4222 960 4279 haec
986 4223 1187 4279 timore
1218 4222 1337 4289 Dei,
1370 4223 1694 4295 prohibens,
1722 4223 1986 4294 loquitur.

496 4517 652 4574 Oditai
686 4508 959 4588 perversae
994 4518 1261 4573 malorum
1300 4519 1435 4574 uias.
1468 4517 1630 4575 0divi
1660 4530 1865 4589 autem,
1909 4538 2007 4594 ego

2114 3112 2214 3159 τας
2246 3094 2554 3164 ἑναγαγών.

2186 3214 2273 3277 ιγ’.
2302 3210 2489 3274 Φόϐος
2522 3209 2745 3277 Κυρίου
2778 3208 2951 3279 μισεῖ
2985 3210 3247 3273 ἀδικίαν,
3288 3211 3462 3277 ὕϐριν
3500 3228 3568 3267 te
3608 3215 3721 3268 και

2122 3301 2562 3369 ὑπερηφανίαν,
2581 3302 2681 3355 καὶ
2704 3302 2885 3370 ὀδοὺς
2909 3304 3207 3372 πονηρῶν,
3229 3306 3327 3361 καί
3358 3308 3554 3374 στόμα
3579 3307 3722 3361 dat-

2122 3407 2292 3445 στον.
2311 3392 2367 3445 ὐ
2384 3390 2545 3459 φόϐος
2558 3392 2614 3446 δὲ
2629 3393 2840 3458 τούτου,
2854 3395 2949 3448 τοῦ
2970 3395 3078 3448 τῶν
3090 3395 3227 3448 ὅλων
3243 3398 3544 3459 Δεσπότου,
3561 3397 3720 3452 ἅπαν

2121 3483 2433 3555 παράλογον
2447 3485 2870 3555 ἀποστρέφεται·
2894 3487 3038 3558 φημὶ
3050 3488 3115 3558 δὴ
3131 3489 3228 3557 τήν
3251 3505 3309 3542 τε
3329 3490 3450 3543 κατ’
3467 3489 3718 3560 ἔλλειψιν

2120 3577 2219 3647 τῆς
2249 3578 2451 3649 ἀρετῆς
2495 3578 2814 3647 ἀτιμοποιὸν
2847 3580 2946 3649 τῆς
2981 3580 3204 3650 λογικῆς
3234 3580 3455 3649 φύσεως
3483 3584 3717 3649 κακίαν,

2120 3667 2215 3720 καὶ⁸
2257 3666 2357 3737 τὴν
2401 3665 2521 3720 καθ’
2550 3662 2865 3739 ὑπερϐολὴν
2884 3668 3089 3740 ταύτης
3129 3671 3395 3738 φυσίωσιν
3418 3710 3435 3735 ,
3470 3674 3568 3727 καὶ
3610 3674 3718 3736 τὰς

2121 3759 2250 3831 περὶ
2274 3759 2383 3813 τῶν
2416 3758 2585 3813 ὄντων
2621 3759 2939 3829 ἀλογίστους
2963 3761 3144 3829 δόξας
3174 3762 3242 3816 δι’
3273 3758 3350 3819 ὧν
3378 3766 3447 3820 τὰ
3476 3766 3579 3836 τῆς
3611 3784 3721 3821 πο-

2121 3851 2313 3924 νηρίας
2368 3850 2656 3923 πνεύματα
2708 3854 2767 3906 ἐν
2813 3855 2934 3917 ταῖς
2982 3854 3091 3908 τῶν
3144 3854 3452 3929 ἀνθρώπων
3506 3858 3722 3931 ψυχαῖς

2120 3944 2420 4014 ποιούμενα
2446 3945 2546 4016 τὴν
2571 3943 2832 4015 πάροδον,
2861 3944 2932 3999 τὰ
2961 3947 3085 3999 κατ’
3110 3946 3350 4015 ἔλλειψιν
3375 3948 3476 4019 τῆς
3507 3950 3722 4021 ἀρετῆς

2120 4035 2267 4106 πάθη
2293 4036 2519 4099 ταύταις
2545 4035 2865 4090 ὑποτιθέασι
2888 4052 2903 4067 ·
2933 4037 3027 4091 καὶ
3058 4038 3158 4107 τὴν
3192 4039 3325 4109 περὶ
3346 4038 3537 4103 ἀθεΐας
3567 4040 3723 4094 διδα-

2120 4120 2349 4181 σκαλίαν
2389 4124 2570 4181 αὐτῶν
2621 4126 2689 4197 ἢν
2739 4128 2911 4185 ταῠδα
2964 4127 3246 4183 ποιοῦνται
3291 4130 3430 4199 πρὸς
3461 4131 3592 4192 τοὺς
3636 4131 3722 4201 μὴ

2116 4217 2258 4290 Θεῷ,
2304 4216 2418 4274 ἀλλ’
2453 4219 2670 4281 ἑαυτοῖς
2703 4216 2774 4271 τὰ
2811 4217 3212 4289 κατορθώματα
3261 4220 3718 4290 ὲπιγράφοντας·

2114 4309 2305 4380 διόπερ
2339 4308 2512 4362 ταῦτα
2545 4307 2707 4372 αὐτὸς
2747 4308 2775 4362 ὁ
2812 4307 2909 4361 τοῦ
2950 4307 3088 4361 Θεοῦ
3114 4308 3296 4377 λόγος,
3323 4308 3410 4365 διὰ
3432 4308 3530 4363 τοῦ
3574 4310 3723 4383 πρὸς

2116 4403 2282 4458 αὐτὸν
2305 4401 2472 4472 φόϐου
2499 4399 2887 4472 ἀπαγορεύων,
2920 4401 3085 4457 οἱονεὶ
3106 4401 3287 4472 λέγει.

2184 4517 2507 4586 Μεμίσηκα
2538 4515 2607 4569 δὲ
2631 4514 2747 4585 ἐγὼ
2769 4515 3248 4588 διεστραμμένας
3278 4518 3459 4587 ὀδοὺς
3480 4519 3716 4578 κακῶν.

422 4610 642 4667 virtutis
688 4586 819 4681 ipsa
876 4610 1099 4682 regula,
1155 4609 1601 4668 machinationes
1662 4586 2010 4681 daemonum,

2138 4602 2536 4681 Ἐϐδελυξᾴμλην
2591 4609 2667 4676 δὲ,
2709 4610 2877 4674 αὐτὸς
2931 4586 3444 4685 ἀρετῆς,ύπάρχων
3499 4617 3717 4682 κααὼν,

422 4703 665 4758 malitias
705 4702 1055 4758 inventorum
1099 4701 1156 4756 in
1190 4700 1475 4755 hominum
1531 4702 1858 4770 animabus,
1895 4721 2017 4776 qua:

2138 4702 2219 4766 τὰς
2269 4703 2369 4773 τῆς
2432 4701 2578 4756 κατὰ
2622 4701 2828 4774 ταύτην
2868 4701 3166 4773 εὐθύτητος
3223 4705 3714 4777 ἑκτετραμμένας,

426 4797 524 4850 bas
552 4811 581 4849 a
611 4793 943 4852 rectitudine
966 4791 1440 4860 virtutis,del‘ectu
1472 4810 1811 4869 excessuque
1829 4799 2012 4870 hujus,

424 4895 695 4943 avertunt.

494 5087 663 5145 Vens.
701 5088 789 5145 14.
846 5088 1028 5145 Μειηι
1080 5099 1163 5147 est
1212 5093 1496 5149 consilium
1548 5103 1600 5150 et
1631 5096 1912 5151 securitas.
1972 5097 2017 5151 A

423 5194 540 5246 me,
598 5181 829 5252 iustitia:
882 5183 1018 5251 sole,
1053 5193 1316 5256 tanquam
1385 5186 1584 5243 animae
1653 5188 1876 5242 oculum
1931 5188 2017 5243 iu-

423 5272 787 5329 tellectualem
817 5274 1148 5344 illustrante,
1194 5278 1346 5333 venit
1376 5277 1713 5346 hominibus,
1774 5295 2019 5351 praesen-

425 5365 560 5419 tium
621 5367 1022 5439 circumspecta
1083 5370 1348 5429 discretio
1401 5388 1570 5428 :—a
1611 5387 1721 5441 me,
1786 5384 1845 5430 ut
1908 5374 2021 5446 spi-

424 5458 566 5513 ritus
597 5457 811 5516 fervore
839 5463 1199 5532 cupiditatum
1236 5465 1538 5537 procellam
1576 5467 1897 5538 repellente,
1927 5484 2022 5525 ve-

426 5551 506 5609 nit
540 5549 646 5606 illis
674 5551 743 5606 ab
773 5551 860 5608 his
896 5552 1171 5611 liberatio.

505 5665 620 5720 Mea
646 5675 723 5720 est
751 5666 1056 5735 prudentia,
1091 5686 1209 5725 mea
1237 5679 1316 5725 est
1340 5670 1623 5740 fortitudo.
1655 5674 1699 5726 A
1733 5687 1818 5727 me
1859 5673 2024 5731 datur

428 5756 556 5820 illis,
581 5764 841 5827 tanquam
876 5773 905 5811 a
941 5774 1200 5829 supremo
1239 5763 1682 5834 concupiscibili,
1708 5780 1829 5835 quae
1867 5766 2022 5821 auxi-

431 5847 562 5902 lium
601 5847 717 5916 dat,
771 5848 900 5904 buni
930 5853 1419 5922 concupiscentia;
1459 5856 1618 5928 cujus
1656 5858 1721 5913 ad
1752 5857 2027 5927 opetatio-

2119 4796 2240 4850 κατ’
2266 4794 2502 4865 ἔλλειψιν
2535 4795 2705 4864 αὐτῆς
2746 4794 2841 4849 καὶ
2867 4795 3196 4868 ὑπερϐολὴν,
3228 4799 3290 4851 ὲν
3320 4800 3440 4862 ταῖς
3469 4799 3582 4852 τῶν
3612 4801 3718 4851 ἀν-

2120 4889 2356 4961 θρώπιον
2376 4889 2578 4962 ψυχαῖς
2609 4888 2892 4961 διατριϐὰς
2918 4890 3026 4945 τῶν
3044 4891 3358 4964 ὲφευρετῶν
3384 4893 3485 4965 τῆς
3509 4894 3719 4959 κακίας

2118 4981 2414 5052 δαιμόνων.

2195 5097 2277 5153 ιδ’.
2312 5097 2458 5168 Ἐμὴ
2478 5097 2685 5169 βουλή
2709 5100 2807 5155 καί
2834 5098 3319 5172 ἀσφάλεια.·Παρ’
3339 5100 3474 5173 ἐμοῦ
3497 5102 3597 5158 τοῦ
3614 5103 3722 5177 τῆς

2120 5187 2468 5262 δικαιοσύνης
2508 5191 2712 5256 Ἡλίου,
2740 5191 3050 5264 ἀνθρώποις
3075 5192 3489 5265 παρέχεται,ὡς
3525 5198 3627 5266 μὲν
3656 5198 3720 5251 τὸ

2121 5279 2307 5351 νοερὸν
2338 5281 2435 5352 τῆς
2456 5281 2635 5352 ψυχῆς
2659 5282 2816 5353 ὄμμα
2841 5283 3188 5353 φωτίζοντος,
3215 5285 3248 5355 ἡ
3282 5284 3422 5355 μετά
3450 5289 3721 5359 περισκέ-

2121 5375 2266 5446 ψεως
2294 5375 2402 5430 τῶν
2425 5377 2683 5432 ἐναντίων
2706 5377 3000 5450 διάκρισις·
3030 5377 3105 5443 ὡς
3129 5378 3186 5433 δὲ
3210 5377 3302 5432 τὸν
3326 5379 3576 5450 χειμῶνα
3606 5381 3722 5434 τῶν

2125 5468 2315 5523 παθῶν
2347 5468 2795 5541 ἀποκρουομένου
2829 5472 2894 5543 τῇ
2934 5470 3113 5544 θέρμῃ
3157 5471 3253 5527 τοῦ
3298 5473 3634 5544 πνεύματος,
3684 5478 3721 5547 ἠ

2126 5562 2191 5617 ὲκ
2215 5560 2423 5617 τούτων
2449 5562 2691 5635 φυλακή.

2209 5674 2352 5743 Ἐμὴ
2383 5675 2701 5742 φρόνησις,
2728 5673 2842 5745 ἐμὴ
2877 5673 2947 5728 δὲ
2989 5675 3191 5741 ἰσχύς.
3240 5676 3383 5745 Παρ⁹
3422 5675 3560 5747 ἐμοῦ
3596 5676 3720 5731 ἐστι

2127 5764 2359 5827 τούτοις,
2388 5765 2462 5827 ὼς
2493 5764 2722 5836 ἐσχάτου
2758 5762 3064 5838 ὀρεκτοῦ,ἠ
3099 5770 3340 5838 φέρουσα
3370 5764 3558 5835 ὄνησιν
3588 5765 3718 5837 ϐρε-

2126 5851 2334 5923 ξιςτοῦ
2363 5855 2591 5924 ἁγαθοῦσ
2623 5858 2753 5928 παρ’
2784 5854 2917 5927 ἐμοῦ
2949 5873 3007 5910 τε
3036 5856 3172 5927 πρὸς
3197 5856 3295 5929 τὴν
3328 5857 3519 5912 τούτου
3550 5861 3714 5929 ὲργαυ
