3958 6384
279 453 440 520 129⁸3

1380 450 1919 518 COMMENTARII
1971 449 2049 510 IN
2086 447 2540 510 PROVERBIA.

3445 447 3580 512 19.94

279 573 422 627 σίαν
466 569 679 636 τούτοις
716 570 916 625 δίδοται
941 567 1190 644 δύναμις,
1224 569 1300 633 ὡς
1327 571 1694 626 ἐνυπσστάτου
1723 568 1885 624 δυνάο

2004 582 2111 621 tem
2168 567 2279 621 illis
2313 563 2638 620 conceditur
2669 561 2934 632 potentia,
2970 577 2999 617 ιι
3041 579 3129 618 me
3169 570 3227 619 ut
3251 579 3280 619 ιι
3311 573 3581 636 potestate

278 681 449 736 μεως
471 662 564 718 τοῦ
589 662 724 717 Θεοῦ
761 663 855 726 καὶ
875 665 1108 736 Πατρός,

361 761 451 809 ιε’.
481 757 561 808 Δι’
582 755 726 825 ἐμοῦ
745 755 1028 824 βασιλεῖς
1051 759 1482 822 βασιλεύουσι.
1512 759 1592 812 Δι’
1620 755 1778 828 ἐμοῦ,
1806 755 1883 818 ὡς

277 848 436 904 Θεοῦ
477 849 677 922 Λόγου,
711 849 762 905 οἱ
801 849 910 903 τῶν
951 851 1140 906 παθῶν
1191 853 1592 924 αὐτοκράτορες
1641 849 1881 920 ἐννόμων

278 940 652 1022 ἐπιστατοῦσι
687 945 754 1013 τῇ
782 942 1048 1020 ἐπιθυμίᾳ
1077 944 1172 998 καὶ
1201 944 1278 1013 τῷ
1311 943 1488 1021 θυμῷ.

361 1034 480 1090 Καὶ
503 1035 556 1087 οἱ
590 1033 886 1092 δυνάσται
915 1027 1214 1106 γράφουσι
1246 1035 1664 1103 δικαιοσύνην.
1696 1034 1804 1088 Καὶ
1833 1035 1881 1086 oi
1927 1045 1933 1051 ’

281 1127 805 1188 καθυποτὰσσοντες
837 1127 936 1199 τὴν
969 1130 1150 1199 σάρκα
1193 1129 1268 1200 τῷ
1303 1127 1598 1200 πνεύματι,
1631 1125 1724 1185 τὸν
1753 1124 1882 1196 χοῦν

279 1220 437 1276 κατὰ
467 1219 669 1292 πρᾶξιν
699 1220 912 1290 ἠθικῶς
953 1213 1394 1286 διαλπλάττοντες,
1427 1221 1517 1274 διὰ
1559 1218 1751 1274 τούτου
1787 1233 1883 1287 ση-

281 1314 602 1386 μειοῦνται,
627 1315 703 1381 ὡς
741 1315 830 1370 διὰ
881 1316 1131 1388 μέλανος,
1165 1318 1263 1388 τὴν
1296 1317 1396 1386 τῆς
1439 1316 1616 1388 ψυχῆς
1665 1313 1884 1387 ἀρῤεπῆ

279 1405 482 1478 κρίσιν
518 1405 654 1476 πρδς
695 1405 764 1460 τὰ
809 1408 930 1460 κατ’
956 1406 1192 1471 ἔλλειψιν
1216 1405 1316 1478 τῆς
1347 1407 1549 1479 ἀρετῆς
1595 1406 1692 1460 καὶ
1717 1405 1886 1476 ύπερ-

279 1496 458 1566 ὃολὴν
505 1496 651 1567 πάθη
679 1496 814 1568 ἐμοῦ
847 1497 940 1552 τὸν
979 1498 1135 1568 λόγον
1182 1499 1282 1570 τῆς
1309 1499 1512 1571 ἀρετῆς
1539 1497 1750 1562 τούτοις
1778 1497 1884 1550 ύπο

277 1589 676 1660 αγορεύοντος.
945 1601 948 1604 ’
988 1651 1001 1664 _

360 1687 467 1746 ις’.
505 1681 584 1734 Δι’
612 1680 759 1752 ἐμοῦ
783 1679 1144 1751 μεγιστᾶνες
1153 1683 1707 1756 μεγαλύνονταιὼϋ
1725 1682 1880 1752 ἐμοῦ,

277 1771 359 1838 ὡς
391 1771 678 1842 ἀλαθήτου
705 1771 976 1841 γνὼστου,
1000 1773 1096 1828 καὶ
1120 1774 1352 1844 ἐσχάτου
1387 1771 1636 1844 όρεκτοῦ,
1663 1773 1711 1826 οἱ
1744 1772 1884 1830 κατὰ

277 1863 501 1934 γνῶσιν
531 1865 623 1918 καὶ
650 1864 853 1935 ἀρετὴν
877 1864 1228 1938 προῦχοντες,
1259 1865 1400 1920 κατὰ
1424 1864 1626 1928 ταύτας
1652 1882 1881 1934 περιφα-

275 1959 391 2021 νεῖς
418 1957 522 2013 καί⁵
547 1957 780 2024 ἐπίδοξοι
805 1959 1064 2029 γίνονται.

351 2051 474 2109 Καὶ
526 2051 806 2120 τύραννοι
861 2052 1110 2125 δι’ἐμοῦ
1159 2055 1449 2121 κρατοῦσι
1497 2053 1632 2125 γῆς.
1679 2053 1789 2108 Καὶ
1828 2053 1878 2107 οἱ

273 2141 380 2214 τὴν
414 2145 616 2214 γήϊνον
673 2144 851 2217 σάρκα
906 2144 1391 2218 παραϐιαζόμενοι,
1423 2145 1559 2216 πρὸς
1589 2146 1650 2198 τὸ
1675 2145 1879 2214 ταύτης

274 2232 680 2307 ἀπονεκρῶσαι
721 2233 999 2306 φρόνημα,
1032 2233 1101 2289 δι’
1123 2234 1258 2306 ἐμοῦ
1289 2234 1462 2305 αὐτῆς
1487 2233 1834 2306 κυριεύουσιν
1861 2249 1874 2262 ’

271 2323 356 2390 ὡς
384 2323 491 2378 τὸν
531 2323 696 2379 πόθον
753 2324 892 2398 πρὸς
926 2325 996 2380 τὰ
1023 2325 1294 2398 νοούμενα
1326 2326 1436 2380 ἀπὸ
1474 2324 1583 2380 τῶν
1613 2325 1877 2397 φαινομέ-

271 2433 388 2472 νων
424 2419 785 2488 μετάγοντος.

353 2511 454 2580 ιζ’.
501 2511 644 2582 Ἐγὼ
681 2511 824 2580 τοὺς
869 2511 976 2582 ἐμὲ
1017 2512 1350 2582 φιλοῦντας
1389 2512 1622 2582 ἀγαπῶ.
1680 2513 1878 2580 Αὐτὸς,

274 2599 370 2654 διὰ
430 2601 551 2655 τῶν
595 2601 747 2673 ἐμῶν
780 2603 1033 2666 ἐντολῶν,
1077 2604 1206 2676 τοὺς
1242 2604 1572 2672 ἀγαπῶντάς
1609 2621 1675 2674 με
1707 2604 1882 2660 ἀπαλ-

277 2691 506 2746 λάττων
541 2690 651 2744 τῶν
705 2693 1034 2765 παραλόγων
1079 2693 1292 2760 παθῶν,
1333 2693 1614 2767 γνώριμον
1667 2693 1880 2759 τούτοις

278 2783 384 2855 τὴν
419 2784 566 2853 πρὸς
595 2785 794 2849 αὐτοὺς
827 2785 1050 2858 ἀγάπην
1083 2804 1185 2858 μου
1221 2786 1469 2842 καθιστῶ
1490 2803 1506 2819 ο
1541 2787 1644 2841 κᾶν
1667 2787 1882 2852 πάντας

281 2874 626 2947 ἀνθρώπους
656 2875 734 2941 ὡς
787 2875 1018 2949 πλάσμα
1072 2878 1203 2942 ἴδιον
1233 2858 1457 2949 οῗγαπῶ,
1489 2879 1688 2951 ἐπίσης
1713 2880 1882 2934 θέλων

283 2968 521 3023 πάντων
544 2967 643 3040 τὴν
677 2967 976 3042 σωτηρίαν.

354 3062 424 3118 Ol
451 3059 520 3114 δὲ
563 3060 670 3131 ἐμὲ
707 3057 1046 3130 ζητοῦντες,
1099 3060 1443 3131 εὑρήσουσι
1501 3064 1701 3135 χάριν.
1737 3065 1800 3118 Oi
1827 3063 1882 3117 δέ

287 3152 436 3226 πρός
468 3170 534 3225 με
569 3153 630 3207 τδ
650 3153 802 3219 τέλος
829 3153 938 3208 τῶν
961 3153 1244 3224 γνωστῶν,
1275 3153 1374 3227 τὴν
1415 3153 1679 3227 ἀλήθειαν
1699 3197 1714 3222 ,
1741 3154 1882 3209 κατὰ

1988 658 2078 712 Dei
2110 673 2174 712 ac
2200 657 2382 712 Patris
2410 655 2868 725 persubsistente.

2058 749 2222 804 Vens.
2262 749 2348 804 l5.
2386 749 2488 803 Per
2516 765 2596 803 me
2630 765 2773 818 reges
2805 757 3051 819 regnant.
3083 746 3185 802 Per
3216 761 3320 810 me,
3359 755 3418 800 nt
3446 749 3584 800 divi.

1985 857 2116 896 num
2150 840 2414 906 Verbum,
2439 842 2476 894 ii
2501 841 2595 918 qui
2621 838 2934 910 cupiditatis
2967 839 3254 908 conformis
3287 841 3390 912 (egi
3418 840 3582 910 impe-

1985 949 2126 1000 rant,
2162 936 2435 1004 imperant
2463 917 2931 1004 concupiscentiis
2973 940 3030 988 et
3063 917 3396 988 timoribus.

2059 1027 2128 1082 Et
2157 1036 2392 1098 potentes
2419 1025 2655 1080 scribunt
2683 1025 2977 1096 justitiam.
3009 1023 3073 1078 Et
3101 1026 3201 1092 illi,
3232 1026 3326 1097 qui
3359 1027 3578 1097 spiritui

1987 1135 2205 1175 carnem
2258 1117 2584 1186 subjiciunt,
2643 1117 2698 1170 in
2761 1118 2916 1188 praxi
2963 1117 3248 1173 cllluenter
3275 1119 3577 1174 secundum

1987 1211 2245 1265 moralem
2274 1215 2476 1262 terram
2509 1209 2851 1277 contingunt,
2881 1223 2976 1277 per
3009 1212 3112 1263 hoc
3169 1216 3431 1282 tanquam
3483 1225 3583 1281 per

1985 1307 2395 1363 atramentum,
2447 1313 2532 1352 me
2577 1298 2686 1352 illis
2741 1299 2959 1353 virtutis
3021 1301 3251 1354 verbum
3300 1309 3582 1356 mutuante

1988 1394 2202 1448 firmum
2241 1391 2438 1445 animze
2465 1389 2731 1460 judicium
2767 1389 2912 1444 circa
2958 1391 3288 1462 cupiditates
3314 1434 3328 1460 ,
3362 1407 3424 1447 ex
3461 1391 3577 1446 def.

1985 1498 2037 1544 et
2085 1504 2202 1545 exc.
2241 1484 2460 1540 virtutis
2491 1488 2818 1540 contwtant.

2059 1665 2222 1721 Vens.
2261 1662 2350 1718 16.
2414 1661 2520 1718 Per
2552 1679 2634 1719 me
2688 1663 2952 1734 principes
3014 1663 3296 1729 imperant.
3347 1659 3453 1716 Per
3497 1675 3584 1714 me

1985 1769 2242 1828 tanquam
2275 1755 2343 1810 ab
2371 1755 2464 1810 illo
2493 1769 2656 1825 quem
2685 1753 2818 1809 nihil
2857 1753 3075 1817 latet,et
3107 1765 3362 1821 supremo
3383 1765 3585 1805 concu-

1986 1849 2246 1922 piscibili,
2309 1856 2364 1904 et
2420 1847 2515 1918 qui
2577 1848 2630 1902 in
2689 1847 2922 1902 scientia
2955 1853 3011 1900 et
3056 1845 3264 1900 virtute
3323 1851 3582 1915 potentes

1915 1918 1957 1974 Β
1989 1918 2084 2014 per
2113 1941 2212 1996 has
2246 1939 2437 2012 inclyti
2479 1947 2533 1995 et
2563 1939 2810 1994 celebres
2843 1937 3000 1992 ﬁunt.

2056 2033 2127 2087 Et
2154 2047 2245 2102 per
2283 2048 2364 2086 me
2402 2033 2616 2102 tyranni
2645 2039 2804 2084 terra
2834 2029 3120 2098 imperant.
3160 2027 3231 2082 Et
3262 2027 3298 2080 ii
3331 2028 3427 2098 qui
3477 2035 3588 2082 ter-

1981 2142 2169 2182 renam
2202 2139 2422 2181 carnem
2454 2124 2784 2194 reprimunt,
2815 2120 2881 2176 ad
2919 2121 3042 2192 ejus
3077 2119 3393 2191 superbiam
3431 2133 3580 2173 moro

1979 2217 2318 2283 tiﬁcandam,
2351 2215 2428 2271 illi
2463 2231 2560 2288 per
2590 2229 2676 2270 me
2705 2215 2976 2283 imperant
3004 2231 3018 2266 :
3066 2221 3327 2281 tanquam
3363 2209 3585 2265 deside-

1982 2313 2121 2368 rium
2152 2309 2370 2365 illorum
2430 2323 2460 2362 a
2516 2306 2830 2362 visibilibus
2861 2305 2929 2360 ad
2965 2302 3355 2359 intellectualis
3391 2309 3582 2358 trans-

1983 2405 2269 2461 ferentem.
3535 2392 3544 2400 ’

2053 2495 2225 2551 Vsus.
2260 2494 2344 2548 17.
2403 2492 2510 2562 Ego
2543 2490 2822 2562 diligentes
2854 2504 2933 2542 me
2967 2486 3154 2558 diligo.
3196 2483 3306 2556 Ipsi
3341 2497 3437 2552 per
3467 2496 3585 2538 mea

1982 2562 2252 2671 praecepta
2273 2627 2288 2652 ,
2321 2600 2407 2642 me
2436 2584 2726 2655 diligentes
2751 2583 2818 2636 ab
2849 2581 3055 2651 iniquis
3075 2577 3475 2648 cupiditatibus
3519 2575 3586 2632 li-

1983 2669 2266 2748 berantur;
2301 2679 2412 2734 illis
2444 2691 2622 2733 meum
2650 2689 2750 2746 pro
2803 2673 2942 2746 ipsis
2999 2687 3240 2728 amorem
3300 2669 3582 2742 cognitum

1983 2771 2214 2829 ostendo
2289 2784 2417 2824 cum
2467 2780 2677 2838 .omnes
2763 2765 3016 2818 homines
3109 2771 3374 2830 tanquam
3455 2772 3584 2828 pro-

1982 2865 2164 2944 prium
2231 2877 2371 2932 opus
2423 2859 2646 2944 diligam
2701 2857 2894 2912 volens
2923 2855 3091 2926 etiam
3137 2853 3384 2909 omnium
3438 2850 3587 2906 salu-

1993 2966 2100 3013 tem
2111 2995 2126 3010 .

2058 3072 2162 3139 Qui
2194 3087 2275 3125 me
2301 3077 2570 3142 quierunt,
2615 3066 2880 3122 invenient
2909 3065 3166 3137 gratiam.
3203 3061 3307 3130 Qui
3349 3078 3482 3124 vero
3517 3061 3582 3118 ad

1985 3181 2094 3232 me,
2152 3163 2445 3224 terminum
2503 3160 2895 3227 scientiarum,
2942 3156 3254 3222 veritatem,
3312 3153 3587 3212 desiderio

286 3244 418 3298 νοῦν
455 3243 766 3315 κινούμενοι
788 3243 908 3314 μετ’
929 3241 1193 3312 ἐφέσεως,
1226 3243 1327 3312 τῆς
1355 3243 1450 3297 τοῦ
1476 3244 1753 3316 ὁμοφυοῦς
1793 3263 1884 3318 μοι

2004 3256 2262 3330 ιρὶι·ἰίιιιιιί
2309 3261 2598 3315 moventur
2623 3295 2639 3319 ,
2675 3251 2906 3324 gratiam
2939 3250 3173 3320 spiritus
3205 3247 3300 3318 qui
3331 3247 3583 3316 ejusdem

279 3331 612 3402 πνεύματος
646 3331 1021 3396 ἐπιτεύξονται
1051 3333 1276 3404 χάριτος
1298 3347 1311 3359 ·
1341 3334 1708 3405 χαριζομένου
1758 3335 1888 3388 τού-

275 3439 420 3486 τοις,
465 3425 524 3478 ἐν
553 3422 632 3493 τῷ
653 3425 732 3488 είς
769 3425 952 3478 πᾶσαν
985 3423 1083 3494 τὴν
1114 3423 1375 3494 ἀλήθειαν
1419 3424 1617 3490 αὐτοὺς
1648 3426 1883 3498 ὁδηγεῖν,

283 3512 428 3585 ἐμοῦ
469 3515 568 3586 τῆς
599 3513 795 3584 σοφίας
825 3513 924 3584 τὴν
958 3515 1198 3583 μέθεξιν.
1712 3554 1739 3569 ν

367 3631 460 3698 ιη’.
505 3627 778 3694 Πλοῦτος
813 3628 913 3684 καὶ
949 3627 1100 3693 δόξα
1127 3629 1260 3698 ἐμοὶ
1279 3629 1534 3700 ὑπάρχει
1559 3672 1575 3698 ,
1609 3632 1711 3686 καί
1739 3631 1886 3703 κτῆ-

287 3731 396 3784 σις
419 3717 692 3784 πολλῶν,
725 3715 825 3771 καὶ
861 3717 1245 3788 δικαιοσύνη.
1282 3720 1340 3772 ’0
1369 3720 1480 3792 γὰρ
1507 3721 1616 3806 τέ’ὐν
1632 3722 1690 3774 ἐν
1713 3721 1886 3791 ἐπαγ-

289 3806 508 3878 γελίαις
543 3809 930 3880 ἀποκειμένων
951 3809 1224 3874 ἁκένωτος
1250 3810 1550 3884 θησαυρὸς,
1571 3813 1669 3868 καὶ
1690 3815 1723 3885 ἡ
1745 3814 1888 3886 ἀκή-

294 3918 467 3975 ρατος
491 3900 745 3966 εὔκλεια,
773 3901 840 3956 τὰ
885 3903 1027 3974 ὑπὲρ
1061 3903 1225 3974 φύσιν
1257 3903 1461 3972 ἀγαθὰ,
1495 3905 1634 3975 πρὸς
1683 3903 1741 3958 δέ
1791 3903 1887 3958 καὶ

293 3993 444 4056 κατὰ
501 3993 753 4065 φύσιν-ἠ
785 4011 846 4048 τε
879 3994 1005 4050 καθ’
1035 3995 1147 4060 ἕξιν
1194 3983 1396 4064 γνῶιῖις
1449 3997 1562 4052 τῶν
1609 3996 1888 4068 διαφόρων

291 4083 476 4154 λόγων
497 4084 621 4139 καθ’
651 4083 748 4148 οὒς
793 4085 1051 4154 γεγόνασί
1081 4103 1142 4140 τε
1183 4087 1254 4142 τὰ
1295 4087 1474 4142 πάντα
1525 4089 1622 4143 καὶ
1648 4089 1886 4160 ἀκίνητα

297 4177 546 4249 μένουσι,
579 4177 676 4232 καὶ
699 4179 732 4249 ή
756 4177 898 4232 κατὰ
931 4177 1158 4243 τούτους
1205 4179 1342 4251 πρὸς
1367 4179 1438 4234 τὰ
1488 4183 1612 4235 κατ’
1643 4179 1884 4250 ἔλλειψιν

294 4271 400 4341 τῆς
441 4270 645 4341 ἀρετῆς
684 4270 780 4326 καὶ
830 4254 1134 4342 ὑπερῦολὴν
1157 4272 1308 4342 πάθη
1331 4313 1346 4336 ,
1380 4272 1634 4344 ἀῤῥεπὴς
1679 4272 1882 4344 κρίσις,

295 4362 356 4415 ἐν
390 4361 516 4432 ἐμοί
545 4363 714 4426 ἐστιν,
750 4359 826 4424 ὡς
854 4360 1041 4431 δοτῆρι
1085 4361 1184 4430 μὲν
1228 4361 1338 4417 τῶν
1383 4363 1524 4433 ὑπὲρ
1554 4363 1718 4432 φύσιν
1743 4364 1886 4432 ἀγα-

291 4453 433 4519 θῶν,
459 4452 620 4525 αἰτίῳ
644 4452 700 4506 δὲ
727 4451 838 4506 τῶν
863 4453 1004 4510 κατὰ
1023 4452 1210 4520 φύσιν.

371 4566 460 4622 ιϐ’.
491 4565 747 4621 Βέλτιον
768 4565 874 4636 ἐμὲ
899 4565 1308 4637 καρπίζεσθαι,
1333 4567 1486 4634 ὑπὲρ
1509 4567 1768 4636 χρυσίον
1783 4565 1881 4621 καὶ
1913 4615 1959 4672 D

295 4660 478 4717 λίθον
505 4659 704 4728 τίμιον
751 4659 970 4714 πολύν.
1003 4661 1267 4730 Κρεῖττον
1289 4657 1481 4712 λοιπὸν
1509 4657 1652 4728 ὑπὲρ
1677 4658 1880 4729 χρυσόν

293 4767 358 4806 τε
390 4752 490 4806 καὶ
515 4750 698 4814 λίθους
735 4751 809 4820 μὴ
844 4749 1247 4821 εὐαριθμήτους
1275 4749 1698 4821 πολυτιμήτους,
1732 4749 1798 4804 τὰ
1824 4750 1883 4803 ἐν

296 4843 495 4914 κόσμῳ
529 4843 759 4914 τερπνὰ,
792 4841 894 4912 ἐμὲ
923 4843 1014 4895 τὸν
1060 4841 1156 4912 τῆς
1198 4840 1502 4905 ἀθανασίας
1537 4841 1774 4913 καρπὸν,
1809 4841 1885 4906 ὡς

297 4932 359 4987 ἐν
386 4932 706 5004 παραδείσῳ
741 4933 820 5004 τῷ
859 4932 966 5004 ὅλῳ
1013 4932 1202 5004 κόσμῳ
1235 4933 1552 5002 συλλέγειν·
1581 4935 1638 4988 ἐν
1667 4933 1747 5005 τῷ
1793 4933 1883 4989 al!-

301 5041 419 5098 ρειν
453 5043 523 5096 με
552 5026 616 5079 ἐκ
649 5025 898 5089 πάντων,
936 5025 1080 5079 κατὰ
1113 5027 1213 5096 τὴν
1237 5027 1296 5080 ἐν
1341 5025 1615 5098 πνεύματι
1645 5026 1886 5098 φυσικὴν

301 5114 540 5190 θεωρίαν
579 5117 778 5180 αὐτῶν,
806 5119 881 5180 ὡς
930 5119 1072 5190 ὑπὲρ
1106 5117 1285 5213 πάντα
1327 5119 1451 5174 κατ’
1480 5119 1672 5173 οὐσίαν
1707 5116 1887 5189 ὑπάρ-

302 5227 489 5280 κοντα.

379 5323 458 5377 Τὰ
483 5321 552 5376 δὲ
567 5323 680 5392 ἐμὰ
708 5319 1051 5394 γεννήματα
1074 5325 1369 5394 κρεῖσσον
1404 5324 1696 5394 ἀργυρίου
1715 5325 1889 5379 ἐκλε-

307 5419 471 5474 κτοῦ.
527 5418 610 5472 Τὰ
655 5418 714 5472 δέ
770 5420 879 5489 ἐμὰ
941 5419 1259 5492 θελήματα,
1309 5417 1393 5485 οἷς
1449 5421 1538 5475 διὰ
1585 5421 1654 5476 τὰ
1711 5421 1890 5476 πάντα

311 5513 446 5590 πᾶσι
478 5511 656 5566 πάντα
709 5513 934 5584 γίνομαι
975 5515 1096 5567 κατ’
1137 5513 1460 5587 ἐνέργειαν,
1491 5513 1714 5568 κάλλιόν
1749 5515 1890 5568 εἰσιν

311 5603 450 5675 ὑπὲρ
473 5605 758 5660 ἐπίλεκτον
815 5607 1080 5678 ἄργυρον.
1122 5607 1197 5670 ὡς
1232 5605 1425 5662 τούτου
1464 5606 1891 5680 καθαρωτέρους

313 5695 406 5747 καὶ⁸
449 5695 870 5767 λαμπροτέρους
933 5695 1358 5751 ἁποδεικνύοντα
1409 5695 1540 5759 τοὺς
1598 5695 1892 5761 ποιοῦντας

315 5784 474 5842 αὐτὰ.

386 5895 451 5954 κ’.
496 5899 599 5954 Ἐν
632 5899 1208 5969 ὁδοῖς-δικαιοσύνης
1232 5901 1550 5970 περιπατῶ.
1579 5897 1764 5952 Ταῦτα
1783 5899 1892 5970 γὰρ

1994 3365 2060 3406 ac
2087 3363 2188 3420 ego
2219 3355 2430 3402 natura:
2452 3385 2469 3411 ,
2497 3344 2824 3400 obtinebunt
2871 3341 3153 3410 sapientiae
3201 3335 3586 3408 participatio-

1994 3457 2138 3507 nem,
2185 3446 2244 3497 ut
2299 3442 2351 3491 in
2397 3449 2612 3493 omnem
2655 3433 2945 3498 veritatem
3009 3429 3304 3496 ducantur,
3351 3441 3438 3483 me
3475 3427 3585 3480 illis

1992 3529 2355 3607 concedente.

2061 3641 2230 3698 Vsus.
2258 3639 2342 3694 18.
2379 3636 2592 3695 Divitior
2617 3641 2670 3695 et
2687 3633 2863 3704 gloria
2887 3647 3084 3694 mecum
3119 3637 3265 3694 sunt,
3294 3646 3414 3698 opes
3445 3628 3586 3684 ιιιιιίι·

1996 3741 2062 3788 ιω
2097 3741 2146 3786 et
2187 3728 2429 3800 justitia.
2463 3728 2525 3781 In
2558 3723 3022 3796 promissionibus
3059 3731 3460 3778 reservatorum
3491 3737 3586 3774 ve-

1996 3837 2089 3876 rus
2137 3819 2451 3880 thesaurus,
2502 3824 2558 3870 et
2615 3811 3047 3880 incorruptibilis
3090 3811 3314 3883 ,gloria,
3375 3810 3426 3864 id
3477 3819 3584 3872 est,

1992 3913 2139 3970 bona
2191 3907 2654 3980 supernaturalia,
2695 3913 2749 3958 et
2818 3905 2964 3960 bona
2998 3919 3121 3975 quae
3149 3903 3451 3961 secundum
3483 3919 3583 3958 na-

1993 4011 2174 4060 turam
2208 4008 2264 4057 et
2295 4014 2395 4070 pro
2441 4007 2684 4054 natura:
2717 4003 2770 4052 et
2819 4012 2850 4052 a
2910 4011 3040 4052 vera
3096 3997 3443 4066 superiorum
3505 3996 3586 4050 le-

1995 4107 2120 4164 gum
2163 4089 2418 4153 scientia,
2464 4103 2562 4158 per
2594 4101 2732 4158 quas
2763 4086 2948 4141 omnia
2978 4086 3124 4142 facta
3156 4093 3306 4151 sunt,
3343 4095 3396 4141 et
3433 4085 3588 4141 ﬁrma

1995 4188 2316 4248 remanent;
2370 4189 2424 4236 et
2472 4188 2684 4234 rectum
2735 4177 3004 4249 iudicium
3038 4177 3188 4249 quod
3242 4193 3310 4232 ex
3360 4177 3469 4233 illis
3518 4177 3587 4232 de

1993 4275 2384 4348 cupiditatibus
2419 4289 2482 4329 ex
2507 4271 2634 4344 ῥεῖ.
2669 4279 2725 4347 et
2759 4286 2890 4328 exe.
2931 4271 3171 4336 virtutis,
3228 4271 3468 4336 eruitur,
3529 4275 3586 4326 in

1995 4383 2081 4424 me
2131 4374 2280 4432 sunt,
2337 4375 2597 4436 tanquam
2634 4363 2691 4420 in
2725 4364 2916 4420 datore
2947 4363 3218 4420 bonorum
3250 4375 3588 4434 supernant-

1997 4458 2214 4514 ralium.

2069 4569 2231 4624 Vens.
2255 4571 2342 4626 l9.
2361 4567 2554 4624 Melius
2585 4584 2666 4622 me
2686 4569 2918 4638 fructum
2937 4565 3183 4636 colligere
3205 4581 3362 4638 quam
3394 4579 3586 4618 aurum

1985 4673 2034 4718 et
2063 4663 2288 4732 lapidem
2329 4661 2618 4728 pretiosum
2662 4658 2907 4712 multum.
2932 4657 3126 4712 Melius
3151 4665 3234 4711 est
3284 4671 3446 4726 quam
3482 4671 3584 4710 au-

1987 4771 2130 4818 rum,
2195 4762 2250 4810 et
2297 4753 2506 4824 lapides
2535 4750 2972 4822 pretiosissimos
3024 4757 3078 4804 et
3127 4748 3582 4809 innumerabiles,
3663 4739 3668 4742 ’

1987 4837 2040 4900 in
2079 4843 2285 4900 mundo
2327 4840 2594 4912 jucunda,
2659 4853 2744 4896 me
2815 4838 3246 4902 immortalitatis
3297 4837 3566 4899 fructum,

1987 4945 2046 4991 ut
2065 4936 2118 4990 in
2147 4933 2400 5005 paradiso
2419 4947 2484 4987 ex
2511 4939 2628 4987 toto
2655 4929 2862 4986 mundo
2886 4930 3180 4998 colligere;
3211 4944 3276 4982 ex
3317 4927 3578 4981 omnibus

1986 5026 2276 5098 capiendo,
2311 5041 2409 5096 pro
2445 5026 2664 5081 illorum
2723 5023 2780 5080 in
2830 5023 3031 5092 spiritu
3064 5021 3302 5075 naturali
3353 5019 3583 5074 ιιιειιὶιει-

1989 5121 2157 5186 tione,
2189 5118 2348 5190 quasi
2373 5133 2540 5188 super
2577 5115 2763 5172 omnia
2794 5129 2890 5184 per
2913 5112 3209 5168 essentiam
3258 5110 3581 5168 subsistant.

2061 5324 2132 5380 Et
2159 5307 2427 5396 genimina
2457 5339 2574 5378 mea
2609 5337 2766 5392 super
2809 5327 3080 5389 argentum
3112 5315 3353 5370 electum.
3387 5316 3452 5371 Et
3492 5331 3586 5367 Vn-

1989 5417 2228 5472 luntates
2281 5431 2434 5480 mea),
2465 5414 2668 5485 quibus
2697 5427 2794 5485 per
2827 5411 3036 5476 omnia,
3087 5411 3344 5465 omnibus
3397 5411 3583 5464 omnia

1992 5511 2169 5564 factus
2195 5523 2316 5564 sum
2349 5507 2571 5572 virtute,
2603 5505 2861 5560 meliores
2895 5511 3028 5559 sunt
3062 5516 3294 5572 argento
3333 5503 3582 5572 probato,

1994 5615 2118 5657 cum
2161 5600 2282 5654 illas
2317 5605 2636 5668 sequentes,
2665 5601 2894 5666 argento
2928 5592 3179 5664 pun-iores
3201 5598 3256 5646 et
3288 5589 3582 5660 fulgentio-

1995 5709 2084 5749 res
2116 5692 2366 5748 reddant.

2070 5895 2248 5951 Vrus.‘
2271 5893 2360 5952 τεο.
2393 5893 2456 5949 In
2488 5897 2581 5950 uiis
2614 5895 2849 5966 justitiaa
2876 5891 3107 5948 ambulo.
3145 5888 3269 5946 [lare
3296 5889 3422 5957 illis,
3457 5897 3579 5944 tan-
