3958 6386
372 413 514 482 1295

1693 411 2046 475 PROCOPII
2085 415 2330 478 GAZ/EI

3499 411 3648 477 1296

367 543 532 602 quam
558 526 678 584 vias
709 526 772 582 ad
801 523 968 580 vitam
999 524 1530 594 irreprcbensiiiilem
1558 525 1956 592 conducentes,

2089 520 2151 582 ιῖἀ
2177 544 2332 592 τινας
2360 527 2512 594 ὁδοὺς
2539 529 2618 593 εἰς
2643 527 2742 600 τὴν
2770 527 3067 599 ἄμεμπτον
3095 525 3297 598 ἄγοντα
3342 525 3656 594 πολιτείαν,

367 621 747 679 doctrinaliter
769 617 1024 676 ostendo.

439 712 510 768 Et
540 714 596 768 in
641 711 813 768 medio
848 713 1164 766 semitarum
1209 707 1612 778 iustiﬁcationis
1646 719 1750 765 sto.
1805 707 1872 764 Et
1900 707 1958 764 in

368 802 553 860 medio
599 817 813 868 eorum,
867 801 962 872 qui
1019 799 1154 856 mibi
1215 797 1430 855 veritati
1491 798 1847 866 inhaerentes,
1905 806 1960 853 et

370 896 574 952 bonum
624 893 942 952 hominibus
970 893 1224 965 placendi
1255 891 1532 947 desiderio
1563 907 1670 946 non
1699 891 1962 947 simulan-

371 997 475 1058 tcs,
499 1003 688 1045 earum
741 988 1084 1043 voluntatum
1113 983 1309 1040 modos
1336 991 1580 1047 servant,
1608 983 1826 1055 vigilias
1859 997 1960 1054 ago

289 1145 298 1152 η
370 1081 638 1136 adversus
692 1079 1028 1150 cupiditates
1066 1091 1188 1148 quae
1237 1091 1302 1131 ex
1361 1075 1576 1130 delectu
1630 1079 1684 1130 et
1730 1088 1959 1130 excessu
2018 1075 2022 1079 ’

370 1173 594 1228 virtutis
615 1170 890 1226 oriuntur.

442 1261 724 1318 Vens.2i.
760 1259 829 1316 Ut
856 1257 1092 1314 dividam
1119 1273 1202 1312 me
1227 1254 1566 1327 diligentibus
1595 1253 1750 1309 bona.
1787 1251 1854 1308 Ut
1880 1252 1960 1306 ilio

374 1353 559 1408 vidam
599 1350 694 1408 me'
727 1351 1069 1415 amantibus,
1127 1347 1434 1405 secundum
1499 1352 1708 1416 partem
1761 1343 1963 1414 cuique

374 1444 851 1518 proportionatam
888 1443 1158 1512 gratuitas
1210 1438 1437 1494 divitias
1473 1436 1835 1494 deiﬁcationis
1867 1450 1964 1507 per

376 1537 630 1608 gratiam.
1056 1527 1080 1603 ’,

449 1625 520 1680 Et
553 1626 771 1680 illorum
803 1627 1089 1678 thesauros
1119 1621 1370 1690 impleam
1399 1618 1568 1675 bonis.
1612 1617 1677 1672 Et
1705 1617 1830 1674 inde
1863 1617 1962 1671 im-

377 1719 542 1790 plebo
570 1734 763 1774 eorum
801 1716 1204 1773 intellectuales
1261 1720 1316 1770 et
1367 1710 1829 1782 concupiscibiles
1874 1723 1968 1780 po-

379 1813 605 1879 tentias,
637 1815 840 1884 quibus
873 1811 1128 1866 virtutem
1159 1819 1213 1867 et
1246 1810 1530 1866 scientiam
1588 1807 1643 1862 in
1687 1805 1800 1860 vita
1847 1804 1968 1860 the.

2059 617 2460 684 διδασκαλικῶς
2483 619 2860 692 διεξέρχομαι.

2131 713 2244 768 Καὶ
2289 712 2406 768 ἀνὰ
2447 712 2646 782 μέσον
2687 711 2902 780 τρίϐων
2937 707 3331 779 δικαιώματος
3353 709 3664 780 ἀναστρέ-

2060 819 2264 874 φομαι.
2297 803 2410 857 Καὶ
2451 803 2616 875 μέσον
2664 800 2773 855 τῶν
2809 798 2945 872 ἐμοῦ
2985 798 3086 871 τῆς
3116 798 3383 870 ἀληθείας
3413 797 3662 871 ἐξηρτη-

2065 893 2266 964 μένων,
2299 893 2392 947 καὶ
2421 891 2497 964 μὴ
2531 893 2600 946 δι’
2633 891 3164 964 ἀνθρωπαρεσκείας
3197 889 3663 960 ὑποκρινομένων

2059 985 2122 1038 τὸ
2168 983 2394 1052 ἀγαθὸν,
2430 982 2734 1052 ποιητικῶν
2777 982 2986 1036 τούτων
3023 981 3134 1034 τῶν
3175 980 3502 1052 θελημάτων
3553 998 3666 1051 μου

2061 1077 2301 1146 τρόπων,
2335 1073 2618 1147 περιπολῶ
2640 1075 2752 1128 τῶν
2779 1074 2900 1128 κατ’
2928 1071 3167 1144 ἔλλειψιν
3195 1073 3292 1144 τῆς
3319 1073 3530 1146 ἀρετῆς
3564 1073 3666 1127 καὶ

2061 1167 2368 1238 ὑπερϐολὴν
2397 1167 2656 1222 ἁπάντων
2683 1164 2892 1220 παθῶν.

2133 1265 2239 1314 κα¹.
2273 1259 2409 1314 Ἵνα
2433 1259 2662 1328 μερίσω
2711 1257 2836 1324 τοῖς
2880 1255 2986 1327 ἐμὲ
3013 1255 3332 1325 ἀγαπῶσιν
3364 1255 3666 1323 ὕπαρξιν.

2064 1347 2256 1412 Ὅπως
2286 1347 2552 1418 διανείμω
2583 1348 2696 1410 τοῖς
2741 1346 2842 1418 ἐμὲ
2891 1345 3140 1411 ποθοῦσι,
3187 1346 3330 1400 κατὰ
3364 1346 3427 1400 τὸ
3459 1346 3668 1417 μέλλον

2063 1440 2344 1509 ἀναλόγως
2385 1439 2625 1512 ἑκάστῳ,
2660 1439 2754 1494 τὸν
2786 1439 3065 1493 ἀδάπανον
3115 1437 3348 1494 πλοῦτον
3381 1440 3480 1509 τῆς
3514 1438 3672 1493 κατὰ

2065 1529 2228 1604 χάριν
2255 1530 2528 1595 θεώσεως.

2134 1622 2242 1677 Καὶ
2269 1622 2414 1688 τοὺς
2447 1621 2795 1691 θησαυροὺς
2827 1619 3029 1676 αὐτῶν
3063 1621 3361 1690 ἐμπλήσω
3391 1619 3672 1696 ἀγαθῶν.

2063 1714 2378 1772 Κάντεῢθεν
2411 1715 2688 1786 πληρώσω
2718 1715 2818 1778 τὰς
2843 1713 3191 1786 θεωρητικὰς
3235 1713 3330 1768 καὶ
3363 1712 3673 1784 όρεκτικὰς

2065 1807 2355 1876 δυνάμεις,
2383 1803 2474 1871 αἶς
2513 1807 2612 1878 τὴν
2646 1806 2851 1880 ἀρετὴν
2897 1807 2992 1861 καὶ
3025 1806 3125 1876 τὴν
3177 1805 3381 1876 γνῶσιν
3427 1807 3484 1858 ὲν
3541 1804 3670 1874 ζωῇ

381 1905 734 1959 saurizarunt
755 1901 1041 1974 promissis
1065 1917 1094 1956 a
1117 1917 1204 1957 me
1227 1901 1411 1964 bonis,
1440 1900 1514 1953 ita
1533 1907 1589 1954 ut
1611 1894 1966 1976 experiantur

2089 1873 2248 1952 ιύτῶν
2277 1873 2748 1970 ἀπεθησαύρισαν,
2784 1873 2895 1952 τῶν
2923 1899 2980 1953 ὲν
3007 1873 3365 1966 ἐπαγγελίαις
3393 1913 3493 1966 μου
3519 1873 3674 1964 ἀγαέ-

381 2005 438 2050 et
469 1994 684 2049 videant
716 2007 895 2049 meum
927 1991 1298 2065 splendorem,
1326 2000 1383 2048 et
1423 1987 1994 2046 fruanturincontem-

382 2087 624 2158 platione
651 2086 840 2158 gloria:
871 2101 1023 2143 meae.

441 2260 506 2316 Si
559 2263 702 2318 vobis
737 2264 922 2318 nuntio
950 2261 1237 2318 secundum
1258 2261 1399 2316 diem
1439 2261 1608 2330 facta,
1643 2276 1848 2318 memor
1879 2277 1972 2316 ero

384 2372 417 2408 a
455 2354 652 2409 sazculo
683 2362 1101 2410 numeratorum.
1127 2353 1185 2409 Si
1219 2355 1378 2410 vobis
1406 2361 1789 2411 monstravere
1827 2367 1859 2408 a
1887 2367 1974 2410 me

373 2458 486 2511 .pro
515 2445 698 2502 salute
719 2446 1004 2502 hominum
1055 2445 1203 2501 facta
1252 2461 1351 2516 per
1386 2445 1671 2500 carnalem
1709 2445 1971 2502 nativita-

373 2543 496 2590 tem
534 2537 668 2601 mei,
698 2537 942 2609 justitite
965 2538 1122 2604 solis,
1153 2553 1276 2594 mea
1308 2537 1570 2610 mysteria
1617 2538 1686 2593 ab
1734 2544 1969 2601 aeterno,

378 2627 670 2684 .voluntate
720 2628 902 2684 Patris
953 2627 1064 2685 mei
1109 2628 1470 2694 exsistentia,
1521 2627 1817 2686 ostendere
1863 2642 1971 2684 me-

383 2732 508 2775 mor
534 2735 654 2775 θῙὈ.

452 2900 620 2960 Vens.
660 2902 752 2959 22.
789 2901 1050 2960 Dominus
1077 2920 1158 2959 me
1186 2905 1384 2960 creauit
1405 2904 1726 2974 principium
1761 2906 1968 2960 viarum

360 3009 632 3060 suarum,
661 2995 716 3050 in
745 3011 906 3064 opera
933 2997 1073 3066 ejus.
1122 2995 1276 3052 Scito
1305 3011 1438 3069 ergo
1472 2997 1604 3068 quia
1641 2997 1791 3052 Patri
1825 3011 1966 3062 meo,

385 3085 635 3140 omnium
681 3083 916 3141 Domino
963 3086 1176 3156 placuit
1225 3101 1313 3142 me
1347 3087 1660 3142 increatum
1709 3093 1966 3141 creatum

362 3173 508 3233 'tieri
543 3193 760 3232 carne:
805 3185 866 3232 ut
909 3177 1005 3250 qui
1055 3176 1124 3232 ad
1175 3177 1325 3233 illam
1383 3193 1484 3249 per
1534 3178 1792 3233 mandata
1845 3175 1968 3248 ejus

387 3269 747 3328 adambulare
777 3269 993 3332 volunt,
1028 3283 1116 3324 me
1151 3276 1212 3322 ut
1236 3283 1432 3345 eorum.
1448 3268 1646 3325 salutis
1661 3276 1971 3334 auctorem,

377 3372 442 3421 et
475 3365 714 3436 primum
733 3363 1036 3422 secundum
1072 3361 1162 3420 illa
1183 3362 1349 3418 modo
1401 3361 1723 3418 hominibus
1773 3374 1975 3418 conve-

385 3457 576 3534 niente
615 3456 1014 3521 ambulantem,
1053 3463 1384 3526 sequantur,
1432 3461 1485 3511 et
1515 3463 1601 3522 ut,
1651 3469 1742 3512 me
1785 3469 1978 3511 exem-

385 3549 540 3618 plum
594 3547 649 3603 in
690 3547 952 3618 operibus
1002 3547 1211 3602 divinis
1260 3545 1492 3617 justitiae
1548 3545 1845 3612 faciendis,
1905 3547 1974 3602 ad

373 3637 988 3697 'imitandum‘babeant
1016 3653 1032 3706 ;
1075 3643 1130 3693 et
1163 3637 1246 3694 sic
1271 3651 1360 3694 me
1392 3637 1607 3693 creavit
1638 3637 1972 3696 iucreatum.

461 3819 632 3872 Vens.
679 3816 772 3873 23.
831 3817 910 3870 Ab
966 3825 1162 3872 aeterno
1214 3816 1458 3888 fundavit
1509 3831 1611 3870 me.
1685 3817 1767 3872 Ab
1823 3817 1974 3872 omni

391 3911 699 3967 aeternitate
725 3909 917 3964 habuit
947 3909 1219 3980 optimum
1251 3922 1384 3963 meae
1414 3906 1820 3963 lncarnationis
1843 3925 1976 3966 con-
2013 3941 2021 3946 -

305 4060 311 4063 _
391 4005 596 4066 silium,
629 4009 690 4056 ut
725 4013 988 4073 tanquam
1019 4001 1168 4056 illius
1259 3999 1731 4074 prmconstitutum
1781 4000 1977 4057 funda-

391 4099 659 4148 mentum.
747 4135 770 4154 ,

466 4181 635 4240 Vnus.
667 4184 762 4247 2t,
792 4183 888 4238 25.
931 4183 974 4235 A
1028 4182 1312 4253 principio,
1362 4193 1644 4252 antequam
1689 4193 1830 4238 terra
1883 4185 1978 4256 ﬁe-

390 4285 492 4342 ret,
522 4283 576 4331 et
607 4275 806 4347 abyssi,
840 4282 889 4329 et
921 4285 1248 4354 erumperent
1300 4268 1472 4344 fontes
1505 4291 1786 4346 aquarum,
1825 4286 1974 4331 ante~

392 4386 552 4440 quam
599 4376 800 4423 montes
835 4367 1224 4423 stabilirentur.
1275 4367 1313 4422 Δ
1345 4368 1638 4441 principio,
1683 4377 1975 4440 antequam

295 4479 304 4508 :
395 4471 596 4518 terram
620 4459 1317 4532 produceret,etaquarum
1337 4459 1588 4532 abyssos,
1603 4471 1657 4518 et
1677 4473 1976 4534 antequam

2070 1991 2200 2057 θῶν,
2239 1990 2384 2046 κατὰ
2433 1991 2497 2046 τό
2537 1989 2731 2046 παθεῖν
2779 1989 3047 2064 [ποθεῖνῖ]
3087 1989 3185 2044 καὶ
3229 1989 3359 2043 ἰδεῖν
3391 1987 3488 2060 τὴν
3519 1986 3673 2059 ἐμὴν

2069 2082 2459 2154 λαμπρότητα,
2489 2080 2584 2136 καὶ
2630 2079 3000 2152 χορτασθῆναι
3037 2082 3096 2135 ὲν
3144 2079 3224 2153 τῷ
3265 2079 3500 2150 ὀφθῆναι
3532 2077 3671 2131 τού-

2069 2193 2185 2240 τοις
2221 2175 2320 2248 τὴν
2344 2174 2503 2241 δόξαν
2537 2191 2662 2245 μου.

2153 2268 2298 2324 Ἐὰν
2320 2268 2659 2337 ἀναγγειλω
2678 2266 2822 2336 ὑμῖν
2839 2267 2915 2322 τὰ
2939 2265 3069 2322 καθ’
3092 2265 3320 2336 ἡμέραν
3351 2266 3668 2335 γινόμενα,

2064 2359 2469 2432 μνημονεύσω
2491 2359 2562 2413 τὰ
2593 2357 2663 2424 ἐξ
2677 2358 2896 2426 αἰῶνος
2914 2357 3342 2428 ἁριθμηθέντα.
3388 2357 3546 2410 Ἐπεὶ
3565 2357 3670 2410 ὲάν

2069 2451 2268 2518 διδάξω
2309 2451 2455 2522 ὑμᾶς
2497 2451 2569 2506 τὰ
2614 2451 2754 2505 κατά
2808 2451 2910 2521 τὴν
2955 2451 3016 2504 ὲν
3063 2451 3228 2524 σαρκὶ
3255 2449 3524 2520 ἀνατολήν
3558 2465 3668 2520 μου

2067 2544 2172 2616 τῆς
2199 2541 2553 2614 δικαιοσύνης
2586 2541 2793 2609 Ἡλίου,
2817 2542 2917 2596 ὲπϊ
2939 2542 3185 2614 σωτηρίᾳ
3217 2541 3326 2596 τῶν
3353 2539 3671 2612 ἀνθρώπων

2067 2635 2394 2708 τελούμενα,
2447 2635 2752 2706 ἀναμνήσω
2799 2632 2894 2688 τοῦ
2949 2623 3246 2700 διεξελθεῖν
3283 2632 3353 2688 τὰ
3409 2631 3566 2703 παρὰ
3593 2631 3674 2697 τῇ

2068 2727 2164 2782 τοῦ
2199 2725 2414 2799 Πατρός
2457 2742 2560 2798 μου
2600 2723 2762 2796 βουλῇ
2796 2723 2984 2786 ἀϊδίως
3014 2722 3330 2794 ὑπάρχοντα
3365 2719 3497 2790 περὶ
3526 2715 3672 2788 ἐμοῦ

2028 2809 2034 2814 ’
2073 2819 2373 2893 μυστήρια.

2143 2911 2250 2983 κβθ.
2285 2912 2503 2980 Κύριος
2555 2909 2762 2965 ἐκτισέ
2789 2925 2868 2980 με
2913 2905 3114 2980 ἀρχὴν
3141 2905 3301 2962 ὁδῶν
3331 2903 3544 2972 αὐτοῦ,
3573 2904 3677 2970 εις

2069 3004 2214 3076 ἔργα
2231 2990 2451 3060 ἀύτοῦ.
2480 3003 2724 3058 Γίνωσκε
2752 3001 2934 3056 τοίνυν
2970 3001 3052 3054 ὅτι
3077 3003 3106 3054 ό
3128 2999 3260 3070 ἐμὸς
3301 2998 3495 3068 Πατὴρ
3522 3035 3538 3060 ,
3569 2995 3676 3050 καὶ

2070 3097 2184 3152 τῶν
2241 3096 2380 3150 ὅλων
2414 3095 2697 3164 Δεσπότης
2743 3093 2900 3158 Θεὸς,
2945 3093 3204 3161 εὐδόκησε
3250 3089 3470 3144 κτιστὸν
3496 3086 3675 3158 σαρκί

2076 3206 2143 3258 με
2171 3187 2430 3258 γενέσθαι
2457 3185 2550 3238 τὸν
2592 3185 2850 3253 ἄκτιιστον
2873 3201 2888 3217 ’
2921 3185 2998 3248 ὡς
3027 3182 3094 3238 ἂν
3129 3183 3180 3235 οἱ
3205 3181 3344 3251 πρὸς
3385 3179 3553 3234 αὑτὸν
3577 3178 3678 3232 διὰ

2073 3278 2182 3332 τῶν
2211 3276 2380 3333 αὐτοῦ
2409 3275 2638 3330 ἐντολῶν
2670 3273 2875 3328 ὁδεύειν
2913 3272 3260 3344 βουλόμενοι,
3285 3270 3408 3340 ἐμοὶ¹
3461 3265 3678 3340 οἷάπερ

2074 3369 2304 3442 ἀρχηγῷ
2326 3370 2426 3440 τῆς
2449 3367 2724 3442 σωτηρίας
2741 3366 2922 3420 αὐτῶν
2943 3366 3208 3428 ἕπωνται,
3234 3362 3440 3434 πρώτῳ
3460 3361 3677 3426 ταύτας

2078 3459 2570 3534 ἀνθρωποπρεπῶς
2605 3457 2846 3512 ὁδεύοντι
2872 3471 2888 3488 ’
2921 3455 3016 3508 καλ⁵
3057 3451 3226 3524 ἔχωσί
3263 3468 3330 3522 με
3357 3451 3678 3520 ’ὑπογραμ-

2081 3555 2180 3626 μὸν
2203 3555 2284 3618 εἰς
2321 3552 2385 3606 τὸ
2427 3549 2574 3604 κατά
2628 3548 2862 3620 μίμησιν
2909 3545 3048 3618 ἐμὴν
3089 3543 3158 3598 τὰ
3187 3543 3307 3597 θεῖα
3329 3543 3428 3612 τῆς
3457 3539 3678 3594 δικαιο-

2079 3646 2246 3717 σύνης
2295 3644 2432 3716 ἔργα
2487 3641 2820 3712 ἐργάζεσθαι
2847 3653 2862 3670 ·
2899 3638 2991 3694 καὶ
3033 3637 3176 3691 οὕτω
3226 3639 3327 3707 μὲν
3373 3632 3562 3688 ἔκτισε
3601 3648 3678 3702 με

2077 3736 2170 3790 τὸν
2201 3736 2478 3790 ἀκτιστον.
3221 3741 3233 3751 ’

2146 3831 2254 3894 κγ’.
2284 3822 2406 3892 Πρὸ
2457 3821 2565 3876 τοῦ
2625 3820 2846 3884 αὶῶνος
2897 3815 3260 3890 ἐθεμελίωσέ
3305 3833 3402 3886 με.
3459 3813 3574 3886 Πρὸ
3607 3813 3674 3867 δὲ

2077 3917 2291 3980 παντὸς
2326 3915 2523 3978 αἰῶνος
2576 3908 2694 3984 εἶχε
2735 3897 2844 3983 ’τὴν
2872 3911 3127 3982 περὶτῆς
3160 3909 3430 3979 ὲνσάρκου
3461 3907 3681 3958 οἰκονο-

2082 4011 2210 4083 μίας
2267 4025 2368 4080 μου
2408 4004 2761 4077 ὑπεράγαθον
2816 4003 3034 4074 βουλὴν,
3067 4001 3144 4066 ὥς
3196 4017 3320 4055 τινα
3373 4004 3682 4072 προϋποτε.

2079 4100 2330 4172 θειμὲνον
2369 4097 2576 4167 ταύτης
2611 4090 2885 4167 θεμελιον.

2155 4189 2256 4258 κδ’,
2288 4198 2389 4245 κε’.
2435 4191 2540 4244 Ἐν
2585 4185 2768 4257 ἀρχῇ,
2803 4186 2916 4256 πρὸ
2951 4185 3060 4240 τοῦ
3093 4183 3213 4253 τὴν
3235 4183 3355 4256 γῆν
3393 4183 3679 4251 ποιῆσαι,

2079 4285 2182 4341 καὶ
2229 4283 2344 4352 πρὸ
2397 4280 2506 4336 τοῦ
2551 4281 2660 4347 τὰς
2700 4279 3018 4345 ἀϐύσσους
3059 4277 3342 4346 ποιῆσαν
3381 4276 3494 4345 πρὸ
3563 4275 3684 4330 τοῦ

2081 4373 2400 4447 προελθεῖν
2433 4373 2543 4437 τὰς
2568 4371 2770 4442 πηγὰς
2805 4368 2928 4424 τῶν
2959 4369 3228 4425 ὑδάτωνο
3257 4369 3372 4437 πρὸ
3423 4365 3532 4422 τοῦ
3564 4368 3682 4437 ὄρη

2080 4465 2470 4536 ἑδρασθῆναι.
2523 4463 2660 4518 Κατ’
2689 4463 2866 4534 ἀρχὰς
2902 4461 3032 4533 πρὶν
3067 4460 3099 4532 ἢ
3129 4457 3229 4531 τὴν
3261 4460 3366 4530 γῆν
3410 4475 3685 4528 παραγα-

293 4544 299 4556 ¹
395 4553 625 4610 salirent
677 4567 866 4608 earum
891 4550 1106 4620 ‘fontes,
1137 4560 1192 4607 et
1221 4559 1436 4611 montes
1473 4553 1975 4612 consolidarentur.

2089 4561 2225 4630 γεῖν,
2257 4555 2471 4620 καὶτὰς
2497 4555 2607 4610 τῶν
2639 4553 2850 4608 ὑδάτων
2887 4551 3182 4616 ἀϐύσσους,
3215 4550 3312 4604 καὶ
3349 4549 3480 4620 πρὶν
3510 4549 3547 4620 ἢ
3577 4549 3684 4612 τὰς

463 4825 599 4882 Ante
630 4842 809 4882 omnes
835 4825 994 4882 colles
1026 4829 1209 4900 genuit
1244 4843 1322 4882 me
1354 4866 1368 4880 .
1401 4827 1714 4898 Antequam
1743 4836 1794 4881 et
1826 4827 1982 4896 ipsos

393 4934 588 4976 omnes
627 4919 908 4992 augelicos
949 4919 1181 4976 ordines
1201 4919 1550 4989 produceret,
1571 4920 1668 4991 qui
1721 4927 1984 4990 tauquam

394 5013 585 5078 colles,
601 5013 752 5070 omni
785 5013 1080 5070 altitudine
1107 5013 1418 5084 superiora,
1449 5013 1710 5070 omnibus
1741 5013 1984 5070 sensibi-

393 5105 543 5162 libus
592 5105 868 5162 creaturis
909 5104 1292 5170 dominantur,
1330 5112 1385 5161 et
1428 5107 1496 5162 ab
1528 5107 1681 5162 omni
1709 5117 1895 5162 creata
1927 5123 1986 5162 re

398 5205 748 5270 separantur,
835 5201 1166 5255 naturaliter
1239 5207 1295 5254 et
1348 5198 1419 5254 ab
1512 5207 1718 5254 aeterno
1797 5199 1988 5271 genuit

401 5303 511 5344 me.

470 5379 641 5437 Vens.
671 5381 765 5438 26.
807 5382 1065 5439 Dominus
1095 5384 1216 5457 fecit
1247 5392 1418 5438 terras
1447 5383 1786 5446 habitabiles,
1818 5391 1868 5439 et
1905 5383 1986 5438 in-

400 5471 694 5538 habitatas,
732 5481 785 5530 et
824 5485 1068 5530 extrema
1100 5474 1346 5531 habitata
1387 5475 1500 5546 ejus
1551 5474 1646 5530 sub
1697 5479 1825 5530 coelo
1886 5483 1984 5531 est.

399 5564 538 5623 Nam
595 5563 761 5623 Pater
815 5581 990 5634 meus,
1025 5577 1082 5636 et
1136 5566 1387 5624 omnium
1419 5566 1706 5636 Dominus,
1749 5584 1776 5623 a
1815 5568 1989 5624 nihilo

402 5662 473 5718 ad
506 5676 632 5720 esse
667 5661 958 5718 transtulit
995 5669 1182 5734 partes
1201 5672 1256 5720 et
1278 5665 1563 5736 portiones
1585 5672 1816 5721 cunctas
1839 5664 1988 5721 circa

404 5761 647 5821 terram;
701 5765 756 5810 et
816 5764 1004 5825 partes
1043 5771 1170 5826 quae
1229 5756 1434 5814 multos
1489 5757 1701 5814 incolas
1757 5767 1810 5813 et
1865 5772 1987 5812 om-

407 5859 509 5902 nes
538 5856 732 5918 gentes
775 5849 1372 5920 continerepossunt;
1415 5859 1470 5906 et
1496 5864 1680 5923 partes
1721 5868 1844 5923 quae
1874 5868 1985 5909 non

669 5975 704 5987 .-

2087 4654 2295 4728 τούτων
2321 4648 2625 4707 ἀναϐλῦσαι
2653 4648 2860 4721 πηγὰς,
2893 4648 2990 4702 καὶ
3023 4647 3132 4719 πρὸ
3156 4645 3252 4700 τοῦ
3284 4645 3349 4698 τὰ
3375 4644 3475 4718 ὄρη
3510 4641 3684 4715 πῆξιν

2088 4746 2295 4800 λαϐεῖν.
2939 4787 2945 4792 .
3381 4776 3398 4792 .

2161 4836 2284 4905 Πρὸ
2313 4835 2383 4890 δὲ
2410 4834 2655 4888 πάντων
2685 4829 2938 4897 ,Βουνῶν
2977 4828 3162 4900 γεννᾷ
3194 4847 3292 4899 με.
3326 4827 3440 4899 Πρὸ
3487 4826 3548 4880 δὲ
3578 4827 3684 4897 τῆς

2090 4926 2432 4999 παραγωγῆς
2487 4925 2583 4980 καὶ
2643 4922 2825 4978 αὐτῶν
2865 4921 3058 4977 πασῶν
3105 4921 3216 4976 τῶν
3243 4919 3557 4990 ἁγγελικῶν
3581 4919 3689 4973 τά-

2090 5020 2247 5088 ξεων,
2282 5017 2339 5072 αἳ
2366 5017 2621 5088 καθάπερ
2655 5015 2835 5087 βουνοί
2865 5032 3032 5079 τινες,
3063 5013 3268 5078 παντὸς
3305 5013 3501 5075 ἄλσους
3528 5011 3686 5083 ὕψη-

2087 5111 2347 5185 λωμένοι,
2406 5111 2628 5164 πάντων
2676 5108 2786 5162 τῶν
2829 5103 3107 5178 αἰσθητῶν
3147 5105 3468 5177 κτισμάτων
3514 5105 3691 5176 ὺπέρ-

2089 5225 2322 5274 κεινται,
2361 5207 2458 5261 καὶ
2499 5187 2684 5276 πάσηξ
2721 5203 2856 5274 ὕλης
2887 5200 3398 5272 ἀπηλλοτρίωνται,
3429 5197 3688 5268 φυσικῶς

2089 5300 2184 5356 καὶ
2211 5299 2400 5362 ἀῖδίως
2423 5294 2590 5366 γεννᾷ
2617 5312 2704 5366 με.

2158 5397 2270 5457 κςν.
2305 5391 2522 5458 Κύριος
2572 5388 2826 5456 ἐποίησε
2871 5385 3066 5458 χώρας
3092 5428 3108 5452 ,
3151 5384 3252 5439 καὶ
3317 5383 3684 5449 ἀοικητους,

2089 5484 2192 5540 καὶ
2231 5485 2386 5552 ἄκρα
2439 5483 2762 5552 οἰκούμενα
2806 5478 2918 5550 τῆς
2939 5480 3043 5534 ὑπ’
3078 5475 3361 5548 οὐρανόν.
3415 5477 3526 5530 Καὶ
3569 5476 3688 5548 γάρ

2089 5575 2272 5648 ὁὲμὸς
2324 5574 2534 5646 Πατὴρ,
2554 5574 2650 5628 καὶ
2697 5572 2806 5626 τῶν
2849 5571 2987 5625 ὅλων
3039 5568 3424 5642 Ascam-ch2:
3469 5566 3566 5621 τοῦ
3605 5569 3685 5638 μὴ

2093 5669 2245 5732 ὄντος
2271 5668 2354 5730 εἰς
2378 5665 2440 5720 τὸ
2467 5659 2606 5719 εἶναι
2630 5665 2926 5736 παρήγαγε
2969 5663 3038 5718 τὰ
3079 5661 3172 5717 τοῦ
3209 5660 3490 5732 περιγειου
3523 5659 3687 5713 τοῦδε

2097 5760 2238 5832 μέρη
2290 5759 2388 5813 καὶ
2429 5762 2694 5830 τμήματα
2733 5773 2750 5789 ·
2781 5740 2844 5810 τό
2869 5775 2927 5810 τε
2979 5755 3191 5810 πολλῶν
3229 5753 3536 5825 οἰκητόρων
3587 5753 3686 5804 καὶ

2096 5851 2268 5906 ἐθνῶν
2283 5851 2420 5905 ὅλων
2435 5850 2763 5923 χωρητικὸν,
2785 5850 2876 5905 καὶ
2893 5849 2954 5902 τὸ
2975 5847 3050 5920 μὴ
3065 5848 3202 5914 ὅλως
3223 5847 3566 5915 οἰκούμενον,
3585 5845 3683 5898 καὶ
