3958 6384
257 309 396 374 1207

1333 314 1867 378 COMMENTARII
1910 317 1991 377 IN
2031 317 2490 379 PROVERBIA.

3400 306 3536 372 1298

251 430 360 484 εἴτι
402 427 572 498 πέρας
622 427 708 498 εἴη
753 427 848 499 τῆς
905 429 1031 498 γῆς,
1085 430 1173 482 καὶ
1204 429 1497 501 οἰκήτοράς
1553 449 1706 497 τινας
1741 431 1836 486 κὲ-

1968 433 2281 499 ncoluntur,
2309 433 2416 488 etsi
2459 432 2531 488 sit
2577 428 2848 487 terminans
2883 434 3065 494 terrae,
3103 433 3157 482 et
3191 426 3405 494 aliquos
3449 425 3536 476 iu-

253 537 474 591 κτηται.

325 588 434 678 ᾖξ’.
471 613 682 668 Ἠνίκα
729 613 1004 686 ἡτοίμαζε
1057 614 1166 668 τὸν
1205 588 1490 684 oitpa'rdr,
1560 629 1840 687 συμπαρ-

251 703 424 773 ήμην
449 704 632 770 αὐτῷ.
673 704 841 759 Ὅταν
895 705 952 760 δὲ
983 705 1272 778 εὐτρέπιζε
1316 705 1408 760 τὸν
1442 707 1671 778 οὐρανὸν
1699 709 1841 780 ἡλίῳ

255 801 352 854 καὶ
378 799 576 871 σελήνῃ
605 799 699 854 καὶ
719 801 938 872 ἄστροις
958 800 1322 872 καθωραῒζων
1344 799 1528 866 αὐτὸν,
1558 801 1841 872 συνυπῆρ-

253 908 350 961 χον
375 890 524 962 αὐτῷ
553 891 649 944 καὶ
693 891 1022 962 συνήργουν,
1053 890 1362 961 ὁμοούσιος.
1389 891 1538 963 αὐτῷ
1577 891 1843 964 ὑπάρχων

253 987 352 1034 καὶ
391 982 762 1051 ὲνυπόστατος
797 982 1028 1053 δύναμις
1069 985 1164 1038 καὶ
1193 983 1378 1054 σοφία.

323 1075 440 1131 Καὶ
491 1075 590 1128 ὅτε
633 1075 882 1146 ἀφώριζε
921 1077 1031 1130 τὸν
1075 1075 1295 1132 ἑαυτοῦ
1333 1077 1554 1144 θρόνον
1591 1076 1684 1130 ἐπ’
1711 1076 1844 1132 dre-

247 1183 402 1238 μων.
437 1167 547 1220 Καὶ
572 1167 662 1221 ὅτε
692 1167 792 1238 τῆς
811 1167 1086 1233 οὐσιωδῶς
1123 1167 1446 1239 ὑφεστώσης
1487 1168 1652 1224 αὐτοῦ
1691 1169 1842 1241 βασι-

252 1256 428 1322 λείας,
449 1257 543 1312 τοῦ
572 1258 631 1326 ἐξ
653 1257 820 1312 αὐτοῦ
838 1259 1298 1331 ἐκπορευομένου,
1315 1259 1408 1314 καὶ
1431 1260 1624 1330 ἑνὲμοὶ
1648 1261 1844 1331 ὁμοου·

254 1349 391 1412 σὲως
415 1367 426 1376 '
447 1349 890 1420 ἀναπαυομένου,
925 1350 1192 1419 παναγίου
1237 1349 1554 1422 Πνεύματος
1617 1350 1843 1423 ἀφιέρου

252 1440 354 1512 τὴν
393 1441 580 1512 χάριν,
602 1440 1057 1496 ὲπαναπαύεσθαι
1079 1444 1190 1507 τοῖς
1213 1441 1530 1511 άγγελικοῖς
1570 1441 1844 1514 πνεύμασι

253 1534 348 1586 καὶ
387 1533 690 1604 οὐρανίοις,
731 1534 830 1604 τὴν
872 1534 1010 1606 πρὸς
1055 1534 1186 1588 αὐτὸ
1222 1535 1436 1600 τούτοις
1482 1533 1845 1608 χαριζόμενος

251 1625 596 1694 οἰκειότητα.

324 1725 436 1789 κη’.
489 1718 700 1773 Ἠνίκα
749 1717 970 1787 ισχυρὰ
998 1717 1186 1772 ἐποίει
1234 1719 1304 1773 τὰ
1358 1717 1482 1772 ἄνω
1532 1717 1708 1787 νέφη,
1745 1719 1841 1772 καὶ

249 1811 556 1881 ἀσφαλεῖς
589 1811 767 1865 ἐτίθει
785 1812 986 1880 πηγὰς
1013 1809 1124 1878 τῆς
1147 1811 1249 1865 ὑπ’
1273 1812 1554 1877 οὐρανόν.
1590 1809 1701 1864 Καὶ
1718 1811 1844 1864 ὁπό-

250 1921 350 1957 ταν
379 1903 678 1974 εἰργάζετο
719 1903 984 1974 apem-zz;
1009 1901 1108 1967 τὰς
1148 1901 1291 1972 ὑπὲρ
1341 1902 1442 1972 γῆν
1467 1901 1717 1971 νεφέλας,
1750 1903 1845 1955 καὶ

247 1989 338 2048 οἷά
379 2011 539 2058 τινας
595 1993 938 2064 φυλακτικάς
978 1993 1188 2046 ὑδάτων
1238 1992 1440 2063 πηγὰς,
1470 1992 1644 2046 ἐποίει
1672 1992 1846 2048 ταῦτα

247 2089 329 2150 εὶς
358 2088 421 2141 τὸ
449 2086 701 2160 ἀρδεύειν
724 2087 825 2160 τὴν
855 2085 978 2156 γῆν.

318 2268 428 2324 κο’.
483 2269 588 2324 Ἐν
637 2265 716 2334 τῷ
757 2267 983 2323 τιθέναι
1013 2265 1201 2322 αὐτὸν
1249 2263 1324 2334 τῇ
1367 2262 1656 2332 θαλάσσῃ
1683 2263 1844 2331 dept-

247 2363 494 2431 ϐασμὸν
533 2358 741 2414 αὐτοῦ.
775 2359 885 2412 Καὶ
917 2359 1048 2412 ὅταν
1086 2355 1461 2427 προσέττασσε
1489 2357 1556 2427 τῇ
1597 2354 1842 2425 Θαλάσσῃ

251 2454 326 2524 μὴ
358 2452 718 2524 ὑπερϐαίνειν
763 2450 833 2505 τὰ
860 2449 1060 2520 ἑαυτῆς
1088 2449 1212 2520 ὅρια
1240 2466 1254 2482 ·
1289 2448 1371 2502 διὸ
1423 2447 1520 2502 καλ⁵
1565 2447 1626 2501 οὐ
1678 2463 1846 2518 παρα-

247 2547 508 2616 δράμωσι
556 2545 626 2598 τὰ
682 2543 886 2614 ταύτης
959 2541 1173 2606 ὕδατα,
1219 2541 1280 2595 τὸ
1337 2539 1504 2595 αὐτοῦ
1567 2539 1845 2610 πρόσταγ-

253 2655 366 2706 μα,
399 2635 524 2692 ἀλλ’
555 2638 613 2690 ὲν
652 2637 792 2708 αὐτῇ
841 2634 910 2690 τά
959 2637 1185 2705 κύματα
1244 2632 1415 2704 αὐτῆς
1456 2631 1846 2704 συντριϐήσον-

248 2743 316 2781 τα
327 2747 363 2785 ι.
1420 2759 1429 2766 .

332 2821 446 2876 Καὶ
477 2785 700 2890 la);va
717 2819 908 2875 ἐποίει
936 2816 1010 2873 τὰ
1044 2791 1290 2888 θεμέλια
1319 2815 1430 2884 τῆς
1460 2814 1592 2887 γῆς.
1620 2816 1663 2868 Π
1675 2814 1766 2888 ρδς
1788 2815 1846 2870 δὲ

253 2914 350 2966 καὶ
385 2913 612 2983 ἡδραίου
643 2911 744 2982 τὴν
776 2911 948 2982 ρυτὴν
975 2909 1179 2965 τούτων
1207 2909 1390 2979 φύσιν,
1420 2907 1520 2980 τὴν
1547 2907 1718 2979 ξηρὰν
1745 2907 1842 2962 καὶ

253 3005 554 3076 κατωφερῆ
587 3006 691 3076 γῆν
726 3001 992 3076 θεμελιῶν
1015 3001 1248 3070 ἐπὶ-τῶν
1276 3001 1504 3056 ὑδάτων.

324 3178 392 3236 λ..
419 3180 624 3249 -Ημην
637 3181 774 3248 παρ’
793 3176 954 3246 αὐτῷ
971 3177 1331 3248 ἁρμόζουσα.
1359 3175 1653 3240 Συναῖδίως
1676 3175 1786 3246 ὐπῆ
1795 3193 1848 3246 ρ-

252 3289 350 3344 χον
399 3272 778 3343 ὁμοουσιότητι
819 3270 954 3342 παρ’
979 3269 1150 3341 αὐτῷ,
1188 3268 1546 3341 συναρμόζων
1597 3269 1696 3333 τὰς
1738 3268 1846 3322 τῶν
1882 3272 1888 3277 ’

250 3365 429 3418 ὄντων
480 3364 668 3428 οὐσίας
702 3365 816 3426 τοῖς
863 3361 960 3416 ἐπὶ
997 3360 1225 3425 ταύταις
1265 3360 1618 3430 προαιωνίοις
1649 3359 1846 3415 τούτου

250 3457 582 3525 θελήμασιν,
609 3457 668 3508 ὲν
699 3454 777 3524 τῷ
801 3453 945 3508 κατὰ
972 3445 1145 3506 ταῦτα
1185 3452 1400 3507 ἅπαντα
1428 3453 1685 3523 ὐφιστᾷν.

333 3570 485 3640 Ἐγὼ
532 3570 695 3640 ἥμην
737 3563 778 3642 ᾖ
811 3567 1172 3637 προσέχαιρε
1203 3568 1334 3622 καθ’
1380 3566 1631 3637 ἡμέραν.
1671 3565 1848 3629 Αὐτὸς

249 3664 508 3734 ὑπῆρχον
535 3657 579 3732 ᾧ
607 3661 728 3716 καθ’
761 3659 1000 3730 ἑκάστην
1029 3659 1138 3714 τῶν
1179 3660 1276 3730 τῆς
1313 3657 1678 3732 δημιουργίας
1706 3657 1845 3713 ἑπτά

246 3754 508 3824 ἡμερῶν.
545 3741 884 3825 ὲνηγάλ).ητο
941 3749 1355 3822 συμπληροῦντι
1395 3749 1554 3828 κατὰκ
1583 3750 1644 3804 τὸ
1696 3749 1847 3820 αὐτῷ

253 3853 522 3924 βουλητὸν
581 3853 650 3905 τὰ
701 3851 826 3906 καθ’
854 3850 1084 3914 ἕκαστα,
1109 3849 1203 3902 καὶ
1232 3847 1322 3901 διὰ
1348 3845 1552 3900 τούτων
1606 3845 1682 3910 ὡς
1711 3862 1850 3917 συμ-

253 3945 436 4000 ϐόλων
466 3943 853 4015 θεωρουμένῳ.

341 4062 451 4116 λα’.
479 4060 912 4130 Εὐφραινόμην
939 4059 1010 4112 δὲ
1054 4060 1125 4114 ἐν
1173 4054 1474 4127 προσώπῳ
1531 4052 1718 4109 αὑτοῦ
1738 4092 1752 4117 ,
1781 4052 1851 4108 ἐν

258 4155 440 4209 παντὶ
461 4154 670 4223 καιρῷ,
689 4154 787 4208 ὅτε
811 4154 1169 4224 εὐφραίνετο
1186 4151 1302 4219 τὴν
1317 4145 1682 4218 οἰκουμένην
1703 4159 1851 4198 συν-

258 4247 539 4314 τελέσας,
559 4247 658 4302 καὶ
674 4245 1032 4316 εὐφραίνετο
1055 4246 1124 4298 ἐν
1139 4243 1292 4309 υἱοῖς
1307 4241 1656 4310 ἀνθρώπων.
1692 4237 1854 4306 Ὅμο-

260 4339 422 4406 Θελὴς
445 4341 490 4394 δ’
528 4341 794 4410 ὑπάρχων
831 4337 1005 4409 αὐτῷ,
1030 4338 1106 4402 ὼς
1130 4337 1223 4390 καὶ
1238 4334 1550 4405 ὀμοούσιος,
1575 4327 1850 4403 ἠγαλλιώο

1943 525 2100 580 colas
2131 525 2434 596 possideat.

2015 616 2184 673 Vens.
2239 616 2330 672 27.
2369 614 2598 684 Quando
2668 612 3013 684 praeparabat
3055 609 3266 670 caelum,
3317 607 3534 662 aderam

1943 725 2064 764 cum
2102 709 2218 764 illo.
2275 708 2507 776 Quando
2565 706 2912 779 praeparabat
2965 702 3194 764 ecelum,
3225 701 3343 757 sole
3401 700 3588 780 illud,

1944 802 2074 858 luna
2107 810 2162 858 et
2183 801 2359 858 stellis
2383 801 2698 865 illustrans,
2733 799 3056 866 aderam,et
3092 810 3218 852 cum
3260 794 3353 848 illo
3384 795 3536 849 labo-

1945 897 2158 960 rabam,
2195 911 2320 951 cum
2357 896 2462 952 sim
2509 895 2586 950 illi
2631 890 3168 956 consubstantialis,‘
3195 897 3251 944 et
3296 903 3390 959 per
3449 902 3536 942 me

1946 988 2258 1046 subsistens
2291 987 2540 1058 potentia
2568 996 2624 1043 et
2651 985 2948 1058 sapientia.

2019 1079 2248 1146 Quando
2298 1079 2570 1135 constituit
2624 1078 2868 1132 thronum
2926 1085 3090 1130 auum’
3124 1090 3286 1144 super
3337 1082 3533 1128 ventae.

1947 1171 2198 1240 Quando,
2257 1171 2422 1242 regali
2474 1171 2595 1240 ejus
2655 1168 2924 1239 dignitate
2955 1181 3052 1238 per
3083 1181 3143 1222 se
3173 1165 3534 1230 subsistente,

1947 1262 2283 1320 sanctissimi
2337 1261 2578 1332 Spiritus
2622 1276 2689 1318 ex
2722 1262 2816 1316 illo
2858 1258 3208 1332 procedentis
3247 1269 3302 1314 et
3345 1257 3402 1312 in
3449 1271 3536 1312 me

1948 1354 2496 1412 consubstantialiter
2536 1354 2935 1424 requiescentis
2974 1352 3208 1424 gratiam
3235 1364 3534 1407 consecra-

1903 1510 1909 1516 _
1947 1448 2062 1510 bat,
2095 1457 2152 1502 ut
2185 1447 2242 1502 in
2281 1447 2548 1518 angelicis
2579 1455 2632 1502 et
2664 1444 2984 1502 coelestibus
3037 1443 3323 1515 spiritibus
3378 1442 3536 1514 quie-

1949 1547 2148 1606 sceret,
2177 1538 2484 1596 concedens
2517 1537 2630 1594 illis
2651 1537 2773 1609 ejus
2809 1537 3259 1593 familiaritatem.

2019 1721 2188 1776 Vens.
2221 1720 2310 1776 28.
2354 1719 2582 1788 Quando
2635 1719 2834 1775 solidas
2880 1719 3078 1790 faceret
3134 1735 3251 1790 quae
3323 1737 3537 1774 sursum

1949 1824 2070 1869 sunt
2091 1813 2274 1878 nubes,
2303 1820 2353 1866 et
2385 1829 2597 1868 securos
2643 1811 2883 1868 redderet
2917 1815 3086 1884 {antes
3118 1812 3262 1868 illius
3294 1829 3412 1883 qua:
3441 1816 3538 1869 sub

1947 1908 2076 1962 caelo
2134 1916 2208 1961 est
2241 1904 2488 1977 regionis.
2539 1905 2608 1960 Et
2637 1904 2858 1976 quando
2917 1904 3121 1962 faceret
3160 1905 3386 1978 nebulas
3419 1923 3542 1977 qua:

1948 2005 2077 2055 sunt
2132 2013 2298 2068 super
2365 2007 2595 2065 terram,
2665 1996 2739 2052 ita
2789 2006 2849 2052 ut
2907 2011 3014 2052 non
3067 2004 3415 2067 rumpantur,
3486 2008 3541 2052 et

1947 2091 2105 2163 quasi
2133 2091 2568 2146 conservatrices
2589 2104 2856 2161 aquarum
2882 2087 3083 2152 fontes,
3112 2087 3204 2151 illa
3228 2087 3296 2144 ad
3339 2096 3539 2146 terram

1948 2181 2275 2253 irrigattdam
2294 2182 2518 2238 faceret.
2923 2181 2935 2188 ’

2021 2271 2183 2329 Vsus.
2217 2272 2310 2330 29.
2340 2271 2473 2328 Cum
2505 2273 2642 2327 mari
2673 2281 2889 2342 poneret
2913 2287 3070 2327 suum
3089 2272 3378 2327 dominium
3413 2273 3541 2326 mi-

1946 2372 2110 2417 ctum.
2148 2361 2213 2417 Et
2245 2361 2469 2433 quando
2499 2361 2806 2432 imperabat
2839 2361 2978 2416 mari
3013 2377 3081 2417 ne
3113 2362 3376 2418 terminos
3407 2378 3541 2418 suos

1947 2455 2230 2511 transiret.
2264 2455 2331 2511 Et
2379 2453 2585 2510 idcirco
2630 2453 2921 2524 imperium
2993 2453 3118 2524 ejus
3166 2469 3276 2510 non
3332 2453 3542 2509 violant

1947 2561 2102 2618 aqua:
2144 2547 2332 2614 maris,
2366 2546 2460 2603 sed
2492 2547 2544 2600 in
2581 2547 2758 2618 seipsa
2796 2544 2996 2602 ﬂuctus
3055 2561 3190 2604 suos
3231 2545 3538 2618 frangunt).

2019 2845 2088 2900 Et
2143 2815 2322 2913 ﬁrma.
2362 2851 2574 2912 poneret
2635 2845 2986 2912 fundamenta
3073 2825 3247 2895 terrm.
3308 2837 3541 2908 Insuper

1951 2935 2172 3008 quando
2209 2934 2464 2988 ﬁrmabat
2491 2941 2746 2988 naturam
2780 2933 3001 2986 illorum
3045 2931 3291 2994 ﬂuidam,
3331 2938 3539 2985 terram

1949 3027 2154 3084 siccam
2185 3033 2384 3096 etquae
2413 3023 2480 3079 ad
2515 3022 2776 3080 inferiora
2815 3021 3012 3088 tendit,
3047 3037 3146 3093 pro
3182 3019 3542 3076 fundamento

1875 3120 1918 3179 C
1953 3117 2137 3190 posuit
2165 3131 2333 3188 super
2374 3129 2567 3186 aquas.

2027 3209 2201 3265 Vsus.
2229 3209 2320 3264 ‘50.
2360 3209 2594 3263 Aderam
2643 3211 2955 3276 componens
2995 3222 3115 3260 cum
3146 3221 3228 3260 eo.
3275 3204 3543 3259 Caeterum

1952 3308 2177 3364 aderam
2215 3306 2298 3362 illi
2345 3303 2942 3365 consubstantialitate,
2995 3313 3331 3371 componens
3362 3296 3550 3352 rerum

1950 3399 2247 3458 essentiam
2293 3413 2394 3468 per
2447 3397 2569 3466 ejus
2607 3395 2664 3450 in
2713 3393 2802 3450 bis
2829 3391 3143 3448 voluntates
3181 3405 3304 3462 quae
3345 3389 3546 3446 saecula

1948 3491 2288 3565 praecedunt,
2321 3497 2382 3544 ut
2410 3489 2592 3556 omnia
2619 3485 2922 3545 secundum
2943 3499 3008 3540 ea
3037 3483 3370 3540 subsistant.

2024 3605 2149 3673 Ipse
2176 3603 2396 3658 aderam
2439 3617 2558 3656 cum
2588 3597 2840 3671 gauderet
2873 3595 3163 3653 secundum
3214 3595 3351 3650 diem
3383 3593 3545 3668 (quo-

1950 3696 2128 3769 tidie).
2171 3695 2292 3766 ipse
2321 3693 2572 3760 aderam,
2622 3691 2846 3763 quando
2877 3691 2932 3745 in
2972 3704 3304 3759 unaquaque
3337 3696 3544 3760 septem

1953 3790 2168 3846 dierum
2221 3787 2500 3844 creatione
2533 3783 2800 3858 gauderet
2837 3797 2964 3840 cum
3017 3781 3306 3852 perliceret
3349 3795 3547 3838 secun-

1951 3882 2082 3937 dum
2129 3879 2473 3936 voluntatem
2541 3876 2725 3932 omnia
2781 3875 2930 3932 circa
2979 3877 3432 3947 unumquodque,
3490 3884 3546 3930 et

1951 3990 2048 4046 per
2073 3987 2137 4028 ea
2166 3980 2425 4042 tanquam
2457 3983 2554 4041 per
2583 3968 2832 4041 symbola
2867 3976 3316 4039 cognosceretur.

2023 4085 2194 4142 Vens.
2230 4085 2321 4142 5i.
2355 4083 2665 4141 Gaudebam
2713 4094 2834 4138 ante
2888 4082 3089 4153 faciem
3147 4083 3285 4152 ejus,
3317 4085 3372 4138 in
3405 4085 3548 4138 omni

1953 4189 2183 4251 tempore
2227 4194 2330 4250 quo
2381 4177 2745 4232 delectabatur
2797 4183 2997 4229 terram
3047 4175 3350 4245 perﬁciam,
3397 4183 3449 4230 et
3494 4175 3550 4230 in

1952 4273 2082 4345 ﬁliis
2106 4272 2380 4327 hominum
2425 4269 2811 4326 oblectabatur.
2842 4267 3044 4324 Eadem
3078 4283 3146 4323 ac
3184 4268 3304 4340 ipse
3338 4269 3548 4332 volens,

1953 4373 2016 4422 ut
2059 4362 2568 4429 consubstantialis,
2619 4360 2924 4434 gaudebam
2964 4369 3020 4417 et
3065 4375 3184 4431 Ipse
3236 4375 3424 4417 coram
3481 4377 3548 4418 eo

262 4449 374 4502 μην
427 4432 521 4486 καὶ
568 4433 732 4495 αὐτὸς
783 4429 1017 4484 ἐνώπιον
1047 4429 1240 4483 τούτου
1272 4427 1363 4480 διὰ
1391 4425 1620 4490 παντὸς,
1647 4423 1847 4476 ὁπόταν

1968 4457 2026 4512 de
2085 4455 2364 4522 omnibus,
2419 4423 2648 4525 quandi;
2701 4423 3314 4508 delectabatur-omnia
3365 4449 3548 4523 perfeo

256 4521 618 4596 ἤγαλλύνετο,
647 4524 962 4596 ἀπαρτίσας
1013 4525 1080 4595 τῇ
1130 4524 1189 4575 ὲν
1248 4519 1529 4591 Πνεύματι
1572 4516 1852 4584 τελειώσει

255 4619 378 4672 τότε
415 4618 476 4672 τὸ
509 4619 618 4672 πᾶν
644 4633 660 4650 ο
691 4618 787 4672 καὶ
817 4616 1038 4688 ἔχαιρεν
1062 4614 1158 4669 ἐπὶ
1189 4616 1256 4686 τῇ
1286 4611 1381 4666 τοῦ
1413 4613 1606 4682 γένους
1629 4610 1739 4664 τῶν
1767 4611 1854 4664 ἁν-

257 4711 498 4791 ὐρώπων
524 4711 854 4781 παραγωγῇ,
880 4704 1337 4770 ἀποτελεσθέντος
1361 4707 1483 4759 κατ’
1502 4703 1689 4758 εἰκόνα
1707 4705 1742 4774 ἡ
1756 4718 1853 4773 μευ
1904 4743 1910 4748 .

257 4801 426 4872 τέραν
451 4799 546 4854 καὶ
578 4797 700 4852 καθ’
730 4795 1010 4868 ὁμοίωσιν.

327 4915 433 4990 λβ’.
462 4917 594 4971 Νῦν
615 4911 748 4980 οὖν,
783 4912 896 4980 υἱὲ,
928 4911 1113 4967 ἄκουέ
1150 4929 1293 4982 μου,
1335 4911 1432 4966 καὶ
1473 4911 1754 4982 μακάριοι
1797 4908 1854 4962 οἳ

257 5009 442 5076 ὁδούς
463 5025 584 5078 μου
607 5006 1194 5077 φυ.2ἁξουσιν.”Αρτι
1223 5005 1424 5070 τοίνυν,
1456 5003 1590 5073 ὲμδν
1624 5002 1852 5074 θρέμμα

260 5101 354 5154 καὶ
379 5100 682 5170 παίδευμα,
730 5096 920 5152 πείθου
973 5113 1100 5169 μοι·
1127 5096 1224 5150 καὶ
1275 5097 1385 5168 γὰρ
1425 5095 1768 5162 άξιὲπαινοι,
1800 5093 1849 5147 οἳ

260 5192 582 5256 πεισθέντες
646 5208 760 5262 μοι,
797 5191 1100 5263 τηρήσουσι
1146 5189 1244 5250 τὰς
1301 5189 1439 5261 εμὰς
1491 5186 1712 5252 ἐντολὰς
1741 5187 1852 5242 λοι-

260 5282 382 5338 πόν.

327 5393 430 5462 λγν.
473 5394 804 5450 Ἀκούσατε
855 5393 1157 5459 παιδείαν,
1207 5395 1307 5449 καὶ
1357 5394 1720 5464 σοφίσθητε,
1748 5395 1846 5448 καὶ

255 5482 341 5552 μὴ
376 5486 788 5556 ἀποφραγῆτε.
826 5485 1165 5558 Παιδεύθητε
1197 5485 1405 5549 ταύτας
1457 5486 1720 5552 ἅπαντες,
1753 5487 1848 5540 καὶ

264 5576 566 5730 ἕετάσχετέ
605 5595 732 5650 μου,
773 5577 865 5632 καὶ
903 5578 1003 5642 τὰς
1051 5577 1194 5651 ἐμὰς
1223 5579 1467 5644 εἰσόδους
1499 5581 1574 5650 μὴ
1596 5579 1845 5650 ἀποφρά-

297 5683 411 5730 ητε.

297 5683 411 5735 ητε.

335 5757 426 5814 λδ’.
445 5761 746 5833 Μακάριος
769 5763 947 5834 ἀνὴρ,
971 5764 1038 5832 ὃς
1065 5765 1490 5821 εὶσακούσεταί
1533 5782 1672 5835 μου.
1711 5765 1762 5818 ’Λ
1775 5763 1842 5830 ξι-

1957 4551 2144 4606 ctione
2173 4549 2402 4619 spiritus
2431 4545 2852 4618 componendo;
2881 4554 2937 4602 et
2962 4545 3345 4602 exsultabatin
3371 4545 3548 4601 homi-

1955 4658 2085 4699 num
2131 4649 2342 4697 natura:
2398 4639 2791 4711 productione,
2844 4637 3004 4694 facta:
3050 4639 3119 4695 ad
3166 4639 3458 4711 imaginem
3493 4647 3546 4694 et

1953 4741 2204 4790 nostram
2245 4728 2688 4787 similitudinem.

2025 4927 2196 4984 Vsus.
2260 4926 2350 4983 52.
2415 4923 2574 4980 Nunc
2629 4940 2776 4996 ergo,
2829 4919 2996 4989 audi,’
3025 4922 3108 4992 [ili
3172 4921 3266 4986 mi,
3315 4928 3364 4975 et
3408 4919 3546 4974 beati

1952 5023 2044 5092 qui
2065 5022 2178 5076 viae
2223 5035 2366 5074 meas
2395 5017 2722 5073 custodiunt.
2777 5016 2922 5087 Ergo
2977 5028 3147 5084 genus
3179 5019 3236 5068 et
3270 5011 3542 5081 discipule

1953 5111 2200 5179 mi,audi
2245 5127 2368 5178 me;
2402 5118 2458 5167 et
2501 5109 2707 5172 felices,
2768 5108 2863 5179 qui
2928 5121 3017 5163 me
3050 5105 3360 5172 audientes,
3389 5119 3544 5160 meas

1951 5207 2264 5262 voluntates
2307 5203 2630 5260 custodiunt
2659 5214 2902 5272 semper.

2022 5404 2193 5462 Vens.
2236 5406 2345 5479 55..
2378 5405 2572 5460 Audite
2621 5402 2988 5473 disciplinam,
3040 5409 3093 5458 et
3145 5401 3412 5471 sapientes
3459 5415 3540 5455 eeo

1951 5507 2076 5558 tote,
2101 5507 2151 5553 et
2183 5514 2246 5554 ne
2265 5497 2639 5554 obstruamini.
2667 5495 2874 5552 Discite
2912 5495 3053 5561 inec,
3089 5509 3308 5559 omnes,
3339 5500 3395 5549 et
3425 5488 3536 5553 mei

1949 5589 2248 5660 participes
2300 5594 2497 5654 estote,
2547 5597 2602 5644 et
2639 5587 2923 5660 ingressus
2973 5601 3127 5643 meos
3155 5602 3223 5642 ne
3273 5585 3530 5642 οὶ›ειιύιι‹

1951 5682 2044 5739 tis.
2465 5663 2472 5671 ’
2802 5663 2807 5670 ’

2025 5773 2222 5830 Beatus
2259 5775 2437 5841 homo,
2472 5763 2564 5839 qui
2586 5789 2666 5828 me
2690 5772 2864 5830 audit.
2895 5771 3069 5839 Felix,
3095 5771 3190 5842 qui
3217 5763 3522 5842 cupiditati!
