3958 6390
249 286 373 352 1301

1268 283 1808 344 COMMENTARII
1843 284 1922 344 1N
1952 287 2412 350 PROYERB’IA.

3399 288 3535 352 1302
3599 283 3601 286 ⁴

242 410 346 476 γὰρ
387 403 491 474 τὴν
526 399 625 471 μὲν
666 398 811 454 κατὰ
849 400 950 471 τὴν
996 400 1310 472 πρακτικὴν
1365 402 1684 472 φιλοσοφίας
1726 402 1826 456 κά-

1968 405 2290 476 hilosopltia:
2319 413 2641 478 operantur,
2658 415 2710 462 et
2736 405 2920 471 timor,
2939 405 3147 462 docens
3177 405 3530 476 cupiditatem

247 499 437 570 θαρσιν
463 492 816 565 ἐργάζονται,
844 494 873 547 ὅ
915 509 971 546 τε
1009 491 1175 561 φόόος
1211 491 1416 548 πείθων
1443 494 1552 546 ἀπὸ
1593 494 1703 548 τῶν
1733 510 1834 548 πα-

247 588 355 644 θῶν
414 584 882 656 ὲγκρατεύεσθαι,
938 583 1037 638 καὶ
1087 585 1121 655 ἡ
1173 585 1456 656 ἐπιστήμη
1516 585 1837 640 ὑπατιθεῖσα

247 681 373 744 τοὺς
415 677 517 748 τῆς
571 675 896 748 καθάρσεως
944 676 1208 748 τρόπους,
1269 677 1366 730 καὶ⁷
1421 678 1454 747 ἠ
1512 677 1716 746 γνῶσις
1761 677 1838 750 μὴ

247 771 462 839 ἀγνοεῖν
494 765 856 838 συγχωροῦσα
884 769 984 832 τὰς
1013 767 1312 830 ἐπιϐουλὰς
1347 767 1443 822 τοῦ
1485 767 1738 840 Ἐχθροῦ.

321 858 426 912 Τὸν
457 855 515 910 δὲ
561 855 704 909 κατὰ
733 856 831 926 τὴν
863 855 1103 928 φυσικὴν
1139 859 1200 912 ὲν
1239 853 1511 928 πνεύματι
1557 859 1839 931 φωτισμὸν

249 947 632 1019 κατορθοῦσιν,
650 948 686 1020 ἧ
705 963 764 1000 τε
789 949 941 1018 ἰσχὺς
961 947 1229 1020 προθύμω
1240 969 1257 1012 ;
1275 951 1451 1023 όρμᾷν
1466 951 1560 1004 καὶ
1572 951 1840 1006 κινεῖσθαι

251 1038 753 1112 παρασκευάζουσα
820 1039 960 1110 πρὸς
1001 1041 1130 1104 τοὺς
1173 1040 1368 1110 λόγους
1406 1041 1516 1096 τῶν
1569 1042 1739 1097 ὄντων
1772 1044 1843 1098 τὰ

249 1134 368 1188 θεῖα
407 1133 624 1195 πάντως
665 1130 971 1202 θελήματα,
1001 1133 1124 1187 καθ’
1153 1133 1190 1188 ἃ.
1210 1133 1280 1188 τὰ
1318 1134 1498 1190 πάντα
1543 1136 1805 1205 γεγόνασι
1825 1152 1839 1169 ·

247 1225 340 1280 καὶ
385 1224 418 1294 ἡ
462 1222 628 1295 βουλὴ
675 1223 1001 1294 διακρίνασα
1048 1223 1117 1278 τὰ
1145 1225 1374 1281 τοιαῦτα
1415 1227 1713 1296 πανάγαθα
1743 1229 1840 1282 τοῦ

245 1313 380 1368 Θεοῦ
407 1312 720 1385 θελήματα,
742 1311 819 1377 ὡς
841 1312 918 1384 μὴ
943 1314 1198 1386 ἠργμένα
1215 1317 1310 1369 καὶ
1333 1315 1609 1388 ἄφθαρτα,
1634 1320 1728 1372 καί⁵
1759 1320 1842 1373 ὲν-

243 1404 512 1476 δεχόμενα
557 1401 798 1456 νοεῖσθαι
847 1403 942 1456 καὶ
1007 1403 1287 1460 λαλεῖσθαι
1334 1406 1427 1460 καὶ
1476 1407 1848 1478 προίττεσοαι⁸

241 1495 348 1549 ἀπὸ
371 1492 488 1546 τῶν
523 1493 602 1564 μὴ
647 1492 906 1547 τοιούτων
929 1509 943 1523 ·
978 1496 1074 1548 καὶ
1111 1498 1146 1566 ἡ
1179 1496 1396 1561 σύνεσις
1417 1537 1432 1562 ,
1471 1500 1611 1572 πρὸς
1645 1498 1842 1567 ταῦτα,

241 1588 333 1642 καὶ
358 1585 438 1658 μὴ
473 1586 612 1658 πρὸς
644 1585 715 1640 τὰ
739 1586 960 1642 ἐναντία
1005 1589 1241 1642 ποιοῦσα
1287 1589 1564 1645 συννεύειν
1593 1590 1690 1644 καὶ
1719 1609 1844 1645 συν-

243 1679 744 1751 διατίθεσθαιοτὴν
799 1679 856 1732 δὲ
909 1681 1052 1735 κατὰ
1096 1679 1200 1750 τὴν
1247 1682 1517 1755 μυστικὴν
1566 1664 1846 1748 θεολογίαν

1939 496 2250 559 continere,
2318 501 2372 550 et
2435 493 2828 578 intelligentia,
2889 493 3083 548 modos
3135 495 3532 563 puriﬁcationis

1939 581 2264 648 ostendens,
2321 591 2376 638 et
2433 581 2692 647 scientia,
2749 581 2955 638 docens
3009 581 3287 653 quomodo
3331 583 3534 646 diaboli

1939 671 2171 728 insidias
2216 681 2598 745 recognoscat.

2013 849 2079 904 Et
2111 849 2460 922 splendorem
2518 850 2752 923 spiritus
2799 849 3111 907 naturalem
3160 846 3434 914 exaltant,
3473 859 3534 904 et
3598 887 3608 894 -

1941 943 2143 1008 virtus,
2209 943 2512 1014 disponens
2563 944 2628 998 ad
2663 943 3020 1015 quaerendum
3058 958 3184 998 cum
3223 941 3438 998 fervore
3481 950 3535 998 et

1941 1031 2389 1098 desiderandum,
2422 1032 2727 1089 secundum
2771 1048 2950 1088 rerum
3009 1032 3274 1098 rationes,
3309 1035 3535 1088 omnino

1943 1125 2162 1182 divinas
2229 1125 2562 1194 voluntates,
2615 1125 2920 1181 secundum
2967 1139 3106 1194 quas
3151 1126 3336 1180 omnia
3387 1123 3535 1178 laeta

1945 1229 2100 1286 sunt,
2131 1228 2186 1275 et
2219 1219 2536 1282 consilium,
2569 1219 2896 1276 discernens
2931 1219 3000 1275 ab
3027 1219 3243 1290 iisquae
3276 1219 3410 1274 tales
3425 1233 3533 1273 non

1945 1318 2098 1374 sunt,
2123 1309 2512 1367 sanctissimas
2537 1307 2633 1365 Dei
2662 1311 3002 1376 voluntates,
3029 1318 3288 1380 tanquam
3323 1311 3534 1364 increa-

1946 1409 2030 1457 tas
2063 1409 2118 1458 et
2145 1401 2512 1466 immortales,
2537 1473 2542 1480 _
2567 1409 2622 1457 et
2675 1401 2932 1472 cogitari,
2990 1409 3045 1457 et
3081 1416 3176 1458 ore
3205 1399 3438 1472 proferri
3479 1409 3536 1458 et

1949 1491 2064 1548 ﬁeri
2099 1491 2432 1562 recipientes
2463 1509 2477 1547 :
2533 1498 2590 1548 et
2624 1491 2941 1562 prudentia,
2979 1492 3298 1547 consentire
3345 1500 3402 1546 et
3442 1506 3534 1547 aea

1947 1587 2237 1653 quiescere
2269 1579 2484 1637 faciens
2513 1579 2581 1636 ad
2610 1581 2750 1637 istas
2780 1588 2835 1636 et
2863 1595 2970 1636 non
2997 1583 3065 1637 ad
3103 1583 3331 1648 alteras;
3361 1581 3542 1652 perte:

1947 1676 2186 1731 ctionem
2221 1688 2355 1730 vero
2392 1689 2518 1745 quae
2549 1682 2636 1729 est
2659 1673 2966 1730 secundum
3001 1674 3290 1746 mysticam
3325 1674 3538 1729 theolo-

243 1771 557 1838 τελείωσιν,
597 1771 630 1841 ή
681 1749 804 1825 θεία
857 1770 998 1842 μόνη
1051 1749 1212 1840 σοφία
1249 1749 1580 1844 -χαρίζεται,
1625 1774 1842 1845 μέθεξιν

1964 1767 2117 1837 giam,
2147 1763 2266 1820 sola
2285 1764 2471 1820 divina
2492 1764 2661 1820 donat
2685 1765 2984 1836 sapientia,
3013 1764 3224 1822 scilicet
3257 1765 3383 1820 vitae
3409 1779 3538 1836 par-

237 1863 330 1916 τοῦ
360 1862 490 1934 βίου
516 1862 892 1932 παρεχομένη.

313 1951 378 2023 β’.
407 1950 696 2021 Ἐσφαξε
725 1953 796 2006 τὰ
819 1951 1042 2020 ἐαύτῆς
1066 1952 1321 2021 θύματα.
1361 1951 1518 2007 Οῦτω
1553 1957 1666 2016 τοῖς
1704 1955 1846 2009 ἑπτὰ

238 2043 330 2106 τοῦ
364 2043 648 2114 παναιτίου
679 2041 996 2114 Πνεύματος
1035 2043 1374 2116 χαρίσμασιν
1398 2047 1427 2099 ό
1455 2045 1550 2100 τοῦ
1581 2047 1718 2116 Θεοῦ,
1739 2049 1844 2102 Λό-

239 2156 333 2208 γος
361 2139 694 2212 οἰκητήριον
723 2135 903 2208 ἑαυτῷ
929 2137 1393 2208 ἀπεργασάμενος
1413 2137 1506 2191 τὸν
1533 2138 1842 2211 ἄνθρωπον,

241 2233 572 2285 ἀπέκτεινεν
603 2232 662 2284 ἐν
689 2227 842 2300 αὐτῷ
875 2232 942 2300 τῇ
983 2229 1236 2301 μαχαίρᾳ
1260 2233 1326 2301 τῇ
1369 2229 1465 2284 τοῦ
1499 2233 1843 2304 Πνεύματος,

195 2354 214 2362 -
239 2319 338 2393 τῆς
365 2321 716 2393 φαινομένης
740 2321 976 2384 κτίσεως
997 2321 1098 2392 τὴν
1127 2320 1342 2392 κίνησιν
1374 2323 1468 2376 καὶ
1487 2323 1558 2376 τὰ
1587 2325 1846 2396 σχήματα

242 2413 334 2467 καὶ
369 2411 551 2484 αὐτὴν
573 2411 672 2484 τὴν
699 2410 808 2464 τῶν
839 2409 1011 2464 ὄντων
1039 2411 1231 2465 οὐσίαν
1255 2427 1269 2443 ·
1301 2412 1586 2485 νεκρώσας
1615 2415 1712 2486 τὴν
1739 2419 1844 2487 έμ-

245 2504 394 2576 mea
445 2505 673 2576 περὶτὰ
717 2503 1024 2575 φαινόμενα
1061 2504 1304 2560 διάθεσιν
1353 2504 1554 2574 αὑτοῦ,
1607 2509 1704 2562 καὶ
1749 2509 1848 2580 τὴν

245 2598 414 2670 ψευδῆ
463 2598 594 2670 περὶ
620 2597 728 2653 τῶν
753 2597 924 2652 ὄντων
951 2596 1134 2665 δόξαν,
1166 2597 1262 2654 καὶ
1294 2599 1396 2669 τὴν
1419 2599 1685 2656 πολύοεον
1715 2601 1851 2656 πλόι-

249 2713 366 2768 νην.

329 2787 658 2856 Ἐκέρασεν
685 2790 768 2854 είς
805 2783 1073 2856 κρατῆρα
1117 2789 1224 2842 τὸν
1256 2787 1480 2858 ἑαυτῆς
1512 2784 1681 2844 οἶνον
1703 2807 1716 2822 ·
1751 2789 1852 2844 καὶ

252 2875 628 2947 ἡτοιμάσατο
658 2875 776 2944 τὴν
805 2877 1028 2947 ἑαυτῆς
1064 2876 1375 2947 τράπεζαν.
1421 2879 1528 2948 Kal.
1553 2880 1766 2950 ἥνωσεν
1792 2881 1850 2934 ὲν

254 2969 330 3039 τῷ
360 2968 590 3039 τοιούτῳ
627 2968 900 3040 ἀνθρώπῳ
919 3011 935 3034 ,
973 2970 1030 3022 ὲν
1057 2961 1103 3038 ᾧ
1131 2969 1206 3034 ὥς
1237 2985 1343 3024 τινι
1375 2969 1612 3041 κρατῆρι
1658 2973 1848 3043 κιρνᾶ-

1947 1857 2350 1926 ticipationem.

2012 1947 2182 2004 Vens.
2233 1949 2290 2004 2.
2345 1946 2654 2004 Immolavit
2683 1949 2925 2005 victimas
2966 1965 3118 2004 snas.
3171 1949 3263 2005 Sic
3297 1964 3396 2020 per
3452 1965 3540 2006 se-

1949 2045 2095 2108 ptem
2117 2037 2507 2096 sanctisissimi
2525 2035 2768 2106 Spiritus
2791 2035 3152 2103 charismata,
3176 2037 3270 2092 Dei
3298 2027 3543 2092 Verbum

1947 2126 2054 2182 sibi
2107 2126 2444 2182 habitualem
2505 2125 2718 2182 faciens
2751 2125 3056 2191 hominem,
3101 2125 3354 2181 extendit
3387 2126 3440 2180 in
3473 2140 3538 2181 eo

1949 2219 2130 2292 gladio
2157 2220 2409 2290 spiritus,
2438 2217 2674 2275 visibilis
2729 2216 3031 2274 creationis
3087 2225 3318 2283 motum,
3341 2227 3396 2273 et
3423 2217 3541 2272 for-

1949 2327 2118 2377 mam,
2145 2321 2200 2368 et
2224 2328 2406 2368 rerum
2441 2311 2809 2369 Subslantiam
2843 2331 2856 2366 :
2889 2309 3232 2366 mortiﬁcans
3264 2309 3537 2365 turbatam

1950 2418 2080 2474 erga
2137 2403 2380 2460 visibilia
2423 2401 2796 2470 aﬂectionem,
2843 2411 2898 2459 et
2951 2402 3200 2460 fallacem
3255 2401 3325 2458 de
3373 2401 3538 2458 rebus

1951 2499 2334 2569 gloriationem
2369 2507 2425 2556 et
2455 2499 2806 2571 polythcismi
2833 2514 3094 2555 errorem.

2023 2765 2244 2822 Miscuit
2282 2766 2334 2820 in
2365 2775 2575 2821 cratera
2601 2767 2779 2822 vinum
2821 2782 3020 2833 suum;
3058 2774 3108 2820 et
3141 2766 3351 2837 paravit
3394 2782 3540 2821 men-

1951 2875 2066 2912 sam
2101 2875 2274 2912 inani.
2307 2857 2374 2912 Et
2399 2859 2572 2912 univit
2602 2859 2657 2912 in
2701 2857 2792 2912 tali
2843 2858 3086 2924 homine,
3145 2858 3198 2912 in
3244 2872 3376 2928 quo,
3424 2869 3542 2912 tan-

1953 2966 2118 3022 quam
2157 2951 2210 3004 in
2245 2958 2465 3006 cratera
2499 2949 2766 3006 miscetur
2811 2950 3118 3021 spiritualis
3147 2957 3208 3005 et
3236 2952 3542 3020 corporalis

255 3077 348 3118 ται
375 3064 408 3132 ἡ
439 3062 605 3132 νοητὴ
638 3063 732 3116 καὶ
765 3062 1000 3134 αἰσθητὴ
1036 3061 1201 3133 φύσις
1247 3065 1313 3134 τῇ
1374 3040 1482 3117 τῶν
1508 3063 1679 3116 ὄντων
1705 3040 1846 3133 γνώ-

1964 3051 2179 3108 natura,
2261 3057 2445 3098 rerum
2537 3043 2807 3106 scientiae,
2863 3043 3130 3114 suiipsius
3187 3049 3244 3096 ut
3295 3040 3540 3096 omnium

1964 3137 2201 3155 ---Αιλ-ε-
2249 3136 2520 3155 _‘.!.2_--_a
2571 3151 2678 3155 ..μμ
2744 3135 3154 3155 2--.-112ῌμ--.εΑ..,
3210 3132 3338 3155 P-_2n
3419 3143 3508 3155 ι-..

259 3171 365 3218 σει,
399 3155 499 3226 τὴν
532 3155 728 3209 ἑαυτοῦ
763 3155 836 3219 ὡς
871 3155 1089 3211 πάντων
1118 3157 1293 3210 αίτίου
1349 3155 1684 3225 ἐπίγνωσιν,
1722 3157 1846 3227 ἥτις

255 3246 471 3314 πέφυκε
502 3246 594 3299 τὸν
623 3247 749 3302 νοῦν
815 3247 1036 3302 πάντων
1063 3247 1172 3302 τῶν
1200 3247 1340 3318 μετὰ
1363 3247 1498 3302 Θεὸν
1519 3247 1676 3318 δίκην
1707 3249 1852 3302 οἴνου

248 3337 477 3408 ὲξιστᾷν
493 3337 636 3390 ·-καὶ
669 3337 815 3391 οὕτω
843 3339 911 3391 δι’
933 3339 1154 3404 ἑαυτοῦ,
1177 3339 1344 3410 ἄρτου
1365 3341 1622 3410 οὐρανίου
1649 3342 1855 3411 τυγχά-

245 3443 442 3491 νοντος
461 3469 476 3493 ,
509 3427 686 3497 ψυχὰς
717 3430 836 3482 κατ’
863 3429 1068 3500 ἀρετὴν
1101 3429 1394 3500 τρέφοντος
1419 3469 1434 3493 ,
1473 3431 1616 3484 κατὰ
1651 3430 1853 3498 γνῶσιν

239 3519 463 3581 ταύτας
492 3519 802 3583 ποτίζοντος
828 3520 924 3573 καὶ
957 3519 1344 3590 εὐφραίνοντος
1364 3559 1380 3586 ,
1408 3520 1530 3573 τόδε
1563 3520 1623 3573 τὸ
1648 3522 1758 3574 πᾶν
1779 3520 1853 3584 ὣς

235 3627 361 3664 τινα
393 3611 738 3665 -ιτανδαισίαν
758 3612 1082 3678 εὐτρέπισεν
1109 3613 1190 3676 είς
1215 3611 1592 3683 πνευματικὴν
1619 3613 1854 3683 εὐωχίαν

238 3703 349 3758 τῶν
383 3701 741 3773 βουλομένων
780 3702 1226 3773 μεταλαμϐάνειν
1255 3702 1444 3757 αὐτοῦ.

311 3801 384 3866 γ’.
443 3793 791 3849 Ἀπέστειλε
842 3793 984 3862 τοὺς
1029 3793 1256 3862 ἑαυτῆς
1307 3794 1572 3860 δούλους
1622 3811 1853 3864 συτκα-

248 3887 458 3943 ,λοῦσά
502 3885 654 3956 μετὰ
696 3884 944 3954 ὑψηλοῦ
995 3889 1376 3956 κηρύγματος
1418 3885 1518 3939 ἐπὶ
1561 3885 1849 3954 κρατῆρα,

253 3982 548 4052 λέγουσα.
581 3979 835 4050 Ἕπεμψέ
871 3994 932 4031 τε
966 3980 1092 4042 τοὺς
1127 3977 1201 4048 τῷ
1235 3978 1365 4048 θείῳ
1393 3978 1558 4032 αὐτοῦ
1583 3979 1852 4048 θελήματι

254 4069 711 4142 λειτουργοῦντας
757 4067 1114 4135 ἀποστόλους,
1165 4071 1304 4140 μετὰ
1343 4069 1438 4122 τοῦ
1492 4069 1853 4139 εὐαγγελικοῦ

257 4157 749 4234 κηρύγματος,τοῦ
777 4157 928 4222 ὄντος
946 4159 1086 4229 ὑπὲρ
1118 4157 1207 4210 τὸν
1237 4157 1485 4229 γραπτὸν
1507 4159 1602 4212 καὶ
1624 4160 1854 4228 φυσικὸν

257 4252 424 4320 νόμον
452 4250 527 4314 ὡς
558 4249 963 4319 πνευματικοῦ,
995 4248 1476 4320 προσκαλούμενος
1505 4248 1590 4318 ἐφ’
1617 4250 1812 4304 ἑαυτόν
1835 4267 1850 4281 ο

259 4341 319 4394 ὲν
339 4333 383 4408 ᾧ
402 4336 477 4401 ὥς
509 4354 616 4391 τινι
649 4336 890 4408 κρατῆρι
923 4339 1065 4392 κατὰ
1087 4337 1148 4390 τὸ
1169 4338 1270 4408 τῆς
1293 4339 1608 4410 οἰκονομίας
1643 4339 1852 4410 μυστή-

1958 3137 2204 3192 auctoris
2233 3136 2526 3204 notitiam;
2563 3151 2686 3207 quae
2744 3135 3159 3207 intelligentiam
3210 3132 3364 3195 facit.
3419 3143 3543 3188 tan-

1955 3244 2120 3300 quam
2145 3231 2274 3286 vino
2305 3230 2566 3286 inebriari
2596 3229 2685 3285 hic
2727 3244 2847 3298 quae
2876 3237 3006 3284 sunt
3044 3228 3192 3283 circa
3231 3227 3398 3284 Deum
3431 3246 3444 3282 :
3489 3236 3542 3284 et

1956 3325 2031 3380 ita
2061 3340 2159 3396 per
2188 3325 2461 3396 seipsum,
2491 3324 2585 3394 qui
2612 3331 2698 3378 est
2727 3323 2887 3393 panis
2921 3321 3191 3386 cmlestis,
3231 3323 3446 3376 animas
3485 3322 3540 3375 in

1957 3421 2160 3474 virtute
2188 3419 2460 3484 nutriens,
2493 3427 2546 3473 et
2589 3421 2644 3472 in
2693 3417 2948 3474 doctrina
2984 3416 3266 3473 inebrians
3307 3425 3364 3470 et
3393 3415 3542 3470 dele-

1883 3506 1888 3513 “
1955 3519 2135 3575 etans,
2175 3509 2292 3565 haec
2329 3509 2512 3563 omnia
2561 3518 2619 3563 ut
2646 3509 2840 3579 epulas
2886 3507 3130 3578 disponit
3172 3509 3236 3562 ad
3257 3507 3543 3578 spit'iluule

1955 3600 2295 3662 convivium,
2339 3601 2467 3655 huic
2503 3601 2820 3670 participari
2857 3597 3320 3656 desiderantium.

2027 3780 2200 3836 Vsus.
2249 3781 2304 3835 3.
2355 3779 2505 3834 Misit
2557 3795 2734 3834 servos
2786 3795 2910 3833 suos
2959 3794 3152 3833 vocans
3183 3796 3300 3833 cum
3343 3795 3539 3850 magna

1954 3873 2368 3943 praclamatione
2398 3871 2468 3925 ad
2505 3871 2774 3940 poculum,
2811 3869 3012 3924 dicens.
3063 3859 3218 3938 Misit“
3241 3872 3540 3940 Apostolus

1955 3965 2154 4020 divina:
2193 3964 2343 4018 illius
2381 3963 2647 4018 voluntati
2674 3963 3047 4018 deservientes
3074 3978 3198 4016 cum
3229 3964 3542 4034 evangelita

1956 4057 2408 4128 proclamatione,
2439 4070 2562 4125 qua:
2601 4067 2878 4124 tanquam,
2903 4067 2932 4106 a
2966 4054 3167 4124 spiritu
3203 4055 3429 4108 veniens
3463 4067 3546 4110 est

1957 4163 2123 4218 super
2147 4147 2411 4216 scriptam
2439 4153 2495 4200 et
2530 4145 2844 4200 naturalem
2885 4145 3082 4216 legem,
3124 4161 3328 4200 vocans
3359 4146 3425 4200 ad
3454 4163 3546 4201 se-

1957 4241 2136 4311 ipsum
2163 4258 2178 4307 ;
2217 4239 2272 4294 in
2299 4254 2408 4310 quo
2438 4245 2496 4292 nt
2524 4241 2578 4292 in
2607 4246 2849 4302 cratera,
2879 4253 2976 4308 per
2995 4235 3403 4292 lnca-rnationis
3431 4254 3547 4310 my.

1959 4331 2214 4397 sterium,
2247 4330 2389 4384 facta
2419 4335 2505 4384 est
2552 4327 2852 4384 secundum
2889 4326 3226 4398 hypostasim
3271 4327 3390 4382 sine
3417 4338 3582 4380 con—‘

261 4448 402 4504 ριον,
433 4431 468 4501 ἡ
500 4429 804 4501 παράδοξος
831 4429 1029 4500 κρᾶσις
1063 4429 1160 4500 τῆς
1193 4430 1344 4494 θείας
1378 4429 1592 4500 φύσεως
1624 4433 1719 4486 καὶ
1759 4435 1846 4502 τῆς

1966 4425 2182 4482 lusione
2207 4423 2478 4480 mirabilis
2504 4430 2718 4478 naturae
2741 4421 2940 4478 divinae
2965 4429 3021 4478 et
3043 4419 3300 4476 humanae
3329 4423 3540 4475 tuistio:

257 4520 614 4594 ἀνθρωπίνης
642 4521 966 4592 ἀσυγχύτως
995 4517 1117 4574 καθ’
1144 4521 1444 4576 ὑπόστασιν
1474 4521 1666 4592 γέγονε
1687 4540 1700 4554 ·
1725 4523 1852 4578 τάδε

259 4617 428 4668 οἱονεὶ
453 4613 522 4667 δι’
542 4612 722 4668 αὐτῶν
752 4613 984 4682 φάσκων
1011 4631 1028 4646 ο

339 4702 399 4758 δ’.
435 4702 542 4769 ’⁸ος
585 4704 716 4755 ἐστι
759 4702 964 4771 ἄφρων
988 4741 1004 4767 ,
1056 4701 1388 4758 ἐκκλινάτω
1440 4705 1590 4774 πρός
1629 4723 1726 4776 με.
1755 4707 1854 4771 Ὅς

219 4793 228 4801 ’
257 4799 416 4852 ἐστιν
444 4796 635 4868 ἄφρων
657 4836 672 4860 ,
713 4795 812 4854 διὰ.
831 4796 894 4849 τὸ
929 4795 1327 4866 διαλογίζεσθαι
1359 4798 1417 4851 ὲν
1448 4799 1650 4872 καρδίᾳ
1687 4801 1854 4855 αὐτοῦ

264 4891 342 4962 μὴ
371 4885 516 4944 εἷναι
549 4889 703 4955 Θεὸν,
731 4889 892 4960 ἀφεὶς
927 4889 1024 4960 τὴν
1048 4887 1258 4954 ἁθεῖαν,
1291 4890 1572 4960 ἐγγισάτω
1599 4909 1691 4962 μοι
1717 4893 1855 4948 κατὰ

261 4983 484 5036 πίστιν·
522 4981 618 5035 καὶ
651 4979 845 5051 γνώτω
885 4997 954 5051 με
987 4981 1324 5052 δημιουργὸν
1373 4981 1468 5034 τοῦ
1522 4983 1724 5048 παντὸς
1763 4986 1855 5039 καὶ

196 5067 204 5078 ’
260 5073 566 5146 Δεσπότην.
591 5066 596 5070 ’

333 5166 396 5223 ε’.
432 5167 543 5224 Καὶ
565 5165 689 5233 τοῖς
707 5165 944 5221 ὲνδεέσι
959 5163 1218 5236 φρενῶν,
1237 5163 1405 5222 εἶπεν
1420 5183 1433 5198 '
1460 5169 1728 5236 Ἕλθετε,
1747 5171 1858 5242 φά-

261 5279 400 5332 γετε
423 5260 528 5315 τόν
557 5261 704 5330 ἐμὸν
727 5249 929 5328 ἄρτον,
959 5259 1056 5312 καὶ
1087 5260 1254 5314 πίετε
1275 5261 1444 5316 οἶνον
1467 5262 1538 5316 ὃν
1565 5262 1860 5333 κεκέρακα

261 5354 432 5426 ὑμῖν.
475 5353 582 5408 Καὶ
610 5355 721 5416 τοῖς
751 5351 831 5406 ετι
860 5351 1139 5423 δεομένοις
1164 5351 1274 5407 τῶν
1296 5351 1474 5424 ἔργων
1497 5355 1596 5426 τῆς
1620 5355 1860 5420 πίστεως

265 5448 366 5504 καὶ
409 5453 504 5522 τῆς
535 5448 621 5500 ἐπ’
645 5446 832 5508 αὐτοῖς
855 5444 1192 5514 τελειοτέρας
1230 5443 1505 5514 γνώσεως,
1534 5446 1670 5517 ἔφη’
1695 5447 1860 5502 Δεῦτε

267 5540 473 5610 φάγετε
510 5537 572 5592 τὸ
605 5539 732 5588 κατ’
783 5535 983 5606 ἀρετὴν
1042 5533 1201 5606 δίκην
1249 5535 1414 5608 ἄρτου
1468 5537 1667 5608 τρέφον
1715 5538 1862 5607 ὑμᾶς

270 5627 434 5697 σῶμά
469 5641 601 5698 μου·
651 5621 746 5678 καὶ
797 5623 952 5677 πίετε
984 5621 1044 5676 τὸ
1074 5623 1216 5676 κατὰ
1248 5623 1450 5690 γνῶσιν
1511 5623 1666 5694 δίκην
1713 5623 1858 5678 οἴνου

269 5716 560 5790 εὐφραῖνον
595 5716 758 5787 ὑμᾶς,
792 5713 885 5769 καὶ
918 5715 1054 5786 πρὸς
1079 5715 1274 5768 θέωσιν
1307 5698 1532 5779 ἐξιστὼν
1561 5708 1705 5784 αἷμά
1735 5731 1856 5784 μου,

1961 4526 2014 4576 ct
2046 4517 2178 4574 talia
2210 4533 2308 4588 per
2341 4531 2438 4572 eos
2482 4516 2686 4570 clamat
2725 4532 2739 4568 :

2033 4692 2203 4748 Vens.
2237 4693 2290 4748 4.
2328 4691 2436 4758 Qui
2467 4701 2543 4746 est
2569 4691 2845 4760 insipiens,
2873 4690 3047 4745 veniat
3082 4691 3152 4744 ad
3178 4706 3277 4745 me.
3328 4688 3431 4756 Qui
3464 4699 3552 4745 est

1965 4785 2254 4856 insipiens,
2299 4782 2446 4853 quod
2483 4785 2540 4838 in
2576 4781 2743 4839 corde
2779 4783 2988 4854 cogitat
3030 4780 3203 4840 Deum
3250 4797 3359 4836 non
3395 4797 3546 4848 esse,

1963 4879 2231 4950 abjiciens
2283 4877 2644 4948 impietatem,
2687 4891 2785 4946 per
2808 4875 2968 4932 (idem
3003 4875 3070 4931 ad
3139 4891 3226 4930 me
3269 4875 3544 4930 declinet:

1963 4981 2019 5027 et
2043 4973 2184 5029 sciat
2212 4987 2300 5028 me
2331 4987 2454 5027 esse
2491 4971 2740 5026 omnium
2772 4970 3042 5027 factorem
3070 4979 3121 5024 et
3150 4969 3464 5023 Dominum.

2036 5149 2256 5208 Vsas.5.
2279 5149 2345 5204 Et
2376 5152 2443 5205 iis
2465 5153 2553 5220 qui
2577 5149 2816 5218 indigent
2833 5147 3118 5215 sapientia,
3143 5145 3270 5200 dicit
3297 5161 3317 5200 :
3347 5143 3548 5210 Venite,

1967 5245 2289 5300 manducata
2322 5257 2523 5296 mecum
2566 5255 2776 5309 partem,
2810 5249 2858 5293 et
2881 5238 3038 5292 bibite
3065 5238 3239 5293 vinum
3263 5238 3399 5307 quod
3425 5238 3554 5289 mis-

1968 5341 2055 5393 cui
2081 5337 2250 5392 vobis.
2285 5337 2352 5392 Et
2383 5338 2450 5394 iis
2487 5339 2581 5409 qui
2605 5335 2733 5392 ﬁdei
2760 5335 3019 5408 operibus
3050 5333 3321 5404 indigent,
3351 5343 3405 5390 et
3428 5348 3553 5404 per-

1971 5431 2226 5487 fectioris
2253 5431 2310 5486 in
2337 5431 2447 5487 illis
2471 5431 2742 5486 doctrinae
2790 5431 2902 5505 sint
2933 5446 2947 5483 :
2981 5426 3197 5494 Venite,
3225 5427 3548 5489 manducatq

1971 5539 2170 5596 corpus
2229 5537 2438 5589 meum,
2493 5521 2642 5592 quod
2679 5537 2776 5578 vos
2829 5519 3132 5577 secundum
3184 5520 3442 5576 virtutem
3483 5511 3544 5579 al

1973 5619 2148 5676 instar
2183 5617 2356 5690 .panis
2398 5619 2611 5684 nutrit;
2644 5625 2698 5672 et
2763 5615 2934 5671 bibite
2983 5614 3306 5686 sanguinem
3341 5625 3535 5684 meum,

1973 5712 2117 5782 quod
2146 5709 2450 5768 secundum
2491 5708 2800 5766 doctrinam
2845 5708 2914 5764 ad
2950 5707 3130 5765 instar
3158 5705 3268 5763 vini
3292 5745 3306 5774 ,
3334 5718 3432 5761 vos
3459 5703 3524 5761 de
