3958 6382
391 196 532 269 1333

1715 206 2067 268 PROCOPII
2103 207 2347 271 GAZ/EI

3527 217 3666 284 1304

385 320 569 379 tet-tat,
605 320 657 367 ct
693 313 761 368 ad
819 313 1220 371 deiﬁcationem
1284 317 1588 385 conducit;
1649 321 1961 390 sanguinem

2083 321 2109 374 ὃ
2137 327 2202 396 τῇ
2231 326 2444 396 θεότητι
2477 325 2792 397 παραδόξως
2822 328 3122 401 κεκέρακα,
3152 328 3240 385 διὰ
3263 330 3362 402 τὴν
3389 335 3665 404 σωτηρίαν

381 405 528 461 enim
581 407 744 463 modo
788 408 1024 462 mirabili
1083 408 1278 464 Deitati
1336 410 1558 478 miscui,
1615 411 1682 465 ad
1731 412 1969 468 salutem

378 507 655 554 vestram.

449 585 616 644 Vens.
653 587 707 646 6.
754 587 1054 660 Reiinquite
1081 591 1388 658 stultitiam,
1438 602 1488 647 et
1535 594 1732 648 vivatis.
1763 592 1968 648 Relin—

377 681 530 750 quite
566 683 1024 751 incredulitatem,
1057 693 1113 738 et
1141 685 1416 741 habebitis
1459 687 1760 756 spiritalem
1790 697 1843 742 et
1869 689 1970 741 im-

378 774 668 830 mortalem
699 773 887 829 vitam.

451 861 518 915 Et
551 874 769 934 quamle
789 861 1148 933 prudentiam,
1171 874 1226 919 ut
1258 867 1468 936 vivatis,
1499 880 1546 922 et
1579 873 1862 941 corrigatis
1889 873 1970 926 in.

379 955 716 1026 teliigentiam
738 957 792 1010 in
819 957 1082 1013 doctrina.
1114 958 1182 1012 Et
1209 962 1438 1030 quaerite
1470 964 1818 1032 prudentiam
1841 965 1967 1022 boni

376 1047 563 1116 praxis
599 1061 861 1114 causam;
907 1055 965 1101 nt
996 1050 1487 1119 castigatissimam
1522 1053 1666 1107 viam
1707 1055 1968 1124 acquira-

377 1142 471 1202 tis,
510 1146 565 1192 et
610 1136 664 1190 in
698 1139 928 1192 scientia
961 1139 1076 1193 veri
1124 1139 1250 1192 boni
1300 1140 1626 1209 proliciatis,
1670 1142 1735 1196 ad
1774 1143 1965 1212 triplex

374 1231 604 1294 bonum,
633 1227 835 1284 anima:
864 1229 1238 1300 prudentiam,
1266 1247 1431 1301 quam
1465 1247 1532 1286 ex
1568 1233 1672 1287 [ide
1715 1233 1962 1304 cepistis.

445 1410 608 1469 Vens.
642 1417 696 1470 7.
742 1415 849 1482 Qui
886 1416 1104 1486 corripit
1154 1421 1348 1483 malos,
1400 1418 1501 1473 sibi
1541 1429 1698 1488 parat
1742 1422 1967 1492 ignomi-

2076 415 2106 465 ὑ
2114 416 2232 485 μῶν
2240 456 2253 468 .

2149 599 2222 656 ς’.
2258 592 2603 650 Ἀπολίπετε
2630 595 3012 667 ἀφροσύνην,
3038 601 3138 654 καί
3161 599 3439 669 ζήσεσθε.
3479 604 3668 658 Κατα-

2071 682 2257 736 λίπετε
2306 685 2605 751 ἀπιστίαν,
2655 689 2752 741 καὶ
2801 689 2902 761 τὴν
2961 692 3340 764 πνευματικὴν
3383 689 3529 766 ζωὴν
3570 697 3668 749 καὶ

2071 773 2381 846 ἀνώλεθρον
2417 777 2592 844 ἕξετε.

2140 868 2250 922 Καὶ
2289 866 2582 934 ζητήσατε
2599 872 2922 940 φρόνησιν,
2951 875 3052 929 ἵνα
3071 875 3362 944 βιώσητε,
3393 879 3494 932 καὶ
3529 896 3669 932 κατ-

2071 960 2374 1026 ορθώσητε
2403 948 2666 1016 σύνεσιν
2710 964 2780 1017 ἐν
2826 965 3062 1034 γνώσει.
3107 968 3216 1022 Καὶ
3251 967 3528 1040 ποθήσατε
3565 973 3668 1038 τὴν

2070 1052 2167 1122 τῆς
2197 1052 2448 1122 πράξεως
2476 1053 2568 1106 τοῦ
2599 1053 2808 1123 ἀγαθοῦ
2844 1057 3024 1111 αἰτίαν
3053 1058 3348 1131 φρόνησὶν·
3380 1062 3532 1126 ὅπως
3563 1080 3666 1115 πο-

2069 1141 2276 1197 λιτείαν
2306 1144 2598 1215 ἄμεμπτον
2644 1147 2942 1218 κτήσησθε,
2975 1151 3069 1203 καὶ
3101 1151 3449 1224 ἀπαρτίσητε
3496 1155 3555 1206 ἐν
3598 1157 3666 1224 τῇ

2070 1234 2270 1304 γνώσει
2304 1234 2398 1288 τοῦ
2445 1235 2614 1300 ὄντως
2661 1237 2852 1303 καλοῦ,
2882 1241 2981 1309 τὴν
3012 1241 3150 1312 πρὸς
3181 1244 3313 1296 αὐτὸ
3343 1242 3438 1297 τοῦ
3463 1259 3670 1316 τριμεο

2075 1328 2204 1399 ροῦς
2241 1329 2341 1398 τῆς
2380 1328 2558 1400 ψυχῆς
2600 1328 2838 1393 σύνεσιν,
2873 1327 2941 1405 ἧς
2979 1335 3042 1386 ἐκ
3080 1333 3320 1398 πίστεως
3359 1335 3626 1406 ἦρξασθε.

2096 1449 2106 1457 -
2143 1422 2208 1485 ζ’.
2251 1421 2313 1473 Ὀ
2345 1420 2648 1474 παιδεύων
2681 1422 2906 1490 κακοὺς
2931 1467 2943 1488 ,
2992 1425 3254 1494 λήψεται
3298 1425 3494 1491 ἐαυτῷ
3538 1427 3666 1480 ἀτι-

375 1508 540 1559 niam.
593 1507 755 1574 Quia,
791 1507 888 1577 qui
933 1507 1061 1562 ierit
1108 1510 1360 1566 veritatis
1389 1511 1572 1566 verbis
1613 1512 1864 1570 homines
1898 1515 1961 1570 ad

2083 1512 2230 1565 rtlar.
2260 1511 2382 1564 ’Ὁτι
2410 1511 2465 1564 δὲ
2491 1511 2520 1562 ὁ
2549 1510 2804 1582 πλήττων
2827 1514 3069 1585 ῥήμασιν
3091 1514 3352 1587 ἀληθείας
3378 1516 3505 1580 τοὺς
3525 1516 3665 1584 προς

373 1599 514 1660 mala
539 1613 666 1678 vere
695 1607 1145 1672 prorumpentes,
1169 1609 1222 1656 et
1251 1602 1450 1674 corrigi
1481 1603 1757 1668 nolentes,
1779 1605 1961 1659 irritat

2083 1602 2271 1656 κακίαν
2296 1601 2516 1674 ἀληθῶς
2551 1604 2841 1674 ρἐοντας,
2867 1607 2964 1660 καὶ
2992 1605 3338 1676 διορθοῦσθαι
3371 1605 3448 1678 μὴ
3477 1605 3665 1659 θέλον-

371 1703 469 1746 ros
497 1691 752 1768 amplius,
789 1700 843 1745 et
871 1705 1062 1746 eorum
1095 1691 1363 1748 malitiam
1419 1708 1650 1766 augens,
1705 1703 1956 1752 contem-

2083 1709 2182 1756 τας,
2225 1693 2547 1765 παροξύνων
2602 1694 2803 1763 μᾶλλον
2839 1695 3058 1760 αὐτοὺς,
3085 1697 3180 1749 καὶ
3227 1696 3513 1750 ἐπιτείνων
3559 1696 3668 1766 τὴν

371 1792 527 1848 pium
555 1796 620 1834 ex
654 1783 757 1837 hoc
787 1783 892 1838 sibi
919 1792 1216 1854 praeparat.

398 1965 681 2033 .A‘rguens
725 1965 967 2033 impium,
1017 1966 1242 2033 seipsnm
1296 1969 1566 2038 corripiet.
1615 1969 1962 2028 Manifestam

373 2055 580 2110 faciens
610 2055 660 2110 ei
699 2057 792 2127 qui
833 2055 1004 2111 Deum
1039 2074 1146 2112 non
1191 2060 1453 2127 honorat,
1485 2075 1644 2115 suam
1675 2063 1959 2133 malitiam,

373 2147 477 2201 sub
511 2157 826 2217 contemptu
852 2148 1096 2218 seipsum
1127 2149 1388 2216 collocat,
1409 2157 1468 2202 ut
1503 2149 1580 2204 illi
1611 2151 1963 2222 corripiendo

371 2255 480 2293 non
513 2255 776 2313 parcens;
809 2256 918 2296 non
949 2241 1128 2296 solum
1174 2241 1254 2296 illi
1292 2241 1592 2297 utilitatem
1633 2258 1742 2298 non
1775 2244 1961 2312 affert,

371 2331 467 2388 sed
530 2333 824 2411 plurimum
880 2341 1064 2400 nocet,
1099 2348 1314 2404 ponens
1347 2335 1516 2390 istum
1545 2335 1650 2390 sub
1685 2336 1832 2393 illius
1861 2339 1961 2393 do-

370 2425 695 2480 minatione.

444 2518 854 2592 Objurgationes
885 2521 1044 2590 ἱηῳὲο
1075 2564 1088 2589 ,
1117 2522 1292 2593 plaga;
1342 2519 1448 2574 illi.
1479 2518 1680 2586 Verba,
1706 2523 1962 2594 impieta-

369 2621 478 2666 tem
539 2615 705 2668 Deum
782 2627 891 2667 non
945 2612 1196 2668 timentis
1265 2610 1702 2678 manifestantia,
1789 2614 1962 2685 plagae

369 2714 500 2762 sunt
527 2706 580 2760 in
613 2705 797 2760 anima
827 2705 1328 2774 illius,inl‘erentes
1361 2705 1444 2762 illi
1473 2705 1586 2761 odii
1622 2704 1958 2764 desiderium

366 2799 512 2877 quod
548 2797 768 2862 diliieile
803 2799 1134 2856 destruitur.
1166 2869 1177 2878 _

437 2890 606 2946 Vens.
635 2893 689 2947 8.
711 2889 794 2946 Ne
816 2889 1043 2963 objurga
1073 2894 1339 2962 malos,ut
1362 2914 1464 2955 non
1485 2910 1534 2954 te
1565 2898 1685 2956 odio
1708 2900 1957 2955 habeant.

369 2980 444 3036 Ne
477 2982 758 3053 obiurges,
779 2981 866 3037 his
895 2983 990 3052 qui
1015 2985 1294 3056 propriam
1324 2991 1710 3048 rectitudinem
1725 2993 1919 3048 nolunt

365 3087 465 3128 sua
491 3081 720 3144 peccata
747 3092 764 3142 ;
797 3085 856 3130 ut
883 3091 993 3130 non
1036 3075 1092 3131 in
1124 3078 1309 3135 odium
1341 3083 1421 3138 tui
1467 3085 1592 3140 illos
1623 3087 1855 3152 excites,
1907 3096 1963 3142 et

337 3164 514 3233 -inde,
547 3165 684 3238 quin
721 3179 914 3221 eorum
963 3166 1123 3230 tollas
1167 3171 1456 3242 malitiam,
1485 3177 1660 3248 magis
1691 3177 1838 3233 illam
1867 3193 1960 3234 au-

365 3271 523 3327 gcas.

436 3344 657 3420 Corripe
705 3351 1018 3420 sapientem,
1073 3361 1122 3406 et
1175 3353 1354 3426 diliget
1417 3367 1488 3413 te.
1543 3359 1834 3415 Manifesta
1874 3377 1962 3416 sa-

369 3441 631 3510 pientiam
666 3443 889 3498 habenti
929 3445 1209 3513 defectus,
1244 3459 1296 3503 ut
1328 3450 1527 3506 habeat
1553 3452 1801 3509 timorem
1844 3455 1957 3518 Dei,

364 3544 422 3591 et
487 3537 636 3602 talis,
713 3541 1136 3610 correptionum
1199 3543 1461 3600 utilitatis
1519 3561 1628 3601 non
1692 3549 1957 3620 ignarus,

365 3629 598 3689 multum
637 3629 905 3688 honorem
945 3631 1042 3687 tibi
1073 3631 1294 3690 afferet.

367 3878 374 3883 .
439 3811 607 3870 Vens.
629 3814 684 3872 9.
715 3814 796 3870 Da
826 3817 1056 3886 sapienti
1077 3817 1428 3884 occasionem,
1451 3825 1500 3871 et
1521 3819 1812 3886 sapientior
1839 3819 1955 3874 erit.

363 3909 608 3967 Ostende
639 3909 895 3966 timorem
929 3908 1022 3964 Dei
1069 3908 1318 3974 habenti,
1346 3918 1696 3982 peccatorum
1730 3926 1957 3966 suorum

363 4002 679 4069 scientiam,
743 4009 800 4055 nt
853 4015 950 4072 per
1001 4000 1378 4085 expiatipnem
1412 4011 1465 4057 et
1502 4003 1958 4058 illuminationem

364 4093 708 4162 perﬁciatur.

435 4185 576 4240 Doce
630 4184 866 4256 justum,
893 4194 942 4240 et
969 4187 1207 4254 accipere
1242 4187 1536 4256 festinabit.
1568 4185 1850 4241 Manifesta
1883 4185 1958 4241 illi
2041 4254 2045 4258 ι

363 4276 457 4347 qui
487 4292 584 4348 per
606 4283 939 4333 aeternorum
965 4278 1361 4348 suppliciorum
1385 4279 1638 4334 timorem
1686 4277 1778 4332 Dei
1827 4294 1963 4349 pra:-

1943 3034 2031 3094 ’C

2068 1785 2272 1838 κακίαν
2310 1785 2512 1850 αὐτῶν,
2558 1785 2715 1857 ῦεριν
2756 1789 3056 1840 ἐπισπᾶται
3091 1786 3178 1840 διὰ
3215 1786 3374 1840 τοῦτο
3413 1789 3493 1852 είς
3531 1789 3669 1841 ἐαυ-

2065 1878 2176 1931 τόν.

2151 1970 2450 2042 Ἐλέγχων
2492 1971 2560 2023 δὲ
2606 1971 2712 2024 τόν
2756 1967 2947 2038 ἀσεϐῆ
2977 2011 2990 2034 ,
3030 1969 3381 2039 μωμήσεται
3411 1971 3659 2026 ἑαυτόν.

2063 2067 2310 2137 Φανερᾶιν
2341 2065 2398 2118 δὲ
2429 2065 2596 2118 ποιῶν
2621 2064 2698 2135 τῷ
2732 2063 2806 2134 μὴ
2848 2062 3026 2135 ἔχοντι
3062 2063 3144 2126 είς
3172 2063 3306 2116 Θεὸν
3340 2063 3529 2134 τιμὴν,
3557 2062 3668 2134 τὴν

2065 2157 2264 2212 κακίαν
2312 2155 2504 2222 αὐτοῦ,
2539 2155 2644 2208 ὑπὸ
2696 2155 2905 2226 μέμψιν
2955 2153 3282 2224 καθίστησιν
3334 2154 3546 2230 ἑαυτὸν,
3583 2155 3666 2218 ὡς

2067 2248 2143 2319 μὴ
2176 2247 2496 2318 φειδόμενος
2539 2248 2641 2318 τῆς
2679 2246 2884 2316 βλάϐης
2921 2245 3121 2300 αὐτοῦ·
3167 2246 3304 2318 πρὸς
3334 2246 3443 2318 γὰρ
3472 2247 3552 2317 τῷ
3583 2245 3664 2318 μὴ

2063 2342 2300 2411 ὠφελεῖν
2327 2341 2510 2405 αὑτὸν,
2551 2339 2750 2410 μᾶλλον
2782 2340 2874 2393 καὶ
2907 2338 3159 2409 βλάπτει,
3202 2339 3525 2410 παρακινῶν
3553 2339 3664 2416 ,αῦ-

2061 2434 2154 2487 τὸν
2193 2435 2240 2487 εί
2281 2434 2380 2503 τὴν
2419 2435 2540 2486 κατ’
2565 2431 2732 2486 αὐτοῦ
2771 2433 3082 2504 τυραννίδα.

2061 2534 2075 2552 ⁵
2139 2527 2204 2579 Οἱ
2228 2526 2340 2594 τὰρ
2371 2524 2608 2594 ἔλεγχοι
2642 2523 2720 2591 τῷ
2751 2524 2961 2579 ἀσεϐεῖ
2974 2563 2990 2588 ,
3020 2525 3314 2592 μώλωπες
3349 2527 3530 2594 αὐτῷ.
3574 2527 3660 2581 Τὰ

2063 2616 2172 2686 γὰρ
2197 2615 2534 2686 φανεροποιὰ
2562 2615 2662 2686 τῆς
2706 2614 2906 2678 κακίας
2949 2613 3057 2669 τοῦ.
3095 2614 3168 2686 μὴ
3221 2617 3491 2686 τιμῶντος
3518 2618 3662 2673 Θεὸν

2062 2708 2238 2776 λόγια,
2270 2705 2476 2780 πληγαί
2499 2708 2606 2760 είσι
2637 2708 2706 2778 τῇ
2733 2705 2928 2758 τούτου
2951 2707 3119 2777 ψυχῇ,
3152 2707 3488 2776 ἐμποιοῦντα
3510 2708 3660 2782 αὐτῇ

2066 2802 2258 2874 μίσους
2292 2798 2716 2866 δυσεξάλειπτον
2739 2797 2942 2862 πάθος.

2133 2897 2202 2963 ην,
2244 2892 2342 2960 Μὴ
2388 2889 2601 2960 ἔλεγχε
2640 2889 2894 2954 κακοὺς,
2926 2888 3028 2942 ἵνα
3067 2887 3154 2957 μὴ
3199 2889 3512 2957 μισήσωσί
3556 2906 3658 2948 σε.

2062 2981 2156 3054 Μὴ
2189 2981 2541 3052 φανεροποίει
2568 2982 2680 3044 τοῖς
2713 2979 2787 3051 μὴ
2813 2978 3028 3032 θέλουσι
3053 2979 3151 3049 τὴν
3183 2979 3320 3034 ίδίαν
3343 2979 3659 3050 διόρθωσιν,

2065 3076 2132 3130 τὰ
2172 3074 2380 3130 τούτων
2427 3073 2611 3140 κακὰ,
2646 3074 2796 3136 ὅπως
2840 3073 2916 3144 μὴ
2963 3075 3042 3136 είς
3078 3076 3236 3144 μῖσος
3265 3073 3326 3127 τὸ
3369 3075 3510 3127 κατὰ
3560 3073 3662 3126 σοῦ

2063 3169 2286 3240 ἐγείρῃς
2335 3168 2555 3231 αὐτοὺς.
2592 3165 2892 3220 κάντεῦθεν
2920 3166 3040 3220 ἀντὶ
3086 3166 3182 3220 τοῦ
3232 3165 3509 3235 περιελεῖν
3555 3167 3666 3238 τὴν

2065 3263 2266 3317 κακίαν
2305 3261 2505 3324 αὐτῶν,
2552 3259 2755 3330 μᾶλλον
2796 3261 3062 3330 αὐξήσεις
3100 3259 3292 3332 αὑτήν.
3397 3292 3403 3307 ι

2137 3354 2645 3424 Ἔλεγχεσοφὸν,
2677 3352 2776 3406 καί
2805 3351 3112 3422 ἀγαπήσει
3134 3367 3228 3408 σε.
3269 3353 3486 3424 Φανερὰ
3510 3355 3660 3407 ποίει

2059 3431 2131 3501 ’τὰ
2160 3447 2520 3517 ἐλαττώματα
2553 3445 2630 3517 τῷ
2647 3445 2950 3526 ’μετέχοντι
3002 3444 3233 3515 σοφίας,
3283 3445 3341 3498 ἐν
3387 3444 3468 3515 τῷ
3509 3442 3661 3516 ἔχειν

2062 3539 2226 3594 αὑτὸν
2263 3537 2428 3609 φόϐον
2459 3537 2616 3601 Θεοῦ,
2641 3523 2842 3600 ἷιαὶνὼς
2872 3536 2948 3608 μὴ
2981 3537 3195 3606 ἀγνοῶν
3225 3538 3256 3590 δ
3284 3535 3528 3600 τοιοῦτος
3557 3537 3660 3608 τὴν

2063 3634 2126 3685 ὲκ
2153 3631 2260 3684 τῶν
2292 3631 2529 3700 ἐλέγχων
2560 3629 2698 3684 ἰδίαν
2728 3629 3019 3698 ὠφέλειαν,
3035 3629 3128 3682 ἐπὶ
3148 3628 3312 3684 πλέον
3333 3629 3514 3694 καλῶς
3538 3631 3660 3684 δια-

2062 3724 2350 3794 τεθήσεται
2390 3722 2520 3794 περὶ
2562 3720 2642 3774 σέ.

2133 3813 2199 3868 θ’.
2239 3813 2416 3868 Δίδου
2439 3811 2610 3882 σοφῷ
2635 3812 2935 3882 ἀφορμὴν,
2959 3812 3056 3866 καὶ
3087 3813 3427 3882 σοφώτερος
3457 3815 3656 3868 ἔσται.

2065 3905 2277 3978 ῐΙὰρεχε
2328 3905 2409 3978 τῷ
2457 3906 2632 3976 ἔχοντι
2679 3903 2844 3974 φόϐον
2886 3903 3044 3970 Θεοῦ,
3090 3903 3448 3976 ἐσφαλμένων
3501 3905 3661 3976 αὐτῷ

2062 3999 2357 4081 διάγνωσιν
2384 3997 2474 4051 διὰ
2500 3997 2825 4068 καθάρσεως
2847 3997 2940 4050 καὶ
2967 3995 3250 4067 φωτισμοῦ
3273 3999 3410 4067 πρὸς
3436 3995 3662 4049 τελείω-

2063 4107 2167 4146 σιν.
2601 4135 2609 4141 .

2135 4181 2390 4250 Γνώριζε
2423 4181 2632 4246 δικαίῳ
2651 4221 2664 4244 ,
2693 4179 2795 4234 καί
2828 4179 3165 4250 προσθήσει
3196 4180 3306 4236 τοῦ
3345 4179 3658 4248 δέχεσθαι.

2075 4278 2471 4335 Ἀνακόιλυπτε
2504 4276 2584 4347 τῷ
2627 4277 2715 4330 διὰ
2759 4277 2848 4330 τὸν
2891 4277 3054 4345 φόϐον
3091 4277 3326 4356 αἰωνίων
3377 4273 3661 4328 κολάσεων

363 4377 518 4440 cepta
550 4368 816 4434 custodit,
865 4384 1054 4425 verum
1107 4369 1251 4440 quod
1307 4370 1361 4424 in
1398 4370 1478 4424 eis
1509 4377 1595 4424 est
1643 4371 1870 4434 bonum,
1909 4376 1961 4423 et

2083 4370 2328 4442 τηροῦντι
2359 4369 2458 4432 τὰς
2486 4369 2580 4422 τοῦ
2625 4369 2760 4447 Θεοῦ
2793 4367 3036 4432 ἐντολὰς,
3066 4367 3128 4422 τδ
3169 4370 3228 4422 ἐν
3257 4368 3485 4431 ταύταις
3518 4366 3663 4436 ἀλη-

363 4462 458 4516 ille
494 4460 730 4532 diligens
749 4460 906 4528 illud,
950 4469 1212 4528 tanquam
1252 4475 1570 4532 supremum
1601 4458 1953 4535 concupisci-

367 4561 377 4606 t
403 4555 498 4620 ile,
527 4554 679 4610 illius
707 4567 950 4609 amorem
988 4567 1091 4624 pro
1114 4551 1312 4608 alfectu
1350 4551 1593 4622 augebit.

443 4730 613 4790 Vens.
653 4731 742 4788 i0.
782 4731 1118 4796 Principium
1161 4733 1458 4810 sapientior,
1513 4731 1671 4785 timor
1718 4729 1948 4787 Domini.

363 4824 706 4895 Principium
765 4839 948 4880 rerum
981 4824 1294 4880 divinarum
1343 4823 1604 4887 scientiae,
1657 4835 1739 4880 est
1788 4825 1956 4880 timor

369 4919 588 4975 Domini
619 4920 868 4974 omnium
915 4918 1030 4973 Dei.

442 5017 696 5071 Voluntas
723 5024 1033 5070 sanctorum
1056 5012 1362 5082 prudentia.
1399 5011 1468 5067 Et
1495 5011 1738 5080 illorum,
1771 5013 1864 5083 qui
1889 5013 1956 5066 ab

367 5111 515 5166 omni
578 5107 787 5163 malitia
842 5105 1054 5178 purgati
1108 5113 1263 5164 sunt.
1309 5111 1363 5160 et
1425 5104 1552 5163 inde
1593 5111 1804 5173 ponunt
1835 5103 1957 5176 sine

367 5199 764 5267 llllpCdlmelllo
862 5207 1200 5267 cognoscere
1269 5209 1459 5250 verum
1537 5193 1762 5260 bonum,
1839 5194 1955 5248 dis-

367 5295 542 5354 (:rctiu
598 5289 748 5343 circa
793 5289 930 5342 illud
971 5299 1054 5342 est
1086 5285 1376 5377 prudentia
1418 5283 1584 5338 trium
1627 5285 1824 5339 animae
1858 5300 1958 5354 po-

369 5384 689 5449 tantiarum,
727 5383 792 5437 ad
829 5395 1129 5462 sermones.
1150 5376 1458 5448 modosque
1483 5376 1607 5431 boni
1651 5377 1707 5431 in
1749 5391 1958 5446 praece-

391 5487 483 5532 ita.

391 5493 483 5532 na.
1134 5493 1140 5497 ·

370 5493 392 5548 ἱ
445 5566 617 5624 Nosse
666 5569 850 5636 legem,
891 5569 1042 5622 bona:
1081 5576 1157 5618 est
1213 5563 1596 5633 intelligentia’.
1642 5561 1960 5633 intelligere

372 5671 703 5735 aute-anque:
728 5661 864 5716 nihil
890 5657 1234 5730 impossibile
1265 5665 1357 5712 aut
1391 5655 1612 5725 durum,
1645 5658 1837 5727 repetit
1875 5656 1956 5713 lex

2047 4463 2173 4530 iiii);
2199 4461 2427 4531 ἀγαθὸν,
2450 4461 2543 4514 καὶ
2571 4461 2866 4533 ἀγαπήσας
2897 4464 2924 4515 ὁ
2953 4458 3194 4524 τοιοῦτος
3218 4459 3375 4524 αὐτὸ,
3395 4457 3471 4522 ὡς
3491 4457 3664 4530 ἐσχα-

2064 4574 2158 4609 τον
2193 4553 2446 4627 ὀρεκτὸν,
2473 4551 2572 4625 τὴν
2605 4551 2796 4607 τούτου
2828 4552 2970 4607 κατὰ
2995 4551 3239 4606 διάθεσιν
3272 4551 3516 4622 ἐπιτείνῃ
3550 4565 3662 4604 πα-

2067 4647 2320 4719 ραδοχήν.

2135 4744 2188 4790 ι’.
2225 4737 2408 4806 Ἀρχὴ
2439 4735 2665 4806 σοφίας
2693 4737 2878 4805 φόϐος
2917 4721 3160 4803 Κυρίου.
3198 4732 3366 4804 Ἀρχὴ
3401 4733 3508 4803 γάρ
3539 4735 3662 4786 ἐστι

2062 4828 2161 4898 τῆς
2195 4828 2356 4884 θείων
2387 4827 2734 4900 πραγμάτων
2763 4829 3073 4898 ἐπιστήμης
3097 4828 3125 4879 ὁ
3152 4825 3316 4896 φόϐος
3333 4825 3428 4878 τοῦ
3454 4825 3658 4877 Δεσπόο

2062 4937 2158 4972 του
2200 4919 2309 4972 τῶν
2345 4919 2486 4982 ὅλων
2525 4918 2684 4972 Θεοῦ.

2137 5013 2242 5066 Καὶ
2287 5010 2492 5079 ,βουλὴ
2533 5011 2742 5082 ἁγίων,
2773 5011 3052 5076 σύνεσις.
3093 5009 3205 5065 Καὶ
3233 5009 3342 5062 τῶν
3379 5007 3664 5078 κεκαθαρ-

2068 5103 2244 5175 μένων
2291 5103 2398 5158 ἀπὸ
2435 5103 2618 5174 πάσης
2650 5103 2874 5168 κακίας,
2909 5104 3005 5158 καὶ
3049 5101 3364 5173 δυναμένων
3407 5101 3664 5156 ἐντεῦθεν

2064 5195 2490 5260 ἀνεπικωλύτως
2541 5199 2824 5249 κατανοεῖν
2871 5193 2934 5248 τὸ
2978 5194 3149 5258 δντως
3201 5193 3431 5262 ἀγαθὸν,
3463 5195 3496 5264 ἡ
3530 5193 3664 5264 περὶ

2065 5288 2252 5342 τούτου
2275 5289 2570 5360 διάκρισις,
2594 5287 2877 5351 σύννευσίς
2897 5290 3016 5340 ἐστι
3050 5286 3161 5339 τῶν
3177 5271 3345 5358 τριῶν
3361 5286 3459 5356 τῆς
3477 5285 3662 5355 ψυχῆς

2064 5381 2350 5450 δυνάμεων
2398 5382 2534 5450 πρὸς
2563 5383 2692 5444 τοὺς
2722 5380 2844 5434 κατ’
2866 5379 3090 5451 ἐντολὴν
3119 5378 3312 5448 λόγους
3334 5395 3393 5430 τε
3414 5379 3510 5432 καὶ
3531 5381 3662 5448 τρό-

2066 5489 2200 5535 πους
2241 5471 2428 5524 αὑτοῦ.

2145 5563 2215 5617 Τό
2259 5563 2327 5615 δὲ
2369 5561 2592 5631 γνῶναι
2635 5567 2845 5634 νόμον,
2881 5565 3153 5630 διανοίας
3197 5563 3372 5618 ἐστὶν
3405 5560 3658 5630 ἀγαθῆς.

2068 5657 2142 5708 Τὸ
2194 5656 2248 5708 δέ
2301 5655 2654 5723 καταλαϐεῖν,
2687 5657 2766 5712 ὅτι
2818 5658 2971 5712 οὐδὲν
3006 5656 3264 5712 ἀδύνατον
3315 5655 3347 5728 ἢ
3398 5654 3656 5726 σκληρὸν,
