3958 6396
299 288 453 354 1305

1397 281 1940 342 COMMENTARII
1983 284 2057 343 [Ν
2102 283 2559 346 PRUVERBIA.

3455 281 3597 348 i306

294 403 325 454 ὁ
345 402 540 454 παιτεῖ
573 400 600 452 ὁ
629 396 763 468 πρὸς
796 394 856 449 τὺ
881 393 1051 457 ὄντως
1079 391 1286 460 ἀγαθὸν
1317 391 1528 467 ὁδηγῶν
1557 395 1706 463 ἡμᾶς
1740 393 1897 464 νόμος

2027 401 2239 470 spiritus
2265 415 2366 454 nos
2394 397 2461 453 ad
2490 411 2680 454 verum
2705 395 2906 450 bonum
2933 395 3273 463 conducens,
3299 407 3382 452 est
3411 399 3596 454 scien-

292 490 403 545 τοῦ
437 489 779 560 Πνεῦματος,
808 486 930 550 νοός
969 487 1086 538 ἐστι
1115 481 1557 554 διαλογιζομένου
1584 501 1643 536 τε
1678 483 1774 537 καὶ
1805 483 1903 552 ζη-

293 583 528 645 τοῦντος
552 580 684 634 αὐτὸ
707 580 769 633 τὸ
792 575 1009 648 ἀληθῶς
1038 574 1266 644 ἀγαθόν.
1305 643 1314 650 _

375 682 474 729 ια’.
519 672 721 738 Τούτῳ
751 670 860 741 γὰρ
887 668 968 734 τῷ
996 668 1226 737 τρόπῳ,
1273 665 1478 721 πολὺν
1513 665 1714 735 ζήσεις
1759 665 1904 735 χρόαι

2007 489 2238 561 tiaejus
2272 489 2366 560 qui
2401 489 2610 560 cogitat
2633 494 2689 542 et
2718 485 2914 556 quaerit
2949 499 3138 542 verum
3169 485 3394 544 bonum.

2080 659 2246 715 Vens.
2283 659 2371 714 Η.
2412 659 2529 714 [Ioc
2561 661 2700 714 enim
2727 661 2903 731 modo,
2949 663 3117 718 multo
3159 663 3293 718 vives
3341 671 3592 734 tempore.

292 785 440 826 νον.
482 768 570 822 Ἐν
599 767 710 838 γὰρ
755 765 833 837 τῷ
885 766 1076 835 ζητεῖν
1104 761 1167 816 τὺ
1197 761 1406 832 ἀγαθὸν
1421 765 1452 828 ,”
1471 762 1897 833 προσγενήσεται

2027 751 2314 820 ὶυαιιηειιὰο
2341 761 2520 808 autem
2550 752 2782 818 bonum,
2839 756 3185 824 superveniet
3227 755 3349 823 tibi,
3381 757 3594 828 qualis-

295 881 413 929 σοι,
437 863 588 926 ὅστις
620 856 686 916 ἂν
713 859 810 914 καὶ
858 859 1000 930 εῐης,
1031 859 1066 931 ή
1099 855 1789 931 ἀπέραντος,πνευματικὴ
1811 857 1897 908 καὶ

2027 863 2228 918 :unque
2257 847 2452 913 lueris,
2485 845 2720 913 inﬁnita,
2757 847 3062 918 spiritualis
3085 857 3140 903 et
3176 848 3362 904 divina
3388 851 3519 905 vita.

294 956 430 1010 θεία
472 955 608 1024 ζωή.

372 1045 492 1101 Καὶ
523 1043 998 1116 προστεθήσεται
1039 1057 1138 1097 σοι
1173 1042 1280 1112 ἐτη
1310 1039 1480 1108 ζωῆς.
1521 1039 1634 1093 Καὶ
1672 1041 1907 1092 ἐπεκτα-

2081 1022 2149 1076 Et
2179 1022 2440 1077 addentur
2485 1024 2580 1078 tibi
2609 1026 2740 1096 anni
2765 1025 2906 1080 uitta.
2955 1023 3024 1078 Et
3066 1031 3302 1096 augetur
3335 1041 3595 1084 mensura

291 1137 534 1210 θήσεται
572 1154 655 1190 σοι
693 1133 764 1189 τὰ
789 1135 886 1206 τῆς
912 1135 1057 1206 ζωῆς
1097 1133 1294 1206 μέτρα,
1331 1131 1897 1204 προσεπικτησαμὲνῳ

2027 1119 2134 1172 ιὶιεε
2162 1118 2282 1183 tibi,
2315 1119 2433 1186 qui,
2494 1119 2749 1188 praesenti
2793 1119 2956 1181 vitae.
2998 1117 3072 1173 ob
3119 1125 3276 1172 tuum
3312 1134 3410 1188 per
3455 1119 3596 1177 hanc

288 1225 363 1293 τῇ
402 1223 657 1296 παρούσῃ
691 1223 840 1294 ζωῇ,
872 1221 962 1276 διὰ
994 1223 1092 1290 τῆς
1127 1225 1184 1276 ἐν
1227 1221 1364 1292 ἀὐτῇ
1416 1219 1714 1290 θεαρέστου
1750 1219 1904 1273 πολι-

289 1314 478 1378 τείας,
523 1315 619 1368 καὶ
656 1314 756 1386 τὴν
798 1315 1126 1386 μέλλουσαν.

369 1406 466 1476 ιβ’.
517 1406 614 1462 Υίὲ
636 1446 650 1471 ,
681 1406 791 1462 ἐὰν
822 1407 1017 1485 oggerit;
1066 1404 1210 1476 γένῃ
1247 1402 1520 1470 σεαυτῷ,
1557 1402 1748 1471 σοφὸς
1789 1400 1906 1470 ἔσῃ

2009 1212 2290 1266 cwlestem
2333 1210 2550 1264 vivendi
2579 1209 2797 1264 modum
2821 1250 2837 1276 ,
2870 1210 3128 1266 addidisti
3170 1219 3226 1267 et
3256 1210 3518 1266 futuram.

2081 1386 2362 1447 Vens-12.
2420 1382 2556 1452 Fili,
2605 1388 2652 1440 si
2702 1387 2912 1454 sapiens
2947 1387 3053 1440 eris
3081 1387 3176 1440 tibi
3219 1389 3341 1456 ipsi,
3381 1389 3593 1456 sapiens

289 1475 399 1551 καί
430 1497 558 1563 τοῖς
586 1478 1033 1566 πλησίον-’σθω
1075 1475 1186 1565 Τῆς
1218 1495 1362 1566 ἐμῆς
1397 1492 1750 1556 διδασκαλίας
1779 1491 1897 1544 παί·

2027 1478 2112 1531 'ris
2133 1485 2184 1531 et
2203 1477 2470 1546 proximo.
2494 1475 2768 1531 Doctrinae
2801 1492 2936 1532 mete
2962 1477 3254 1547 discipule,
3291 1479 3335 1532 si
3373 1481 3594 1550 sapiens

288 1589 504 1660 δευμα,
532 1592 581 1642 εί
614 1589 776 1658 σοφὸς
809 1589 1072 1662 ὑπάρξεις
1099 1588 1332 1659 σεαυτῷ,
1351 1586 1519 1656 ’φόϐῳ
1548 1585 1680 1655 θείῳ
1713 1583 1897 1636 ἑαυτὸν

2027 1569 2118 1624 eris
2150 1567 2294 1640 apud
2312 1568 2690 1638 temetipsum,
2711 1577 2875 1624 temet
2906 1569 3101 1626 timore
3142 1569 3234 1624 Dei
3270 1570 3591 1638 puriﬁcans,

289 1681 578 1752 καθάρας,
613 1685 708 1735 καὶ
741 1683 955 1734 συνέσει
977 1681 1238 1750 φωτίσας,
1269 1681 1365 1734 καὶ
1397 1678 1560 1750 σοφίᾳ
1583 1673 1903 1738 τελειώσας,

2009 1660 2301 1730 prudentia
2355 1659 2700 1726 illum-inans,
2742 1667 2798 1716 et
2845 1661 3116 1728 sapientia
3170 1663 3486 1731 perticiens,
3537 1672 3592 1718 et

288 1774 393 1827 καὶ
416 1777 534 1836 τοῖς
566 1775 796 1842 ἔγγιστὰ
827 1791 948 1838 σου,
985 1774 1206 1844 ζηλοῦσι
1239 1791 1334 1828 σου
1364 1774 1424 1827 τὸ
1457 1773 1644 1844 σοφὸν,
1678 1769 1897 1826 κάντεῦ-

2027 1751 2096 1806 iis
2138 1750 2233 1820 qui
2262 1749 2358 1804 tibi
2387 1751 2628 1820 proximi
2667 1757 2820 1814 sunt,
2859 1758 2915 1805 et
2947 1751 3286 1807 aemulantur
3314 1759 3467 1807 tuam
3508 1769 3594 1808 sa-

291 1865 388 1919 θεν
447 1867 794 1935 πειθομένοις
831 1868 945 1928 τοῖς
997 1866 1174 1935 λόγοις
1222 1883 1340 1930 σου,
1391 1867 1485 1919 καὶ
1538 1863 1901 1935 μιμουμένοις

195 1987 204 1990 -
287 1958 428 2018 τοὺς
477 1959 710 2029 τρόπους
762 1975 880 2024 σου,
914 1957 1180 2030 ὑπάρξεις
1209 1958 1400 2026 σοφός·
1433 1957 1510 2021 ὡς
1559 1955 1656 2010 καὶ
1703 1957 1900 2020 αὐτοὺς

291 2049 586 2119 φωτίζων,
618 2051 715 2104 καὶ
741 2049 1046 2120 καθαίρων,
1083 2049 1180 2105 καὶ
1208 2048 1454 2102 τελειῶν.

361 2160 522 2214 Ἐὰν
549 2161 618 2213 δὲ
639 2162 824 2226 κακὸς
844 2161 1102 2230 ἀποϐᾗς,
1129 2162 1319 2232 μόνος
1340 2159 1672 2230 ἀντλήσεις
1697 2157 1771 2213 τὰ
1795 2173 1903 2212 κα-

289 2253 392 2307 κά.
445 2253 513 2306 Εί
550 2253 608 2305 δὲ
639 2257 761 2316 ταῖς
789 2253 930 2306 κατὰ
984 2255 1182 2325 μικρὸν
1211 2253 1452 2317 ἀπάταις
1492 2253 1588 2307 τοῦ
1639 2251 1901 2324 πονηροῦ,

284 2329 510 2409 κακίας
551 2346 750 2411 μεστὸς
795 2347 1165 2418 ἀποτελεσθῇς
1189 2388 1205 2412 ,
1253 2349 1313 2400 ὲν
1346 2346 1426 2418 τῷ
1463 2348 1629 2416 μηδὲν
1665 2343 1902 2414 χρηστὸν

287 2440 547 2508 ςρονείν,
581 2437 614 2506 ἢ
643 2436 848 2502 λαλεῖν,
873 2437 1035 2492 αὑτὸν
1068 2440 1148 2500 εἰς
1180 2439 1342 2490 αὐτὸν
1374 2435 1654 2504 ὲπισπάσῃ
1685 2436 1754 2487 τὰ
1780 2433 1904 2488 ταῦ·

286 2546 393 2598 της
430 2529 712 2600 ἐπίχειρα,
737 2529 831 2580 καὶ
863 2533 936 2598 μή
971 2530 1116 2591 τινός
1149 2546 1232 2581 σοι
1255 2529 1430 2582 ταῦτα
1461 2528 1782 2596 ὲπαγόντος.

371 2641 484 2702 Ὃς
535 2641 822 2708 ἐρείδεται
871 2641 970 2694 ἐπὶ
1013 2642 1338 2710 ψεύδεσιν,
1396 2639 1579 2709 οὗτος
1629 2642 1910 2712 ποιμανεῖ

291 2729 586 2800 ἀνέμους.
617 2731 717 2796 Ὃς
766 2749 850 2795 τις
896 2733 1005 2804 γὰρ
1035 2735 1294 2788 πέποιθεν
1327 2735 1424 2788 ἐπὶ
1455 2737 1568 2798 τοῖς
1603 2733 1904 2804 ἀπατηλοῖς

290 2843 356 2880 τε
387 2828 490 2878 καὶ
525 2827 762 2895 ῥέουσιν,
795 2821 948 2890 οὗτος
979 2828 1108 2880 κυὸε
1122 2829 1307 2896 ρνήσει
1338 2828 1407 2881 τὰ
1443 2828 1709 2896 ἱστάμενα
1729 2867 1744 2888 ,
1777 2836 1908 2880 συν-ε

295 2917 690 2986 αλλοιούμενος
737 2920 850 2982 τοῖς
897 2920 1245 2984 ἁλλοιωτοῖς,
1279 2922 1337 2973 ὲν
1389 2919 1466 2988 τῷ
1517 2920 1594 2992 μὴ
1641 2918 1904 2972 δύνασθαι

297 3009 502 3078 στῆσαι
533 3010 636 3077 τὴν
669 3008 877 3063 τούτων
905 3012 1102 3080 φορὰν,
1135 3010 1210 3072 ὡς
1239 3011 1349 3064 οὐδ’
1370 3011 1596 3082 ἀνέμων
1633 3011 1824 3082 πνοήν.

2009 1844 2291 1914 pientiam,
2316 1852 2370 1900 et
2389 1843 2516 1899 inde
2547 1845 2656 1901 tuis
2685 1844 2872 1900 verbis
2897 1845 3156 1911 credunt,
3182 1853 3238 1900 et
3265 1853 3390 1902 tuos
3413 1861 3595 1905 mores

2008 1936 2320 2002 imitantur,
2357 1937 2584 2005 sapiens
2631 1935 2776 2012 eris;
2831 1946 3092 2007 tanquam
3139 1936 3264 1992 illos
3292 1945 3348 1992 et
3388 1937 3596 1992 illumi-

2009 2045 2176 2094 nans,
2211 2037 2262 2083 et
2287 2028 2616 2100 puriﬁcans,
2649 2037 2703 2084 et
2737 2029 3050 2100 perliciens.

2079 2142 2140 2198 Si
2162 2147 2336 2199 malus
2368 2145 2620 2210 evaseris,
2673 2145 2819 2201 solus
2857 2145 3074 2204 hauriet
3105 2149 3272 2206 mala.
3315 2146 3372 2204 Si
3403 2151 3594 2220 paula-

2009 2238 2103 2293 tim
2140 2238 2405 2294 dzemonis
2430 2238 2694 2313 fallaciis,
2724 2239 2948 2295 malitia:
2969 2241 3164 2311 plenus
3197 2239 3473 2308 eiliciaris,
3517 2245 3591 2300 ita

2008 2337 2069 2384 ut
2123 2329 2378 2384 decentia
2437 2343 2550 2384 non
2619 2331 2831 2401 cogites
2903 2331 2992 2386 vel
3049 2331 3313 2403 loquaris,
3371 2335 3490 2406 ipse
3539 2337 3594 2390 in

2009 2420 2360 2492 temetipsum
2403 2423 2678 2479 attraxisti
2729 2423 2950 2480 malitiae
3001 2425 3244 2496 praemia,
3306 2434 3362 2482 et
3409 2428 3596 2485 nullus

2007 2511 2124 2567 haec
2153 2513 2250 2567 tibi
2290 2513 2538 2568 adduxit.

2079 2625 2186 2692 Qui
2240 2627 2436 2682 nititur
2463 2628 2782 2693 mendaciis,
2833 2631 3006 2700 pascit
3056 2641 3253 2688 ventos.
3283 2631 3388 2700 Qui
3419 2635 3599 2691 credit

2010 2721 2248 2778 fallaciis
2281 2735 2336 2778 et
2370 2726 2579 2792 verbis,
2621 2726 2896 2796 gubernat
2921 2727 3318 2798 stabilia,.ipse
3348 2737 3596 2786 mutatus

2007 2831 2132 2870 cum
2173 2816 2560 2885 mutabilibus,
2595 2819 2723 2888 quia
2762 2835 2870 2874 non
2904 2827 3086 2898 potest
3119 2834 3311 2874 eorum
3335 2809 3597 2878 cohibere

2008 2907 2299 2978 impetum,
2333 2925 2445 2965 non
2482 2913 2662 2981 magis
2709 2925 2772 2966 ac
2806 2919 3094 2966 ventorum
3131 2911 3454 2983 procellam.

386 3101 536 3178 '0‘6’
557 3126 740 3192 αὐτὸς
765 3124 1036 3208 {Stobi-uarat
1069 3125 1246 3192 ὄρνεα
1283 3125 1601 3194 πετόμενα.
1641 3125 1700 3178 Ὀ
1727 3124 1897 3179 τοιοῦ·

2081 3124 2186 3180 Ille
2211 3126 2547 3198 persequitur
2575 3142 2696 3181 ares
2721 3125 2981 3182 volantes.
3039 3127 3140 3184 Ille
3183 3128 3467 3184 incassum
3501 3143 3597 3184 ca-

297 3238 394 3284 τος
419 3219 474 3272 δὲ
497 3218 830 3272 καταλαϐεῖν
856 3218 1100 3287 ματαίως
1128 3219 1466 3289 ἐπιχειρήσει
1493 3218 1560 3271 τὰ
1581 3217 1740 3287 δίκην
1767 3235 1906 3290 πτη-

299 3311 414 3366 νῶν
446 3311 614 3376 ὀξέως
650 3311 928 3381 φερόμενα
958 3311 1022 3362 ἐκ
1057 3313 1326 3377 γενέσεως
1355 3311 1436 3372 είς
1467 3309 1698 3378 φθοράν.

375 3423 665 3476 Ἀπέλιπε
709 3421 821 3490 γὰρ
866 3421 1045 3486 ὀδοὺς
1102 3402 1474 3475 τοιῗὲαυτοῦ
1524 3421 1901 3489 ἀμπελῶνος.

297 3513 588 3583 Κατέλιπε
631 3513 742 3583 γὰρ
787 3512 887 3574 τὰς
936 3512 1055 3566 κατ’
1080 3512 1381 3578 ἐπίγνωσιν
1431 3510 1706 3580 φερούσας
1755 3511 1904 3574 θείας

297 3580 528 3666 ἐντολὰς
566 3605 646 3666 εἱς
678 3603 768 3656 τὸν
798 3601 1065 3673 εἰρηκότα
1086 3643 1101 3666 ,
1133 3601 1216 3654 ὅτι
1250 3599 1390 3668 Ἐγώ
1421 3603 1536 3670 εἰμι
1568 3602 1598 3670 ἡ
1631 3599 1901 3668 ἄμπελος,

297 3695 439 3746 Θεὸν
473 3693 670 3762 Λόγον,
700 3694 759 3746 ὲν
791 3687 835 3760 ᾧ
863 3691 1270 3761 πεφυτευμένος
1302 3693 1438 3757 ἐστὶ,
1477 3692 1620 3745 κατὰ
1678 3693 1769 3746 τὸν
1805 3693 1904 3762 τῆς

299 3787 446 3850 ίδίας
479 3785 696 3856 φύσεως
726 3785 882 3853 λόγον
912 3785 1220 3856 ἄνθρωπος,
1249 3785 1323 3848 ὣς
1369 3803 1420 3837 τι
1448 3785 1635 3855 κλῆμα
1664 3801 1678 3816 ο
1722 3802 1903 3856 γεωρ-

297 3880 418 3950 γῶν
447 3881 546 3951 τὴν
575 3879 730 3950 δίκην
777 3877 922 3932 οἴνου
970 3878 1198 3950 καρδίαν
1253 3875 1654 3948 εὐφραίνουσαν
1702 3875 1904 3944 γνῶσιν

297 3973 417 4026 τῶν
450 3972 538 4026 δντ
547 3987 644 4026 ων.

379 4081 534 4148 Τοὺς
571 4081 640 4136 δὲ
669 4080 896 4148 ἄξονας
937 4079 1044 4136 τοῦ
1072 4080 1226 4134 ἰδίου
1253 4081 1542 4150 γεωργίου
1579 4080 1899 4147 πεπλάνηο

299 4194 418 4231 ται.
450 4177 555 4230 Τὸν
579 4175 637 4228 δὲ
671 4173 798 4228 νοῦν
829 4174 925 4227 καὶ
949 4175 1040 4228 τδν
1069 4173 1247 4242 λόγον,
1280 4175 1329 4228 οἳ
1355 4174 1454 4244 τὴν
1475 4174 1614 4245 μετὰ
1647 4173 1904 4242 γνώσεως

299 4270 507 4341 ἀρετὴν
535 4270 734 4322 οἰκεῖον
762 4265 1034 4338 γεώργιον
1063 4267 1310 4336 ἄγουσιν,
1347 4268 1651 4338 ήπάτηται.

375 4382 799 4452 Διαπορεύεται
825 4380 901 4434 δι’
930 4379 1196 4449 ἀνύδρου
1227 4381 1474 4452 ἐρήμου,
1505 4383 1604 4436 καὶ
1637 4381 1753 4452 γῆν
1773 4382 1901 4436 δια-

300 4441 677 4545 τεταγμένην
707 4474 776 4528 ἐν
809 4441 1160 4542 διψώδεσίν.
1222 4441 1706 4546 έαζδιεξέρχεταί
1751 4475 1900 4546 ζωήν
1935 4441 1978 4494 D

301 4584 366 4620 τε
399 4565 777 4637 ἐστερημένην
811 4565 1192 4636 πνευματικῆς
1223 4565 1575 4630 διδασκαλίας
1589 4567 1747 4637 δίκην
1773 4565 1900 4620 ὕδα-

302 4677 397 4724 τος
431 4657 770 4729 ἀρδευούσης
824 4659 1004 4732 ψυχὴν
1036 4659 1174 4732 πρὸς
1215 4656 1601 4732 καρποφορίαν
1634 4659 1742 4712 τῶν
1767 4661 1900 4730 ἁρε-

303 4752 440 4820 τῶν,
465 4751 560 4805 καὶ
592 4753 797 4820 παγίαν
832 4751 950 4819 ἕξιν
1008 4751 1205 4816 κακίας
1263 4752 1674 4822 ὲφηπλωμένην
1701 4755 1759 4806 ὲν
1793 4752 1900 4823 ψυ-

303 4847 433 4918 χαῖς
461 4844 666 4899 ὲνδεέσι
696 4847 796 4915 τῆς
826 4844 1126 4916 εἰρημένης
1152 4843 1302 4907 θείας
1335 4842 1712 4906 διδασκαλίας.

378 4955 638 5026 Συνάγει
661 4954 730 5008 δὲ
769 4954 984 5026 χερσίν
1014 4955 1336 5025 ἀκαρπίαν.
1363 4955 1473 5008 Καὶ
1502 4953 1753 5022 συλλέγει
1780 4957 1901 5008 κατ’

307 5047 592 5120 ἐνέργειαν
621 5048 742 5110 ταῖς
773 5047 1108 5118 πρακτικαῖς
1136 5047 1236 5116 τῆς
1261 5045 1443 5116 ψυχῆς
1469 5042 1638 5098 αὐτοῦ
1663 5044 1900 5116 δυνάμε-

311 5154 396 5192 σιν
413 5137 712 5207 ἁμαρτίαν,
743 5135 777 5205 ἦ
805 5135 888 5198 τίς
916 5136 1080 5206 (ἐστι)
1106 5135 1364 5206 στέρησις
1397 5134 1490 5190 τοῦ
1531 5136 1902 5207 πνευματικοῦ

309 5228 526 5302 καρποῦ
555 5229 662 5282 τῶν
701 5227 934 5298 ἀρετῶν.

386 5371 479 5434 ιγ’.
506 5365 676 5433 Γυνὴ
717 5365 922 5432 ἄφρων
949 5363 1048 5438 καὶ
1087 5363 1362 5433 θρασεῖα,
1414 5365 1630 5433 ἐνδεὴς
1689 5365 1902 5436 gramm“)

316 5456 562 5524 γίνεται.
615 5457 891 5510 Φαντασία
919 5458 1051 5529 -γὰρ
1110 5459 1452 5530 ἐστερημένη
1486 5458 1641 5522 θείας
1667 5460 1900 5524 ἐννοίας,

318 5545 412 5602 καῖ
463 5549 762 5620 προπετὴς,
799 5549 871 5612 ὡς
901 5549 1008 5620 πρὸ
1041 5550 1138 5619 τῆς
1190 5549 1334 5602 κατὰ
1369 5549 1527 5618 λόγον
1581 5549 1815 5620 κρίσεως
1843 5551 1903 5604 τὸ

317 5637 508 5693 δοκοῦν
563 5643 699 5714 αὐτῇ
733 5641 1014 5708 κρίνουσα,
1067 5643 1452 5712 συναπτομένη
1489 5643 1788 5709 ἀλογίστως
1822 5645 1898 5712 τῷ

321 5729 664 5805 ἡπατημένῳ
697 5735 826 5808 παρ’
885 5735 1052 5804 αὐτῆς
1079 5735 1174 5805 νῷ,
1211 5737 1268 5788 ἐν
1300 5735 1373 5805 τῷ
1395 5735 1491 5807 τὴν
1526 5737 1622 5806 μὲν
1659 5736 1900 5789 σύνοικον

2007 3236 2140 3293 pere
2173 3225 2372 3280 nititur
2399 3239 2486 3289 ea,
2522 3239 2646 3295 quae
2671 3224 2830 3294 quasi
2857 3239 3010 3288 aves,
3041 3224 3309 3280 velociter
3338 3239 3368 3279 a
3393 3225 3597 3280 nativi-

2008 3325 2123 3374 tate
2154 3319 2223 3372 ad
2263 3328 2496 3374 mortem
2529 3326 2850 3388 properant.

2079 3430 2353 3500 Relinquit
2384 3432 2496 3486 vias
2521 3433 2752 3500 propria:
2793 3431 2934 3485 vitis.
2965 3428 3252 3500 Relinquit
3299 3430 3392 3484 Dei
3438 3445 3595 3486 inan-

2005 3521 2133 3576 data
2156 3539 2278 3592 quae
2303 3525 2609 3578 secundum
2634 3523 3092 3594 recognitionem,
3117 3522 3332 3576 ducunt
3350 3521 3416 3576 ad
3438 3523 3594 3576 illum

2007 3614 2103 3684 qui
2137 3613 2298 3681 dixit,
2316 3613 2432 3684 Ego
2476 3629 2598 3668 sum
2635 3615 2784 3680 vitis,
2819 3613 3066 3668 divinum
3096 3612 3363 3681 Verbum,
3397 3612 3452 3666 in
3485 3628 3596 3682 quo

2005 3706 2286 3774 plantatus
2343 3715 2430 3760 est
2475 3705 2642 3760 homo
2683 3705 2985 3760 secundum
3033 3704 3304 3759 rationem
3361 3704 3597 3775 propria:

2001 3805 2238 3870 natura,
2299 3804 2358 3852 ut
2405 3807 2786 3861 sarmentum;
2837 3797 3049 3865 colens,
3100 3811 3224 3868 quae
3263 3797 3441 3851 instar
3481 3795 3596 3852 vini

2006 3903 2102 3944 cor
2131 3889 2387 3955 delectat,
2431 3905 2613 3945 rerum
2649 3889 2962 3945 scientiam.
3309 3892 3312 3896 ’

2077 4096 2148 4148 Et
2181 4109 2274 4162 per
2307 4095 2526 4150 semitas
2560 4097 2646 4149 sui
2677 4097 2795 4166 agri
2833 4104 3090 4166 pererrat.
3125 4094 3402 4152 Percurrit
3426 4085 3595 4151 intel-

2007 4184 2285 4256 ligentiam
2315 4193 2370 4240 et
2403 4200 2740 4252 sermonem,
2773 4189 2892 4258 qui,
2930 4189 3191 4242 virtutem
3221 4201 3346 4242 cum
3389 4185 3597 4242 doctri-

2006 4292 2098 4341 na,
2152 4279 2432 4348 propriam
2463 4293 2732 4344 messem,
2783 4279 3125 4336 conducunt.

2077 4392 2332 4447 Ambulat
2369 4409 2464 4462 per
2501 4393 2712 4450 deserta
2753 4395 3016 4464 inaquosa
3065 4402 3114 4448 et
3151 4400 3353 4448 terram
3397 4393 3452 4447 in
3501 4394 3595 4448 siti

2005 4487 2371 4540 constitutam.
2400 4487 2464 4540 Et
2502 4488 2806 4556 pertransit
2843 4487 3012 4540 vitam
3039 4483 3312 4554 spirituali
3341 4483 3593 4539 doctrina

2001 4583 2290 4644 egentem,
2338 4574 2578 4629 animam
2638 4589 2792 4629 more
2855 4587 3124 4643 aquarum
3197 4581 3258 4626 ut
3322 4572 3594 4626 virtutum

2005 4662 2219 4720 fructus
2259 4661 2403 4718 ferat
2441 4663 2750 4735 irrigante;
2787 4671 2842 4718 et
2871 4663 3084 4717 ﬁrmam
3123 4661 3256 4715 mali
3291 4671 3596 4716 consuetu-

1998 4755 2186 4812 dinem
2219 4755 2275 4810 in
2307 4755 2585 4811 mentibus
2611 4755 2776 4826 hujus
2803 4755 3007 4811 divinae
3031 4753 3300 4810 doctrina:
3342 4751 3590 4824 experti-

2005 4847 2110 4903 bus
2138 4847 2491 4929 explicatam.

2079 4941 2301 5028 Colligit
2339 4965 2520 5012 autem
2566 4957 2814 5012 manibus
2869 4957 3228 5012 sterilitatem.
3283 4955 3594 5028 Congregat

2007 5057 2188 5104 antem
2212 5049 2398 5120 quoad
2425 5049 2721 5106 eiﬁcaciam
2757 5049 2954 5104 activis
3003 5049 3202 5104 animae
3233 5065 3349 5106 sum.
3380 5050 3595 5106 viribus

2009 5150 2320 5214 peccatum,
2362 5157 2558 5216 nempe
2593 5143 2900 5215 spiritualis
2929 5141 3194 5198 virtutum
3232 5141 3446 5199 fructus
3482 5143 3596 5214 pri-

2009 5235 2309 5290 vatinnem.

2083 5365 2250 5424 Vens.
2295 5369 2380 5424 i3.
2418 5366 2618 5423 Mulier
2663 5367 2829 5422 stulta
2858 5377 2908 5422 et
2939 5365 3121 5421 audax
3145 5365 3380 5421 buecella
3409 5383 3594 5422 carens

2007 5462 2247 5530 efﬁcitur.
2297 5461 2589 5517 Phantasia
2621 5461 2766 5516 enim
2791 5449 2977 5516 divina
3009 5460 3349 5531 cogitatione
3381 5460 3596 5530 privata

2007 5564 2060 5606 et
2103 5557 2369 5623 praeceps,
2423 5561 2606 5622 utpote
2655 5567 2778 5622 qua:
2814 5567 2920 5606 non
2950 5550 3254 5607 secundum
3296 5549 3592 5612 rationem,

2010 5647 2103 5698 sed
2143 5646 2445 5698 secundum
2483 5645 2884 5713 ln'ncplat'itum
2919 5641 3154 5714 iudicat,
3197 5651 3251 5696 et
3296 5640 3595 5694 irrationa-

2011 5737 2195 5794 biliter
2262 5739 2427 5793 menti
2481 5741 2548 5793 ab
2609 5739 2723 5807 ipsa
2759 5739 3000 5810 decepta:
3067 5736 3327 5800 adlucrct,
3369 5735 3594 5805 quando
