3958 6400
421 307 554 372 1⁸οἸ

1750 294 2105 355 PROCOPII
2146 296 2290 359 GAZ
2311 296 2392 354 'ii'l

3533 296 3651 363 1308

417 433 576 476 meus
606 395 1016 470 cohabitantem
1056 409 1382 482 sapientiam
1428 405 1657 475 deserit,
1707 415 1762 462 et
1797 421 1999 476 pravus

2145 406 2298 474 οφίαν
2357 403 2648 458 ἀπολιπεῖν
2705 403 2888 466 αὑτὸν,
2957 401 3076 472 μετ’
3123 398 3290 456 αὑτοῦ
3318 401 3376 455 δῖ
3411 409 3656 476 πονηροὺς

419 511 562 584 apud
614 525 675 565 se
725 505 1030 564 sententias
1077 511 1324 576 generat,
1362 503 1464 557 hac
1507 499 1722 556 ratione
1752 498 2003 570 privatur

418 617 541 674 qua:
563 601 802 666 annuas;
835 611 990 652 more
1021 595 1203 666 panis,
1242 592 1416 648 nutrit
1454 605 1520 646 ac
1552 590 1754 646 ﬁrmat.

494 717 626 782 Quae
655 732 759 771 non
811 712 951 768 novit
989 707 1376 764 uerecundiam.
1414 705 1548 772 Quae
1604 701 1920 776 phantasia,
1959 700 2004 755 si

417 815 544 878 post
578 815 734 861 actus
765 811 957 873 turpes
983 801 1062 855 illi
1093 816 1158 855 ex
1192 801 1406 854 ratione
1437 797 1659 852 illuceat
1704 793 2006 864 reprehen»

423 903 530 966 sio,
567 915 678 954 non
713 893 1122 952 animadvertit.

495 1011 665 1068 Vens.
715 1008 803 1063 14.
861 1006 1010 1062 Sedit
1056 1005 1111 1058 in
1161 1003 1364 1073 foribus
1395 1000 1584 1054 domus
1623 1011 1758 1053 suat.
1801 994 2008 1050 insedit

425 1105 567 1160 enim
619 1099 931 1158 istiusmodi
963 1096 1254 1168 phantasia
1304 1094 1359 1148 in
1406 1093 1474 1147 iis
1524 1105 1646 1160 quae
1689 1089 1759 1142 ad
1806 1087 2006 1156 ipsam,

426 1196 626 1253 forium
661 1195 857 1258 instar,
894 1189 1178 1244 adducunt
1207 1201 1301 1254 per
1332 1197 1531 1238 sensus
1560 1179 1859 1234 visibilium
1892 1190 2008 1231 ma-

427 1285 858 1346 nifestutionem,
891 1293 1089 1349 nempe
1116 1278 1171 1331 in
1201 1273 1472 1330 domicilii
1510 1271 1674 1341 hujus
1703 1265 2007 1326 secundum

425 1382 680 1429 naturam
707 1367 890 1425 carnei
945 1362 1234 1421 sensoriis.

493 1476 668 1558 Super
695 1483 884 1540 sellam
910 1479 1114 1536 excelse
1149 1479 1202 1530 in
1233 1475 1445 1546 plateis.
1493 1469 1866 1526 Substernens
1896 1466 2004 1524 sibi

427 1599 526 1656 per
552 1577 908 1660 cupiditatem
939 1580 993 1628 et
1037 1569 1313 1632 ardorem,
1345 1575 1608 1636 tanquam
1645 1562 1885 1631 aliquem
1917 1575 2035 1615 exn

429 1650 796 1730 celsissimum
841 1669 1124 1728 thronum,
1161 1661 1217 1714 in
1255 1659 1424 1714 vastis
1455 1657 1619 1726 hujus
1671 1657 1763 1726 qui
1798 1667 1894 1724 per
1919 1650 2014 1706 de-

428 1767 589 1823 licias
617 1769 703 1820 est
727 1759 1002 1822 interitus,
1026 1753 1133 1811 viis
1166 1749 1602 1822 intelligentiam.

506 1879 674 1935 Vsus.
733 1873 821 1929 15.
873 1870 1078 1926 Vocans
1140 1872 1470 1922 transeuntes
1534 1869 1585 1916 et
1639 1866 1906 1930 pergentes
1958 1857 2014 1910 in

432 1969 711 2029 itineribus
761 1965 894 2022 suis.
960 1961 1223 2016 Alliciens
1253 1971 1348 2012 eos
1389 1953 1483 2027 qui
1527 1953 1671 2006 hanc
1710 1959 2010 2006 momenta-

435 2076 595 2118 ueam
653 2056 984 2129 percurrunt
1044 2049 1234 2110 vitam,
1281 2059 1404 2108 nec,
1448 2044 1504 2096 in
1545 2041 1664 2096 suis
1705 2054 1804 2112 per
1846 2037 2014 2093 vitam

435 2152 656 2214 studiis,
685 2144 934 2205 molestis
965 2139 1299 2198 occursibus
1320 2143 1628 2202 vexantur;
1657 2141 1713 2188 et
1735 2129 2018 2202 sapientiae

434 2259 496 2302 se
523 2243 810 2298 adversam
843 2243 1096 2292 statuens
1129 2233 1246 2284 hinc
1275 2228 1401 2283 illos
1432 2227 1613 2282 docet.

511 2437 674 2492 Vens.
701 2431 789 2488 16.
829 2429 935 2498 Qui
964 2441 1031 2482 ea:
1065 2424 1207 2481 vobis
1245 2432 1324 2478 est
1359 2419 1883 2490 imprudentissimus
1925 2417 2018 2472 de-

433 2530 592 2584 clinet
643 2525 712 2581 ad
741 2540 842 2578 me.
881 2519 1210 2589 Quicunque
1253 2517 1419 2587 igitur
1484 2513 1574 2568 Dei
1631 2509 2023 2582 cogitatiomm

435 2601 679 2678 nondum
713 2617 821 2673 fert
852 2617 906 2669 in
941 2627 1043 2669 sua
1076 2617 1279 2675 mente,
1313 2607 1380 2663 ad
1419 2621 1509 2662 me
1537 2604 1743 2670 veniat,
1789 2602 2019 2656 deorum

447 2709 857 2768 multitudinem
897 2703 1199 2761 docendus.

511 2825 581 2880 Ει
607 2825 697 2896 qui
721 2835 879 2876 sensu
901 2825 1107 2883 carent,
1135 2831 1224 2870 eos
1247 2814 1431 2868 hortor
1457 2813 1657 2868 dicens.
1714 2811 1778 2866 Et
1809 2826 1902 2866 eos
1931 2810 2024 2882 qui

438 2921 713 2974 noverunt
745 2913 966 2983 quidem
997 2908 1191 2971 Deum,
1242 2906 1502 2960 mandata
1533 2913 1718 2960 autem
1754 2903 1874 2974 ejus
1915 2917 2026 2958 non

441 3018 687 3069 servant,
721 3003 900 3060 invito
934 3000 1194 3056 dictitans
1231 3013 1246 3050 :

2103 496 2419 551 ἀποτίκτειν
2486 493 2804 564 λογισμοὺς,
2860 495 3134 565 στερετται
3189 493 3288 546 τοῦ
3335 493 3488 564 δίκην
3511 497 3658 566 ἄρτου

2105 587 2400 661 τρέφοντος
2430 586 2528 640 καὶ
2551 585 2904 658 στηρίζοντος
2925 584 3024 648 τὰς
3045 583 3227 654 ψυχὰς
3253 582 3436 652 λόγου.

2181 703 2253 756 Ἦ
2276 703 2389 754 οὐκ
2430 697 2748 755 ἐπίσταται
2779 697 3107 768 αἰσχύνην.
3145 693 3220 749 Ἦ
3251 709 3340 758 τις
3393 696 3660 764 φαντασία,

2104 793 2204 864 τῆς
2230 793 2295 846 ὲκ
2321 790 2417 847 τοῦ
2467 790 2628 859 λόγου
2679 786 3114 860 ἐπιφαινομένης
3134 787 3278 858 αὐτῇ
3309 785 3560 857 μέμψεως
3583 789 3662 842 ἐπὶ

2105 886 2218 948 τοῖς
2240 885 2488 954 αἱσχρλίς
2517 882 2942 970 ἐγχειρήμασιν,
2974 879 3076 934 οὐκ
3095 877 3442 933 deum”.

2180 994 2263 1050 ιδ’.
2309 992 2621 1048 Ἐκάθισεν
2651 991 2752 1046 ἐπὶ
2816 991 3024 1059 θύραις
3071 988 3180 1044 τοῦ
3227 985 3452 1056 ἑαυτῆς
3493 987 3666 1043 οἴκου.

2121 1087 2394 1160 Ἦδρὰσθη
2423 1085 2592 1158 γὰρὴ
2623 1083 2850 1155 τοιαύτη
2894 1081 3169 1154 φαντασία
3216 1081 3311 1134 ἐπὶ
3372 1081 3484 1144 τοῖς
3533 1077 3669 1151 δίκην

2110 1184 2294 1256 θυρῶν
2318 1183 2602 1254 εἰσάγουσι
2631 1183 2769 1255 πρὸς
2800 1179 2996 1253 αὐτὴν,
3031 1181 3152 1236 κατ’
3173 1179 3448 1252 αἴσθησιν,
3474 1178 3670 1248 τὴντῶν

2109 1275 2323 1347 ὁρατῶν
2348 1276 2671 1346 ἐπιφάνειαν
2708 1273 3086 1347 αἰσθητηρίοις
3121 1271 3216 1326 τοῦ
3251 1270 3398 1326 κατὰ
3426 1270 3578 1338 φύσιν
3603 1272 3689 1325 οίε

2111 1367 2376 1440 κητηρίου
2403 1369 2610 1439 ταύτης
2629 1367 2881 1438 σαρκίον.

2195 1481 2321 1536 Ἐπὶ
2341 1482 2554 1552 δίφρου
2595 1482 2875 1552 ἐμφανῶς
2905 1481 2976 1536 ἐν
3003 1457 3348 1546 πλατείαις..
3384 1477 3674 1550 Ὕποστρώ-

2115 1591 2259 1629 σασα
2285 1575 2455 1644 ἑαυτῇ
2508 1573 2631 1628 κατ’
2677 1573 2976 1644 ἐπιθυμίαν
3007 1572 3103 1626 καὶ
3160 1571 3358 1640 θυμὸν,
3391 1569 3452 1622 τὸ
3479 1568 3672 1636 διανοη-

2113 1665 2287 1730 τικδν,
2321 1663 2398 1728 ὥς
2427 1681 2553 1720 τινα
2587 1665 2922 1736 ὑψηλότατον
2973 1663 3186 1734 θρόνον,
3213 1665 3272 1716 ὲν
3302 1663 3424 1724 ταῖς
3455 1657 3676 1732 εὐρυχώ-

2044 1745 2092 1806 Β
2123 1775 2236 1829 ροις
2272 1757 2392 1812 καθ’
2421 1759 2758 1828 ἡδυπάθειαν
2779 1759 2878 1830 τῆς
2907 1757 3186 1821 ἀπωλείας
3218 1756 3384 1819 ὁδοῖς.

2191 1868 2271 1922 ιε’.
2303 1867 2820 1939 Προσκαιουμένη
2851 1867 2993 1934 τοὺς
3046 1868 3396 1938 παριόντας,
3433 1864 3528 1920 καὶ
3555 1879 3682 1918 κατ-

2095 1952 2490 2028 ἐυθύνοντας
2507 1960 2578 2014 ἐν
2594 1961 2726 2027 ταῖς
2753 1961 2918 2028 ὁδοῖς
2935 1959 3156 2015 αὐτῶν.
3181 1958 3554 2029 Ἐφελκύμενη
3571 1958 3680 2021 τοὺς

2121 2053 2219 2126 τὴν
2252 2053 2554 2126 παροδικὴν
2585 2054 2792 2125 ταύτην
2843 2053 3297 2124 διεξερχομένους
3323 2049 3488 2121 ζωὴν,
3520 2049 3608 2104 καὶ
3633 2049 3684 2103 ἐν

2120 2148 2236 2209 τοῖς
2266 2145 2409 2200 κατὰ
2437 2146 2531 2199 τὸν
2558 2146 2677 2218 βίον
2723 2145 3157 2219 ἐπιτηδεύμασιν
3208 2143 3415 2207 αὐτῶν,
3453 2142 3524 2212 μή
3559 2157 3685 2194 τισιν

2123 2238 2372 2309 ἀνιαροῖς
2395 2230 2824 2306 ἐντυγχάνοντας
2854 2238 3232 2308 συναντήμασι
3258 2253 3271 2266 ·
3303 2235 3398 2289 καὶ
3447 2232 3684 2296 ἐναντίως

2123 2333 2191 2402 τῆ
2219 2331 2382 2402 σοφίᾳ
2408 2331 2536 2385 τάδε
2565 2331 2778 2394 τούτοις
2800 2331 3068 2386 διδάσκει.

2199 2450 2297 2509 ις’.
2324 2443 2432 2508 ’⁸ος
2455 2445 2628 2498 ἐστιν
2681 2443 2852 2513 ὑμῶν
2903 2436 3687 2514 ἀφρονέστατος-ἐκκλινάτω

2127 2536 2278 2605 πρός
2295 2553 2391 2606 με.
2425 2537 2524 2600 Ὃς
2547 2553 2632 2602 τις
2663 2533 2758 2610 οξν
2789 2537 2998 2591 ἔννοιαν
3041 2535 3180 2590 Θεοῦ
3215 2535 3344 2605 μηδ’
3379 2529 3616 2587 ὁπωσοῦν
3639 2531 3688 2582 ἐν

2127 2631 2194 2699 τῇ
2211 2629 2384 2682 αὑτοῦ
2412 2629 2702 2701 περιφέρει
2723 2629 2892 2701 ψυχῇ,
2915 2627 3117 2682 ἐλθέτω
3143 2627 3285 2700 πρός
3314 2642 3406 2698 με,
3430 2620 3690 2678 πολυθεῖαν

2131 2721 2610 2793 διδαχθησόμενος.
2783 2792 2790 2802 ’

2204 2832 2314 2887 Καὶ
2335 2831 2458 2898 τοῖς
2491 2831 2726 2886 ἐνδεέσι
2779 2829 3018 2903 φρενῶν
3065 2831 3570 2898 παρακελεύομαι,
3601 2826 3690 2882 λέ-

2133 2937 2351 2994 γουσα.
2410 2925 2518 2977 Καὶ
2553 2927 2667 2987 τοῖς
2713 2923 3048 2992 γινώσκουσι
3096 2923 3194 2994 μὲν
3253 2923 3412 2984 Θεὸν,
3443 2920 3696 2984 τὰςδῚν-

2134 3017 2296 3082 τολὰς
2315 3016 2481 3073 αὐτοῦ
2512 3017 2586 3088 μὴ
2613 3015 2864 3088 τηροῦσι,
2897 3016 3151 3088 παραινῶ
3179 3014 3470 3086 φάσκουσα
3487 3030 3504 3046 ο

515 3123 682 3176 Vens.
715 3119 806 3173 i7.
836 3117 1038 3171 Panem
1065 3111 1434 3168 absconditum
1464 3111 1658 3174 capite.
1691 3108 1871 3180 Opera
1904 3122 2026 3180 quae

2205 3130 2289 3196 ιζ’.
2330 3132 2562 3199 Ἀρτων
2587 3132 2857 3202 κρυφίων
2878 3131 3140 3201 ἄψασθε.
3204 3131 3428 3203 Ἔργων
3481 3127 3585 3182 τῶν
3611 3125 3699 3197 τὴν

441 3215 668 3271 malitiae
723 3210 965 3265 habitum
1027 3217 1089 3262 ut
1151 3205 1374 3274 quidam
1428 3219 1598 3275 panes
1655 3204 1929 3269 nutriunt,
1973 3213 2028 3257 et

445 3305 638 3361 oculos
689 3301 971 3357 hominum
1039 3296 1234 3351 fallunt
1279 3304 1487 3359 tamen,
1536 3309 1662 3349 eum
1717 3294 1900 3350 laetitia
1930 3309 2028 3365 gu-

443 3405 608 3454 state.

517 3507 589 3562 Et
657 3521 850 3577 aquam
903 3503 1046 3574 furto
1093 3502 1330 3557 ablatam
1393 3508 1445 3554 et
1509 3499 1799 3554 dulciorem
1853 3499 2069 3570 Μοὺθ.-

445 3603 514 3658 Ει
545 3599 891 3657 sensibilium
913 3596 1224 3660 scientiam,
1258 3602 1316 3647 ut
1350 3591 1598 3662 quaedam
1655 3607 1798 3663 aqua
1828 3591 2036 3648 excitat

447 3693 617 3758 sitim,
670 3691 1005 3746 excitantem
1045 3687 1115 3741 ad
1171 3687 1288 3742 haec
1349 3684 1786 3739 irrationabilem
1839 3682 2038 3739 auiniat

449 3783 894 3855 propensionem,
946 3795 1014 3835 eo
1078 3779 1226 3850 quod
1314 3793 1470 3832 meus
1503 3777 1802 3846 voluptatis
1837 3776 2038 3848 gaudio

448 3879 738 3945 arripitur,
777 3874 844 3927 ad
880 3871 1187 3927 satietatem
1232 3868 1655 3940 aggrediamini.

523 3965 688 4022 Vens.
732 3965 815 4020 l8.
863 3963 964 4018 Ille
997 3972 1175 4017 autem
1215 3963 1431 4016 nesciri!
1463 3960 1601 4031 quod
1627 3961 1863 4030 gigantes
1895 3959 2038 4028 apud

447 4076 566 4118 eam
605 4065 841 4128 pereant,
865 4065 915 4110 et
939 4057 1006 4109 ad
1039 4053 1398 4124 lignainferni
1435 4054 1687 4108 occurrit.
1715 4052 1819 4118 Qui
1855 4059 2038 4106 autem

449 4153 536 4209 illi
563 4150 775 4214 obedit,
808 4149 1026 4220 ignorat
1058 4163 1156 4202 eos
1190 4149 1283 4218 qui
1356 4153 1584 4201 terrena
1639 4145 1906 4216 cogitant,
1943 4159 2042 4214 per

452 4245 603 4299 illam
637 4250 870 4297 mortem
908 4240 1110 4295 animae
1159 4241 1263 4296 sibi
1315 4240 1618 4296 attrahere.
1656 4237 1782 4293 Ideo
1820 4245 1877 4294 et
1924 4237 2043 4308 ipse

453 4335 508 4388 in
543 4329 876 4403 perditionis
909 4327 1232 4383 barathrum
1270 4327 1488 4382 incidit.
1541 4323 1608 4378 Et
1653 4323 1770 4379 [nec
1817 4323 2042 4394 quidem

453 4423 614 4480 eliicit
637 4433 882 4494 praeceps
928 4419 1240 4491 phantasia.
1277 4417 1358 4474 Tu
1399 4431 1528 4474 vero
1563 4415 1722 4488 longe
1749 4416 1818 4472 ab
1850 4415 1944 4470 illa
1974 4416 2043 4472 ad

454 4515 726 4606 rationem
768 4511 1110 4584 cogitatione
1139 4519 1230 4566 tua
1257 4509 1516 4568 ascende.
1595 4571 1605 4592 ‘

531 4710 635 4767 Sed
661 4709 856 4781 anfuge
873 4725 894 4775 ,'
916 4725 996 4766 .ne
1031 4706 1208 4762 tardes
1238 4708 1291 4761 in
1318 4708 1434 4763 loco
1464 4705 1598 4778 ejus.
1625 4703 1705 4762 Ne
1734 4699 2046 4780 immoraris

455 4801 799 4860 sensibilium
838 4800 1000 4864 visui,
1041 4815 1204 4870 quem
1237 4801 1416 4854 solum
1455 4797 1746 4870 phantasia
1800 4793 2044 4852 circum-

456 4896 664 4958 l'creus,
689 4909 880 4951 eorum
905 4908 1036 4948 vero
1059 4891 1127 4946 ad
1161 4893 1429 4948 rationem
1453 4888 1662 4960 absque
1682 4886 2045 4961 intelligentia

453 4987 769 5058 pertingere
824 4997 934 5040 non
980 4983 1194 5049 valens,
1226 4982 1282 5036 iu
1321 4997 1403 5048 se,
1438 4991 1500 5036 ut
1537 4981 1594 5034 in
1645 4977 1872 5052 proprio
1901 4978 2044 5045 loco,

457 5078 748 5134 describit.

528 5169 614 5225 Ne
635 5167 892 5225 sustollas
931 5165 1143 5222 oculum
1177 5177 1326 5220 tuum
1377 5165 1446 5220 ad
1493 5163 1668 5220 illam.
1692 5161 1771 5219 Ne
1799 5163 2048 5218 inconsi-

457 5260 646 5315 derate
711 5259 1105 5330 intelligentem
1163 5259 1384 5314 oculum
1449 5269 1604 5312 tuum
1663 5255 1766 5326 ipsi
1823 5255 2048 5327 adaptes

455 5351 799 5426 phantasia;
835 5365 960 5407 cum
1015 5351 1199 5422 possis
1229 5366 1351 5406 eam
1388 5366 1484 5421 per
1506 5349 1899 5420 cogitationem
1940 5349 2051 5404 cir-

457 5441 826 5511 cumspicere,
846 5450 902 5496 et
925 5442 1176 5498 rationes
1233 5457 1418 5497 rerum
1451 5440 1640 5498 videre
1659 5447 1716 5496 et
1748 5438 1816 5494 ad
1847 5439 2050 5494 verita-

459 5548 568 5594 tem
596 5533 654 5588 in
690 5533 969 5589 universis
999 5534 1336 5605 pertingere.

527 5650 620 5708 Sic
655 5651 796 5706 enim
832 5650 1086 5705 transibis
1117 5665 1312 5722 aquam
1351 5649 1704 5720 peregrinam.
1741 5647 1857 5703 Hoc
1887 5649 2050 5702 modo

459 5746 608 5803 enim
647 5761 756 5800 non
787 5745 1123 5802 madefactus
1164 5746 1428 5802 transibis
1462 5745 1592 5799 illud
1633 5763 1742 5800 non
1785 5747 1853 5799 ab
1892 5747 2050 5799 initio

2119 3223 2249 3298 egw
2293 3225 2394 3294 τῆς
2442 3225 2643 3288 κακίας
2686 3224 3016 3294 τρεφόντων,
3071 3220 3162 3278 οἷά
3188 3239 3354 3278 τινων
3392 3224 3587 3294 ἄρτων,
3617 3219 3700 3273 καὶ

2137 3315 2514 3370 λανθανόντων
2541 3315 2857 3387 ὀφθαλμοὺς
2881 3314 3208 3388 ἀνθρώπων,
3243 3315 3370 3388 μεθ’
3386 3315 3575 3387 ἡδονῆς
3595 3311 3700 3384 γεύο

2142 3405 2329 3461 σασθε.

2211 3515 2323 3571 Καὶ
2357 3516 2576 3584 ὕδατος
2617 3516 2858 3586 κλοπῆς
2887 3517 3189 3589 γλυκεροῦ
3217 3520 3410 3576 alere.
3446 3519 3555 3574 Καὶ
3579 3514 3700 3588 γνῶ»

2145 3623 2282 3670 σεως
2307 3607 2415 3662 τῶν
2439 3609 3068 3682 αἰσθητῶν,παραμυθου
3078 3611 3246 3682 μένης
3274 3607 3372 3666 οἷά
3393 3611 3502 3684 πέρ
3517 3629 3566 3664 τι
3581 3611 3700 3676 ὕδωρ

2143 3699 2304 3770 δίψης
2333 3699 2705 3772 παραμύθιον,
2729 3701 2829 3772 τὴν
2862 3702 2994 3772 περὶ
3017 3703 3194 3756 ταῦτα
3213 3702 3313 3772 τῆς
3334 3703 3512 3774 ψυχῆς
3531 3701 3701 3768 ἄλογον

2145 3790 2346 3860 ὄρεξιν,
2379 3793 2444 3845 ἐκ
2468 3789 2564 3844 τοῦ
2607 3791 2940 3846 κλέπτεσθαι
2959 3793 3052 3846 τὸν
3079 3793 3205 3847 νοῦν
3232 3793 3310 3866 τῷ
3336 3793 3466 3868 λείῳ
3491 3793 3585 3864 τῆς
3607 3791 3705 3865 ἠδο-

2145 3885 2265 3953 νῆς,
2295 3883 2375 3944 είς
2399 3883 2561 3954 κόρον
2593 3884 2915 3955 μετάσχετε.

2219 3979 2309 4044 ιη’.
2351 3974 2416 4028 Ὃ
2443 3975 2512 4028 δὲ
2538 3977 2650 4030 οὐκ
2675 3973 2838 4034 οἶδεν
2863 3976 2954 4030 ὅτι
2982 3976 3256 4048 γηγενεῖς
3277 3977 3419 4048 παρ’
3435 3974 3585 4046 αὐτῇ
3611 3974 3704 4029 ὄλ·

2145 4069 2362 4121 λυνται
2386 4083 2400 4095 ·
2431 4065 2532 4119 καί
2561 4065 2660 4130 ἐπὶ
2684 4064 2986 4134 πέταυροι·
3035 4065 3188 4134 ᾅδου
3236 4064 3534 4132 συναντᾷ.
3576 4063 3630 4116 ’0
3658 4059 3706 4114 δὲ

2147 4157 2326 4232 ταύτῃ
2357 4157 2704 4228 πειθόμενος,
2736 4157 2922 4226 ἀγνοεῖ
2955 4159 3058 4213 ’ὅτι
3099 4158 3168 4212 δι’
3187 4157 3367 4228 αὐτῆς
3385 4159 3433 4213 oi
3466 4156 3533 4210 τὰ
3565 4158 3707 4226 γήϊνα

2150 4247 2497 4321 φρονοῦντες,
2513 4248 2735 4318 ὄλεθρον
2751 4249 3094 4304 ἐπισπῶνται
3115 4251 3318 4322 ψυχῆς,
3342 4250 3452 4306 Καὶ
3467 4249 3551 4302 διὰ
3570 4245 3708 4299 τοῦτο

2149 4340 2246 4394 καὶ
2279 4340 2445 4406 αὐτὸς
2469 4341 2552 4405 εἰς
2585 4341 2646 4394 τὸ
2667 4341 2768 4413 τῆς
2796 4341 3077 4406 ἀπωλείας
3127 4343 3373 4414 καταντᾷ
3421 4337 3705 4412 βάραθρον

2075 4471 2123 4530 D
2152 4433 2248 4488 καὶ
2279 4432 2456 4488 ταῦτα
2500 4431 2602 4507 μὲν
2629 4435 2663 4508 ὴ
2695 4433 2977 4506 προπετὴς
3015 4431 3292 4504 φαντασία
3325 4451 3340 4466 ο
3373 4433 3508 4487 ἀλλὰ
3535 4431 3595 4484 σὺ
3625 4443 3708 4480 τα-

2151 4529 2293 4600 χέως
2341 4528 2438 4582 ἀπ’
2489 4529 2663 4600 αὐτῆς
2719 4527 2970 4602 causam;
3032 4527 3172 4600 πρὸς
3225 4527 3386 4598 λόγον
3429 4525 3568 4582 κατὰ
3613 4519 3710 4576 διά-

2151 4634 2321 4673 νοιαν.

2219 4712 2380 4768 Ἀλλ’
2411 4711 2840 4784 ἀποπήδησον,
2867 4711 2954 4782 μὴ
2993 4711 3293 4783 χρονίσῃς
3316 4711 3388 4766 ἐν
3431 4707 3584 4774 τόπῳ
3617 4704 3708 4760 αὐ-

2149 4801 2282 4871 τῆςο
2309 4800 2403 4873 Μὴ
2431 4799 2778 4876 ἐμϐραδύνῃς
2795 4804 2859 4876 τῇ
2881 4803 2988 4857 τῶν
3018 4803 3294 4877 αἰσθητῶν
3326 4799 3631 4874 ἐπιφανείᾳ,
3654 4795 3710 4868 ἢν

2151 4898 2186 4968 ἡ
2221 4897 2496 4966 φαντασία
2552 4895 2932 4969 περιφέρουσα
2988 4897 3178 4970 μόνην,
3210 4897 3347 4970 πρὸς
3375 4897 3432 4951 δὲ
3459 4895 3578 4956 τοὺς
3603 4887 3711 4944 τοῦ-

2149 5005 2262 5044 των
2287 4983 2500 5058 λόγους,
2548 4989 2795 5054 διανοίας
2814 4991 2984 5063 χωρὶς
3017 4987 3272 5062 διαϐῆναι
3309 4988 3383 5062 μὴ
3403 4983 3707 5056 δυναμένης,

2151 5081 2212 5134 ὲν
2234 5081 2369 5152 αὐτῇ
2401 5081 2810 5152 περιγράφεται
2838 5081 2912 5146 ὡς
2947 5081 3004 5135 ἐν
3033 5081 3186 5153 τόπῳ
3211 5080 3346 5152 ἰδίῳ.

2225 5169 2394 5240 Μηδὲ
2435 5170 2782 5241 ἐπιστήσῃς
2829 5169 2946 5226 σὺν
2999 5171 3156 5242 ὄμμα
3183 5171 3333 5241 πρὸς
3353 5165 3562 5235 αὐτὴν.
3588 5158 3712 5230 Mn?

2151 5264 2576 5338 ἀπερισκέπτως
2613 5267 2675 5320 τὸ
2704 5266 2891 5336 νοερὸν
2919 5264 3074 5337 ὄμμα
3101 5283 3196 5320 σου
3243 5265 3378 5335 αὐτῇ
3445 5251 3712 5333 προσερεί-

2155 5373 2256 5428 σῃς
2284 5360 2351 5428 τῇ
2387 5359 2682 5430 φαντασία·
2713 5357 3015 5430 δυνάμενος
3064 5357 3272 5430 ταύτην
3307 5355 3448 5411 κατὰ
3495 5353 3712 5407 διάνοιαν

2153 5448 2622 5520 περισκέπτεσθαι
2647 5467 2660 5481 ⁸
2697 5451 2946 5511 καὶτοὺς
2985 5450 3177 5520 λόγους
3220 5449 3330 5502 τῶν
3373 5448 3540 5502 ὄντων
3561 5441 3711 5513 ὀρᾷνν

2155 5542 2250 5594 καὶ
2278 5540 2416 5610 πρὸς
2434 5540 2532 5612 τὴν
2561 5543 2621 5594 ὲν
2645 5541 2790 5606 ὅλοις
2813 5540 3112 5597 διαϐαίνειν
3142 5541 3429 5614 ἀλήθειαν.

2227 5653 2395 5705 Οὕτω
2417 5651 2526 5722 γὰρ
2555 5652 2820 5726 διαϐήσῃ
2846 5654 3002 5724 ὕδωρ
3029 5654 3372 5723 ἀλλότριον.
3415 5647 3565 5703 Κατά
3609 5637 3692 5697 τοῦ

2153 5761 2244 5797 τον
2271 5744 2382 5814 γὰρ
2417 5745 2510 5797 τὸν
2540 5747 2762 5814 τρόπον,
2789 5745 3039 5818 ἀϐρόχως
3069 5746 3285 5820 διέλθῃς
3321 5744 3418 5814 τὴν
3444 5743 3516 5813 μὴ
3543 5738 3598 5802 ἐξ
3625 5737 3722 5805 ἀρ’.
