3958 6448
397 337 525 402 1311
784 363 788 366 ·
1655 342 1960 404 PROCOPJ

2109 345 2295 403 AZdil
3526 342 3669 406 i312

386 451 646 504 acerbam
678 449 847 505 vitam
881 462 1198 514 convertet;
1234 453 1455 522 quando
1483 451 1703 522 quidem
1737 462 1792 507 et
1827 469 1949 522 prae-

2100 457 2145 518 ἰς
2201 454 2468 526 ὀδυνηρὰν
2527 455 2748 520 πάντως
2801 455 3156 528 περιτρέψειο
3196 455 3255 506 ὲν
3278 453 3356 526 τῷ
3387 472 3520 508 ποτε
3567 459 3663 512 καὶ

386 541 639 598 sentibus
677 543 1041 613 privabuntur
1069 554 1124 600 et
1159 544 1343 598 futura
1385 558 1494 599 non
1537 551 1926 614 assequentur.

2106 547 2176 600 ὦν
2209 549 2498 618 παρόντων
2549 547 2886 620 στερηθῆναι
2919 549 3140 615 αὐτοὺς,
3170 547 3403 602 καὶτῶν
3435 548 3669 620 μελλόν-

564 691 582 705 _
2071 657 2180 693 των
2206 639 2280 710 μὴ
2307 641 2612 710 ἐπιτυχεῖν.
2989 645 3016 654 ”

456 738 621 798 Vens.
645 743 698 799 4.
727 743 1025 812 Paupertas
1049 743 1218 798 virum
1243 743 1512 812 deprimit.
1537 743 1748 802 Etenim
1780 743 1968 800 oriens

2137 728 2200 783 δ’.
2231 729 2417 784 Πενία
2439 729 2629 800 ἄνδρα
2652 729 2941 785 ταπεινοῖ.
2991 729 3105 783 Καὶ
3125 728 3236 801 γάρ
3261 730 3296 800 ἡ
3320 727 3380 796 ἐξ
3399 728 3671 800 ἀμελείας

383 850 448 890 cx
488 837 815 906 negligentia
846 835 1217 905 spiritualium
1246 835 1405 906 juxta
1431 835 1740 912 doctrinam
1768 843 1823 890 et
1853 835 1946 889 viri

2109 821 2342 892 ποτυχία
2366 822 2462 876 τοῦ
2492 823 2636 878 κατὰ
2681 823 2887 893 γνῶσιν
2916 823 3013 876 καὶ
3047 822 3252 894 ἀρετὴν
3283 821 3667 892 πνευματικοῦ

387 933 552 980 tntem
572 927 884 980 divitiarum
905 927 1227 995 indigentia,
1255 943 1384 982 eum
1405 927 1501 998 qui
1533 911 1699 983 humo
1743 927 1950 996 quideni

2112 913 2324 982 λούτου,
2351 915 2443 968 τὸν
2471 914 2789 986 ὑπάρχοντα
2815 915 2984 986 ἄνδρα
3021 915 3143 985 μὲν,
3171 911 3248 979 ὡς
3277 913 3440 982 φύσει
3469 931 3673 986 κεκτη-

381 1024 488 1080 cst,
521 1033 642 1070 cum
691 1027 882 1072 natura
927 1019 1158 1074 sortitus
1195 1020 1267 1074 sit
1299 1019 1367 1074 ad
1400 1019 1495 1075 Dei
1542 1019 1835 1089 imaginem
1869 1033 1944 1088 pol

2110 1005 2232 1059 ιένον
2271 1005 2392 1060 κατ’
2425 1004 2612 1061 εἰκόνα
2663 1005 2798 1060 Θεοῦ
2855 1006 3086 1078 δύναμιν
3126 1006 3426 1078 δραστικήν
3458 1023 3521 1060 τε
3569 1005 3673 1061 καὶ

382 1109 606 1160 tentiam
641 1113 876 1162 activam
913 1117 966 1162 et
999 1109 1270 1175 liberam;
1305 1124 1430 1164 eum
1456 1123 1588 1164 vero
1623 1109 1714 1178 qui
1741 1123 1850 1162 non
1883 1123 1941 1163 es

2109 1095 2439 1163 ύτεξούσιον,
2465 1097 2566 1150 οὐκ
2599 1097 2845 1170 ἀνδρεῖον
2867 1097 2944 1166 δὲ,
2963 1097 3040 1162 ὡς
3069 1099 3397 1170 προαιρέσει
3427 1099 3506 1170 μὴ
3539 1099 3670 1152 ἐπι-

381 1195 579 1260 virilis,
616 1197 819 1266 quippe
861 1197 954 1266 qui
995 1213 1104 1252 non
1141 1198 1406 1267 operibus
1444 1214 1542 1252 sua
1571 1198 1844 1252 electione
1874 1213 1944 1253 osi

2103 1187 2416 1258 εικνύμενον
2436 1187 2620 1260 ἔργοις
2645 1190 2768 1243 καθ’
2828 1189 3088 1262 ὁμοίωσιν
3118 1189 3255 1244 Θεοῦ
3281 1191 3342 1246 τὸ
3377 1192 3480 1262 τῆς
3507 1193 3666 1263 εἰρη-

380 1286 619 1340 tvnderit
673 1287 741 1341 ad
801 1287 892 1342 Dei
935 1288 1350 1344 similitudinem
1395 1289 1563 1358 hujus
1615 1289 1943 1345 rationabili:

2158 1296 2241 1349 In;
2281 1278 2508 1354 λργικῆς
2572 1280 2859 1351 δυνάμεως
2911 1281 3208 1353 δραστικόν
3240 1298 3302 1335 τε
3363 1282 3456 1335 καὶ
3511 1282 3672 1336 ὲλευ-
3709 1287 3721 1296 ”

380 1377 636 1444 putentia:
662 1379 766 1432 vim
803 1387 858 1433 et
902 1379 1233 1446 libertatem,
1280 1381 1334 1435 in
1384 1360 1846 1436 irrationabilium
1876 1395 1943 1436 cu

2108 1368 2273 1440 ἔριον,
2322 1371 2553 1438 κατάγει
2603 1373 2684 1436 εἰς
2731 1371 2980 1427 δουλείαν
3051 1372 3267 1443 ἀλόγων
3327 1373 3520 1428 παθῶν
3570 1375 3671 1428 καὶ

379 1468 666 1536 piditatum
726 1471 1050 1526 servitutem
1087 1483 1138 1526 et
1165 1471 1406 1528 dedecus
1452 1472 1696 1541 deducit,
1729 1473 1942 1545 conjun‘

2107 1461 2314 1532 τιμίαν,
2341 1462 2884 1534 παρασυμϐληθέντα
2897 1465 3010 1529 τοῖς
3029 1465 3304 1534 ἀνοήτοις,
3323 1465 3670 1538 ὁμοιωθέντα

377 1568 524 1614 ctum
561 1563 734 1617 brutis
778 1572 830 1616 et
860 1563 970 1617 illis
1001 1563 1236 1618 similem
1274 1563 1502 1618 factum.
2069 1553 2276 1617 αὐτοῖς.

373 1644 386 1656 ’
448 1653 644 1708 Manus
688 1663 864 1710 autem
915 1655 1138 1724 fortium
1189 1657 1408 1710 divitias
1483 1666 1700 1724 parant.
1758 1657 1936 1710 Activa

2137 1651 2340 1718 Χεῖρες
2355 1649 2424 1704 δὲ
2439 1651 2732 1720 ἀνδρείων
2759 1650 3210 1714 πλουτίζουσιν.
3247 1651 3315 1707 Αἰ
3339 1652 3396 1707 δὲ
3421 1669 3667 1725 πρακτι-

376 1749 560 1796 autem
591 1744 738 1798 vires
771 1759 961 1798 eorum
995 1747 1088 1816 qui
1122 1745 1383 1815 operibus
1427 1746 1814 1802 rationabilem
1863 1760 1939 1816 pol

2108 1741 2162 1796 αἰ
2192 1741 2452 1813 δυνάμεις
2479 1741 2590 1796 τῶν
2631 1725 2816 1816 ἔργοις
2863 1744 3328 1816 ἐπιδεικνυμένων
3357 1745 3418 1797 τὸ
3445 1744 3547 1816 τῆς
3574 1742 3671 1796 λο-

377 1835 600 1888 tentiam
629 1837 890 1891 exhibent
915 1853 1022 1893 non
1051 1837 1535 1895 irrationabilibus
1560 1836 1940 1908 cupiditatibus

2109 1832 2238 1903 ικῆς
2285 1833 2592 1904 δυνάμεως,
2625 1837 2742 1898 τοῖς
2802 1833 3021 1904 ἀλόγοις
3071 1835 3302 1890 πάθεσιν
3353 1834 3667 1888 ἀδούλωτον

376 1927 728 1994 servientem,
761 1926 854 1983 sed
905 1929 960 1983 in
997 1943 1093 1984 eas
1129 1937 1488 2000 pugnantem,
1541 1945 1649 1984 non
1686 1927 1849 1983 modo
1878 1929 1935 1983 in

2109 1923 2167 1978 al.
2217 1923 2340 1977 κατ’
2372 1925 2553 1979 αὐτῶν
2608 1925 2928 1996 δραστικὸν,
2955 1927 3015 1980 ού
3047 1927 3208 1996 μόνον
3271 1925 3529 1988 ἀϐλαϐεῖς
3559 1927 3670 1990 τὰς

377 2032 552 2078 tactas
587 2023 830 2094 ipsorum
876 2025 1090 2080 animas
1133 2033 1380 2091 servant,
1415 2024 1512 2081 sed
1545 2031 1600 2080 et.
1648 2024 1774 2080 aliis
1799 2023 1940 2092 Spiri

2101 2014 2275 2068 ούτων
2305 2015 2623 2088 διατηροῦσι
2646 2015 2851 2088 ψυχὰς,
2883 2017 3020 2072 ἀλλά
3051 2019 3146 2072 καὶ
3170 2017 3383 2088 ἑτέροις
3408 2017 3506 2072 τοῦ
3534 2021 3663 2072 κατ’

373 2114 550 2169 Iuales
582 2115 884 2170 secundum
919 2115 1174 2170 virtutem
1209 2127 1261 2170 et
1289 2115 1707 2186 intelligentiam
1740 2103 1930 2169 divitia

2109 2107 2270 2179 ρετὴν
2304 2107 2400 2161 καὶ
2427 2106 2631 2176 γνῶσιν
2655 2109 3032 2180 πνευματικοῦ
3073 2109 3311 2164 πλούτου
3348 2111 3669 2182 μεταδιδόα-

371 2206 796 2276 impertiuntur;
835 2222 932 2264 eos
959 2207 1128 2274 enim,
1151 2209 1318 2263 verbo
1341 2207 1564 2278 quidem
1598 2207 1864 2262 docentes
1896 2221 1934 2260 at

2107 2215 2184 2254 tv'
2216 2199 2292 2264 ὡς
2315 2201 2540 2265 τούτους
2570 2200 2716 2274 λόγῳ
2753 2203 2853 2274 μὲν
2886 2201 3277 2273 διδασκαλικῷ,
3307 2201 3446 2270 πρὸς
3473 2201 3576 2273 μὲν
3599 2202 3665 2256 τὸ

371 2298 574 2353 bonum
603 2301 868 2370 excitant,
911 2316 940 2354 a
965 2301 1111 2355 malo
1145 2310 1328 2354 autem
1366 2308 1665 2370 avertunt;
1701 2301 1932 2372 operibu

2096 2293 2271 2362 ιγαθδν
2300 2293 2744 2366 προτρεπόντων,
2791 2293 2884 2348 τοῦ
2911 2294 2966 2349 δὲ
2994 2294 3167 2349 κακοῦ
3199 2296 3621 2366 ἀποτρεπόντων
3641 2311 3659 2326 ·

370 2407 500 2446 vero
535 2393 925 2449 continuantes
956 2394 1184 2448 verbum
1212 2400 1268 2448 et
1291 2393 1699 2464 persuadentes
1733 2403 1790 2449 ut
1820 2393 1930 2449 dict

2087 2387 2252 2461 ἐργοις
2268 2388 2326 2442 δὲ
2360 2387 2727 2460 βεϐαιούντων
2755 2390 2846 2444 τὸν
2907 2389 3086 2460 λόγον,
3120 2389 3218 2444 καὶ
3246 2389 3547 2444 πειθόντων
3577 2391 3650 2444 τὰ

371 2484 703 2554 adimpleant
726 2500 893 2556 opera
921 2485 1185 2540 imitando
1211 2502 1224 2551 ;
1259 2485 1464 2540 etenim
1705 2541 1708 2544 ,

2118 2479 2157 2534 ιῦ
2193 2479 2352 2550 λόγου
2419 2484 2614 2548 ποιεῖν,
2649 2484 2708 2538 ὲν
2737 2481 2816 2554 τῷ
2868 2481 3157 2554 μιμεῖσθαι
3184 2483 3255 2537 τὰ
3303 2481 3444 2554 ἔργα
3481 2499 3496 2514 ·
3559 2485 3681 2540 καὶ.

712 2618 718 2623 .
2065 2574 2138 2627 γά

441 2661 606 2718 Vens.
632 2663 686 2718 5.
719 2661 896 2719 Filius
922 2664 1162 2720 eruditus
1194 2667 1407 2736 sapiens
1441 2667 1564 2720 erit.
1596 2663 1700 2732 Qui
1735 2665 1957 2736 quidem

2091 2590 2138 2627 ἀ

2135 2591 2196 2722 ἓ.
2239 2667 2371 2735 Υἱὸς
2425 2668 2921 2739 πεπαιδευμένος,
2979 2667 3174 2739 σοφὸς
3220 2667 3417 2724 ἔσται.
3461 2667 3524 2723 '0
3551 2667 3654 2738 μὲν

289 2787 295 2793 ι
364 2768 396 2809 a
431 2754 542 2812 Deo
595 2757 891 2828 adeptatus
932 2767 1018 2814 est
1059 2757 1208 2815 ﬁlius
1264 2775 1362 2830 per
1393 2773 1688 2830 operosum
1729 2759 1852 2815 insti

2095 2761 2406 2831 ιίοθετηθεὶς
2433 2761 2574 2834 Θεῷ,
2608 2762 2697 2817 διά
2723 2762 2823 2832 τῆς
2855 2759 3297 2834 ἐκκαθαιρούσης
3320 2761 3422 2832 τὴν
3469 2758 3658 2832 ψυχὴν

365 2857 571 2948 tumka
609 2851 831 2906 malitia:
874 2852 1106 2908 maculis
1145 2851 1454 2907 emundaus
1501 2852 1766 2916 animam,
1803 2851 1924 2906 utili

2088 2853 2172 2907 :th
2193 2853 2301 2907 ἀπὸ
2327 2853 2524 2919 κακίας
2563 2853 2798 2926 κηλίδων
2840 2853 3104 2907 ἐπιπόνου
3135 2851 3382 2923 ἀγωγῆς,
3407 2851 3506 2923 τῆς
3535 2851 3651 2906 ἀπὸ

367 2941 731 3011 tatis'peritus
771 2944 878 2998 erit
920 2959 1044 3014 quae
1093 2944 1226 2998 oriri
1263 2945 1550 3014 poteritex
1598 2944 1666 2999 iis
1691 2958 1814 3014 quae
1851 2943 1930 3014 ips

2090 2945 2175 2998 τῶν
2207 2946 2594 3017 ἐπερχομένων
2634 2945 2786 3018 αὐτῷ
2826 2945 3142 3017 ἀϐουλήτως
3172 2941 3446 3013 ὠφελείας
3500 2943 3653 3014 εἰδή-

363 3037 562 3085 contra
585 3031 927 3086 voluntatem
965 3031 1389 3100 superveniunt.

926 3075 927 3078 η
965 3031 1389 3100 superveniunt.
2066 3055 2185 3109 μων
2213 3038 2417 3093 ἔσεται.
2479 3099 2489 3108 _

305 3107 342 3144 ⁸
439 3123 620 3178 Stulto
652 3131 851 3189 autem,
902 3132 962 3178 ut
1009 3140 1158 3179 servo
1201 3133 1398 3178 utetur.
1448 3122 1552 3189 Qui
1599 3132 1782 3180 autem
1844 3139 1868 3177 ι]

2135 3125 2222 3194 Τῷ
2246 3126 2314 3180 δὲ
2335 3107 2572 3196 ἄφρονι,
2605 3127 2868 3194 διακόνῳ
2896 3124 3208 3196 χρήσεται.
3234 3124 3338 3178 Τὸν
3359 3122 3419 3178 δὲ
3451 3122 3528 3195 μὴ
3557 3140 3670 3177 πε-

358 3214 472 3272 Ter:
498 3215 666 3272 Deum
710 3217 764 3271 in
811 3216 978 3272 corde
1005 3231 1128 3282 suo,
1176 3216 1222 3271 si
1266 3215 1503 3286 sapienti
1545 3214 1875 3272 afﬂictiones
1901 3231 1921 3270 ε

2099 3219 2353 3292 ιφέροντα
2403 3219 2535 3273 Θεὸν
2565 3219 2623 3273 ὲν
2650 3218 2872 3290 καρδίᾳ,
2909 3216 3120 3288 θλίψεις
3147 3215 3297 3286 αὑτῷ
3325 3215 3422 3269 καὶ
3452 3213 3661 3278 ὀδύνας

366 3308 588 3362 dolores
630 3307 934 3372 induxerit,
972 3323 1169 3364 servus
1219 3307 1370 3362 illius
1400 3307 1507 3363 erit
1552 3307 1623 3362 ad
1676 3307 1912 3363 salutem

2093 3305 2356 3380 πάγονταξ
2391 3311 2678 3383 ὑπηρέτην
2733 3311 2846 3378 ἕξει
2899 3309 3036 3380 πρὸς
3068 3307 3344 3379 σωτηρίαν
3365 3307 3441 3372 ὡς
3469 3307 3564 3360 τόν
3591 3323 3656 3363 τε

280 3423 288 3438 ι
365 3399 752 3468 cumque-qui
813 3399 993 3468 ipsum
1053 3409 1234 3464 vexat,
1285 3407 1346 3453 ut
1411 3398 1819 3455 benefactorem

2094 3401 2325 3455 moﬁvta
2360 3402 2522 3456 αὐτὸν
2553 3402 2848 3472 εὐεργέτην
2903 3401 3079 3467 εἰδὼς,
3133 3400 3228 3456 καὶ
3286 3399 3364 3470 τῷ
3407 3397 3530 3470 Θεῷ
3558 3397 3657 3452 ἐπὶ

363 3495 484 3542 stus
512 3489 744 3553 noverit,
775 3501 828 3544 et
859 3488 968 3544 Deo
1005 3490 1058 3543 in
1109 3489 1365 3547 omnibus
1401 3489 1611 3562 gratias
1645 3497 1794 3561 aget,
1823 3491 1926 3560 qui:

1290 3505 1365 3547 ius
1401 3489 1611 3562 gratias
1645 3497 1794 3561 aget,
1823 3491 1950 3560 quia
2053 3495 2220 3547 πᾶσιν
2243 3494 2604 3566 εὐχαριστῶν*
2637 3495 2718 3548 ὅτι
2746 3511 2853 3564 περ

364 3594 560 3647 nempe

434 3669 684 3727 Satvatus
739 3685 816 3727 est
873 3675 938 3727 ab
977 3673 1169 3739 ardore
1222 3673 1371 3744 ﬁlius
1442 3673 1691 3744 prudens.
1759 3673 1951 3730 Invitis

2123 3669 2382 3740 Διεσώθη
2412 3671 2530 3726 ἀπὸ
2561 3672 2864 3741 καύματος
2894 3671 3024 3737 υίὸς
3049 3669 3310 3740 νοήμων.
3333 3668 3651 3723 ’Δκουσίων

365 3759 784 3833 tentallbnibus,
809 3768 902 3836 qui
938 3769 1089 3822 novit
1114 3784 1212 3838 pro
1241 3769 1490 3823 laborum
1517 3767 1782 3838 patientia
1809 3782 1924 3822 mer

2082 3761 2400 3839 πειρασμῶν,
2425 3764 2454 3816 ό
2483 3762 2725 3834 εἰδήμων
2757 3761 2854 3816 τοῦ
2903 3763 3045 3832 ὑπὲρ
3077 3762 3178 3833 τῆς
3221 3759 3504 3831 ὑπομονῆς
3529 3759 3645 3814 τῶν

365 3859 582 3925 cedent;
615 3868 669 3914 et
709 3859 784 3913 ita
818 3860 930 3926 ille,
954 3868 1010 3913 ut
1044 3860 1100 3913 in
1139 3873 1289 3924 area,
1323 3859 1582 3930 praesenti
1611 3859 1836 3922 saeculo,
1867 3857 1928 3912 la

2087 3856 2232 3910 τόνων
2283 3853 2478 3926 μισθοῦ
2507 3871 2520 3886 ·
2549 3855 2646 3908 καὶ
2665 3853 2810 3909 οὕτω
2837 3855 2938 3925 μὲν
2999 3849 3155 3918 οὗτος
3184 3852 3260 3918 ὡς
3287 3853 3346 3906 ὲν
3373 3851 3540 3906 ἄλωνι
3565 3850 3650 3924 τῷ

363 3950 590 4006 boribus
621 3951 808 4006 carnis
854 3953 1080 4007 acribus
1129 3950 1425 4022 impulsus,
1471 3966 1501 4004 a
1546 3950 1926 4020 cupiditatibu:

2085 3948 2280 4021 ;αρόντι
2314 3947 2493 4014 αἰῶνι,
2525 3948 2712 4012 πόνοις
2743 3947 2953 4021 σαρκὸς
2975 3947 3125 4015 ὀξέσι
3171 3946 3524 4020 βαλλόμενος,
3553 3943 3648 4001 οἷά

363 4055 429 4092 ex
481 4041 766 4094 nativitate
818 4040 897 4094 illi
950 4040 1150 4108 insitis,
1210 4048 1270 4095 ut
1321 4057 1351 4094 a
1394 4040 1727 4112 quibusdam
1772 4039 1926 4109 palei:

2083 4057 2133 4103 ις
2163 4041 2308 4103 σῖτος
2327 4039 2436 4092 τῶν
2460 4041 2526 4094 ὲκ
2567 4040 2836 4108 γενέσεως
2884 4039 3095 4107 παθῶν,
3129 4039 3206 4104 ὥς
3225 4057 3389 4093 τινων
3415 4039 3645 4110 ἀχύρων

363 4129 720 4196 frumentum,
752 4131 1089 4199 mundatur;
1125 4142 1178 4188 et
1217 4141 1592 4202 congregatur
1625 4131 1697 4187 ab
1728 4140 1926 4187 nostra

2081 4130 2520 4202 ,rroanaipstat'
2552 4131 2650 4185 καὶ
2695 4130 2988 4202 συνάγεται
3037 4129 3190 4202 παρά
3239 4129 3335 4182 τοῦ
3388 4129 3644 4202 γεωργοῦ

365 4235 482 4274 rum
517 4223 824 4277 animarum
851 4223 1114 4298 agricola,
1159 4231 1220 4280 ut
1261 4226 1319 4280 in
1354 4224 1606 4296 quaedam
1638 4225 1860 4285 horrea.
1889 4221 1928 4276 it

2079 4223 2462 4296 ῶνὴμετέρων
2496 4223 2708 4294 ψυχῶν,
2739 4224 2816 4288 ὡς
2839 4225 2920 4288 είς
2977 4239 3134 4286 τινας
3189 4219 3479 4292 ἀποθήκας
3533 4221 3641 4284 τὰς

358 4321 594 4367 eternas
621 4313 840 4370 domos.

2045 4311 2296 4375 αἰωνίους
2323 4311 2515 4380 μονάς.

443 4403 604 4458 Vento
631 4406 996 4476 corrumpitur
1021 4407 1072 4461 in
1105 4423 1272 4463 messe
1294 4407 1444 4478 [ilius
1473 4407 1767 4478 improbus.
1796 4404 1944 4461 Ven-

2110 4401 2556 4473 ,Ἀνεμόεοθορος
2573 4403 2643 4458 δὲ
2663 4404 2889 4474 γίνεται
2911 4405 2982 4459 ἐν
3007 4404 3212 4475 ἁμητῷ
3275 4406 3406 4473 υίὸς
3431 4405 3633 4475 παρά-

359 4496 433 4551 tis
465 4495 834 4565 improbitatis
865 4498 1088 4566 pellitur
1135 4499 1190 4553 in
1228 4499 1458 4554 exitium
1509 4513 1606 4569 per
1642 4499 1922 4553 irrationa-

2079 4510 2250 4562 ὀμος.
2297 4494 2436 4548 Ὑπὸ
2459 4495 2572 4550 τῶν
2622 4496 2953 4568 πνευμάτων
2977 4497 3035 4552 δὲ
3057 4497 3158 4569 τῆς
3188 4499 3454 4571 πονηρίας
3476 4499 3642 4552 ἐλαύ-

357 4588 498 4644 biles
515 4589 764 4656 allectus,
789 4590 1250 4660 quemadmodum
1275 4591 1454 4646 ventis
1473 4591 1650 4660 palea,
1677 4591 1732 4644 in
1760 4587 1920 4660 ignbn

2076 4603 2201 4641 ιεται
2251 4585 2340 4642 διὰ
2369 4585 2478 4640 τῶν
2530 4587 2858 4660 παραλόγων
2887 4589 3078 4642 παθῶν
3127 4591 3208 4655 εἰς
3229 4591 3530 4658 ἀπώλειαν,
3558 4590 3639 4654 ὡς

359 4682 625 4737 mittenda
689 4683 888 4738 messis
951 4698 1180 4752 operum
1234 4690 1514 4754 tempore;
1561 4683 1656 4754 qui
1705 4681 1919 4753 appella

2074 4677 2155 4730 υπὸ
2178 4677 2395 4748 ἀνέμων
2423 4677 2646 4750 ἄχυρον,
2677 4679 2755 4750 τῷ
2779 4680 2914 4750 πυρἰ¹
2936 4681 3556 4754 παραπεμφθησόμενον
3578 4683 3637 4736 ἐν

357 4771 580 4842 quidem
598 4771 818 4828 Patrem
847 4790 1006 4830 suum
1034 4775 1224 4842 Deum,
1247 4785 1470 4846 propter
1497 4775 1656 4831 [idem
1685 4777 1738 4830 in
1767 4775 1916 4830 illum

2070 4770 2126 4840 τῷ
2153 4771 2252 4841 τῆς
2280 4771 2614 4842 συγκομιδῆς
2637 4770 2746 4826 τῶν
2769 4771 2948 4844 ἔργων
2969 4774 3170 4846 καιρῷ,
3203 4775 3232 4828 ό
3257 4773 3633 4846 ἐπικαλούμε-

360 4863 768 4936 transgreditur
798 4871 983 4922 autem
1020 4875 1212 4922 sancta
1235 4866 1358 4938 ejus
1389 4876 1686 4938 praecepta.

2072 4879 2136 4926 ὀς
2165 4863 2262 4933 μὲν
2297 4863 2517 4934 Πατέρα
2559 4863 2755 4918 ἑαυτοῦ
2805 4864 2897 4919 τὸν
2945 4865 3078 4919 Θεὸν
3122 4867 3210 4921 διὰ
3263 4868 3361 4938 τὴν
3389 4869 3470 4930 εἰς
3529 4869 3635 4922 αύ-

2047 4954 2136 5008 τδν
2181 4957 2382 5022 πίστιν,
2438 4956 2796 5028 παραϐαίνων
2823 4957 2881 5012 δὲ
2899 4958 3000 5023 τὰς
3053 4957 3216 5028 ἁγίας
3262 4949 3446 5014 αὐτοῦ’
3474 4963 3630 5015 ἕντο-

2047 5045 2167 5104 λάε.

427 5131 593 5188 Vens.
621 5132 674 5188 6.
701 5131 1004 5188 Benedictio
1029 5131 1249 5186 Domini
1265 5143 1430 5202 super
1457 5144 1615 5200 caput
1631 5132 1790 5202 justi.
1819 5133 1944 5190 Lar-

2065 5065 2077 5100 ι
2123 5065 2167 5104 η.

2080 5065 2192 5204 ξ’.
2217 5139 2478 5210 Εὐλοτία
2504 5139 2726 5208 Κυρίου
2751 5140 2852 5195 ἐπὶ
2881 5141 3160 5213 κεφαλὴν
3195 5141 3453 5198 δικαίου.
3509 5145 3628 5199 Καὶ

355 5225 490 5296 gitio
517 5226 664 5281 enim
697 5227 1011 5282 sanctitatis
1063 5240 1096 5281 a
1149 5224 1383 5280 Domino
1422 5226 1669 5281 omnium
1725 5227 1834 5282 Deo
1884 5229 1918 5282 ii

2062 5233 2150 5304 (ap
2175 5234 2458 5305 μετάδοσις
2487 5235 2586 5306 μὲν
2609 5233 2882 5319 ἀγιασμού
2900 5235 3056 5308 παρά
3078 5234 3176 5292 τοῦ
3207 5237 3488 5290 Δεσπότου
3514 5235 3625 5290 τῶν

357 5325 524 5386 caput
553 5318 1103 5388 irreprclicnsibiliter
1131 5321 1342 5388 agentis
1367 5319 1668 5375 secundum
1704 5321 1920 5390 gratian

2061 5325 2182 5380 ὅλων
2211 5325 2368 5393 Θεοῦ,
2401 5327 2618 5399 πρόεισι
2647 5318 2790 5385 κατά
2820 5327 2984 5400 χάριν
3017 5330 3110 5383 ἐπὶ
3145 5327 3222 5400 τῷ
3247 5328 3478 5400 ἡγεμόνι
3529 5328 3624 5383 τοῦ

355 5407 624 5476 procedit,
653 5423 778 5464 eum
812 5417 986 5465 totum
1013 5409 1190 5466 media
1224 5411 1280 5466 in
1313 5416 1494 5464 mente
1522 5406 1898 5466 Sanctilicans.

2066 5417 2350 5487 ιμέμπτως
2371 5418 2808 5490 πολιτευομένου,
2838 5421 2959 5474 ὅλον
2975 5417 3163 5474 τοῦτον
3195 5419 3282 5474 διὰ
3309 5421 3478 5491 μέσου
3505 5419 3629 5484 νοὸς

2043 5507 2270 5576 ἁγιάζου
2280 5526 2367 5563 σα.

429 5580 502 5640 08
535 5595 710 5641 autem
761 5588 1044 5658 impiorum
1097 5593 1280 5646 obruet
1326 5593 1482 5647 dolor
1515 5595 1935 5664 intempestivus.

2111 5602 2309 5670 Στόμα
2337 5601 2404 5654 δὲ
2433 5601 2670 5657 ἀσεϐῶν
2721 5603 2986 5673 καλύψει
3024 5603 3246 5671 πένθος
3261 5603 3474 5672 ἄωρον.
3510 5605 3621 5675 Τὴν

355 5673 581 5730 Plenam
648 5687 830 5734 autem
889 5681 1228 5752 blasphemia
1271 5684 1579 5754 doctrinam
1630 5687 1912 5757 spiritnun

2051 5692 2094 5744 ss
2129 5693 2334 5766 μεστὴν
2362 5691 2713 5764 βλασφημίας
2727 5693 3079 5750 διδασκαλίαν
3101 5694 3211 5748 τῶν
3233 5695 3305 5764 μὴ
3329 5673 3614 5764 τιμώντων

358 5766 575 5823 malitia)
601 5769 769 5827 Deum
802 5788 908 5829 non
946 5775 1265 5843 colentium,
1297 5788 1612 5834 constcruet
1646 5781 1921 5848 peccanti-

2050 5783 2171 5838 eam
2213 5785 2537 5856 πνευμάτων
2575 5787 2674 5848 τῆς
2708 5789 2990 5860 πονηρίας,
3047 5787 3613 5860 συστείλῃὴὲπιγινς-
