3958 6400
328 363 472 429 i313

1349 373 1884 437 COMMENTARII
1927 377 2010 437 ΙΝ
2063 381 2522 449 PROVERBIA.

3458 391 3596 455 1314

323 482 471 549 μένη
495 482 608 544 τοῖς
636 483 1123 554 ἁμαρτάνουσινὲκ
1153 489 1516 558 μεταμελείας
1551 493 1624 562 μὴ
1651 493 1793 547 κατὰ
1817 496 1901 548 τὸν

2020 498 2115 556 bus
2136 506 2532 571 superveniens
2569 520 2676 560 non
2698 513 2946 578 tempore
2986 513 3300 578 opportuno
3339 508 3404 562 ad
3442 525 3602 563 erro—

321 571 640 640 ὲπιτήδειον
658 574 849 643 καιρὸν
875 577 1013 648 πρὸς
1034 577 1132 648 τὴν
1153 577 1262 632 τῶν
1299 580 1654 652 ἐσφαλμένων
1684 583 1911 654 διόρθω-

323 679 438 726 σιν,
465 663 523 727 ὅς
551 665 700 720 ἐστιν
729 669 757 720 ὁ
785 669 995 738 παρὼν,
1025 670 1161 724 ἀλλὰ
1179 671 1324 725 κατὰ
1343 673 1406 726 τὸ
1429 674 1627 744 μέλλον
1656 675 1912 748 διηνεκὴς

321 755 426 808 καὶ
449 755 709 828 ἀνόνητος
735 758 902 830 λύπη.
1095 777 1102 783 ·

400 845 470 909 ζ’.
504 848 720 920 Μνήμη
756 849 993 906 δικαίου
1035 856 1166 922 μετ’
1202 853 1524 925 ἐγκωμίων.
1579 856 1691 910 Καὶ
1719 857 1910 912 ἀνεπί-

321 936 526 1008 ληστος
574 940 674 1012 μὲν
721 940 920 1010 γνῶσις
949 943 1100 998 ἔσται
1131 945 1282 1018 παρὰ
1313 945 1435 1018 Θεῷ
1463 947 1570 1001 τῶν
1603 947 1911 1019 ἀμέμπτως

321 1029 784 1102 πολιτευομένων,
839 1035 958 1104 μετ’
995 1035 1232 1091 ἐπαίνων
1269 1037 1616 1110 παρεχόντων
1671 1038 1910 1111 ἄρρητον

319 1120 675 1192 εὐφροσύνην
701 1123 904 1187 αὐτοῖς.
1839 1180 1864 1191 _,

400 1213 624 1282 Ὄνομα
671 1213 742 1267 δὲ
775 1214 1010 1270 ἀσεϐῶν
1059 1215 1406 1274 σϐέννυται.
1457 1219 1522 1272 Ἦ
1547 1219 1642 1274 ἀπ’
1667 1220 1834 1274 αὑτοῦ
1851 1221 1908 1274 δὲ

319 1303 466 1389 Θεοῦ
509 1306 850 1376 προσηγορία
877 1307 988 1361 τῶν
1019 1308 1094 1379 μὴ
1131 1309 1419 1380 τιμώντων
1439 1311 1602 1366 αὐτὸν
1628 1312 1696 1366 δι’
1729 1311 1909 1382 ἔργων

319 1393 554 1462 ἀγαθῶν
583 1397 929 1464 ἀφανίζεται,
951 1397 1042 1452 διὰ
1064 1398 1134 1452 τὰ
1159 1399 1354 1454 τούτου
1392 1400 1656 1472 ἀλλότρια
1687 1403 1906 1474 πονηρὰ

316 1485 466 1556 ἔργα
511 1487 712 1556 αὐτῶν,
751 1489 1088 1562 ἀγνοουμένη
1142 1491 1322 1564 αὐτῷ·
1345 1492 1488 1548 κατὰ
1514 1492 1595 1562 τὸ,
1623 1493 1737 1548 Οὐκ
1789 1490 1910 1550 οἴδα

314 1579 468 1650 ὑμᾶς
496 1581 680 1638 λοπόν.

389 1672 466 1746 η’.
497 1676 700 1744 Σοφὸς
751 1647 970 1746 διαρδίᾳ
1009 1675 1241 1743 δέξεται
1289 1677 1563 1745 ἐντολάς.
1607 1678 1664 1732 '0
1690 1679 1783 1732 τὸν
1811 1677 1908 1732 τοῦ

312 1766 458 1821 Θεοῦ
492 1768 650 1838 λόγον
689 1769 1012 1836 ὲνδιαθέτως
1037 1772 1104 1842 τῇ
1134 1769 1300 1825 αὑτοῦ
1361 1770 1674 1842 περιφέρων
1735 1771 1905 1842 ψυχῇ,

2019 607 2138 646 rum
2170 596 2588 662 correctionem,
2615 599 2758 666 quod
2803 609 2883 653 est
2922 606 3138 668 tempus
3195 615 3457 670 praesens,
3506 601 3602 656 sed

2018 681 2074 736 in
2097 681 2283 740 futuro
2315 694 2578 757 perpetua
2607 696 2660 744 et
2691 688 2901 744 inutilis
2932 689 3179 744 tristitia.

2085 864 2253 922 Vens.
2283 867 2334 920 7.
2369 866 2630 922 Memoria
2651 868 2791 939 justi
2829 885 2949 924 cum
2979 871 3251 926 laudibus.
3287 871 3352 925 Et
3390 887 3602 927 memor

2016 957 2238 1026 quidem
2277 961 2520 1030 cognitio
2563 961 2668 1015 erit
2698 963 2840 1032 apud
2872 961 3039 1018 Deum
3079 978 3270 1018 eorum
3315 963 3409 1033 qui
3458 964 3598 1018 irre-

2016 1047 2464 1118 prebensibiliter
2503 1058 2696 1121 agunt,
2753 1067 2880 1129 eum
2940 1053 3200 1110 laudibus
3263 1052 3597 1109 inetl'abilem

2017 1140 2124 1196 illis
2139 1141 2376 1196 laetitiam
2395 1145 2808 1211 praestantibus.

2084 1230 2154 1285 Et
2174 1248 2360 1286 nomen
2384 1233 2667 1301 impiorum
2695 1235 3072 1305 exstinguitur.
3107 1235 3239 1292 lllud
3265 1237 3408 1308 quod
3433 1253 3462 1291 a
3485 1236 3596 1291 Deo

2015 1330 2098 1376 est
2148 1336 2347 1376 nomen
2404 1337 2596 1378 eorum
2642 1326 2736 1394 qui
2786 1326 2940 1381 illum
2987 1327 3146 1382 bonis
3189 1329 3449 1398 operibus
3487 1345 3590 1382 non

1991 1413 2226 1476 colunt,
2270 1415 2568 1482 evanescit,
2627 1431 2736 1483 non
2790 1417 2903 1486 jam
2955 1418 3063 1472 Deo
3113 1425 3322 1484 notum,
3373 1429 3594 1489 propter

2017 1505 2157 1558 mala
2181 1520 2370 1561 eorum
2389 1521 2550 1576 opera
2572 1523 2694 1578 qum
2717 1507 2826 1564 Deo
2851 1510 3078 1565 adversa
3099 1518 3249 1566 sunt.
3273 1511 3590 1567 Secundum

2016 1592 2149 1648 illud
2185 1593 2348 1648 :Jam
2384 1596 2574 1650 nescio
2594 1610 2714 1650 vos.

2085 1684 2251 1741 Vens.
2287 1685 2341 1740 8.
2383 1685 2608 1757 Sapiens
2653 1689 2813 1742 corde
2861 1689 3109 1757 suscipiet
3149 1700 3433 1758 prazcepta.
3485 1688 3590 1756 Qui

2020 1776 2112 1834 Dei
2161 1778 2384 1834 verbum
2452 1780 2598 1836 ultro
2642 1781 2698 1835 in
2743 1783 2924 1836 anima
2983 1797 3079 1837 sua
3113 1783 3240 1848 fert,
3301 1783 3588 1852 suscipiet,

314 1863 690 1936 παραδέξεται
718 1865 814 1919 καὶ
842 1865 943 1919 οὐκ
966 1864 1285 1936 ἀποπέμψει
1317 1864 1458 1920 κατὰ
1482 1864 1682 1938 πρᾶξιν
1701 1864 1771 1918 τὰ
1785 1863 1901 1919 τού-

2020 1887 2184 1944 ueque
2211 1888 2341 1933 vero
2371 1874 2588 1945 abjicict
2614 1874 2796 1945 quoad
2829 1883 2986 1931 actus
3013 1875 3188 1946 ipsius
3219 1875 3499 1930 mandata.

309 1964 412 2012 τοῦ
447 1957 876 2031 προστάγματα.

395 2051 470 2106 '0
497 2051 568 2107 δὲ
587 2051 842 2124 ἆστεγος
881 2054 1137 2128 χείλεσι,
1182 2051 1516 2114 σκολιάζων
1581 2053 1908 2106 ὑποσκελι-

307 2145 635 2214 σθήσεται.
653 2145 712 2201 '0
729 2146 787 2202 δὲ
820 2146 1161 2219 μὴὲμμένων
1185 2146 1273 2201 διὰ
1297 2146 1408 2201 τῶν
1427 2149 1528 2218 τῆς
1560 2143 1907 2214 δικαιοσύνης

313 2237 506 2310 ἔργων
543 2240 610 2311 τῇ
641 2239 709 2294 δι’
733 2229 1030 2310 όμολὸγίας
1049 2241 1181 2310 τιμῇ
1205 2237 1300 2292 τοῦ
1327 2236 1486 2300 Θεοῦ,
1515 2235 1780 2290 ἐκκλίνων
1825 2231 1930 2298 εἷς’

306 2351 370 2386 τε
391 2332 474 2387 τὰ
493 2331 616 2386 κατ’
639 2329 877 2401 ἔλλειψιν
893 2331 990 2401 τῆς
1007 2330 1212 2401 ἀρετῆς
1236 2330 1406 2399 πάθη,
1437 2327 1523 2397 ἐφ’
1552 2321 1633 2391 οἷς
1645 2327 1744 2390 τὰς
1755 2323 1904 2389 θείας
1937 2333 1944 2340 ’

311 2427 390 2497 μὴ
424 2427 578 2480 ποιεῖ
605 2424 846 2489 ἐντολὰς,
886 2423 980 2479 καὶ
1000 2425 1082 2487 είς
1101 2423 1171 2477 τὰ
1187 2422 1311 2478 καθ’
1341 2419 1671 2492 ὑπερϐολὴν,
1701 2419 1788 2489 ἐφ’
1820 2415 1904 2482 οἷς

307 2518 502 2588 ψιλοῖς
530 2518 773 2589 ῥήμασιν
791 2515 1072 2588 ὁμολογῶν
1096 2515 1278 2578 αὑτὸν,
1316 2514 1458 2583 μέγα
1484 2516 1693 2586 φρονεῖ,
1721 2529 1902 2584 παρα-

307 2610 666 2682 τραπήσεται
690 2611 786 2680 τῆς
831 2607 1108 2680 φερούσης
1155 2608 1233 2670 εἰς
1259 2607 1359 2678 τὴν
1385 2603 1601 2664 αἰώνιον
1632 2603 1777 2676 ζωὴν
1811 2606 1899 2658 εὐ-

309 2703 500 2768 θείας,
527 2701 650 2756 κατ’
677 2701 879 2772 ἀρετὴν
915 2699 1034 2756 όδοῦ
1057 2713 1072 2729 ⁸
1101 2700 1196 2754 καὶ
1219 2700 1328 2772 γὰρ

383 2797 458 2852 θ’.
501 2797 606 2862 Ὃς
627 2795 942 2864 πορεύεται
986 2791 1211 2858 ἁπλῶς,
1237 2792 1549 2860 πορεύεται
1581 2789 1900 2858 πεποιθώς.

315 2888 418 2950 ’ος
462 2885 562 2953 μὲν
593 2885 797 2940 διανύει
833 2883 934 2956 τὴν
984 2882 1106 2937 κατ’
1139 2881 1338 2954 ἀρετὴν
1379 2882 1499 2936 ὁδὸν
1523 2881 1901 2952 ἀνυποκρίτως

311 2977 406 3030 διὰ
437 2975 592 3042 Θεὸν,
661 2975 756 3030 καὶ
813 2975 888 3046 μὴ
952 2973 1327 3046 παραμιγνύει
1373 2974 1544 3046 αὐτὴν
1587 2975 1655 3045 τῇ
1689 2974 1904 3046 πονηρᾷ

314 3069 461 3138 πρὸς
493 3067 594 3138 τὴν
614 3066 726 3120 τῶν
755 3065 964 3120 πολλῶν
987 3066 1204 3136 ἀπάτην
1237 3065 1468 3138 διανοίᾳ,
1503 3064 1778 3136 διέρχεται
1803 3063 1902 3135 τὴν

250 3180 264 3191 ο
311 3157 576 3228 τοιαύτην
609 3157 726 3211 ὁδὸν
763 3157 836 3228 μὴ
868 3155 1204 3226 πτοούμενος
1237 3155 1270 3226 ἢ
1297 3156 1428 3219 τοὺς
1459 3155 1604 3209 κατὰ
1643 3155 1705 3209 τὸ
1727 3155 1902 3228 παρὸν

313 3249 346 3318 ἦ
387 3251 514 3313 τοὺς
553 3249 694 3304 κατὰ
731 3249 926 3320 μέλλον
953 3247 1211 3319 ἐλέγχους
1239 3247 1338 3318 τῆς
1368 3247 1732 3318 ὑποκρίσεως.

400 3363 464 3414 '0
486 3362 555 3415 δὲ
578 3361 956 3431 διαστρέφων
992 3361 1100 3426 τὰς
1129 3355 1310 3426 ὀδοὺς
1358 3359 1570 3424 αὑτοῦ,
1627 3359 1898 3428 γνωσθή-

313 3467 514 3504 σεται.
553 3453 612 3504 '0
640 3451 696 3502 δὲ
731 3450 840 3504 ἀπὸ
891 3449 1151 3522 ἀληθείας
1201 3450 1282 3513 εῐς
1325 3449 1524 3519 ψεῦδος
1555 3448 1655 3511 τὰς
1703 3448 1901 3503 ἑαυτοῦ

312 3540 556 3611 πράξεις
613 3543 1040 3612 μεταστρέφων,
1093 3541 1170 3623 ᾡς
1221 3540 1895 3612 είρηται,ὲλεγχθήσεται,

310 3631 422 3686 κᾶν
448 3633 525 3704 μὴ
554 3634 610 3686 ὲν
635 3631 713 3704 τῷ
743 3633 972 3703 παρόντι
1000 3617 1180 3699 αίῶνί,
1199 3631 1338 3686 ἀλλά
1367 3648 1429 3701 γε
1451 3631 1510 3685 ὲν
1537 3632 1615 3702 τῷ
1651 3617 1914 3702 μέλλοντι⁴

310 3725 418 3778 ἀνα
425 3723 711 3796 μφιὸόλως
733 3740 746 3754 ·
783 3723 978 3796 διόπερ

387 3844 442 3892 ι’.
487 3839 541 3891 '0
565 3838 832 3893 ἐννεύων
859 3811 1191 3908 ὀφθαλμοῖς
1219 3838 1370 3908 μετὰ
1397 3838 1606 3906 δόλου,
1645 3839 1898 3908 συνάγει

259 3977 266 3982 .
311 3930 577 4000 ἀνδράσι
603 3933 826 3998 ⁸ίύαιας.
865 3931 926 3985 '0
951 3931 1052 3996 τὰς
1085 3931 1431 4002 θεωρητικὰς
1467 3931 1730 4002 δύναμεις
1758 3932 1898 4005 ἔχων

313 4024 742 4090 ἁποὸλεπούσας
801 4023 900 4094 μὲν
965 4023 1104 4094 πρὸς
1151 4025 1370 4090 κακίαν,
1407 4025 1811 4089 κατανευούσας
1840 4026 1898 4080 δὲ

315 4121 458 4191 πρὸς
491 4119 979 4190 ἀσχηματισμένον
1037 4119 1242 4191 ἀρετῆς
1265 4113 1419 4190 ἦθος,
1451 4119 1706 4189 συλλέγει
1737 4119 1814 4190 τῷ
1839 4137 1898 4174 τε

314 4213 471 4276 ὲντὸς
501 4209 797 4280 ἀνθρώπῳ,
849 4213 944 4264 καὶ
990 4211 1068 4282 τῷ
1119 4211 1294 4276 ἐκτὸς,
1350 4213 1546 4276 πόνους
1598 4213 1894 4278 διακενεϊς*

313 4299 406 4358 οἷα
451 4302 668 4373 σώματι
737 4301 837 4372 μὲν
891 4301 1035 4354 κατὰ
1095 4301 1154 4355 τὸ
1199 4301 1375 4374 παρὸν
1402 4303 1580 4356 πονῶν
1611 4303 1743 4374 napi.
1797 4303 1898 4373 τὴν

313 4393 519 4466 ἀρετὴν
546 4393 622 4464 μὴ
655 4392 747 4447 διὰ
793 4393 949 4458 Θεὸν,
973 4393 1119 4464 ψυχῇ
1149 4393 1206 4446 δὲ
1254 4393 1399 4447 κατὰ
1431 4395 1493 4448 τὸ
1542 4394 1736 4466 μέλλον
1769 4397 1899 4450 alw-

315 4486 446 4552 νίως
465 4483 804 4558 πιεζόμενος,
825 4485 1002 4556 ἐνδείᾳ
1032 4485 1128 4556 τῆς
1155 4485 1297 4540 arma
1335 4485 1574 4540 διάθεσιν
1603 4486 1825 4558 ἀρετῆς.

399 4686 454 4738 '0
488 4683 558 4738 δὲ
600 4683 870 4752 ἐλέγχων
914 4681 1064 4752 μετὰ
1116 4683 1478 4752 παρρησίας,
1516 4683 1896 4752 εὶρηνοποιεῖ.

326 4778 387 4831 '0
414 4758 497 4830 δὲ’
529 4775 904 4846 φανεροποιῶν
970 4775 1116 4828 κατὰ
1144 4773 1206 4827 τὸ
1245 4775 1486 4838 συνειδὸς
1511 4775 1900 4840 ἀνυποστόλως

273 4873 282 4878 ’
317 4871 380 4939 τῇ
405 4868 576 4938 ψυχῇ,
609 4869 666 4921 ὲν
697 4867 838 4938 ἁγίῳ
863 4866 1140 4936 Πνεύματι
1173 4866 1334 4934 λόγος
1361 4865 1520 4931 Θεοῦ,
1551 4867 1612 4919 τὸ
1633 4868 1732 4938 τῆς
1763 4863 1900 4921 ὕπο-

316 4962 552 5030 κρῑσεως
573 4959 849 5015 ύπὼδυνον
871 4977 930 5012 τε
960 4960 1055 5012 καὶ
1077 4959 1345 5030 ἄκαρπον,
1370 4959 1704 5013 ἀπαλλάττει
1727 4959 1898 5032 αὐτὴν

314 5055 416 5124 τῆς
447 5052 841 5124 ὲχθραινούσης
872 5051 1102 5122 ταύτην,
1141 5052 1236 5106 καὶ
1281 5052 1419 5123 πρὸς
1448 5051 1584 5105 Θεὸν
1635 5052 1728 5106 καὶ
1757 5052 1897 5125 πρὸς

317 5147 496 5218 σάρκα
523 5147 768 5217 πονηρᾶς
802 5144 1116 5206 διαθέσεως.

389 5266 477 5314 ια’.
501 5257 672 5330 Ern-1‘;
690 5257 839 5328 ζωῆς
866 5258 938 5312 ἐν
961 5257 1109 5328 χειρὶ
1135 5257 1392 5312 δικαίου.
1421 5259 1494 5312 Τὸ
1525 5258 1636 5330 γὰρ
1662 5258 1898 5330 χορηγὸν

318 5351 466 5422 ζωῆς
503 5351 728 5422 Πνεῦμα
762 5349 940 5420 ἅγιον,
981 5349 1123 5404 κατὰ
1157 5350 1321 5419 φύσιν
1351 5349 1451 5420 μὲν
1480 5351 1898 5405 ὲπαναπαύεται

316 5443 376 5494 ὲν
419 5446 486 5514 τῇ
546 5443 1020 5514 παντοκρατορικῇ
1045 5441 1273 5512 δυνάμει
1295 5441 1391 5496 τοῦ
1425 5442 1658 5506 δικαίου,
1692 5443 1785 5496 καὶ⁹
1815 5442 1896 5496 δι-

317 5533 609 5594 καιοσύνας
645 5533 1036 5604 ἀγαπήσαντος
1077 5532 1348 5586 Δεσπότου
1407 5533 1514 5586 τῶν
1548 5532 1685 5588 ὅλων
1725 5534 1859 5588 Θεοῦ
1881 5551 1895 5566 ·

319 5621 458 5674 κατὰ
488 5621 649 5693 χάριν
679 5621 756 5688 δὲ,
787 5623 846 5676 ἐν
867 5621 946 5693 τῷ
1003 5622 1298 5695 πρακτικῷ
1329 5621 1425 5676 τοῦ
1461 5622 1798 5694 διαιροῦντος
1835 5622 1898 5676 τὸ

321 5711 498 5780 χεῖρον
519 5713 627 5766 ἀπὸ
643 5711 738 5766 τοῦ
761 5713 1094 5784 κρείττονος,
1111 5713 1208 5766 καὶ
1234 5730 1299 5766 πε
1311 5713 1644 5784 ριαιροῦντος
1675 5713 1742 5767 τὰ
1771 5715 1894 5766 κατ’

323 5799 554 5872 ἔλλειψιν
574 5803 670 5874 τῆς
695 5805 894 5878 ἀρετῆς
918 5804 1011 5859 καὶ
1041 5805 1110 5858 τὰ
1139 5803 1261 5858 καθ’
1287 5805 1596 5879 ὑπερϐολὴν
1615 5807 1780 5876 πάθη,
1805 5807 1897 5861 καὶ

2076 2051 2338 2122 [nsipiens
2370 2061 2542 2108 autem
2575 2053 2733 2108 labiis
2763 2053 2970 2124 oblique
3002 2053 3248 2108 incedens
3272 2054 3594 2121 supplanta-

2008 2147 2170 2200 bitur.
2208 2145 2310 2212 Qui
2342 2161 2436 2216 per
2463 2162 2631 2216 Opera
2655 2147 2884 2216 iustitia:
2919 2163 3029 2202 non
3076 2154 3388 2217 perseverat
3423 2146 3590 2200 Deum

2007 2238 2357 2295 confessione
2385 2239 2638 2301 colendo,
2669 2239 2941 2294 inclinans
2990 2238 3045 2292 in
3077 2254 3170 2294 eas
3199 2253 3321 2308 qum
3348 2254 3442 2306 per
3481 2239 3594 2291 vir-

2009 2332 2145 2386 tutis
2193 2329 2469 2386 defectum
2524 2343 2653 2386 sunt
2689 2330 3043 2400 cupiditates,
3071 2331 3125 2384 in
3172 2330 3375 2400 quibus
3405 2331 3592 2384 divina

2007 2423 2262 2478 mandata
2297 2439 2406 2478 non
2433 2423 2667 2494 perlicit,
2697 2433 2752 2477 et
2779 2425 2830 2477 in
2857 2437 2956 2477 eas
2980 2439 3102 2492 qua:
3130 2432 3260 2476 sunt
3291 2439 3383 2488 per
3426 2437 3586 2490 exago

2006 2517 2371 2590 gerationem,
2397 2518 2453 2572 in
2484 2517 2685 2588 quibus
2710 2518 2867 2571 vanis
2901 2518 3084 2570 verbis
3128 2517 3369 2583 seipsum
3415 2515 3588 2568 conti-

2005 2621 2126 2666 tens
2153 2611 2425 2681 superbit,
2457 2617 2735 2664 avertetur
2772 2625 2803 2664 a
2848 2615 3000 2663 recta
3039 2607 3092 2662 in
3136 2607 3302 2661 vitam
3327 2615 3587 2660 aeternam
3625 2598 3672 2624 ⁴⁸

1889 2729 1892 2732 ~
2007 2701 2216 2758 ferente
2243 2716 2342 2772 per
2373 2702 2625 2757 virtutem
2661 2702 2749 2754 via
2781 2718 2796 2756 :
2823 2702 3024 2756 etenim

2074 2794 2238 2851 Vens.
2278 2796 2332 2850 9.
2371 2793 2477 2862 Qui
2512 2793 2753 2848 ambulat
2779 2792 3112 2860 simpliciter,
3153 2789 3391 2845 ambulat
3427 2788 3591 2856 con/i-

2003 2889 2206 2943 denter.
2235 2885 2352 2954 ‘Qui
2389 2888 2607 2956 quidem
2638 2901 2734 2956 per
2759 2887 3020 2941 virtutem
3055 2885 3160 2939 iter
3207 2883 3448 2938 absolvit
3479 2897 3590 2937 non

2004 2978 2414 3034 dissimulanter
2448 2984 2676 3048 propter
2707 2977 2897 3040 Deum,
2934 2989 3034 3030 nec
3061 2990 3182 3030 eam
3227 2974 3295 3028 ad
3329 2973 3586 3026 multitu-

2005 3069 2153 3127 dinis
2181 3070 2559 3140 deceptionem
2602 3069 2759 3122 malae
2788 3065 3110 3138 cogitationi
3151 3065 3446 3128 immiscet,
3481 3064 3591 3118 tale

2007 3162 2112 3217 iter
2139 3161 2417 3232 percurrit
2439 3175 2548 3215 non
2576 3160 2880 3214 formidans
2911 3165 3010 3213 aut.
3041 3171 3252 3228 praesen
3266 3156 3300 3210 ti
3351 3163 3596 3225 tmnpore

2007 3253 2316 3324 hypocrisis
2344 3243 2761 3305 criminationes
2796 3258 2890 3303 aut
2925 3250 2979 3302 in
3008 3247 3276 3303 futurum.

2078 3363 2184 3430 Qui
2229 3374 2406 3418 autem
2455 3363 2707 3430 depravat
2752 3363 2865 3416 uias
2911 3378 3064 3425 suas,
3103 3361 3421 3429 manifestus
3468 3361 3590 3414 erit.

2005 3453 2110 3520 Qui
2137 3463 2318 3508 autem
2351 3469 2382 3508 a
2420 3455 2650 3508 veritate
2682 3454 2736 3508 in
2776 3452 3125 3507 mendacium
3168 3467 3300 3508 suas
3343 3455 3594 3508 actiones

2003 3543 2300 3608 convertit,
2367 3551 2425 3596 ut
2467 3542 2672 3597 dictum
2717 3553 2824 3605 est,
2883 3541 3262 3604 convincetur,
3309 3541 3355 3594 si
3406 3541 3591 3596 minus

2003 3635 2256 3704 przesenti
2280 3636 2563 3700 sreculo,at
2585 3642 2732 3690 certe
2748 3633 2932 3688 futuro
2959 3631 3336 3689 indubitanter
3361 3649 3591 3704 ;quam-

2000 3729 2189 3783 obrem

2073 3841 2236 3896 Vens.
2297 3841 2381 3896 10.
2435 3841 2539 3908 Qui
2581 3842 2769 3896 annuit
2813 3842 2980 3897 oculis
3020 3860 3138 3898 cum
3164 3841 3312 3910 dolo,
3385 3841 3590 3912 colligit

2001 3931 2296 3986 hominibus
2328 3933 2600 3986 tristitias.
2641 3932 2913 3998 Quienim
2950 3935 3410 4005 contemplativas
3439 3936 3586 3989 vires

2004 4024 2212 4078 habens
2238 4023 2440 4077 malum
2479 4024 2828 4094 aspicientes,
2861 4025 3154 4081 innuentcs
3195 4035 3374 4079 autem
3409 4025 3471 4078 ad
3515 4025 3590 4078 si-

2003 4116 2268 4170 mulatum
2313 4115 2536 4170 virtutis
2591 4131 2820 4179 morem,
2869 4115 3078 4171 homini
3143 4123 3256 4169 tum
3315 4115 3585 4179 interiori,

2009 4213 2124 4259 tum
2202 4205 2457 4260 exteriori
2532 4219 2736 4260 vacuos
2821 4205 3038 4260 labores
3119 4204 3379 4275 colligit;
3468 4219 3594 4258 cor-

2003 4311 2134 4367 pore
2187 4297 2332 4350 enim
2394 4297 2886 4366 impraesentiarum
2938 4296 3088 4351 circa
3165 4297 3425 4353 virtutem
3479 4313 3585 4350 non

2001 4395 2229 4458 propter
2276 4386 2442 4442 Deum
2501 4388 2784 4452 laborans,
2838 4388 3019 4442 anima
3076 4402 3208 4442 vero
3281 4389 3334 4442 in
3401 4387 3586 4442 futuro

2001 4488 2205 4535 aeterne
2248 4487 2499 4545 vexatus,
2547 4481 2678 4550 quia
2736 4483 2938 4536 virtute
2988 4479 3170 4550 quoad
3198 4481 3448 4535 affectum
3500 4483 3586 4534 in-

1923 4554 1976 4614 D
2004 4571 2173 4642 diget.

2077 4687 2183 4754 Qui
2209 4696 2386 4740 autem
2411 4687 2670 4754 vituperat
2700 4703 2818 4740 cum
2845 4687 3170 4749 sinceritate,
3198 4702 3381 4756 pacem
3428 4687 3579 4756 facit.

2001 4777 2160 4844 Quod
2199 4788 2381 4836 autem
2417 4779 2718 4834 secundum
2757 4781 3151 4835 conscientiam
3185 4781 3384 4835 animae
3415 4780 3583 4835 libere

2001 4873 2242 4928 declarat
2277 4871 2328 4924 in
2358 4870 2567 4941 Spiritu
2600 4878 2792 4926 sancto
2817 4871 3126 4942 hypocrisis
3155 4873 3357 4926 malum
3386 4881 3441 4926 et
3462 4872 3580 4925 ina-

2001 4966 2254 5026 nitatem,
2291 4964 2523 5019 verbum
2581 4962 2698 5030 Dei,
2751 4963 2948 5019 liberat
2999 4978 3120 5019 eam
3169 4963 3261 5017 illa
3299 4979 3420 5033 quae
3459 4980 3578 5017 eam

2003 5055 2260 5112 molestat
2287 5063 2342 5111 et
2374 5056 2444 5111 ad
2482 5055 2650 5111 Deum
2679 5063 2734 5111 et
2776 5056 2843 5111 ad
2885 5071 3128 5120 carnem,
3161 5057 3305 5110 mala
3346 5058 3577 5128 dispcsi-
3639 5056 3650 5074 ‘

2001 5148 2171 5204 tione.
3367 5151 3372 5156 ’

2077 5259 2246 5316 Vens.
2279 5261 2366 5314 Η.
2405 5259 2547 5315 Vena
2575 5263 2696 5316 uiue
2720 5260 2777 5314 in
2815 5276 2979 5315 manu
2998 5259 3160 5330 justi.
3193 5261 3396 5316 ﬂector
3431 5278 3575 5316 θηειιι

2001 5351 2126 5407 vitae
2159 5350 2400 5422 Spiritus
2436 5358 2680 5416 sanctus,
2729 5351 3034 5406 secundum
3081 5359 3332 5406 naturam
3357 5354 3577 5422 quidem

2001 5443 2303 5512 acquiescit
2333 5443 2386 5496 in
2433 5442 2569 5512 justi
2619 5442 2978 5512 omnipotenti
3024 5443 3268 5518 virtute,
3309 5455 3366 5498 et
3409 5445 3462 5498 in
3514 5461 3580 5499 co

1999 5535 2094 5602 qui
2124 5533 2299 5604 diligit
2329 5531 2598 5604 justitias,
2634 5534 2865 5588 Domino
2893 5535 3282 5590 universorum
3309 5535 3452 5604 Deo;
3483 5553 3580 5606 p.-r

1999 5623 2229 5694 gratiam
2261 5635 2444 5679 autem
2500 5624 2693 5695 agendi
2743 5624 2985 5680 efﬁcacia
3019 5625 3074 5680 in
3118 5642 3184 5681 eo
3235 5627 3326 5696 qui
3373 5628 3579 5697 pt'jttsa

2003 5717 2228 5772 meliore
2249 5717 2514 5772 discernit
2543 5725 2598 5772 ct
2626 5719 2954 5784 cupiditates
2999 5719 3305 5774 secundum
3355 5721 3578 5774 virtutis

2001 5809 2271 5864 defectum
2311 5823 2363 5866 et
2405 5813 2877 5884 esaggcrutioncm
2931 5811 3154 5876 adimit,
3197 5819 3249 5866 ct
3295 5811 3430 5866 bene
3468 5809 3576 5879 agit
