3958 6388
476 408 615 474 1315

1813 409 2166 476 PROCOPII
2225 413 2470 478 GAZJSI

3615 440 3727 512 1316

473 535 734 594 semper;
777 522 875 594 qui
915 524 1096 578 autem
1139 521 1305 582 habet
1349 531 1734 596 pernaturam
1779 525 1833 578 in
1873 525 2053 598 εοῖρει

2172 521 2233 630 εὖ
2265 529 2545 596 ποιοῦντος
2579 531 2666 630 ἀεί
2692 549 2714 630 Ἀ
2741 534 2772 588 ὁ
2809 533 2910 608 μὲν
2940 535 3082 610 ἔχων
3125 527 3464 616 κατὰσφύσιν
3497 551 3550 604 ἐν
3579 553 3730 630 ἑαυτῷ

463 615 852 687 quiescentem
926 618 1054 672 vitae
1121 625 1393 672 rectorem
1448 616 1717 689 Spiritum
1785 627 2062 682 sanctum,

478 711 622 766 Deus
651 707 919 773 Verbum,
966 709 1325 766 credentibus
1370 709 1426 765 in
1485 726 1547 766 se
1589 711 1753 770 vitam
1799 721 2064 766 aeternam

474 801 730 872 largitur.

548 893 622 948 Os
667 902 844 952 autem
889 895 1040 963 impii
1101 896 1298 964 aperiet
1341 893 1617 950 interitum
1680 892 2063 952 Perniciosum

475 997 658 1041 autem
711 987 1005 1044 consilium
1063 1003 1172 1046 non
1227 988 1462 1044 colentis
1525 988 1718 1056 Deum,
1764 989 2066 1046 inventoris

476 1077 849 1149 improbitatis
879 1079 1124 1134 destruet
1148 1096 1178 1134 a
1210 1094 1342 1135 vero
1371 1079 1517 1135 bono
1549 1088 1739 1139 nostra
1761 1079 2062 1152 prolapsio.

475 1170 833 1228 conscientia:
885 1166 1336 1242 reprehensione.
1410 1173 1664 1243 Quandin
1746 1176 1894 1231 enirn
1963 1190 2064 1230 nos

475 1272 912 1320 momentaneam
955 1263 1198 1320 laetitiam
1224 1273 1278 1322 et
1306 1265 1570 1322 caducam
1603 1264 1836 1336 gloriam
1857 1265 2060 1319 bonum

474 1357 1062 1428 reputa:nus,.dictum
1104 1358 1400 1412 consilium
1437 1372 1546 1412 non
1589 1357 1890 1421 evanescit,
1929 1355 2063 1414 falsa

473 1457 666 1506 nostra
716 1448 784 1505 de
823 1449 971 1506 bono
1010 1449 1269 1520 opinione
1317 1450 1634 1522 expeditum
1675 1451 1776 1505 iter
1803 1450 2012 1507 habens
2045 1467 2060 1518 ;

471 1556 539 1595 ex
587 1557 654 1598 eo
689 1549 874 1596 autem
917 1541 1064 1612 quod
1115 1542 1403 1597 inveniunt
1438 1543 1532 1612 qui
1568 1541 1646 1597 illi
1687 1543 1956 1597 obediunt
2003 1541 2065 1596 li-

472 1649 598 1689 nem
641 1635 844 1690 laetitiae
867 1635 1172 1690 secundum
1197 1650 1396 1692 sensus
1430 1637 1699 1700 dolorem,
1727 1643 1782 1692 et
1821 1635 2065 1707 fugitives

472 1729 662 1799 gloriae
692 1729 974 1799 dedecus;
1020 1738 1074 1786 et
1099 1732 1223 1802 quia
1256 1741 1482 1802 propter
1527 1732 1636 1786 veri
1685 1731 1810 1786 boni
1863 1730 2064 1788 exinde

471 1823 828 1878 amissionem
886 1838 997 1880 non
1049 1823 1166 1896 jam
1233 1823 1368 1879 illud
1433 1825 1728 1894 recipiunt,
1782 1825 2064 1881 evanescit

472 1914 580 1970 tale
611 1915 928 1980 consulium,
969 1930 1070 1970 non
1104 1916 1316 1971 habens
1351 1916 1418 1970 de
1446 1928 1644 1972 caetero
1670 1915 1970 1973 ellicaciam
2005 1917 2058 1973 in

471 2011 560 2076 iis,
589 2010 680 2080 qui
713 2009 844 2064 illud
869 2009 984 2080 jam
1019 2025 1128 2066 non
1157 2010 1472 2065 admittunt.

543 2207 704 2264 Vnus.
757 2207 844 2263 ιε.
881 2207 1079 2264 Odium
1126 2212 1352 2264 suscitat
1411 2211 1581 2266 rixas.
1617 2210 1682 2265 Et
1729 2212 2060 2269 inimicitias

463 2302 686 2371 quidem
733 2301 932 2356 animm
985 2303 1038 2358 in
1075 2319 1296 2358 carnem
1338 2314 1399 2358 ut
1451 2305 1814 2372 insidiosam,
1874 2322 2057 2377 pugna

466 2391 602 2460 legis
661 2392 844 2447 earinis
896 2390 1162 2450 adversus
1218 2393 1392 2463 legem
1447 2396 1696 2466 spiritus,
1748 2399 2055 2454 secundum

463 2485 708 2540 lmtitiam
739 2495 794 2541 et
826 2485 1098 2551 dolorem,
1131 2487 1388 2542 suscitat.

535 2599 734 2656 Omnes
786 2608 963 2655 auum
1009 2617 1116 2655 non
1169 2603 1404 2658 rixantes
1460 2605 1658 2672 aperiet
1701 2604 2052 2678 (amicitia).

461 2692 670 2749 Omnes
703 2703 887 2748 autent
920 2695 1014 2764 qui
1064 2695 1366 2750 secundum
1403 2695 1672 2751 rationem
1704 2699 1901 2754 animae
1931 2715 2056 2756 car-

461 2802 584 2840 nem
620 2786 924 2856 subjiciunt
953 2796 1006 2842 et
1044 2786 1126 2843 eis
1176 2787 1382 2858 aliquid
1437 2804 1545 2843 non
1584 2790 1806 2858 litigiosi
1861 2794 2057 2863 acqui-

460 2889 624 2944 runt,
677 2880 808 2936 dum
863 2881 1135 2952 cujusque
1195 2883 1377 2937 anima
1431 2899 1462 2938 a
1517 2899 1686 2940 carne
1733 2886 1800 2940 ad
1847 2890 2052 2960 optima

2165 618 2583 694 ἀναπαυόμενον
2617 623 2678 677 τὸ
2695 623 2842 697 ζωῆς
2873 629 3112 701 χορηγδν
3147 633 3377 704 Πνεῦμα
3419 637 3566 707 ἅγιον
3617 618 3730 714 Θεὸς

2167 711 2364 778 Λόγος,
2432 713 2581 786 ζωὴν
2639 715 2858 772 αίὼνιον
2918 722 3175 793 δωρεῖται
3239 729 3354 791 τοῖς
3421 711 3729 793 πιστεύουσιν

2168 819 2340 873 αυτῳ.
2801 869 2813 882 I

2237 898 2435 966 Στόμα
2463 896 2532 952 δὲ
2597 899 2859 968 ἀσεϐοῦς
2930 905 3190 975 καλύψει
3232 908 3552 968 ἀπώλειαν.
3580 917 3674 990 Τὴν
3691 905 3728 976 δ’

2174 990 2398 1063 ὀλεθρον
2431 993 2717 1065 ὑποθήκην
2741 995 2837 1050 τοῦ
2859 997 2935 1068 μὴ
2957 998 3226 1068 τιμῶντος
3255 1001 3388 1056 Θεὸν
3419 1006 3629 1075 εὑρετοῦ
3645 1012 3724 1083 τῖι;

2167 1083 2386 1149 κακίας,
2441 1084 2695 1152 ἀφανίσει
2743 1088 2777 1156 ὴ
2835 1087 2946 1141 ἀπὸ
2991 1087 3088 1141 τοῦ
3145 1089 3315 1156 ὅντως
3385 1095 3546 1149 καλοῦ
3597 1102 3722 1170 ἡμῶν

2167 1173 2463 1242 ἔκπτωσις,
2493 1177 2572 1263 τῷ
2612 1178 2824 1252 ἐλέγχῳ
2863 1181 2960 1235 τοῦ
3018 1183 3360 1248 συνειδότος·
3411 1186 3514 1254 ἕως
3556 1193 3653 1263 γὰρ
3678 1196 3724 1249 ἂν

2168 1267 2333 1336 ἡμεῖς
2393 1259 2882 1340 τίγίὲτράσκαιρον
2935 1271 3132 1344 ἡδονὴν
3193 1275 3289 1328 καὶ
3343 1276 3444 1347 τὴν
3496 1259 3727 1356 ἐπίκηρον

2166 1355 2346 1424 δόξαν,
2371 1357 2579 1426 ἀγαθὸν
2604 1357 2959 1431 λογιζόμεθα,
3001 1364 3035 1434 ἡ
3077 1364 3350 1437 εἰρημένη
3389 1369 3625 1442 ὑποθήκη
3641 1355 3728 1429 οὐκ

2165 1447 2514 1520 ἀμαυροῦται
2537 1466 2550 1480 ο
2581 1453 2648 1524 τῇ
2669 1451 2860 1522 ψευδεῖ
2891 1454 3054 1526 ἡμῶν
3090 1461 3216 1528 περὶ
3246 1461 3342 1516 τοῦ
3370 1461 3573 1530 ἀγαθοῦ
3603 1465 3727 1539 δόξῃ,

2163 1538 2225 1592 τὸ
2252 1540 2480 1610 εὐεργὸν
2510 1541 2709 1614 ἔχουσα
2730 1562 2744 1575 ·
2781 1548 2844 1600 ἐκ
2873 1546 2928 1600 δὲ
2973 1549 3068 1602 τοῦ
3114 1551 3395 1621 εὑρίσκειν
3420 1555 3542 1619 τοὺς
3572 1538 3728 1612 πειθο-

2168 1633 2362 1705 μένους
2395 1637 2534 1708 αὐτῇ
2567 1637 2720 1704 τέλος
2742 1639 2845 1710 τῆς
2877 1641 2976 1710 μὲν
3007 1645 3130 1698 κατ’
3163 1645 3422 1716 αἴσθησιν
3451 1649 3632 1720 ἡδονῆς
3648 1651 3715 1722 τὴ*

2165 1722 2380 1798 ὀδύνην,
2415 1726 2514 1797 τῆς
2543 1727 2588 1780 δ’
2635 1730 2906 1802 ὲπικήρου
2938 1733 3098 1804 δόξης
3133 1734 3235 1806 τὴν
3264 1738 3519 1807 ἀτιμίαν·
3555 1741 3640 1794 καὶ
3659 1741 3731 1798 διὰ

2153 1817 2225 1872 ’τὸ
2259 1818 2514 1875 ἐντεῦθεν
2567 1819 2662 1876 τοῦ
2711 1823 2882 1888 ὅντως
2926 1824 3094 1880 καλοῦ
3139 1827 3510 1900 ἁμαρτάνειν,
3557 1835 3730 1902 μηκέτι

2165 1911 2570 1982 παραδέχεσθαι
2594 1915 2787 1987 αὐτὴν,
2817 1917 3149 1986 ἀφανίζεται
3176 1921 3212 1995 ἡ
3239 1921 3466 1996 τοιαύτη
3489 1925 3728 1999 ὑποθήκη,

2165 2003 2242 2074 μὴ
2271 2003 2470 2077 ἔχουσα
2506 2006 2600 2061 τοῦ
2633 2007 2826 2068 λοιποῦ
2869 2010 2930 2065 τὺ
2963 2012 3216 2085 ἐνεργὸν,
3251 2013 3311 2070 ὲν
3341 2018 3454 2082 τοῖς
3484 2017 3555 2091 μὴ
3577 2035 3728 2091 παρα-

2161 2093 2472 2166 δεχομένοις
2499 2099 2694 2172 αὐτήν.

2234 2211 2321 2281 ιβ’.
2347 2211 2539 2280 Μῖσος
2567 2215 2780 2286 ἐγείρει
2817 2217 3040 2286 νεῖκος.
3098 2221 3214 2276 Καὶ
3268 2221 3472 2294 ἔχθραν
3513 2224 3607 2296 μὲν
3635 2225 3718 2298 τῆς

2157 2301 2339 2373 ψυχῆς
2357 2303 2500 2358 κατὰ
2527 2306 2628 2374 τῆς
2664 2307 2889 2378 σαρκὸς,
2909 2309 2984 2374 ὡς
3000 2311 3320 2380 ἐπιϐούλου,
3355 2315 3645 2388 διανίστησι
3671 2319 3720 2374 τὸ

2157 2395 2674 2466 ἀντιστρατεύεσθαι
2699 2399 2776 2469 τῷ
2808 2401 2957 2472 νόμῳ
2985 2401 3079 2456 τοῦ
3115 2405 3262 2470 νοὸς,
3295 2406 3416 2464 καθ’
3441 2407 3622 2480 ἡδονὴν
3647 2409 3722 2464 καὶ

2157 2484 2374 2556 ὀδύνην,
2410 2487 2502 2542 τὸν
2530 2489 2631 2560 τῆς
2659 2491 2865 2563 σαρκὸς
2895 2494 3084 2564 νόμον.
3382 2572 3387 2577 _

2227 2597 2468 2667 Πάντας
2500 2601 2569 2655 δὲ
2609 2603 2752 2671 τοὺς
2796 2604 2884 2675 μὴ
2937 2609 3454 2680 φιλονεικοῦντας
3497 2614 3726 2684 καλύψει

2160 2693 2400 2766 (φιλία).
2437 2697 2720 2763 Ἀπαντας
2737 2699 2794 2754 δὲ
2816 2701 2944 2765 τοὺς
2978 2703 3122 2756 κατὰ
3157 2703 3323 2774 λόγον
3355 2707 3726 2773 ὐποτάσσοντας

2155 2791 2222 2858 τῇ
2250 2787 2395 2859 ψυχῇ
2429 2788 2530 2860 τὴν
2563 2793 2766 2862 σάρκα,
2792 2796 2886 2848 καὶ
2917 2800 3418 2872 περιποιουμένους
3447 2800 3654 2864 ταύταις
3678 2801 3726 2854 τὸ

2154 2879 2390 2951 ἄμαχον,
2430 2883 2490 2935 ἐν
2513 2883 2592 2953 τῷ
2629 2885 2866 2940 ἑκάστου
2900 2887 3001 2960 τὴν
3030 2891 3130 2960 μὲν
3155 2892 3340 2964 ψυχὴν
3367 2893 3724 2963 συνεργεῖσθαι

413 2972 778 3041 ‘sdjuvatur,
819 2987 950 3028 caro
979 2980 1162 3027 autem
1199 2974 1564 3030 conveniente
1604 2991 1736 3032 cura
1770 2979 1840 3034 ab
1871 2979 2054 3036 anima

461 3063 860 3126 circumdatur,
897 3064 1082 3118 divina
1125 3067 1337 3136 operiet
1374 3067 1638 3135 Charitas,
1673 3077 1728 3126 et
1762 3071 2054 3128 abscondi-

461 3165 569 3209 tam
613 3154 668 3210 in
695 3155 918 3212 Christo
951 3156 1138 3213 vivent
1168 3159 1360 3214 vitam.
1716 3138 1734 3153 n

2156 2973 2308 3044 παρὰ
2342 2974 2472 3045 ,τῆς
2530 2979 2736 3053 σαρκρς
2766 2981 2904 3050 πρὸς
2933 2982 3004 3036 τα
3031 2983 3324 3047 κάλλιστα.
3361 2987 3458 3056 τὴν
3489 2981 3556 3040 δὲ’
3574 2986 3726 3054 σάρκα

2153 3065 2252 3134 τῆς
2268 3067 2654 3140 προσηκούσης
2669 3069 2951 3138 ἀξιοῦσθαι
2975 3075 3132 3146 παρὰ
3152 3077 3254 3148 τῆς
3275 3077 3457 3152 ψυχῆς
3473 3078 3722 3150 προνοίας,

2155 3154 2276 3208 θεία
2299 3156 2498 3227 κρύψει
2524 3160 2736 3230 ἀγάπη,
2768 3164 2910 3217 κατὰ
2957 3165 3021 3219 τὸ
3061 3165 3160 3238 ζῇν
3189 3169 3392 3230 αὐτοὺς
3412 3168 3509 3240 τὴν
3529 3169 3582 3222 ἐν
3609 3168 3725 3242 Χρι-

2086 3228 2128 3288 C
2164 3246 2276 3316 στῴ
2299 3228 2709 3321 κεκρυμμένην
2730 3253 2900 3324 ζωήν.

533 3349 702 3405 Vens.
739 3350 827 3405 l5.
867 3351 973 3418 Qui
1002 3368 1067 3408 ea:
1096 3353 1252 3408 labiis
1277 3352 1510 3422 proferet
1537 3357 1879 3427 sapientiam,
1906 3361 2054 3432 virga

455 3446 712 3514 percutiet
767 3444 1027 3499 hominem
1053 3444 1210 3501 corde
1253 3445 1592 3518 indigentem.
1630 3447 1682 3507 is
1735 3466 1933 3524 nempe
1959 3457 2054 3525 qui

437 3550 554 3594 'ore
605 3538 851 3594 divinum
901 3540 1129 3594 verbum
1177 3545 1491 3610 annuntiat,
1553 3558 1639 3608 eo,
1700 3553 1761 3601 ut
1818 3548 2054 3618 quadam

456 3630 634 3702 virga,
683 3631 941 3687 verberat
973 3633 1274 3702 secundum
1308 3635 1710 3692 conscientiam
1756 3639 1910 3696 illum
1959 3643 2054 3714 qui

455 3721 523 3776 ad
548 3721 754 3777 bonum
783 3737 889 3778 non
925 3724 1175 3795 possidet
1215 3727 1414 3782 animae
1452 3729 1728 3785 ardorem.

2235 3357 2323 3428 ιγ’.
2365 3362 2470 3427 Ὃς
2521 3362 2590 3416 ἐκ
2635 3364 2890 3432 χειλέων
2943 3367 3229 3438 προφέρει
3286 3373 3528 3444 σοφίαν,
3551 3369 3722 3442 ῥάϐδῳ

2160 3452 2368 3508 τύπτει
2397 3455 2588 3524 ἄνδρα
2614 3457 2924 3528 ἀκάρδιον.
2953 3461 3076 3532 Ἀφ’
3101 3455 3178 3516 ὧν
3197 3466 3228 3520 ὁ
3250 3465 3338 3518 διὰ
3368 3465 3623 3538 στόματος
3649 3464 3722 3518 τὸν

2159 3541 2306 3596 θεῖον
2334 3543 2496 3614 λόγον
2520 3549 2931 3618 καταγγέλλων,
2957 3553 3182 3626 πλήττει
3216 3557 3262 3611 δ’
3300 3557 3465 3612 αὐτοῦ
3497 3559 3580 3612 διά
3605 3573 3722 3620 τινος

2159 3634 2360 3706 ράὸδου
2394 3637 2540 3692 κατὰ
2572 3639 2632 3692 τδ
2658 3642 2918 3711 συνειδὸς,
2946 3645 3039 3700 τὸν
3058 3645 3134 3719 μὴ
3163 3649 3296 3721 περὶ
3325 3650 3384 3704 τὸ
3408 3649 3600 3722 ἀγαθὸν
3619 3649 3720 3718 θέρ-

2159 3745 2270 3800 μην
2295 3727 2478 3801 ψυχῆς
2493 3748 2666 3806 κεκτη
2677 3734 2856 3804 μένον.
2929 3796 2954 3822 ⁹

523 3833 693 3892 Vens.
731 3836 819 3892 M.
847 3835 1124 3907 Sapientes
1156 3839 1481 3896 abscondent
1515 3844 1820 3901 scientiam.
1865 3845 1932 3900 Et
1957 3847 2050 3918 qui

390 3997 398 4004 .
451 3924 550 3982 Dei
599 3928 830 3983 verbum
864 3929 920 3984 in
951 3939 1149 3986 Sancto
1187 3928 1401 4001 Spiritu
1453 3933 1759 3990 secundum
1809 3938 2050 4008 gratiam

449 4021 506 4076 in
543 4036 606 4077 se
635 4030 988 4091 receperunt,
1019 4023 1299 4094 repellunt
1339 4025 1686 4084 sensibilium
1721 4031 2048 4098 scientiam;

449 4112 786 4183 cogitatione
813 4122 1000 4169 autem
1036 4115 1106 4170 iis
1135 4128 1259 4185 qua;
1283 4125 1414 4173 sunt
1443 4135 1610 4190 supra
1649 4136 1846 4178 sensus
1868 4139 2052 4180 assue-

447 4205 604 4272 facti,
630 4207 975 4278 spiritualem
1003 4222 1195 4264 eorum
1220 4211 1526 4268 secundum
1557 4211 1832 4271 elIicacem
1861 4218 2050 4288 cogni-

448 4299 652 4353 tionem
695 4299 976 4372 accipiunt
1015 4303 1326 4360 scientiam.

2233 3839 2314 3896 ιδ’.
2345 3845 2531 3914 Σοφοὶ
2574 3848 2926 3916 κρύψουσιν
2960 3851 3280 3922 αἶσθησιν.
3318 3857 3429 3910 Καὶ
3457 3857 3504 3910 oi
3535 3857 3624 3926 μὲν
3646 3853 3720 3908 τὸν

2153 3931 2250 3987 τοῦ
2267 3933 2400 3988 Θεοῦ
2423 3936 2586 4006 λόγον
2615 3940 2674 3992 ἰν
2701 3941 2844 4011 ἁγίῳ
2866 3943 3150 4014 Πνεύματι
3198 3949 3344 4002 κατὰ
3367 3949 3521 4020 χάριν
3542 3949 3720 4018 κτησά-

2155 4043 2307 4095 μενοι
2347 4026 2580 4094 ἔνοικον,
2610 4033 2996 4088 συστέλλουσιν
3049 4037 3159 4091 ἀπὸ
3185 4039 3300 4093 τῶν
3331 4040 3595 4112 αἰσθητῶν
3638 4038 3719 4109 τὴν

2150 4119 2440 4192 αἴσθησιν·
2493 4124 2637 4178 κατὰ
2668 4125 2912 4182 διάνοιάν
2966 4146 3028 4182 τε
3083 4133 3598 4206 ὲμφυλοχωροῦντες
3627 4134 3718 4192 τοῖς

2151 4211 2293 4286 ὑπὲρ
2333 4214 2611 4284 αἰσθησιν,
2675 4220 2770 4273 καὶ
2815 4223 3012 4293 νοερὰν
3034 4224 3244 4281 τούτων
3279 4230 3400 4282 κατ’
3434 4210 3718 4300 ἔμπρακτον

2148 4305 2351 4388 γνῷσιν
2383 4307 2750 4380 λαμϐάνοντες
2772 4313 3046 4387 αἴσθησιν.

519 4411 592 4467 Os
624 4422 802 4496 autem
824 4414 979 4470 stulti
1005 4416 1312 4486 proximum
1352 4429 1432 4473 est
1463 4417 1786 4489 confusioni.
1823 4419 2046 4476 Doctri-

2218 4421 2416 4491 Στόμα
2443 4421 2514 4476 δὲ
2561 4427 2904 4495 προπετοῦς
2931 4429 3144 4500 ἐγγίζει
3221 4431 3529 4502 συντριϐῇ.
3579 4430 3709 4484 Διδαο

445 4517 516 4558 na
547 4514 730 4583 autem
769 4507 919 4574 boni,
975 4523 1078 4578 pro
1115 4509 1238 4581 ejus
1272 4509 1687 4581 adimpletione,
1745 4511 2042 4583 perditioni

2166 4512 2346 4566 ςκαλία
2383 4512 2442 4567 δὲ
2501 4515 2596 4568 τοῦ
2647 4517 2881 4586 ἀγαθοῦ,
2924 4522 3029 4591 πρὸ
3082 4525 3182 4593 τῆς
3237 4525 3430 4578 τούτου
3470 4522 3710 4596 πράξεως.

446 4597 694 4669 proxima
739 4607 858 4666 est;
890 4613 1059 4670 opera
1104 4599 1251 4656 enim
1279 4602 1466 4658 verbis
1494 4604 1750 4674 opposita
1811 4617 1876 4660 ea
1905 4604 2044 4661 sub-

2166 4603 2442 4674 τλησιάζει
2473 4607 2748 4682 διαφθορᾷ
2767 4627 2782 4642 ⁸
2817 4607 2908 4666 οἷα
2937 4613 3048 4668 τῶν
3088 4614 3269 4686 ἔργων
3289 4613 3713 4684 ἀντικαθισταμέ-

443 4697 658 4744 vertere
686 4697 978 4746 conantur.

520 4801 684 4859 Vens.
734 4803 822 4858 l5.
856 4801 1176 4860 Substantia
1226 4805 1449 4862 divitum
1504 4807 1630 4863 urbs
1685 4808 1860 4876 fortis.
1899 4807 2042 4865 Sub-

441 4895 648 4950 stantia
689 4897 836 4952 enim
869 4911 1064 4953 eorum
1097 4901 1192 4970 qui
1221 4914 1320 4970 per
1376 4899 1793 4974 intelligentiam
1861 4904 2040 4974 possi-

443 4987 572 5040 dent
613 4986 933 5054 spirituales
985 4989 1229 5057 divitias,
1262 4991 1446 5047 anima
1503 4999 1590 5052 est
1621 5009 1764 5064 pane
1821 4994 2038 5050 caelesti

440 5094 560 5132 eam
579 5079 872 5136 foborante
897 5096 1006 5137 non
1040 5081 1316 5154 indigens,
1341 5095 1394 5140 et
1423 5087 1811 5144 mandatorum
1833 5090 2038 5144 cultrix

441 5185 565 5241 quae
605 5170 780 5241 ipsam
817 5179 1060 5241 servant,
1103 5174 1548 5244 intelligibilihus
1587 5177 1843 5235 hostibus
1881 5181 2038 5235 inex-

439 5265 816 5335 pugnabilem,
841 5274 895 5321 et
925 5267 1231 5324 virtutibus
1260 5269 1552 5324 munitam.

512 5370 772 5442 Confusio
821 5386 998 5431 autem
1045 5379 1332 5449 impiorum
1379 5391 1604 5453 egestas.
1649 5381 1815 5440 Ptena
1853 5397 2076 5442 autem‘

441 5472 523 5519 est
562 5480 754 5522 eorum
796 5471 888 5539 qui
921 5472 1092 5526 Deum
1131 5489 1242 5530 non
1278 5475 1470 5532 colunt
1500 5479 1736 5548 privatio
1781 5480 2036 5546 absoluta

442 5559 748 5630 spiritualis
775 5579 874 5635 per
915 5569 1441 5640 contemplationem
1474 5573 1627 5628 verbi
1672 5590 1822 5644 esus,
1845 5586 1900 5630 et
1927 5577 2040 5632 vir-

443 5659 623 5706 tutum
652 5654 1105 5711 vestimentorum
1133 5676 1148 5725 ;
1179 5675 1302 5730 qua:
1356 5650 1594 5718 vestium
1637 5681 1790 5722 more
1823 5669 2039 5724 animas

447 5741 867 5810 acupiditatum
909 5754 1233 5818 tempestate
1261 5751 1588 5810 defendunt.

523 5853 683 5908 \‘uus.
727 5855 811 5912 l6.
868 5855 1042 5925 Opera
1077 5861 1352 5930 justorum
1405 5867 1564 5921 vitam
1619 5859 1846 5938 lacinnt.
1894 5873 2032 5940 Quia

2147 4715 2255 4752 νων
2279 4703 2390 4763 τοῖς
2422 4697 2626 4770 λόγοις,
2649 4703 2874 4768 τούτους
2913 4706 3248 4780 ἀνατρέπειν
3295 4709 3709 4782 ἐπιχειρούντων.

2227 4815 2310 4871 ιε’.
2345 4816 2571 4886 κτῆσις
2594 4821 2935 4888 πλουσίων,
2959 4825 3140 4892 πόλις
3159 4824 3370 4897 ὀχυρά.
3397 4827 3501 4882 Καί⁷
3517 4840 3710 4896 περιου-

2147 4911 2239 4963 σία
2267 4909 2367 4980 μὲν
2392 4911 2504 4964 τῶν
2526 4914 2894 4984 κτησαμένων
2942 4915 3175 4972 πλοῦτον
3205 4919 3570 4991 πνευματικὸν
3590 4913 3710 4970 κατὰ

2144 5001 2368 5070 γνῶσιν,
2395 5002 2545 5076 ψυχή
2588 5005 2740 5060 ἐστιν
2790 5007 3050 5080 ἀνενδεὴς
3082 5027 3141 5063 τε
3176 5009 3270 5065 τοῦ
3313 5011 3512 5082 ταύτης
3542 5006 3707 5079 στηρί-

2143 5089 2330 5158 ζοντος
2378 5095 2634 5164 οὐρανίου
2691 5097 2883 5168 ἄρτου,
2922 5104 3016 5154 καὶ
3080 5101 3259 5171 φύλαξ
3309 5105 3417 5158 τῶν
3459 5099 3708 5175 τηρονσῶν

2143 5185 2312 5258 αὐτὴν
2345 5187 2576 5242 ἐντολῶν
2605 5189 2794 5254 αὑτοῦ,
2826 5191 3107 5248 ἀνάλωτον
3133 5198 3246 5262 τοῖς
3267 5200 3478 5270 νοητοῖς
3496 5195 3704 5266 ἐχθροῖς,

2143 5279 2238 5332 καὶ
2272 5296 2340 5332 πε
2352 5282 2772 5352 ριπεφραγμένη
2801 5286 2924 5350 ταῖς
2946 5285 3192 5355 ἀρεταῖς.

2215 5392 2506 5462 Συντριϐὴ
2537 5393 2606 5446 δὲ
2665 5394 2926 5463 ἀσεϐῶν,
2986 5399 3185 5456 πενία.
3215 5400 3464 5473 Τιμωρία
3516 5397 3570 5455 δέ
3599 5397 3699 5449 ἐστι

2141 5484 2251 5538 τῶν
2287 5485 2361 5556 μὴ
2386 5485 2675 5556 τιμώντων
2699 5487 2856 5554 Θεὸν,
2879 5492 3154 5564 ,στέρησις
3174 5493 3439 5564 παντελὴς
3465 5493 3557 5561 τῆς
3580 5485 3702 5544 κατά

2143 5576 2378 5648 θεωρίαν
2403 5581 2784 5651 πνευματικῆς
2814 5583 2907 5638 τοῦ
2958 5584 3121 5654 λόγου
3177 5585 3456 5659 βρώσεω;,
3493 5583 3580 5639 καὶ
3615 5579 3700 5650 τῆς

2143 5669 2436 5742 περιϐολῆς
2467 5672 2578 5726 τῶν
2617 5673 2829 5744 ἀρετῶν
2853 5691 2865 5705 ·
2917 5677 2952 5748 ἧ
3003 5695 3087 5742 τις
3117 5678 3274 5750 δίκην
3324 5677 3542 5748 ίμαῖίων
3564 5687 3699 5742 nept-

2143 5763 2402 5830 φυλάττει
2433 5765 2542 5819 ἀπὸ
2574 5767 2668 5820 τοῦ
2721 5769 2995 5840 χειμῶνος
3026 5772 3134 5827 τῶν
3171 5773 3358 5828 παθῶν
3384 5774 3476 5835 τὰς
3521 5766 3694 5839 ψνχάςι

2223 5883 2318 5941 ις’.
2367 5877 2550 5948 ’Ἔργα
2605 5879 2876 5948 δικαίων,
2939 5881 3094 5953 ζωὴν
3133 5885 3307 5942 ποιεῖ.
3373 5884 3586 5954 Ὃτιπερ
3645 5874 3691 5928 αἶ
