3958 6390
322 397 461 466 1:317
1347 381 1881 453 cthEXTARLI

2041 376 2498 438 PROYERBIA.
3465 371 3603 442 1318

323 514 426 585 μὲν
489 507 712 581 πράξεις
753 508 860 563 τῶν
905 503 1304 577 προκρινόντων
1366 497 1460 551 τοῦ
1525 493 1806 558 δοκοῦντος
1863 493 1919 585 τὸ

2037 504 2229 561 nempe
2271 503 2438 560 opera
2473 501 2664 542 eorum
2714 485 2807 558 qui
2860 499 2963 542 suo
3016 484 3364 556 beneplacito
3409 504 3600 546 verum

319 573 493 668 θντως
531 573 731 671 sane»,
797 573 1238 660 ἀπαλλάττουσαι
1299 595 1398 658 τὰς
1441 593 1621 666 ψυχὰς
1665 591 1762 645 τοῦ
1789 573 1913 644 καθ’

2037 592 2223 633 tonum
2272 581 2632 645 anteponunt,
2685 573 2900 628 animas
2953 587 2984 627 a
3029 580 3206 629 tnorte
3268 591 3364 646 per
3405 591 3603 646 pecca.

320 663 604 766 ἁμαρτίαν
626 663 885 760 θανάτου,
912 695 1010 765 τὴν
1041 693 1098 745 ὲν
1143 691 1416 760 πνεύματι
1449 663 1731 756 μακαρίαν
1765 680 1912 750 ζωὴν

2041 683 2130 721 um
2152 666 2440 722 liberantia
2459 666 2670 720 beatam
2705 663 2760 719 in
2795 665 2994 734 spiritu
3026 663 3163 736 ipsis
3196 665 3366 720 vitam
3397 669 3602 740 conci-

323 786 685 860 προξενοῦσιν
730 789 944 850 αὐταῖς.

2037 760 2171 817 iant.

393 881 628 950 Καρποὶ
679 883 747 937 δὲ
798 883 1056 948 ἀσεϐῶν,
1110 877 1412 951 ἁμαρτίαι.
1453 875 1536 930 Tit
1571 873 1618 926 δ’
1646 870 1928 944 ἅποτελέτ

326 991 514 1044 σματα
537 973 645 1027 τῶν
677 974 752 1047 μὴ
776 974 1060 1046 τιμώντων
1089 973 1245 1040 Θεὸν,
1274 969 1370 1024 τοῦ
1398 969 1567 1032 ὅντως
1583 965 1752 1019 καλοῦ
1775 965 1912 1020 ἀπο-

324 1064 509 1136 τυχίαι
538 1065 696 1118 εἰσίν.

403 1157 489 1222 ιζ’.
537 1155 740 1224 ’θεοὺς
771 1155 918 1224 ζωῆς
943 1157 1250 1226 φυλάσσει
1275 1153 1533 1210 παιδεία.
1562 1150 1670 1206 Καὶ
1698 1148 1794 1212 τὰς
1815 1148 1914 1219 μὲν

323 1244 600 1318 φερούσας
635 1244 788 1310 Θείας
811 1246 1028 1310 ἐντολὰς
1059 1247 1140 1310 είς
1178 1243 1323 1312 ζωὴν
1365 1242 1583 1297 αἰώνιον
1611 1241 1706 1304 τὰς
1735 1237 1914 1308 ψυχὰς

323 1338 487 1410 τηρεῖ
511 1337 772 1404 ἐπίπονος
800 1339 920 1392 κατ’
941 1337 1146 1410 ἀρετὴν
1182 1336 1372 1406 ἀγωγή
1397 1352 1408 1364 ·
1446 1332 1588 1403 αὕτη
1619 1333 1675 1386 δὲ

394 1513 648 1568 Παιδεία
687 1513 754 1568 δὲ
814 1512 1248 1586 ἀνεξέλεγκτος
1298 1509 1620 1567 πλανᾶται.
1669 1510 1734 1565 Ἦ
1790 1511 1911 1564 κατ’

323 1604 529 1676 ἀρετὴν
552 1605 808 1668 ἐπίπονος
830 1606 1043 1677 ἀγωγὴ.
1087 1608 1137 1659 εί
1192 1606 1267 1675 μὴ
1295 1603 1604 1675 δοκιμασθῇ
1641 1603 1710 1658 δι’
1747 1603 1913 1657 ἀκου-

325 1696 458 1748 σίων
515 1695 864 1766 πειρασμῶν,
914 1697 1008 1750 καὶ
1045 1695 1167 1750 καθ’
1192 1695 1305 1760 ἕξιν
1350 1697 1416 1766 τῇ
1445 1697 1592 1765 ψυχῇ
1626 1709 1913 1762 πεπαγιωο

324 1787 461 1858 μένη
495 1789 664 1858 φανῇ,
695 1787 1022 1858 ἐκτρέπεται
1037 1789 1137 1858 τῆς
1156 1787 1443 1855 ἀληθείας,
1471 1787 1530 1840 ὲν
1561 1786 1910 1856 προσχήματι

2086 849 2322 904 Fructus
2392 857 2567 903 autem
2641 828 2963 920 impiorum,
3043 858 3280 918 peccata.
3364 851 3604 909 Eli'ectus

2015 954 2198 1002 autent
2252 959 2362 1000 non
2418 942 2720 999 colentium
2771 941 2968 1008 Deum,
3025 943 3140 1000 veri
3186 943 3320 1000 boni
3365 947 3603 1016 privatio

2015 1047 2137 1092 est.-

2086 1128 2255 1183 V'Etts.
2287 1125 2376 1182 17.
2415 1123 2540 1180 Vias
2572 1125 2692 1180 vita:
2727 1123 2954 1178 custodit
2989 1123 3300 1195 disciplina.
3322 1125 3386 1180 Et
3419 1125 3604 1182 divina

2013 1221 2234 1293 quidem
2272 1221 2528 1274 mandata
2565 1233 2688 1288 qum
2719 1219 2932 1272 animas
2967 1217 3032 1272 ad
3056 1221 3220 1274 vitam
3243 1217 3450 1284 lerunt,
3483 1233 3604 1272 ser-

2015 1323 2108 1366 vat
2143 1327 2380 1383 Operosa
2419 1311 2723 1366 secundum
2759 1309 3018 1363 virtutem
3051 1310 3250 1380 agendi
3317 1311 3488 1376 ratio;
3538 1327 3600 1367 ea

2014 1411 2195 1457 αιιιριῐι

2089 1492 2382 1562 Disciplina
2405 1508 2521 1562 qum
2559 1491 2944 1557 increpationes
2972 1491 3200 1560 repellit,
3247 1503 3416 1548 errat.
3461 1493 3604 1565 Ope-
3674 1514 3683 1522 '

2013 1601 2136 1640 rosa
2176 1585 2478 1642 serundum
2508 1585 2770 1638 virtutem
2790 1584 3120 1653 disciplina,
3155 1587 3264 1641 nisi
3302 1603 3398 1658 per
3447 1588 3604 1642 invo-
3638 1658 3642 1662 ι

2015 1677 2282 1732 luntarias
2313 1675 2650 1730 tentatiunes
2690 1676 2977 1746 probetur,
3005 1684 3062 1732 et
3093 1677 3398 1734 secundum
3437 1679 3600 1734 habi-

2015 1777 2130 1822 tum
2167 1768 2220 1822 in
2259 1769 2442 1821 anima
2497 1767 2712 1821 firmata
2759 1777 3044 1838 appareat,
3075 1783 3106 1821 a
3135 1769 3364 1823 veritate
3407 1771 3605 1824 averti-

320 1845 414 1933 ἕνα
425 1845 587 1950 ρέτου
613 1845 919 1947 πολιτείας,
945 1881 1025 1944 είς
1053 1845 1362 1944 κενοδοξίαν
1387 1845 1739 1949 ἐμπίπτουσα
1757 1845 1917 1929 Γέπεὶ

2037 1868 2139 1922 tur,
2175 1861 2360 1930 specie
2379 1867 2541 1916 rectae
2573 1859 2700 1914 vitae
2742 1863 2794 1914 in
2834 1875 3029 1915 vanam
3051 1861 3279 1930 gloriam
3306 1863 3598 1918 decidens:

319 1971 378 2025 δὲ
427 1972 530 2025 καὶ
575 1970 639 2026 δι’
670 1971 974 2043 ἀνθρώπων
1027 1974 1077 2025 oi
1110 1971 1246 2044 πρὸς
1293 1970 1624 2041 δοκιμασίαν
1672 1968 1918 2024 ἀκούσιοι

321 2065 627 2135 πειρασμοὶ
661 2064 1142 2135 ἐπισυμϐαίνουσι,
1195 2063 1271 2136 μὴ
1331 2063 1712 2133 φυλαττόντων
1754 2061 1918 2116 τινῶν

319 2160 424 2229 τὴν
483 2157 828 2228 ἀκραιότητα
879 2158 980 2229 τῆς
1017 2156 1216 2227 ψυχῆς,
1273 2153 1370 2209 καὶ
1416 2155 1498 2218 είς
1560 2155 1715 2224 μῖσος
1747 2155 1916 2224 ἐμπι-

323 2247 600 2302 πτόντων.

401 2345 498 2410 ιη’,
527 2338 964 2392 Καλὺπτουσιν
1014 2335 1241 2406 ἔχθραν
1291 2336 1468 2406 χείλη
1500 2333 1718 2388 δίκαια.
1766 2332 1917 2404 Κρύ-

325 2446 529 2484 πτουσι
564 2427 750 2503 μὲν
781 2431 959 2498 μῖσος,
993 2426 1133 2496 ὅπερ
1177 2426 1237 2491 ἐξ
1263 2425 1558 2498 ὀλιγωρίας
1595 2427 1917 2496 παρανομήο

328 2538 475 2576 σασα
527 2519 671 2574 κατὰ
719 2518 961 2572 διάθεσιν
1000 2519 1034 2589 ἠ
1077 2518 1224 2589 ψυχὴ
1269 2518 1560 2589 ὲκτήσατο,
1599 2516 1750 2586 λόγοι
1786 2515 1921 2587 θείῳ

326 2600 504 2688 νόμιμ’
533 2612 896 2676 δουλεύοντες,
941 2613 1036 2666 καὶ
1078 2615 1158 2677 εἰς
1211 2610 1478 2683 λοιδορίας
1535 2611 1612 2681 μὴ
1655 2609 1916 2682 ἐκτρεπό-

375 2726 510 2762 ενοι.

333 2727 510 2853 μεΐὶιῗ
533 2797 603 2852 δὲ
630 2765 641 2774 ⁸
666 2795 1030 2866 ἐμφέροντες
1104 2791 1428 2861 λοιδορίας,
1477 2789 1918 2860 ἀφρονέστατοι

332 2895 518 2946 εἰσιν.
571 2891 634 2944 0i
691 2888 750 2943 δὲ
789 2885 1222 2957 ἐκφανεροῦντες
1271 2885 1332 2938 τὸ
1373 2883 1581 2938 ἑαυτῶν
1613 2885 1770 2955 μῖσος
1797 2873 1938 2948 ταῖς’

333 2983 446 3037 τῶν
485 2981 830 3054 μισουμένων
855 2979 1132 3042 διαϐολαῖς
1169 2977 1470 3050 ἄνθρωποι,
1497 2975 1616 3030 λίαν
1637 2976 1915 3049 ὑπάρχου-

337 3089 424 3127 σιν
441 3071 778 3144 ᾶφρονες,ὼς
799 3067 1377 3135 τοὺςκακοποιοῦντας
1407 3067 1603 3130 αὐτοὺς
1634 3067 1729 3121 ἐπὶ
1752 3067 1914 3121 πλέον

336 3165 462 3220 καθ’
502 3165 711 3220 ἑαυτῶν
747 3165 1131 3236 διεγείροντες.
1163 3162 1222 3216 ὲν
1259 3160 1337 3232 τῷ
1363 3159 1554 3231 ψόγοις
1581 3159 1797 3231 βάλλειν
1825 3159 1918 3215 αὖ·
1941 3199 1988 3262 C

333 3259 464 3322 τοὺς
496 3259 702 3312 λοιπόν.

409 3349 500 3402 ιθ’.
553 3351 656 3404 Ἐκ
727 3349 1099 3416 πολυλογίας
1157 3349 1268 3402 οὐκ
1301 3347 1569 3416 ἐκφεύξῃ
1607 3345 1920 3417 ἁμαρτίαν.

345 3437 484 3491 Ἀπὸ
517 3439 614 3507 μὲν
641 3437 736 3491 τοῦ
767 3439 1144 3508 μακρηγορεῖν
1205 3437 1268 3489 οὐ
1311 3435 1582 3508 διαφύγῃς
1611 3437 1672 3490 τὸ
1699 3438 1925 3490 πταῖσαι

334 3526 474 3596 πρὸς
506 3527 708 3598 Θεὸν,ἢ
733 3527 870 3599 πρὸς
891 3525 1215 3599 ἀνθρώπους
1237 3545 1250 3560 ·
1279 3529 1374 3582 καὶ
1403 3531 1514 3601 γὰρ
1549 3527 1624 3600 μὴ
1655 3526 1925 3598 προμελε-

331 3618 444 3672 τῶν
480 3621 550 3674 τὰ
572 3620 724 3692 παρὰ
775 3619 871 3676 σοῦ
899 3619 1191 3691 λεγόμενα,
1228 3620 1610 3693 παροργίσεις,
1639 3619 1672 3690 ἢ
1701 3618 1835 3672 Θεὸν
1863 3619 1923 3672 ὲν

331 3707 411 3780 τῷ
444 3709 762 3781 ψεύδεσθαι,
790 3711 824 3781 ἢ
869 3708 1190 3780 ἀνθρώπους
1217 3711 1275 3764 ὲν
1313 3709 1392 3781 τῷ
1426 3707 1760 3779 φθέγγεσθαί
1781 3727 1835 3762 τι
1863 3706 1924 3772 ἐξ

335 3800 675 3874 ἀπροσεξίας
702 3801 839 3872 πρὸς
880 3800 1088 3872 βλάϐην
1118 3799 1321 3854 αὐτῶν.

407 3914 770 3984 Φειδόμενος
815 3913 885 3968 δὲ
904 3912 1177 3983 χειλέων.
1217 3911 1460 3982 νοήμων
1506 3914 1643 3982 ἔσῃ.
1693 3914 1926 3984 Ἐγκρα-

333 4008 632 4077 τευόμενος
673 4006 730 4060 δὲ
781 4009 841 4059 έν
881 4005 1084 4075 λόγοις,
1121 4006 1322 4074 γνῶσιν
1365 4005 1506 4072 ἕξεις
1542 4006 1654 4058 τῶν
1695 4006 1924 4060 δεόντων

335 4097 620 4172 λεχθῆναι,
643 4098 718 4162 ὡς
736 4098 1002 4172 πρότερον
1025 4097 1283 4163 ἐξετάσας
1305 4097 1474 4151 ταῦτα
1493 4098 1633 4151 κατὰ
1659 4097 1920 4162 διάνοιαν,

338 4197 436 4249 καὶ
471 4193 794 4249 καταλαϐὼν
825 4195 964 4264 μήτε
1007 4193 1145 4265 πρὸς
1202 4193 1334 4246 Θεὸν
1363 4193 1502 4263 μήτε
1548 4191 1684 4264 πρὸς
1709 4191 1924 4264 ἀνθρώ-

339 4301 476 4349 πους
533 4282 974 4352 προσκρούοντα*
1037 4279 1139 4336 εἶθ’
1164 4282 1344 4343 οὕτως
1374 4281 1757 4351 ἀνεπισφαλῶς
1792 4298 1925 4353 προ-

340 4377 523 4448 φέρων
556 4376 716 4430 αὑτά.
764 4449 775 4458 _
1435 4411 1440 4416 ς
1622 4367 1623 4370 “

409 4497 478 4544 π’.
526 4490 821 4558 Ἀρτυρος
882 4488 1310 4558 πεπυρωμένος
1363 4487 1614 4559 γλῶσσα
1664 4489 1918 4543 δικαίου.

2021 1959 2310 2022 postquam
2345 1967 2473 2005 vero
2501 1959 2554 2006 et
2585 1966 2680 2020 per
2700 1951 2952 2008 homines
2982 1952 3364 2008 involutum-ia:
3390 1953 3456 2007 ad
3483 1969 3607 2024 pro-

2019 2042 2295 2096 bationem
2344 2041 2592 2096 incidunt
2626 2043 2984 2110 tentationes,
3014 2045 3606 2101 non.custodientibus

2017 2133 2343 2202 quibusdam
2373 2134 2570 2188 animae
2597 2135 2968 2189 summitatem
2991 2141 3046 2189 ct
3071 2136 3124 2190 in
3147 2135 3331 2191 odium
3353 2137 3602 2192 inciden-

2019 2226 2182 2278 tibus.

2088 2315 2253 2371 \'Etts.
2296 2316 2379 2371 l8.
2405 2315 2747 2371 Abscondunt
2782 2318 2959 2372 odium
2979 2318 3125 2373 labia
3149 2320 3320 2388 iusta.
3349 2321 3602 2377 Abscon-

2017 2395 2151 2459 dunt
2181 2405 2402 2475 quidem
2440 2407 2626 2460 odium
2663 2407 2808 2477 quod
2838 2423 2903 2462 ex
2938 2413 3350 2479 contemptione
3392 2412 3603 2482 injuste

2017 2510 2183 2568 agens
2206 2514 2300 2568 per
2331 2499 2748 2569 dispositionem
2789 2504 2972 2556 anima
3005 2504 3286 2572 Concepit,
3323 2507 3482 2559 verba
3519 2506 3606 2558 di-
3669 2523 3673 2528 ·

2019 2589 2156 2643 vinae
2213 2590 2317 2661 legi
2351 2591 2679 2658 obedientia,
2720 2603 2772 2648 et
2821 2595 2875 2648 in
2907 2595 3260 2665 approbtium
3311 2612 3420 2651 non
3471 2613 3605 2652 con-

2021 2693 2198 2734 versa.
2250 2739 2255 2743 ,

2091 2770 2197 2837 ριιὶ
2231 2783 2407 2827 autem
2438 2772 2674 2843 inferunt
2696 2776 2954 2841 convicia,
2987 2777 3295 2833 stultissimi
3321 2788 3463 2833 sunt.
3501 2780 3606 2846 Qui

2017 2872 2196 2918 autem
2227 2866 2520 2924 calumniis
2554 2869 2608 2923 in
2639 2883 2734 2924 eos
2763 2871 2856 2940 qui
2923 2871 3074 2941 ipsos
3123 2871 3362 2926 oderunt
3416 2873 3604 2927 odium

2017 2970 2180 3011 suum
2212 2956 2592 3023 manifestam,
2619 2959 2786 3038 nimis
2825 2960 2980 3015 stulti
3029 2971 3181 3024 sunt,
3225 2977 3352 3016 cum
3399 2961 3608 3034 injuste

2016 3049 2170 3120 ipsos
2220 3061 2618 3122 persequentes
2658 3054 2832 3125 magis
2867 3069 2930 3109 ac
2954 3055 3126 3126 magis
3159 3063 3348 3112 contra
3380 3073 3438 3112 se
3460 3059 3612 3113 exci-

2019 3146 2157 3209 tent,
2185 3141 2313 3198 dum
2347 3159 2443 3198 eos
2471 3145 2739 3201 conviciis
2777 3144 2846 3202 de
2875 3154 3073 3202 cmtero
3099 3155 3329 3202 vexant:

2093 3319 2260 3376 Vens.
2300 3320 2381 3376 l9.
2419 3319 2487 3375 In
2542 3322 2876 3394 multiloquio
2903 3341 3008 3379 non
3052 3327 3272 3398 e/fugies
3313 3340 3608 3393 peccatum.

2023 3411 2082 3466 Si
2109 3414 2252 3466 enim
2277 3413 2510 3466 multum
2546 3413 2812 3483 loqueris,
2851 3430 2962 3468 non
2995 3418 3205 3485 poteris
3255 3419 3388 3487 quin
3435 3419 3609 3477 Deum

2023 3512 2117 3558 aut
2149 3503 2401 3558 homines
2431 3502 2678 3560 oﬂ‘endas
2709 3522 2725 3572 ;
2760 3507 2865 3560 nisi
2903 3507 3048 3561 enim
3081 3523 3204 3579 quae
3223 3510 3376 3566 dices
3402 3527 3612 3580 praea-

2021 3607 2174 3660 veas,
2196 3593 2260 3648 ad
2287 3595 2428 3649 iram
2459 3595 2765 3652 concitahis
2802 3597 2918 3652 sive
2939 3595 3134 3662 Deum,
3169 3603 3504 3669 mentiendo,
3534 3605 3609 3660 si-

2021 3700 2088 3740 ve
2124 3684 2381 3740 homines
2406 3685 2613 3756 aliquid
2651 3701 2712 3741 ea
2746 3688 3080 3759 negligentia
3115 3691 3168 3744 in
3202 3708 3396 3768 eorum
3440 3695 3611 3750 detri-

2022 3781 2269 3860 mentum
2305 3774 2652 3846 proferendo.

2093 3887 2386 3944 Maderans
2411 3899 2589 3944 autem
2637 3891 2806 3956 labia,
2847 3893 3079 3960 prudens
3116 3896 3244 3950 eris.
3271 3895 3611 3968 Temperans

1947 3997 1953 4003 ·
2023 3989 2205 4035 autem
2258 3982 2464 4047 verbis,
2498 3981 2924 4052 intelligentiam
2972 3985 3202 4040 habebis
3246 4003 3438 4042 eorum
3487 4007 3612 4060 quae

2025 4070 2132 4125 dici
2175 4073 2507 4140 conveniat;
2551 4073 2754 4143 quippe
2793 4080 2888 4145 qui
2941 4083 2995 4130 et
3034 4077 3368 4146 cogitatione
3402 4095 3612 4150 prama-

2025 4163 2193 4230 veris,
2211 4173 2268 4220 et
2291 4180 2353 4220 ea
2378 4167 2659 4234 acceperis
2683 4181 2805 4234 quae
2827 4181 3007 4234 neque
3030 4165 3198 4222 Deum
3226 4185 3404 4240 neque
3436 4171 3616 4226 homi-

2023 4271 2124 4313 nes
2153 4254 2456 4312 oli'endaut.
2497 4255 2709 4313 Deinde
2740 4257 2833 4312 illa
2867 4260 3080 4330 absque
3112 4260 3310 4317 timore
3336 4262 3610 4332 proferes.

2096 4472 2266 4531 Vens.
2301 4473 2393 4530 20.
2421 4475 2713 4545 Argentum
2749 4475 2868 4544 igne
2907 4485 3196 4546 purgatum
3246 4475 3431 4546 lingua
3449 4479 3611 4549 justi.

336 4581 448 4634 Καὶ
470 4580 579 4650 γὰρ
601 4575 687 4633 οἷα
727 4579 826 4650 μέν
856 4595 944 4641 τις
999 4580 1242 4651 ἄργυρος
1276 4582 1408 4652 πυρὶ
1436 4580 1916 4651 δεδοκιμασμένος,

2037 4564 2246 4622 Etenim
2271 4571 2534 4634 tanquam
2579 4573 2866 4634 argentum
2907 4566 3032 4636 igne
3059 4567 3351 4636 probatum
3379 4577 3464 4624 est
3487 4587 3614 4626 ver-

335 4673 487 4724 ἐστὶν
521 4669 738 4739 ὁη.ὀγος
771 4667 866 4722 τοῦ
927 4668 1067 4739 μετὰ
1115 4668 1351 4740 κρίσεως
1395 4669 1702 4740 ἀμέμπτως
1755 4667 1918 4722 αὑτὸν

335 4762 734 4834 προῳέροντος⁸
765 4760 842 4824 ὡς
873 4759 1142 4830 πρότερον
1173 4763 1240 4832 τῇ
1261 4761 1406 4814 κατὰ
1433 4760 1672 4814 διάνοιαν
1701 4759 1920 4830 βασάνῳ

333 4853 744 4923 ἰξεταζόμενος,
775 4853 870 4905 καὶ
891 4852 998 4904 πᾶν
1021 4850 1144 4903 εἴτι
1165 4850 1421 4920 κίϐδηλον
1446 4849 1887 4920 ἀποϐαλλόμενος
1903 4890 1918 4914 ,

333 4947 432 5000 καὶ
463 4945 764 5016 εἰλικρινὴς
793 4943 1232 5016 προφερόμενος.

407 5056 632 5126 Καρδία
655 5054 723 5111 δὲ
743 5056 1006 5122 ἀσεϐοῦς
1033 5056 1324 5125 ἐκλείψει.
1361 5055 1524 5127 Ψυχὴ
1551 5055 1629 5120 δὲ,
1661 5057 1722 5120 ἐξ
1745 5051 1813 5128 ἦς
1842 5054 1922 5126 τῷ

338 5149 553 5222 σώματι
581 5151 614 5220 ἡ
645 5147 760 5222 ζωὴ
785 5148 878 5205 τοῦ
927 5148 1001 5220 μὴ
1042 5148 1392 5216 ἀγαθοποιοῖς
1441 5147 1618 5214 λόγοις
1660 5146 1922 5218 ἀληθείας

337 5242 605 5314 τιμῶντος
643 5241 802 5306 Θεὸν,
852 5242 1107 5313 ἀτονήσει
1151 5241 1289 5310 πρὸς
1343 5239 1442 5311 τὴν
1507 5240 1608 5310 τῆς
1659 5239 1922 5311 ἀληθείας
1971 5305 1982 5312 ν

339 5332 666 5404 ἀπάντησιν,
699 5332 1014 5405 ἐλεγχθεῖσα
1055 5331 1145 5388 ὑπ’
1169 5333 1339 5403 αὐτῆς
1371 5331 1701 5403 ψευδομένη.

409 5454 481 5502 κ’.
509 5447 690 5516 Χείλη
739 5446 989 5501 δικαίων
1054 5445 1375 5501 ἐπίσταται
1421 5443 1656 5515 ὑψηλά.
1712 5446 1824 5500 Καὶ
1871 5447 1921 5500 οἱ

343 5537 442 5606 μὲν
476 5535 848 5590 διδασκαλικοὶ
881 5535 1013 5589 θεῖοι
1039 5535 1191 5602 λόγοι
1219 5532 1330 5587 τῶν
1356 5533 1420 5587 ὲκ
1455 5532 1768 5605 πρακτικῆς
1798 5531 1922 5585 πεί-

343 5644 442 5699 ρας
475 5627 612 5698 μετὰ
630 5628 864 5700 κρίσεως
882 5627 1265 5698 ἀνεπιλήπτως
1285 5625 1671 5696 προφερόντων
1701 5625 1922 5688 αὐτοὺς,

343 5717 441 5791 τὴν
479 5721 679 5790 γνῶσιν
739 5721 1090 5792 ἐπιφέρονται
1145 5716 1256 5771 τῶν
1301 5715 1625 5788 θελημὰτων
1656 5717 1751 5772 τοῦ
1787 5715 1925 5771 θεοῦ

357 5809 447 5864 τοῦ
473 5812 888 5883 ὑπερουρανίου.

2022 4657 2152 4714 bum
2189 4657 2315 4728 ejus
2343 4657 2435 4727 qui
2479 4655 2615 4712 illud
2643 4670 2770 4711 cum
2817 4656 3029 4726 judicio
3077 4665 3132 4712 et
3163 4659 3371 4728 absque
3427 4676 3616 4731 repre-

2023 4752 2292 4808 hensione
2319 4750 2525 4806 emittit
2565 4766 2579 4803 :
2620 4748 2776 4820 prius
2834 4747 2979 4802 enim
3009 4749 3367 4820 cogitationis
3399 4753 3616 4822 experi-

2022 4855 2208 4902 mento
2233 4847 2536 4918 perfectum
2555 4852 2742 4909 est,,et
2767 4845 2834 4900 ab
2865 4845 3018 4900 omni
3045 4847 3226 4903 scoria
3265 4850 3613 4916 mandatum,

2023 4949 2072 4994 et
2092 4941 2308 4994 sincere
2347 4937 2638 4993 emissum.

2093 5051 2201 5106 Car
2221 5061 2400 5105 autem
2446 5048 2599 5117 impii
2647 5047 2875 5116 deﬁciet.
2908 5047 3104 5114 Anima
3141 5057 3344 5115 autem,
3383 5065 3446 5105 ex
3504 5067 3612 5118 qua

2021 5151 2105 5200 est
2127 5142 2238 5198 vita
2265 5140 2507 5213 corpori,
2527 5140 2648 5209 ejus
2665 5139 2760 5210 qui
2797 5137 2970 5194 Deum
2999 5155 3110 5194 non
3151 5139 3291 5196 bene
3319 5145 3614 5212 agentibus

2022 5215 2209 5292 verbis
2237 5233 2391 5297 colit,
2427 5232 2493 5286 ad
2539 5245 2838 5288 occursum
2897 5231 3146 5287 veritatis
3206 5248 3315 5288 non
3387 5235 3612 5306 vigebit,

2023 5327 2276 5381 convicta
2299 5307 2368 5379 ab
2394 5322 2511 5394 ipsa
2533 5320 2830 5378 mendacii.

2095 5435 2266 5493 Vens.
2289 5436 2382 5490 21.
2411 5433 2584 5488 Labia
2620 5432 2897 5503 justorunt
2919 5431 3092 5485 sciunt
3127 5433 3357 5488 excelsa.
3390 5434 3457 5488 Et
3487 5451 3616 5505 qut-

2025 5532 2147 5588 dcm
2187 5531 2373 5586 divina
2407 5527 2474 5582 ad
2505 5527 2819 5582 doctrinam
2849 5525 3186 5594 pertinentia
3227 5527 3390 5582 verba
3421 5544 3612 5584 eorum

2027 5626 2119 5698 qui
2153 5624 2248 5678 illa
2283 5639 2350 5680 ex
2392 5621 2576 5677 activo
2605 5627 2808 5674 conatu
2863 5632 2990 5672 cum
3019 5617 3230 5687 judicio
3263 5619 3612 5689 irreprehen-

2027 5718 2262 5772 sibiliter
2301 5714 2608 5786 proferunt,
2642 5709 3064 5779 intelligentiam
3099 5711 3338 5766 aﬂ'erunt
3372 5711 3463 5767 Dei
3495 5725 3612 5770 cte-

2029 5813 2184 5864 lestis
2223 5810 2592 5863 voluntatum.
2833 5857 2838 5864 _
3603 5819 3614 5828 '
