3958 6396
458 403 600 469 1319

1801 404 2148 464 PROCOPil
2197 403 2437 462 GAZASI

3576 419 3692 483 13520

531 517 636 585 Qui
653 525 830 574 autem
854 519 1007 575 stulti
1021 529 1166 588 sunt,
1187 521 1239 574 in
1259 529 1484 593 egestate
1511 521 1831 578 moriuntur.
1857 521 2014 576 Homi

2216 519 2362 573 Οίδὲ
2395 519 2656 588 ἄφρονες
2683 519 2752 573 ἐν
2803 519 3002 588 ἐνδείᾳ
3066 521 3454 580 τελευτῶσιν.
3487 524 3548 582 Οἱ
3575 530 3615 584 δ’
3646 535 3695 586 ἐν

457 624 558 664 nes
581 623 762 664 autem
798 609 892 682 qui
927 609 1094 666 Deum
1125 626 1235 667 non
1279 610 1464 669 ferunt
1497 615 1552 670 in
1604 613 1771 670 corde
1822 629 1950 678 suo,
1977 614 2031 668 in

455 701 772 774 privatione
813 718 1001 758 earum
1031 720 1153 774 qua:
1177 707 1478 761 secundum
1511 709 1772 763 virtutem
1797 717 1847 761 et
1872 707 2035 761 intel-

455 791 744 863 ligentiam
797 801 924 847 sunt
951 793 1267 850 divitiarum
1308 797 1583 868 propriam
1612 798 1781 852 vitam
1815 797 2032 850 liniunt.

528 881 1131 938 Vsus.23.Benedictia
1177 883 1395 940 Domini
1452 903 1608 957 super
1659 897 1817 958 caput
1873 886 2026 952 iusti.

451 973 672 1042 Optima
731 975 876 1030 enim
929 975 1180 1030 doctrina
1227 976 1444 1033 Domini
1497 980 1744 1034 omnium
1797 979 1894 1034 Dei
1965 979 2032 1032 ad

453 1065 650 1118 ducem
704 1073 942 1120 mentem
980 1065 1228 1135 procedit
1259 1069 1400 1138 apud
1426 1085 1550 1122 eum
1575 1069 1670 1139 qui
1705 1084 1802 1138 per
1859 1067 2032 1122 adim-

450 1156 748 1224 pletionem
803 1153 1120 1210 divinorum
1189 1157 1570 1212 mandatorum
1629 1159 2031 1228 irreprehensi-

450 1247 638 1301 biliter
675 1247 832 1316 agit;
885 1247 1014 1315 quia
1063 1248 1542 1317 contemplationis
1609 1233 2028 1303 fundamentum

451 1340 724 1393 actionem
757 1338 972 1392 statuit.

518 1429 627 1484 Illa
649 1429 840 1485 divites
883 1429 1037 1500 facit.
1073 1429 1402 1502 Huiusmodi
1437 1430 1693 1486 doctrina
1741 1433 2032 1488 abundan-

445 1524 554 1572 tem
594 1518 726 1572 facit
756 1519 1147 1589 spiritualibus
1183 1520 1493 1576 secundum
1546 1522 1806 1577 virtutem
1845 1534 1900 1578 et
1947 1525 2032 1578 in-

445 1598 808 1680 {elligcntiam
839 1612 1073 1676 divitiis,
1101 1627 1227 1667 eum
1254 1612 1348 1682 qui
1386 1613 1492 1682 ipsi
1524 1613 1734 1668 obedit.

523 1701 704 1774 Neque
728 1701 957 1758 addetnr
988 1704 1075 1759 illi
1098 1705 1151 1758 in
1183 1707 1340 1759 corde
1366 1707 1612 1760 tristitia.
1645 1705 1708 1760 Et
1749 1707 1794 1762 si
1837 1709 2031 1778 hujus-

446 1793 595 1848 niodi
643 1795 856 1850 laborat
909 1811 1141 1866 corpore
1179 1797 1325 1852 circa
1374 1798 1650 1864 virtutem,
1689 1806 1871 1853 tamen
1921 1816 2029 1854 non

2136 611 2336 683 καρδίᾳ
2356 611 2490 665 Θεὸν
2518 613 2592 684 μὴ
2629 613 3017 684 περιφέροντες
3043 615 3345 688 ἄνθρωποι,
3383 620 3440 672 ἐν
3469 625 3694 692 στερήσει

2135 701 2230 755 τοῦ
2248 704 2368 757 κατ’
2398 704 2597 774 ἀρετὴν
2627 706 2724 758 καὶ
2741 707 2943 774 γνῶσιν
2971 710 3346 780 πνευματικοῦ
3364 711 3591 768 πλούτου
3613 717 3694 789 τὴν

2139 791 2275 847 ίδίαν
2298 793 2443 863 ζωὴν
2472 795 2855 850 καταλύουσιν.

2206 884 2309 956 κβ’.
2340 887 2601 956 Εὑλογία
2625 889 2848 956 Κυρίου
2891 889 2990 944 ἐπὶ
3031 891 3314 958 κεφαλὴν
3351 891 3605 952 δικαίου.
3639 900 3694 954 Ἦ

2135 972 2245 1044 γὰρ
2275 977 2586 1045 πανάγαθος
2616 977 2936 1033 διδασκαλία
2984 979 3080 1034 τοῦ
3128 983 3409 1036 Δεσπότου
3440 987 3546 1037 τῶν
3579 989 3694 1044 ὅλων

2135 1065 2293 1133 Θεοῦ,
2349 1069 2598 1139 πρόεισιν
2657 1071 2751 1124 ἐπὶ
2805 1073 2898 1125 τὸν
2948 1074 3194 1142 ἡγεμόνα
3263 1075 3393 1128 νοῦν
3442 1076 3534 1130 τεῦ
3581 1085 3694 1136 κατὰ

2137 1157 2336 1228 πρᾶξιν
2363 1159 2472 1213 τῶν
2499 1160 2656 1214 θείων
2685 1163 2916 1216 ἐντολῶν
2938 1165 3243 1234 ἀμέμπτως
3273 1166 3694 1239 πολιτευομένου,

2140 1248 2216 1313 ὼς
2245 1251 2344 1320 τὴν
2374 1251 2574 1322 πρᾶξιν
2610 1255 2938 1324 ποιουμένου
2966 1255 3199 1327 θεωρίας
3226 1257 3510 1312 ἐπίϐασιν.

2205 1423 2366 1491 Αὕτη
2402 1424 2723 1486 πλουτίζει.
2765 1427 2830 1478 Ἢ
2860 1425 3082 1498 τοιαύτη
3113 1427 3444 1486 διδασκαλία
3501 1433 3698 1504 ἁνενδεῆ

2134 1520 2281 1568 ποιεῖ
2300 1515 2394 1567 τοῦ
2419 1519 2540 1570 κατ’
2578 1518 2780 1590 ἀρετὴν
2803 1522 2896 1570 καὶ
2922 1519 3126 1587 γνῶσιν
3153 1525 3533 1591 πνευματικοῦ
3557 1527 3700 1580 πλού-

2131 1623 2224 1658 του
2253 1607 2346 1659 τὸν
2369 1607 2538 1680 ταύτῃ
2575 1610 2920 1680 πειθόμενον.

2205 1697 2313 1751 Καὶ
2356 1701 2427 1753 οὐ
2464 1701 2551 1770 μὴ
2603 1700 2910 1771 προστεθῇ
2953 1701 3112 1770 αὐτῇ
3175 1705 3346 1773 λύπη
3384 1705 3457 1760 ἐν
3489 1709 3699 1776 καρδίᾳ.

2133 1791 2245 1844 Καὶ
2289 1792 2337 1843 εί
2364 1793 2392 1844 ό
2422 1794 2661 1857 τοιοῦτος
2686 1797 2840 1847 πονεῖ
2870 1797 3011 1847 κατὰ
3037 1795 3195 1864 σῶμα
3227 1799 3360 1868 περὶ
3375 1797 3474 1869 τὴν
3504 1802 3699 1870 ἀρετὴν,

447 1887 648 1940 sentiet
676 1901 774 1956 per
807 1887 1114 1942 doctrinam
1152 1888 1206 1942 in
1237 1903 1340 1943 sua
1375 1889 1558 1943 anima
1599 1891 1842 1946 tristitiae
1874 1891 2021 1947 addi-

2141 1883 2248 1936 me
2285 1887 2345 1938 οὐ
2375 1885 2588 1950 δέξεται
2616 1888 2937 1958 προσθήκην
2974 1887 3154 1958 λύπης
3183 1889 3538 1956 διδασκαλίας
3572 1897 3623 1946 ἐν
3645 1899 3698 1964 τῇ

444 1980 669 2046 tionem,
704 1995 802 2051 spe
835 1978 1032 2036 futurae
1054 1981 1324 2038 mercedis
1345 1982 1670 2039 delectatus.

515 2161 684 2220 Vsus.
711 2163 804 2219 25.
829 2163 897 2219 In
921 2165 1036 2220 risu
1059 2165 1254 2220 stultus
1272 2165 1406 2236 facit
1422 2167 1598 2222 .mala.
1629 2167 1696 2222 Et
1727 2183 1852 2224 cum
1886 2169 2028 2225 laeti-

440 2256 518 2312 tia
555 2257 776 2324 quidem
805 2259 898 2328 qui
950 2273 1060 2314 non
1093 2259 1264 2314 Deum
1297 2259 1400 2315 fert
1431 2260 1486 2314 in
1539 2261 1708 2316 corde
1747 2277 1870 2326 suo,
1899 2261 2030 2318 facit

442 2359 690 2419 peccata,
725 2353 852 2422 quia
884 2367 992 2406 non
1024 2353 1197 2408 tristis
1227 2351 1457 2408 etlectus
1495 2363 1581 2408 est
1611 2353 1883 2409 minarum
1907 2355 2027 2426 ejus

441 2445 666 2506 timore,
689 2443 744 2496 in
780 2443 848 2499 iis
882 2445 937 2498 in
965 2445 1170 2514 quibus
1195 2445 1488 2514 delinquit.

512 2535 788 2603 Sapientia
857 2547 1033 2590 autem
1067 2537 1178 2590 viro
1232 2545 1448 2607 generat
1471 2537 1830 2606 prudentiam.
1874 2539 2026 2595 Divi-

441 2641 570 2680 num
599 2636 780 2681 autem
833 2627 1061 2682 verbum
1102 2627 1180 2682 illi
1217 2631 1307 2699 qui
1343 2632 1396 2682 In
1424 2643 1557 2683 suos
1603 2629 1831 2685 affectus
1860 2647 2028 2702 gene-

440 2733 567 2773 rose
597 2725 820 2790 pugnat,
851 2719 904 2773 in
931 2719 1158 2792 agendis
1183 2720 1735 2791 circumspcctionem
1761 2733 2023 2794 generat:

441 2811 684 2878 Etenim,

513 2900 785 2958 Vsusﬂl.
827 2898 891 2956 In
936 2901 1155 2958 interitu
1192 2903 1386 2974 impius
1429 2905 1875 2973 perturbatur-Jul
1908 2907 2024 2978 pri-

438 2994 662 3049 vatione
685 2992 782 3048 Dei
813 3011 828 3061 ;
862 2993 956 3064 qui
987 3008 1112 3048 eum
1141 3009 1251 3049 non
1285 2996 1417 3050 colit
1449 3000 1750 3053 secundum
1783 3010 2029 3054 contem-

439 3083 736 3158 plationem
767 3085 990 3155 quidem
1039 3092 1102 3138 ut
1152 3087 1464 3153 veritatem,
1505 3090 1810 3143 scentulum
1863 3089 2031 3143 actio-

434 3179 565 3236 nem
620 3186 804 3234 autem
864 3187 922 3232 ut
979 3179 1206 3245 bonum,
1264 3183 1620 3252 perturbatur
1681 3182 1738 3236 in
1784 3181 1854 3240 iis
1905 3199 2027 3254 quae

2136 1975 2301 2029 αὑτοῦ
2331 1977 2500 2048 ψυχῇ,
2531 1981 2598 2049 τῇ
2623 1979 2794 2032 ἐλπίδι
2817 1979 2917 2049 τῆς
2945 1979 3249 2050 μελλούσης
3301 1985 3700 2054 μισθαποδοτίλς

2131 2067 2652 2142 ὲπευφραινόμενος.
2743 2087 2756 2101 ·

2202 2167 2307 2229 κγ’.
2346 2162 2444 2214 Ἐν
2482 2162 2693 2231 γέλωτι
2719 2162 2924 2230 ἄφρων
2958 2165 3224 2236 πράσσει
3257 2168 3570 2224 κακά.’Κα“ι
3603 2171 3700 2238 μετ’

2131 2253 2469 2325 εὐφροσύνης
2535 2255 2655 2324 μὲν,
2715 2258 2742 2309 ό
2770 2257 2903 2310 Θεὸν
2932 2259 2990 2310 ὲν
3031 2260 3234 2330 καρδίᾳ
3273 2262 3348 2332 μὴ
3381 2265 3694 2334 περιφέρων,

2131 2348 2280 2398 ποιεῖ
2342 2347 2745 2418 ἀμαρτίας,ὅτι
2793 2351 2926 2420 μηδὲ
2973 2353 3268 2422 στυγνάξει
3319 2355 3398 2426 τῷ
3440 2357 3584 2426 φόϐῳ
3609 2358 3699 2407 τῶν

2129 2438 2297 2492 αὑτοῦ
2331 2439 2594 2504 ἀπειλῶν,
2628 2443 2710 2510 ἐφ’
2744 2437 2824 2506 οἷς
2853 2445 2959 2514 πλη
2972 2448 3191 2515 μμελεῖ.

2211 2529 2274 2583 Ἠ
2303 2529 2372 2582 δὲ
2399 2532 2587 2599 σοφία
2645 2532 2820 2602 ἀνδρί
2843 2539 3024 2590 τίκτει
3055 2539 3380 2606 φρόνησιν.
3414 2539 3470 2592 ἷΟ
3497 2539 3552 2594 δὲ
3580 2540 3698 2603 θεῖος

2127 2621 2305 2690 λόγος,
2328 2622 2405 2693 τῷ
2463 2624 2605 2688 κατᾲ
2650 2626 2757 2678 τῶν
2790 2627 2978 2680 παθῶν
3029 2631 3406 2702 ἀνδριζομένῳ
3437 2636 3698 2688 ἀποτίκτει

2127 2716 2227 2788 τὴν
2250 2717 2307 2768 ὲν
2330 2719 2441 2781 τοῖς
2474 2718 2771 2789 πρακτέοις
2805 2720 3126 2790 εὐϐουλίαν·
3162 2727 3255 2777 καὶ
3288 2728 3434 2798 γὰρ,

2200 2898 2301 2952 κδ’.
2349 2899 2454 2954 Ἐν
2482 2898 2751 2967 ἀπωλείᾳ
2791 2899 3023 2968 ἀσεϐὴς
3059 2903 3468 2974 περιφέρεται.
3496 2908 3550 2961 ὲν
3578 2907 3698 2958 ἀπο-

2131 2989 2296 3060 τυχίᾳ
2319 2989 2480 3043 Θεοῦο
2513 2993 2542 3042 ό
2567 2991 2640 3062 μὴ
2669 2992 2845 3060 τιμῶν
2875 2993 3060 3058 αὐτὸν,
3089 2997 3230 3051 κατὰ
3263 2997 3496 3071 θεωρίαν
3517 2997 3612 3068 ,μὲν
3635 2998 3697 3060 ὡς

2129 3083 2410 3152 ἀλήθειαν,
2447 3085 2598 3137 ’κατά
2655 3086 2853 3154 πρᾶξιν
2901 3086 2960 3140 δὲ
3022 3087 3100 3150 ὡς
3157 3089 3388 3155 ἀγαθον,
3432 3094 3542 3152 τοῖς
3593 3091 3697 3141 κατ’

2131 3173 2370 3244 ἔλλειψιν
2408 3176 2505 3248 τῆς
2527 3178 2728 3249 ἀρετῆς
2759 3179 2852 3232 καὶ
2885 3178 3196 3252 ὑπερϐολὴν
3235 3183 3438 3237 πάθεσι
3466 3181 3696 3254 περιτρέ-

440 3273 746 3328 secundum
788 3270 1060 3326 defectum
1091 3271 1320 3330 virtutis
1373 3283 1470 3329 aut
1520 3290 1808 3332 excessum
1869 3286 2023 3344 sunt,
2055 3245 2097 3303 Ο
2131 3286 2314 3326 πεταιο

437 3363 856 3432 cupiditatibus.

513 3454 845 3510 Desiderium
887 3466 1065 3510 autem
1123 3455 1266 3526 justi
1325 3468 1624 3531 acceptum.
1679 3459 2023 3519 Desiderium

435 3557 617 3602 autem
652 3547 798 3604 illius
825 3548 920 3618 qui
952 3563 1051 3620 per
1075 3561 1284 3606 rectam
1327 3553 1498 3610 vitam
1543 3554 1716 3611 Deum
1757 3557 1915 3622 colit,
1950 3559 2026 3613 vi-

433 3640 633 3696 delicet
659 3639 726 3695 ad
755 3649 1029 3710 eum‘prae
1081 3645 1298 3701 caeteris
1338 3646 1599 3703 omnibus
1627 3648 1816 3716 ardor,
1857 3665 2020 3707 acce-

433 3733 749 3806 ptissimum
776 3729 888 3789 Deo
919 3743 1028 3792 est.

504 3824 673 3883 Vtilis.
696 3826 788 3883 25.
838 3827 1084 3884 Procella
1115 3839 1448 3894 transeunte,
1483 3833 1746 3886 evanescit
1802 3833 2020 3900 impius.

431 3915 499 3971 Et
525 3920 754 3991 minima
790 3920 1012 3990 quidem
1051 3923 1366 3978 tentatione
1404 3923 1526 3997 sive
1558 3925 1868 3979 voluntaria
1903 3927 2022 3980 sive

431 4009 807 4065 involuntaria
837 4025 904 4066 ex
947 4012 1247 4082 improviso
1277 4015 1711 4084 superveniente
1735 4031 1766 4070 a
1787 4017 2017 4072 malitia:

429 4102 656 4172 spiritu,
709 4102 980 4174 perditur,
1017 4106 1112 4174 qui
1163 4120 1275 4161 non
1316 4121 1415 4178 per
1493 4109 1912 4178 temperantiam
1966 4117 2022 4164 et

429 4193 754 4264 patientiam
796 4196 962 4248 Deum
996 4197 1149 4250 colit.
1430 4178 1437 4186 ”

485 4279 671 4336 Justus
725 4291 901 4336 autem
937 4283 1212 4340 declinans
1250 4286 1492 4341 salvatur
1521 4289 1575 4341 in
1608 4295 1882 4342 wternum.
1914 4287 2019 4356 Qui

430 4381 616 4428 autem
649 4381 974 4445 temperata
1005 4375 1334 4433 voluntariis
1366 4393 1464 4448 per
1495 4379 1832 4449 voluptatem
1859 4382 2018 4451 cupi-

428 4463 719 4525 ditatibus.
761 4467 1004 4521 sustinet
1065 4475 1250 4522 autem
1291 4467 1599 4524 secundum
1655 4469 1901 4526 dolorem
1935 4471 2019 4525 in-

429 4559 767 4625 voluntaria,
794 4559 1013 4631 fugiens
1048 4545 1184 4616 illud
1219 4562 1366 4633 quod
1423 4563 1726 4619 secundum
1775 4563 2014 4618 animam

428 4661 513 4707 est
548 4655 884 4723 periculum,
915 4657 984 4712 ab
1023 4666 1235 4712 mterno
1269 4659 1548 4729 supplicio
1574 4659 1866 4716 liberatur.

394 4773 408 4785 ε
503 4743 668 4799 Vens.
704 4745 796 4801 26.
831 4747 985 4802 Sicut
1019 4759 1228 4804 acetum
1282 4749 1523 4806 dentibus
1549 4753 1813 4818 nocivum,
1846 4761 1894 4807 et
1926 4751 2015 4820 fu-

426 4851 543 4888 rnus
581 4836 866 4903 oculis,ita
903 4839 1253 4908 transgressio
1271 4841 1533 4895 utentibus
1567 4841 1700 4910 ipsa.
1733 4840 1798 4894 Et
1819 4856 2012 4908 quem-

427 4925 720 4980 admodum
760 4920 974 4982 fructus
1005 4928 1337 4984 immaturus
1353 4929 1598 4984 dentium
1622 4929 1877 4986 efﬁcaciae
1897 4929 2014 4986 olli-

425 5015 520 5082 cit,
547 5016 834 5072 oculorum
862 5026 1046 5072 autem
1065 5017 1324 5075 ellicaciac
1358 5017 1566 5085 fumus,
1600 5021 1672 5074 ita
1703 5022 2010 5076 actirarum

332 5155 343 5164 .
425 5118 519 5162 aut
547 5108 1102 5178 contemplativarum
1139 5111 1338 5164 anima:
1390 5112 1654 5164 virtutum
1711 5111 2008 5165 irrationa-

425 5199 554 5256 bilis
587 5199 732 5255 circa
792 5198 1021 5270 fugitiva
1059 5217 1194 5256 usus
1247 5201 1300 5256 in
1332 5217 1398 5258 eo
1453 5217 1556 5256 usu
1605 5202 2010 5271 perseveranti-

424 5289 697 5360 bus;qui
729 5291 952 5362 quidem
1002 5293 1210 5349 activas
1245 5307 1435 5348 eorum
1489 5294 1638 5349 vires
1697 5309 1794 5365 per
1844 5294 2005 5364 inop-

427 5389 714 5452 portunam
750 5381 1082 5453 beneplaciti
1111 5381 1431 5440 fruitionem
1463 5385 1529 5440 ad
1571 5385 1686 5440 veri
1735 5386 1863 5440 boni
1911 5401 2009 5456 op-

425 5488 736 5546 portunam,
769 5485 829 5531 ut
856 5478 1126 5548 quesdam
1193 5479 1390 5536 dentes
1445 5481 1718 5538 inhabiles
1777 5480 2004 5541 reddit;

423 5567 872 5637 t-ontcntplativis
909 5575 1120 5632 autem.
1153 5585 1306 5626 more
1339 5569 1496 5635 fumi,
1522 5571 1782 5627 tenebras
1829 5571 2007 5626 obdu—

423 5657 501 5710 cit
531 5673 548 5722 ;
581 5667 632 5711 et
667 5673 790 5711 cum
824 5657 1132 5728 abigendus
1155 5667 1299 5714 esset
1341 5676 1438 5730 per
1470 5661 1885 5731 intelligentiam
1948 5663 2004 5716 in

426 5750 643 5810 snit-itu,
686 5762 790 5810 non
843 5758 1078 5818 possunt
1101 5764 1196 5804 eos
1228 5751 1479 5805 veritatis
1513 5751 1694 5806 radios
1731 5753 2002 5821 aspicere.

2212 3451 2529 3522 Ἑπιθυμία
2577 3451 2646 3506 δὲ
2674 3451 2911 3509 δικαίου
2954 3454 3160 3522 δεκτή.
3208 3455 3272 3509 Ἦ
3308 3456 3500 3526 ἔφεσις
3536 3455 3588 3509 δὲ
3613 3453 3690 3508 τοῦ

2126 3546 2196 3600 δι’
2221 3547 2478 3618 ἐναρέτου
2509 3545 2786 3610 πολιτείας
2807 3547 3079 3617 τιμῶντος
3109 3547 3266 3612 Θεὸν,
3319 3548 3521 3620 δηλαδὴ
3542 3551 3568 3601 ό
3601 3547 3691 3618 πρὸ

2123 3636 2234 3689 τῶν
2259 3636 2464 3690 λοιπῶν
2504 3637 2722 3691 πάντων
2753 3636 2889 3709 πρὸς
2914 3639 3076 3692 αὐτὸν
3101 3639 3287 3706 πόθος,
3319 3639 3692 3712 εὐπρόσδεκτος

2124 3725 2300 3797 τούτῳ
2334 3727 2510 3782 ἐστίν.

2197 3825 2296 3874 κε’.
2330 3820 2911 3890 Παραπορευομένης
2947 3821 3291 3893 καταιγίδος
3310 3865 3326 3886 ,
3377 3819 3689 3894 ἀφανίζεται

2120 3910 2370 3979 ἀσεϐής.
2396 3911 2507 3965 Καὶ
2559 3911 2790 3982 μερικοῦ
2850 3913 2950 3984 τῆς
2982 3912 3302 3983 πειρασμοῦ
3337 3914 3437 3968 εἷθ’
3462 3911 3686 3966 ἑκουσίου

2125 4003 2225 4055 εἴτ’
2257 4002 2539 4066 ἀκουσίου,
2599 4003 3028 4073 ἀπροσδοκήτως
3073 4004 3448 4074 ἐπερχομένου
3495 4003 3590 4055 ὑπὸ
3609 3999 3686 4052 τοῦ

2123 4095 2224 4166 τῆς
2265 4094 2532 4166 πονηρίας
2559 4093 2869 4166 πνεύματος
2888 4135 2904 4160 ,
2941 4096 3238 4150 ἀπόλλυται
3267 4098 3296 4150 ό
3329 4097 3405 4169 μὴ
3423 4096 3486 4150 δι’
3516 4096 3690 4164 ἐγκρα-

2124 4189 2272 4251 τείας
2307 4187 2403 4242 καὶ
2427 4188 2708 4258 ὑπομονῆς
2739 4187 2915 4258 τιμῶν
2936 4188 3028 4242 τὸν
3050 4188 3205 4242 Θεόν.

2194 4279 2431 4343 Δίκαιος
2463 4277 2532 4330 δὲ
2588 4277 2898 4344 ἐκκλίνας,
2941 4275 3186 4338 σώζεται
3229 4283 3318 4346 εὶς
3365 4282 3471 4335 τὸν
3501 4277 3681 4334 αἰῶνα.

2139 4371 2196 4424 Ὀ
2259 4369 2314 4422 δὲ
2375 4370 2848 4440 ἐγκρατευόμενος
2885 4370 2984 4439 μὲν
3024 4370 3133 4424 τῶν
3166 4372 3290 4425 καθ’
3322 4373 3510 4444 ἡδονὴν
3551 4371 3685 4423 ἑκουο

2125 4457 2256 4510 σίων
2279 4457 2488 4522 παθῶν,
2523 4458 2811 4528 ὑπομένων
2864 4459 2923 4512 δὲ
2973 4458 3042 4512 τὰ
3081 4459 3204 4514 κατ’
3233 4445 3428 4532 ὀδύνην
3457 4460 3682 4517 ἀκούσια,

2125 4546 2213 4600 τὸν
2239 4547 2380 4600 κατὰ
2402 4547 2578 4618 ψυχὴν
2607 4547 2886 4617 διαφυγὼν
2921 4548 3186 4620 κίνδυνον,
3235 4552 3426 4624 ῥύεται
3453 4552 3543 4622 τῆς
3568 4551 3682 4603 αίω·

2121 4638 2236 4691 νίου
2271 4638 2565 4701 κολάσεως.
3455 4682 3466 4694 .

2196 4737 2310 4796 κς’.
2337 4731 2568 4800 Ὠσπερ
2605 4731 2804 4802 όμφαξ
2843 4733 3056 4789 ὀδοῦσι
3093 4735 3426 4804 βλαϐερόν,
3470 4733 3560 4789 καί
3593 4745 3680 4784 κα-

2121 4824 2274 4888 πνός
2316 4823 2600 4893 ὄμμασιν,
2657 4825 2814 4879 οὕτω
2842 4829 3188 4896 παρανομία
3217 4829 3343 4896 τοῖς
3383 4823 3680 4898 χρωμένοις

2118 4911 2276 4982 αὐτῇ
2283 4954 2295 4967 .
2328 4913 2438 4968 Καὶ
2464 4913 2614 4967 ὥσπε
2623 4932 2654 4986 ρ
2683 4915 2896 4986 καρπὸς
2921 4915 3019 4986 μὲν
3045 4918 3224 4986 ἄωρος
3247 4921 3314 4990 τῇ
3343 4918 3451 4971 τῶν
3477 4915 3677 4968 ὀδόντων

2119 5005 2374 5076 ἐνεργείᾳ
2423 5005 2766 5074 λυμαίνεται,
2805 5008 3015 5072 καπνὸς
3047 5009 3103 5062 δὲ
3132 5011 3196 5082 τῇ
3227 5009 3338 5064 τῶν
3388 5002 3674 5079 ὀφθαλμῶν,

2117 5095 2262 5148 οὕτω
2310 5095 2420 5148 τῶν
2469 5097 2570 5167 τῆς
2619 5095 2801 5168 ψυχῆς
2850 5099 3177 5169 πρακτικῶν
3214 5101 3312 5156 καὶ
3353 5089 3674 5170 θεωρητικῶν

2117 5185 2420 5258 δυνάμεων,
2453 5189 2485 5257 ἡ
2525 5187 2840 5259 παράλογος
2866 5190 2997 5260 περὶ
3042 5189 3112 5243 τὰ
3141 5191 3456 5263 πρόσκαιρα
3476 5185 3670 5258 χρῆσις.
3747 5205 3752 5211 ·

2115 5279 2230 5340 τοῖς
2255 5279 2386 5349 περὶ
2417 5278 2625 5347 ταύτην
2679 5282 3136 5352 καταγινομένοις
3161 5299 3175 5312 ο
3199 5282 3276 5349 ὡς
3299 5283 3393 5348 τὰς
3418 5281 3512 5354 μὲν
3543 5287 3666 5342 πρα·

2116 5365 2310 5428 κτικάς
2339 5365 2551 5420 τούτων
2581 5367 2864 5438 δυνάμεις,
2885 5363 2976 5423 οἷά
2997 5371 3101 5441 πέρ
3119 5390 3272 5437 τινας
3293 5373 3505 5433 ὀδόντας
3518 5366 3671 5434 αἱμω·

2113 5455 2232 5528 διᾷν
2263 5456 2515 5521 ποιοῦσα,
2540 5460 2678 5530 πρὸς
2703 5459 2808 5531 ’τὴν
2838 5462 2982 5517 κατὰ
3004 5464 3197 5536 καιρὸν
3219 5465 3314 5519 τοῦ
3335 5465 3496 5526 ὅντως
3524 5449 3668 5512 καλοῦ

2115 5549 2438 5614 ἀπόλαυσιν,
2469 5550 2556 5604 διὰ
2587 5551 2685 5622 τὴν
2716 5553 2866 5625 παρά
2905 5557 3100 5626 καιρὸν
3123 5555 3216 5610 τοῦ
3234 5556 3538 5616 δοκοῦντος⁸
3566 5543 3669 5603 ταῖς

2115 5641 2170 5694 δὲ
2199 5641 2586 5712 θεωρητικαῖς,
2607 5643 2765 5716 δίκην
2800 5647 3033 5711 καπνοῦ,
3056 5649 3440 5709 ἐπισκοτοῦσα,
3465 5640 3550 5697 καὶ
3579 5630 3669 5704 πρδ

2115 5733 2208 5786 τοῦ
2241 5735 2582 5805 ἀπελαθῆναι
2603 5736 2774 5806 αὐτὴν
2795 5738 2885 5792 διὰ
2916 5740 3016 5809 τῆς
3037 5741 3094 5793 ὲν
3123 5740 3395 5812 πνεύματι
3421 5733 3662 5807 γνώσεως,

2121 5823 2196 5892 μὴ
2226 5826 2603 5897 συγχωροῦσιν
2645 5829 2874 5893 ταύταις
2914 5831 3154 5904 καθορᾷν
3189 5835 3287 5896 τὰς
3318 5832 3414 5902 τῆς
3441 5817 3665 5897 ἀληθείας

2119 5937 2316 5986 αυγας.
