3958 6414
483 378 595 441 3ἳῖ

1129 479 1280 536 CAP.
1311 476 1402 532 XI.
1441 537 1447 543 ,

530 579 700 632 Vnus.
737 577 784 630 i.
819 572 1036 627 διατειό
1071 571 1280 637 dolosa,
1311 571 1642 628 abominatio
1685 580 1812 624 ante
1861 569 2041 624 Domi-

458 686 606 724 num.
633 667 698 720 Et
728 665 952 736 quidem
985 661 1050 715 ad
1075 661 1342 714 virtutum
1371 659 1618 714 delectus
1647 661 1728 714 vel
1755 676 2036 724 excessus,

459 763 523 816 ad
551 761 871 814 alterutram
907 760 1116 824 partem
1142 762 1432 823 vergentes
1466 751 1662 807 animae
1711 751 2039 822 dispositio—

461 870 577 918 nes,
615 850 848 905 odihilcs
880 853 1009 902 sunt
1038 850 1166 898 ante
1191 841 1388 898 faciem
1445 843 1600 898 illius
1648 844 1744 914 qui
1788 843 2040 913 prohibet

459 963 526 1020 ne
551 945 896 1000 declinemus
933 936 1000 990 ad
1039 937 1346 1001 dexteram,
1374 937 1459 992 vel
1483 937 1548 992 ad
1597 935 1904 1001 sinistram,
1937 933 2040 988 Do-

455 1039 587 1097 mini
613 1036 855 1092 omnium
884 1032 997 1095 Dei,
1031 1037 1140 1083 uta
1165 1045 1294 1086 vero
1311 1030 1453 1086 bono
1480 1039 1535 1086 et
1581 1030 1842 1100 utrinque
1885 1030 2041 1083 aber-

456 1152 513 1188 t'a
524 1152 552 1187 ιι
563 1143 666 1187 tes.

525 1224 743 1278 Pondus
772 1237 894 1276 vero
927 1236 1133 1287 (equum
1167 1226 1458 1286 acceptum,
1481 1215 1585 1270 illi.
1610 1214 1742 1280 Quae
1773 1215 1825 1267 in
1858 1212 2038 1268 medio

454 1317 674 1369 virtutis
711 1314 1100 1384 contemplans
1160 1325 1271 1364 non
1315 1308 1558 1363 declinat
1594 1307 1660 1361 ad
1703 1305 2038 1375 cupiditates

453 1407 756 1462 secundum
799 1405 1021 1459 virtutis
1071 1401 1346 1457 defectum
1413 1408 1509 1454 aut
1553 1396 2035 1469 exaggerationem

451 1500 646 1552 animae
675 1496 986 1566 dispositio,
1007 1493 1082 1548 illi
1106 1494 1246 1548 bene
1273 1498 1497 1561 accepta
1527 1497 1649 1554 est;
1673 1483 1878 1558 quippe
1904 1501 2029 1558 quae

448 1605 578 1643 vero
610 1588 756 1643 bono
785 1586 1028 1642 studeat.

517 1682 686 1736 Vsus.
721 1677 777 1734 ᾗ.
813 1679 932 1746 Quo
975 1679 1216 1748 ingressa
1253 1674 1352 1728 erit
1385 1670 1722 1734 contumelia,
1754 1669 1826 1724 ibi
1866 1680 1913 1724 et
1943 1669 2032 1724 de-

1778 372 2125 437 PROCOPII
2164 377 2408 438 GAZ.’E[

3564 381 3676 451 1324

2751 481 3000 536 ΚΕΦΑΛ.
3027 483 3089 536 ΙΛ
3110 522 3122 536 .

2207 582 2276 629 α’.
2309 577 2487 646 Ζυγοὶ
2503 576 2716 640 δόλιοι,
2729 575 3051 646 ,Βδέλυγμα
3073 574 3328 629 ἐνώπιον
3348 579 3569 645 Κυρίου.
3590 581 3684 636 καὶ

2140 669 2196 721 αἱ
2231 669 2326 737 μὲν
2362 668 2498 739 πρὸς
2531 667 2627 730 τὰς
2661 667 2928 735 ἐλλείψεις
2953 667 3062 720 τῶν
3094 667 3305 736 ἀρετῶν
3331 669 3520 733 καὶτὰς
3539 672 3674 745 ὑπερ-

2140 760 2324 824 ϐολὰς,
2364 762 2752 832 ὲτερορρεπεῖς
2799 758 2901 829 τῆς
2945 758 3125 830 ψυχῆς
3158 758 3442 824 διαθέσεις,
3474 779 3674 836 μεμιση.

2143 851 2303 922 μέναι
2334 851 2474 904 εἰσὶν
2521 849 2834 921 ἔμπροσθεν
2871 847 2967 902 τοῦ
3005 849 3388 919 ἐναλλομένου
3437 852 3507 922 μὴ
3536 855 3682 909 ἐκκλί-

2139 960 2252 998 νειν
2279 944 2428 1014 ἡμᾶς
2472 943 2595 1013 μήτ’
2633 945 2714 1006 εἰς
2755 942 2822 996 τὰ
2851 941 3024 1008 δεξιὰ,
3054 939 3180 1012 μήτ’
3217 943 3296 1005 εἰς
3343 945 3389 995 τ’
3432 943 3680 1018 ἀριστερὰ,

2138 1035 2410 1087 Δεσπότου
2457 1033 2567 1087 τῶν
2594 1034 2734 1087 ὅλων
2762 1031 2920 1099 Θεοῦ,
2971 1031 3048 1094 ὼς
3091 1031 3186 1085 τοῦ
3230 1032 3398 1097 ὅντως
3428 1033 3582 1088 καλοῦ
3609 1039 3684 1090 καὶ

2139 1124 2536 1196 ἀμφοτέρωθεν
2571 1123 3008 1194 ἁμαρτάνουσαι.

2210 1215 2510 1285 Στάθμιον
2563 1213 2632 1267 δὲ
2672 1215 2928 1280 δίκαιον,
2978 1215 3195 1268 δεκτόν
3241 1213 3418 1279 αὐτῷ.
3463 1216 3523 1268 Ἦ
3555 1217 3606 1268 ὲν
3632 1220 3684 1289 τῇ

2143 1307 2401 1378 μεσότητι
2434 1306 2491 1360 δὲ
2540 1307 2644 1377 τῆς
2690 1307 2891 1378 ἀρετῆς
2928 1306 3280 1377 θεωρουμένη
3309 1305 3548 1378 ἁρῤεπὴς
3573 1308 3686 1377 πρὸς

2132 1398 2206 1456 ’τὰ
2236 1403 2359 1458 κατ’
2397 1402 2638 1474 ἔλλειψιν
2673 1400 2884 1474 ταύτης
2927 1403 3024 1456 καὶ
3071 1399 3379 1473 ὑπερϐολὴν
3422 1401 3561 1470 πάθη
3592 1402 3686 1456 διά-

2139 1495 2290 1560 θεσις
2328 1496 2426 1566 τῆς
2478 1495 2680 1566 ψυχῆς,
2731 1495 3130 1568 εὐπρόσδεκτος
3172 1495 3408 1566 ὑπάρχει
3460 1495 3596 1567 αύτῷ
3625 1495 3684 1560 ὡς

2135 1585 2230 1640 τοῦ
2257 1587 2428 1652 ὅντως
2457 1587 2760 1659 ὀρεγομένη
2791 1587 2986 1642 καλοῦ.

2209 1677 2274 1748 β’.
2321 1673 2404 1734 Οὗ
2457 1679 2569 1732 ἐὰν
2621 1679 2867 1746 εἰσέλθῃ
2915 1679 3121 1748 ὕϐρις,
3169 1679 3302 1733 ἐκεῖ
3348 1680 3444 1734 καὶ
3491 1681 3686 1751 ἀτιμία.

447 1775 626 1828 decus.
677 1773 740 1826 Et
786 1787 956 1842 super
993 1785 1145 1834 eum,
1196 1767 1250 1822 in
1284 1781 1446 1837 quem
1477 1765 1786 1835 ingressum
1824 1765 1929 1818 erit
1966 1779 2031 1818 ex

2141 1769 2248 1822 Καὶ
2280 1771 2364 1836 ἐφ’
2401 1769 2460 1822 ὃν
2490 1769 2590 1839 μὲν
2623 1769 2688 1824 ἂν
2716 1770 3085 1824 εἰσελεύσεται
3126 1771 3184 1838 ἐξ
3212 1771 3576 1842 ὑπερηφανίας
3602 1773 3690 1842 μῶ-

450 1962 622 2014 nissu
675 1959 860 2014 divino
913 1954 1202 2011 dedecoris
1247 1953 1429 2019 dolor,
1461 1959 1521 2006 ut
1547 1949 1910 2004 humilitatem
1943 1947 2028 2001 di-

448 2055 584 2106 Sent.

522 2145 682 2198 Virus.
725 2144 776 2196 5.
825 2139 898 2196 Os
955 2145 1132 2192 autem
1175 2134 1457 2189 humilium
1491 2140 1648 2186 curat
1687 2131 2026 2199 sapientiam.

446 2235 646 2290 Eoum
683 2242 861 2288 autem
902 2229 1165 2302 cogitatio
1210 2225 1305 2298 qui
1354 2239 1478 2280 sese
1525 2224 1593 2278 de
1633 2224 1751 2278 suis
1785 2221 2028 2293 peccatis

448 2327 876 2398 repreheulunt.
903 2323 1069 2379 discit
1095 2319 1443 2392 sapientiam,
1469 2317 1688 2371 initium
1722 2315 1845 2386 ejus
1877 2315 2028 2368 timo-

445 2437 558 2476 rem
587 2419 800 2474 Domini
827 2416 1056 2472 iaciens.

515 2513 682 2569 VEBS.
707 2512 754 2567 ι.
775 2509 828 2566 1!
834 2519 1017 2564 ortuus
1023 2508 1202 2578 justus
1228 2503 1439 2575 reliquit
1452 2502 1835 2570 paenitentiam.
1855 2499 2028 2556 Etoc-

444 2606 592 2660 eisus
625 2601 848 2674 quidem
873 2599 966 2670 qui
1013 2594 1572 2668 irreprehensibiliter
1592 2593 1806 2664 agebat,
1831 2590 1912 2646 eis
1934 2591 2025 2661 qui

446 2700 622 2764 ipsum
643 2693 984 2755 occiderunt,
1007 2686 1386 2760 paenitentiam
1414 2683 1640 2754 reliquit
1656 2683 1803 2754 deiis
1829 2697 1951 2752 quae
1970 2681 2026 2736 in

445 2791 620 2858 ipsum
649 2785 1013 2847 admiserunt,
1036 2777 1293 2851 praesenti
1327 2774 1550 2848 quidem
1578 2781 1851 2844 ~tempore
1900 2787 2028 2827 con-

443 2882 730 2936 scientiam
768 2877 1194 2948 percutientem,
1231 2871 1418 2928 futuro
1449 2874 1633 2924 autem
1669 2866 1876 2922 saeculo
1907 2878 2029 2934 per-

449 2982 614 3045 petuo
635 2973 978 3044 punientem.

519 3063 844 3134 Repentinus
895 3067 1074 3114 autem
1109 3055 1320 3134 occidit
1345 3062 1394 3110 et
1415 3051 1688 3123 jucundus
1743 3048 2029 3118 impiorum

453 3130 723 3210 interitus.
752 3151 871 3207 Non
899 3130 1170 3205 inhibitus
1211 3146 1390 3201 autem
1425 3143 1629 3199 accidit
1651 3150 1708 3198 et
1748 3140 2026 3210 jucundus

446 3251 586 3303 male
623 3246 904 3316 agentium
931 3252 987 3298 ct
1013 3243 1136 3297 ideo
1170 3256 1279 3296 non
1305 3237 1603 3294 colentium
1636 3235 1805 3290 Deum
1833 3230 2032 3287 interi-

446 3353 574 3405 tus;
613 3341 744 3410 quia
794 3345 848 3392 et
889 3349 1079 3408 pennas
1137 3333 1237 3387 illi-
1269 3330 1414 3386 male
1447 3336 1724 3406 'actorum
1773 3324 2034 3396 praesenti

443 3444 695 3502 tempore
723 3429 1020 3491 dederunt,
1054 3434 1111 3482 et
1139 3424 1210 3480 ab
1257 3422 1370 3478 illis
1400 3419 1608 3490 injuste
1660 3417 1855 3483 habiti,
1885 3430 2034 3470 acce-

445 3524 554 3594 ptis
578 3523 648 3579 ab
687 3519 884 3577 iisdem
910 3516 1134 3588 injuriis
1185 3512 1404 3570 liberati
1429 3518 1579 3569 sunt.

517 3703 680 3759 Ἴης.
699 3705 751 3758 ες.
777 3699 1004 3756 Iustitia
1019 3697 1272 3768 simplicis
1285 3694 1464 3766 dirigit
1481 3693 1608 3746 vias.
1625 3689 1837 3746 Etenim
1851 3689 2038 3744 immo-

444 3805 558 3852 tum
607 3797 674 3851 de
697 3793 922 3864 agendis
958 3789 1227 3862 judicium
1287 3782 1847 3856 irreprebensibiliter
1878 3796 2040 3852 agen-

446 3894 515 3949 tis
557 3887 889 3945 inﬂexibiles
907 3885 974 3940 ad
997 3883 1326 3954 cupiditates
1344 3877 1645 3936 secundum
1667 3873 2039 3930 virtutisdel'e-

444 3997 596 4041 etum
630 3991 724 4037 aut
755 3994 1040 4036 excessum
1104 3975 1234 4030 facit
1268 3973 1388 4044 ejus
1445 3969 1746 4028 secundum
1777 3967 2036 4022 virtutem

447 4076 670 4133 semitas
704 4092 718 4139 ;
759 4075 814 4128 in
843 4071 1046 4142 quibus
1101 4075 1224 4139 post
1267 4067 1446 4136 ipsum
1483 4062 1832 4118 ambulantes
1857 4058 2038 4114 salute

446 4167 594 4239 digni
634 4165 932 4221 habentur.

523 4281 588 4334 In
618 4279 891 4346 impietate
919 4284 1096 4328 autem
1114 4279 1323 4326 corruet
1357 4269 1567 4336 impius.
1591 4265 1644 4319 In
1683 4261 2036 4334 ignominiam

453 4374 541 4428 Dei
577 4388 671 4444 per
708 4368 930 4426 malitiae
971 4381 1138 4436 opera
1167 4363 1364 4419 incidit
1389 4363 1482 4432 qui
1517 4356 1904 4414 mandatorum
1943 4351 2038 4406 Dei

453 4469 622 4533 legem
664 4461 944 4534 reprobat.
967 4459 1203 4523 Etenim,

341 1906 351 1910 -
451 1869 769 1936 arrogantia
803 1865 1064 1935 probrum
1105 1867 1294 1916 contra
1330 1857 1665 1930 proximum,
1704 1855 1876 1909 irruet
1909 1871 2022 1924 per-

2143 1878 2240 1930 μος
2275 1860 2418 1915 κατά
2471 1861 2567 1914 τοῦ
2606 1861 2798 1928 πέλας,
2833 1861 2980 1932 πάθη
3009 1861 3236 1932 ἀτιμίας
3262 1839 3689 1934 κατά-συγχωρη-

2140 1968 2224 2003 σιν
2267 1951 2420 2004 Θείαν
2455 1950 2873 2020 καταλαμϐάνει
2922 1950 3107 2016 αὐτὸν,
3147 1951 3216 2004 ἵν’
3261 1951 3582 2022 ὲκπαιδευθῇ
3609 1969 3684 2005 τα·

2137 2045 2532 2113 πεινοφρονεῖν.

2207 2136 2278 2204 γ’.
2299 2137 2496 2206 Στόμα
2519 2135 2586 2188 δὲ
2601 2135 2899 2190 ταπεινῶν
2917 2133 3142 2206 μελετᾷ
3179 2137 3426 2206 σοφίαν.
3442 2138 3503 2190 Ἥ
3527 2137 3576 2192 δὲ
3595 2138 3692 2192 διὰ-

2137 2244 2252 2308 νοια
2278 2228 2388 2280 τῶν
2411 2228 2880 2300 ὲπιμεμφομένων
2909 2231 3127 2292 ἑαυτοῖς
3155 2229 3251 2282 ἐπὶ
3289 2231 3399 2294 τοῖς
3426 2229 3695 2300 παραπτώι

2139 2337 2290 2390 μασι,
2314 2321 2578 2390 μανθάνει
2607 2320 2820 2390 σοφίαν·
2849 2321 3026 2392 ἀρχὴν
3050 2319 3259 2392 ταύτης
3277 2321 3370 2375 τὸν
3395 2321 3484 2376 τοῦ
3513 2322 3687 2393 Κυρίου

2136 2411 2301 2480 φόϐον
2329 2413 2650 2482 ποιουμένη.

2205 2504 2266 2558 δ’.
2309 2505 2660 2558 Ἀποθανὼν
2694 2504 2926 2570 δίκαιος
2973 2503 3146 2559 ἔλιπε
3191 2504 3548 2575 μετάμελον.
3588 2505 3684 2559 Καὶ

2138 2593 2417 2664 φονευθεὶς
2453 2592 2553 2664 μὲν
2587 2595 2615 2646 ὁ
2651 2593 2960 2664 ἀμέμπτως
2981 2592 3426 2665 πολιτευόμενος,
3463 2595 3688 2648 κατέλιπε

2135 2689 2246 2750 τοῖς
2277 2686 2441 2740 αὐτὸν
2478 2685 2875 2750 θανατώσασιν,
2920 2685 3006 2756 ἐφ’
3035 2681 3120 2751 οἷς
3150 2689 3231 2750 είς
3269 2688 3434 2743 αὐτὸν
3461 2689 3688 2758 πεπλημ-

2139 2781 2432 2851 μελὴκασι,
2478 2779 2870 2852 μεταμέλειαν,
2915 2778 3014 2850 τὴν
3058 2779 3203 2834 κατὰ
3224 2779 3288 2833 τὺ
3323 2781 3494 2852 παρὸν
3524 2781 3614 2850 μὲν
3641 2779 3690 2832 τὺ

2139 2871 2376 2935 συνειδὸς
2437 2871 2804 2944 πλήττουσαν,
2853 2872 2997 2928 κατὰ
3033 2871 3094 2926 τὸ
3136 2871 3334 2944 μέλλον
3357 2873 3414 2926 δὲ
3455 2864 3692 2944 διηνεκῶς
3725 2933 3733 2943 ,

2135 2965 2487 3032 κολάζουσα-δ.

2208 3057 2532 3128 Πρόχειρος
2580 3058 2648 3112 δὲ
2681 3059 2907 3128 γίνεται
2965 3059 3064 3113 καὶ
3114 3059 3444 3128 ἐπίχαρτος
3484 3057 3692 3114 ἀσεϐῶν

2137 3147 2425 3204 ἀπώλεια.
2479 3148 2783 3214 Ἀκώλυτος
2815 3149 2874 3204 δὲ
2921 3149 3132 3220 γίνεται
3159 3151 3257 3204 καὶ
3303 3151 3634 3223 εὐφρὸσυνος,
3668 3151 3692 3203 ὀ

2135 3239 2246 3294 τῶν
2270 3238 2621 3308 ίκακοποιῶν,
2657 3241 2751 3295 καὶ
2781 3239 2871 3295 διὰ
2914 3240 3072 3295 τοῦτο
3119 3240 3196 3314 μὴ
3238 3241 3530 3315 τιμώντων.
3557 3243 3688 3306 Θεὸν,

2137 3327 2388 3400 θλεθρος·
2441 3329 2523 3383 ὅτι
2562 3345 2622 3382 τε
2655 3330 2755 3394 τὰς
2793 3329 2948 3394 δίκας
2989 3323 3136 3386 οὗτοι
3181 3333 3296 3387 τῶν
3324 3333 3506 3398 αὐτοῖς
3532 3330 3692 3395 κακῶς

2139 3422 2570 3492 πεπραγμένων,
2615 3423 2759 3478 κατά
2805 3423 2866 3476 τὸ
2919 3423 3096 3496 παρὸν
3147 3425 3472 3492 ἀπέδωκαν,
3521 3426 3608 3480 καὶ
3651 3423 3692 3477 oi

2140 3513 2270 3584 παρ’
2296 3513 2477 3567 αὐτῶν
2499 3513 2868 3586 ’κακούμενοι,
2905 3513 3016 3570 τῶν
3049 3516 3180 3589 παρ’
3207 3517 3392 3572 αὐτῶν
3427 3519 3692 3571 κακώσειαν

2138 3602 2560 3676 ἀπηλλάγησαν.

2210 3703 2272 3752 ε’.
2305 3699 2672 3768 Δικαιοσύνη
2718 3697 2964 3770 ἀμώμου
3017 3700 3332 3772 όρθοτομεῒ
3365 3702 3554 3768 ὁδούς.
3601 3699 3692 3754 Καὶ

2139 3788 2294 3860 γάρή
2327 3790 2576 3862 ἀρρεπὴς
2601 3791 2695 3844 ἐπὶ
2723 3795 2838 3856 τοῖς
2871 3793 3170 3864 πρακτέοις
3206 3794 3390 3866 κρίσις
3414 3795 3506 3849 τοῦ
3535 3792 3693 3866 ἀμέμ-

2142 3898 2292 3945 πτως
2325 3885 2774 3956 πολιτευομένου,
2813 3886 3255 3957 ἅπαρεγκλίτους
3309 3887 3446 3960 πρὸς
3493 3887 3556 3940 τὰ
3592 3882 3693 3940 κατ’

2141 3973 2377 4044 ἔλλειψιν
2396 3975 2496 4047 τῆς
2535 3976 2741 4048 ἀρετῆς
2773 3979 2868 4032 καὶ
2907 3977 3396 4052 ὑπερϐολὴνπάθη
3443 3980 3580 4033 ποιεῖ
3612 3975 3694 4039 τὰς

2141 4068 2262 4120 κατ’
2295 4067 2498 4138 ἀρετὴν
2541 4068 2768 4140 τρίϐους
2805 4069 2969 4125 αὑτοῦ
3004 4087 3018 4103 ·
3055 4070 3123 4136 ἃς
3150 4073 3201 4126 οἱ
3231 4073 3510 4144 ἑπομένως
3545 4071 3695 4140 τούτῳ

2143 4158 2440 4226 ὁδεύοντες,
2475 4161 2752 4232 σωτηρίας
2785 4161 3092 4232 ἀξιοῦνται,

2223 4273 2491 4342 Ἀσεϐείᾳ
2525 4274 2596 4328 δὲ
2630 4277 2972 4346 περιπίπτει
2999 4277 3243 4348 ἄνομος.
3289 4279 3382 4342 Εἰς
3419 4277 3626 4350 ἀτιμίαν
3649 4274 3694 4328 δὲ

2143 4363 2302 4431 Θεοῦ,
2329 4366 2418 4420 διὰ
2443 4367 2552 4420 τῶν
2580 4368 2680 4439 τῆς
2720 4367 2920 4433 κακίας
2951 4368 3148 4441 ἔργων,
3176 4371 3442 4442 ἐμπίπτει
3463 4375 3491 4426 ὁ
3515 4367 3696 4425 ἀθετῶν

2142 4457 2234 4511 τὸν
2257 4459 2420 4528 νόμον
2443 4457 2554 4512 τῶν
2577 4459 2670 4512 τοῦ
2695 4459 2828 4513 Θεοῦ
2849 4460 3104 4515 ἐντολῶν.
3134 4463 3244 4516 Καὶ
3275 4464 3410 4534 γάρ,

518 4579 686 4634 Vsus.
721 4578 774 4632 6.
803 4574 1028 4630 Iustitia
1075 4574 1174 4628 viri
1225 4571 1354 4625 recti
1389 4567 1631 4622 ltierablt
1658 4580 1768 4618 eos.
1797 4559 2034 4631 lrrepre-

2216 4579 2289 4638 ς’.
2323 4545 2690 4644 Δικαιοσύνῆ
2722 4575 2959 4645 ἀνδρῶν
2981 4577 3173 4646 ὀρθῶν
3193 4579 3450 4648 ῥύσεται
3479 4577 3694 4642 αὐτούς.

448 4673 738 4729 hensibilis
765 4671 987 4742 quidem
1021 4683 1212 4722 eorum
1240 4664 1350 4718 vita
1383 4661 1478 4732 qui
1509 4671 1773 4730 generose
1803 4656 1859 4710 in
1892 4653 2042 4723 cupi-

449 4768 651 4820 ditates
695 4773 963 4836 pugnant,
1019 4769 1074 4816 et
1121 4754 1474 4813 inﬂexibilem
1512 4751 1580 4806 ad
1633 4749 1834 4804 malum
1873 4745 2040 4809 virtu-

449 4859 524 4914 tis
559 4873 784 4913 cmsum
821 4855 1052 4918 iaciunt,
1085 4866 1182 4906 eos
1219 4847 1417 4918 eripiet
1467 4845 1535 4897 ab
1567 4858 1632 4898 eo
1663 4839 1809 4912 quod
1839 4853 2038 4894 secun-

451 4949 581 5003 dum
610 4947 850 5002 animam
877 4960 974 5014 per
996 4939 1330 5010 cupiditates
1347 4935 1502 5006 juxta
1526 4930 1798 4988 defectum
1814 4927 2038 4984 virtutis

453 5049 552 5095 aut
569 5053 861 5096 excessum
885 5043 988 5098 est,
1036 5031 1300 5104 periculo,

529 5153 817 5224 Impietate
845 5159 1025 5204 autem
1057 5163 1156 5200 sua
1189 5143 1472 5211 capiuntur
1523 5144 1840 5206 peccatores.
1869 5132 2038 5187 Deum

455 5244 758 5299 secundum
808 5243 1046 5298 animam
1099 5255 1209 5293 non
1262 5236 1506 5291 colentes
1545 5247 1643 5287 sua
1679 5227 2042 5299 dispositione

455 5338 772 5406 capiuntur,
818 5337 910 5404 qui
967 5333 1284 5387 divinorum
1323 5325 1708 5384 mandatorum
1743 5323 1914 5391 legem
1957 5333 2040 5372 re-

458 5430 716 5500 probant.

530 5544 710 5599 Vsus;
757 5544 806 5596 7.
847 5542 1058 5594 Mortuo
1115 5539 1322 5592 homine
1365 5542 1536 5606 justo,
1573 5549 1678 5587 non
1736 5530 1871 5598 perit
1901 5543 2035 5594 spes.

463 5637 535 5692 Et
567 5646 785 5690 mortuo
809 5633 1031 5702 quidem
1065 5633 1158 5685 illo
1180 5631 1273 5701 qui
1308 5630 1364 5683 in
1397 5625 1729 5696 cupiditates
1775 5634 2039 5690 generose

461 5726 733 5798 pugnavit
767 5736 819 5779 et
849 5742 877 5778 a
924 5723 1147 5776 virtutis
1195 5719 1482 5776 laboribus
1537 5732 1648 5770 non
1700 5715 1958 5773 cessavit.
1991 5725 2043 5764 et

460 5817 863 5874 momentancis
897 5826 1098 5871 aeterna
1134 5812 1448 5883 anteposuit
1468 5853 1482 5879 ,
1513 5822 1844 5864 aeternorum
1870 5807 2032 5862 bono-

2157 4661 2220 4714 'H
2274 4662 2374 4732 μὲν
2421 4664 2712 4736 ἄμεμπτος
2747 4666 2996 4720 πολιτεία
3032 4665 3140 4720 τῶν
3186 4669 3330 4721 κατὰ
3373 4669 3480 4722 τῶν
3535 4663 3698 4720 παθῶν

2142 4753 2568 4826 ἀνδριζομένων,
2601 4759 2698 4811 καὶ
2729 4759 3132 4829 ἀπαρέγκλιτον
3157 4760 3295 4831 πρὸς
3318 4760 3514 4816 κακίαν
3537 4773 3696 4812 ποιου-

2103 4832 2108 4836 .
2145 4847 2325 4916 μένων
2374 4849 2466 4902 τὸν
2515 4851 2717 4921 δρόμον
2781 4855 2878 4922 τῆς
2935 4853 3158 4924 ἀρετῆς,
3204 4853 3468 4918 ὲξελεῖται
3499 4850 3697 4907 τούτους

2141 4937 2236 4990 τοῦ
2272 4939 2415 4992 κατὰ
2444 4939 2646 5010 ψυχὴν,
2697 4941 2784 4994 διὰ
2813 4943 2921 4994 τῶν
2958 4943 3080 5022 κατ’
3110 4943 3347 5013 ἔλλειψιν
3394 4943 3494 5013 τῆς
3521 4938 3703 5013 ἀρετῆς

2145 5029 2240 5083 καὶ
2274 5031 2584 5103 ὑπερϐολὴν
2624 5032 2834 5098 παθῶν,
2875 5031 3147 5089 κινδύνου.

2221 5143 2306 5213 Τῇ
2349 5145 2418 5199 δὲ
2449 5147 2696 5213 ἀσεϐείᾳ
2737 5147 2938 5201 αὐτῶν
2971 5148 3333 5204 ἁλίσκονται
3369 5145 3692 5216 παράνομοι.

2145 5237 2224 5306 Τῇ
2262 5237 2318 5290 δὲ
2361 5238 2436 5308 μὴ
2477 5239 2612 5292 Θεὸν
2650 5239 2866 5312 τιμώσῃ
2914 5242 3056 5296 κατά
3105 5241 3284 5312 ψυχὴν
3318 5240 3551 5295 διαθέσει
3594 5237 3699 5288 ἑαυι
3790 5311 3797 5317 Ι

2143 5329 2275 5392 τῶν,
2332 5329 2655 5400 κατέχονται
2712 5332 2758 5382 οἱ
2809 5330 2900 5383 τὸν
2934 5332 3096 5402 νόμον
3139 5334 3246 5385 τῶν
3287 5331 3446 5385 θείων
3493 5324 3696 5381 ἐντολῶν

2086 5464 2112 5482 ,
2143 5417 2484 5482 ἀθετοῦντες.

2217 5532 2282 5596 ζ’.
2317 5511 2806 5600 Τελευτήσαντος
2820 5533 3038 5602 ἀνδρὸς
3059 5535 3316 5596 δικαίου,
3341 5534 3449 5587 οὐκ
3473 5531 3696 5614 ὄλλυται

2091 5667 2097 5676 .
2143 5625 2340 5690 ἐλπίς.
2363 5626 2472 5678 Καὶ
2489 5625 2868 5689 ἀποθανόντος.
2883 5627 2981 5698 μὲν
3003 5626 3096 5680 τοῦ
3120 5625 3262 5681 κατά
3279 5625 3387 5678 τῶν
3405 5621 3580 5677 παθῶν
3593 5633 3698 5686 γεν-

2143 5716 2308 5778 ναίως
2359 5715 2779 5785 ἀνδρισαμένου,
2821 5719 2917 5771 καὶ
2957 5718 3092 5787 πρὸς
3123 5719 3184 5770 τὸ
3229 5719 3330 5787 τῆς
3365 5713 3558 5788 ἀρετῆς
3589 5705 3693 5763 ἐπί·

2145 5823 2306 5860 πονον
2377 5806 2655 5862 ἀνενδότου
2681 5850 2694 5873 ,
2762 5814 2854 5863 καὶ
2905 5807 3019 5863 τῶν¹
3087 5808 3442 5878 προσκαίρων
3491 5794 3691 5870 προκῴ
