3958 6392
317 292 454 377 :32;

1337 281 1870 360 COMMENTAnn
1901 279 1979 338 IN
2017 244 2475 339 rnovERnIA.

3438 229 3571 326 1326

309 422 497 468 ναντος
560 401 626 456 τὰ
674 402 890 464 αἰώνια,
945 391 1194 469 διαμένει
1255 396 1288 465 ή
1342 397 1436 447 ἐπὶ
1485 397 1595 454 τοῖς
1663 391 1900 453 αἰωνίοις

2054 403 2123 441 un
2158 403 2284 456 spes
2321 387 2372 469 in
2408 401 2476 441 eo
2511 391 2833 456 perseverat
2869 381 3226 452 exspectante
3263 390 3366 448 pro
3419 377 3577 430 labet

310 496 534 566 ἀγαθοῖς
581 495 769 548 τούτου
813 493 992 554 ἐλπὶς,
1026 485 1467 558 ἀπεκδεχομένου
1494 484 1584 538 τὸν
1616 483 1756 552 ὑπὲρ
1799 481 1899 550 τῆς

311 585 590 656 ὑπομονῆς
611 584 718 637 τῶν
749 582 924 635 πόνων
948 579 1161 650 μισθόν.
1507 576 1517 587 ’

397 678 467 732 Τὸ
505 675 573 728 δὲ
609 677 888 742 καύχημα
926 671 1046 723 τῶν·
1098 665 1337 723 ἀσεϐῶν
1394 665 1666 719 ὄλλυται.
1727 663 1801 714 Τὸ
1843 659 1901 713 δὲ

313 771 404 825 ἐπί
433 787 492 822 τε
521 771 587 839 τῇ
613 767 846 836 διακένῳ
884 763 1011 834 aling
1046 762 1140 815 καὶ
1180 759 1259 831 τῷ
1295 757 1644 828 φθειρομένῳ
1683 753 1902 822 πλούτῳ

313 865 581 935 φρύαγμα
607 860 717 914 τῶν
770 859 845 929 μὴ
883 855 952 909 δι’
986 851 1358 924 ἀγαθοεργίας
1401 847 1685 920 τιμώντων
1733 845 1898 906 Θεὸν,

314 960 395 1019 εἰς
429 956 491 1008 τὸ
517 951 682 1024 μηδὲν
707 949 1078 1019 περιίσταται,
1106 945 1179 1008 ὡς
1211 943 1416 998 τούτων
1451 938 1658 1011 ταχέως
1685 937 1900 992 διαλυο-

317 1032 520 1118 μένων,
541 1044 634 1098 καὶ
669 1044 748 1105 είς
771 1041 832 1094 τὸ
861 1039 1026 1110 μηδὲν
1055 1035 1513 1108 περιισταμένων.

389 1165 460 1228 η’.
495 1157 730 1220 Δίκαιος
768 1153 836 1206 ἐκ
883 1151 1069 1220 θήρας
1097 1149 1360 1204 ἐκδύνει.
1393 1145 1506 1199 Καὶ
1530 1145 1558 1198 ὁ
1594 1143 1692 1214 μὲν
1713 1138 1907 1194 ἀπονέ-

317 1267 438 1318 μων
475 1245 765 1319 τῇ¹ἐαυτοῦ
812 1245 958 1316 ψυχῇ
1004 1241 1228 1314 ἀρετὰς,
1277 1240 1372 1292 καὶ
1404 1239 1470 1308 τῇ
1511 1234 1676 1304 σαρκὶ
1705 1231 1907 1301 αὐτάρ-

311 1359 436 1404 κεις
461 1340 664 1412 τροφὰς
700 1338 794 1392 καὶ
819 1336 1207 1406 σκεπάσματα,
1248 1333 1346 1394 τὰς
1383 1329 1500 1383 κατ’
1540 1324 1776 1394 ἔλλειψιν
1808 1323 1909 1392 τῆς

315 1434 523 1505 ἀρετῆς
551 1432 644 1486 καὶ
677 1430 987 1499 ὑπερϐολὴν
1048 1426 1285 1494 παγίδας
1338 1423 1432 1477 τοῦ
1479 1416 1748 1492 θηρευτοῦ
1797 1415 1908 1468 τῶν

317 1527 604 1595 ἡμετέρων
641 1523 829 1594 ψυχῶν
865 1520 1252 1592 διαδιδράσκει.

391 1631 552 1688 ’Art’
585 1632 772 1687 αὐτοῦ
804 1631 872 1685 δὲ
897 1629 1288 1699 παραδίδοται
1329 1625 1575 1691 ἀσεϐής.
1609 1621 1757 1676 Ἀντὶ
1785 1618 1906 1672 τού-

316 1746 414 1781 του
447 1728 503 1780 δὲ
528 1726 587 1779 ὃν
611 1725 833 1778 σπεύδει
857 1723 1111 1796 θηρεύειν
1142 1725 1169 1773 ὁ
1198 1719 1456 1790 πονηρὸς,
1481 1717 1745 1786 ἐμπίπτει
1765 1711 1905 1766 κατὰ

314 1818 638 1888 προαίρεσιν
692 1818 774 1878 είς
821 1815 922 1877 τὰς
971 1811 1381 1884 προειρημένας
1435 1807 1666 1875 παγίδας
1699 1847 1714 1866 ,
1748 1807 1775 1856 ὁ
1830 1802 1904 1872 μὴ

315 1909 384 1964 δι’
427 1908 745 1979 ὲμπράκτου
775 1906 1031 1975 γνώσεως
1072 1901 1249 1974 τιμῶν
1281 1900 1372 1961 τὸν
1398 1899 1551 1951 Θεόν.

389 2019 462 2073 θ’.
503 2020 607 2075 Ἐν
652 2022 906 2089 στόματι
940 2014 1199 2080 ἀσεϐῶν,
1242 2011 1423 2081 παγίς
1463 2010 1754 2074 πολίταις.
1805 2005 1912 2059 Καὶ

313 2113 435 2182 γὶρ
489 2114 547 2165 ἐν
615 2111 714 2183 μὲν
771 2113 839 2181 τῇ
891 2107 1145 2179 ἀπατηλῇ
1198 2105 1445 2175 ὑποθήκῃ
1489 2102 1596 2156 τῶν
1657 2099 1732 2170 μὴ
1779 2097 1912 2150 Θεὸν

317 2206 634 2277 τιμώντων,
683 2203 820 2258 ἀλλὰ
862 2202 961 2272 τὴν
997 2200 1256 2269 πρόνοιαν
1304 2195 1470 2250 αὑτοῦ
1521 2191 1915 2246 διαϐαλλόντων

321 2299 662 2369 πνευμάτων
714 2295 817 2366 τῆς
855 2293 1140 2364 πονηρίας,
1176 2289 1434 2352 ἀπιστίας
1467 2303 1526 2339 τε
1553 2285 1647 2338 καὶ
1691 2281 1918 2338 ἀνελπι-

321 2390 486 2453 στίας
523 2389 716 2459 βρόχος
743 2384 1223 2447 κατασκευάζεται
1244 2381 1356 2441 τοῖς
1389 2377 1462 2447 μὴ
1492 2378 1548 2428 ἐν
1575 2373 1650 2445 τῷ
1680 2369 1912 2443 οὐρανῷ,

323 2479 446 2532 ἀλλ’
478 2479 536 2530 ἐν
573 2479 637 2546 τῇ
667 2477 736 2546 γῇ
755 2474 816 2526 τὸ
845 2471 1146 2541 πολίτευμα
1179 2467 1540 2538 κεκτημένοις
1565 2461 1876 2533 ἀνθρώποις
1897 2475 1912 2490 ·

321 2575 398 2636 ὡς
443 2570 507 2626 ἂν
541 2568 617 2640 τῷ
672 2565 898 2635 τοιούτῳ
931 2563 1040 2617 τῶν
1072 2561 1350 2615 κολάσεων
1384 2556 1534 2626 φόϐῳ
1583 2556 1718 2626 μήτε
1757 2553 1920 2620 ἐκφυ-

323 2669 471 2735 γεῐν,
525 2664 661 2734 μήτε
707 2659 844 2730 πρὸς
883 2647 961 2710 ’τὰ
1009 2655 1121 2709 ἄνω
1154 2651 1408 2723 βραόεῖα,
1463 2647 1542 2719 τῷ
1596 2645 1734 2718 πρὸς
1783 2642 1922 2697 αὑτά

331 2759 493 2828 πόθῳ
530 2755 758 2828 δραμεῖν
793 2751 913 2805 κατ’
947 2749 1148 2821 ἀρετὴν
1179 2747 1446 2800 δύναιντο.

410 2872 708 2936 Αἴσθησις
755 2867 824 2920 δὲ
849 2864 1100 2920 δικαίων
1129 2861 1361 2928 εὕοδος.
1407 2859 1474 2912 Ἡ
1509 2857 1567 2912 δέ
1594 2855 1792 2926 γνῶσις
1815 2853 1924 2908 τῶν

337 2964 615 3037 ἐναρέτων
665 2957 898 3031 ἀνδρῶν,
945 2955 1196 3027 ἀπλανὴς
1249 2955 1421 3019 ἐστιν,
1480 2951 1555 3014 ώς
1597 2949 1698 3020 τὴν
1729 2946 1926 3018 πρᾶξιν

340 3056 683 3129 ποιουμένων
711 3051 946 3123 θεωρίας
977 3048 1254 3104 ἐπίϐασιν.

409 3178 466 3226 ι’.
516 3171 618 3225 Ἐν
649 3166 894 3238 ἀγαθοῖς
919 3163 1169 3219 δικαίων
1217 3159 1569 3230 κατώρθωσε
1599 3153 1934 3212 πόλιν.1(αὶ

338 3265 455 3326 τοῖς
495 3261 680 3324 καλοῖς
717 3257 816 3330 μὲν
849 3257 1030 3326 ἔργοις
1060 3255 1156 3308 καὶ
1193 3253 1376 3323 λόγοις
1413 3251 1522 3304 τῶν
1546 3247 1806 3302 τοιούτων
1835 3247 1934 3300 ἀν-

332 3356 509 3426 δρῶν,
556 3352 828 3422 ἀπήρτισε
879 3349 980 3418 τὴν
1024 3349 1224 3416 ἑαυτῆς
1287 3342 1565 3413 σωτηρίαν
1609 3341 1756 3410 ψυχὴ
1807 3331 1933 3411 ἐνῇ

333 3445 588 3497 πλεῖστοι
647 3439 1040 3509 ἐνδιατρίϐουσι
1071 3435 1342 3506 λογισμοί.
1915 3487 1918 3491 ,

417 3556 529 3609 Καὶ
555 3554 626 3608 ἐν
663 3551 930 3617 ἀπωλείᾳ
957 3547 1196 3604 ἀσεϐῶν
1247 3544 1614 3620 ἀγαελλίαμα.
1656 3542 1746 3594 Ἐν
1765 3539 1822 3594 δὲ
1858 3537 1936 3609 τῷ

346 3646 444 3698 ἀπ’
469 3642 641 3711 αὐτῆς
666 3639 962 3710 ἀφανισμῷ
985 3636 1095 3691 τῶν
1126 3634 1202 3707 μὴ
1222 3635 1508 3705 τιμώντων
1530 3628 1666 3684 Θεὸν
1683 3626 1937 3698 πονηρῶν

347 3732 630 3804 λογισμῶν
657 3772 672 3797 ,
723 3728 1092 3802 προσγέγονεν
1151 3727 1290 3796 αὐτῇ
1334 3720 1649 3794 εὐφροσύνη
1689 3735 1938 3790 πνευμα-

347 3828 498 3897 τική.

428 3924 520 3970 ια’.
569 3917 670 3970 Ἐν
719 3911 966 3980 εὐλογίᾳ
1024 3909 1253 3963 εὑθέων
1304 3901 1694 3974 ὑψωθήσεται
1740 3901 1935 3966 πόλις.

353 4010 466 4063 Καὶ
497 4009 605 4079 γὰρ
643 3997 703 4061 ἐν’
734 4005 830 4076 μὲν
871 4006 936 4074 τῇ
968 4001 1146 4071 ἀγαθῇ
1188 3997 1512 4068 διδασκαλίᾳ
1542 3995 1654 4050 τῶν
1683 3993 1940 4057 ἀπλανῶς

353 4102 716 4158 διδασκόντων
755 4100 846 4153 τὸν
891 4097 1048 4164 λόγον
1091 4096 1189 4162 τῆς
1220 4091 1505 4163 ἀληθείας,
1549 4089 1848 4160 ἀρθήσεται
1871 4089 1937 4158 τῇ

358 4195 564 4265 φυσικῇ
622 4195 680 4246 ἐν
733 4189 1004 4260 πνεύματι
1051 4185 1296 4256 θεωρίᾳ,
1359 4185 1438 4246 εἰς
1489 4181 1588 4252 τὴν
1642 4183 1941 4236 ἄπταιστον

358 4285 562 4356 γνῶσιν
609 4281 719 4338 τῶν
753 4281 859 4336 ὑπὸ
904 4279 1066 4350 φύσιν
1122 4278 1218 4332 καὶ
1257 4275 1466 4347 χρόνον,
1497 4273 1646 4343 ψυχὴ
1675 4273 1733 4324 ἐν
1824 4271 1940 4324 διά-

359 4394 516 4450 φοροι
547 4372 906 4446 περιπολοῦσι
932 4369 1206 4441 λογισμοί.

434 4491 633 4558 Στόμα
695 4487 762 4541 δὲ
830 4485 1066 4541 ἀσεϐῶν·
1127 4481 1685 4549 κατασκαφήσεται.
1753 4479 1842 4530 Ἐν
1883 4477 1940 4530 δὲ

361 4587 482 4646 ταῖς
509 4581 717 4650 ἀπατη)
731 4582 817 4644 αἶς
862 4579 1170 4648 ὑποθήκαις
1207 4574 1316 4628 τῶν
1379 4575 1454 4644 μὴ
1498 4571 1787 4644 τιμώντων
1814 4570 1946 4624 Θεὸν

361 4673 692 4744 πνευμάτων
714 4671 816 4741 τῆς
853 4668 1141 4740 πονηρίας,
1184 4667 1263 4730 εἰς
1293 4665 1612 4735 ἀλογίστους
1651 4661 1948 4732 ἐπιθυμίας

344 4765 852 4836 .κατενεχθήσεται.

443 4875 532 4948 ιβ’.
571 4871 923 4942 Μυκτηρίζει
966 4869 1218 4936 πολίτας
1259 4865 1478 4934 ἐνδεὴς
1519 4849 1775 4934 φρενῶνξ
1841 4861 1952 4913 Καὶ

361 4967 640 5032 διαπαίζει
671 4967 770 5038 μὲν
788 4963 1133 5032 κατακρίνων
1165 4960 1292 5022 τοὺς
1322 4960 1378 5010 ἐν
1401 4955 1479 5026 τῷ
1504 4953 1742 5025 παρόντι
1762 4952 1954 5022 κόσμῳ

367 5062 445 5131 μὴ
466 5059 641 5130 ὀρθῶς
662 5055 1112 5124 πολιτευομένους
1129 5048 1473 5119 ἀνθρώπους,
1499 5047 1528 5099 ὁ
1557 5047 1613 5098 ἐν
1633 5043 1712 5113 τῷ
1741 5041 1816 5112 μὴ
1835 5043 1954 5094 ἐπι-

365 5152 658 5222 γινώσκειν
675 5149 773 5221 τὴν
801 5147 1010 5201 οἰκείαν
1028 5144 1336 5207 ἀσθενείαν,
1366 5137 1588 5210 ἐλλιπὴς
1615 5135 1951 5206 φρονήσεως.

453 5243 626 5311 Ἀνὴρ
673 5243 742 5295 δὲ
779 5245 1068 5312 φρόνιμος
1112 5234 1383 5305 ἡσυχίαν
1421 5231 1572 5301 ἄγει.
1611 5231 1670 5282 Ὀ
1699 5227 1756 5281 δὲ
1791 5229 1848 5280 ἐν
1877 5225 1956 5295 τῷ

367 5337 574 5406 ταύτην
603 5331 988 5402 ἐπιγινώσκειν
1041 5329 1246 5392 τέλειος
1276 5328 1400 5390 ταῖς
1445 5323 1630 5393 φρεσὶ,
1671 5319 1956 5391 προσέχων

371 5428 571 5500 ἐαυτῷ,
609 5427 896 5500 σχολάζει·
953 5425 1088 5494 μόνα
1122 5423 1190 5476 τὰ
1227 5422 1402 5473 οἰκεῖα
1438 5413 1730 5486 σφάλματα
1771 5411 1957 5476 ἐξετά-

373 5523 480 5586 ζων
510 5521 602 5574 καὶ
629 5519 1032 5590 διορθούμενος.
1689 5545 1718 5576 ,

447 5621 533 5680 ιγ’.
581 5611 752 5678 Ἀνὴρ
797 5609 1143 5678 δίγλωσοόί⁸
1184 5602 1595 5659 ἀποκαλύπτει
1624 5593 1862 5660 ,βουλὰς
1891 5596 1946 5648 ἐν

377 5704 690 5772 συνεδρίῳ.
728 5701 837 5756 Καὶ
867 5699 1152 5770 ἄνθρωπος
1180 5697 1278 5766 μὲν
1309 5693 1444 5763 πρὸς
1473 5688 1691 5757 ἀπάτην
1725 5687 1954 5754 πολλῶν,

1958 3088 2004 3150 C

2003 495 2123 534 rum
2158 463 2478 534 suﬂercntia
2514 474 2850 532 mercedem.

2074 651 2338 706 Cloriatio
2384 659 2562 706 autem
2619 641 2898 716 impiorum
2923 648 3078 718 perit.
3111 645 3171 700 In
3209 658 3348 699 vana
3399 650 3580 699 autem

2003 744 2175 814 gloria
2206 750 2261 795 et
2296 740 2755 812 corruptibilibus
2790 719 3001 794 divitiis
3033 735 3346 806 arrogantia
3391 746 3582 786 eorum

2003 837 2096 907 qui
2129 835 2301 888 Deum
2327 850 2422 904 per
2449 835 2590 891 bona
2619 847 2788 902 opera
2844 844 2955 884 non
3003 827 3194 882 colunt
3239 826 3296 879 in
3353 823 3584 878 nihilum

2004 926 2551 996 redigitur;quippe
2607 939 2728 994 quae
2783 922 2950 978 citius
3001 917 3381 975 dissolvantur
3427 925 3479 968 et
3534 915 3586 966 in

2007 1019 2241 1074 nihilum
2269 1018 2620 1088 redigantur.

2085 1133 2250 1188 Vens.
2281 1132 2334 1188 8.
2376 1131 2567 1187 Justus
2595 1132 2660 1186 de
2710 1129 2978 1185 tendicula
3017 1116 3302 1198 egreditur.
3335 1123 3439 1190 Qui
3473 1121 3584 1176 diss

2009 1227 2208 1282 tribuit
2259 1225 2480 1296 quidem
2521 1241 2635 1280 suae
2690 1225 2888 1278 anima:
2934 1222 3164 1277 virtutes
3184 1227 3239 1274 et
3262 1217 3416 1272 carni
3447 1213 3593 1269 ειιίιὶι

2008 1321 2218 1376 cientes
2245 1319 2403 1374 cibos
2448 1327 2503 1372 et
2531 1317 2824 1380 velamina,
2857 1313 3161 1370 secundum
3195 1311 3416 1365 virtutis
3442 1307 3593 1362 defca

2010 1423 2162 1468 ctum
2199 1419 2293 1464 aut
2329 1425 2620 1465 excessum
2656 1418 2974 1464 nostrarum
3007 1405 3314 1460 animarum
3368 1407 3594 1455 νθηιιιοι

2012 1507 2089 1562 ris
2123 1507 2255 1560 retia
2283 1503 2494 1575 eﬂ‘ugit.

2084 1618 2195 1674 Pro
2229 1636 2288 1673 eo
2307 1625 2484 1672 autem
2517 1615 2752 1669 traditur
2775 1615 2991 1683 impius.
3023 1609 3130 1666 Pro
3145 1625 3210 1666 eo
3234 1622 3392 1680 quem
3420 1604 3598 1660 malus

1945 1746 1986 1799 Β
2016 1711 2309 1766 venatione
2346 1723 2548 1779 capere
2585 1716 2782 1771 tentat,
2813 1706 2868 1759 in
2901 1705 3047 1759 tlieta
3083 1703 3218 1758 retia
3253 1715 3348 1771 per
3371 1695 3598 1754 elei-tios

2016 1817 2139 1856 nem
2171 1800 2365 1856 incidit
2395 1799 2491 1870 qui
2510 1797 2678 1854 Deum
2713 1799 2846 1854 colit
2881 1813 2976 1867 per
3001 1797 3239 1852 activam
3283 1784 3600 1861 intelligam

2013 1897 2170 1949 tiam.
2697 1907 2701 1912 ·
3419 1889 3424 1900 “

2088 2008 2256 2064 Vsus.
2315 2008 2367 2064 9.
2438 2008 2501 2062 In
2563 2021 2652 2062 ore
2717 2007 3001 2076 impiorum
3057 1997 3324 2056 tendicula
3378 1995 3602 2052 civibus.

2018 2103 2234 2158 Etenim
2265 2102 2320 2156 in
2376 2098 2570 2156 doloso
2613 2116 2725 2154 non
2783 2097 3080 2154 colentium
3119 2094 3284 2149 Deum
3346 2089 3600 2151 consilio,

2017 2195 2110 2251 sed
2139 2193 2260 2264 ejus
2297 2192 2696 2264 providentiam
2737 2188 3189 2245 calumniantium
3246 2183 3465 2238 malitia:
3493 2181 3605 2250 δρία-

2019 2287 2250 2352 rituum,
2308 2283 2652 2339 inﬁdelitatis
2697 2291 2749 2338 et
2795 2271 3198 2351 desperationis
3249 2276 3480 2344 laqueus
3529 2271 3604 2326 iis

2020 2387 2244 2449 paratur
2279 2377 2371 2447 qui
2399 2391 2506 2430 nou
2534 2375 2590 2431 in
2617 2375 2782 2439 cmlo,
2815 2373 2911 2428 secl
2939 2372 2992 2426 in
3021 2379 3166 2426 terra
3198 2365 3394 2438 agendi
3418 2365 3604 2420 ratio-

2024 2483 2146 2524 nem
2176 2465 2464 2538 possident
2497 2484 2510 2522 :
2545 2465 2746 2537 quippe
2787 2462 2880 2534 qui
2937 2461 3032 2515 tali
3074 2473 3357 2531 poenarum
3415 2455 3610 2508 timore

2023 2575 2202 2632 neque
2225 2559 2466 2631 eﬂ‘ugere
2494 2573 2679 2630 neque
2726 2557 2794 2611 ad
2843 2567 3085 2624 superna
3134 2547 3358 2621 praemia
3416 2561 3607 2602 eorum

2023 2654 2301 2710 desiderio
2332 2650 2636 2709 secundum
2673 2649 2928 2704 virtutem
2953 2659 3178 2701 currere
3207 2641 3442 2714 possint.

2101 2855 2344 2913 Scientia
2383 2861 2564 2908 autem
2583 2850 2857 2921 justorum
2898 2848 3098 2918 pervia.
3151 2831 3394 2898 Scientia
3429 2845 3612 2893 autem

2029 2951 2278 3006 virorum
2340 2949 2547 3003 virtute
2592 2943 2948 3016 praeditorum
2988 2955 3098 2994 non
3143 2945 3325 3002 errat;
3353 2933 3612 3006 quoniam

2037 3043 2310 3100 actionem
2349 3040 2770 3096 fundamentum
2811 3030 3298 3104 contemplationis
3341 3035 3614 3089 statuunt.

2107 3154 2276 3210 Vens.
2312 3153 2397 3209 10.
2427 3151 2494 3206 In
2517 3151 2667 3206 bonis
2697 3149 2974 3220 justorum
3005 3143 3284 3198 constituit
3322 3140 3612 3195 civitatem.

2036 3247 2104 3301 Et
2135 3247 2298 3302 bonis
2343 3244 2564 3315 quidem
2600 3241 2861 3314 operibus
2911 3247 2966 3294 et
3013 3235 3369 3293 sermunibus
3425 3233 3618 3288 talium

2040 3339 2321 3393 hominum
2373 3351 2530 3391 suam
2582 3335 2814 3390 salutem
2877 3330 3059 3384 anima
3122 3326 3372 3398 perfecit,
3403 3316 3482 3379 in'
3513 3337 3621 3392 qua

2039 3435 2210 3488 multa
2251 3431 2605 3502 reperiuntur
2636 3425 2958 3481 ratiocinia.

2111 3541 2181 3596 Et
2203 3543 2255 3596 in
2287 3540 2580 3606 perditione
2607 3537 2892 3606 impiarum
2932 3533 3242 3589 exsultatio.
3281 3531 3362 3584 Ex
3399 3529 3620 3584 destru~

2042 3630 2223 3686 ctione
2279 3629 2422 3698 apud
2457 3628 2630 3699 ipsam
2673 3640 2782 3680 non
2825 3621 3120 3678 colentium
3157 3619 3324 3689 Deum
3354 3617 3622 3671 nullorum

2040 3719 2478 3783 ratiociniorum,
2509 3714 2732 3770 advenit
2766 3713 2846 3768 illi
2879 3710 3182 3784 spiritualis
3213 3709 3422 3764 laetitia.

2113 3913 2282 3971 Vens.
2318 3915 2408 3972 Η.
2443 3912 2510 3968 In
2545 3911 2902 3968 benedictione
2931 3917 3196 3964 rectorum
3238 3906 3473 3977 erigetur
3499 3880 3628 3956 cit-'1'.

2045 4021 2151 4066 tas.
2197 4010 2415 4064 Etenim
2453 4009 2508 4062 in
2533 4008 2678 4063 bona
2707 4003 2965 4060 doctrina
3015 4015 3204 4056 eorum
3257 3999 3353 4070 qui
3417 3998 3629 4066 absque

2045 4119 2238 4161 errore
2272 4101 2496 4158 verbum
2531 4098 2783 4155 veritatis
2815 4096 3038 4160 docent,
3090 4093 3336 4162 erigetur
3392 4089 3627 4144 naturali

2046 4195 2100 4248 in
2137 4192 2339 4262 spiritu
2392 4188 2862 4260 contemplatione
2897 4187 2951 4240 in
2984 4199 3239 4240 securam
3274 4186 3466 4238 eorum
3499 4196 3623 4250 qua:

2047 4283 2112 4338 ad
2145 4292 2401 4338 naturam
2431 4289 2482 4336 et
2516 4280 2584 4334 ad
2626 4289 2844 4348 tempus
2891 4276 3168 4347 pertinent
3211 4272 3626 4344 intelligentiam

2048 4379 2231 4432 anima
2273 4377 2328 4431 in
2362 4389 2471 4446 qua
2503 4373 2726 4428 diversa
2755 4380 3053 4425 versantur
3075 4367 3390 4421 ratiocinia.

2125 4491 2198 4548 03
2234 4498 2413 4544 autem
2438 4490 2721 4559 impiorum
2743 4485 3064 4539 destruetur.
3101 4479 3404 4536 lndolosis
3451 4487 3630 4530 autem

2051 4582 2306 4640 consiliis
2347 4595 2537 4636 eorum
2575 4579 2669 4648 qui
2737 4576 2904 4630 Deum
2969 4589 3078 4628 non
3141 4572 3334 4634 colunt
3415 4569 3634 4621 malitia:

2053 4675 2373 4744 spirituum,
2399 4669 2454 4723 in
2485 4666 2888 4722 irrationabilia
2918 4661 3188 4719 desideria
3224 4659 3517 4716 deferetur.

2127 4869 2294 4924 Vens.
2327 4867 2416 4924 ΙΞ.
2455 4867 2611 4922 Ridet
2657 4869 2790 4920 cives
2822 4867 2972 4934 iners
3004 4866 3216 4920 mentis.
3255 4863 3324 4919 Et
3355 4865 3496 4919 ridet
3515 4865 3636 4934 qui-

2057 4961 2180 5017 dem
2207 4962 2480 5014 damnans
2508 4973 2606 5013 eos
2641 4956 2731 5028 qui
2774 4957 3032 5026 praesenti
3067 4964 3310 5024 tempore
3345 4969 3454 5008 non
3493 4964 3641 5008 recte

2057 5059 2245 5122 agunt,
2273 5051 2364 5122 qui
2392 5057 2574 5106 mente
2603 5049 2810 5114 delicit,
2848 5049 2900 5100 in
2931 5062 2998 5102 eo
3029 5048 3176 5117 quod
3225 5046 3503 5116 propriam
3556 5045 3640 5098 in-

2059 5143 2374 5198 lirmitatem
2405 5155 2516 5195 non
2541 5139 2714 5193 novit.

2145 5223 2234 5288 Vir
2268 5239 2445 5286 autem
2479 5239 2724 5284 sensatus
2750 5243 2932 5297 pacem
2971 5228 3104 5298 agit.
3158 5226 3262 5292 Qui
3301 5233 3483 5282 autem
3519 5241 3639 5282 eam

2062 5343 2296 5384 noscens
2357 5323 2636 5398 perfectus
2687 5333 2871 5378 mente
2921 5331 3028 5389 est,
3055 5322 3160 5376 sibi
3213 5320 3318 5390 ipsi
3352 5321 3644 5391 invigilans

2063 5420 2334 5488 quiescit;
2366 5433 2496 5473 suos
2533 5416 2788 5486 proprios
2815 5417 3004 5486 lapsus
3059 5413 3412 5470 solummodo
3441 5428 3644 5468 curans

2063 5520 2116 5564 et
2157 5511 2468 5580 corrigens.

2133 5600 2298 5653 Vens.
2336 5601 2420 5653 i5.
2473 5599 2564 5652 Vir
2589 5600 2784 5668 dule
2815 5599 2996 5669 lingua
3029 5599 3220 5653 revelat
3247 5597 3557 5650 sententiam
3591 5591 3643 5646 ῖιι

2063 5693 2308 5746 consilio.
2351 5693 2416 5746 Et
2451 5694 2614 5746 homo
2647 5691 2867 5762 quidem
2908 5691 2975 5746 ad
3024 5690 3322 5747 multorum
3370 5687 3644 5754 decepto.
