3958 6390
363 375 500 441 1333

1419 372 1957 434 COMMENTARII
1995 373 2076 433 IN
2109 373 2563 434 PROVEBBIA.

3481 353 3618 424 1334
3661 376 3665 383 ·

351 495 412 550 δὲ
445 491 744 548 σπεύδοντα
776 489 1128 552 κακοποιεῖν,
1161 487 1447 560 καταλάϐῃ
1476 487 1702 550 δικαίως
1734 485 1795 540 τὸ
1832 487 1940 540 πά-

2093 501 2180 540 um
2211 486 2305 556 qui
2346 485 2486 539 male
2523 497 2686 553 agere
2742 479 2992 544 festinat,
3049 477 3200 548 juste
3252 471 3619 541 comprehen-

357 605 508 658 σχειν
552 585 760 649 κακῶς,
787 586 900 638 εἴτε
947 581 1087 638 κατὰ
1129 581 1190 635 τὸ
1233 581 1409 652 παρὸν
1459 581 1598 653 πρὸς
1627 578 1936 652 διόρθωσιν,

355 680 472 734 εἴτε
508 677 650 733 κατὰ.
679 675 738 730 τδ
775 675 967 744 μέλλον
997 675 1132 745 πρὸς
1165 672 1457 744 τιμωρίαν.

433 770 540 842 κη’.
575 773 638 824 '0
669 767 962 834 πεποιθὼς
995 765 1095 820 ἐπὶ
1119 765 1359 829 πλούτῳ
1381 763 1590 828 αὐτοῦ,
1620 757 1799 828 οὗτος
1837 775 1942 815 πε-

358 864 574 920 σεῖται.
615 861 724 914 Καὶ
753 859 781 911 ὁ
817 859 912 928 μὲν
938 855 1158 928 θαρρῶν
1190 858 1282 908 ἐπὶ
1316 855 1463 918 ἰδίοις
1497 855 1606 906 εἴτε
1641 856 1941 924 χρήμασιν,

361 956 476 1008 εἴτε
505 950 914 1022 κατορθώμασι,
946 948 1039 1002 καὶ
1090 946 1164 1018 μὴ
1195 945 1288 999 ἐπὶ
1331 944 1408 1016 τῷ
1441 945 1579 1016 Θεῷ,
1634 947 1662 997 ὁ
1703 944 1944 1007 τοιοῦτος

362 1043 823 1114 κατενεχθήσεται
869 1041 932 1092 ἐκ
981 1037 1128 1102 Θείας
1173 1036 1637 1106 ἐγκαταλείψεως,
1679 1037 1788 1088 εἴτε
1839 1033 1946 1088 τῶν

364 1133 664 1204 χρημάτων
693 1128 1086 1205 διαρρυέντων,
1120 1127 1228 1180 εἴτε
1255 1127 1442 1180 τούτου
1478 1124 1772 1194 σφαλέντος
1806 1124 1946 1178 κατὰ

365 1225 524 1292 λόγον
552 1222 584 1294 ἢ
612 1221 827 1292 πρᾶξιν.

453 1317 516 1366 '0
543 1313 612 1366 δὲ
635 1311 1220 1381 ἀντιλαμϐανόμενος
1244 1309 1507 1374 δικαίων,
1531 1304 1710 1375 οὗτος
1743 1309 1954 1363 ἀνατε-

366 1405 486 1462 λεῖ.
524 1404 581 1457 ὐ
610 1405 667 1458 δὲ
691 1401 1133 1472 ἀντιποιούμενος
1158 1401 1278 1455 καθ’
1299 1400 1413 1465 ἕξιν
1440 1418 1498 1452 τε
1525 1401 1618 1454 καὶ
1648 1400 1950 1470 ἐνέργειαν,

368 1494 483 1548 τῶν
515 1491 940 1564 ἁποτρεπουσῶν
993 1493 1090 1561 μὲν
1138 1489 1233 1543 τοῦ
1283 1489 1488 1554 κακοῦ,
1527 1487 1953 1560 προτρεπουσῶν

369 1588 431 1640 δὲ
475 1586 554 1650 είς
596 1585 658 1638 τὸ
685 1584 893 1653 ἀγαθὸν
924 1583 1082 1636 θείων
1113 1582 1341 1635 ἐντολῶν
1363 1621 1376 1646 ,
1411 1581 1505 1635 καὶ
1526 1579 1601 1642 ὡς
1624 1579 1724 1649 τὴν
1749 1579 1954 1632 οἰκείαν

369 1677 758 1746 ἐπιγινώσκων
805 1675 1092 1729 ἀσθένειαν
1113 1714 1128 1739 ,
1157 1676 1236 1738 εἰς
1271 1674 1433 1744 μόνον
1468 1670 1704 1735 ἐλπίζων
1738 1669 1893 1732 Θεὸν,
1927 1671 1955 1722 ὁ

369 1770 616 1836 τοιοῦτος
651 1767 913 1840 διαφανὴς
950 1767 1243 1836 γενήσεται
1283 1763 1403 1819 κατ’
1457 1763 1656 1834 ἀρετὴν
1689 1764 1781 1817 καὶ⁴
1818 1762 1956 1831 λαμ-

370 1861 540 1932 πρός.

451 1953 553 2006 κθ’.
593 1953 657 2006 '0
685 1951 770 2022 μὴ
803 1951 1398 2022 συμπεριφερόμενος
1443 1946 1524 2013 τῷ
1565 1945 1782 2000 ἑαυτοῦ
1812 1945 1960 2010 οἴκῳ

366 2043 828 2112 κληρονομήσει
858 2041 1138 2112 ἀνέμους.
1181 2040 1294 2094 Καὶ
1327 2042 1355 2094 ὁ
1390 2039 1465 2111 μὴ
1495 2039 1614 2101 ταῖς
1656 2036 1962 2099 ἀσθενείαις

369 2135 488 2189 τῶν
533 2136 592 2188 ἐν
636 2134 716 2205 τῷ
749 2134 863 2205 ἰδίῳ
893 2133 1029 2206 οἴκῳ
1061 2133 1488 2202 συγγνωμονῶν,
1535 2131 1628 2184 καὶ
1680 2126 1963 2199 βαστάζων

369 2225 586 2290 ταύτας
632 2225 708 2291 ὡς
751 2225 1000 2289 δυνατὸν,
1031 2227 1091 2278 τὸ
1118 2226 1352 2281 ἄστατον
1375 2224 1474 2292 τῆς
1505 2221 1712 2274 τούτων
1740 2219 1964 2290 γνώμης

372 2319 672 2390 κερδήσει,
714 2320 810 2372 καὶ
864 2319 986 2390 οὐχὶ
1033 2317 1256 2389 τούτους
1305 2317 1385 2378 εἰς
1437 2314 1498 2368 τὸ
1537 2311 1832 2376 ὑπακούειν
1870 2312 1968 2364 αὺ-

372 2409 499 2464 τοῦ.

458 2502 784 2557 Δουλεύσει
837 2500 908 2556 δὲ
953 2501 1159 2573 ἄφρων
1210 2501 1496 2572 φρονίμῳ.
1516 2500 1880 2570 Ὑπηρετήσει
1912 2497 1970 2551 δὲ

377 2591 466 2658 τῷ
491 2593 745 2664 ἐχέφρονι
775 2597 801 2648 ὁ
835 2595 908 2665 μὴ
937 2595 1185 2666 ἐχέφρων
1206 2634 1221 2658 ,
1254 2591 1644 2664 μετερχομὲνῳ
1663 2591 1850 2645 τοῦτον
1878 2588 1968 2642 εὑ-

333 2701 344 2708 ε
383 2681 565 2752 φυῶς,
590 2684 684 2735 καὶ
715 2683 900 2752 ἄγοντι
933 2685 1011 2746 είς
1044 2683 1104 2736 τὸ
1139 2683 1276 2754 πρὸς
1305 2682 1365 2736 τὸ
1391 2681 1571 2751 ἐαυτῷ
1601 2679 1880 2750 βουλητόν.

462 2773 528 2829 λ’.
585 2775 683 2828 Ἐκ
731 2774 964 2844 καρποῦ
1015 2774 1408 2842 δικαιοσύνης
1462 2775 1672 2844 φύεται
1719 2771 1974 2840 δένδρον

385 2861 556 2930 ζωῆς.
602 2865 711 2917 Καὶ
755 2863 816 2928 ἐξ
859 2865 1060 2934 ἀρετῆς
1106 2865 1203 2934 μὲν
1229 2864 1648 2934 καρπευομένης
1693 2861 1843 2932 παρὰ
1877 2864 1974 2932 τῆς

387 2956 530 3010 κατὰ
565 2957 769 3026 νόμους.
803 2957 950 3021 θείας
986 2955 1280 3020 πολιτείας,
1316 2955 1602 3026 βλαστάνει
1633 2955 1690 3007 ἐν
1719 2955 1786 3024 τῇ
1825 2953 1973 3024 ψυχῇ

388 3051 420 3102 ὁ
468 3031 674 3120 ταύτην
723 3049 1008 3122 συν-τηρῶν
1054 3049 1212 3118 λόγος
1259 3048 1360 3118 τῆς
1386 3047 1728 3118 διακρίσεως,
1763 3045 1883 3098 καθ’
1917 3045 1976 3098 ὃν

390 3141 720 3210 φυλάττεται
752 3144 860 3198 άπὸ
891 3144 984 3198 τοῦ
1020 3144 1141 3198 καθ’
1163 3142 1440 3214 ἁμαρτίαν
1471 3141 1705 3196 θανάτου
1725 3156 1738 3169 ·
1769 3139 1845 3203 ὡς
1877 3137 1978 3208 μὲν

391 3234 578 3288 καλῶν
631 3236 739 3288 τῶν
791 3236 1034 3306 μονίμων
1069 3211 1429 3306 ἀντεχομένη,
1461 3232 1536 3303 ὡς
1583 3232 1640 3286 δὲ
1676 3229 1847 3285 κακοῦ
1878 3233 1977 3302 τῆς
2001 3211 2046 3273 C

390 3329 521 3396 περὶ
559 3327 627 3381 τὰ
665 3329 980 3398 πρόσκαιρα.
1019 3327 1264 3398 σχέσεώς
1303 3324 1644 3395 ἀπεχομένη.

476 3419 883 3486 Ἀφαιροῦντιιι
951 3419 1020 3470 δὲ
1087 3417 1267 3484 ἄωροι
1337 3416 1533 3485 ψυχαὶ
1597 3416 1976 3484 παρανόμων.

403 3505 850 3577 Ἀφαρπάζονται
879 3507 935 3561 δὲ
961 3507 1060 3576 τῆς
1085 3506 1424 3576 προσκαίρου
1451 3504 1598 3572 ζωῆς
1628 3503 1733 3572 πρὸ
1759 3501 1977 3572 καιροῦ,

388 3595 563 3667 ψυχαὶ
591 3597 699 3651 τῶν
735 3599 810 3668 μὴ
837 3597 1151 3669 τηρούντων
1181 3596 1278 3660 τὰς
1309 3597 1400 3650 τοῦ
1435 3582 1570 3650 Θεοῧ
1599 3595 1841 3660 ἐντολὰς,
1873 3596 1980 3649 τῶν

392 3689 617 3760 ἡμερῶν
666 3694 764 3761 τῆς
810 3691 1012 3748 κακίας
1057 3690 1238 3744 αὐτῶν
1284 3690 1714 3762 κολοϐουμένων,
1744 3693 1830 3746 διὰ
1855 3693 1978 3755 τοὺς

391 3779 704 3841 ἐκλεκτούς.

467 3870 568 3924 λα’.
615 3873 682 3924 El
709 3875 742 3924 ὁ
766 3872 884 3940 μὲν
911 3872 1140 3937 δίκαιος
1164 3874 1340 3941 μόλις
1367 3871 1610 3942 σώζεται
1637 3914 1651 3938 ,
1682 3877 1715 3927 ό
1754 3874 1982 3940 ἀσεϐὴς

393 3965 494 4018 καὶ
521 3965 868 4034 ἁμαρτωλὸς
897 3967 1016 4020 ποῦ
1053 3967 1364 4037 φανεῖταις
1405 3968 1466 4019 Εἰ
1496 3967 1606 4038 γὰρ
1640 3969 1734 4020 καὶ
1767 3968 1928 4031 αὐτὸς
1957 3969 1984 4019 ὁ

393 4059 492 4121 τὰς
522 4057 669 4122 θείας
702 4058 888 4128 τηρῶν
915 4059 1134 4121 ἐντολὰς
1160 4059 1247 4112 διὰ
1273 4059 1488 4111 πολλῶν
1525 4059 1758 4121 σώζεται
1811 4059 1985 4128 μαθη-

398 4152 604 4220 μάτων,
631 4151 740 4204 τῶν
774 4151 874 4218 μὲν
907 4151 1028 4204 καθ’
1049 4149 1244 4221 ἡδονὴν
1276 4151 1542 4204 ἑκουσίων
1576 4152 1760 4204 παθῶν
1792 4154 1986 4222 ἐγκρα-

393 4243 712 4312 τευόμενος,
743 4243 868 4304 τοὺς
901 4242 957 4294 δὲ
997 4241 1118 4294 κατ’
1145 4240 1341 4309 ὀδύνην
1375 4243 1720 4312 πειρασμοὺς
1769 4241 1989 4312 εὐχαρί-

399 4349 540 4396 στως
583 4332 870 4402 ὑπομένων
893 4347 908 4362 °
946 4350 964 4382 ι
991 4332 1072 4385 ὅτι
1113 4330 1307 4402 βιαστή
1341 4334 1488 4386 ἐστιν
1528 4335 1562 4402 ἠ
1608 4331 1854 4402 βασιλεία
1879 4333 1987 4386 τῶν

395 4424 662 4494 οὐρανῶν,
693 4426 784 4477 καὶ
812 4423 1035 4493 βιασταὶ
1057 4423 1398 4494 ἁρπάζουσιν
1446 4424 1614 4494 αὐτὴν
1635 4441 1646 4452 ·
1682 4443 1699 4474 ι
1731 4427 1758 4477 ὁ
1796 4427 1870 4493 μὴ
1912 4425 1988 4477 δι’

395 4515 573 4584 ἔργων
602 4514 950 4582 δικαιοσύνης
971 4512 1149 4584 τιμῶν
1170 4513 1260 4564 τὸν
1284 4513 1438 4576 Θεὸν,
1467 4513 1560 4566 καὶ
1591 4514 1969 4584 ἀποτυγχάνω

2096 4521 2348 4586 honorat,
2384 4531 2437 4574 et
2475 4537 2541 4576 eo
2579 4522 2887 4576 voluntarie
2920 4522 3188 4590 privatur,
3227 4528 3319 4574 aut
3343 4518 3679 4574 nullommlo
3779 4505 3788 4513 ’

395 4604 587 4656 τούτου
619 4603 760 4656 κατὰ
786 4603 1048 4668 διάθεσιν,
1080 4603 1112 4674 ἢ
1143 4603 1396 4673 οὐδαμῶς
1418 4603 1795 4675 εὑρεθήσεται,
1823 4623 1990 4658 κατα-

398 4696 610 4765 κριθεὶς
639 4697 739 4774 τὴν
765 4696 869 4749 ἀπὸ
897 4695 990 4749 τοῦ
1013 4696 1152 4748 Θεοῦ
1177 4695 1272 4749 τοῦ
1299 4697 1576 4768 πανταχοῦ
1608 4698 1872 4770 παρόντος
1895 4699 1989 4752 καὶ

397 4788 466 4838 τὰ
492 4787 668 4840 πάντα
695 4787 1050 4858 πληροῦντος,
1079 4785 1351 4841 ἔκπτωσιν
1372 4804 1384 4817 ·
1417 4786 1492 4851 ὡς
1543 4789 1806 4860 μηδαμῶς
1849 4792 1992 4844 κατὰ

397 4878 458 4932 τὸ
489 4873 548 4931 εὖ
594 4874 733 4932 εἶναι
763 4877 1050 4932 ἀπολαύων
1079 4877 1266 4954 αὑτοῦ,
1304 4878 1446 4948 ἦπου
1495 4881 1552 4932 ὲν
1592 4881 1738 4950 μόνῳ
1772 4882 1990 4946 πάντως

396 4969 476 5037 τῷ
505 4963 643 5022 εἶναι
665 4986 676 4998 ·
722 4969 798 5032 ὡς
842 4973 986 5022 κατὰ
1017 4967 1177 5022 τοῦτο
1213 4970 1373 5039 μόνον
1407 4969 1652 5039 μετέχων
1684 4970 1870 5034 αὑτοῦ,
1903 4971 1991 5024 διὰ

397 5063 459 5112 τὸ
490 5061 925 5126 ἀνταλλάξασθαι
952 5064 1092 5117 κατὰ
1117 5063 1364 5132 γνώμην,
1394 5060 1488 5113 τοῦ
1521 5057 1582 5114 εὖ
1616 5057 1756 5114 εἶναι
1786 5062 1892 5127 ἀεὶ,
1927 5063 1986 5115 τὸ

400 5151 503 5220 φεῦ
543 5149 682 5206 εἶναι
721 5153 828 5208 ἀεί.

995 5315 1250 5368 ΚΕΦΑΛ.
1293 5315 1394 5368 lB'.

472 5435 538 5483 α’.
581 5429 643 5482 '0
677 5428 926 5498 ἀγαπῶν
953 5404 1248 5494 παιδείαν,
1281 5425 1482 5499 ἀγαπᾷ
1525 5427 1837 5494 αἴσθησιν.
1879 5431 1990 5482 Καὶ

399 5525 509 5594 γὰρ
545 5524 572 5575 ὁ
605 5522 744 5592 ἐρῶν
775 5522 874 5592 τῆς
921 5521 1058 5592 πρὸς
1107 5521 1384 5592 σωτηρίαν
1423 5519 1488 5574 δι’
1518 5521 1848 5590 ἐγκρατείας
1896 5522 1991 5575 καὶ

403 5615 681 5686 ὑπομονῆς
709 5615 968 5668 ἐπιπόνου
995 5617 1061 5688 τῇ
1094 5615 1237 5687 ψυχῇ
1269 5613 1513 5684 ἀγωγῆς,
1539 5614 1638 5684 ἐρᾷ
1667 5613 1993 5686 διακρίσεως

480 5791 495 5825 ⁸
531 5791 719 5847 Matth.
757 5810 831 5850 xu.
868 5795 952 5848 ~12.

2041 577 2172 632 dent
2204 591 2401 646 poenae,
2439 576 2554 632 sive
2597 573 2854 644 praesenti
2889 580 3136 640 tempore
3195 566 3259 645 ad
3320 563 3622 618 correctio-

2043 685 2194 732 nem,
2223 669 2341 723 sive
2382 669 2571 722 futuro
2605 665 2673 720 ad
2713 664 3000 719 ultionem.

2116 753 2282 815 Vsus.
2315 760 2405 814 28.
2438 759 2544 826 Qui
2563 757 2779 828 confidit
2819 757 2871 810 in
2921 753 3117 808 divitiis
3142 752 3277 814 suis,
3311 749 3402 803 ille
3454 747 3622 800 cadet.

2047 850 2112 904 Et
2147 853 2238 921 qui
2277 850 2504 906 confidit
2558 850 2778 920 quidem
2825 849 2878 901 in
2943 843 3180 916 propriis
3243 841 3360 896 sive
3398 840 3622 894 diVili:S.

2048 937 2164 994 sive
2197 939 2571 1002 successibus,
2595 943 2651 992 et
2681 951 2790 990 non
2825 935 2878 988 in
2902 932 3032 999 Deo,
3059 929 3375 1002 liujusmodi
3416 925 3628 980 labetur

2048 1045 2077 1081 a
2128 1028 2236 1084 Deo
2279 1029 2594 1091 derelictus.
2660 1029 2776 1082 sive
2820 1027 3028 1082 divitiis
3078 1022 3460 1084 eﬂluentibus,
3515 1019 3629 1075 sive

2050 1123 2176 1192 quia
2199 1121 2502 1178 secundum
2539 1122 2764 1178 verbum
2797 1129 2890 1174 aut
2913 1121 3184 1175 actionem
3217 1116 3445 1174 errabit.

2125 1305 2228 1372 Qui
2259 1313 2438 1358 autem
2493 1305 2778 1372 susceperit
2827 1303 3001 1372 justa,
3033 1303 3115 1356 hic
3143 1301 3368 1356 orietur.
3401 1296 3503 1364 Qui
3533 1310 3633 1350 au-

2055 1405 2162 1452 tem
2211 1396 2516 1466 impleverit
2563 1395 2864 1450 secundum
2924 1393 3170 1448 habitum
3225 1401 3282 1448 et
3335 1389 3634 1447 eﬂicaciam

2055 1487 2240 1544 divina
2297 1487 2556 1542 mandata
2627 1502 2749 1557 quae
2809 1501 2838 1540 a
2889 1486 3032 1540 malo
3077 1491 3355 1546 avertunt,
3423 1481 3491 1535 ad
3540 1481 3638 1536 bo-

2057 1596 2188 1634 num
2241 1589 2422 1633 autem
2476 1586 2830 1641 convertunt,
2875 1587 2930 1632 et
2977 1584 3169 1646 utpote
3223 1575 3314 1645 qui
3357 1571 3637 1642 propriam

2059 1670 2211 1724 novit
2242 1669 2620 1724 infirmitatem
2649 1669 2706 1723 in
2738 1668 2915 1724 solum
2944 1666 3115 1721 Deum
3159 1679 3412 1736 sperans,
3443 1661 3640 1728 hujus-

2061 1761 2204 1816 modi
2225 1760 2314 1816 fiet
2331 1761 2632 1818 secundum
2657 1761 2916 1815 virtutem
2937 1757 3309 1814 lranslucidus
3329 1758 3383 1812 e't
3403 1754 3640 1825 fulgens.

2130 1957 2298 2015 Vsus.
2328 1958 2416 2014 9.9.
2469 1958 2575 2025 Qui
2606 1975 2712 2013 non
2737 1957 2978 2028 invigilat
3004 1973 3118 2012 sua:
3149 1954 3334 2010 domui
3361 1952 3648 2008 hwredita-

2061 2055 2135 2106 bit
2170 2062 2374 2106 ventos.
2421 2051 2485 2106 Et
2525 2052 2619 2118 qui
2671 2067 2779 2105 non
2817 2045 3068 2120 indulget
3123 2047 3428 2104 infirmitati
3457 2058 3644 2102 eorum

2062 2145 2154 2213 qui
2188 2144 2242 2197 in
2276 2143 2496 2213 propria
2527 2143 2692 2199 domo
2735 2148 2884 2208 sunt,
2913 2157 3015 2198 nec
3043 2155 3163 2197 eam
3191 2139 3427 2195 sustinet
3479 2150 3656 2206 quan-

2065 2247 2176 2290 tum
2213 2237 2473 2306 possibile
2491 2245 2595 2301 est,
2625 2234 2939 2292 instabilem
2973 2249 3168 2290 eorum
3204 2231 3532 2290 sententiam
3561 2227 3667 2282 lu-.

2065 2327 2330 2392 crabitur,
2367 2343 2545 2398 neque
2571 2343 2668 2385 eos
2698 2328 2766 2383 ad
2812 2327 3177 2384 obediendum
3231 2325 3338 2398 ipsi
3388 2321 3644 2379 adducet.

2141 2503 2342 2559 Serviat
2371 2515 2548 2560 autem
2581 2505 2778 2560 stultus
2801 2504 3052 2575 sapienti.
3091 2483 3424 2557 Ministrabit
3462 2502 3648 2552 autem

2069 2595 2325 2664 prudenti
2373 2597 2718 2668 imprudens,
2757 2597 2954 2652 leniter
2998 2597 3150 2650 illum
3195 2591 3438 2657 adeunti,
3473 2597 3528 2645 et
3585 2585 3653 2640 ad

2071 2702 2224 2741 suam
2255 2688 2588 2745 voluntatem
2617 2690 2932 2745 adducenti.

2145 2778 2312 2836 Vens.
2351 2782 2441 2838 50.
2473 2781 2551 2837 De
2581 2781 2761 2852 fructu
2795 2781 3024 2852 justitim
3056 2779 3296 2834 nascitur
3321 2774 3481 2830 arbor
3512 2774 3652 2828 vitta.

2077 2870 2140 2926 Et
2163 2872 2230 2927 de
2249 2873 2450 2930 virtute
2479 2874 2699 2944 quidem
2732 2874 2960 2929 collecta
2993 2890 3059 2930 ex
3095 2872 3279 2928 divina
3307 2883 3428 2942 qum
3459 2878 3658 2924 secun-

2075 2965 2206 3020 dum
2230 2966 2376 3036 leges
2410 2976 2496 3022 est
2517 2967 2936 3037 gubernatione,
2964 2963 3304 3036 germinatin
3336 2961 3516 3016 anima
3563 2957 3658 3027 qui

2077 3077 2196 3117 eam
2230 3072 2522 3120 conservat
2549 3078 2733 3122 sermo
2760 3061 3138 3124 discretionis,
3166 3074 3262 3130 per
3283 3071 3442 3128 quem
3472 3061 3662 3110 custo-

2079 3153 2227 3208 ditur
2269 3171 2298 3208 a
2349 3157 2556 3227 peccati
2594 3163 2795 3219 morte,
2833 3169 2901 3210 eo
2933 3151 3081 3223 quod
3107 3151 3234 3206 hinc
3268 3147 3488 3221 quidem
3517 3147 3661 3200 bona

2083 3249 2356 3302 manentia
2413 3248 2633 3314 retinet,
2695 3247 2823 3302 inde
2869 3262 2998 3304 vero
3046 3247 3188 3300 mala
3229 3243 3295 3298 ad
3341 3240 3662 3311 temporalia

2080 3337 2444 3408 dispositione
2475 3355 2536 3395 se
2567 3341 2837 3396 continet.

2151 3426 2488 3494 Auferuntur
2541 3439 2718 3481 autem
2781 3427 3162 3493 intempestiva:
3213 3425 3407 3479 anima:
3459 3423 3666 3493 iniquo-

2083 3531 2221 3568 rum.
2259 3515 2628 3584 Ahripiuntur
2685 3530 2712 3568 a
2761 3517 3047 3585 temporali
3091 3516 3200 3568 vita
3253 3522 3378 3568 ante
3432 3522 3664 3582 tempus,

2083 3608 2283 3662 animae
2313 3623 2504 3662 eorum
2535 3608 2626 3678 qui
2656 3623 2765 3663 non
2799 3617 3025 3663 servant
3058 3608 3149 3662 Dei
3177 3605 3668 3668 mandatmdiebus

2086 3700 2305 3754 malitia:
2339 3715 2528 3755 eorum
2567 3700 2924 3765 abbreviatis,
2957 3709 3181 3772 propter
3211 3701 3434 3754 electos.

2158 3875 2324 3931 Vsus.
2356 3877 2444 3931 δί.
2479 3875 2538 3930 Si
2555 3877 2735 3946 justus
2763 3875 2973 3946 quidem
3006 3877 3091 3930 vix
3117 3874 3377 3940 salvetur,
3407 3872 3598 3939 impius
3622 3882 3670 3922 et

2086 3979 2331 4028 peccator
2391 3970 2481 4024 ubi
2510 3969 2821 4033 parebunt?
2855 3969 2913 4024 Si
2945 3969 3089 4024 enim
3123 3979 3176 4024 et
3210 3968 3326 4036 ipse
3359 3966 3452 4036 qui
3485 3967 3670 4020 divina

2090 4071 2274 4116 servat
2307 4062 2589 4126 mandata,
2648 4076 2745 4131 per
2788 4061 2990 4118 multas
3035 4061 3282 4114 salvatur
3325 4058 3670 4126 disciplinas.

2087 4152 2454 4220 jucundarum
2481 4153 2783 4222 voluptatis
2821 4153 3144 4223 passionum
3185 4165 3415 4222 compos
3471 4149 3673 4212 factus,

2090 4244 2297 4300 doloris
2360 4261 2491 4300 vero
2529 4247 2916 4314 probationum
2975 4247 3212 4300 libenter
3261 4246 3493 4314 patiens,
3545 4243 3671 4313 quia

2097 4357 2114 4388 ι
2164 4353 2390 4406 regnum
2437 4339 2704 4393 caelorum
2763 4341 2871 4393 vim
2931 4339 3157 4409 patitur,
3205 4347 3260 4392 et
3311 4337 3536 4392 violenti
3585 4352 3673 4388 ra-

2091 4416 2251 4498 piunt
2286 4429 2417 4484 illud
2444 4430 2498 4495 ¹;
2551 4450 2568 4481 ι
2633 4431 2856 4500 quinon
2897 4447 2995 4501 per
3037 4445 3206 4500 opera
3238 4429 3467 4499 iustitiae
3506 4427 3675 4481 Deum

2097 4613 2426 4676 invenietur,
2479 4628 2602 4668 cum
2666 4613 2962 4679 damnatus
3021 4613 3093 4666 sit
3129 4611 3196 4665 ad
3229 4609 3600 4665 exclusionem
3649 4627 3676 4662 a

2100 4705 2207 4759 Deo
2237 4705 2329 4775 qui
2357 4705 2557 4774 ubique
2579 4703 2734 4759 adest
2779 4714 2833 4758 et
2876 4703 3058 4758 omnia
3097 4703 3306 4772 implet,
3335 4703 3409 4757 ita
3446 4710 3505 4755 ut
3526 4703 3678 4756 nullo

2097 4799 2261 4853 modo
2295 4796 2362 4851 ad
2393 4797 2786 4850 beatitudinem
2812 4812 2966 4849 suam
3001 4810 3067 4850 eo
3096 4794 3352 4859 fruatur;
3385 4802 3479 4847 aut
3511 4811 3676 4847 unum

2097 4892 2324 4946 omnino
2358 4905 2481 4945 esse
2515 4890 2848 4952 invenietur,
2887 4889 2961 4942 ita
2999 4896 3058 4940 ut
3087 4888 3140 4940 in
3175 4888 3278 4941 hoc
3309 4894 3520 4939 tantum
3549 4901 3676 4954 pur—

2097 4985 2266 5054 ticeps
2293 4985 2364 5037 sit
2395 4983 2516 5053 ejus
2559 4981 2718 5052 (Dei),
2745 4998 2809 5037 eo
2839 4983 2984 5052 quod
3007 4992 3201 5049 sponte
3231 4978 3675 5036 commutaverit.

2098 5090 2196 5144 pro
2223 5075 2360 5130 bene
2381 5089 2502 5129 esse
2531 5089 2770 5143 semper,
2811 5074 2948 5126 male
2978 5087 3195 5139 semper
3219 5086 3359 5126 esse.

2681 5177 2706 5214 I

2741 5319 2894 5374 CAP.
2933 5318 3046 5404 Xll.

2171 5434 2336 5489 Vens.
2375 5434 2422 5490 1.
2457 5435 2566 5501 Qui
2616 5433 2794 5505 diligit
2835 5433 3198 5502 dissiplinam,
3232 5431 3404 5502 diligit
3449 5449 3680 5486 scnsmn.

2103 5521 2313 5590 Etenim
2344 5524 2438 5594 qui
2501 5531 2646 5577 amat
2678 5523 2743 5576 ad
2788 5523 3019 5577 salutem
3077 5538 3169 5592 per
3227 5523 3577 5576 sobrietatem
3629 5531 3682 5575 et

2104 5615 2424 5685 patientiam
2464 5615 2657 5669 anima:
2702 5615 2945 5670 ditiicili-s
2995 5613 3191 5668 adduci
3243 5621 3410 5680 amat,
3468 5613 3683 5668 discre-
