3958 6404
207 465 362 528 1341

1268 463 1420 523 COM
1432 463 1686 524 MENTA
1701 463 1811 522 RII
1851 462 1930 523 IN
1973 465 2429 528 Pl‘tOVERBIA.

3384 461 3523 526 1342

203 574 546 646 πτώμασιν,
580 575 702 629 ἐπεὶ
727 573 850 646 μηδ’
887 573 1048 638 αὐτὸς
1089 575 1155 629 τὰ
1192 574 1300 630 τῶν
1336 575 1512 630 ἄλλων
1564 577 1817 647 ἔκρινεν·

1968 591 2153 635 cacata
2197 601 2305 638 non
2367 583 2721 654 judicaverit,
2774 581 2871 638 sed
2931 595 3126 637 omnes
3177 579 3430 636 homines
3457 596 3524 635 ex

203 665 367 718 ἀλλὰ
426 665 636 728 πάντας
675 664 1000 735 ἀνθρώπους
1045 663 1104 728 ὲξ
1146 665 1264 717 [σου
1310 665 1586 736 ἠγάπησε,
1613 663 1700 718 διὰ
1726 664 1816 716 τὸν

203 757 318 811 ἕνα
351 757 519 826 λόγον
547 756 647 827 τῆς
676 755 854 810 αὑτῶν
889 755 1126 825 φύσεως.

301 868 376 921 '0
407 868 476 922 δὲ
509 853 832 922 συναντῶν
863 867 933 921 ἐν
983 869 1225 934 πύλαις,
1271 869 1548 936 ἑκθλίψει
1589 867 1818 936 ψυχάς.

219 959 289 1014 Ὅ
315 959 383 1014 δὲ
417 961 538 1024 ταῖς
563 960 672 1014 τῶν
705 959 939 1022 πολλῶν,
973 959 1113 1012 κατὰ
1141 960 1202 1011 τὸ
1244 959 1596 1029 φαινόμενον,
1639 958 1823 1013 ἀνισό-

203 1069 354 1124 τησι
389 1055 514 1108 κατ’
569 1052 824 1122 αἴσθησιν
860 1051 1132 1116 ὑπαντῶν,
1175 1053 1234 1105 ἐν
1269 1055 1380 1115 τοῖς
1416 1053 1578 1122 δίκην
1635 1051 1823 1106 πυλῶν

207 1144 546 1213 πεφυκόσιν
575 1145 820 1210 εἰσάγειν
851 1144 988 1213 πρὸς
1013 1143 1192 1215 ψυχὴν
1221 1143 1318 1205 τὰς
1344 1143 1454 1196 τῶν
1473 1141 1686 1213 ὁρατῶν
1707 1145 1824 1194 ἑπι-

208 1235 464 1304 φανείας
505 1233 907 1304 αἰσθητηρίοις,
945 1235 1040 1287 καὶ
1090 1233 1243 1303 παρᾶ
1283 1232 1390 1286 τῶν
1417 1233 1674 1287 τοιούτων
1727 1233 1825 1284 ἀν-

215 1328 506 1397 ισοτήτων
533 1325 957 1396 ἐμποδιζόμενος
986 1325 1240 1395 διαϐῆναι
1266 1326 1404 1378 κατά
1424 1325 1548 1378 νοῦν
1576 1325 1710 1394 προς
1736 1325 1826 1376 τὸν

209 1417 320 1470 ἕνα
349 1415 462 1484 τῆς
495 1416 604 1467 τῶν
633 1413 941 1484 ἀνθρώπων
971 1415 1187 1484 φύσεως
1228 1415 1408 1482 λόγον,
1443 1413 1685 1466 ὲκπιέσει
1724 1413 1828 1484 ψυ-

213 1510 352 1578 χὰς,
397 1507 680 1570 ἀκουσίοις
716 1509 900 1571 πόνοις
940 1509 1279 1578 ἀποσμήχων
1300 1508 1494 1570 αὑτὰς,
1522 1508 1666 1560 κατὰ
1689 1523 1827 1575 συμ-

213 1596 503 1667 ϐεϐηκὸς,
534 1596 630 1650 τοῦ
663 1597 838 1669 ῥύπου
869 1599 978 1652 τῶν
1014 1598 1421 1669 ἡμαρτημένων
1445 1599 1636 1659 αὑταῖς
1664 1613 1676 1624 ·
1704 1597 1828 1650 ἀκό-

211 1688 426 1744 λουθον
448 1689 505 1742 δὲ
522 1689 740 1754 πάντως
764 1691 1022 1761 κριθῆναι
1046 1693 1141 1744 καὶ
1164 1691 1372 1752 τοῦτον,
1396 1690 1583 1761 ἐπειδὴ
1608 1689 1789 1760 ἔκρινε
1814 1703 1826 1718 ·

215 1781 322 1833 καὶ
358 1785 518 1833 πιεῖν
547 1781 654 1834 τῶν
684 1781 781 1834 τοῦ
805 1781 940 1834 Θεοῦ
968 1782 1264 1852 χριμάτων
1294 1782 1354 1834 τὸ
1394 1781 1662 1851 ἀψὶνθιον,
1696 1781 1832 1850 πρὸς

216 1869 515 1942 κάθαρσιν
544 1871 655 1924 τῶν
697 1873 1107 1944 ἡμαρτημένων
1137 1873 1304 1944 αύτῷ.

293 1979 386 2034 ιδ’.
441 1981 578 2036 Ἀπὸ
605 1983 855 2051 καρπῶν
876 1982 1198 2052 στόματος,
1219 1981 1390 2052 ψυχὴ
1417 1981 1638 2050 ἅλ”δρὸς
1675 1986 1830 2049 πλη·
1866 1939 1912 2000 Β

217 2071 540 2139 σθήσεται
569 2073 832 2143 ἀγαθῶν.
867 2075 979 2128 Καὶ
1005 2077 1069 2128 ὲκ
1101 2075 1200 2144 μὲν
1243 2073 1352 2128 τῶν
1383 2074 1666 2146 τροφίμων
1693 2073 1834 2126 κατὰ

215 2165 417 2238 ψυχὴν
449 2165 626 2234 λόγων
657 2165 754 2236 τῆς
805 2165 1156 2230 διδασκαλίας
1192 2167 1286 2220 τοῦ
1327 2166 1396 2219 τὰ
1448 2167 1564 2219 θεῖα
1615 2167 1834 2230 πάντως

219 2257 530 2328 θελήματα
560 2259 1042 2327 καταγγέλλοντος,
1068 2261 1100 2330 ἡ
1126 2258 1271 2329 ψυχὴ
1296 2259 1388 2312 τοῦ
1415 2257 1554 2312 κατά
1585 2257 1700 2313 τῶν
1726 2275 1833 2311 πα-

221 2351 340 2406 θῶν
375 2353 796 2423 ἀνδριζομένου,
827 2353 1250 2424 πληρωθήσεται
1276 2353 1512 2426 ἀρετῶν.

312 2462 743 2532 Ἀνταπόδομα
759 2462 827 2514 δὲ
837 2461 1288 2530 χειλέων-αὐτοῦ
1307 2463 1630 2530 δοθήσεται
1649 2463 1831 2531 αὑτῷ.

235 2556 598 2625 Ἀντιμισθία
623 2555 812 2622 δὲ..τῆς
842 2557 1052 2624 ἀγαθῆς
1086 2555 1278 2608 τούτου
1319 2556 1674 2619 διδασκαλίας
1732 2573 1837 2609 πα·

229 2649 650 2719 ρασχεθήσεται
670 2647 816 2718 αὑτῴ
844 2649 993 2719 παρὰ
1017 2648 1112 2702 τοῦ
1147 2649 1549 2719 μισθαποδότου
1574 2648 1735 2712 Θεοῦ,
1755 2649 1838 2702 ὅτι

230 2741 434 2809 ἐξάγει
460 2741 611 2805 ἄξιον
645 2740 704 2804 ἐξ
731 2741 974 2808 ἀναξίου.

311 2849 398 2904 ιε’.
451 2833 608 2904 Ὀδοὶ
641 2850 920 2920 ἀφρόνων
940 2849 1105 2920 ὀρθαὶ
1160 2850 1422 2905 ἐνώπιον
1471 2847 1694 2904 αὐτῶν.
1729 2851 1840 2904 Καὶ

235 2943 306 2996 τὰ
336 2943 444 3014 μὲν
474 2941 611 3012 ἔργα
639 2942 744 2996 τῶν
776 2941 1158 3012 ὲστερημένων
1195 2944 1536 3014 φρονήσεως,
1592 2943 1841 3013 ἀπαρέγ-

237 3039 413 3092 κλιτα
435 3036 531 3092 τοῦ
583 3037 788 3107 ἀγαθοῦ
844 3038 1094 3092 δοκοῦσιν
1145 3039 1332 3102 αὐτοῖς
1353 3054 1366 3066 ο
1387 3037 1463 3101 ὡς
1490 3039 1709 3102 ἑαυτοῖς
1747 3056 1841 3091 πι·

240 3128 534 3194 στεύουσι,
577 3130 674 3184 καὶ
716 3129 790 3200 μὴ
824 3129 1240 3198 ἀνατιθεμένοις
1261 3129 1330 3182 τὰ
1364 3130 1575 3184 ἑαυτῶν
1633 3130 1844 3200 ἑτέροις

239 3219 532 3290 ἐχέφροσι,
573 3219 694 3290 μηδ’
724 3217 1093 3278 ὑπακούουσιν
1135 3218 1342 3282 αὑτοῖς.

310 3327 644 3380 Εἱσακούει
683 3325 752 3378 δὲ
811 3327 1197 3394 συμϐουλίας
1252 3327 1466 3394 σοφός.
1546 3324 1843 3380 ’Υπακοὺει

239 3418 300 3470 δὲ
331 3416 570 3482 ἀγαθαῖς
601 3415 931 3483 ὑποθήκαις,
961 3415 989 3464 ὁ
1011 3414 1170 3478 εἰδὼς
1195 3415 1278 3466 ὅτι
1311 3414 1561 3482 φυσικῶς
1587 3413 1846 3483 πρόσκει-

241 3527 336 3561 ται
389 3509 499 3570 πᾶς
553 3508 668 3569 τοῖς
698 3505 946 3568 οἰκείοις,
972 3504 1078 3558 κᾶν
1111 3505 1184 3576 μὴ
1213 3499 1316 3558 ῶσι
1346 3507 1509 3560 καλάο
1547 3505 1846 3560 κάντεῦθεν

243 3598 478 3668 ἐτέρους
505 3596 776 3651 καθιστῶν
809 3596 920 3648 τῶν
968 3597 1186 3650 οἰκείων
1235 3597 1625 3666 βουλευμάτων
1657 3596 1847 3662 ἐξετα-

245 3690 408 3754 στὰς,
438 3691 635 3760 μήπως
655 3690 735 3753 εἰς
766 3687 920 3742 κενὸν
951 3688 1122 3760 τρέχῃ
1149 3689 1180 3760 ἢ
1211 3688 1470 3760 ἔδραμεν.
1541 3699 1545 3702 ‘

325 3804 424 3864 ις’.
464 3800 724 3867 Ἄφρων,
749 3797 1092 3864 αὐθημερὸν
1133 3795 1485 3866 ἐξαγγέλλει
1520 3795 1711 3866 ὀργὴν
1741 3797 1849 3850 αὺ-

247 3891 385 3946 τοῦ.
421 3892 572 3944 Καὶὸ
603 3889 702 3960 μὲν
726 3890 801 3959 μὴ
833 3889 978 3960 λόγῳ
1007 3889 1226 3958 κρατῶν
1263 3889 1358 3942 τοῦ
1395 3888 1592 3958 θυμοῦ,
1627 3889 1744 3958 ἅμα
1773 3889 1850 3960 τῷ

247 3982 450 4036 τοῦτον
479 3983 558 4045 εἰς
583 3978 756 4052 ὀργὴν
795 3981 1110 4052 κινηθῆναι,
1143 3981 1397 4052 ἐκφαίνει
1457 3981 1644 4047 αὑτὸν,
1682 3981 1732 4034 εί
1761 3981 1854 4034 δύ-

252 4090 419 4128 ναται
443 4072 649 4143 ἔργοις,
683 4072 788 4125 εἴτ’
813 4069 906 4125 οὖν
941 4072 1144 4142 λόγοις.

330 4185 593 4250 Κρύπτει
621 4180 692 4236 δὲ
743 4181 860 4250 τὴν
903 4183 1128 4237 ἑαυτοῦ
1177 4185 1421 4254 ἀτιμίαν
1481 4185 1852 4254 πανοῦργος.

255 4279 376 4330 Οὔκ
408 4277 470 4344 ἐᾷ
515 4275 571 4328 δὲ
598 4273 721 4328 οὗτε
750 4273 932 4346 ἔργοις
957 4274 1082 4328 οὔτε
1122 4275 1228 4347 μὴν
1256 4276 1437 4346 λόγοις
1469 4278 1858 4356 φανερωθῆναι

255 4370 328 4422 τὰ
347 4369 647 4438 ἀτιμοποιὰ
665 4367 834 4438 πάθη,
859 4367 1002 4436 φημὶ
1016 4367 1080 4438 δὴ
1105 4367 1204 4440 τὴν
1224 4369 1518 4440 ἐπιθυμίαν
1544 4369 1743 4424 καὶτὸν
1771 4370 1860 4422 €7.-

255 4462 412 4514 δικον
429 4458 631 4529 ταύτης
656 4459 848 4529 θυμὸν,
867 4461 894 4512 ὁ
950 4461 1128 4514 πάντα
1156 4463 1415 4530 πράττων
1447 4463 1582 4532 μετὰ
1604 4461 1862 4529 περισκέ-

255 4555 410 4622 ψεως
439 4569 452 4581 ·
493 4550 640 4622 λόγῳ
667 4550 874 4604 τούτων
904 4551 1161 4622 κρατῶν“,
1197 4552 1300 4616 ἕως
1331 4553 1396 4606 ἂν
1419 4553 1672 4626 νεκρώσῃ
1699 4553 1840 4606 αὑτά

337 4753 422 4817 ιζ’.
497 4749 1026 4820 Ἑπιδεικνυμὲνην
1091 4753 1300 4805 πίστιν
1349 4752 1711 4822 ἀναγγέλλει
1763 4753 1848 4806 δι’·

260 4842 576 4910 καιος,Καὶ
602 4843 1015 4912 φανερουμένην
1053 4843 1153 4912 μὲν
1180 4843 1441 4913 δι’ἔργων
1473 4845 1568 4915 τὴν
1602 4845 1681 4908 είς
1716 4845 1850 4898 Θεὸν

261 4930 430 4984 αὑτοῦ
465 4931 647 4984 πίστιν
677 4930 1048 5000 ἁνακηρύττει
1099 4933 1126 4983 ὁ
1156 4933 1464 5002 ἀμέμπτως
1497 4935 1853 5004 πολιτευόμε-

263 5041 376 5086 νος,
444 5023 518 5086 ὡς
557 5025 651 5075 καὶ
713 5023 774 5075 οὑ
813 5023 1042 5093 νεκρὰν,
1093 5022 1227 5076 ἀλλὰ
1277 5023 1456 5088 ζῶσαν
1519 5025 1857 5096 κεκτημένος

266 5115 460 5184 αὑτήν.

353 5221 406 5273 Ὁ
437 5221 504 5272 δὲ
521 5220 752 5290 μάρτυς
789 5219 908 5274 τῶν
937 5222 1182 5287 ἀδίκων,
1217 5223 1441 5290 δόλιος.
1461 5225 1517 5278 Ὀ
1539 5225 1594 5278 δὲ
1623 5225 1856 5295 βεϐαιῶν

269 5314 454 5385 εργοις
471 5315 538 5368 τὰ
561 5315 707 5384 παρὰ
722 5313 822 5386 τὴν
847 5313 1016 5384 ὀρθὴν
1040 5317 1227 5384 κρίσιν
1257 5317 1452 5370 ἑαυτοὺ
1482 5316 1855 5388 βουλεύματα,

271 5406 332 5457 τὸ
365 5404 604 5477 καθαρὸν
649 5405 748 5475 τῆς
776 5405 1016 5470 πίστεως
1055 5393 1490 5479 καταρρυπαίνει
1521 5413 1635 5474 τοῖς
1685 5410 1856 5464 πάθε-

277 5513 380 5550 σιν.

345 5624 435 5697 ιη’,
465 5627 641 5680 Εἰσὶν
670 5626 727 5679 οἳ
751 5627 1039 5696 λέγοντες
1060 5627 1502 5694 τιτρώσκουσιν
1531 5629 1610 5696 ὡς
1635 5629 1858 5700 μάχαι-

271 5734 388 5788 par.
423 5720 530 5772 Kal.
588 5720 896 5788 ὑπάρχουσι
935 5721 1032 5788 μὲν
1069 5721 1268 5784 οἵτινες
1333 5721 1650 5790 ὁμιλοῦντες
1689 5723 1860 5792 μηδὲν

278 5807 570 5876 εἰρηνικὸν,
607 5808 1044 5878 nbit-tonsuram
1071 5811 1472 5873 ἀκούονταςόιᾰ
1493 5811 1603 5864 τῶν
1641 5813 1858 5865 οἰκείων

276 5895 557 5972 ῥημάτων,
579 5897 653 5962 ὡς
673 5899 739 5951 δι’
767 5899 945 5954 ὅπλων
969 5902 1024 5952 ὲν
1047 5902 1194 5972 μάχῃ
1223 5903 1530 5972 αἰρομένων
1566 5903 1694 5972 πρὸς
1715 5905 1855 5972 ἄμυ-

1928 687 2086 743 aequo
2126 675 2399 740 dilexerit,
2445 692 2552 730 una
2581 678 2798 730 ratione
2835 675 3022 730 habita
3061 681 3275 727 natura:
3302 687 3518 727 eormn.

2003 879 2112 946 Qui
2161 891 2335 934 autem
2382 881 2610 936 occurrit
2659 881 2714 934 in
2765 881 2969 950 portis,
3017 878 3224 933 vexabit
3285 876 3518 934 animas.

1932 971 2036 1037 Qui
2065 979 2252 1026 autem
2283 981 2583 1028 notaturus
2635 978 2968 1041 apparentes
3007 969 3252 1038 pluriutn
3279 968 3521 1035 inaequa-

1931 1060 2394 1125 litates,oceurrit
2417 1062 2471 1114 in
2493 1060 2754 1115 sensibus
2783 1058 2940 1128 quasi
2975 1057 3148 1126 portis
3184 1054 3254 1110 ad
3282 1057 3520 1109 animam

1935 1146 2270 1201 ducentibus
2289 1147 2590 1202 visibilium
2618 1161 2798 1201 rerum
2823 1147 3060 1215 species,
3087 1143 3250 1214 etqui
3281 1143 3368 1197 his
3395 1143 3526 1195 inae—

1935 1242 2302 1315 qualitatibus
2331 1241 2634 1311 impeditur
2678 1257 2745 1295 ne
2775 1249 2956 1294 mente
2991 1246 3252 1308 assurgat.
3287 1237 3353 1290 ad
3392 1251 3524 1289 con-

1935 1334 2322 1390 siderationem
2389 1333 2554 1385 unius
2618 1331 2902 1384 hominum
2958 1338 3201 1392 naturae,
3251 1325 3524 1396 opprimet

1938 1423 2173 1484 animas,
2209 1419 2410 1473 invitas
2457 1416 2795 1486 extergcmlo
2824 1417 2996 1486 ipsas,
3028 1422 3089 1467 ut
3123 1413 3302 1478 decet,
3343 1427 3372 1465 a
3405 1425 3526 1465 sor—

1939 1513 2103 1567 dibus
2140 1519 2487 1581 peccatorum
2524 1523 2786 1572 suorum;
2833 1514 2886 1561 ct
2921 1519 3268 1574 consequens
3299 1502 3525 1557 omnino

1939 1617 2020 1661 est
2045 1604 2280 1674 judicari
2309 1618 2456 1667 eum,
2497 1602 2757 1672 quoniam
2802 1599 3094 1668 judicavit,
3128 1607 3182 1651 et
3223 1595 3409 1650 bibere
3441 1593 3526 1646 di-

1939 1698 2190 1750 vinorum
2220 1694 2560 1763 judiciorum
2594 1691 2967 1755 absinlhium,
3010 1697 3069 1744 ut
3100 1687 3420 1760 puriﬁcetur
3459 1684 3526 1738 ab

1942 1787 2028 1842 his
2065 1803 2186 1857 quae
2225 1785 2280 1839 in
2320 1783 2488 1840 Deum
2526 1784 2802 1854 peccavit.
3223 1766 3232 1776 ’

2016 1987 2184 2042 Vsus.
2207 1986 2296 2040 id.
2333 1985 2408 2040 De
2441 1983 2704 2054 fructibus
2741 1983 2868 2048 oris,
2890 1983 3072 2036 anima
3095 1982 3195 2036 viri
3227 1979 3529 2049 impletum

1937 2077 2107 2134 bonis.
2141 2077 2202 2131 Et
2220 2093 2284 2132 ex
2305 2075 2673 2130 nutrientibus
2693 2075 2933 2128 animam
2954 2072 3307 2128 sermonibus
3329 2069 3530 2123 doctri-

1937 2187 2020 2224 nae
2051 2169 2172 2238 ejus
2212 2170 2304 2239 qui
2329 2167 2574 2222 divinam
2600 2166 2939 2221 voluntatem
2989 2163 3281 2217 annuntiat
3307 2201 3320 2223 ,
3345 2160 3528 2214 anima

1936 2265 2058 2333 ejus
2088 2263 2180 2333 qui
2217 2277 2312 2333 per
2365 2263 2652 2332 passiones
2697 2257 3019 2320 invalescit,
3064 2253 3384 2325 implebitur
3413 2253 3526 2305 vir—

1939 2356 2175 2410 intibus.

2013 2464 2308 2518 Retributio
2333 2460 2594 2516 labiorum
2622 2459 2736 2528 eius
2771 2457 2992 2512 dabitur
3018 2457 3086 2510 ei.
3119 2451 3532 2508 Remuneratio-

1939 2538 2070 2614 ιιυηῖ
2096 2572 2224 2610 vero
2277 2555 2436 2609 bona:
2478 2568 2590 2608 suae
2628 2551 2894 2604 doctrina:
2946 2547 3168 2602 habebit
3217 2547 3327 2606 ille,
3381 2559 3409 2596 a
3443 2559 3533 2596 re-

1943 2659 2299 2702 muneratore
2325 2645 2457 2708 Deo,
2487 2659 2609 2697 cum
2639 2647 2892 2697 secernet
2917 2639 3146 2708 dignum
3175 2637 3245 2691 ab
3277 2633 3530 2703 indigno.

2016 2844 2289 2902 “£35.15.
2335 2840 2844 2912 l’imiusipieutium
2876 2849 3032 2892 rectm
3077 2852 3254 2890 coram
3284 2833 3437 2904 ipsis.
3473 2829 3533 2882 Et

1944 2955 2106 3009 opera
2161 2952 2350 2994 eorum
2409 2934 2502 3004 qui
2567 2947 2730 2987 sensu
2785 2931 3088 2993 orbantur,
3155 2924 3534 2994 irreprehcnsa

1947 3029 2202 3081 videntur
2230 3025 2385 3095 ipsis,
2425 3023 2554 3091 quia
2585 3023 2687 3075 sibi
2721 3020 2914 3082 fidunt,
2942 3034 3042 3072 nec
3068 3032 3166 3069 sua
3205 3014 3536 3068 submittunt

1947 3121 2074 3177 aliis
2113 3119 2245 3171 viris
2285 3113 2665 3186 prudentibus,
2701 3111 2904 3182 quibus
2939 3108 3220 3164 obediant.

2027 3339 2260 3395 Emaudit
2333 3345 2507 3392 autem
2564 3335 2790 3389 consilia
2829 3332 3062 3402 sapiens.
3121 3327 3316 3385 Obedit
3384 3325 3544 3381 bonis

1951 3431 2235 3491 consiliis,
2261 3427 2354 3497 qui
2385 3427 2491 3482 scit
2522 3425 2845 3478 naturaliter
2887 3422 3168 3476 adluerere
3189 3435 3384 3473 omnes
3404 3419 3544 3477 suis,

1948 3520 2160 3573 etiam~i
2203 3533 2312 3570 non
2359 3516 2544 3578 bonis,
2589 3524 2642 3568 et
2687 3514 2831 3566 alios
2868 3512 3159 3568 conslituit
3195 3509 3541 3579 propriarum

1954 3611 2134 3679 ipsius
2193 3607 2592 3677 cogitationum
2653 3605 3036 3674 inspectores,
3094 3617 3162 3656 ne
3215 3601 3269 3653 in
3310 3614 3543 3652 vacuum

1959 3707 2145 3755 currat
2175 3706 2270 3752 aut
2295 3696 2630 3751 cucurrerit.

2025 3809 2189 3863 VERS.
2250 3804 2335 3860 16.
2381 3803 2718 3870 Imprudens,
2769 3799 2945 3854 eadem
2979 3799 3064 3854 die
3115 3799 3354 3852 enuntiat
3408 3799 3545 3849 iraa;

1953 3915 2132 3954 suam.
2155 3895 2222 3951 Et
2245 3897 2334 3965 qui
2369 3909 2476 3948 non
2504 3893 2717 3946 ratione
2736 3906 2964 3960 compos
2996 3898 3080 3944 est
3103 3891 3196 3942 irae
3227 3876 3359 3945 sure.
3383 3889 3463 3939 si.
3494 3885 3546 3959 n_l

1957 4005 2020 4044 ac
2051 3989 2105 4042 in
2157 3989 2292 4041 iram
2326 3992 2599 4047 movetur,
2648 3983 2966 4037 manifestat
3011 3996 3153 4046 eam,
3201 3980 3450 4040 actibus,
3503 3978 3546 4030 si

1957 4080 2154 4152 possit,
2198 4087 2291 4132 aut
2327 4077 2696 4134 sermonibus.

2029 4194 2318 4249 Abscondit
2353 4202 2528 4246 autem
2559 4188 3021 4244 iultonorutionem
3057 4185 3134 4239 vir
3166 4191 3397 4235 astutus.
3435 4178 3550 4232 Non

1959 4287 2091 4341 sinit
2130 4302 2308 4354 neque
2331 4284 2548 4339 actibus
2593 4296 2772 4348 neque
2807 4280 2941 4346 ipsis
2995 4275 3343 4331 sermonibus
3378 4273 3552 4321 nsani-

1965 4377 2154 4434 festari
2188 4377 2584 4444 inhonorantes
2635 4371 2994 4442 Cupiditazes,
3045 4365 3549 4433 concupisrcntimn

1965 4473 2090 4525 dico
2133 4478 2187 4523 et
2231 4469 2395 4534 hujus
2430 4467 2680 4519 ultricem
2723 4464 2898 4523 iram,
2946 4461 3036 4529 qui
3071 4458 3254 4512 omnia
3289 4471 3413 4506 cum
3440 4454 3549 4505 cir-
3599 4499 3603 4503 .

1968 4558 2385 4628 cnmspectione
2415 4556 2546 4623 agit,
2579 4568 2704 4606 cum
2735 4551 2944 4602 ratione
2973 4563 3160 4601 carum
3203 4559 3428 4612 compos
3459 4543 3550 4606 sit,

1893 4627 1934 4680 1)
1965 4651 2142 4704 donec
2171 4649 2583 4702 mortiﬁcaverit
2618 4662 2732 4700 cas.

2038 4759 2198 4813 Vens.
2233 4758 2320 4811 Π.
2353 4756 2576 4810 Ρίιυιηηι
2607 4753 2762 4823 ﬁdem
2801 4750 3080 4804 annuntiat
3101 4748 3303 4817 justus.
3335 4743 3400 4797 Et
3426 4760 3540 4795 ma-

1965 4852 2276 4908 nifest-alam
2310 4865 2404 4918 per
2431 4863 2595 4918 Opera
2623 4847 2780 4900 tidem
2803 4859 2958 4900 suam
2991 4843 3044 4896 in
3082 4843 3244 4896 Deum
3270 4840 3552 4892 annuntiat

1965 4947 2057 5015 qui
2095 4945 2646 5014 irrcprebcnsibilitcr
2691 4958 2752 4998 se
2779 4941 2956 5012 gerit,
3005 4942 3134 5010 quia
3170 4953 3278 4992 non
3308 4945 3550 4999 mortua,

1966 5039 2225 5094 scd-viva
2256 5038 2330 5090 illi
2365 5045 2468 5092 est.

2041 5223 2215 5276 Testis
2249 5231 2425 5276 autem
2462 5220 2804 5285 iniustorum,
2841 5217 3078 5270 dolosas.
3117 5213 3222 5280 Qui
3267 5229 3399 5268 vero
3430 5228 3557 5282 opo-

1968 5315 2125 5369 ribus
2186 5313 2492 5368 'conlirmat
2593 5310 2830 5380 cogitata
2900 5324 2998 5362 sua
3079 5313 3272 5361 contra
3347 5315 3554 5359 rectum

1962 5403 2270 5475 judicium,
2323 5401 2445 5478 tidei
2507 5401 2796 5470 puritatem
2859 5397 3254 5468 cupiditatibus
3303 5395 3419 5452 suis
3472 5397 3556 5449 in-

1967 5495 2185 5564 quinat.

2048 5623 2216 5678 Vens.
2249 5623 2334 5677 18.
2377 5621 2512 5677 Sunt
2534 5621 2622 5690 qui
2644 5619 2874 5674 dicentes
2907 5619 3184 5674 vulnerant
3205 5619 3344 5673 sicut
3377 5632 3546 5670 enses.

1969 5716 2201 5783 Quidam
2225 5715 2458 5784 suntqui
2487 5713 2619 5767 nihil
2639 5713 2920 5783 pacilicnm
2943 5715 3335 5781 ('olluquvtttes,
3360 5710 3552 5763 lbriunl

1973 5807 2273 5861 audientes
2299 5808 2413 5860 suis
2441 5807 2788 5860 sermonibus
2811 5848 2825 5870 ,
2869 5805 3031 5874 quasi
3067 5805 3235 5856 armis
3283 5803 3334 5855 in
3375 5819 3550 5870 ῃιιδιιςι

1971 5900 2204 5969 sumptis
2232 5899 2296 5954 ad
2323 5899 2692 5956 defensionem
2717 5901 2888 5970 requis
2922 5915 2935 5964 ;
2973 5897 3178 5956 feriunt
3198 5905 3379 5952 autem
3408 5895 3554 5961 illus.
