3958 6384
565 301 690 364 lilii

1855 285 2212 348 PROCOPlI
2253 281 2497 343 GAEEI

3688 273 3790 341 iﬁlli

561 429 683 483 qua:
709 412 775 466 ab
801 410 912 464 illis
944 409 1094 464 illata
1125 415 1208 462 est
1235 405 1287 460 in
1310 403 1480 474 ipsos,
1513 401 1723 455 ducunt
1752 414 1868 464 eos,
1901 410 2162 466 tanquam

2271 393 2402 462 παρ’
2434 389 2616 443 αὐτῶν
2650 389 2727 452 εἰς
2754 387 2970 451 abso-3;,
3013 387 3207 454 ἄγουσι
3261 385 3482 448 τούτους
3608 387 3790 456 ἀφιστι.

561 515 722 575 longe
753 503 965 558 alienos
992 516 1022 554 a
1055 500 1326 554 clla-ritate
1357 509 1478 566 quae
1501 507 1694 574 omnes
1728 491 1967 544 virtutes
2000 503 2164 558 gene-

561 606 668 663 rat,
709 597 762 649 in
813 595 1010 650 anima:
1055 601 1454 658 mortem,quae
1485 593 1574 642 est
1615 591 1921 656 peccatum,
1957 595 2052 636 seu
2085 593 2166 635 se-

563 689 776 758 paratio
811 703 840 740 a
875 686 1004 748 Deo,
1031 683 1145 737 vita
1183 696 1330 736 vera.

1197 823 1352 879 CAP.
1393 820 1531 878 Xlll.

641 958 803 1010 Vens.
857 956 904 1008 l.
945 952 1114 1007 Elius
1151 963 1384 1016 astutus,
1432 950 1676 1004 obediens
1725 949 1886 1016 patri.
1941 946 2016 999 Ex
2078 945 2165 1000 his

563 1049 654 1119 qui
681 1048 922 1117 adnplati
966 1052 1095 1100 sunt
1122 1058 1217 1113 per
1244 1043 1426 1105 tidem,
1456 1040 1552 1109 qui
1575 1039 1760 1094 omnia
1787 1036 1970 1092 divina
2006 1049 2163 1089 man-

561 1141 688 1194 data
753 1139 1030 1201 observat,
1083 1134 1344 1188 obediens
1374 1141 1458 1187 est
1515 1131 1625 1185 Deo
1681 1139 1735 1185 et
1787 1129 1937 1182 Patri
1985 1143 2014 1180 a
2053 1141 2164 1196 quo

566 1232 864 1302 adoptatus
897 1230 1000 1284 fuit
1049 1228 1354 1282 secundum
1406 1227 1662 1294 gratiam,
1710 1233 1762 1279 et
1796 1223 1888 1292 qui
1919 1221 2165 1292 praecipit

565 1312 690 1393 quae
729 1334 859 1378 sunt
889 1320 954 1374 ad
993 1321 1245 1374 salutem.
2087 1302 2094 1311 ”

638 1417 742 1481 Qui
791 1423 968 1466 autem
1005 1427 1108 1464 non
1141 1408 1410 1474 obediens,
1437 1411 1492 1463 in
1513 1407 1827 1477 perditione.
1860 1406 1953 1463 Ille
1979 1413 2160 1460 autem

565 1509 655 1576 qui
707 1505 816 1561 Deo
861 1519 972 1558 non
1017 1510 1104 1557 est
1136 1493 1425 1564 Obcdiens,
1468 1499 1522 1553 in
1566 1497 1910 1554 observanda
1971 1507 2164 1552 sancta

564 1617 681 1662 ejus
715 1596 994 1662 mandata,
1041 1595 1142 1648 etsi
1171 1601 1390 1663 propter
1425 1605 1630 1645 meram
1670 1591 1830 1646 ﬁdem
1872 1591 2018 1645 filius
2041 1589 2163 1660 ejus

565 1692 655 1760 qui
707 1698 934 1742 vocetur
1003 1687 1252 1739 videatur
1295 1684 1516 1754 dignus,
1564 1683 1618 1736 in
1670 1682 1766 1738 Dei
1820 1683 2161 1737 aversionem

567 1787 784 1837 funeste
818 1778 986 1833 cadit.

639 1869 805 1924 Vnus.
845 1869 900 1924 2.
970 1866 1020 1920 Ε
1069 1865 1329 1933 fructibus
1362 1845 1822 1936 ,justitiwulitur
1871 1865 2016 1934 ﬁlius
2073 1865 2162 1918 bo-

570 1980 689 2014 nus.
730 1961 800 2014 lix
831 1958 1138 2014 I'ructil'eris
1171 1959 1494 2025 virtutibus,
1528 1975 1624 2028 per
1661 1959 1974 2013 divinorum
2005 1973 2163 2012 nian-

567 2055 818 2106 datorum
845 2053 1252 2106 observantiam
1273 2051 1552 2106 nutrietur
1571 2050 1873 2106 secundum
1897 2051 2160 2114 animam,

567 2145 658 2198 ille
689 2143 780 2214 qui
815 2155 968 2197 suam
1003 2143 1352 2212 spiritualem
1389 2141 1694 2196 secundum
1739 2142 1970 2211 gratiam
2001 2141 2166 2210 adop-

567 2241 767 2289 tionem
814 2236 868 2289 in
921 2235 1068 2290 onmi
1110 2236 1432 2292 obedientia
1481 2243 1774 2290 conservat
1808 2233 2162 2306 irreprehen-

567 2331 805 2383 sibilent.

635 2422 844 2475 Anima:
871 2431 1050 2474 autem
1104 2420 1580 2489 prwraricaternm
1615 2427 1830 2486 pereunt
1879 2426 2000 2469 ante
2037 2423 2167 2468 tem-

564 2531 686 2582 pus.
712 2515 923 2568 Anima:
948 2514 1308 2568 veroillorum
1337 2513 1431 2581 qui
1457 2510 1640 2564 divina
1659 2509 1915 2562 mandata
1938 2508 2164 2570 violant,

567 2606 876 2660 voluntarie
937 2607 1039 2659 sibi
1110 2615 1409 2674 procurant
1471 2601 1567 2656 Dei
1621 2602 1983 2664 arersiouem,
2041 2609 2168 2654 ante

567 2707 784 2764 tempus
805 2697 1002 2765 juilicii
1031 2705 1086 2750 ct
1117 2695 1524 2752 retributionis.
2091 2689 2095 2693 ’

643 2790 808 2845 Vens.
839 2792 894 2846 ’5.
940 2789 1046 2856 Qui
1093 2790 1320 2843 custodit
1351 2803 1604 2852 ossuum,
1639 2785 1871 2840 custodit
1930 2785 2168 2838 animum

565 2895 738 2939 suam.
781 2883 886 2951 Qui
931 2885 1131 2952 lingua
1179 2897 1292 2938 suae
1345 2882 1684 2946 dominatur,
1731 2881 1804 2932 ita
1836 2889 1896 2932 ut
1929 2879 2171 2932 inconsi-

567 2977 758 3030 derate
803 2989 913 3029 non
968 2975 1234 3044 loquatur
1285 2987 1407 3042 qum
1439 2973 1492 3024 in
1549 2971 1718 3026 Deum
1777 2957 1872 3024 aut
1923 2968 2171 3024 homines

567 3063 880 3126 oﬂ'cndunt,
913 3061 1158 3118 custodit
1185 3062 1424 3116 animam
1462 3075 1616 3116 suam
1655 3069 1826 3114 tutam
1853 3061 1922 3115 ab
1952 3050 2170 3115 insidiis

567 3155 964 3209 dmmonioru-m
993 3163 1048 3208 et
1083 3153 1369 3208 hominum
1399 3151 1768 3224 quaerentium
1814 3151 2163 3208 occasionem

570 3247 738 3316 hujus
766 3242 1311 3315 comprehendendae.

643 3432 749 3498 Qui
772 3441 949 3485 autem
986 3443 1218 3500 preceps
1268 3439 1347 3484 est
1404 3428 1585 3492 labiis,
1643 3428 1859 3483 terrebit
1913 3427 2166 3496 seipsum.

569 3527 670 3592 Qui
706 3538 886 3579 autem
924 3520 1338 3576 inconsiderate
1370 3521 1634 3590 loquitur,
1679 3535 1738 3574 se
1795 3519 1912 3589 ipse
1952 3518 2008 3572 in
2056 3532 2168 3572 me-

570 3625 684 3668 tum
713 3615 912 3683 injicit,
951 3620 1213 3681 tanquam
1257 3611 1474 3664 locutus
1511 3609 1657 3680 quod
1711 3611 1814 3680 ipsi
1855 3609 2016 3664 aﬂ'ert
2051 3610 2169 3664 ani-

570 3725 671 3762 mae
702 3715 796 3760 aut
826 3707 1076 3775 corporis
1125 3704 1450 3774 perieulum.

643 3799 807 3854 Vens.
839 3798 893 3851 4.
922 3796 986 3849 In
1029 3795 1310 3849 desideriis
1341 3805 1418 3848 est
1467 3794 1636 3848 omnis
1685 3795 1911 3848 otiosus.
1951 3792 2171 3863 Cupidi-

571 3902 710 3946 tates
751 3891 856 3945 sibi
895 3898 1176 3958 comparat
1226 3886 1660 3950 irrationabiles,
1706 3886 2026 3956 omnis-qui
2075 3899 2172 3954 per

571 3983 846 4054 p’gritiam
867 3991 958 4038 est.
979 3981 1208 4044 otiosus,
1237 3979 1386 4050 quod
1405 3993 1464 4032 se
1486 3993 1596 4032 non
1618 3989 1852 4047 occupat
1885 3978 1940 4030 in
1973 3991 2167 4048 opera-

571 4076 722 4126 tione
751 4072 996 4127 virtutis.

645 4163 839 4216 Manus
861 4174 1037 4216 autem
1072 4165 1308 4218 virorum
1329 4162 1383 4215 in
1411 4163 1720 4216 sedulitate.
1751 4160 1956 4216 Activte
1985 4169 2166 4214 autem

575 4252 870 4306 facultates
900 4254 1098 4308 horum
1132 4254 1225 4322 qui
1271 4254 1513 4308 viriliter
1545 4255 1816 4308 resistunt
1844 4253 2171 4308 voluntariis

576 4349 741 4400 animi
767 4349 1141 4418 passionibus,
1163 4348 1434 4403 sull'erunt
1459 4355 1640 4402 autem
1669 4347 2090 4402 involuntarias.
2111 4347 2167 4400 In

2270 484 2469 552 μένους
2507 480 2728 552 μακρὰν
2760 481 2859 548 τῆς
2891 479 3085 534 πασῶν
3113 477 3223 531 τῶν
3250 477 3458 548 ἀρετῶν
3483 481 3794 553 γενικωτάτης

2265 574 2512 644 ἀγάπης,
2539 573 2618 635 εἰς
2639 572 2730 626 τὸν
2758 573 2857 641 τῆς
2883 569 3065 640 ψυχῆς
3088 569 3339 623 θάνατον’
3367 567 3426 630 ὃς
3451 568 3590 620 ἐστιν
3611 570 3642 640 ἡ
3667 568 3795 644 ἁμαρ.

2265 667 2376 734 τία,
2401 667 2477 730 ὠς
2499 663 2782 737 χωρισμὸς
2813 663 2921 718 ἀπὸ
2953 661 3089 717 Θεοῦ
3129 663 3227 732 τῆς
3255 660 3429 724 ὅντως
3461 659 3614 739 ζωῆς.

2867 805 3120 864 ΚΕΦΑΛ.
3151 807 3254 861 11".

2335 945 2404 995 α’.
2437 939 2576 1006 Υἱὸς
2633 935 3001 1007 πανοῦργος,
3032 933 3307 1000 ὑπήκοος
3366 933 3562 1003 πατρί.
3597 935 3692 989 Καὶ
3717 940 3794 992 τῶν

2267 1035 2366 1105 μὲν
2410 1033 2841 1103 υἱοθετηθέντων
2869 1031 2956 1084 διὰ
2987 1029 3251 1093 πίστεως,
3277 1029 3307 1080 ὁ
3339 1027 3520 1092 πάσας
3550 1027 3638 1092 τὰς
3686 1018 3792 1097 θείας

2263 1125 2431 1180 αὑτοῦ
2462 1125 2691 1189 ἐντολὰς
2741 1122 3132 1196 ἐργαζόμενος,
3169 1119 3438 1190 εὐπειθής
3469 1121 3666 1194 ἐστιτῷ
3689 1129 3778 1179 κατᾶ

2263 1221 2422 1292 χάριν
2453 1221 2906 1292 υἱοθετησαμένῳ
2954 1216 3139 1281 αὐτὸν,
3175 1216 3270 1268 καὶ
3292 1215 3362 1266 τὰ
3408 1212 3540 1278 πρὸς
3586 1217 3782 1288 σωτηρίαν

2263 1313 2634 1384 ἐντειλαμένῳ
2663 1311 2784 1379 Θεῷ
2818 1311 2911 1364 καὶ
2935 1309 3128 1381 Πατρί.

2351 1407 2402 1460 Ὀ
2428 1407 2496 1460 δὲ
2523 1405 2814 1474 ἀνήκοος,
2841 1403 2910 1456 ἐν
2936 1402 3224 1468 ἀπωλείᾳ.
3269 1401 3331 1452 '0
3359 1400 3416 1452 δὲ
3447 1401 3520 1470 μὴ
3545 1399 3794 1470 πειθόμενος

2264 1499 2402 1570 Θεῷ,
2440 1501 2518 1563 el;
2547 1499 2608 1551 τὸ
2640 1499 2816 1551 ποιεῖν
2840 1498 2939 1560 τὰς
2977 1496 3140 1564 ἁγίας
3174 1493 3343 1547 αὐτοῦ
3375 1491 3606 1558 ἐντολὰς,
3633 1493 3718 1546 κᾶν
3739 1494 3797 1548 διὰ

2263 1591 2430 1663 ψιλῆς
2460 1590 2698 1652 πίστεως
2729 1588 2844 1650 uio;
2875 1586 3146 1657 κληθῆναι
3207 1583 3418 1655 ἠξιώθη
3456 1581 3630 1648 αὑτοῦ,
3659 1585 3797 1647 etalt

2263 1685 2360 1738 ἀπ’
2389 1683 2555 1738 αὑτοῦ
2581 1681 2805 1746 ἀσώτως
2831 1681 2998 1751 χωρεῖ
3025 1677 3374 1751 μακρυσμόν.

2341 1872 2404 1941 β’.
2469 1870 2610 1925 Ἀπό
2668 1867 2914 1936 καρπῶν
2969 1866 3370 1932 δικαιοσύνης
3426 1861 3658 1936 φάγεται
3706 1865 3794 1928 υἱὸς

2265 1969 2508 2039 ἀγαθός.
2533 1965 2644 2020 Καὶ
2665 1964 2774 2018 ἀπὺ
2807 1965 2904 2032 μὲν
2929 1961 3039 2015 τῶν
3057 1977 3420 2034 καρποφορου
3430 1959 3598 2031 μένων
3621 1958 3792 2028 ἀρετῶν,

2265 2058 2354 2112 διὰ
2410 2058 2511 2128 τῆς
2568 2056 2676 2109 τῶν
2704 2055 2867 2109 θείων
2921 2052 3150 2107 ἐντολῶν
3189 2051 3482 2124 ἐργασίας,
3523 2051 3794 2122 τραφήσεται

2267 2150 2407 2206 κατὰ
2479 2149 2682 2220 ψυχὴν,
2712 2151 2739 2202 ὁ
2762 2149 2870 2218 τὴν
2903 2149 2962 2200 ἐν
2991 2146 3266 2216 πνεύματι
3318 2143 3463 2198 κατά
3489 2144 3637 2214 χάριν
3662 2143 3791 2196 υἱοθε-

2269 2245 2391 2298 σίαν
2421 2240 2589 2298 αὑτοῦ
2615 2243 2672 2295 ἐν
2693 2243 2842 2314 πάσῃ
2873 2239 3157 2310 εὐπειθείᾳ
3184 2237 3372 2308 τηρῶν
3399 2235 3610 2306 ἄψογον.

2345 2421 2546 2491 Ψυχαὶ
2585 2420 2654 2474 δὲ
2687 2421 3052 2490 παρανόμων
3122 2418 3416 2474 ὀλοῦνται
3470 2417 3652 2486 ἄωροι.
3682 2416 3732 2470 Ai
3753 2417 3792 2469 δὲ

2268 2515 2439 2585 ψυχαὶ
2466 2513 2576 2566 τῶν
2599 2513 2697 2576 τὰς
2715 2512 2867 2576 θείας
2896 2511 3118 2574 ἐντολὰς
3149 2509 3596 2580 παραϐαινόντων
3619 2508 3794 2576 ὑποστή-

2271 2624 2456 2662 σονται
2485 2604 2752 2668 ἑκουσίως
2785 2605 2878 2658 τὸν
2907 2603 3015 2658 ἀπὸ
3046 2602 3182 2656 Θεοῦ
3223 2602 3569 2674 μακρυσμὸν,
3601 2600 3690 2672 πρὸ
3727 2598 3792 2654 τοῦ

2270 2695 2466 2770 καιροῦ
2501 2696 2602 2766 τῆς
2626 2696 2860 2766 κρίσεως
2890 2695 2986 2746 καὶ
3017 2695 3115 2762 τῆς
3149 2693 3574 2756 ἀνταπεδὸσεως.

2335 2794 2412 2844 γ’.
2455 2789 2560 2852 Ὃς
2595 2785 2904 2856 φυλάσσει
2935 2787 3002 2838 τὸ
3037 2784 3258 2838 ἑαυτοῦ
3297 2786 3514 2853 στόμα,
3555 2781 3700 2855 τηρεῖ
3717 2781 3790 2846 τὴν
3887 2815 3890 2824 ι

2271 2877 2490 2932 ἑαυτοῦ
2543 2873 2777 2945 ψυχήν.
2842 2873 2952 2926 Καὶ
2981 2873 3135 2935 ὅστις
3173 2873 3272 2944 μὲν
3326 2874 3518 2942 κρατεί
3536 2871 3626 2939 τῆς
3652 2863 3788 2922 tauro?)

2273 2969 2542 3040 γλώττης,
2601 2967 2745 3020 ὥστε
2790 2965 3219 3036 ἀπερισκέπτως
3259 2964 3340 3035 μὴ
3406 2961 3708 3032 φθέγγεσθαι
3747 2957 3793 3011 τὰ

2276 3060 2412 3131 πρὸς
2443 3058 2632 3128 Θεὸνῆ
2667 3057 2804 3130 πρὸς
2833 3055 3158 3128 ἀνθρώπους
3187 3054 3612 3128 προσκρούοντα,
3638 3051 3790 3122 φυλάτ-

2274 3172 2360 3208 τει
2393 3153 2490 3225 τὴν
2519 3152 2700 3224 ψυχὴν
2722 3151 2916 3206 ἐαυτοῦ
2965 3151 3431 3205 ἀνεπιϐούλευτον
3458 3149 3562 3203 ἀπὸ
3581 3145 3794 3217 δαιμόνων

2272 3242 2662 3316 ῆάνθρώπων,
2707 3241 2817 3295 τῶν
2868 3239 3177 3312 ζητούντων
3227 3238 3485 3311 ἀφορμὴν
3523 3237 3701 3306 ταύτην
3723 3235 3793 3286 λα·

2272 3337 2409 3391 ἦείν.

2354 3430 2408 3482 '0
2439 3430 2507 3484 δὲ
2535 3431 2839 3498 προπετὴς
2885 3430 3142 3500 χείλεσι,
3181 3426 3441 3495 πτοήσει
3469 3425 3656 3478 αὐτόν.
3697 3419 3741 3470 ’0
3758 3417 3790 3469 δ’

2272 3526 2699 3598 ἀπερισκέπτως
2721 3523 3116 3594 φθεγγόμενος,
3145 3522 3227 3584 εἰς
3257 3520 3427 3589 ερόῆον
3450 3517 3630 3572 ἐαυτὸν
3667 3512 3790 3583 ἐμϐε-

2271 3621 2386 3674 λεῖ·
2420 3619 2497 3682 ὡς
2568 3617 2932 3687 ψθεγξάμενός
2960 3633 3014 3668 τι
3047 3615 3310 3685 ἐπιφέρον
3373 3610 3520 3681 αὐτῷ
3564 3604 3784 3680 ψυχικὺνῆ

2273 3709 2590 3780 σωματικὸν
2619 3709 2886 3762 κίνδυνον.

2343 3805 2404 3858 δ’.
2445 3800 2908 3870 Ἐνὲπιθυμίαις
2935 3799 3068 3855 ἐστὶ
3115 3798 3236 3866 πᾶς
3262 3800 3496 3868 ἀερτός.
3528 3792 3787 3864 Καὶὁρέξεκ

2277 3898 2375 3968 μὲν
2393 3897 2660 3967 κέκτηται
2679 3894 3054 3966 παραλόγους,
3083 3893 3232 3956 ἅπας
3257 3892 3354 3946 διὰ
3375 3891 3509 3964 ρᾳθυ
3518 3890 3632 3962 μίαν
3652 3884 3787 3956 ἀργὸς.

2269 3989 2346 4054 ὡς
2381 3989 2456 4060 μὴ
2489 3987 2814 4059 ἀπασχολῶν
2845 3987 3035 4040 ἐαυτὸν
3054 3989 3112 4038 ἐν
3143 3987 3263 4049 ταῖς
3290 3984 3573 4057 ἐργασίαις
3597 3978 3675 4034 τοῦ
3697 3978 3788 4043 ἀγα-

2273 4081 2389 4134 θοῦ.

2344 4174 2548 4241 Χεῖρες
2577 4171 2646 4226 δὲ
2686 4171 2926 4240 ἀνδρῶν
2973 4171 3043 4223 ἐν
3091 4169 3425 4240 ἐπιμελείᾳ.
3459 4166 3596 4222 Αῑδὲ
3625 4176 3786 4234 πρακτι-

2271 4264 2368 4316 καὶ
2421 4263 2704 4334 δυνάμεις,
2732 4255 2849 4316 τῶν
2869 4263 3136 4331 γενναίως
3181 4262 3589 4332 ἀνθισταμένων
3613 4257 3694 4328 μὲν
3709 4253 3786 4310 τοῖς

2271 4355 2540 4420 ἑκουσίοις
2567 4356 2819 4418 πάθεσιν,
2875 4356 3262 4426 ὑπομενόντων
3293 4356 3352 4410 δέ
3381 4357 3449 4410 τὰ
3477 4353 3698 4410 ἀκούσια.
3727 4345 3785 4398 Ἐν

573 4441 722 4493 omni
767 4439 963 4494 ardore
997 4441 1286 4510 perﬁciunt
1321 4441 1550 4506 bonum,
1593 4440 1664 4493 ita
1699 4449 1757 4493 ut
1789 4441 2017 4494 omnino
2050 4454 2162 4493 ma«

2276 4449 2425 4520 πάσῃ
2457 4451 2665 4520 σπουδῇ
2699 4448 3032 4519 ἐργάζονται
3057 4447 3378 4516 τὸ”ἀγαοὸν,
3408 4447 3544 4501 ὥστε
3571 4435 3784 4497 παντελῶς

574 4531 684 4587 lum
719 4532 1005 4604 cﬂ'ugiant.
1307 4553 1313 4561 λ
1709 4589 1712 4593 .

645 4624 811 4681 Vsus.
869 4627 922 4681 5.
981 4623 1206 4679 Verbum
1249 4607 1490 4695 iniquum
1518 4623 1700 4693 justus
1745 4624 2057 4677 detestatur.
2088 4623 2171 4678 Ab

569 4721 718 4775 omni
757 4719 1035 4774 sententia
1072 4719 1266 4788 iniqua
1301 4718 1562 4772 abhorret
1591 4717 1682 4786 qui
1709 4717 1969 4772 observat
1996 4718 2167 4785 legem

568 4809 667 4864 Dei
707 4808 1118 4870 mandatorum,
1159 4807 1236 4860 ita
1271 4813 1332 4860 ut
1363 4821 1432 4861 ne
1459 4807 1726 4862 extremis
1758 4805 1977 4876 quidem
2019 4806 2170 4860 auri-

569 4901 672 4956 bus
704 4900 836 4954 velit
877 4899 1029 4953 illam
1065 4899 1382 4953 admittere.

636 4993 841 5062 Impius
897 5001 1074 5046 autem
1107 4989 1389 5056 erubescit,
1418 5000 1468 5044 et
1516 4986 1617 5044 non
1658 4991 1866 5046 habebit
1911 4992 2166 5062 ﬁduciam

567 5084 835 5154 loquendi.
880 5083 984 5150 Qui
1025 5082 1414 5138 auteaneum
1464 5098 1575 5138 non
1634 5082 1889 5150 honorat,
1943 5084 2167 5154 quando

569 5178 793 5246 prtel'ata
853 5177 1151 5245 exponitur
1197 5177 1471 5231 sententia
1537 5191 1725 5232 coram
1777 5192 1846 5231 eo
1876 5177 1970 5248 qui
2024 5177 2165 5232 hanc

568 5285 679 5323 non
739 5268 1002 5335 admittit,
1039 5267 1250 5338 pudore
1311 5268 1652 5322 sullunditur
1704 5283 1805 5324 nec
1859 5283 1955 5325 ore
1990 5270 2164 5325 libero

570 5362 768 5415 similia
801 5362 1050 5430 prolerre
1085 5361 1228 5416 valet
1266 5379 1279 5414 :
1314 5363 1517 5416 etenim

642 5546 808 5602 Vnus.
832 5547 884 5602 6.
921 5547 1152 5601 Justitia
1178 5548 1409 5602 custodit
1439 5549 1762 5604 innocentes.
1789 5550 2150 5620 observantia

569 5641 661 5694 Dei
706 5640 1095 5694 mandatorum
1138 5639 1430 5698 canscrvat
1484 5645 1536 5697 in
1585 5642 1732 5698 bono
1767 5654 2052 5713 exemptos
2089 5645 2158 5699 ab

575 5735 717 5786 Dntni
758 5733 990 5787 malitia.

2273 4544 2532 4610 ἐκφυγεῖν
2557 4542 2618 4594 τὸ
2637 4541 2827 4596 κακόν.

2343 4641 2404 4688 ε’.
2429 4635 2624 4702 Λόγον
2648 4633 2861 4688 ἄδικον
2882 4633 3058 4704 μισεῖ
3086 4633 3340 4700 δίκαιος.
3397 4631 3503 4687 Καὶ
3531 4623 3782 4698 παραίνεσιν

2274 4728 2372 4796 μὲν
2407 4727 2723 4798 παράνομον
2757 4729 3164 4802 ἀποστρέφεται
3183 4729 3212 4780 ὁ
3233 4726 3416 4798 τηρῶν
3447 4725 3535 4778 τὸν
3559 4711 3781 4790 νόμοντῶν

2269 4819 2362 4870 τοῦ
2394 4817 2529 4870 Θεοῦ
2578 4819 2830 4887 ἐντολῶν,
2863 4819 2938 4884 ὡς
2982 4821 3105 4891 μηδ’
3136 4819 3330 4892 ἄκροις
3361 4818 3463 4872 ὠσὶ
3490 4815 3642 4869 θέλων
3661 4805 3783 4872 αὐτὴν

2271 4909 2701 4981 παραδέξασθαι.
2999 4977 3018 4983 ἢ

2354 5003 2598 5070 Ἀσεϐὴς
2629 5002 2700 5056 δὲ
2731 5004 3107 5073 αἰσχύνεται,
3155 5005 3256 5058 καὶ
3300 5005 3410 5074 οὐχ
3459 5001 3572 5066 ἔξει
3615 4990 3785 5060 πιπρὥ

2268 5097 2434 5149 alar.
2514 5097 2572 5150 '0
2620 5096 2665 5148 δ’
2718 5098 2777 5149 ὲν
2831 5097 2912 5168 τῷ
2969 5096 3352 5168 προτείνεσθαι
3403 5095 3496 5166 τὴν
3551 5084 3782 5160 εἰρημένην

2269 5187 2610 5258 παραίνεσιν,
2637 5187 2770 5242 Θεὸν
2803 5190 2879 5260 μὴ
2907 5187 3105 5259 τιμῶν,
3142 5189 3457 5262 αἰσχύνεται
3491 5185 3574 5239 τὸν
3597 5179 3660 5252 μὴ
3687 5169 3782 5226 ταύ-

2267 5297 2368 5348 την
2393 5281 2669 5350 παραδεχό
2679 5298 2868 5351 μενον,
2900 5280 2994 5334 καὶ
3018 5281 3118 5335 οὐκ
3142 5282 3224 5336 ἔτι
3257 5282 3479 5335 δύναται
3502 5273 3700 5330 ἐνώπιον
3714 5263 3782 5318 αὖ·

2268 5371 2362 5424 τοῦ
2393 5373 2910 5444 παρῤησιασθῆναι,
2948 5374 3045 5428 καὶ
3075 5375 3144 5428 τά
3176 5377 3341 5446 ὃμοια
3373 5367 3694 5445 φθέγξασθαι·
3717 5357 3782 5412 καὶ

2267 5463 2378 5532 γὰρ

2339 5554 2413 5618 ς’*
2451 5557 2818 5623 Δικαιοσύνη
2844 5557 3158 5627 φυλάσσει
3179 5559 3461 5624 ἀκάκους.
3478 5558 3536 5612 Ἠ
3553 5556 3638 5626 μὲν
3665 5543 3780 5608 ποίη·

2269 5663 2351 5707 στς
2385 5647 2492 5698 τῶν
2535 5648 2629 5698 τνιῦ
2682 5649 2816 5702 Θεοῦ
2871 5649 3101 5704 ἐντολῶν
3147 5656 3304 5724 τηρεῖ
3333 5655 3388 5707 ἐν
3413 5651 3484 5723 τῷ
3502 5642 3668 5716 ἁγαθῷ
3689 5636 3778 5691 τοῦε

2265 5740 2719 5810 ἀπηλλαγμένως
2748 5745 2930 5813 πάσης
2966 5743 3186 5808 κακίας.
