3958 6396
235 348 372 414 1349

307 461 457 526 Τοὺς
490 457 552 514 δὲ
582 457 841 526 ἀσεϐεῖς,
870 461 1145 530 φαύλους
1180 458 1342 512 ποιεῖ
1370 459 1644 528 ἁμαρτία.
1675 457 1815 518 Τοὺς
1846 459 1890 514 Α

229 553 286 604 δὲ
321 551 398 620 μὴ
422 551 488 602 δι’
512 551 774 620 ἐργασίας
805 549 913 603 τῶν
945 549 1106 601 θείων
1168 548 1399 602 ἐντολῶν
1424 547 1700 618 τιμῶντας
1727 549 1819 598 τὸν

229 637 610 706 ἐντειλάμενον
671 637 878 700 ταύτας
907 637 1069 703 Θεὸν,
1120 638 1326 700 κακοὺς
1375 635 1817 706 ἀπεργάζεταιὴ

233 728 377 780 κατά
405 727 725 796 προαίρεσιν
751 728 1022 798 ἀποτυχία
1052 725 1146 780 τοῦ
1169 726 1397 796 ἀγαθοῦ.

305 816 370 880 ς’.
400 817 572 870 Εἰσὶν
594 821 647 871 οἱ
677 819 1103 886 πλουτίζοντες
1129 818 1405 884 ἑαυτοὺς,
1429 816 1626 887 μηδὲν
1649 816 1822 885 ἕχον-

233 928 351 977 τες.
421 912 532 964 Καὶ
589 913 894 982 ὑπάρχουσι
956 911 1058 981 μὲν
1127 912 1326 974 οἵτινες
1403 909 1818 977 περιποιοῦνται

234 1005 452 1065 ἑαυτοῖς
481 1004 571 1054 τὸν
603 1003 725 1055 κατ’
755 1003 959 1074 ἀρετὴν
1009 1002 1381 1073 πνευματικὸν
1421 1000 1651 1054 πλοῦτον
1677 1016 1692 1031 ⁸
1723 999 1823 1053 εἴτ’

236 1097 293 1145 ἐν
329 1094 642 1163 ὑποκρίσει,
675 1093 751 1155 ὡς
780 1093 925 1146 κατά
956 1093 1200 1147 διάθεσιν
1239 1091 1600 1164 ἐστερημένοι
1633 1090 1820 1154 αὐτοῦ·

237 1186 335 1236 εἴτ’
365 1184 714 1249 ὲνδιαθέτως,
755 1184 829 1248 ὡς
857 1184 951 1238 τοῦ
987 1186 1301 1254 σωματικοῦ
1345 1183 1698 1255 ἀποροῦντες.
1731 1185 1826 1237 καὶ

234 1279 301 1329 τὰ
333 1277 584 1330 ἐντεῦθεν
629 1278 1040 1347 προσπίπτοντα
1071 1277 1295 1349 θλιϐερά
1328 1277 1670 1348 εὐχαρίστως
1697 1279 1828 1331 ὑπο-

238 1371 517 1435 μένοντες.

315 1461 422 1514 Καὶ
465 1462 624 1516 εἰσὶν
669 1465 724 1515 οἱ
771 1464 1197 1530 ταπεινοῦντες
1241 1463 1494 1529 ἑαυτοὺς
1524 1462 1593 1516 ἐν
1620 1461 1828 1526 πολλῷ

234 1554 499 1620 πλούτῳ.
537 1553 705 1618 Αὖθις
751 1555 808 1608 δὲ
845 1557 1205 1628 ὑπάρχουσιν,
1252 1558 1450 1621 οἵτινες
1497 1556 1827 1625 κατάγουσιν

233 1647 488 1710 ἑαυτοὺς,
550 1649 659 1702 εἴτε
713 1651 1025 1720 πράγματι,
1081 1654 1144 1704 ἐκ
1189 1652 1287 1722 τῆς
1331 1650 1480 1714 θείας
1523 1651 1688 1719 τιμῆς
1734 1647 1828 1702 τοῦ

235 1739 350 1790 κατ’
396 1739 588 1792 εἰκόνα
622 1741 680 1794 ἐν
711 1741 789 1809 τῷ
846 1740 1116 1794 ἀπολέσαι
1164 1742 1225 1795 τὸ
1269 1740 1390 1795 καθ’
1433 1740 1712 1810 ὁμοίωσιν,
1741 1738 1832 1793 διὰ

1283 344 1826 408 ΟΟΜΜΕΝΤΑΒΠ
1873 340 1954 403 ΙΝ
1997 343 2456 407 PROVERBIA.

3371 351 3506 416 1350

1995 453 2196 523 lmpios
2229 466 2402 510 autem
2423 472 2614 524 pravos
2639 455 2770 524 facit
2793 468 3089 526 peccatum.
3109 456 3213 523 Qui
3245 473 3372 513 vero
3397 476 3502 512 non

1927 560 2024 616 per
2042 548 2456 602 observantiam
2479 547 2790 601 divinorum
2825 547 3209 602 mandatorum
3237 549 3508 602 honorant

1926 647 2208 692 auctorem
2242 638 2466 692 illorum
2495 636 2685 704 Deum,
2717 637 2818 693 hos
2843 640 3017 694 malos
3045 637 3207 693 eilicit
3235 639 3325 692 illa
3343 654 3506 709 quam

1927 728 2224 783 intendunt
2249 731 2522 798 neglectio
2553 729 2702 786 boni.
3303 714 3308 720 I

1997 818 2166 873 Vens.
2213 821 2262 874 7.
2299 817 2436 874 Sunt
2473 821 2563 889 qui
2603 822 2783 874 ditant
2812 823 3036 890 seipsos,
3063 821 3196 874 nihil
3235 821 3506 876 habentes.

1930 909 2069 966 Sunt
2104 912 2197 978 qui
2225 911 2330 964 sibi
2359 917 2619 980 arrogant
2643 912 2958 981 spirituales
3007 913 3310 967 secundum
3335 914 3510 966 virtu-

1935 1015 2039 1059 tem
2066 1002 2288 1055 divitias
2314 1017 2328 1067 ;
2356 1003 2471 1056 sive
2500 1001 2780 1068 simulate,
2817 1005 2973 1072 quasi
2999 1003 3194 1060 aﬂ‘ectn
3222 1004 3306 1058 his
3325 1005 3508 1072 priva-

1932 1093 2008 1159 ti;
2051 1092 2167 1146 sive
2201 1091 2438 1154 sincere,
2478 1091 2570 1160 qui
2599 1091 2727 1145 dum
2753 1092 3133 1160 corporalibus
3173 1091 3383 1146 divitiis
3415 1105 3510 1145 ca-

1931 1187 2093 1234 reant
2142 1177 2268 1231 inde
2303 1178 2685 1246 contingentes
2739 1192 3014 1234 terumnas
3041 1193 3169 1232 cum
3207 1179 3508 1249 gratiarum

1934 1273 2152 1326 actione
2182 1271 2492 1326 sustinent.

1969 1497 1971 1500 .
2007 1452 2074 1506 Et
2107 1461 2234 1507 sunt
2274 1452 2618 1506 humiiinntcs
2650 1469 2701 1506 se
2733 1453 2787 1506 in
2821 1453 3002 1507 multis
3037 1453 3268 1508 divitiis.
3302 1453 3508 1508 Iterum

1935 1556 2084 1610 sunt,
2131 1543 2225 1615 qui
2277 1558 2338 1598 se
2385 1544 2719 1610 humiliant;
2769 1544 2886 1599 sive
2909 1560 2991 1610 re,
3030 1544 3198 1598 Deum
3237 1545 3510 1600 exteriore

1935 1646 2146 1691 tantum
2203 1637 2412 1690 honore
2446 1635 2712 1701 colentes,
2753 1636 3033 1706 perdenda
3061 1635 3205 1706 quod
3231 1636 3366 1690 nihil
3401 1636 3509 1690 nisi

1939 1730 2178 1799 Speciem
2213 1730 2408 1792 habet,
2438 1744 2534 1798 per
2582 1729 2815 1782 abusum
2851 1729 3301 1798 superﬂuentium
3332 1737 3384 1783 et
3417 1744 3512 1783 su-
3591 1789 3595 1793 ,

231 1831 328 1898 τῆς
353 1832 768 1902 παραχρήσεως
792 1832 886 1886 τοῦ
919 1833 1178 1902 περιττοῦ
1209 1835 1304 1887 καὶ
1338 1833 1478 1905 ὑπὲρ
1506 1833 1605 1902 τὴν
1629 1833 1820 1904 χρείαν

1954 1839 2024 1876 ira
2053 1823 2434 1876 necessitatem
2467 1822 2853 1876 cxsistentiuin
2893 1821 3256 1890 corporalium
3283 1819 3516 1874 divitia—

235 1921 556 1991 σωματικοῦ
596 1922 852 1987 πλούτου,
907 1924 1002 1976 καὶ
1045 1926 1157 1986 τοῖς
1199 1924 1420 1992 ἀλόγοις
1470 1922 1820 1993 συμφυρῆναι

233 2014 512 2065 πάθεσιν·
565 2013 677 2066 εἴτε
729 2016 1062 2085 φρονήματι,
1113 2018 1178 2068 ἐν
1227 2014 1306 2084 τῷ
1353 2013 1680 2084 πληρώματι
1727 2013 1821 2066 τοῦ

232 2104 369 2158 κατά
389 2105 603 2172 γνῶσιν
636 2107 729 2159 καὶ
766 2107 968 2178 ἀρετὴν
999 2105 1377 2177 πνευματικοῦ
1411 2105 1670 2168 πλούτου,
1700 2105 1825 2158 ἑαυ-

228 2198 352 2259 τοὺς
379 2197 646 2262 ἀναξίους
675 2198 810 2250 Θεοῦ
840 2198 1204 2268 λογιζόμενοι.

297 2295 366 2356 η’.
409 2288 651 2356 Λύτρον
707 2289 912 2358 ψυχῆς
969 2289 1211 2358 ἀνδρὸς,
1261 2293 1294 2343 ό
1339 2289 1490 2354 ἴδιος
1538 2273 1820 2352 πλοῦτος.

230 2381 339 2433 Καὶ
390 2379 691 2450 ἐλευθερία
727 2380 828 2448 μέν
879 2381 995 2432 ἐστι
1045 2381 1144 2450 τῆς
1191 2379 1370 2449 ψυχῆς
1418 2377 1515 2432 τοῦ
1561 2377 1826 2446 γενναίως

229 2471 369 2524 κατὰ
421 2470 531 2523 τῶν
582 2472 772 2524 παθῶν
805 2471 1220 2542 ἀνδριζομένου,
1255 2469 1354 2524 εἴθ’
1390 2471 1418 2522 ὁ
1455 2467 1826 2539 γνησιώτατος

228 2565 292 2634 τῇ
326 2563 398 2616 αὑ
414 2561 507 2614 τοῦ
541 2561 687 2632 ψυχῇ
735 2562 878 2616 κατὰ
913 2561 1116 2631 γνῶσιν
1151 2561 1246 2614 καὶ
1289 2559 1493 2632 ἀρετὴν
1529 2575 1825 2628 πνευματι-

232 2652 322 2716 κὸς
355 2651 616 2716 πλοῦτος,
649 2651 725 2714 ώς
757 2651 935 2721 πάσης
963 2652 1185 2720 ἀγνοίας
1217 2652 1309 2704 καὶ
1331 2649 1528 2710 κακίας
1555 2649 1830 2702 ἀπαλλάτσ-

238 2763 344 2797 των
373 2744 552 2814 αὐτήν
579 2760 592 2774 ο
629 2743 730 2796 εἴθ’
771 2745 799 2796 ὁ
850 2744 910 2808 ἐξ
948 2743 1095 2797 ἰδίων
1137 2745 1317 2796 πόνων
1349 2743 1638 2812 συναχθεὶς
1679 2739 1827 2810 αὐτῷ

247 2835 556 2906 σωματικὸς
580 2835 662 2898 είς
691 2836 931 2906 πένητας
974 2837 1426 2906 σκορπιςόμενος,
1470 2832 1606 2904 πρὸς
1633 2831 1828 2900 λύτρον

245 2928 363 2980 τῶν.
377 2929 602 2998 ἀμαρτη
615 2927 800 2995 μάτων
823 2927 1012 2981 αὑτοῦ.

241 3007 248 3015 ’
316 3023 560 3090 Πτωχὸς
589 3021 654 3074 δὲ
677 3023 789 3090 οὺχ
820 3022 1146 3090 ὑφίσταται
1193 3020 1474 3086 ἀπειλήν.
1517 3021 1575 3074 '0
1604 3022 1830 3096 ἑστερη-

249 3114 411 3184 μένος
441 3114 498 3166 δὲ
529 3113 781 3180 πλούτου,
829 3113 940 3166 εἴτε
983 3112 1322 3184 σωματικοῦ,
1369 3115 1479 3166 εἴτε
1531 3131 1830 3184 πνευματι-

246 3206 368 3272 κοῦ,
409 3207 469 3258 ού
508 3208 754 3274 φοϐεῖται
797 3205 1030 3276 ἀπειλὴν
1057 3206 1156 3277 τῆς
1195 3205 1496 3277 μελλούσης
1535 3207 1829 3273 κολάσεως,

245 3300 328 3352 ὅτι
359 3299 564 3368 ταύτης
589 3299 654 3352 δι’
686 3299 999 3370 ἀφροσύνην
1031 3303 1385 3369 καταφρονεῖ.

319 3390 379 3442 (δέ
417 3389 546 3454 Φῶς
567 3389 820 3455 δικαίοις
843 3388 942 3442 διὰ
963 3390 1212 3454 παντός.
1231 3391 1340 3442 Καὶ
1368 3390 1426 3442 τὸ
1457 3391 1556 3461 μὲν
1579 3393 1678 3461 τῆς
1713 3391 1831 3444 θεο-

245 3476 485 3544 γνωσίας
534 3478 670 3546 φῶς,
701 3479 764 3530 ἐκ
810 3476 903 3529 τοῦ
949 3476 1052 3546 τῆς
1091 3477 1438 3547 δικαιοσύνης
1471 3480 1672 3544 Ἠλίου,
1721 3479 1868 3542 τοῖς

246 3565 386 3618 κατὰ
413 3566 506 3617 τὸν
551 3567 693 3618 θεῖον
727 3565 889 3636 νόμον
932 3563 1040 3618 τῶν
1092 3565 1323 3620 ἐντολῶν
1373 3567 1828 3638 πολιτευομένοις,

243 3657 318 3718 ὡς
347 3657 517 3724 ἀΐδιον
567 3657 866 3727 ἐπιλάμπει
913 3657 1160 3720 ἀδύτως·
1215 3659 1357 3710 κατὰ
1403 3659 1501 3727 μὲν
1539 3659 1601 3711 τὸ
1632 3660 1829 3730 παρὸν,

245 3749 617 3819 ἀμυδρότερον
643 3766 656 3780 ·
691 3750 830 3804 κατά
858 3748 914 3802 δὲ
945 3749 1007 3802 τὸ
1050 3748 1261 3820 μέλλον,
1297 3750 1624 3824 τρανότερόν
1655 3767 1713 3803 τε
1738 3749 1832 3804 καὶ

245 3840 660 3910 καθαρώτερον.
1143 3841 1150 3848 ’

318 3947 450 4014 Φῶς
483 3948 551 4002 δὲ
585 3949 821 4004 ἀσεϐῶν
873 3951 1220 4004 σϐέννυται.
1262 3951 1335 4003 Τὸ
1377 3951 1434 4004 δὲ
1484 3952 1581 4022 τῆς
1611 3969 1676 4004 πε
1689 3953 1738 4020 ρτ.
1766 3951 1832 4005 τά

249 4041 468 4109 φθαρτά
515 4040 638 4094 κατ’
677 4040 930 4107 αἴσθησιν
982 4039 1237 4108 γνώσεως
1269 4040 1548 4108 ἀπατηλὸν
1580 4039 1693 4109 φῶς
1725 4041 1833 4094 τῶν

252 4132 327 4201 μὴ
355 4131 422 4184 δι’
451 4131 628 4202 ἔργων
671 4131 1018 4202 δικαιοσύνης
1063 4131 1348 4201 τιμώντων
1382 4132 1534 4198 Θεὸν,
1578 4133 1714 4202 ταχὺ
1758 4131 1834 4191 ὡς

252 4205 589 4294 πρόσκαιρον
646 4223 988 4292 ἀφανίζεται.
1385 4287 1389 4292 1

327 4315 524 4384 Ψυχαὶ
585 4315 776 4369 δόλιοι
835 4315 1180 4369 πλανῶνται
1227 4315 1298 4368 ἐν
1349 4317 1680 4384 ἁμαρτίαις.
1726 4316 1835 4370 Καὶ

253 4407 420 4479 ψυχαὶ
453 4408 575 4478 μὲν,
609 4409 664 4462 αἱ
695 4407 885 4478 βόθρον
911 4410 1024 4470 τοῖς
1055 4407 1282 4476 πλησίον
1313 4408 1664 4478 ὀρύσσουσαι,
1693 4412 1835 4462 ἀπα-

1932 1929 2050 1966 ι·ιιιη
2078 1953 2092 1977 ,
2150 1921 2204 1966 et
2244 1910 2727 1966 irrationabilibus
2770 1910 3066 1966 turbantur
3113 1909 3512 1979 passionibus;

1931 2010 2046 2064 sive
2071 2017 2272 2071 mente,
2301 2007 2650 2061 cumulantes
2672 2003 2988 2072 spirituales
3001 2002 3304 2057 secundum
3328 2003 3511 2058 scieuo

1930 2103 2058 2157 tiam
2103 2108 2158 2156 et
2203 2101 2461 2156 virtutem
2497 2097 2741 2164 divitias,
2799 2113 2860 2154 se
2892 2098 3152 2169 indignos
3201 2098 3310 2154 Deo
3353 2113 3515 2168 rcpu-

1934 2202 2076 2248 tam.

2006 2283 2174 2340 νεεδ.
2200 2284 2253 2338 8.
2298 2282 2608 2352 Redemptio
2639 2282 2835 2336 anima:
2875 2281 3000 2346 uiri,
3034 2281 3264 2351 propria:
3289 2280 3510 2335 divitia'.

1935 2376 2191 2432 Libertas
2221 2383 2305 2428 est
2339 2375 2534 2428 anima:
2554 2373 2675 2442 ejus
2704 2373 2796 2443 qui
2832 2373 3061 2427 viriliter
3086 2379 3278 2426 contra
3299 2365 3514 2442 passio-

1937 2486 2033 2525 nes
2063 2470 2328 2534 luctatur,
2382 2469 2498 2522 sive
2531 2453 2789 2536 legitimre
2819 2465 2940 2535 ejus
2974 2467 3172 2520 animae
3207 2465 3513 2520 secundum

1937 2559 2224 2614 scientiam
2261 2565 2315 2612 ct
2347 2559 2604 2634 virtutem
2649 2555 2966 2625 spirituales
2997 2555 3222 2620 divitiae,
3257 2555 3325 2608 ab
3365 2555 3515 2608 omni

1939 2645 2246 2715 ignorantia
2287 2651 2342 2698 et
2396 2643 2606 2697 malitia
2647 2643 2886 2697 liberant
2923 2657 3084 2708 eum;
3136 2644 3252 2696 sive
3280 2643 3516 2712 propriis

1939 2739 2222 2791 laboribus
2259 2737 2508 2790 collectae
2555 2734 2874 2804 corporales
2912 2733 3120 2788 divitiae
3153 2735 3207 2788 in
3248 2749 3516 2804 pauperes

1938 2829 2341 2894 diﬂunduntur,
2371 2830 2434 2881 ad
2469 2811 2812 2883 liberandum
2843 2842 2871 2880 a
2905 2828 3023 2884 suis
3053 2844 3176 2884 eum
3206 2823 3464 2898 peccatis.

2010 3011 2288 3066 Hendicus
2308 3028 2412 3064 non
2441 3011 2666 3064 sustinet
2696 3011 3178 3065 comminatiouem.
3204 3009 3306 3078 Qui
3335 3021 3517 3066 autem

1883 3169 1900 3187 ἱ
1941 3105 2189 3174 privatus
2241 3110 2327 3157 est
2369 3102 2602 3166 divitiis,
2649 3102 2768 3157 sive
2819 3103 3094 3171 corporis,
3139 3103 3256 3156 sive
3299 3105 3516 3168 animae,

1941 3212 2049 3250 non
2083 3195 2404 3251 reformidat
2444 3196 2625 3248 minas
2671 3195 2886 3248 venturi
2925 3194 3202 3264 supplicii,
3235 3195 3363 3265 quia
3399 3195 3518 3248 illas

1940 3288 2010 3343 ob
2041 3287 2237 3342 mentis
2263 3285 2638 3355 insipientiam
2667 3284 2922 3354 despicit.

2011 3377 2177 3431 Vens.
2214 3378 2268 3431 9.
2297 3375 2417 3429 Lux
2433 3377 2602 3444 justis
2631 3391 2854 3443 semper.
2875 3376 2992 3429 Lux
3019 3373 3220 3429 divinae
3251 3373 3516 3438 scicntize,

1937 3483 1968 3524 e
1991 3469 2118 3524 Sole
2147 3468 2378 3538 justitia:
2407 3477 2548 3532 orta,
2575 3467 2659 3522 bis
2704 3468 2798 3536 qui
2834 3466 3136 3520 secundum
3174 3466 3344 3536 legem
3381 3464 3519 3518 divi-

1939 3576 2062 3614 nam
2091 3562 2472 3614 mandatorum
2488 3561 2714 3630 degunt,
2739 3566 2948 3613 aeterna
2973 3566 3027 3612 et
3049 3555 3518 3626 iuexstinguibilis

1939 3651 2148 3722 fulget;
2196 3653 2249 3706 in
2299 3667 2547 3722 praesens
2589 3651 2922 3716 obscurior;
2969 3649 3026 3703 in
3070 3649 3316 3704 futurum
3364 3664 3516 3716 vero,

1937 3745 2142 3801 clarior
2163 3753 2217 3800 et
2247 3745 2460 3814 purior.

2010 3951 2128 4006 Lua:
2180 3961 2356 4005 autem
2406 3951 2692 4018 impiorum
2729 3952 3109 4022 exstinguitur.
3169 3951 3284 4006 Lux
3337 3959 3522 4007 autem

1939 4043 2175 4100 mendax
2212 4059 2396 4097 rerum
2451 4045 2897 4112 corruptibilium
2941 4043 3245 4098 secundum
3289 4059 3515 4098 sensum

1941 4133 2209 4199 scientiae,
2244 4133 2298 4186 iu
2321 4133 2408 4187 his
2432 4133 2524 4202 qui
2553 4148 2658 4186 non
2686 4149 2782 4202 per
2802 4135 3320 4205 opcrumjustitiam
3349 4134 3516 4188 hono-

1944 4237 2064 4280 rant
2104 4225 2294 4291 Deum,
2325 4226 2476 4280 brevi
2511 4225 2739 4296 fugitiva
2775 4227 3076 4282 evanescit.

2011 4321 2218 4374 Anima:
2257 4319 2457 4373 doiosaz
2508 4327 2692 4372 errant
2738 4321 2791 4372 in
2838 4320 3088 4386 peccatis.
3137 4321 3367 4388 Anima},
3398 4339 3519 4394 qua:

1943 4412 2145 4466 fossam
2181 4412 2432 4479 proximo
2464 4410 2744 4475 foderunt,
2773 4410 3149 4479 decipiuntur,
3183 4413 3404 4468 sibimet
3432 4416 3517 4469 af-

251 4501 475 4566 τῶνται,
508 4503 727 4564 ἑαυταῖς
783 4499 1144 4571 πρειξενοῦοαι
1197 4500 1491 4564 ἀπώλειαν,
1527 4502 1586 4554 ὲν
1629 4497 1710 4564 οἷς
1738 4503 1830 4572 τὴν

1954 4502 2180 4558 l‘crentes
2201 4503 2588 4571 perditionem,
2617 4502 2672 4556 in
2698 4501 2787 4557 his
2806 4503 3010 4572 quibus
3041 4503 3275 4558 aliorum
3299 4505 3516 4560 ruinam

206 4647 210 4651 ,
249 4592 359 4644 τῶν
393 4591 599 4662 ἑτέρων
637 4589 845 4662 βλάϐην
876 4591 1343 4662 ἐπιτεχνάζονται.

323 4684 546 4736 Δίκαιοι
571 4681 640 4736 δὲ
663 4683 1026 4750 οὶκτείρουσι
1049 4683 1148 4737 καὶ
1176 4683 1478 4737 ἐλεοῦσιν.
1508 4684 1571 4736 Οἱ
1597 4684 1666 4737 δι’
1695 4685 1832 4754 ἀγά-

251 4792 360 4845 πης
404 4775 463 4828 δὲ
497 4775 587 4828 τὸν
627 4775 770 4828 θεῖον
814 4777 979 4844 νόμον
1005 4774 1364 4846 πληροῦντες,
1412 4771 1590 4830 οἶκτον
1617 4777 1830 4846 λαμϐά-

251 4883 402 4920 νουσι
431 4866 540 4919 τῶν
583 4867 1024 4932 δυσπαθούντων,
1073 4868 1169 4920 καὶ
1214 4866 1610 4934 θεραπεύουσιν
1635 4870 1832 4933 αὐτοὺς

251 4961 395 5012 κατὰ
427 4957 654 5026 δύναμιν
674 4974 688 4989 ο
721 4956 820 5028 τὴν
845 4956 1052 5010 ἑαυτῶν
1083 4957 1337 5010 ἐντεῦθεν
1371 4960 1834 5030 πραγματευόμε-

251 5065 332 5102 νοι
368 5049 665 5119 σωτηρίαν.
904 5063 908 5067 ·
1323 5112 1345 5123 κ

326 5147 376 5192 ι’.
427 5140 622 5205 Κακός
652 5141 780 5207 μεθ’
819 5141 1039 5208 ὕϐρεως
1067 5140 1330 5208 πράσσει
1356 5140 1530 5194 κακά.
1565 5141 1622 5194 '0
1649 5144 1832 5213 πάσης

255 5231 448 5294 κακίας
481 5232 920 5302 μεμεστωμένος,
954 5232 1324 5302 ἀναισχύντως
1364 5233 1593 5302 πράττει
1637 5233 1705 5286 τὰ
1738 5251 1833 5287 πο-

258 5325 416 5392 νηρά-

322 5415 388 5466 Οί
435 5413 505 5466 δὲ
537 5411 736 5467 αὐτῶν
789 5415 1212 5484 ἐπιγνώμονες,
1261 5417 1460 5484 σοφοί.
1491 5418 1552 5468 0i
1585 5415 1629 5468 δ’
1655 5417 1714 5467 ἐν
1750 5411 1832 5478 οἷς

259 5501 426 5556 ταῦτα
496 5507 827 5575 πράττουσιν
857 5545 873 5567 ,
947 5504 1404 5574 ἐπιγινώσκοντες
1467 5507 1565 5576 τὴν
1627 5507 1832 5573 οἰκείαν

261 5594 566 5661 ἀσθένειαν,
603 5599 695 5650 καὶ
721 5599 1294 5666 ταπεινοφρονοῦντες,
1341 5600 1462 5652 κατ’
1489 5599 1620 5651 αὐτὸ
1651 5598 1830 5662 τοῦτο,

267 5686 476 5755 μέτοχοί
505 5706 645 5752 τινος
677 5691 869 5758 σοφίας
899 5692 1052 5742 εἰσίν.

336 5779 420 5832 ια’.
459 5781 740 5850 Ὕπαρξις
779 5781 1332 5852 ἐπισπουδαζομένη
1379 5781 1528 5852 μετὰ
1557 5783 1828 5852 ἀνομίας,

1941 4595 2347 4649 machinantur.

2007 4687 2156 4742 Justi
2185 4697 2362 4741 autent
2393 4687 2712 4740 miserentur
2738 4694 2790 4740 et
2816 4685 3174 4755 opitulantur.
3209 4685 3312 4752 Qui
3337 4695 3515 4744 autem

1940 4794 2036 4848 per
2063 4779 2389 4832 charitatcm
2417 4778 2590 4846 legem
2634 4777 2875 4831 divinam
2922 4776 3244 4846 adimplent,
3279 4778 3517 4834 infortu-

1940 4885 2194 4924 natorum
2231 4871 2584 4935 miserentur,
2624 4879 2678 4924 et
2706 4869 3052 4938 opitulantur
3083 4869 3192 4924 illis
3215 4886 3315 4940 pro
3343 4871 3520 4928 iacul-

1941 4963 2173 5025 tatibus,
2204 4961 2430 5017 sibimet
2459 4961 2590 5016 inde
2625 4969 2990 5032 procurantes
3015 4961 3272 5016 salutem.

2011 5143 2182 5199 Vens.
2216 5145 2306 5198 10.
2344 5143 2526 5198 Malus
2558 5161 2677 5198 cum
2696 5145 3016 5198 contumelia
3043 5144 3172 5212 facit
3207 5144 3370 5198 mala.
3413 5144 3516 5211 Qui

1939 5237 2088 5290 omni
2142 5236 2350 5291 malitia
2401 5237 2636 5292 satiatus
2685 5246 2790 5301 est,
2851 5237 2978 5291 sine
3020 5237 3222 5291 rubore
3260 5240 3370 5302 agit
3403 5256 3520 5293 ma-

1939 5327 2106 5397 ligna.

2013 5420 2118 5484 Qui
2147 5428 2321 5472 autem
2351 5420 2434 5472 sui
2474 5419 2710 5486 ipsorum
2732 5419 3029 5488 cognitores
3061 5429 3205 5482 sunt,
3231 5423 3516 5489 sapientes.

1940 5511 2018 5566 Illi
2050 5527 2179 5566 vero
2211 5511 2266 5564 in
2291 5512 2492 5580 quibus
2515 5511 2646 5564 talia
2675 5523 2867 5584 agunt,
2901 5521 3198 5567 noscentes
3240 5516 3517 5583 propriam

1940 5601 2337 5664 inﬁrmitatem,
2373 5608 2427 5654 et
2452 5602 2732 5658 humiliter
2764 5605 3085 5671 sentientes,
3118 5606 3188 5659 ob
3222 5607 3274 5659 id
3318 5623 3516 5675 Ipsum,

1940 5693 2237 5762 participes
2277 5693 2512 5762 alicujus
2545 5695 2831 5763 sapientiae
2866 5697 3022 5752 ﬁunt.

2020 5782 2189 5840 Vens.
2225 5785 2310 5838 11.
2352 5776 2642 5854 Opuientia
2667 5787 2921 5856 festinata
2951 5806 3068 5842 cum
3093 5789 3383 5858 iujustitia,
3419 5790 3520 5842 mi-
