3958 6376
208 352 359 420 1353

1284 332 1823 409 COMMENTARII
1865 343 1946 404 IN
1985 344 2446 406 PROVERBIA.

3361 353 3493 416 last

291 469 348 520 Ὀ
380 466 448 522 δὲ
479 467 663 534 ἄνους
695 467 812 522 ὑπὸ
868 465 1114 536 παγίδος
1144 465 1432 519 θανεῖται.
1469 465 1527 517 '0
1548 464 1604 518 δὲ
1634 463 1796 534 ἀνόη-

1978 460 2188 515 Stultus
2241 471 2420 515 autem
2462 462 2558 514 sub
2601 461 2788 532 laqueo
2855 463 3132 517 morietur.
3178 461 3493 521 lnsensatus

200 575 297 620 τος
336 556 620 627 συσχεθεὶς
671 557 746 620 ὡς
799 557 904 610 ὑπὸ
954 555 1181 624 παγίδος
1221 555 1389 622 τινὸς,
1429 555 1530 624 τῆς
1567 555 1695 623 περὶ
1737 553 1805 606 τὰ

202 648 374 701 ὑλικὰ
395 647 514 700 κατ’
541 646 796 718 αἴσθησιν
823 648 1056 719 πλάνης,
1093 645 1171 716 τῷ
1205 646 1328 700 καθ’
1359 644 1637 716 ἁμαρτίαν
1661 645 1802 696 ὀλεῖ-

201 757 298 794 ται
341 739 582 809 θανάτῳ.

278 859 364 907 ιε’.
402 853 661 918 Σύνεσις
699 852 890 922 ἀγαθὴ
955 851 1170 905 δίδωσι
1218 844 1417 920 χ’άριν.
1464 846 1526 902 Ἦ
1572 847 1682 902 τῶν
1729 850 1806 903 δι-

199 944 521 998 δασκόντων
554 943 864 1015 τελειοτέρα
913 944 1047 1014 περὶ
1088 942 1156 996 τά
1187 942 1305 995 θεῖα
1353 939 1633 1011 ἐπιστήμη
1694 940 1807 1002 τοῖς

200 1035 618 1097 διδασκομένοις
642 1035 794 1100 Θείας
827 1034 1087 1105 γνώσεως
1119 1033 1464 1106 μεταδίδωσι.

280 1149 358 1200 Τὸ
405 1145 474 1198 δὲ
508 1143 730 1208 γνῶναι
756 1147 948 1214 νόμον
1008 1143 1277 1208 διανοίας
1326 1141 1499 1195 ἐστὶν
1553 1138 1803 1208 ἀγαθῆς.

201 1237 280 1290 Τὸ
313 1235 362 1290 δ’
394 1217 595 1299 αὑτόυς
625 1234 753 1299 τοὺς
812 1234 1295 1306 μαθητευομὲνους
1326 1230 1652 1286 καταλαϐεῖν
1699 1229 1809 1282 τῶν

202 1329 623 1399 διδασκομένων
657 1329 843 1392 αὐτοῖς
883 1327 1043 1380 θείων
1075 1324 1306 1378 ἐντολῶν
1338 1324 1439 1386 τὰς
1465 1321 1662 1386 αίτίας,
1697 1320 1812 1376 δια-

203 1419 359 1484 νοίας
385 1420 540 1474 ἐστὶν
570 1417 1021 1490 εὐθυδρομούσης
1055 1419 1193 1488 πρὸς
1216 1417 1317 1486 τὴν
1347 1414 1626 1484 ἀλήθειαν.

287 1530 455 1584 Ὀδοὶ
486 1529 556 1582 δὲ
584 1530 1148 1599 καταφρονούντων,
1181 1527 1251 1580 ἐν
1266 1525 1554 1591 ἀπωλείᾳ.
1582 1523 1644 1576 Δί
1675 1521 1812 1592 πρά·

206 1619 319 1687 ξεις
352 1621 416 1674 δέ
459 1621 568 1674 τῶν
610 1622 742 1694 περὶ
781 1623 883 1684 τὰς
931 1619 1083 1683 θείας
1122 1617 1342 1681 ἐντολὰς
1387 1615 1604 1688 ἀμελῶς
1641 1615 1812 1667 διατι-

205 1714 485 1782 θεμένων,
525 1714 655 1784 περὶ
691 1714 753 1766 τὸ
788 1713 957 1783 μηδὲν
1003 1710 1420 1780 καταγίνονται·
1473 1707 1667 1778 ἐνσγὰρ
1697 1707 1811 1769 τοῖς

205 1800 328 1858 οὖσι
359 1805 428 1857 τὸ
459 1805 633 1858 κακὸν
664 1804 764 1857 οὐκ
789 1803 962 1857 ἔστιν.

280 1919 381 1977 ις’.
428 1912 553 1979 Πᾶς
593 1913 934 1984 πανοῦργος
984 1911 1250 1980 πράσσει
1288 1909 1439 1980 μετὰ
1503 1909 1799 1980 γνώσεως.

207 2004 394 2067 Ἀπας
432 2006 459 2057 ό
483 2004 582 2074 τὴν
621 2005 984 2076 ἐνεργητικὴν
1007 2003 1200 2057 πασῶν
1225 2003 1333 2056 τῶν
1360 2002 1570 2074 ἀρετῶν
1602 2018 1804 2071 κεκτη-

208 2097 372 2167 μένος
418 2096 707 2166 φρόνησιν,
771 2096 1003 2167 πράττει
1055 2096 1155 2159 τὰς
1197 2095 1400 2167 ἀρετάς
1453 2096 1591 2165 μετὰ
1620 2095 1801 2162 λόγου,

202 2193 510 2260 διακρίνων
535 2192 643 2246 άπὸ
677 2191 770 2245 τοῦ
803 2192 1014 2262 ἀγαθοῦ
1045 2193 1106 2247 τὸ
1135 2193 1328 2259 κακὸν,
1358 2193 1450 2246 καὶ
1479 2191 1623 2247 οὕτω
1647 2191 1806 2246 τοῦτο

204 2302 410 2341 ποιων.

288 2393 353 2447 '0
401 2392 470 2446 δὲ
503 2391 710 2462 ἄφρων
772 2394 1098 2458 ἐξεπέτασε
1146 2395 1262 2463 τὴν
1311 2394 1530 2450 ἑαυτοῦ
1563 2394 1801 2449 κακίαν.

218 2485 278 2539 Ὁ
316 2486 378 2538 δὲ
415 2487 645 2556 ἀνόητος
670 2488 732 2539 τὸ
761 2489 903 2542 κατὰ
933 2487 1172 2542 διάθεσιν
1213 2486 1542 2558 ἐνδομυχοῦν
1575 2491 1632 2541 ἐν
1655 2487 1806 2558 αὺτῷ

205 2575 384 2628 κακὸν
440 2573 754 2644 ἐξήπλωσε,
789 2575 879 2628 διὰ
907 2576 1163 2646 πράξεως
1210 2579 1290 2640 εἰς
1318 2577 1378 2629 τὸ
1409 2576 1640 2648 φανερὸν
1670 2577 1806 2644 άγα-

205 2668 343 2738 γῶν.

284 2779 373 2843 ιζ’.
430 2778 730 2860 Βασιλεὺς
778 2778 1008 2848 θρασὺς
1074 2779 1351 2850 ἐμπίπτει
1395 2783 1480 2849 είς
1524 2781 1698 2836 κακά.
1747 2781 1804 2834 Ὀ

207 2871 302 2927 τοῦ
359 2873 487 2926 ὅλου
547 2870 839 2944 ἀνθρώπου
894 2873 1248 2943 ἡγεμονεύων
1296 2875 1442 2938 νοῦς,
1491 2877 1538 2928 εἰ
1589 2874 1665 2946 μὴ
1705 2873 1804 2945 τὴν

213 2965 538 3036 σωματικὴν
581 2965 968 3033 ἐπιγινώσκων
1014 2967 1296 3021 ἀσθένειαν
1321 3009 1335 3032 ,
1378 2967 1802 3036 συγκαταϐαίνει

211 3058 376 3129 αὐτῇ,
408 3057 824 3128 διεξερχόμενος
850 3060 952 3128 τὴν
988 3061 1110 3113 κατ’
1157 3060 1358 3130 ἀρετὴν
1387 3061 1679 3132 μεσότητα,
1727 3059 1804 3123 ὡς

1915 561 2098 606 autem
2153 541 2451 623 impeditus
2497 553 2642 607 velut
2689 553 2742 607 in
2778 553 3111 622 quibusdam
3153 555 3386 620 retibus,
3436 559 3490 608 in

1911 659 2015 700 suo
2049 644 2197 698 circa
2239 646 2487 699 carnalia
2508 646 2814 701 secundum
2849 662 3076 702 sensum
3109 663 3322 714 errore,
3353 663 3494 702 mor-

1911 744 1963 790 te
2005 737 2309 791 secundum
2342 748 2624 807 peccatum
2650 739 2902 809 disperit.

1984 845 2148 901 Vens.
2195 846 2282 902 15.
2321 846 2580 903 Doctrina
2603 849 2740 903 bona
2772 849 2866 903 dat
2896 852 3150 920 gratiam.
3195 849 3502 907 Perfectior

1912 937 2225 992 docentium
2246 938 2397 992 circa
2432 955 2520 994 res
2545 940 2764 996 divinas
2802 940 3077 1003 doctrina,
3114 941 3215 996 hos
3243 943 3341 1011 qui
3389 943 3504 999 edi-

1913 1037 2076 1082 scunt
2102 1025 2301 1081 divinae
2329 1028 2571 1083 scientiae
2603 1029 2900 1099 partit-ipes
2932 1029 3082 1085 facit.

1987 1133 2320 1203 Cognoscere
2360 1145 2538 1190 autem
2591 1137 2773 1208 legem,
2810 1141 3174 1209 intelligentia:
3213 1150 3289 1194 εει
3327 1141 3497 1196 bones.

1912 1224 2150 1290 Quando
2198 1235 2383 1280 autem
2435 1225 2541 1295 ipsi
2585 1228 2844 1298 discipuli
2882 1230 3368 1299 comprehendunt
3406 1232 3501 1288 Dei

1913 1315 2302 1371 mandatorum
2351 1331 2472 1385 quae
2503 1317 2614 1374 illis
2653 1319 2927 1374 docentur
2970 1334 3189 1383 causas,
3233 1321 3499 1376 indicium

1915 1415 2002 1465 est
2034 1408 2415 1479 intelligentia:
2437 1425 2560 1480 quae
2592 1420 2743 1466 recta
2771 1413 2946 1466 tendit
2977 1413 3043 1467 ad
3081 1415 3392 1470 veritatem.

1994 1517 2108 1572 Vite
2132 1526 2308 1572 autem
2339 1527 2764 1588 contemptorum
2802 1521 2856 1574 in
2891 1521 3208 1589 perditione.
3237 1523 3500 1578 Actiones

1915 1612 2136 1668 illorum
2170 1613 2264 1683 qui
2316 1615 2468 1668 circa
2526 1613 2711 1667 divina
2761 1613 3024 1668 mandata
3066 1615 3406 1685 negligenter
3441 1631 3502 1672 se

1918 1707 2143 1768 habent,
2188 1707 2338 1761 circa
2380 1705 2614 1760 nihilum
2665 1712 2987 1772 morantur;
3021 1706 3079 1760 in
3115 1707 3318 1762 talibus
3352 1708 3496 1763 enim

1836 1815 1880 1870 Β
1911 1800 2114 1854 malum
2147 1815 2257 1855 non
2288 1808 2393 1854 est.

1984 1908 2156 1966 Vens.
2214 1908 2302 1963 16.
2363 1908 2552 1964 Omnis
2593 1919 2804 1964 astutus
2846 1910 2960 1980 agit
2999 1925 3122 1964 cum
3167 1908 3500 1981 cognitione.

1909 2004 2102 2059 Omnis
2132 2003 2228 2074 qui
2278 2003 2494 2073 plenam
2539 2002 2789 2057 omnium
2839 2003 3102 2056 virtutum
3156 2002 3389 2073 adeptus
3419 2010 3504 2057 est

1908 2097 2356 2167 intelligentiam,
2409 2095 2642 2151 virtutes
2683 2103 2906 2151 exercet
2941 2111 3065 2150 cum
3140 2096 3377 2162 ratione,
3415 2097 3502 2150 di-

1908 2187 2147 2246 scrimen
2196 2201 2365 2258 agens
2387 2187 2515 2242 boni
2549 2193 2603 2240 et
2642 2186 2793 2253 mali,
2845 2186 3036 2255 sicque
3073 2186 3206 2242 illud
3269 2187 3497 2243 faciens.

1981 2393 2088 2460 Qui
2119 2400 2300 2446 autem
2342 2391 2542 2444 stultus
2575 2398 2678 2456 est,
2712 2390 2962 2459 patefecit
2993 2407 3149 2446 suam
3187 2392 3499 2462 nequitiam.

1906 2484 2226 2540 lnsensatus
2291 2491 2476 2538 autem
2535 2483 2878 2538 reconditum
2943 2485 2996 2538 in
3055 2485 3241 2539 animo
3297 2490 3499 2540 malum

1911 2578 2200 2650 patefacit,
2241 2592 2338 2648 per
2367 2577 2640 2632 actionem
2685 2577 2816 2631 illud
2851 2578 3032 2648 palam
3082 2579 3402 2635 ostendens.

1981 2777 2150 2832 Vens.
2205 2778 2290 2832 Π.
2327 2775 2440 2831 Rex
2471 2777 2658 2830 audax
2703 2777 2847 2830 cadit
2880 2777 2933 2831 in
2976 2778 3143 2831 mala.
3182 2776 3335 2834 Mens
3381 2795 3501 2850 quae

1908 2875 2084 2922 totum
2143 2867 2416 2923 hominem
2435 2869 2592 2938 regit,
2614 2867 2719 2922 nisi
2754 2869 3003 2937 corporis
3020 2868 3308 2936 debilitati,
3335 2885 3500 2940 quam

1911 2959 2219 3030 cognoscit,
2251 2961 2527 3024 consulat,
2548 2960 2786 3014 mediam
2813 2961 2868 3014 in
2901 2962 3111 3017 virtute
3136 2962 3280 3017 viam
3311 2977 3500 3019 recur-

1908 3067 2060 3118 rens,
2111 3067 2174 3105 ex
2226 3051 2400 3105 nimia
2444 3051 2676 3105 audacia
2725 3051 2877 3106 cadit
2919 3053 2972 3107 in
3021 3053 3372 3111 difficultates
3427 3056 3500 3112 ob

213 3149 532 3221 παράϐολος
559 3149 886 3221 περιπίπτει
910 3151 1026 3214 τοῖς
1057 3150 1180 3204 καθ’
1210 3152 1520 3224 ὑπερϐολὴν
1545 3152 1643 3222 τῆς
1669 3153 1800 3224 ἀρε·

1928 3143 2383 3216 :xaggerationem
2407 3145 2624 3202 virtutis
2653 3153 2822 3202 ortas.

211 3238 316 3309 τῆς
356 3240 609 3294 πάθεσιν.

287 3350 576 3418 Ἀγγελος
606 3349 675 3403 δὲ
699 3351 894 3420 σοφὸς
947 3352 1160 3418 ῥύεται
1193 3352 1400 3405 αὐτόν.
1447 3349 1807 3405 Ἀπαλλάττει

209 3441 270 3494 δὲ
300 3441 468 3494 αὐτὸν
493 3441 589 3494 τοῦ
623 3443 874 3495 τοιούτου
911 3441 1187 3506 κινδύνου,
1219 3445 1247 3495 ό
1275 3443 1374 3512 τῆς
1399 3442 1643 3511 μεγάλης
1686 3443 1809 3511 βου-

208 3530 311 3599 λῆς
338 3531 438 3584 τοῦ
473 3530 690 3602 Πατρὸς
724 3531 1042 3612 Ἀγγελοςησ
1072 3534 1101 3585 ό
1121 3531 1282 3600 σοφὸς
1315 3531 1500 3602 ίατρὸς
1524 3531 1633 3584 τῶν
1666 3532 1806 3602 ἡμε-

208 3621 395 3694 τέρων
420 3623 612 3694 ψυχῶν
661 3623 797 3688 Θεὸς
834 3624 1028 3693 Λόγος,
1084 3624 1385 3695 συγχωρῶν
1420 3624 1585 3678 αὐτὸν
1621 3625 1805 3678 ποικί-

210 3713 328 3779 λοις
354 3719 680 3786 περιπεσεῖν
719 3717 991 3771 πάθεσινο
1032 3717 1121 3770 ἵνα
1152 3716 1299 3788 μάθῃ
1334 3719 1802 3789 ταπεινοφρονεῖν,

215 3807 311 3862 καὶ
352 3807 431 3877 μὴ
456 3809 524 3879 τῇ
565 3808 806 3878 διακένῳ
841 3808 968 3880 δόξῃ
995 3807 1418 3879 ἐμματαιάζειν.

289 3922 385 3986 ιη’.
442 3917 664 3973 Πενίαν
721 3917 821 3971 καὶ
877 3918 1118 3988 ἀτιμίαν
1161 3915 1493 3986 ἀφαιρεῖται
1544 3916 1802 3972 παιδεία.

227 4006 292 4060 Ἦ
348 4005 456 4059 τῶν
501 4005 772 4060 ἀκουσίων
825 4007 1003 4060 πόνων
1067 4008 1333 4078 ἐπαγωγὴ
1363 4048 1380 4072 ,
1419 4007 1517 4078 τὴν
1579 4006 1807 4080 σύντρο-

218 4121 318 4172 φον
357 4106 422 4174 τῇ
473 4102 596 4157 καθ’
645 4101 1144 4174 ἡδονὴν¹στενώσει
1189 4102 1446 4173 στέρησιν
1486 4101 1582 4155 τοῦ
1637 4119 1806 4155 πνευ-

217 4190 453 4262 ματικοῦ
525 4192 798 4256 πλούτου,
876 4193 972 4245 καὶ
1028 4192 1097 4246 τὰ
1155 4191 1453 4262 ἀτιμοποιὰ
1504 4191 1653 4262 πάθη
1707 4209 1805 4245 πε-

221 4285 426 4353 ριαιρεί
453 4297 466 4311 ⁸
525 4283 586 4336 τὸ
632 4281 875 4346 συνειδὸς
922 4281 1274 4353 διεγείρουσα
1323 4283 1402 4347 είς
1443 4281 1665 4353 ἔλεγχον
1710 4279 1804 4335 τοῦ

215 4390 416 4428 κάκου.

1988 3347 2226 3402 Nuntius
2263 3357 2441 3403 autem
2469 3350 2680 3417 sapiens
2715 3349 2902 3405 liberat
2924 3367 3064 3407 eum.
3095 3353 3352 3410 Custodit
3380 3373 3440 3413 se
3466 3374 3495 3412 a

1909 3435 2076 3492 simili
2115 3437 2361 3505 periculo
2397 3437 2580 3506 magni
2613 3439 2832 3492 consilii
2867 3441 3044 3509 patris
3078 3443 3359 3513 Angelus;
3408 3461 3497 3502 sa-

1909 3529 2068 3598 piens
2097 3536 2416 3583 nostrarum
2452 3530 2764 3584 animarum
2781 3532 3055 3596 medicus,
3080 3533 3226 3591 Deus
3244 3537 3492 3606 verbum,

1914 3617 2241 3686 permittens
2272 3634 2331 3674 se
2361 3619 2534 3675 variis
2578 3620 2816 3676 motibus
2843 3623 3064 3693 agitari,
3093 3635 3149 3679 ut
3172 3625 3367 3682 doceat
3393 3644 3495 3685 nos

1912 3709 2202 3765 humiliter
2243 3710 2474 3774 sentire,
2505 3725 2686 3781 neque
2716 3712 2865 3766 inani
2905 3713 3077 3781 gloria
3110 3715 3309 3771 inflari.

1979 3912 2155 3970 Vens.
2190 3914 2280 3970 18.
2320 3911 2711 3984 Paupertatem
2737 3925 2786 3970 et
2816 3918 3165 3987 ignominiam
3206 3918 3382 3989 aufert
3408 3920 3496 3975 di-

1911 4007 2157 4074 sciplina.
2198 4005 2486 4062 [Erumnte
2511 4023 2634 4078 quae
2677 4008 2940 4064 invadunt
2985 4010 3206 4077 invitos,
3253 4013 3548 4071 animam.

1913 4097 2117 4166 gaudio
2153 4097 2320 4152 simul
2352 4098 2738 4168 spiritualibus
2782 4098 2990 4156 divitiis
3028 4103 3304 4171 privatam
3355 4105 3500 4163 dite-

1911 4197 2096 4253 scunt,
2150 4188 2466 4258 vilibusque
2513 4199 2751 4260 purgant
2796 4195 3176 4264 passionibus,
3207 4199 3499 4256 conscien—

1907 4279 2042 4333 tiam
2075 4279 2370 4335 excitando
2407 4281 2470 4335 in
2504 4283 2995 4352 reprehensionem
3025 4288 3176 4342 mali.

295 4482 365 4535 Ὅ
412 4481 482 4535 δὲ
541 4480 884 4552 φυλάσσων
942 4481 1234 4552 ἐλέγχους
1256 4523 1270 4547 ,
1333 4481 1798 4547 δοξασθήσεται.

1983 4477 2089 4543 Qui
2113 4487 2290 4533 autem
2322 4479 2751 4550 reprehensiones
2785 4483 3050 4548 observat,
3079 4486 3494 4556 gloriﬁeabitur.

230 4571 291 4625 '0
322 4572 382 4626 δὲ
432 4572 561 4636 τοὺς
612 4571 720 4625 τῶν
757 4571 935 4625 πόνων
981 4571 1286 4641 ἐλέγχους,’
1310 4572 1386 4643 μὴ
1419 4572 1488 4625 δι’
1511 4572 1803 4642 ὀλιγωρίαν

218 4663 493 4725 ἀπόλλων,
541 4662 678 4718 ἀλλὰ
738 4662 1020 4734 συντηρῶν
1066 4662 1287 4725 τούτους
1346 4663 1476 4735 παρ’
1509 4662 1686 4733 ἐαυτῷ
1734 4663 1804 4717 δι’

217 4754 544 4826 εὐχαρίστου
591 4754 894 4826 ὑπομονῆς,
944 4753 1044 4824 τῆς
1095 4752 1248 4825 παρὰ
1290 4753 1411 4825 Θεῷ
1441 4753 1688 4820 τεύξεται
1719 4754 1800 4808 δόσ

217 4844 336 4914 ξηςο

289 4953 375 5008 ιθν.
445 4953 786 5022 Ἐπιθυμίαι
859 4952 1144 5021 εὐσεϐῶν,
1203 4953 1501 5021 ἡδύνουσι
1567 4954 1800 5024 ψυχήν.

216 5045 283 5097 Δί
317 5044 448 5115 περὶ
496 5044 558 5096 τὸ
611 5044 819 5113 ἀγαθὸν
865 5044 1083 5114 ἐφέσεις
1132 5045 1241 5098 τῶν
1287 5045 1679 5117 ἁγαθοεργίαις
1719 5063 1802 5098 τι-

225 5135 451 5206 μώντων
479 5135 636 5202 Θεὸν,
667 5139 734 5207 τῇ
785 5135 979 5189 τούτου
1009 5137 1267 5208 ἐπιτυχξᾳ
1301 5138 1658 5209 εὐφραίνουσι
1695 5136 1802 5207 ψυ-

219 5245 340 5300 χην.

293 5321 483 5392 Ἔργα
547 5321 616 5375 δὲ
686 5321 962 5388 ἀσεϐῶν,
1039 5327 1274 5392 μακρὰν
1329 5322 1450 5377 ἀπὸ
1506 5322 1800 5392 γνώσεως.

220 5415 284 5466 Ai
334 5416 391 5467 δὲ
445 5415 670 5485 πράξεις
747 5415 857 5468 τῶν
918 5415 992 5487 μὴ
1059 5417 1200 5469 οὕτω
1252 5415 1541 5486 τιμώντων
1606 5416 1800 5480 αὐτὸν,

223 5509 408 5579 πόρρω
470 5509 569 5578 τῆς
606 5508 701 5561 τοῦ
751 5509 959 5576 ἀγαθοῦ
1003 5512 1109 5564 είσι
1162 5508 1439 5578 γνώσεως,
1497 5511 1573 5573 ὡς
1619 5511 1803 5578 ἄλογοι

222 5599 314 5652 καὶ
380 5601 594 5671 ἀπάτης
655 5601 892 5670 μεσταίο
949 5601 1242 5654 κάντεῦθεν
1299 5603 1515 5666 πάντως
1572 5602 1660 5656 διὰ
1706 5602 1804 5674 τὴν

223 5687 314 5741 τοῦ
359 5689 530 5764 κακοῦ
581 5693 822 5762 πεῖραν,έ
851 5689 1124 5745 θλίϐουσιν
1155 5689 1248 5743 ’ἐκ
1301 5689 1664 5762 μεταμελείας
1697 5688 1802 5760 ψυ-

224 5780 342 5852 χήν.

552 5873 828 5936 Ρηιιοι.
876 5874 994 5936 Gn.
1040 5872 1402 5935 LXXXVII.

1909 4568 2013 4636 Qui
2059 4572 2324 4627 a‘rumnis
2357 4574 2632 4629 excitatos
2669 4577 3036 4633 conscientia:
3076 4580 3331 4636 stimulos
3380 4598 3494 4639 non

1910 4664 2318 4734 parvipendens
2357 4667 2639 4736 opprimit,
2678 4667 2772 4730 sed
2811 4670 2957 4740 apud
2989 4686 3049 4726 se
3084 4671 3232 4727 fovet
3264 4684 3420 4743 grato
3440 4686 3494 4733 et

1909 4757 2188 4811 constanti
2243 4758 2466 4824 animo,
2526 4758 2631 4813 sibi
2683 4759 2826 4829 apud
2898 4761 3070 4818 Deum
3147 4770 3496 4836 comparabit

1906 4847 2144 4904 laudem.
2208 4886 2214 4891 -

1975 4958 2146 5012 Vens.
2190 4957 2276 5013 19.
2331 4957 2605 5015 Desideria
2654 4963 2864 5030 piorum
2907 4965 3186 5034 lwti/‘icant
3229 4971 3489 5026 animam.

1905 5047 2087 5102 Animi
2133 5049 2188 5102 in
2227 5048 2431 5104 bonum
2477 5053 2718 5122 impetus
2763 5056 2817 5108 in
2861 5055 2948 5110 his
2981 5059 3074 5126 qui
3113 5059 3274 5115 bonis
3309 5062 3490 5131 operi.

1907 5139 2014 5196 bus
2067 5141 2342 5196 honorant
2397 5142 2599 5210 Deum,
2655 5145 2800 5201 felici
2853 5148 3004 5203 exitu
3050 5150 3323 5206 delectant
3373 5155 3493 5208 ani-

1907 5247 2072 5286 mam.

1980 5323 2154 5392 Opera
2202 5335 2378 5380 autem
2405 5327 2689 5398 impiorum
2728 5330 2879 5402 longe
2901 5349 2932 5385 a
2963 5334 3200 5389 scientia.
3233 5337 3493 5396 Actiones

1905 5429 2036 5469 vero
2084 5416 2302 5471 illorum
2347 5419 2440 5488 qui
2516 5435 2625 5474 non
2663 5421 2738 5475 ita
2779 5423 3051 5477 honorant
3101 5423 3295 5493 Deum,
3331 5428 3493 5500 longe

1907 5513 2040 5557 sunt
2070 5519 2099 5558 a
2133 5507 2443 5575 cognitione
2480 5510 2631 5574 boni,
2683 5519 2944 5582 tanquam
2981 5514 3192 5571 ratione
3240 5529 3494 5575 carentes

1907 5605 1955 5649 et
1988 5610 2176 5651 errore
2207 5598 2420 5668 plena;
2454 5610 2508 5655 et
2539 5601 2662 5658 ideo
2691 5603 2763 5658 ob
2794 5607 3150 5662 tentationem
3173 5608 3324 5676 mali,
3349 5626 3496 5669 sem-

1908 5703 2010 5759 per
2041 5700 2337 5747 conterunt
2366 5694 2608 5750 animam
2647 5697 2988 5768 paenitentia.

3083 5887 3161 5954 43
