3958 6386
513 330 674 394 ³1355

1876 325 2226 386 PROCUPll
2260 327 2506 392 GAZ/EI

3646 339 3753 411 i356

598 440 770 497 Vens.
799 442 893 497 20.
940 438 1051 507 Qui
1092 437 1340 493 ambulat
1379 452 1498 491 cum
1531 435 1878 505 sapientibus,
1914 437 2112 505 sapient

2296 440 2363 499 κ’.
2410 443 2464 496 ’0
2492 427 3026 517 συμπορευόμενος
3061 448 3277 518 σοφοῖς
3295 487 3310 514 ,
3359 451 3541 522 σοφὸς
3579 455 3752 514 ἔσται·

524 535 628 586 erit
654 532 776 604 ,‘qui
803 541 980 586 autem
1005 530 1244 584 ambulat
1277 544 1397 582 cum
1419 527 1731 593 insensatis,
1756 525 2118 598 cogboscetur.

523 626 632 690 Qui
663 625 729 680 ad
769 622 1168 695 perfectionem
1198 626 1514 692 praeeuntes
1535 618 2116 691 magistrosimitatur,
2149 635 2156 642 ·

526 716 821 790 perfectus
851 717 1018 772 etiam
1049 714 1178 780 erit,
1212 713 1577 770 assimilando
1607 727 1668 769 se
1693 726 1821 768 cum
1851 711 1986 768 illis.
2015 709 2122 778 Qui

522 826 662 867 vero
693 824 820 868 cum
873 807 1176 863 insensatis
1204 815 1378 874 errat,
1428 806 1529 862 etsi
1572 803 1845 861 occultari
1885 805 2118 869 nitatur,

535 918 704 975 opera
745 901 1095 957 tenebrarum
1133 897 1367 966 iaciens,
1423 909 1711 967 nunquam
1763 893 1993 950 omnino
2027 907 2122 949 oc-

535 994 722 1048 cultus
749 1007 874 1048 esse
899 990 1106 1064 poterit
1130 1007 1146 1056 ;
1172 989 1608 1060 divulgabuntur
1621 986 1768 1043 enim
1795 984 1917 1056 ejus
1944 983 2118 1040 actio-

531 1100 630 1142 nes
669 1085 724 1140 in
761 1082 1058 1140 metuendo
1092 1082 1382 1139 tribunali.

590 1290 765 1347 Vens.
797 1291 892 1346 21.
916 1289 1234 1346 Peccatores
1262 1287 1598 1359 persequitur
1617 1282 1844 1339 malum.
1871 1279 1983 1337 Hos
2021 1279 2117 1352 qui

516 1382 705 1438 divina
753 1380 1013 1437 inlaudata
1056 1379 1628 1452 praitergrediuntur,
1669 1383 1875 1432 aeterna
1920 1386 2116 1444 perse-

516 1484 764 1547 quentur
800 1474 1097 1546 supplicia.

585 1584 762 1638 Justis
787 1593 967 1637 autem
996 1581 1362 1637 retribuentur
1389 1579 1549 1634 bona.
1579 1575 1695 1634 Hos
1726 1590 1862 1632 vero
1885 1575 1982 1647 qui
2017 1573 2114 1629 illa

517 1684 745 1733 Servnnt
773 1715 788 1742 ,
833 1685 1041 1731 aeterna
1089 1674 1239 1730 bona
1278 1671 1595 1744 excipient;
1654 1669 1874 1741 quando
1926 1668 2114 1739 justus

513 1767 691 1824 Judcx
736 1769 1041 1824 secundum
1067 1768 1265 1823 merita
1298 1766 1500 1838 cuique
1537 1762 1886 1819 retribuerit.

586 1976 763 2034 Vens.
801 1977 892 2032 22.
936 1977 1124 2033 Bonus
1148 1977 1229 2033 vir
1255 1976 1576 2032 haereditare
1606 1974 1766 2046 faciet
1798 1973 1940 2045 ﬁlios
1969 1973 2117 2044 ﬁlio-

518 2087 660 2128 rum.
695 2071 800 2139 Qui
842 2082 1039 2128 natura
1097 2081 1182 2128 est
1216 2073 1416 2139 bonus,
1448 2079 1712 2142 tanquam
1738 2067 2119 2140 Deus,unige-

514 2167 664 2220 nitus
698 2165 874 2222 Filius
903 2175 958 2222 et
981 2165 1222 2222 Verbum
1261 2164 1354 2220 Dei
1393 2173 1446 2220 et
1484 2163 1664 2219 Patris
1695 2171 1915 2228 natura,
1938 2160 2116 2217 factus

518 2259 704 2325 homo,
739 2260 1051 2328 possidebit
1076 2258 1221 2312 ﬁlios
1253 2256 1577 2328 spirituales
1603 2255 1806 2311 divina:
1837 2268 1952 2310 suae
1975 2267 2118 2322 prae-

518 2349 839 2414 dicationis,
882 2358 1110 2405 sanctos
1146 2348 1360 2403 scilicet
1389 2346 1696 2418 discipulos
1721 2357 1855 2402 suos
1888 2353 1945 2399 et
1981 2355 2116 2413 apo-

520 2441 722 2506 stolos,
765 2449 820 2497 et
864 2441 1085 2496 illorum
1120 2441 1288 2504 ﬁlios,
1328 2454 1472 2510 quos
1502 2439 1592 2494 isti
1629 2453 1727 2508 per
1756 2434 2116 2507 Evangelium

516 2545 869 2606 genuerunt;
904 2549 1030 2589 cum
1065 2535 1140 2588 ita
1168 2533 1558 2588 transmissum
1585 2531 1658 2586 sit
1680 2530 1886 2585 bonum
1906 2542 1972 2582 ex
1993 2526 2117 2597 ipso

515 2643 615 2698 per
645 2629 1061 2684 successionem
1096 2626 1150 2680 in
1183 2640 1377 2680 omnes
1406 2624 1704 2680 credentes
1733 2622 1789 2677 in
1819 2620 2026 2692 ipsum,
2063 2626 2118 2674 et

514 2720 882 2776 observantes
906 2727 1101 2775 sancta
1138 2717 1315 2788 ipsius
1343 2715 1620 2772 mandata.

587 2900 1053 2955 Tltesaurizantur
1097 2907 1277 2960 autem
1324 2897 1494 2968 justis
1543 2878 1766 2953 divitiae.
1802 2900 2112 2971 impiorum.

514 2992 666 3060 Quos
725 3004 786 3049 ut
847 2993 1112 3064 quasdam
1168 2992 1394 3047 divitias
1454 2993 1824 3062 possederunt
1872 2995 2116 3064 pessima

515 3085 688 3143 Deum
725 3103 837 3142 non
887 3085 1130 3142 eolentia
1171 3085 1468 3151 daemonia,
1493 3099 1752 3155 quosque
1791 3101 1886 3156 per
1919 3087 2107 3141 dolum

515 3179 622 3237 sibi
657 3179 1051 3242 conciliarunt,
1085 3187 1139 3232 et
1158 3177 1362 3248 quibus
1397 3184 1630 3232 utuntur
1663 3178 1730 3232 ad
1763 3193 1983 3234 onmem
2013 3195 2105 3234 vo-
2135 3171 2178 3230 C

513 3273 752 3329 luntatis
786 3289 903 3329 sua:
937 3272 1182 3335 libitum,
1206 3273 1260 3326 hi
1301 3270 1510 3326 sanctis
1543 3269 1799 3327 Palribus
1830 3280 1884 3328 et
1915 3273 2113 3328 docto-

514 3368 671 3423 ribus
721 3349 1233 3435 adjudicabuntur,
1268 3362 1344 3416 ita
1386 3369 1447 3416 ut
1495 3361 1896 3418 dtemoniorum
1933 3367 2111 3420 servi-

516 3468 631 3513 tute
673 3457 724 3513 vi
777 3457 1093 3512 eximantur
1132 3455 1201 3510 ab
1229 3453 1364 3523 illis,
1394 3455 1470 3509 ita
1514 3455 1747 3512 ditiores
1780 3455 2113 3513 facientibus

514 3567 651 3608 suos
684 3550 1016 3621 discipulos,
1044 3556 1100 3604 et
1141 3547 1209 3604 ad
1242 3547 1417 3604 Deum
1452 3547 1890 3605 adducentibus.

584 3662 754 3718 Vens.
798 3661 889 3716 25.
924 3659 1074 3714 Justi
1105 3659 1307 3730 facient
1349 3659 1405 3713 in
1453 3658 1657 3714 divitiis
1692 3677 1859 3715 annos
1890 3661 2109 3717 multos.

519 3757 584 3813 Hi
617 3756 714 3828 qui
749 3755 1054 3812 secundum
1105 3753 1330 3812 divinas
1383 3753 1531 3825 leges
1575 3753 1802 3825 degunt,
1854 3757 2113 3811 incorru-

523 3848 748 3920 ptibiles
792 3844 1097 3902 secundum
1145 3845 1405 3898 virtutem
1436 3851 1492 3898 et
1549 3843 1838 3898 scientiam
1883 3843 2111 3902 divitias

515 3942 725 4014 adepti,
761 3941 817 3996 in
844 3939 1062 3995 inﬁnita
1090 3937 1293 3993 saecula
1321 3937 1445 3992 illas
1469 3946 1822 3992 conservant.

525 4229 528 4234 ι
592 4167 797 4238 liu'usti
847 4175 1027 4220 autent
1061 4163 1280 4234 perdent
1312 4162 1569 4216 celeriter.
1602 4159 1708 4228 Qui
1744 4171 1949 4232 autem,
1979 4165 2114 4221 dum

515 4262 621 4316 bos
643 4260 994 4325 insimulant,
1022 4258 1075 4311 in
1107 4257 1224 4312 sola
1243 4254 1631 4333 corruptibilis
1657 4262 1832 4311 totum
1855 4258 2109 4315 ardorem

514 4360 811 4414 exercent,
847 4348 1006 4404 brevi
1043 4362 1142 4418 per
1170 4354 1401 4401 mortem
1453 4343 1685 4399 caducis
1722 4347 2109 4416 privabuntur,

504 4444 739 4500 divitiis
764 4451 818 4497 et
848 4442 954 4513 ipsi
987 4437 1517 4495 condemnabuntur
1541 4434 1611 4490 ad
1640 4437 2036 4507 perditionem.

585 4664 758 4721 Vens.
791 4661 884 4717 ει.
916 4660 1028 4728 Qui
1051 4659 1226 4730 parcit
1255 4673 1370 4719 sure
1391 4657 1574 4728 virga,
1600 4654 1713 4712 odit
1741 4655 1914 4727 ﬁlium
1931 4673 2105 4712 suum.

513 4760 619 4826 Qui
653 4758 826 4812 lilium
873 4770 1034 4811 suum
1063 4768 1191 4808 cum
1237 4751 1460 4806 ratione
1502 4765 1615 4806 non
1664 4749 1917 4821 castigat,
1957 4750 2111 4820 virga

515 4849 861 4908 conﬁrmans
894 4861 1022 4902 eum
1067 4846 1120 4899 in
1141 4845 1312 4911 bono,
1347 4843 1490 4899 male
1514 4857 1576 4901 se
1602 4842 1772 4900 habet
1805 4857 1936 4913 erga
1957 4858 2109 4911 eum,

497 4944 646 5016 quia
681 4940 922 5013 negliget
954 4935 1105 5010 quod
1145 4934 1194 4992 ei
1219 4932 1465 5006 prodest.

567 5146 692 5215 ³ρυί
713 5156 892 5202 autem
917 5149 1085 5208 amat,
1115 5137 1402 5209 diligenter
1422 5135 1620 5192 erudit.
1645 5134 1749 5204 Qui
1781 5146 1962 5193 autem
1981 5151 2109 5208 erga

517 5242 693 5296 ﬁlium
728 5241 870 5294 bene
911 5252 972 5292 se
998 5235 1192 5302 habet,
1220 5230 1461 5288 sollicite
1485 5230 1637 5300 angit
1659 5246 1784 5287 eum
1818 5238 1876 5285 ut
1899 5237 2111 5287 avertat

521 5351 552 5389 a
593 5333 776 5398 malis,
809 5339 864 5386 et
901 5329 1089 5402 arguit
1128 5336 1190 5385 ut
1211 5324 1555 5382 adducat‘ad
1585 5325 1750 5381 bona.

607 5527 771 5584 Vens.
807 5529 900 5585 25.
937 5529 1127 5584 Justus
1153 5529 1435 5584 comedens
1465 5527 1647 5596 implet
1673 5526 1911 5580 animam
1932 5543 2108 5584 suam.

525 5625 631 5694 Qui
685 5623 989 5680 secundum
1035 5622 1184 5691 leges
1233 5621 1451 5676 divinas
1497 5620 1666 5691 degit,
1715 5635 1854 5690 pane
1899 5621 2110 5675 cmlesti

523 5716 790 5784 nutritus,
836 5715 1135 5772 satiabitur
1159 5729 1286 5772 cum
1323 5713 1646 5786 apparuerit
1675 5702 1755 5772 ilii
1785 5711 1958 5786 gloria
1989 5712 2108 5770 Dei.

2136 1804 2185 1868 B

2223 537 2257 590 ὁ
2284 535 2354 589 δὲ
2400 540 2933 610 συμπορευόμενος
2975 540 3221 612 ἄφροσι,
3269 547 3672 614 γνωσθήσεται.
3712 557 3756 612 '0

2222 629 2353 694 τοὺς
2387 631 2470 695 είς
2503 631 2826 704 τελειότητα
2867 634 3188 706 φθάσαντας
3216 635 3557 706 διδασκάλους
3594 648 3756 718 μιμοῦ.

2224 741 2407 794 μενος,
2437 724 2645 790 τέλειος
2675 727 2769 780 καὶ
2795 726 2959 790 αὐτὸς
2994 727 3168 790 ἔσται,
3201 729 3533 801 ἀφομοιώσει
3569 739 3627 808 τῇ
3650 741 3757 813 πρὸς

2221 815 2454 882 αὐτούς’
2487 819 2515 872 ὁ
2557 817 2616 871 δὲ
2669 820 2783 884 τοῖς
2830 819 3118 884 ἀσυνέτοις
3170 823 3632 896 συναπατώμενος,
3676 833 3755 888 κᾶν

2219 906 2513 963 λανθάνειν
2558 910 2840 982 ἐπιχειρῇ,
2887 911 2957 964 τὰ
3000 911 3142 982 ἔργα
3191 912 3288 967 τοῦ
3341 913 3560 982 σκότους
3597 922 3752 992 ποιῶν,

2219 1000 2336 1054 ἀλλ’
2362 1001 2466 1054 οὐκ
2514 1002 2596 1066 είς
2647 1002 2797 1057 ἅπαν
2839 1002 3026 1056 λαθεῖν
3081 1003 3322 1076 δυνηθῇ·
3355 1006 3752 1084 δημοσιευθήτον-

2218 1110 2309 1147 ται
2341 1093 2451 1166 γάρ
2497 1094 2553 1148 αἱ
2584 1094 2781 1150 τούτου
2829 1096 3060 1170 πράξεις
3107 1097 3203 1152 ἐπὶ
3232 1098 3332 1151 τοῦ
3368 1099 3593 1173 φοϐεροῦ
3620 1104 3747 1178 βήμα.

2217 1203 2331 1250 τος.

2287 1294 2396 1352 κα’.
2456 1294 2931 1366 Ἁμαρτάνοντας
2980 1297 3411 1365 καταδιὼξεται
3456 1304 3619 1359 κακά.
3663 1307 3751 1375 Τοῖς

2216 1386 2315 1448 τὰς
2341 1386 2496 1450 θείας
2536 1387 2760 1452 ἐντολὰς
2805 1388 3246 1460 παραϐαίνουσιν
3277 1393 3334 1446 αἱ
3366 1392 3569 1448 αίώνιοι
3596 1398 3756 1454 ἐπακο-

2215 1479 2543 1552 λουθήσουσι
2567 1481 2844 1546 κολάσεις.

2290 1589 2440 1658 Τοὺς
2460 1589 2530 1644 δὲ
2557 1590 2833 1658 δικαίους
2869 1589 3290 1661 καταλήψεται
3337 1591 3545 1664 ἀγαθά.
3579 1595 3696 1663 Τοὺς
3717 1601 3758 1654 δὲ

2217 1679 2518 1752 τηροῦντας
2549 1682 2832 1748 αὐτάς,τά
2875 1683 3073 1740 αἰώνια
3109 1682 3300 1753 ἀγαθά
3337 1685 3628 1759 καταλάϐῃ,
3654 1690 3756 1744 ὅταν

2216 1773 2436 1837 πάντως
2467 1776 2496 1828 ὁ
2546 1774 2758 1839 δίκαιος
2803 1776 3000 1848 κριτὴς
3042 1776 3165 1828 κατ’
3197 1775 3360 1842 ἀξίαν
3389 1777 3622 1851 ὑπονέμῃ
3659 1781 3757 1834 ἑκά-

2220 1886 2350 1943 στῳ.

2289 1983 2395 2055 κβ’.
2434 1984 2672 2056 Ἀγαθός
2730 1985 2889 2056 ἀνὴρ
2933 1986 3389 2058 κληρονομήσει
3428 1985 3589 2054 υἱοὺς
3629 1985 3757 2044 υἱῶν.

2233 2075 2292 2131 '0
2320 2076 2480 2148 φύσει
2503 2078 2731 2148 ἀγαθὸς,
2758 2079 2833 2144 ὡς
2856 2079 3011 2145 Θεὸς,
3037 2080 3341 2150 μονογενὴς
3372 2079 3498 2144 Υίδς
3525 2081 3610 2134 καὶ
3626 2083 3757 2150 Λόγος

2216 2171 2312 2227 τοῦ
2355 2172 2494 2226 Θεοῦ
2529 2173 2625 2227 καὶ
2671 2173 2890 2246 Πατρὸς
2932 2173 3117 2245 φύσει,
3169 2175 3464 2246 γενόμενος
3501 2174 3755 2246 ἄνθρωπος,

2218 2266 2485 2338 κτήσεται
2537 2265 2705 2320 τέκνα
2750 2283 2810 2320 τε
2843 2267 3196 2337 πνευματικὰ
3228 2267 3334 2338 τῆς
3385 2265 3649 2336 θειοτάτης
3683 2267 3756 2320 αὑ-

2217 2356 2312 2411 τοῦ
2363 2358 2741 2424 διδασκαλίας,
2793 2359 2921 2422 τοὺς
2967 2359 3158 2428 ἁγίους
3206 2356 3378 2412 αὐτοῦ
3432 2358 3660 2428 μαθητὰς
3685 2357 3754 2411 καὶ

2216 2453 2574 2516 ἀποστόλους,
2620 2453 2716 2507 καὶ
2767 2452 2976 2506 τούτων
3022 2454 3213 2517 τέκνα,
3259 2451 3354 2517 οὓς
3400 2451 3608 2516 πάντως
3645 2444 3756 2504 οὗτοι

2217 2541 2306 2598 διὰ
2330 2543 2424 2606 τοῦ
2449 2544 2784 2612 Εὑαγγελίου
2810 2545 3110 2615 ἐγέννησαν
3137 2559 3149 2571 ·
3167 2541 3536 2614 διαδιδομένου
3555 2539 3636 2594 τοῦ
3655 2541 3756 2608 ἀγα-

2218 2634 2312 2688 θοῦ
2349 2634 2408 2699 ἐξ
2440 2635 2629 2700 αὐτοῦ,
2680 2635 2825 2690 κατὰ
2875 2635 3129 2705 διαδοχὰς
3168 2635 3255 2699 είς
3301 2633 3510 2696 πάντας
3554 2630 3663 2694 τοὺς
3687 2647 3754 2682 πι-

2218 2728 2512 2792 στεύοντας
2547 2745 2604 2781 τε
2635 2729 2717 2792 εἰς
2741 2729 2923 2794 αὐτὸν,
2956 2729 3048 2781 καὶ
3078 2726 3388 2800 τηροῦντας
3411 2725 3506 2790 τὰς
3529 2725 3670 2793 ἁγίας
3692 2722 3758 2774 αὖε

2217 2821 2311 2875 τοῦ
2339 2821 2580 2886 ἐντολάς,

2291 2929 2720 3000 Θησαυρίζεται
2769 2930 2838 2984 δὲ
2900 2929 3158 2996 δικαίοις
3209 2929 3483 2995 πλοῦτος
3540 2923 3752 2982 ἀσεϐῶν.

2218 3023 2324 3088 Οὓς
2352 3023 2397 3078 δ’
2425 3023 2500 3086 ὥς
2521 3041 2642 3076 τινα
2671 3021 2902 3076 πλοῦτον
2931 3022 3238 3092 ἐκτήσαντο
3261 3023 3311 3074 oi
3340 3021 3470 3075 Θεὸν
3505 3020 3574 3091 μὴ
3593 3017 3754 3088 τιμῶν-

2217 3133 2310 3180 τες
2341 3115 2713 3186 πονηρότατοι,
2736 3113 3014 3185 δαίμονες,
3037 3112 3456 3184 οἰκειωσάμενοί
3493 3128 3548 3162 τε
3573 3109 3630 3162 δι’
3650 3107 3756 3160 tinti-

2216 3226 2334 3279 της,
2363 3211 2458 3261 καὶ
2486 3209 2763 3280 χρώμενοι
2801 3206 3016 3270 τούτοις
3055 3205 3191 3278 πρὸς
3222 3207 3334 3260 πᾶν
3367 3205 3427 3258 τὺ
3463 3205 3630 3266 αὐτοῖς
3661 3200 3756 3271 βου·

2215 3302 2399 3373 λητὸν,
2437 3303 2485 3356 οἱ
2514 3301 2746 3356 τοιοῦτοι
2780 3303 2895 3364 τοῖς
2935 3299 3113 3370 ἁγίοις
3145 3299 3399 3370 Πατράσι
3436 3297 3527 3351 καὶ
3549 3291 3755 3349 διδασκά-

2215 3396 2328 3458 λοις
2361 3396 2867 3466 ἀποταμιεύονται·
2923 3395 3066 3449 ὥστε
3114 3395 3214 3466 τῆς
3257 3392 3368 3446 τῶν
3398 3390 3649 3460 δαιμόνων
3670 3385 3755 3438 δου-

2215 3489 2366 3552 λείας
2405 3489 2843 3562 ἀφαρπασθῆναι
2883 3489 2950 3543 δι’
2995 3487 3175 3542 αὐτῶν
3199 3503 3213 3517 ·
3245 3478 3663 3556 ’πλουτησάντων
3681 3478 3753 3532 αὐ·

2213 3582 2342 3647 τοὺς
2377 3579 2651 3654 μαθητὰς,
2687 3582 2785 3636 καὶ
2817 3581 3295 3652 προσαγαγόντων
3323 3576 3462 3648 Θεῷ.

2284 3701 2393 3765 κγ’.
2422 3694 2648 3749 Δίκαιοι
2677 3693 3051 3762 ποιήσουσιν
3076 3692 3146 3746 ἐν
3172 3692 3420 3755 πλούτῳ
3441 3689 3541 3756 ἔτη
3574 3681 3747 3740 πολλὰ.

2214 3789 2280 3842 Oi
2325 3789 2469 3843 κατὰ
2524 3789 2660 3851 τοὺς
2705 3786 2885 3851 θείους
2959 3786 3161 3857 νόμους
3220 3782 3642 3853 πολιτευόμενοι,
3685 3775 3749 3828 τὸν

2213 3883 2338 3936 κατ’
2411 3881 2615 3954 ἀρετὴν
2681 3881 2778 3935 καὶ
2841 3878 3046 3949 γνῶσιν
3118 3877 3399 3950 ἄφθαρτον
3467 3872 3749 3944 κτησάμενοι

2214 3960 2468 4037 πλοῦτον,
2501 3977 2583 4038 εἰς
2615 3973 2957 4046 ἀπεράντους
3003 3971 3207 4037 αἰῶνας
3257 3967 3392 4043 παρ’
3421 3965 3563 4038 αὑτῷ
3587 3960 3752 4032 διαμεί·

2213 4084 2401 4122 νωσιν.

2288 4174 2516 4230 Ἀδικοι
2559 4173 2628 4228 δὲ
2674 4171 3047 4228 ἀπολοῦνται
3095 4171 3434 4240 συντόμως.
3471 4170 3528 4222 Οἱ
3571 4165 3622 4220 δὲ
3660 4159 3751 4216 τού-

2211 4285 2339 4333 τους
2373 4266 2724 4332 ἀθετοῦντες,
2765 4265 2840 4330 ὡς
2880 4265 3010 4336 περὶ
3042 4265 3111 4318 τὰ
3141 4263 3363 4336 φθαρτὰ
3393 4262 3526 4334 μόνα
3554 4259 3641 4329 τὴν
3671 4253 3749 4305 πᾶ-

2215 4377 2316 4416 σαν
2351 4346 2592 4431 σπουδὴν
2626 4359 2968 4429 ποιούμενοι,
3001 4357 3212 4427 ταχέως
3242 4357 3320 4428 τῷ
3346 4355 3574 4424 θανάτῳ,
3610 4347 3686 4402 τοῦ
3708 4362 3750 4397 τε

2215 4455 2484 4526 ὲπικήρου
2520 4451 2947 4524 στερηθήσονται
2993 4447 3254 4516 πλούτου,
3289 4447 3385 4502 καὶ
3426 4442 3572 4500 αὐτοὶ
3606 4453 3746 4507 παρα·

2132 4521 2190 4586 D
2217 4521 2636 4626 πεμφθήσονται
2769 4541 3066 4598 ἀπώλειαν.

2284 4657 2382 4710 κδ’.
2431 4658 2536 4722 Ὃς
2563 4654 2830 4725 φείδεται
2868 4652 2978 4721 τῆς
3006 4651 3229 4724 ἑαυτοῦ
3261 4647 3605 4717 βακτηρίας,
3622 4634 3752 4712 μισεῖ

2212 4748 2321 4804 τὸν
2344 4745 2564 4802 ἑαυτοῦ
2588 4747 2743 4802 υἱόν,
2788 4747 2886 4807 Ὃς
2918 4743 2992 4827 μὴ
3026 4741 3318 4812 ὲπιστύφει
3343 4741 3434 4796 τὸν
3467 4734 3643 4792 ἑαυτοῦ
3666 4729 3748 4827 υἱὸν

2211 4841 2299 4895 διὰ
2332 4840 2516 4909 λόγου,
2556 4839 2712 4910 δίκην
2746 4821 3050 4909 βακτηρίας
3076 4836 3351 4907 στηρίζων
3393 4832 3576 4887 τοῦτον
3616 4828 3683 4890 είς
3705 4821 3749 4875 τὺ

2216 4933 2444 5002 ἀγαθὸν,
2482 4933 2671 4996 κακῶς
2704 4932 2973 4986 διάκειται
3026 4930 3163 5000 πρὸς
3204 4929 3388 4996 αὑτὸν,
3421 4927 3494 4990 ὡς
3521 4921 3603 4978 τοῦ
3645 4931 3751 4986 συμ-

2214 5028 2475 5101 φέροντος
2504 5025 2680 5096 τούτῳ
2715 5021 3147 5095 καταρᾳθυμῶν.

2297 5139 2360 5192 ’0
2387 5137 2457 5191 δὲ
2507 5135 2780 5207 ἀγαπῶν,
2821 5133 3123 5205 ἐπιμελῶς
3157 5130 3446 5186 παιδεύει.
3481 5128 3536 5180 '0
3561 5125 3611 5178 δὲ
3639 5117 3748 5191 πρὸς

2209 5231 2401 5286 τοῦτον
2449 5229 2628 5292 καλῶς
2676 5226 3043 5298 διακείμενος,
3101 5221 3585 5296 μεαεριμνημένως
3611 5223 3749 5282 προσ·

2211 5323 2404 5376 κόπτει
2454 5337 2517 5373 τε
2566 5319 2731 5373 αὐτὸν
2777 5317 3108 5388 ἀποτρέπων
3157 5331 3265 5370 των
3300 5313 3375 5383 μὴ
3420 5310 3648 5370 δεόντων,
3674 5298 3749 5352 καὶ

2209 5414 2454 5472 νουθετεῖ
2485 5411 2931 5485 προτρεπόμενος
2965 5409 3104 5482 πρὸς
3130 5408 3199 5463 τὰ
3233 5406 3441 5462 δέοντα.

2282 5532 2380 5581 κε’.
2417 5525 2657 5590 Δίκαιος
2693 5522 2916 5577 ἐσθίων
2979 5520 3278 5591 ἐμπλήσει
3326 5513 3534 5587 ψυχὴν
3574 5499 3747 5565 αὐτοῦ.

2224 5621 2282 5674 '0
2313 5616 2460 5672 κατὰ
2488 5615 2688 5686 νόμους
2737 5613 2918 5676 θείους
2946 5609 3385 5680 πολιτευόμενος,
3413 5599 3606 5673 τροφὴν
3634 5594 3748 5686 {xw

2209 5712 2304 5766 τὸν
2334 5684 2587 5780 οὐράνιον
2633 5706 2819 5778 άρτον,
2871 5701 3309 5776 χορτασθήσεται
3351 5700 3411 5754 ἐν
3441 5693 3514 5767 τῷ
3550 5684 3745 5762 ὀφθῆναι

2211 5801 2358 5873 αὐτῷ
2384 5801 2484 5872 τὴν
2511 5798 2670 5864 δόξαν
2700 5795 2794 5852 τοῦ
2823 5793 2984 5853 Θεοῦ.
