3958 6382
317 410 449 475 1357

1306 401 1842 468 COMMENTARII
1876 399 1958 461 IN
1998 399 2461 461 PROVERBIA;

3428 397 3568 461 1258

385 517 580 588 Ψυχαὶ
612 517 681 572 δὲ
702 516 960 584 ἀσεϐῶν,
991 515 1240 583 ἐνδεεῖς.
1275 517 1341 569 Δί
1372 514 1545 586 ψυχαὶ
1569 513 1626 567 δὲ
1671 511 1782 566 τῶν
1813 508 1888 582 μὴ

2063 508 2271 564 Animae
2297 519 2473 564 autem
2508 508 2791 579 impiorum
2823 506 3138 578 indigentes.
3159 507 3371 564 Anima:
3393 519 3574 565 autem

304 611 373 666 δι’
423 611 792 682 ἀγαθοεργίας
837 613 1132 684 τιμώντων,
1177 610 1270 664 τὸν
1315 608 1474 672 Θεὸν,
1531 605 1624 661 τοῦ
1674 602 1886 673 ἀγαθοῦ

2021 612 2178 653 ποιευω
2225 599 2320 669 qui
2353 613 2450 670 per
2479 599 2654 654 bonos
2696 605 2852 653 actus
2897 612 3006 652 non
3049 597 3332 652 honorant
3378 597 3573 665 Deum,

304 703 666 774 ἐστερημέναι
698 703 1004 775 ὑπάρχουσι
1031 719 1046 736 ο
1068 703 1163 756 καὶ
1181 701 1290 756 ὑπὸ
1312 700 1412 771 τῆς
1437 697 1629 754 τούτου
1655 695 1886 761 ἐνδείας,

303 793 379 856 ῶς
409 793 516 848 ὑπό
541 809 684 858 τινος
705 794 877 850 δεινοῦ
907 793 1100 865 λοιμοῦ
1133 793 1447 865 τρύχονται.

893 957 1147 1010 ΚΕΦΑΛ.
1191 956 1290 1009 ῙΔ’.

372 1087 443 1137 α’.
474 1082 662 1152 Σοφαὶ
688 1081 970 1152 γυναῖκες
997 1081 1400 1152 ᾠκοδόμησαν
1458 1081 1685 1148 οικους.
1710 1081 1778 1136 Ai
1801 1081 1890 1136 διὰ

303 1174 362 1227 τὸ
408 1177 596 1246 τηρεῖν
625 1173 716 1228 τὸν
765 1173 894 1228 καθ’
933 1173 1000 1228 ’ὃν
1047 1173 1208 1241 λόγον
1237 1173 1524 1242 γεγόνασιν
1566 1172 1758 1242 σοφίας
1811 1171 1890 1242 μὴ

301 1263 633 1338 ἀμοιροῦσαι
664 1263 860 1336 ψυχαὶ,
895 1264 1228 1335 εὐτρέπισαν
1269 1264 1514 1330 ἑαυταῖς,
1563 1263 1706 1320 κατά
1755 1267 1892 1338 πρᾶ-

302 1357 407 1424 ξιν,
435 1357 532 1422 τὰς
560 1357 718 1430 δίκην
747 1357 914 1412 οἴκων
944 1357 1053 1412 ἀπὸ
1081 1355 1176 1412 τοῦ
1203 1356 1475 1428 χειμῶνος
1507 1357 1602 1412 καὶ
1637 1357 1731 1412 τοῦ
1757 1357 1892 1412 καύ-

303 1466 475 1514 σωνος
501 1452 610 1504 τῶν
641 1448 831 1503 παθῶν
864 1447 1207 1519 φυλακτικάς
1245 1449 1466 1520 ἀρετάς.

386 1578 460 1633 Ἠ
483 1577 551 1631 δὲ
575 1578 782 1648 ἄφρων
809 1578 1127 1648 γενομένη,
1160 1579 1512 1649 κατέσκαψε
1539 1581 1756 1650 χερσὶν
1785 1582 1893 1635 αὐ-

298 1670 434 1737 τῆς.
480 1670 546 1723 Ἦ
569 1669 626 1724 δὲ
649 1670 791 1742 πρὸς
819 1670 1048 1740 ἀλογίαν
1073 1672 1348 1744 τραφεῖσα
1373 1669 1543 1742 ψυχὴ,
1573 1671 1671 1735 τὰς
1701 1671 1891 1724 τοιαύ-

297 1779 402 1825 τας
470 1761 780 1833 διέφθειρεν
827 1761 1063 1833 ἀρετάςο
1118 1762 1445 1833 χρησαμένη
1497 1762 1639 1835 πρὸς
1693 1762 1893 1818 κακίαν

1995 687 2141 744 bono
2171 687 2478 759 indigentes
2510 689 2684 754 ﬁunt;
2707 695 2764 742 et
2793 687 2900 742 hac
2921 687 3050 742 boni
3099 687 3423 758 indigentia,
3453 696 3576 743 tan-

1991 795 2157 850 quam
2193 779 2447 836 horribili
2477 778 2718 851 quadam
2754 777 2899 835 fame
2937 785 3288 850 torquentur.

2621 946 2772 1002 CAP.
2815 944 2953 1001 XIV.

2077 1073 2246 1128 Vens.
2279 1074 2332 1128 l.
2367 1071 2644 1143 Sapientes
2681 1072 2930 1127 mulieres
2948 1071 3346 1142 wdiﬁcaverunt
3369 1073 3575 1129 domos.

2003 1160 2136 1228 Quae
2189 1162 2491 1218 observant
2540 1162 2836 1228 rationem,
2877 1177 2986 1232 qua
3018 1162 3150 1232 ipsa:
3181 1169 3464 1227 constant,
3493 1177 3579 1219 sa-

1993 1253 2202 1324 pientia
2255 1258 2374 1307 'non
2405 1260 2662 1322 expertes
2719 1252 2940 1320 animas,
2995 1251 3100 1307 sibi
3133 1260 3472 1324 paraverunt
3513 1254 3580 1307 ad

1996 1343 2269 1416 agendum
2312 1342 2549 1403 virtutes
2584 1343 2788 1415 quibus
2829 1343 3120 1398 domorum
3169 1343 3344 1400 instar
3390 1351 3580 1414 prote-

2001 1441 2202 1507 gantur
2237 1441 2435 1491 contra
2475 1433 2685 1506 frigora
2712 1442 2766 1489 et
2797 1427 3027 1490 ardores
3057 1434 3400 1506 passionum.

2073 1561 2343 1634 Insipiens
2389 1570 2568 1617 autem
2628 1562 2780 1632 facta
2844 1562 3110 1617 destruxit
3156 1563 3269 1617 suis
3313 1562 3578 1616 manibus.

1999 1655 2279 1712 Conversa
2307 1664 2492 1712 autem
2527 1655 2597 1710 ad
2640 1653 2935 1711 stultitiam
2970 1655 3156 1709 anima
3182 1654 3318 1710 tales
3352 1654 3582 1709 virtutes

1998 1751 2270 1820 corrupit,
2322 1762 2389 1804 eo
2441 1745 2591 1818 quod
2634 1761 2737 1802 usa
2775 1754 2862 1803 est
2907 1746 2976 1800 ad
3025 1745 3287 1800 malitiam
3329 1745 3474 1815 aptis
3514 1744 3581 1798 ad

297 1855 427 1917 ταῖς
461 1852 603 1924 πρὸς
631 1853 898 1924 ἐργασίαν
925 1855 1020 1908 τοῦ
1057 1853 1266 1924 ἀγαθοῦ
1300 1853 1532 1919 οίκείαις
1549 1834 1854 1926 δυνάμεσιν
1881 1870 1895 1886 ο

2021 1855 2206 1895 )onum
2251 1837 2682 1910 perpetrandum
2732 1835 3114 1900 facultatibus,
3141 1835 3287 1890 unde
3313 1850 3373 1889 se
3403 1834 3586 1889 omni-

296 1945 430 1998 ὅθεν
495 1945 716 2008 πάντως
774 1945 975 2001 πάθεσι
1061 1946 1421 2018 χειμάζεσθαι
1481 1945 1897 2018 παρεσκεύασεν

295 2034 528 2105 ἑαυτήν.

265 2232 268 2234 .
365 2163 441 2233 β’·
497 2165 560 2217 ὀ
609 2165 1015 2234 πορευόμενος
1065 2164 1293 2234 ὀρθῶς,’
1321 2164 1585 2236 φοϐεῖται
1628 2165 1735 2219 τὸν
1785 2169 1898 2220 Κυ·
1974 2214 1980 2220 .

283 2272 454 2324 ριοδν.
505 2255 564 2310 '0
628 2255 704 2326 μὴ
753 2257 1156 2328 ἐκτρεπόμενος
1222 2256 1332 2312 ἀπὸ
1372 2257 1472 2327 τῆς
1524 2255 1647 2310 κατ’
1694 2256 1897 2326 ἀρετὴν

292 2347 524 2411 εὐθείας
575 2346 722 2413 ὀδοῦ,
763 2347 856 2403 τὸν
898 2347 1096 2402 ἑαυτοῦ
1135 2348 1415 2420 Δεσπότην
1446 2348 1692 2418 φοϐεῖται
1720 2347 1853 2402 Θεόν
1879 2364 1892 2378 ·

289 2439 370 2510 τῷ
413 2440 522 2511 γὰρ
557 2439 709 2511 φόϐῳ
736 2440 946 2512 Κυρίου
980 2441 1226 2495 ἐκκλίνει
1257 2441 1367 2504 πᾶς
1397 2439 1507 2494 ἀπὸ
1534 2438 1731 2503 κακοῦ.

373 2565 455 2618 '0
486 2563 556 2618 δὲ
585 2563 923 2627 σκολιάζων
950 2566 1082 2632 ταῖς
1111 2565 1276 2633 ὁδοῖς
1324 2567 1532 2631 αὐτοῦ,
1567 2565 1898 2638 ἀτιμασθή-

290 2672 497 2712 σεται.
551 2655 610 2710 '0
653 2656 698 2709 δ’
752 2658 834 2722 είς
879 2657 949 2711 τὰ
982 2658 1104 2712 κατ’
1147 2657 1386 2726 ἔλλειψιν
1427 2659 1527 2728 τῆς
1557 2659 1761 2730 ἀρετῆς
1804 2659 1900 2713 καὶ

294 2747 614 2820 ῦπερὸολὴν
673 2748 821 2820 πάθη
865 2751 1370 2824 περιτρεπόμενος,
1425 2752 1526 2821 τῆς
1576 2751 1727 2822 παρὰ
1777 2749 1898 2824 Θεῷ

299 2841 472 2910 τιμῆς
526 2841 961 2912 στερηθήσεταν
1013 2841 1112 2908 τῆς
1163 2841 1316 2905 θείας
1360 2840 1640 2912 βασιλείας
1692 2841 1894 2896 ἀποτυ-

301 2933 441 3004 χὼν,
475 2934 569 2989 καὶ
590 2934 949 3007 κατακριθεὶς
977 2935 1057 2998 εἰς
1079 2935 1328 3003 γέενναν.

375 3065 447 3134 γ’.
484 3063 586 3118 Ἕκ
608 3064 906 3133 στόματος
926 3063 1206 3132 ἀφρόνων
1243 3062 1547 3131 βακτηρία
1567 3062 1808 3132 ὕϐρεως.
1841 3062 1898 3117 Ὀ

2001 1945 2072 1984 no
2101 1929 2458 2001 passionibus
2494 1926 2808 2000 agitandam
2843 1925 3116 1998 permisit.

2071 2145 2241 2202 Vens;
2276 2144 2332 2200 2.
2369 2145 2475 2210 Qui
2513 2143 2754 2199 ambulat
2790 2152 2927 2198 recte
2958 2142 3106 2196 timet
3134 2141 3445 2197 Dominum.
3478 2142 3582 2208 Qui

2000 2251 2110 2292 non
2135 2235 2406 2291 avertitur
2436 2251 2465 2291 a
2495 2245 2645 2291 recta
2670 2234 2974 2292 secundum
3007 2233 3268 2289 virtutem
3291 2233 3399 2299 via,
3423 2249 3584 2288 suum

1999 2327 2293 2383 Dominum
2337 2329 2493 2385 timet
2521 2327 2730 2396 Deum;
2763 2329 2959 2384 timore
2979 2329 3130 2382 enim
3163 2326 3379 2382 Domini
3414 2327 3584 2383 decli-

2002 2430 2098 2475 nat
2130 2420 2313 2476 omnis
2354 2408 2527 2476 bomo'
2553 2421 2767 2475 amato.

2074 2548 2180 2615 Qui
2226 2558 2400 2604 autem
2434 2549 2607 2604 deviat
2653 2551 2708 2603 in
2751 2550 2864 2603 suis
2897 2550 3017 2613 viis,
3069 2564 3167 2603 non
3213 2547 3581 2603 honorabitur.

2000 2642 2106 2708 Qui
2150 2651 2331 2698 autem
2366 2642 2711 2698 convertitur
2749 2644 2816 2696 ad
2848 2643 3138 2713 passiones
3166 2640 3370 2711 quibus
3413 2640 3585 2711 negli-

2001 2735 2152 2805 gitur
2188 2734 2365 2789 virtus
2387 2743 2442 2789 et
2464 2733 2740 2801 tardatur,
2765 2733 2974 2788 honore
3001 2734 3146 2804 apud
3188 2731 3356 2788 Deum
3402 2733 3585 2801 priva-

2013 2826 2184 2891 bitur,
2218 2841 2248 2881 e
2281 2825 2472 2882 divino
2501 2840 2670 2896 regno
2718 2827 2910 2896 pulsus
2945 2834 2999 2882 et
3036 2826 3330 2881 damnatus
3374 2825 3442 2878 ad
3489 2839 3584 2894 ge-

2003 2920 2264 2975 bennam.

2075 3045 2245 3102 Vens.
2285 3047 2340 3101 5.
2386 3043 2471 3098 Ea:
2506 3061 2597 3098 ore
2623 3044 2912 3099 stultorum
2955 3042 3178 3098 baculus
3227 3041 3579 3096 contumelia.

301 3130 416 3210 τῶν
446 3157 699 3228 ἀφρόνων
719 3130 912 3226 λόγος,
945 3130 1046 3225 οὐχ
1080 3149 1174 3208 οἶα
1222 3153 1419 3224 ῥάϐδος
1442 3153 1542 3226 τὴν
1567 3130 1677 3209 τῶν
1706 3153 1895 3208 παθῶν

2021 3130 2313 3194 Stultorum
2341 3152 2546 3201 sermo,
2570 3151 2681 3192 non
2716 3135 2894 3207 qualis
2922 3135 3077 3206 virga
3109 3133 3426 3205 passionum
3449 3148 3584 3189 con-

303 3205 480 3318 iis;
492 3205 788 3318 sese;
805 3205 925 3300 iiii.
953 3205 1895 3317 εέτὲξβαῖιέέῆῥῑαὲὲηᾶιεζξέᾶλ.

2021 3233 2286 3288 υιηυιίοιιι
2346 3231 2620 3302 ﬂagellat,
2675 3205 2772 3286 sed
2830 3205 3292 3300 quasiibaculus
3358 3227 3581 3298 quidam

300 3340 396 3393 λον
429 3339 601 3410 αὐτήν
633 3355 646 3370 °
695 3339 770 3402 ὡς
814 3339 944 3400 τοὺς
996 3338 1300 3402 ἀκούοντας
1355 3336 1431 3410 μὴ
1478 3337 1893 3410 διορθούμενος,

301 3428 422 3482 ἀλλ’
456 3428 700 3499 ἐδράζων
735 3429 794 3480 ἐν
825 3431 939 3491 τοῖς
973 3430 1185 3490 κακοῖς.

372 3553 561 3620 Xa:th
595 3552 662 3605 δὲ
693 3551 904 3621 σοφῶν
941 3551 1251 3622 φυλάσσει
1301 3553 1544 3620 αὐτούς.
1578 3552 1698 3607 Τῶν
1729 3553 1786 3607 δὲ
1812 3570 1898 3607 σο-

299 3641 428 3713 φῶν
476 3643 526 3697 οί
574 3642 723 3711 λόγοι
781 3643 842 3695 οὐ
911 3643 1072 3712 μόνον
1130 3643 1469 3715 διορθοῦνται
1516 3645 1643 3710 τοὺς
1690 3645 1896 3700 τούτων

295 3733 717 3806 ἀκροωμένους,
774 3733 912 3787 ἀλλὰ
948 3733 1045 3788 καὶ
1091 3735 1294 3800 αὐτοὺς
1335 3735 1599 3808 τηροῦσιν
1648 3736 1788 3791 ῶστε
1821 3737 1898 3809 μὴ

299 3827 635 3896 περιπεσεῖν
679 3817 762 3888 οἷς
804 3823 960 3878 αὐτοὶ
988 3825 1395 3896 ἀποτρέπονται
1421 3845 1436 3860 ο
1487 3828 1545 3882 ἐν
1583 3821 1664 3892 οἷς
1692 3828 1800 3899 γὰρ
1848 3830 1897 3881 οί

301 3918 526 3973 συνετοὶ
555 3916 805 3988 διορθοῦν
849 3916 1072 3990 ἐτέρους
1111 3919 1505 3990 ἐπιχειροῦσιν,
1563 3919 1900 3990 κατασφαλί-

301 4009 494 4075 ζονται
527 4007 776 4074 ἑαυτοὺς,
821 4007 896 4080 μὴ
934 4008 1002 4062 τὰ
1031 4010 1195 4080 ὃμοια
1222 4009 1454 4074 ἐκείνοις
1489 4009 1701 4068 παθεῖν.

380 4144 434 4192 ι’.
474 4131 558 4192 Οὗ
590 4137 672 4208 μή
707 4139 829 4192 εισι
861 4137 1031 4204 βόες,
1061 4138 1278 4208 φάτναι
1303 4140 1576 4209 καθαραί.
1612 4138 1782 4195 Ἔνθα
1801 4139 1900 4212 οὐχ

301 4229 648 4300 ὑπάρχουσιν
677 4229 862 4298 ἀλογοι
891 4229 1182 4302 ἐπιθυμίαι
1213 4230 1323 4284 τῶν
1343 4231 1556 4302 ὁρατῶν
1574 4274 1588 4298 ,
1619 4232 1734 4286 ἐκεῖ
1761 4233 1901 4287 είσιν

300 4319 730 4390 ἀπηλλαγμέναι
761 4319 950 4375 παθῶν
989 4321 1285 4391 φαντασίαι
1317 4336 1330 4350 ’
1360 4324 1419 4376 ἐν
1459 4317 1548 4388 αἷς
1579 4325 1900 4379 ἀποτίθεται

307 4415 344 4485 ἡ
386 4413 495 4466 τῶν
523 4412 738 4482 ὁρατῶν
768 4413 1083 4483 ἐπιφάνεια,
1119 4413 1194 4477 ὡς
1224 4412 1318 4469 τοῦ
1353 4414 1552 4484 ἀλόγου
1589 4416 1688 4488 τῆς
1719 4402 1928 4489 ψυχῆς

302 4505 513 4577 μέρους
546 4504 743 4576 τροφήο

369 4626 456 4686 Οὗ
494 4629 564 4683 δὲ
596 4629 800 4684 πολλὰ
829 4630 1190 4700 γεννήματα,
1233 4632 1461 4702 φανερὰ
1481 4634 1634 4702 ,ϐοὸς
1688 4635 1888 4705 ἰσχύς.

300 4720 485 4779 Ὅπου
542 4720 598 4774 δὲ
628 4721 678 4774 οἱ
708 4719 957 4792 διάφοροι
1009 4721 1160 4790 λόγοι
1189 4721 1302 4776 τῶν
1341 4724 1578 4795 ὁρατῶν,
1623 4725 1766 4780 κατά
1795 4727 1892 4797 τὴν

296 4817 360 4868 ἐν
385 4812 662 4884 πνεύματι
686 4813 920 4882 φυσικὴν
951 4812 1211 4884 θεωρίαν,
1233 4816 1552 4884 γνωστικῶς
1585 4818 1894 4888 γεωργοῦν-

295 4923 416 4969 ται,
445 4903 562 4957 ἐκεῖ
598 4904 733 4975 δήλη
767 4904 886 4958 ἐστὶ⁵
905 4903 1004 4974 τῆς
1028 4903 1326 4975 ἐπιθυμίας
1353 4907 1386 4976 ὴ
1419 4907 1561 4962 κατὰ
1588 4907 1765 4977 ,λόγον
1804 4907 1894 4964 δύ-

295 5011 471 5064 ναμις
489 5010 502 5024 ⁸
539 4993 661 5048 καθ’
686 4993 745 5048 ὃν
777 4993 1019 5065 ἠδυνήθη
1042 4994 1134 5048 τὸν
1161 4997 1281 5049 κατ’
1303 4995 1556 5067 αἴσθησιν
1584 4976 1893 5070 σκεδασμὸν

296 5086 581 5158 διαϐῆναι,
607 5086 700 5142 καὶ
733 5085 938 5155 φθάσαι
963 5086 1103 5157 πρὸς
1128 5086 1226 5159 τὴν
1254 5090 1394 5144 κατά
1417 5088 1542 5144 νοῦν
1574 5091 1670 5159 τῆς
1699 5093 1755 5146 ἐν
1780 5095 1894 5156 τοῖς

297 5179 450 5244 ὅλοις
476 5177 742 5250 ἀληθείας
777 5179 1028 5252 ἑνότητα.

375 5421 442 5470 ε’.
481 5413 726 5482 Μάρτυς
753 5415 967 5481 πιστὸς
990 5417 1064 5469 οὐ
1091 5416 1403 5484 ψεύσεται.
1457 5416 1515 5472 '0
1539 5417 1675 5483 Θεὸς
1696 5420 1890 5490 Λόγος,

299 5510 334 5581 ή
370 5507 759 5579 αὑτοαλήθεια,
785 5507 886 5580 τὴν
921 5509 1054 5580 περὶ
1082 5509 1151 5562 τὰ
1184 5509 1490 5582 φαινόμενα
1517 5511 1704 5581 σχέσιν
1731 5513 1892 5582 ἡμῶν

298 5601 525 5674 ἀπάτης
569 5602 794 5674 μεστὴν,
827 5604 892 5672 τῇ
922 5601 1128 5656 τούτων
1169 5602 1346 5674 φθορᾷ
1379 5603 1692 5674 διελέγχων,
1723 5605 1892 5676 ἀψευ-

298 5694 401 5765 δής
423 5693 590 5750 ἐστιν.

390 5835 642 5893 Ἐκκαίει
670 5837 739 5893 δὲ
769 5837 988 5909 ψευδῆ,
1018 5837 1250 5909 μάρτυς
1283 5839 1507 5908 ἄδικος.
1547 5841 1890 5900 Ύπανάπτει

2005 3326 2148 3379 hanc
2185 3323 2362 3394 magis
2391 3324 2672 3388 obtirmat,
2707 3321 2855 3394 quod
2886 3319 3166 3377 auditéres
3191 3336 3302 3376 non
3337 3320 3582 3384 instruit,

2003 3413 2097 3471 sed
2125 3414 2316 3469 statuit
2350 3413 2405 3467 in
2444 3413 2609 3467 malo.

2079 3539 2251 3594 Labia
2283 3539 2604 3610 sapientium
2633 3536 2941 3591 custodiunt
2970 3551 3080 3593 eos.
3115 3534 3460 3605 Sapientium
3485 3549 3586 3588 an-

2006 3642 2112 3690 tem
2153 3648 2464 3701 sermones,
2498 3646 2608 3687 non
2636 3633 2814 3686 solum
2848 3631 3133 3685 instruunt
3169 3643 3266 3684 eos
3305 3629 3402 3699 qui
3436 3629 3584 3698 ipsos

2004 3727 2259 3794 audiunt,
2301 3726 2396 3783 sed
2420 3725 2586 3781 etiam
2621 3731 2848 3780 servant
2873 3737 2969 3778 eos
3003 3737 3072 3778 ne
3111 3720 3312 3776 cadant
3351 3721 3407 3775 in
3443 3722 3584 3776 mala

2003 3835 2032 3875 a
2071 3821 2273 3891 quibus
2301 3819 2408 3890 ipsi
2439 3824 2788 3873 avertuntur.
2818 3815 2878 3870 In
2903 3815 2990 3870 bis
3018 3815 3171 3869 enim
3205 3813 3412 3885 quibus
3451 3827 3587 3884 pru-

2002 3913 2197 3968 dentes
2242 3912 2520 3967 instruere
2553 3917 2788 3965 caeteros
2834 3909 3112 3976 nituntur,
3155 3908 3369 3978 seipsos
3399 3908 3586 3964 defen-

2003 4005 2139 4060 dunt
2170 4019 2236 4059 ne
2266 4002 2456 4059 eadem
2496 4017 2560 4057 ac
2593 4001 2684 4059 isti
2714 4000 3015 4072 patiantur.

2074 4133 2243 4189 Vens.
2273 4133 2329 4187 4.
2371 4129 2471 4186 Ubi
2510 4147 2613 4186 non
2658 4139 2782 4185 sunt
2838 4131 3010 4194 boves,
3064 4130 3326 4198 prazscpia
3358 4128 3582 4184 munda.

2005 4225 2108 4282 Ubi
2144 4241 2254 4281 non
2281 4233 2410 4282 sunt
2446 4223 2852 4280 irrationabiles
2883 4221 3213 4293 cupiditates
3243 4237 3433 4276 eorum
3467 4238 3589 4292 quae

2003 4319 2283 4384 videntur,
2316 4319 2392 4374 ibi
2429 4318 2684 4374 exsulant
2714 4317 3036 4387 passionum
3066 4315 3360 4386 imagines,
3387 4315 3439 4370 in
3469 4317 3588 4386 qui-

2004 4412 2110 4467 bus
2139 4411 2422 4466 invenitur
2446 4425 2640 4466 eorum
2683 4424 2805 4479 quae
2847 4408 3108 4463 videntur
3145 4407 3380 4476 species,
3421 4407 3585 4477 bujns

2011 4505 2256 4575 expertis
2281 4504 2500 4558 ratione
2529 4503 2702 4573 partis
2729 4501 2928 4556 animae
2955 4500 3300 4554 alimentum.

2079 4630 2180 4686 Ubi
2210 4639 2391 4684 autem
2447 4627 2618 4682 multa
2661 4626 2950 4698 genimina,
2986 4624 3274 4694 manifesta
3320 4634 3399 4679 est
3439 4625 3586 4680 bovis

2005 4725 2202 4779 virtus.
2235 4720 2466 4788 Quando
2492 4729 2674 4774 autem
2717 4718 2954 4772 diversae
2987 4716 3231 4789 rationes
3256 4731 3439 4772 rerum
3463 4732 3587 4787 quae

2006 4816 2284 4880 videntur,
2308 4811 2616 4868 secundum
2640 4811 2946 4865 naturalem
2980 4809 3182 4866 mentis
3209 4810 3387 4866 visum
3415 4810 3588 4882 perite

2004 4913 2342 4970 tractantur,
2378 4915 2512 4960 tunc
2564 4901 2857 4960 manifesta
2885 4909 2968 4958 est
2995 4901 3316 4973 cupiditatis
3351 4901 3433 4957 vis
3465 4917 3587 4972 quae

2002 5010 2086 5055 est
2120 4997 2428 5053 secundum
2461 4995 2758 5062 rationem,
2790 4995 2950 5065 cujus
2983 5007 3086 5065 Ope
3117 4993 3208 5047 illa
3237 4993 3415 5063 potuit
3441 4991 3585 5048 divi-

2007 5092 2220 5147 sionem
2257 5090 2565 5147 secundum
2615 5103 2840 5144 sensum
2890 5085 3227 5156 transgredi,
3278 5093 3333 5140 et
3363 5085 3588 5140 tendere

2002 5183 2068 5239 ad
2106 5183 2422 5255 generalem
2448 5181 2700 5238 veritatis
2732 5194 2856 5250 quae
2888 5179 3194 5236 secundum
3224 5177 3482 5250 spiritum
3499 5189 3586 5235 est

2001 5276 2290 5331 unitatem.

2076 5423 2244 5479 Vens.
2291 5423 2343 5478 5.
2383 5420 2553 5476 Testis
2598 5419 2774 5490 ﬁdelis
2810 5434 2914 5472 non
2949 5417 3249 5496 mentietur.
3290 5414 3435 5472 Deus
3462 5415 3587 5471 Ver-

2001 5518 2154 5581 bum,
2187 5515 2392 5570 veritas
2427 5514 2568 5584 ipsa,
2611 5511 2836 5584 quando
2870 5519 3123 5566 nostrum
3155 5511 3302 5566 circa
3324 5523 3603 5580 apparen-

2003 5608 2076 5662 tia
2124 5607 2372 5662 babitum
2423 5621 2613 5662 errore
2669 5608 2889 5676 plenum
2947 5602 3165 5659 illorum
3209 5600 3584 5660 destructione

2002 5699 2300 5764 convincit,
2341 5713 2509 5754 verax
2545 5705 2651 5753 est.
3591 5681 3596 5684 ’

2070 5843 2322 5898 Accendit
2350 5853 2524 5900 autem
2563 5843 2844 5900 mendacia
2889 5839 3036 5897 testis
3072 5839 3327 5913 injustas.
3370 5838 3579 5895 Excitat
