3958 6386
485 367 625 428 Ὶῗῖῗρὶ)

1795 360 2145 422 PROCOPII
2184 361 2428 423 ΟΛΖᾸΞΙ

3585 365 3698 432 Ῑὲίθ

487 500 613 538 vero
653 487 704 536 in
735 482 892 537 nobis
926 481 1240 538 mendacem
1278 479 1344 535 de
1396 480 1614 534 illorum
1650 478 2060 548 pulchritudine

2163 479 2207 530 δ’
2237 482 2296 532 ἐν
2323 482 2456 550 ἡμῖν
2479 479 2575 549 τὴν
2607 481 2735 550 περὶ
2754 481 2925 535 ταῦτα
2945 479 3114 552 ψευδῆ
3147 480 3236 534 τοῦ
3265 478 3424 533 καλοῦ
3445 479 3697 554 ὑπόληψιν,

484 576 800 643 opinionem
830 616 842 638 ,
885 574 970 628 hic
1023 576 1112 643 qui
1167 589 1260 642 per
1300 588 1419 627 eam
1465 571 1721 642 decipere
1766 587 1868 626 nos
1917 561 2068 625 omni

487 667 699 722 ratione
732 683 947 736 semper
979 666 1342 720 machinatur.

566 795 730 848 Vens.
763 794 814 847 6.
857 794 1071 860 Qua'res
1104 794 1424 864 sapientiam
1470 793 1612 862 apud
1657 792 1848 857 malos,
1881 799 1930 845 et
1955 807 2058 844 non

482 887 732 940 invenies.
773 885 1121 940 Scrutaberis
1160 887 1448 951 rationem,
1477 894 1703 956 propter
1742 899 1910 954 quam
1945 897 2064 937 ma-

483 977 592 1028 lum
651 988 818 1045 agunt
849 976 941 1045 qui
980 976 1121 1030 male
1183 983 1374 1046 agunt,
1413 993 1595 1047 neque
1637 977 1913 1041 invenies,
1941 990 2066 1054 cum

480 1068 626 1120 nulla
679 1070 937 1122 exsistat.
972 1067 1100 1134 Qua:
1145 1069 1290 1124 enim
1323 1067 1414 1125 isti
1462 1077 1650 1140 agunt,
1700 1069 1820 1124 sine
1857 1069 2067 1122 ratione

477 1171 663 1230 agunt.

549 1287 745 1344 Sensus
773 1297 948 1344 autent
975 1290 1414 1362 intelligentibus,
1445 1292 1645 1361 facilis.
1673 1293 1883 1359 Quibus
1909 1307 2063 1347 mens

475 1380 640 1440 inest.
679 1381 965 1438 distinctio
1002 1383 1130 1437 boni
1166 1391 1220 1437 et
1258 1384 1386 1437 mali
1424 1383 1571 1437 haud
1609 1385 1806 1446 ardua.
1839 1401 1963 1438 cum
1997 1400 2060 1439 ex

475 1481 674 1525 natura
705 1473 822 1542 ipsa
861 1474 1024 1528 talem
1061 1465 1358 1543 impulsum
1394 1475 1654 1528 habeant.
1690 1473 1888 1528 Malum
1915 1475 2060 1530 enim

475 1563 680 1627 sciunt,
726 1573 784 1616 ut
831 1565 1050 1616 caeteris
1094 1578 1204 1616 non
1255 1563 1460 1616 faciant
1502 1562 1651 1632 quod
1693 1563 1762 1618 ab
1804 1563 1912 1618 illis
1949 1563 2062 1634 pati

473 1654 676 1708 nolunt
717 1670 728 1706 :
776 1654 981 1708 bonum
1018 1663 1222 1719 autem,
1253 1661 1314 1708 ut
1347 1653 1472 1710 aliis
1511 1653 1716 1709 faciant
1763 1654 1910 1725 quod
1956 1656 2063 1712 sibi

471 1748 539 1799 ab
575 1747 769 1802 iisdem
807 1747 998 1801 volunt
1032 1748 1285 1818 retribui.

544 1961 714 2019 Vnus.
759 1963 809 2017 7.
857 1963 1052 2018 Omnia
1102 1965 1331 2019 adversa
1367 1963 1566 2019 homini
1598 1962 1815 2020 stolido.
1863 1960 2060 2018 Omnia

471 2056 616 2110 enim
664 2064 720 2110 et
764 2057 1008 2125 jucunda
1061 2067 1115 2112 et
1169 2071 1355 2112 amara
1399 2057 1455 2112 in
1495 2057 1890 2113 detrimentum
1931 2071 2060 2112 eve-

471 2150 630 2203 niunt
683 2148 892 2202 homini
946 2149 1156 2219 absque
1209 2150 1465 2219 ingenio,
1514 2151 1609 2220 qui
1650 2151 1703 2204 in
1745 2149 1951 2202 talibus
2002 2163 2061 2204 se

471 2240 612 2293 male
645 2239 830 2294 habet.
865 2237 1139 2294 lucundis
1192 2241 1476 2308 sapienter
1511 2253 1620 2292 non
1660 2238 1854 2304 utitur,
1887 2236 2058 2308 quod,

469 2333 611 2388 belle
663 2333 951 2402 navigans,
994 2330 1340 2402 tempestatis
1381 2330 1762 2408 obliviscitur;
1801 2329 2060 2384 dolorosa

469 2442 578 2480 non
622 2425 834 2490 sull‘crt,
870 2428 1001 2495 quia
1047 2441 1112 2480 cx
1162 2425 1250 2480 his
1299 2424 1687 2479 liberationem
1729 2437 1839 2477 non
1874 2429 2061 2490 sperat

471 2534 650 2586 neque
685 2518 1018 2585 mercedem,
1057 2532 1245 2588 quam,
1285 2516 1590 2572 tolerandis
1625 2515 1826 2570 exinde
1854 2514 2058 2585 poenis,

471 2609 728 2678 recipiet.

541 2737 708 2790 Arma
741 2753 950 2802 sensus,
986 2736 1133 2791 labia
1164 2737 1452 2807 sapientia.
1482 2734 1554 2791 Ut
1580 2734 1874 2792 stultitiam
1902 2746 2060 2790 suam

471 2827 723 2898 abjiciat,
753 2843 906 2882 arma
948 2829 1198 2884 scientiae
1233 2837 1362 2882 sunt
1401 2827 1590 2893 verba,
1621 2842 1744 2903 quae
1771 2827 2060 2881 veritatem

471 2921 756 2991 perlucide
788 2920 1126 2974 annuntiant
1152 2927 1208 2974 et
1241 2919 1602 2974 domesticam
1634 2919 1802 2972 vitam
1833 2916 1900 2970 ad
1931 2930 2061 2970 nor-

481 3029 625 3067 mam
663 3012 895 3066 rationis
931 3011 1207 3082 redigunt.

2166 574 2193 624 ὁ
2225 571 2312 624 διὰ
2335 573 2542 644 ταύτης
2574 573 2788 644 ἀπατᾷν
2845 575 2994 644 ἡμᾶς
3039 573 3194 644 παρὰ
3241 573 3416 628 πάντα
3459 575 3602 646 λόγον
3628 581 3701 637 ἀεὶ

2169 664 2580 735 μηχανώμενος.

2239 795 2314 854 ς’.
2350 792 2644 859 Ζητήσεις
2665 795 2894 863 σοφίαν
2926 796 3086 864 παρὰ
3118 797 3341 864 κακοῖς,
3372 798 3469 854 καὶ
3494 803 3598 872 οὐχ
3621 808 3702 862 εὑ-

2156 881 2393 948 ρήσεις.
2428 884 2792 957 Ψηλαφήσεις
2839 887 3019 956 λόγον,
3069 889 3191 943 καθ’
3218 890 3277 944 δν
3303 891 3351 944 οἱ
3387 893 3702 966 ἐργαζόμενα

2164 973 2224 1026 τὸ
2268 975 2441 1028 κακὸν
2470 977 2716 1030 ποιοῦσιν
2744 979 2896 1046 αὑτὸ,
2931 981 3026 1035 καὶ
3074 982 3170 1052 οὑχ
3221 984 3473 1054 εὑρήσεις
3497 1002 3512 1017 ’
3546 989 3703 1060 ἐπειδὴ

2167 1066 2290 1137 μηδ’
2315 1067 2593 1140 ὑπάρχει·
2623 1068 2658 1124 ἃ
2688 1069 2797 1141 γὰρ
2822 1067 2967 1128 οὑτοι
2999 1075 3268 1143 ποιοῦσιν,
3304 1076 3510 1147 ἀλόγως
3550 1082 3706 1135 ποιοῠο

2164 1175 2269 1215 σιν.

2236 1290 2538 1359 Αἴσθησις
2577 1293 2643 1347 δὲ
2675 1294 2834 1363 παρὰ
2863 1295 3193 1364 φρονίμοις,
3230 1294 3502 1367 εὐχερής.
3540 1299 3650 1365 Τοῖς
3671 1304 3705 1357 δ’

2163 1385 2452 1456 ἐχέφροσιν
2480 1390 2511 1458 ἡ
2541 1387 2635 1440 τοῦ
2672 1387 2840 1442 καλοῦ
2871 1389 2965 1442 καὶ
2990 1389 3084 1442 τοῦ
3114 1391 3286 1446 κακοῦ
3329 1391 3592 1464 διάκρισις
3621 1398 3704 1466 ρᾳ-

2161 1479 2246 1532 δία
2271 1481 2440 1544 ἐστὶν,
2466 1481 2524 1547 ἐξ
2555 1481 2726 1552 αὑτῆς
2755 1482 2855 1552 τῆς
2884 1480 3099 1552 φύσεως
3127 1483 3228 1548 τὰς
3257 1486 3504 1556 ἀφορμὰς
3525 1487 3703 1556 ἔχουσι,

2163 1573 2257 1624 καὶ
2282 1573 2447 1627 είδόσι
2470 1573 2634 1627 κακὸν
2670 1576 2768 1645 μὲν
2796 1575 2858 1628 τὸ
2886 1579 3060 1629 ποιεῖν
3091 1579 3171 1640 είς
3199 1578 3418 1649 ἐτέρους
3467 1579 3494 1632 ὃ
3526 1581 3593 1652 μὴ
3620 1582 3704 1636 πά-

2165 1682 2316 1735 σχειν
2345 1667 2498 1719 αὑτοὶ
2521 1668 2652 1738 παρ’
2675 1671 2741 1720 αὑ
2752 1669 2856 1722 τῶν
2885 1668 3163 1739 βούλονται
3184 1686 3199 1701 ·
3224 1670 3388 1724 καλὸν
3409 1671 3463 1724 δὲ
3485 1673 3540 1726 τὸ
3561 1677 3706 1727 ποιεῖν

2165 1760 2244 1820 εἰς
2271 1758 2510 1823 ἐκείνους
2570 1760 2597 1812 ὃ
2635 1760 2730 1814 καὶ
2760 1763 2918 1816 αὑτοὶ
2947 1764 3176 1834 πάσχειν
3206 1765 3359 1833 παρὰ
3390 1765 3582 1817 τούτων
3611 1765 3707 1819 ἐθέ-

2079 1820 2124 1878 B
2162 1851 2368 1906 λουσιν.

2234 1960 2298 2027 ζ’.
2330 1959 2532 2015 Πάντα
2557 1961 2803 2016 ἐναντία
2827 1962 2997 2030 ἀνδρὶ
3029 1963 3265 2033 ἄφρονι.
3298 1962 3542 2019 Ἀπαντα
3575 1967 3636 2021 τά
3657 1985 3704 2021 τε

2161 2053 2290 2124 ἡδέα
2325 2054 2420 2106 καὶ
2446 2054 2514 2107 τὰ
2540 2053 2764 2122 ἀλγεινά
2815 2057 2894 2118 είς
2923 2055 3128 2126 βλάϐην
3156 2058 3444 2112 ἀποϐαίνει
3472 2059 3545 2129 τῷ
3571 2061 3704 2134 ἀνοήδ

2159 2161 2258 2214 τῳ,
2292 2143 2481 2207 κακῶς
2527 2145 2586 2197 ἐν
2615 2144 2827 2209 τούτοις
2872 2147 3064 2201 ἑαυτὸν
3115 2148 3416 2216 διεξάγοντι
3441 2165 3455 2180 ο
3495 2149 3565 2214 ὡς
3592 2153 3702 2220 μήτε

2160 2237 2272 2298 τοῖς
2293 2234 2445 2306 ἡδέσι
2474 2236 2766 2306 σωφρόνως
2790 2237 3080 2308 χρωμένῳ,
3107 2237 3194 2290 διὰ
3219 2237 3282 2290 τὸ
3313 2238 3390 2309 μὴ
3419 2240 3493 2292 ὅτ’
3521 2240 3704 2294 εὐπλοεῖ

2162 2324 2332 2394 ζάλης
2366 2326 2716 2397 μεμνῆσθαι,
2766 2327 2894 2398 μήθ’
2919 2328 3248 2400 ὑποφέροντι
3278 2329 3347 2382 τὰ
3381 2330 3610 2398 ἀλγεινὰ,
3635 2331 3703 2385 διὰ

2159 2421 2220 2474 τὸ
2259 2421 2334 2492 μὴ
2368 2421 2610 2486 ἐλπίζειν
2659 2424 2813 2478 λύσιν
2855 2424 3081 2489 τούτων,
3127 2425 3220 2478 καὶ
3261 2425 3598 2489 ἀντιμισθίαν
3626 2427 3704 2496 τῆς

2160 2509 2268 2566 τῶν
2298 2511 2383 2564 ἐπ’
2415 2513 2599 2577 αὐτοῖς
2627 2515 2802 2569 πόνων
2839 2515 3142 2586 ὑπομονῆς.

2234 2734 2429 2789 Ὅπλα
2475 2734 2544 2789 δὲ
2590 2736 2936 2803 αἰσθήσεως
2985 2739 3159 2807 χείλη
3201 2739 3386 2809 σοςρά.
3425 2740 3559 2812 Πρὸς
3590 2741 3639 2795 δέ
3658 2740 3707 2794 τδ

2163 2825 2492 2880 καταϐαλεῖν
2531 2825 2632 2896 τὴν
2657 2827 2848 2880 τούτου
2883 2828 3090 2893 ἄνοιαν,
3119 2827 3378 2895 γνώσεως
3414 2829 3564 2892 ὅπλα,
3586 2828 3707 2895 λόγοι

2161 2917 2222 2970 τὸ
2249 2917 2447 2986 ἀληθὲς
2465 2917 2678 2988 τρανῶς
2707 2917 3166 2986 ἀπαγγέλλοντες,
3196 2919 3342 2974 κατά
3375 2919 3524 2989 λόγον
3547 2919 3629 2990 τὴν
3645 2919 3706 2972 oi-

2161 3011 2316 3065 κείαν
2346 3010 2527 3082 βιοτὴν
2558 3011 2918 3078 διεξάγοντες.

545 3137 714 3192 Vens.
753 3137 804 3191 8.
840 3135 1123 3205 Sapientia
1156 3135 1472 3190 callidorum
1529 3140 1801 3205 cognoscet
1828 3132 1940 3186 vias
1970 3145 2060 3185 eo-

2233 3138 2304 3210 η’.
2345 3142 2534 3209 Σοφία
2581 3142 2937 3210 πανούργων
2983 3141 3383 3212 ἐπιγνώσεται
3431 3142 3533 3208 τὰς
3559 3140 3706 3206 ὀδοὺς

475 3246 620 3286 nam.
647 3229 750 3294 Qui
785 3228 927 3282 bona
955 3229 1140 3283 indole
1174 3244 1269 3298 per
1298 3228 1481 3282 omnia
1523 3225 1834 3282 evenientia
1878 3232 2062 3278 trans-

465 3321 821 3392 grediuntur,
857 3330 909 3377 et
943 3322 1053 3377 illis
1089 3323 1155 3376 ad
1203 3321 1550 3376 commodum
1595 3328 1845 3386 utuntur,
1879 3319 2064 3373 sciunt

475 3415 754 3484 quomodo
794 3416 1076 3470 ambulent
1109 3432 1122 3470 :
1160 3417 1357 3470 exinde
1400 3426 1452 3470 et
1497 3415 1796 3484 pendentes
1842 3412 2063 3466 malitiae

475 3508 740 3578 scopulos
771 3516 825 3562 ct
856 3508 1118 3562 barathra
1160 3507 1449 3577 effugiunt,
1483 3506 1793 3577 inllcxoque
1817 3505 1959 3575 pede
1994 3504 2060 3558 ad

459 3604 735 3658 ,ultimum
770 3603 1047 3657 tramitem
1078 3601 1366 3657 festinant.

551 3730 800 3785 Stultitia
836 3731 1204 3799 insipientium
1232 3732 1288 3785 in
1318 3745 1516 3784 errore.
1558 3728 1662 3794 Qui
1695 3728 1818 3783 sine
1847 3728 2062 3781 ratione

476 3820 692 3884 vivunt,
731 3831 920 3876 errant
951 3836 980 3874 a
1020 3822 1252 3876 veritate
1283 3828 1338 3876 et
1374 3821 1440 3876 ad
1474 3819 1676 3876 bonum
1709 3834 1817 3874 non
1851 3819 2062 3890 pertin-

473 3921 630 3984 gunt.

552 4037 719 4092 Vens.
753 4039 808 4093 9.
849 4035 1054 4092 Domus
1106 4037 1406 4110 iniquorum
1446 4039 1816 4108 purificatione
1859 4037 2062 4108 indige-

471 4131 628 4182 bunt.
700 4129 894 4183 Divina
952 4131 1212 4183 mandata
1268 4129 1728 4200 perfringentium
1789 4143 2058 4200 corpora,

476 4223 593 4285 ubi,
621 4237 721 4276 ceu
751 4223 807 4276 in
835 4221 1164 4292 quibusdam
1196 4222 1473 4288 domibus,
1499 4223 1564 4277 ad
1600 4230 1831 4276 mortem
1862 4237 2058 4292 usque,

472 4321 826 4382 permanent,
855 4315 982 4383 quia
1017 4329 1250 4383 corpora
1285 4313 1376 4366 illa
1403 4314 1560 4381 juxta
1587 4314 1737 4369 viros
1775 4329 1906 4368 suos
1939 4330 2063 4382 pas-

447 4407 732 4460 -sionibus
769 4407 1157 4476 inquinentur,
1201 4407 1462 4476 operibus
1501 4407 1584 4462 vel
1633 4415 1824 4478 sponte
1865 4421 2060 4462 susce-

477 4500 705 4570 ptis.vel
737 4498 1016 4569 impositis
1048 4498 1326 4568 purificari
1361 4498 1584 4554 debent.

547 4650 746 4705 Domus
803 4659 978 4704 autem
1042 4652 1319 4720 justorum
1382 4651 1750 4720 acceptabi'les.
1812 4649 2058 4720 Corpora

472 4759 690 4808 eorum,
727 4743 821 4813 qui
851 4744 970 4798 sine
1000 4743 1307 4799 otTeusione
1335 4753 1753 4809 conversantur,
1796 4759 1894 4815 per
1924 4757 2058 4814 ope-

475 4837 748 4892 rationem
786 4835 1138 4890 deducuntur
1167 4836 1234 4890 ad
1287 4835 1456 4890 Deum
1509 4845 1563 4891 et
1606 4836 1682 4889 illi
1725 4847 1853 4892 sunt
1890 4835 2062 4891 sacri.

475 4930 663 4984 ﬁcium
697 4929 934 4983 multum
967 4928 1326 4997 acceptabilc.

553 5057 719 5113 Vens.
747 5057 836 5112 10.
871 5057 1225 5112 Coa-hominis
1263 5055 1512 5110 sensibile
1536 5055 1840 5108 dolorosum
1870 5055 2062 5107 anima:

450 5150 661 5216 .ipsius.
697 5150 806 5206 Cor
839 5151 1104 5216 hominis,
1139 5179 1210 5192 ——
1238 5151 1383 5218 quod
1415 5149 1543 5202 hine
1572 5149 1836 5202 sensitive
1860 5148 2063 5216 jucun-

474 5243 582 5306 dis,
613 5244 717 5298 sibi
755 5258 784 5295 a
827 5244 1026 5313 spiritu
1058 5242 1416 5297 circumfusis
1449 5252 1719 5306 versatur,
1750 5250 1802 5296 et
1836 5241 2063 5294 irratio-

481 5336 720 5390 nubilem
754 5337 958 5390 excitat
990 5335 1340 5405 cupidinem;
1377 5335 1525 5388 illinc
1562 5344 1764 5395 autem,
1798 5334 2064 5402 sanguine

471 5428 536 5481 in
583 5426 901 5496 pectoribus
938 5426 1206 5492 fervente,
1256 5428 1438 5482 denuo
1489 5427 1767 5480 dolurosis
1801 5443 1897 5497 per
1933 5442 2062 5481 sen-

479 5535 602 5576 sum
635 5517 876 5573 adhaeret
910 5528 962 5573 et
998 5534 1184 5590 parem
1219 5528 1428 5573 motum
1466 5521 1690 5581 excitat,
1724 5545 1793 5558 -—
1822 5519 2062 5572 animam

471 5610 793 5667 istiusmodi
824 5611 1069 5666 hominis
1103 5620 1158 5666 et
1177 5611 1548 5666 conscientiae
1612 5611 1833 5682 probris
1864 5626 2065 5681 angere

475 5703 790 5764 consuevit,
828 5703 1057 5772 insuper
1091 5711 1145 5759 et
1175 5703 1347 5760 variis
1377 5704 1512 5760 inde
1544 5705 1897 5776 surgentibus
1927 5706 2064 5760 irre-

472 5796 540 5849 .tit
569 5794 990 5866 cupiditatibus.
2003 5801 2012 5806 ’

2162 3231 2382 3287 αὐτῶν.
2415 3234 2475 3285 Οί
2507 3233 2684 3286 πάντα
2711 3231 2925 3302 εὐφυῶς
2949 3232 3017 3286 τὰ
3052 3233 3464 3302 προσπίπτοντα
3490 3232 3705 3302 μετερχό.

2166 3341 2342 3396 μενοι,
2373 3324 2468 3378 καὶ
2516 3325 2724 3389 τούτοις
2766 3324 2902 3394 πρὸς
2937 3325 3205 3394 ὠφέλειαν
3246 3326 3533 3397 χρώμενοι,
3566 3325 3703 3378 οἴδασι

2163 3414 2282 3477 πῶς
2325 3415 2688 3486 περιπατοῦσι
2709 3432 2722 3446 ’
2753 3415 3046 3469 κάντεῦθεν
3081 3417 3180 3485 τῆς
3212 3418 3410 3477 κακίας
3449 3418 3564 3480 τοὺς
3598 3433 3703 3487 κρη-

2167 3507 2332 3578 μνοὺς
2360 3508 2455 3560 καὶ
2483 3508 2551 3560 τά
2592 3506 2839 3577 βάραθρα
2875 3508 3278 3576 διαφεύγοντες,
3314 3511 3701 3580 ἀμετάστρειιτοι

2164 3597 2302 3668 πρὸς
2330 3598 2391 3651 τὸ
2419 3597 2646 3668 ἔσχατον
2675 3597 2983 3666 ἐπείγονται
3007 3602 3248 3662 ὀρεκτόν.

2239 3724 2434 3778 "Arata
2458 3722 2526 3776 δὲ
2547 3725 2826 3791 ἀφρόνων
2843 3723 2913 3777 ἐν
2934 3724 3157 3794 πλάνῃ.
3184 3727 3246 3778 Οί
3277 3727 3324 3779 δ’
3345 3727 3544 3799 ἀλόγως
3565 3724 3703 3795 βιοῦν-

2162 3827 2275 3875 τες,
2307 3811 2725 3866 ἀποπλανῶνται
2756 3812 2854 3883 τῆς
2881 3812 3160 3885 ἀληθείας,
3188 3817 3284 3870 καὶ
3313 3817 3700 3888 ἀποτυγχάνουσι

2161 3904 2255 3956 τοῦ
2279 3904 2509 3973 ἀγαθοῦ.

2234 4027 2298 4080 θ’.
2332 4029 2520 4082 Οικίαι
2546 4030 2906 4099 παρανόμων
2929 4029 3332 4100 ὀφειλήσουσι
3355 4030 3696 4100 καθαρισμόν.

2165 4118 2245 4173 Τά
2279 4118 2388 4172 τῶν
2423 4119 2522 4183 τὰς
2553 4119 2704 4184 θείας
2732 4122 2952 4186 ἐντολάς
3001 4124 3451 4192 παραϐαινόντων
3491 4123 3696 4192 σώματα,

2164 4213 2222 4264 ἐν
2256 4209 2340 4275 οἷς
2371 4212 2427 4266 ai
2452 4211 2658 4266 τούτων
2691 4213 2879 4285 ψυχαὶ,
2906 4215 3011 4280 ἕως
3037 4215 3291 4282 θανάτου,
3317 4219 3392 4281 ὦς
3419 4234 3549 4271 τισιν
3576 4215 3700 4282 elati,-

2167 4323 2300 4375 μασι
2331 4307 2763 4377 παραμένουσιν,
2801 4309 2990 4379 ἐπειδὴ
3033 4312 3147 4374 τοῖς
3181 4310 3302 4364 κατ’
3330 4311 3592 4381 ἐνέργειαν
3622 4324 3696 4378 μο-

2163 4397 2410 4452 λύνονται
2466 4399 2686 4466 πάθεσι,
2741 4400 3100 4472 δεηθήσονται
3148 4401 3248 4473 τῆς
3299 4403 3365 4456 δι’
3393 4401 3632 4456 ἑκουσίων
3671 4397 3696 4467 ἢ

2089 4510 2135 4567 ι)
2163 4490 2436 4546 ἀκουσίων
2469 4492 2649 4546 πόνων
2678 4493 3022 4566 καθάρσεως.

2227 4643 2419 4697 Οικίαι
2451 4642 2520 4696 δὲ
2548 4644 2796 4698 δικαίων
2833 4644 3056 4698 densat.
3085 4644 3167 4699 Τὰ
3207 4646 3265 4699 δέ
3297 4644 3404 4700 τῶν
3436 4642 3697 4715 ἀμέμπτως

2163 4738 2598 4809 πολιτευομένων
2631 4739 2882 4809 σώματα,
2911 4739 3051 4794 κατὰ
3092 4741 3291 4812 πρᾶξιν
3315 4740 3432 4812 Θεῷ
3463 4733 3699 4810 προσαγό-

2166 4848 2325 4901 μενα,
2363 4830 2524 4885 θυσία
2557 4831 2956 4903 εὐπρόσδεκτος
2982 4831 3158 4904 τούτῳ
3182 4832 3531 4903 ὑπάρχουσιν.

2235 5069 2287 5116 ι’.
2315 5063 2537 5132 Καρδια
2557 5064 2778 5132 ἀνδρὸς
2806 5064 3147 5132 αἰσθητικὴ,
3177 5065 3412 5133 λυπηρὰ
3436 5060 3591 5131 ψυχῇ
3612 5057 3695 5112 αὐ·

2161 5155 2290 5211 τοῦ.
2340 5155 2650 5226 Ἀνθρώπου
2689 5156 2906 5226 καρδία,
2940 5158 3032 5209 ἐπὶ
3071 5159 3170 5226 μὲν
3195 5161 3306 5221 τοῖς
3338 5156 3454 5210 κατ’
3486 5153 3694 5219 αἴσθησιν

2163 5246 2313 5316 ἡδέσι
2339 5247 2584 5316 διάχυσιν
2607 5248 2698 5300 τοῦ
2725 5250 2854 5317 περὶ
2878 5247 3047 5316 αὐτὴν
3079 5251 3388 5320 πνεύματος
3417 5244 3692 5314 ποιουμένη.

2163 5339 2258 5390 καὶ
2285 5338 2382 5406 τὴν
2409 5339 2604 5406 ἄλογον
2634 5338 2930 5408 ἐπιθυμίαν
2959 5341 3263 5409 ὑφιστῶσα.
3292 5340 3380 5393 ἐπὶ
3406 5339 3458 5392 δὲ
3480 5339 3576 5396 τοῖς
3599 5329 3692 5384 κατ’

2163 5423 2416 5498 αῖσθήσιν
2460 5431 2748 5498 ἀλγεινοῖς,
2802 5431 2950 5496 ζέσιν
2988 5432 3081 5484 τοῦ
3132 5433 3256 5496 περὶ
3295 5430 3456 5500 αὑτὴν
3503 5427 3694 5494 αἵματος

2163 5521 2318 5584 αὖθις
2374 5522 2695 5592 ποιουμένη,
2741 5526 2836 5576 καὶ
2883 5523 2974 5575 τὸν
3018 5526 3203 5593 ὅμοιον
3239 5523 3402 5594 θυμὸν
3434 5515 3689 5588 ὑφιστῶσαι

2163 5613 2356 5665 λυπεῖν
2390 5614 2550 5666 εἴωθε
2580 5615 2673 5665 τοῦ
2705 5613 2947 5668 τοιούτου
2982 5615 3173 5684 ἀνδρὸς
3192 5615 3290 5686 τὴν
3317 5615 3504 5684 ψυχὴν,
3532 5607 3598 5674 τῷ
3617 5601 3691 5655 τοῦ

2166 5705 2470 5766 συνειδότος
2505 5706 2732 5777 ἐλέγχῳ,
2784 5707 2868 5776 ἐφ’
2905 5701 2988 5770 οἷς
3027 5707 3277 5762 ἐντεῦθεν
3316 5701 3569 5763 παντοίοις
3597 5692 3688 5750 ἀλί-

2168 5813 2356 5849 σκεται
2391 5795 2638 5851 πάθεσιν.
