3958 6380
303 393 430 463 1361

1298 399 1837 463 COMMENTARII
1878 402 1960 463 ΙΝ
1980 400 2445 465 PROVERBIA.

3440 390 3579 456 1362

370 508 559 563 Ὅταν
601 507 653 563 δ’
692 510 1109 581 εὐφραίνηται,
1143 512 1256 567 οὐκ
1285 513 1665 583 ἐπιμίγνυται
1703 513 1876 580 ὕϐρε-

2028 512 2197 567 ουιιηι
2254 512 2487 584 gaudent
2547 523 2603 564 se
2647 522 2751 562 non
2791 504 3098 560 immiscunt
3151 501 3392 573 injuriis.
3440 500 3580 556 Cum

299 617 421 657 σιν.
455 603 584 655 ’Ὀτε
614 600 671 656 δὲ
713 605 747 674 ἡ
781 603 931 675 ψυχὴ
958 605 1341 676 πνευματικὴν
1375 604 1641 675 κέκτηται
1682 605 1883 677 εὐφρο-

301 694 486 764 σύνην,
518 694 919 768 ἁπηλλαγμένη
956 696 1055 767 ιῆς
1086 696 1198 752 τῶν
1228 696 1418 751 παθῶν
1455 695 1681 767 ἀτιμίας
1715 697 1883 751 ἐστίν.

294 844 303 853 ο
372 825 462 875 ια’.
496 822 690 876 Οἰκίαι
716 820 955 889 ἀσεϐῶν
977 822 1519 893 ἀφανισθήσονται.
1547 824 1632 882 Τά
1658 825 1889 896 σώματα

298 911 407 965 τῶν
449 913 523 985 μὴ
558 914 627 968 δι’
657 914 1028 986 ἀγαθοεργίας
1062 914 1347 986 τιμώντων
1379 917 1535 983 Θεὸν,
1589 917 1683 973 καὶ
1716 920 1743 971 ό
1794 917 1891 971 κό-

301 1020 438 1072 σμος
486 999 639 1069 οὗτος
687 1007 746 1059 ὲν
787 998 832 1073 ᾧ
878 1006 948 1061 δι’
986 1006 1166 1061 αὐτῶν
1207 1007 1269 1061 τδ
1315 1007 1623 1081 πολίτευμα
1663 1010 1885 1079 ἔχουσι·

300 1095 429 1165 περὶ
460 1095 497 1149 ἃ.
521 1095 624 1165 οὐχ
650 1095 726 1159 ὡς
752 1096 1044 1169 παροδικὰ,
1075 1097 1191 1151 ἀλλ’
1220 1097 1299 1161 ὡς
1323 1098 1521 1159 αίὼνια
1552 1102 1890 1173 κατοικητή-

300 1202 394 1257 pta
426 1178 574 1240 οὗτοι
603 1188 1014 1259 διάκεινται,τῇ
1048 1189 1227 1261 φθορᾷ
1252 1191 1758 1263 παραδοθήσονται·
1792 1192 1891 1247 σὺν

296 1277 512 1344 τούτοις
533 1279 579 1333 δ’
606 1282 657 1334 οἰ
690 1281 925 1336 τοιοῦτοι
949 1283 1169 1348 πάντως
1192 1285 1285 1338 καὶ
1310 1284 1411 1350 τὰς
1444 1286 1696 1351 αἰωνίους
1723 1286 1893 1359 μονὰς

295 1368 683 1426 ἀπολέσουσιν.

361 1498 594 1564 Σκηναί
622 1496 692 1550 δὲ
715 1499 1169 1568 κατορθούντων
1200 1500 1558 1569 στήσονται.
1584 1502 1888 1573 Στήσονται

290 1586 347 1640 δὲ
368 1586 435 1640 τὸ
460 1590 685 1660 σαρκίον
705 1607 766 1644 τε
783 1591 877 1644 καὶ
898 1593 926 1645 ὁ
948 1593 1153 1663 κόσμος
1193 1596 1306 1658 τοῖς
1325 1594 1402 1658 ὥς
1417 1611 1571 1657 τινας
1588 1592 1893 1665 παροδικάς

1990 604 2173 658 anima
2211 601 2502 673 Spirituale
2548 598 2799 672 possidet
2844 596 3132 669 gaudium,
3179 609 3209 649 a
3256 592 3583 667 passionum

1989 693 2292 764 ignominia
2323 694 2498 749 libera
2526 700 2635 749 est.
3620 680 3645 703 "

2067 819 2232 877 Vens.
2268 819 2357 875 Η.
2393 818 2598 876 Domus
2633 818 2924 888 impiorum
2962 818 3303 869 evanescunt.
3336 808 3584 875 Corpora

1991 926 2208 975 eorum,
2239 912 2333 982 qui
2382 909 2551 967 Deum
2600 924 2699 979 per
2739 908 2886 963 bona
2929 919 3096 977 opera
3131 918 3244 959 non
3285 902 3581 958 honorant.

1992 1019 2048 1065 et
2079 1007 2317 1063 mundus
2366 1006 2478 1074 hic,
2520 1008 2574 1060 in
2608 1019 2721 1077 quo
2761 1016 2956 1059 eorum
2987 998 3295 1070 corporalis
3330 1004 3415 1050 est
3452 1007 3586 1046 cou-

1992 1100 2256 1158 versatlo.
2278 1127 2349 1137 -—
2364 1097 2495 1167 quia
2519 1097 2730 1166 seipsos
2751 1094 2925 1149 relate
2948 1090 3018 1146 ad
3039 1091 3178 1154 haec,
3204 1102 3317 1142 non
3339 1085 3483 1140 sicut
3515 1080 3582 1136 ad

1992 1190 2199 1245 viatica
2232 1188 2458 1255 habent,
2490 1187 2588 1243 sed
2621 1196 2881 1257 tanquam
2922 1185 2989 1239 ad
3032 1179 3386 1239 tabernacula
3427 1181 3585 1232 aeter-

1994 1300 2087 1350 na,
2121 1310 2191 1325 —-
2226 1281 2572 1353 eorruptioni
2605 1280 2927 1346 tradentur;
2966 1292 3091 1334 cum
3134 1275 3223 1330 bis
3265 1267 3583 1343 temporali-

1993 1376 2098 1431 bus
2125 1384 2179 1431 et
2206 1383 2443 1430 aeternas
2472 1371 2793 1428 mansiones
2824 1370 3078 1442 perdent.

2068 1502 2441 1560 Tabernacula
2481 1510 2660 1557 autem
2698 1509 2843 1554 recta
2882 1497 3149 1568 agentium
3179 1492 3414 1548 stabunt.
3454 1489 3581 1545 εισι-

1994 1595 2135 1651 bunt
2165 1602 2221 1649 et
2251 1608 2381 1649 caro
2411 1598 2467 1649 et
2497 1591 2740 1647 mundus
2767 1589 2896 1653 illis,
2928 1587 3031 1656 qui
3059 1588 3173 1641 haec
3199 1599 3299 1639 ceu
3329 1581 3581 1653 qumlam

293 1678 503 1749 σκηνὰς
527 1679 701 1735 ταῦτα
733 1667 1105 1753 λογιζομένοις
1124 1724 1139 1749 ,
1168 1684 1366 1739 εἰδόσιν
1391 1684 1562 1738 ὅτιτά
1592 1681 1876 1754 φαινόμενα

2004 1684 2199 1739 viatica
2243 1682 2603 1739 tabernacula
2643 1678 3021 1736 considerant.
3070 1676 3266 1729 Sciunt
3312 1687 3584 1748 apparen-

292 1770 476 1825 πάντα
540 1772 728 1826 στάσιν
756 1772 859 1843 τὴν
886 1774 943 1827 ὲν
969 1773 1183 1841 γενέσει
1229 1774 1326 1828 καὶ
1369 1774 1548 1846 φθορᾷ
1586 1774 1770 1845 έχουσι
1804 1773 1893 1827 κί-

1997 1775 2072 1828 tia
2095 1773 2470 1830 omniasuum
2502 1773 2562 1827 in
2586 1772 2805 1842 origine
2831 1777 3036 1824 statum
3068 1766 3209 1821 etin
3230 1763 3582 1833 corruptione

287 1878 447 1933 νησιν
473 1902 488 1926 ,
527 1863 625 1918 καὶ
661 1864 789 1935 μήτ’
820 1866 914 1919 επὶ
937 1867 1005 1936 τῇ
1038 1866 1251 1934 γενέσει
1281 1866 1488 1920 τούτων
1522 1864 1876 1936 εὐφραινομέ-

2004 1876 2201 1921 motum
2247 1866 2479 1933 habere;
2521 1866 2648 1920 ideo
2691 1878 2792 1919 nec
2843 1863 2898 1916 in
2947 1860 3163 1930 origine
3205 1857 3595 1928 jucuudorum-

284 1971 402 2018 νοις
452 1955 602 2026 (μήτ’
649 1956 742 2009 ἐπὶ
785 1958 852 2028 τῇ
900 1956 1079 2028 φθορᾷ
1115 1958 1530 2029 λυπουμένων)⁶
1588 1956 1883 2012 κάντεῦθεν

174 2088 180 2095 .
285 2046 536 2119 στάσιμα
561 2048 628 2103 τὰ
650 2048 861 2105 ἄστατα
891 2050 950 2103 ὲν
980 2050 1197 2115 ἑαυτοῖς
1229 2051 1701 2105 ἀποδεικνύουσιν.

354 2173 453 2245 ιβ’.
488 2175 698 2230 Ἔστιν
721 2176 883 2244 ὁδὸς,
905 2176 943 2245 ἦ
967 2177 1139 2232 δοκεῖ
1156 2176 1302 2247 ὀρθὴ
1324 2173 1476 2249 εἶναι
1500 2177 1637 2246 παρ’
1659 2178 1885 2247 ἀνθρώ-

278 2278 448 2333 ποις.
496 2266 554 2321 '0
592 2270 854 2341 σαρκικδς
894 2271 989 2323 καὶ
1036 2272 1323 2341 ἀνειμένος
1359 2270 1495 2341 βίος,
1526 2270 1614 2324 διά
1658 2270 1721 2324 τὸ
1753 2271 1881 2341 ἠδυ-

277 2357 463 2421 παθὲς
491 2359 679 2426 αὐτοῦ,
708 2360 872 2424 καλὸς
902 2361 1030 2433 παρ’
1056 2361 1367 2433 ἀνθρώποις
1396 2361 1698 2433 νομίζεται,
1722 2361 1883 2433 ἄχρις

276 2448 341 2504 ἂν
364 2448 591 2516 τούτοις
618 2454 769 2525 χωρῇ
800 2452 948 2507 κατά
978 2452 1130 2526 ῥοῦν.

348 2573 446 2631 Τὰ
487 2577 558 2631 δὲ
597 2578 912 2633 τελευταῖα
956 2579 1151 2650 αὐτῆς
1201 2580 1440 2651 ἔρχεται
1484 2582 1574 2649 είς
1607 2579 1883 2650 πυθμένα

275 2665 456 2734 ᾅδου.
505 2667 578 2721 Τὸ
635 2668 692 2721 δὲ
740 2670 896 2733 τέλος
950 2669 1115 2723 αὑτοῦ
1161 2671 1403 2742 καταντᾷ
1449 2671 1529 2734 εἰς
1578 2667 1879 2735 ἀπώλειαν,

280 2756 479 2829 ὶπειδὴ
507 2759 712 2829 ἀπάγει
740 2760 932 2814 τούτου
966 2760 1061 2815 τοῦ
1087 2760 1256 2826 ὅντως
1281 2760 1470 2815 καλοῦ.

355 2889 450 2953 ιγ’.
498 2884 601 2939 Ἑν
632 2887 1043 2955 εὐφροσύναις
1086 2887 1160 2944 οὐ
1190 2878 1643 2958 ’προσμίγνυται
1687 2888 1876 2958 λύπη.

285 2975 351 3027 υἰ
385 2978 499 3040 τοῖς
529 2979 891 3050 προσκαίροις
917 2980 1328 3051 προσκείμενοι,
1352 2980 1460 3044 ἓως
1481 2981 1549 3036 ἂν
1574 2982 1881 3051 ὲπευφραί-

287 3084 469 3121 νονται
516 3070 750 3139 τούτοις,
799 3072 899 3126 οὐκ
938 3072 1287 3127 αἰσθάνονται
1335 3071 1535 3145 λύπης,
1584 3072 1652 3127 δι’
1686 3072 1880 3145 ἡδονῆς

286 3160 668 3233 ἐπικράτειαν.

360 3283 687 3345 Τελευταία
728 3291 797 3346 δὲ
841 3296 997 3364 χαρὰ
1057 3296 1146 3362 εἰς
1181 3295 1402 3362 πένθος
1430 3297 1685 3364 ἔρχεται.
1731 3294 1797 3349 Ἥ
1826 3295 1885 3349 δὲ

282 3378 515 3451 τοιαύτη
546 3382 693 3451 χιιρά
725 3382 876 3437 τέλει
906 3385 1404 3456 περιγεγραμμένη
1436 3385 1778 3456 ὑπάρχουσα.
1804 3386 1886 3450 είς

282 3466 487 3537 θρῆνον
535 3474 782 3544 καταντᾷ
824 3473 913 3528 διὰ
963 3474 1064 3547 τὴν
1108 3474 1362 3530 ἐντεῦθεν
1409 3476 1659 3547 ἀπάτην·
1709 3478 1887 3549 χαρᾶς

278 3560 394 3631 γὰρ
429 3563 698 3637 έπικήρου
723 3566 898 3633 τέλος,
929 3566 1100 3640 λύπη.

353 3686 445 3743 ιδ’.
487 3688 612 3744 Τῶν
644 3691 863 3746 ἑαυτοῦ
896 3690 1053 3749 ὁδῶν
1085 3692 1509 3763 πλησθήσεται
1540 3697 1883 3767 θρασυκάρ-

276 3778 434 3846 διος.
470 3780 593 3835 Τῶν
616 3783 700 3847 εἰς
723 3782 1005 3839 ἀπώλειαν
1031 3786 1311 3856 φερόντων
1343 3786 1648 3856 ἀλογίστων
1673 3789 1884 3858 ἐπιχει-

284 3873 555 3942 ρημάτων
598 3873 768 3928 αὑτοῦ
824 3875 1251 3948 πληρωθήσεται
1282 3878 1311 3931 ὁ
1346 3876 1416 3930 δι’
1450 3876 1632 3949 ὄρεξιν
1661 3878 1883 3932 ἀντιλυ-

282 3966 512 4033 πήσεως
534 3965 613 4036 τῷ
637 3967 767 4040 περὶ
784 3968 1018 4039 καρδίαν
1039 3968 1328 4038 ὑπερζέων
1351 3968 1886 4040 αίματι,ξκάντεῦθεν

281 4055 361 4109 ὢν
393 4054 814 4129 θρασυκάρδιος.

370 4179 514 4234 Ἀπὸ
540 4180 610 4236 δὲ
631 4182 751 4237 τῶν
775 4183 1196 4256 διανοημάτων
1216 4188 1426 4252 αὐτοῦ,
1450 4188 1607 4259 ἀνὴρ
1636 4190 1880 4260 ἀγαθός.

303 4272 439 4325 Ἀπὸ
471 4273 527 4327 δὲ
555 4274 664 4328 τῶν
703 4276 845 4331 κατά
877 4277 1035 4346 λόγον
1065 4281 1449 4351 περισκέψεων
1483 4281 1650 4335 αὐτοῦ
1709 4284 1885 4353 ἐμφο-

283 4363 611 4435 ρηθήσεται,
635 4366 1015 4439 ἀγαθοεργιῶν
1041 4369 1280 4437 πάντως,
1312 4371 1341 4424 ὁ
1367 4371 1630 4440 γενναίως
1660 4372 1886 4444 ἱστάμε-

280 4473 373 4521 νος
408 4458 551 4513 κατά
575 4459 687 4513 τῶν
716 4461 929 4517 παθῶν.

1987 1961 2227 2033 gaudent
2279 1961 2419 2032 (nec
2466 1961 2524 2015 in
2574 1958 2935 2029 corruptione
2984 1951 3370 2021 molestorum)
3407 1972 3418 2005 :
3456 1950 3584 2004 inde

1985 2072 2106 2127 qua:
2139 2056 2419 2111 instabilia
2452 2061 2585 2110 sunt
2616 2053 2672 2107 in
2712 2066 2772 2107 se
2806 2047 3029 2106 stabilia
3062 2047 3477 2101 demonstrant.

2060 2182 2225 2238 Vens.
2280 2180 2369 2235 12.
2410 2179 2516 2234 Est
2555 2180 2804 2248 viaque:
2849 2173 3055 2230 videtur
3107 2168 3410 2225 hominibus
3468 2181 3594 2221 esse-

1984 2282 2147 2329 recta.
2186 2271 2310 2327 V-ila
2343 2270 2583 2326 carnalis
2607 2278 2661 2325 et
2693 2269 2949 2332 remissa,
2977 2273 3205 2335 promer
3231 2257 3578 2316 dulcedinem

1984 2370 2216 2440 pulchra
2269 2377 2535 2439 pensatur
2585 2366 2657 2422 ab
2699 2361 3041 2426 hominibus,
3076 2358 3253 2414 donec
3305 2353 3439 2425 ipsis
3484 2368 3589 2423 per

1983 2462 2194 2518 ﬂuxum
2228 2460 2449 2516 habeat.

2057 2584 2318 2640 Extrema
2351 2583 2465 2653 ejus
2500 2582 2699 2637 vadunt
2726 2580 2796 2635 ad
2830 2587 3015 2649 portas
3049 2575 3231 2645 inferi.
3271 2569 3428 2626 Finis
3462 2571 3585 2638 ejus

1984 2676 2344 2749 perditionem
2377 2675 2529 2740 adit,
2554 2689 2679 2729 cum
2724 2669 3035 2729 istiusmodi
3082 2668 3333 2724 homines
3372 2679 3400 2715 ιι
3446 2678 3600 2717 vero-

1984 2769 2128 2825 bono
2156 2766 2412 2823 abducat.

2056 2892 2227 2950 Vens.
2262 2893 2347 2947 l3.
2389 2889 2455 2946 In
2489 2889 2692 2945 laztitiis
2748 2903 2851 2941 non
2898 2883 3431 2941 admiscetur-dolor.
3476 2879 3597 2947 Qui

1984 2984 2333 3040 aﬂluentibus
2371 2980 2535 3038 rebus
2574 2980 2886 3043 adhaerent,
2926 2977 3055 3032 dum
3091 2978 3158 3032 de
3192 2978 3277 3031 bis
3318 2973 3580 3046 gaudent,

1984 3074 2245 3134 dolorem
2288 3090 2400 3132 non
2460 3074 2709 3133 sentiunt
2769 3076 2995 3142 propter
3044 3068 3341 3141 voluptatis
3403 3068 3575 3121 victo.

1987 3173 2154 3228 riam.

2064 3296 2379 3352 Extremum
2424 3294 2684 3366 gaudium
2710 3295 2766 3349 in
2794 3294 2992 3349 luctum
3026 3293 3182 3348 venit.
3222 3288 3374 3345 Talis
3403 3297 3603 3345 autem‘

1988 3390 2205 3457 latitia,
2256 3404 2362 3445 suo
2417 3388 2512 3443 lini
2567 3387 3020 3457 circumscripta,
3077 3384 3132 3440 in
3186 3386 3392 3437 luctum
3451 3380 3587 3434 abiit

1986 3492 2217 3553 propter
2280 3489 2659 3551 emergentem
2726 3462 3047 3544 fallaciam;
3113 3476 3378 3547 periturae
3437 3474 3585 3528 enim

1985 3572 2195 3628 laetitiae
2222 3571 2369 3638 linis,
2399 3571 2581 3628 dolor.

2060 3699 2225 3756 Vens.
2277 3699 2520 3773 Mal’iis
2567 3699 2683 3754 suis
2732 3697 3028 3769 replebitur
3074 3711 3167 3750 cor
3204 3693 3407 3748 audax.
3457 3691 3585 3747 Suis

1987 3787 2045 3843 in
2086 3787 2455 3858 perditionem
2505 3785 2851 3852 ferentibus,
2898 3782 3379 3839 irrationabilibus
3417 3795 3585 3834 cona—

1987 3881 2139 3936 tibus
2173 3879 2502 3951 replebitur.
2536 3878 2632 3952 qui
2680 3878 2750 3935 ad
2794 3877 3097 3949 fugandum
3132 3876 3402 3939 dolorem,
3436 3872 3586 3927 circa

1985 3978 2235 4041 pectora,
2272 3970 2544 4043 sanguine
2580 3968 2792 4037 fervet;
2825 3968 3047 4024 etiamsi
3077 3965 3279 4022 exinde
3307 3965 3381 4023 sit
3416 3963 3586 4019 corde

1988 4064 2211 4120 audacL

2059 4191 2103 4246 Α
2140 4191 2555 4264 cogitationibus
2596 4192 2725 4256 suis,
2774 4192 2854 4246 vir
2898 4191 3084 4246 bonus.
3121 4188 3252 4245 Suis
3286 4190 3443 4260 juxta
3492 4204 3586 4243 ra-

1986 4284 2193 4341 tionem
2221 4284 2515 4351 ordinatis,
2546 4284 3051 4355 circumspectibus
3084 4282 3451 4345 custodiatur,
3486 4281 3584 4349 qui

1988 4379 2220 4433 omnino
2252 4378 2393 4434 bene
2427 4386 2695 4448 operatur
2737 4385 2804 4433 et.
2838 4390 3105 4447 generose
3156 4383 3268 4431 stat
3314 4375 3611 4431 adversus.

1986 4470 2303 4541 passiones.

356 4583 441 4639 ts'.
468 4587 728 4654 Ἀκακος
761 4589 1033 4644 πιστεύει
1060 4592 1241 4646 παντί
1264 4594 1444 4664 λόγῳ.
1487 4594 1544 4648 Ὀ
1570 4595 1640 4650 τά
1663 4595 1876 4668 ὁρῶντα

2054 4593 2226 4651 Vens.
2261 4595 2350 4651 15.
2388 4592 2639 4651 Sincerus
2671 4592 2838 4649 credit
2869 4594 3014 4647 omni
3051 4592 3225 4647 verba.
3263 4590 3366 4658 Qui
3399 4607 3581 4647 emer-

264 4663 361 4740 ἐἰς
400 4676 607 4747 βλάϐην
634 4678 823 4745 αὐτοῦ,
848 4679 925 4745 ὡς
962 4682 1209 4753 ἀνόητος.
1245 4684 1320 4756 μὴ
1353 4663 1509 4751 εἰδὼς
1550 4663 1873 4758 διακρίνειν,

275 4771 453 4822 πᾶσιν
484 4768 667 4833 ἁπλῶς
706 4770 951 4825 πείθεται
1002 4769 1234 4829 οἷστισιν
1277 4778 1566 4848 ἐπιτρέπει
1619 4782 1804 4849 αὑτὸν,

274 4855 346 4911 ἂν
375 4856 475 4911 ὑπ’
500 4857 682 4914 αὐτῶν
713 4860 793 4925 εἰς
816 4860 1061 4916 κίνδυνον
1096 4865 1513 4940 συνελαύνηται.

348 5078 701 5151 Πανοῦρτος
722 5080 791 5136 δὲ
810 5083 1045 5152 ἔρχεται
1070 5088 1159 5153 εἰς
1184 5086 1532 5156 μετάνοιαν.
1572 5090 1629 5145 ’0
1654 5091 1711 5145 δὲ
1740 5093 1873 5164 φρό-

274 5188 459 5242 νιμος,
488 5172 589 5227 κάν
613 5190 666 5227 τι
695 5174 939 5229 τοιοῦτον
968 5177 1031 5231 ἐκ
1072 5181 1431 5250 συναρπαγῖκ
1469 5182 1869 5254 παραδέξηται,

274 5263 672 5336 ἀποπέμπεται
705 5269 839 5322 αὑτό
861 5286 877 5301 ο
912 5271 1278 5341 ἐπιστάμενος
1315 5274 1525 5343 κρίνειν
1562 5276 1632 5330 τά
1660 5276 1761 5330 εἰτ’
1787 5278 1869 5341 είς

275 5354 485 5425 βλάϐην
508 5357 674 5411 αὑτοῦ
704 5358 855 5428 ὄντα,
881 5360 981 5415 εἰτ’
1005 5363 1402 5434 εἰςνώφέλειαν.

348 5480 447 5547 ις’.
481 5483 678 5553 Σοφὸς
711 5486 993 5555 φοϐηθεὶς
1045 5489 1360 5553 ἐξέκλινεν
1397 5490 1517 5546 ἀπὸ
1549 5492 1762 5548 κακοῦ.
1808 5494 1868 5547 '0

270 5572 375 5645 τὴν
420 5576 627 5629 οἰκείαν
665 5577 1048 5647 ἐπιγινώσκων
1087 5581 1396 5646 ἀσθένειαν,
1432 5582 1716 5654 πτοηθείς,
1758 5585 1867 5640 ἀπὸ

271 5666 567 5738 ἀνθρώπου
596 5668 907 5736 διέζευκται
952 5675 1296 5747 παρανόμου,
1329 5677 1428 5750 τὴν
1464 5677 1529 5744 ἐξ
1554 5679 1721 5733 αύτοῦ
1763 5697 1867 5751 φυ-

272 5756 605 5828 λαττόμενος
639 5762 867 5835 βλάϐην.

356 5846 421 5902 '0
447 5850 514 5904 δὲ
543 5851 749 5923 ἄφρων
775 5853 965 5922 ἐαυτῷ
989 5859 1304 5926 πεποιθὼς,
1327 5860 1610 5930 μίγνυται
1638 5862 1859 5933 ἀνόμῳ.

1978 4687 2161 4757 gentia
2200 4685 2304 4741 sibi
2343 4685 2398 4740 in
2436 4685 2690 4751 domum,
2735 4683 2904 4738 veluti
2952 4682 3220 4746 stolidus,
3261 4681 3583 4738 discernere

1980 4777 2175 4842 nescit,
2211 4775 2279 4831 ab
2328 4774 2589 4830 omnibus
2633 4773 2964 4843 simpliciter
3011 4772 3237 4827 ducitur
3274 4771 3477 4840 quibus
3518 4786 3579 4826 se

1977 4868 2310 4934 committit;
2358 4867 2442 4924 sic
2488 4866 2679 4924 forsan
2727 4868 2795 4923 ab
2834 4868 2946 4924 illis
2986 4867 3042 4921 in
3084 4865 3391 4937 periculum
3441 4879 3576 4920 con-

1973 4958 2224 5030 jicietur.
2886 4964 2893 4971 ‘

2047 5085 2293 5142 Callidus
2357 5095 2533 5142 autem
2592 5086 2728 5141 venit
2782 5085 2851 5139 ad
2902 5086 3092 5140 mentis
3153 5083 3570 5139 conversionem;

1974 5178 2223 5234 Prudens
2252 5178 2419 5245 enim,
2442 5178 2546 5234 etsi
2579 5177 2710 5248 quid
2731 5194 2799 5233 ex
2826 5177 3184 5246 subreptione
3206 5175 3570 5241 contraxerit,

1974 5270 2080 5325 hoc
2115 5277 2299 5324 tamen
2340 5267 2556 5338 rejicit;
2594 5268 2910 5324 discernere
2953 5276 3132 5338 potest
3173 5281 3296 5338 qua:
3339 5267 3442 5337 ipsi
3483 5267 3566 5322 vel

1973 5363 2028 5415 in
2062 5360 2323 5415 damnum
2355 5361 2440 5415 vel
2476 5361 2529 5415 in
2560 5359 2910 5414 commodum
2940 5359 3221 5414 eveniunt.

2044 5485 2208 5543 Vens.
2250 5488 2337 5541 16.
2378 5484 2601 5550 Sapiens
2656 5486 2966 5553 perterritus
3023 5484 3253 5541 declinat
3314 5503 3348 5540 a
3398 5486 3565 5540 malo.

1970 5577 2072 5646 Qui
2121 5578 2398 5649 propriam
2450 5578 2660 5631 noverit
2705 5577 3078 5649 fragilitatem,
3124 5578 3562 5646 pertimescenclo

1970 5688 2029 5729 se
2055 5672 2318 5742 disjuugit
2333 5671 2400 5725 ab
2420 5669 2641 5726 homine
2658 5671 2867 5743 iniquo,
2888 5686 3089 5726 cavens
3108 5673 3177 5725 ab
3196 5672 3316 5741 ejus
3336 5671 3567 5727 damno:

2040 5861 2245 5917 Stultus
2286 5860 2386 5915 sibi
2416 5859 2607 5930 ﬁdens,
2656 5858 3141 5934 miscelur_t'niquo.
3186 5855 3289 5927 Qui
3322 5866 3405 5912 est
3440 5857 3559 5911 sine
