3958 6428
401 329 540 423 1.363

1744 343 2098 406 PROCOPII
2129 345 2376 406 GAZ/EI

3553 348 3681 417 1361

392 457 600 516 mente,
636 464 742 504 non
789 448 922 519 Deo,
966 452 1069 508 sibi
1117 463 1300 508 autem
1365 455 1612 523 conlidit,
1658 457 1728 513 ab
1763 458 1984 514 homine

2106 460 2162 511 Ὀ
2192 460 2248 513 δὲ
2277 460 2528 531 ἀνόητος,
2551 461 2652 515 οὐκ
2687 461 2779 516 ἐπὶ
2805 462 2928 533 Θεῷ
2961 459 3208 535 θαρρῶν,
3235 460 3460 533 ἀλλ’ὲφ’
3486 464 3684 540 ἑαυτῷ,

389 541 610 600 divinas
669 544 818 616 leges
869 544 1282 618 perfringente,
1353 549 1406 604 in
1471 549 1784 621 periculum
1849 537 1986 608 con-

391 633 641 704 jicit-tur.

463 764 633 825 Vens.
683 770 770 824 17.
807 768 1110 826 Iracundus
1149 790 1270 846 cum
1317 775 1804 843 inconsideratione
1849 777 1981 848 agit.

393 858 498 925 Qui
534 861 644 916 cito
682 861 749 916 ad
783 863 919 917 iram
959 871 1234 931 movetur,
1263 867 1392 936 quia
1433 884 1542 924 non
1583 853 1984 940 circumspicit.

391 967 514 1022 qua:
544 954 725 1023 pinnis
753 954 921 1025 digna
952 965 1079 1012 sunt
1105 965 1408 1028 perpetrat.

445 1077 566 1137 .Vir
593 1080 824 1149 prudens
856 1082 1028 1138 multa
1057 1084 1264 1154 suffert.
1303 1084 1408 1152 Qui
1448 1086 1596 1148 vires
1641 1092 1696 1143 et
1742 1096 1980 1143 mentem

390 1169 575 1235 habet,
613 1172 934 1228 cornsiderat
967 1190 1089 1244 quae
1130 1176 1345 1247 agenda
1397 1185 1550 1243 sunt,
1585 1177 1854 1249 pleraque
1897 1181 1980 1233 in-

388 1260 739 1333 opinatorum
767 1263 1002 1321 viriliter
1035 1266 1300 1322 sustinet.

459 1388 626 1446 Stulti
656 1393 925 1449 malitiam
955 1395 1058 1450 sibi
1090 1397 1432 1466 dispertiunt.
1465 1395 1792 1452 Sortiuntur
1823 1394 1980 1450 stulti

388 1485 677 1550 malitiam;
708 1487 837 1557 quia
871 1497 1099 1558 propter
1146 1502 1408 1544 sensuum
1461 1487 1770 1554 illecebras,
1805 1502 1866 1543 se
1898 1487 1984 1542 in-

389 1577 564 1634 vicem
605 1578 801 1634 odiunt
840 1588 895 1635 et
935 1579 1003 1635 ab
1038 1579 1274 1635 invicem
1303 1579 1590 1634 odiuntur.

2090 551 2168 622 τῷ
2198 553 2326 616 τοὺς
2359 551 2555 614 θείους,
2575 552 2857 608 ἀθετοῦντι
2890 552 3110 625 νόμους,
3160 554 3528 622 ἐπικινδύνως
3563 575 3684 614 συν-

2089 644 2516 716 αναστρέφεται.

2161 773 2246 838 ιζ’.
2294 772 2620 843 Ὀξύθυμος
2654 773 2920 843 πράσσει
2952 773 3105 844 μετὰ
3127 773 3451 842 ἀϐουλίας.
3499 775 3562 830 Ὀ
3589 795 3681 831 ταο

2086 866 2230 938 χέως
2261 865 2585 938 κινούμενος
2626 868 2708 932 είς
2744 867 2937 939 θυμὸν,
2974 858 3206 938 πράττει
3253 867 3683 939 ἀπερισκέπτως

2086 959 2153 1014 τὰ
2179 960 2456 1024 κολάσεως
2489 959 2639 1025 ἀξια.

2171 1085 2344 1154 Ἀνὴρ
2377 1085 2446 1139 δὲ
2476 1085 2789 1155 φρόνιμος,
2819 1086 3025 1141 πολλὰ
3053 1085 3373 1154 ὑποφέρει.
3415 1083 3478 1140 '0
3512 1087 3558 1140 δ’
3588 1088 3681 1141 ἀνο

2085 1177 2262 1246 δρεῖος
2285 1177 2380 1230 καὶ
2407 1177 2685 1248 νουνεχὴς,
2717 1175 3071 1262 λογιζόμενος
3105 1176 3168 1231 τὸ
3194 1177 3506 1248 πρακτέον,
3537 1177 3684 1232 πλεῖ-

2087 1286 2190 1323 στα
2215 1267 2326 1323 τῶν
2345 1267 2663 1339 ἀϐουλήτων
2697 1269 2962 1341 ὑπομένει
2993 1269 3280 1339 γενναίως.

2159 1401 2247 1466 ιη’.
2280 1393 2636 1463 Μεριοῦνται
2661 1393 2920 1465 ἄφρονες
2943 1393 3183 1448 κακίαν.
3221 1391 3677 1462 Ἐπιμερίσονται

2084 1490 2133 1542 οἱ
2165 1487 2384 1558 ἀνόητοι
2413 1487 2518 1557 τὴν
2547 1486 2771 1554 κακίαν,
2811 1487 2888 1552 ὡς
2925 1486 3014 1541 διά
3054 1486 3122 1540 τὰ
3161 1487 3228 1557 τῇ
3263 1484 3530 1557 αἰσθήσει
3558 1501 3676 1558 τερ-

2085 1579 2216 1648 πνά,
2251 1579 2538 1650 μισοῦντες
2566 1581 2852 1654 ἀλλήλους,
2883 1580 2980 1634 καὶ
3005 1581 3098 1634 ὑπ’
3129 1577 3384 1650 ἀλλήλων
3417 1577 3679 1649 μισούμε-

2085 1689 2188 1727 νοι.

459 1791 661 1848 Caltidi
734 1793 972 1850 sensibus
1033 1795 1328 1863 potiuntur.
1403 1791 1708 1847 Prudentes
1771 1805 1970 1848 sensus

2158 1804 2222 1856 Ol
2250 1800 2320 1854 δὲ
2362 1799 2709 1870 πανοῦργοι,
2741 1791 3162 1869 κρατήσουσιν
3196 1794 3572 1862 αἰσθήσεως.
3615 1793 3676 1849 Oi

386 1883 545 1952 juxta
584 1883 855 1940 rationem
889 1884 1221 1940 submittunt
1253 1902 1267 1939 :
1299 1891 1353 1940 et
1381 1883 1486 1939 sibi
1528 1884 1876 1956 congenitum
1919 1891 1977 1939 et

389 1976 769 2032 consociatum
801 1977 1055 2048 diligent.

461 2101 631 2159 Vens.
666 2103 756 2160 19.
785 2102 988 2159 Cadent
1022 2103 1155 2159 mali
1187 2119 1368 2158 coram
1405 2103 1591 2174 iustis.
1623 2102 1684 2157 In
1717 2101 1859 2158 facie
1887 2116 1980 2157 eo-

391 2210 512 2250 rum
549 2196 643 2266 qui
673 2210 781 2252 non
813 2196 1116 2252 vincuntur
1150 2211 1180 2250 a
1213 2197 1358 2251 malo
1385 2195 1482 2252 sed
1512 2197 1740 2250 vincunt
1773 2194 1978 2250 malum

391 2288 448 2342 in
482 2287 648 2354 bono,
690 2287 978 2344 oll‘endunt
1004 2287 1107 2346 illi.
1136 2288 1227 2357 qui
1267 2302 1501 2359 propere
1524 2287 1579 2341 in
1607 2285 1800 2340 vitium
1850 2300 1978 2340 cur-

393 2387 552 2446 runt;
592 2381 824 2436 aliorum
857 2381 1005 2436 enim
1034 2381 1298 2435 virtutem
1327 2379 1690 2436 erubescunt.

461 2604 530 2660 Et
555 2605 708 2674 impii
732 2605 800 2660 ad
819 2614 1002 2674 portas
1019 2605 1292 2676 justorum
1318 2601 1646 2658 ministrant.
1671 2600 1774 2668 Qui
1809 2599 1978 2656 Deum

390 2714 490 2770 per
541 2700 686 2756 bona
729 2714 901 2770 opera
948 2714 1057 2756 non
1113 2698 1408 2764 honorant,
1447 2696 1624 2767 portis
1668 2693 1978 2758 hominum,

392 2793 512 2848 sine
558 2792 868 2850 oll‘ensione
917 2793 1259 2855 viventium,
1305 2790 1647 2855 inserviunt;
1704 2787 1780 2842 ibi
1838 2784 1982 2840 insi-

391 2884 542 2952 dent,
578 2888 678 2943 hos
733 2893 916 2942 autem
966 2884 1268 2957 eﬂlagitant
1313 2890 1372 2938 ut
1418 2883 1526 2939 sibi
1569 2879 1757 2937 divina
1810 2880 1982 2950 impe-

392 2985 558 3034 trent.
1553 2984 1576 3000 ‘

463 3103 633 3162 Vens.
675 3103 768 3160 ΞΟ.
822 3103 996 3158 Amici
1044 3102 1222 3156 edient
1271 3101 1470 3155 amicos
1517 3111 1796 3168 pauperes.
1851 3092 1978 3160 Qui,

392 3203 620 3268 propter
679 3193 1072 3258 substantiam,
1121 3189 1391 3262 quosdam
1448 3187 1705 3258 diligunt,
1755 3180 2004 3239 eosdem'

346 3356 351 3367 γ
391 3289 702 3360 despiciunt
732 3302 858 3342 cum
891 3285 1104 3341 divitiis
1135 3283 1466 3340 exciderint.

464 3395 638 3452 Amici
667 3395 892 3450 divitum
928 3393 1101 3449 multi.
1131 3391 1290 3461 Apud
1321 3403 1463 3460 quos
1495 3392 1722 3443 manent
1753 3382 1980 3448 divitiae,

395 3489 529 3554 hos,
570 3486 832 3542 utilitatis
885 3499 1093 3551 causa,
1141 3489 1330 3538 amant
1389 3479 1571 3534 multi.
1616 3477 1790 3533 Aliter
1833 3493 1847 3531 :
1888 3473 1986 3544 qui

395 3588 618 3652 propter
651 3579 961 3649 passiones,
1005 3575 1298 3646 spiritibus
1327 3571 1538 3638 caelesti
1573 3569 1747 3641 gloria
1779 3575 1834 3623 et
1870 3566 1986 3637 spi-

392 3673 580 3728 rituali
635 3671 922 3743 opulentia
973 3668 1239 3740 deiectis,
1292 3665 1624 3727 inserviunt,
1671 3661 1740 3716 ab
1786 3659 1984 3729 iisdem

395 3763 690 3828 recedent;
729 3759 999 3832 permittit
1050 3757 1224 3824 Deus,
1281 3765 1376 3821 ut,
1429 3754 1495 3809 ad
1549 3750 1984 3822 redemptionem

395 3862 750 3924 peccatorum
782 3867 910 3924 erga
943 3851 1194 3920 spiritus,
1225 3836 1603 3918 castigentur;
1638 3850 1828 3897 amant
1859 3855 1988 3898 san-

397 3954 518 4000 ctos
553 3942 781 4013 angelos
814 3941 957 4012 apud
994 3953 1134 4011 quos
1167 3937 1339 4008 gloria
1386 3942 1574 3990 manet
1607 3939 1662 3988 et
1696 3946 1806 3987 non
1853 3931 1989 3986 levis

395 4035 586 4108 gratia:
626 4033 924 4089 thesaurus
955 4053 968 4086 :
1003 4031 1073 4085 ab
1119 4030 1204 4085 his
1247 4027 1585 4099 adjuvantur
1618 4031 1671 4078 et
1704 4022 1772 4077 ad
1814 4021 1985 4077 Deum

398 4135 774 4185 revertuntur.

467 4329 634 4384 Vens.
677 4327 770 4381 2|.
822 4323 929 4391 Qui
977 4322 1195 4390 despicit
1259 4334 1578 4391 pauperem,
1627 4325 1832 4388 peccat.
1880 4314 1988 4382 Qui

394 4420 479 4478 vel
509 4434 678 4476 unum
719 4419 775 4473 in
809 4415 1108 4488 indigentia
1148 4412 1468 4477 viventium,
1498 4410 1826 4475 contemnit,
1857 4407 1988 4464 irri-

392 4511 563 4568 tando
593 4510 789 4577 Deum,
821 4507 888 4564 ad
923 4507 1129 4564 bonum
1166 4519 1276 4560 non
1308 4501 1552 4574 attingit.

467 4619 573 4687 Qui
613 4619 896 4674 miseretur
921 4630 1236 4685 pauperum,
1263 4612 1628 4668 beatissimus.
1661 4608 1769 4677 Qui
1809 4607 1987 4664 vicem

396 4713 666 4778 omnium,
699 4710 923 4767 fortuna
950 4707 1345 4772 decidentium,
1377 4705 1547 4770 dolet,
1585 4701 1696 4759 Deo
1725 4706 1813 4758 est
1843 4699 1990 4754 mul-

395 4813 513 4861 tum
548 4803 928 4874 acceptabilis.

469 4913 766 4972 Vens-2‘2.
801 4911 1063 4968 Errantes
1089 4910 1299 4982 injusti,
1331 4908 1601 4978 fabricant
1631 4905 1799 4961 mala.
1826 4904 1992 4959 Tem-

394 5007 682 5080 poralibus
711 5005 950 5077 decepti,
981 5006 1076 5076 qui
1107 5017 1217 5060 non
1246 5001 1555 5089 secundum
1590 5000 1738 5071 leges
1771 4996 1988 5054 divinas

396 5101 820 5164 coriversantur,
859 5111 1026 5168 opera
1057 5093 1368 5168 iniquitatis
1399 5089 1712 5164 perﬁciunt.

467 5318 902 5375 Misericordiam
932 5327 980 5373 et
1015 5318 1292 5372 veritatem
1333 5313 1604 5384 fabricant
1645 5312 1792 5366 boni.
1818 5308 1984 5364 Mise-

399 5411 698 5469 ricordiam
723 5427 855 5484 erga
872 5412 1192 5482 congenitos
1209 5417 1263 5465 et
1279 5386 1570 5465 scientiam
1593 5403 1841 5461 veritatis
1867 5416 1988 5470 quae

399 5503 527 5559 ﬁnis
559 5501 1072 5572 cognoscendorum
1104 5508 1213 5567 est,
1234 5505 1568 5569 praeparant,
1603 5510 1699 5566 per
1721 5507 1916 5548 omnes
1935 5499 1991 5546 et

401 5591 729 5666 appetitivas
768 5599 822 5647 et
865 5590 1195 5647 theoreticas
1241 5589 1554 5654 facultates,
1606 5581 1989 5644 sanctissimas

406 5682 498 5741 Dei
520 5682 831 5738 voluntates
858 5679 1236 5736 observando.

2081 1893 2137 1948 δὲ
2167 1894 2425 1965 φρόνιμοι
2450 1893 2592 1947 κατὰ
2611 1890 2769 1960 λόγον
2789 1892 2887 1962 τὴν
2910 1891 3165 1962 αἴσθησιν
3195 1887 3536 1956 ὐποτάξουσι
3551 1903 3564 1918 ·
3587 1887 3673 1939 καὶ

2081 1985 2144 2038 τὸ
2170 1985 2430 2054 συγγενὲς
2449 1983 2544 2038 καὶ
2570 1982 2842 2054 ὁμόφυλον
2870 1982 3278 2053 ἀγαπήσουσιν.

2158 2113 2240 2168 ιθ’.
2289 2110 2726 2177 Ὀλισθήσουσι
2751 2109 2924 2166 κακοὶ
2953 2108 3162 2163 ἔναντι
3191 2103 3466 2178 ἀγαθῶν.
3501 2105 3671 2173 Προσ-

2080 2207 2372 2280 κρούουσιν
2413 2207 2464 2259 οἱ
2495 2204 2663 2272 ὀξέως
2696 2205 2777 2268 είς
2806 2201 3007 2258 κακίαν
3041 2200 3353 2272 τρέχοντες,
3391 2197 3670 2251 κατέναντι

2079 2301 2190 2356 τῶν
2240 2301 2315 2373 μὴ
2366 2298 2688 2371 νικωμένων
2745 2297 2852 2350 ὑπὸ
2904 2294 2999 2349 τοῦ
3056 2291 3255 2364 κακοῦ,
3299 2291 3444 2346 ἀλλά
3485 2287 3670 2343 νικών-

2081 2409 2190 2446 των
2217 2393 2275 2446 ἐν
2299 2390 2376 2462 τῷ
2408 2389 2601 2461 ἀγαθῷ
2629 2389 2689 2443 τὸ
2712 2387 2904 2456 κακὸν,
2932 2385 3032 2458 τὴν
3060 2383 3271 2438 τούτων
3302 2381 3512 2454 ἀρετὴν
3541 2379 3672 2432 αἰδε-

2084 2485 2324 2548 σθέντες.
2429 2509 2433 2513 ·

2152 2608 2261 2664 Καὶ
2283 2606 2522 2674 ἀσεϐεῖς
2548 2605 2950 2676 θεραπεύουσι
2980 2601 3165 2672 θύρας
3188 2599 3464 2654 δικαίων.
3496 2597 3600 2651 Καὶ
3625 2597 3667 2648 ot

2086 2702 2162 2774 μὴ
2182 2702 2248 2756 δι’
2266 2700 2636 2772 ἀγαθοεργίας
2664 2698 2931 2770 τιμῶντες
2952 2696 3106 2761 Θεὸν,
3141 2693 3347 2756 πύλαις
3369 2689 3668 2745 δουλεύουσι

2082 2796 2191 2849 τῶν
2217 2793 2652 2864 πολιτευομένων
2682 2791 3010 2863 ἀμέμπτως,
3037 2787 3472 2862 παρεδρεύοντες
3497 2787 3553 2838 ὲν
3577 2782 3665 2837 ab-

2083 2889 2226 2954 ταῖς,
2265 2885 2362 2940 καὶ
2402 2884 2628 2948 τούτους
2673 2882 3126 2950 ὲκλιπαοοῦντες,
3156 2879 3233 2944 ὡς
3277 2879 3349 2935 ἂν
3393 2877 3577 2938 αὐτοῖς
3613 2873 3667 2927 τὸ

2084 2978 2238 3033 Θεῖον
2274 2975 2696 3044 ὲξιλεώσωνται.

2159 3111 2228 3158 κ’.
2280 3104 2450 3158 Φίλοι
2494 3103 2842 3173 μισήσουσι
2887 3101 3104 3171 φίλους
3151 3100 3457 3168 πτωχούς.
3499 3097 3556 3151 Οἱ
3587 3094 3664 3149 διά

2086 3196 2347 3266 χρήματα
2387 3191 2714 3262 ἀγαπῶντες
2749 3208 2925 3258 τινας,
2957 3189 3404 3261 ἀποστρέφονται
3431 3186 3658 3249 τούτους,

2086 3285 2514 3348 ἐκπεπτωκότας
2546 3283 2750 3338 αὐτῶν.

2157 3398 2328 3452 diuos
2355 3396 2424 3450 δὲ
2451 3393 2771 3450 πλουσίων
2802 3389 3045 3446 πολλοί.
3077 3384 3173 3454 Οἷς
3213 3388 3274 3442 δὲ
3310 3385 3611 3458 παραμένει
3639 3383 3664 3436 b

2086 3488 2338 3554 πλοῦτος,
2382 3486 2611 3562 τούτους
2661 3482 2921 3554 ἀγαπῶσι
2967 3481 3056 3535 διά
3098 3481 3163 3535 τὰ
3193 3479 3437 3551 χρειώδη
3471 3473 3661 3530 πολλοί.

2090 3581 2162 3634 Ἢ
2191 3582 2285 3635 καὶ
2334 3578 2538 3641 ἄλλως·
2578 3577 2630 3630 οἱ
2674 3575 2765 3629 διὰ
2807 3571 2996 3628 παθῶν
3043 3571 3446 3644 θεραπεύοντες
3474 3567 3540 3622 τὰ
3573 3567 3664 3636 τῆς

2085 3672 2293 3728 ἀνωθεν
2311 3669 2470 3741 δόξης
2499 3669 2595 3722 καὶ
2621 3667 2717 3722 τοῦ
2747 3665 3121 3739 πνευματικοῦ
3145 3665 3381 3720 πλούτου
3405 3665 3665 3718 ἐκπεπτω-

2087 3763 2224 3818 κότα
2248 3763 2348 3832 τῆς
2373 3760 2635 3832 πονηρίας
2667 3759 2978 3832 πνεύματα,
3001 3759 3444 3832 ἀποστρέφονται
3472 3754 3630 3809 ταῦτα
3647 3792 3660 3817 ,

2089 3857 2440 3930 συγχωρήσει
2487 3854 2626 3908 Θεοῦ
2676 3853 2768 3907 ὑπ’
2823 3853 3004 3908 αὐτῶν
3055 3850 3484 3923 τιμωρούμενοι,
3541 3845 3662 3915 πρὸς

2085 3950 2300 4004 ἔκτισιν
2327 3948 2438 4003 τῶν
2467 3945 2876 4019 ἡμαρτημένων
2909 3946 3092 4009 αὐτοῖς
3114 3961 3127 3975 ’
3163 3942 3429 4012 ἀγαπῶσι
3462 3940 3517 3992 δὲ
3551 3939 3662 3998 τοὺς

2087 4040 2276 4111 ἁγίους
2307 4041 2598 4110 ἀγγέλους,
2625 4033 2707 4104 οἷς
2732 4041 2766 4110 ἠ
2790 4037 2917 4104 δόξα
2943 4038 3039 4092 καὶ
3064 4037 3092 4089 ὁ
3113 4035 3351 4098 πλοῦτος
3375 4029 3662 4103 παραμένει

2088 4137 2187 4204 τῆς
2213 4134 2437 4205 χάριτος
2456 4132 2518 4187 οὗ
2547 4131 2753 4203 βραχύς
2775 4147 2791 4163 ο
2822 4130 2951 4202 παρ’
2971 4129 3153 4185 αὐτῶν
3181 4126 3381 4201 βοηθού
3390 4141 3554 4198 μενοι,
3580 4118 3660 4174 καὶ

2089 4226 2226 4297 πρὺς
2254 4225 2387 4280 Θεὸν
2420 4225 2866 4296 ἐπιστρέφοντες.

2159 4339 2270 4387 κα’.
2315 4331 2379 4386 '0
2398 4328 2692 4402 ἀτιμάζων
2711 4332 2962 4400 πένητα,
2984 4327 3334 4400 ἁμαρτάνει.
3371 4328 3428 4381 '0
3447 4321 3535 4379 καὶ
3554 4318 3656 4380 ἐνὸς

2091 4425 2450 4497 καταφρονῶν
2489 4423 2601 4478 τῶν
2625 4421 2916 4488 συζώντων
2949 4422 3147 4492 ἐνδεῆ,
3182 4407 3548 4491 ἀποτυγχάνει
3571 4409 3652 4466 τοῦ

2017 4503 2062 4559 D
2089 4519 2282 4587 καλοῦ,
2307 4516 2658 4591 παροργίζων
2683 4515 2838 4571 θεόν.

2177 4628 2240 4682 '0
2283 4624 2472 4682 ἐλεῶν
2507 4622 2806 4694 πτωχοὺς,
2841 4621 3240 4693 μακαριστός.
3297 4619 3356 4674 '0
3383 4617 3438 4672 δὲ
3469 4612 3656 4669 πάντας
3685 4647 3703 4668 .

2089 4718 2377 4792 οἰκτείρων
2416 4719 2545 4781 τοὺς
2575 4716 2672 4771 τοῦ
2708 4715 2943 4770 πλούτου
2975 4715 3377 4780 ἀποπεσόντας,
3417 4703 3653 4764 εὐαπόδεο

2092 4831 2220 4878 κτος
2239 4814 2479 4887 ὑπάρχει
2508 4809 2650 4882 Θεῷ.

2161 4920 2268 4991 κβν.
2293 4962 2296 4964 -
2326 4915 2715 4988 Πλανώμενοι
2771 4915 2986 4982 ἄδικοι,
3053 4914 3435 4970 τεκταίνουσι
3494 4899 3648 4960 κακά.

2102 5011 2484 5084 Ἀπατὼμενοι
2523 5010 2639 5073 τοῖς
2680 5007 3044 5081 προσκαίροις
3094 5008 3146 5061 οἱ
3191 5007 3266 5078 μὴ
3305 5002 3444 5060 κατά
3478 4998 3651 5084 νόμους

2091 5104 2270 5167 Θείους
2305 5082 2737 5172 πολιτευόμενοι,
2787 5097 2859 5153 τά
2913 5096 3054 5170 ἔργα
3099 5095 3512 5168 διαπράττονται
3563 5082 3648 5152 τῆς

2088 5195 2344 5267 ἀνομίας.

2166 5306 2388 5359 "Eleor-
2429 5301 2498 5356 δὲ
2527 5301 2628 5356 καὶ
2658 5299 2949 5368 ἀλήθειαν
2981 5298 3404 5354 τεκταίνουσιν
3437 5280 3640 5358 ἀγαθοί.

2091 5396 2196 5450 Τὸν
2221 5395 2278 5448 δὲ
2307 5394 2446 5465 πρὸς
2479 5393 2606 5456 τοὺς
2628 5392 2893 5462 ὁμοφυεῖς
2921 5389 3072 5443 ἔλεον
3111 5389 3206 5443 καὶ
3236 5388 3334 5459 τὴν
3362 5378 3643 5446 ἐπιστήμην

2089 5488 2189 5559 τῆς
2237 5485 2518 5558 ἀληθείας,
2569 5485 2604 5556 ἢ
2653 5483 2808 5547 τέλος
2856 5483 2977 5536 ἐστὶ
3021 5480 3132 5535 τῶν
3170 5476 3442 5550 γνωστῶν,
3493 5478 3642 5559 κατα·

2093 5579 2419 5644 σκευάζουσι
2466 5577 2554 5632 διὰ
2601 5576 2791 5632 πασῶν
2839 5577 2949 5631 τῶν
2989 5573 3290 5648 ὀρεκτικῶν
3330 5585 3387 5624 τε
3425 5562 3511 5618 καὶ
3550 5554 3642 5610 τῶν

2093 5670 2444 5744 θεωρητικῶν
2474 5669 2780 5740 δυνάμεων,
2813 5670 2954 5743 οζτά
2979 5667 3272 5738 πανάγαθα
3298 5660 3388 5719 τοῦ
3409 5651 3532 5711 Θεοῦ
3554 5662 3638 5716 vn-

2096 5763 2319 5836 ροῦντες
2352 5763 2654 5830 θελήματα.
