  <div class='ocr_page' id='page_1' title='image "/cluster/home/n/w/nwhite01/storage/ocr_20150623/87:pt.1/coo.31924054869882/693.png"; bbox 0 0 3958 6382; ppageno 0'>
   <div class='ocr_carea' id='block_1_1' title="bbox 211 390 346 452">
    <p class='ocr_par' dir='ltr' id='par_1_1' title="bbox 211 390 346 452">
     <span class='ocr_line' id='line_1_1' title="bbox 211 390 346 452; baseline 0.007 -1"><span class='ocrx_word' id='word_1_1' title='bbox 211 390 346 452; x_wconf 81' lang='lat'><strong>1365</strong></span> 
     </span>
    </p>
   </div>
   <div class='ocr_carea' id='block_1_2' title="bbox 1239 395 2390 462">
    <p class='ocr_par' dir='ltr' id='par_1_2' title="bbox 1239 395 2390 462">
     <span class='ocr_line' id='line_1_2' title="bbox 1239 395 2390 462; baseline 0.005 -8"><span class='ocrx_word' id='word_1_2' title='bbox 1239 395 1776 455; x_wconf 81' lang='lat' dir='ltr'><strong>COMMENTARII</strong></span> <span class='ocrx_word' id='word_1_3' title='bbox 1808 395 1889 454; x_wconf 82' lang='grc' dir='ltr'><strong>ΙΝ</strong></span> <span class='ocrx_word' id='word_1_4' title='bbox 1929 396 2390 462; x_wconf 79' lang='lat' dir='ltr'><strong>PROVERBIA.</strong></span> 
     </span>
    </p>
   </div>
   <div class='ocr_carea' id='block_1_3' title="bbox 3327 385 3467 449">
    <p class='ocr_par' dir='ltr' id='par_1_3' title="bbox 3327 385 3467 449">
     <span class='ocr_line' id='line_1_3' title="bbox 3327 385 3467 449; baseline 0.007 -1"><span class='ocrx_word' id='word_1_5' title='bbox 3327 385 3467 449; x_wconf 71' lang='lat'><strong>1366</strong></span> 
     </span>
    </p>
   </div>
   <div class='ocr_carea' id='block_1_4' title="bbox 278 499 1800 578">
    <p class='ocr_par' dir='ltr' id='par_1_4' title="bbox 278 499 1768 572">
     <span class='ocr_line' id='line_1_4' title="bbox 278 499 1768 572; baseline 0.003 -18"><span class='ocrx_word' id='word_1_6' title='bbox 278 503 396 554; x_wconf 83' lang='grc' dir='ltr'><strong>οὐκ</strong></span> <span class='ocrx_word' id='word_1_7' title='bbox 416 499 766 555; x_wconf 75' lang='grc' dir='ltr'>ἐπίστανται</span> <span class='ocrx_word' id='word_1_8' title='bbox 797 499 974 557; x_wconf 75' lang='grc' dir='ltr'>ἔλεον</span> <span class='ocrx_word' id='word_1_9' title='bbox 1001 502 1099 556; x_wconf 79' lang='grc' dir='ltr'>καὶ</span> <span class='ocrx_word' id='word_1_10' title='bbox 1123 503 1332 558; x_wconf 81' lang='grc' dir='ltr'>πίστιν</span> <span class='ocrx_word' id='word_1_11' title='bbox 1347 502 1630 572; x_wconf 68' lang='grc' dir='ltr'>τέκτονες</span> <span class='ocrx_word' id='word_1_12' title='bbox 1660 523 1768 559; x_wconf 87' lang='grc' dir='ltr'>κα-</span> 
     </span>
    </p>
   </div>
   <div class='ocr_carea' id='block_1_5' title="bbox 1926 499 3470 578">
    <p class='ocr_par' dir='ltr' id='par_1_5' title="bbox 1951 499 3470 578">
     <span class='ocr_line' id='line_1_5' title="bbox 1951 499 3470 578; baseline -0.007 -18"><span class='ocrx_word' id='word_1_13' title='bbox 1951 505 2377 564; x_wconf 79' lang='lat' dir='ltr'><strong>Misericordiam</strong></span> <span class='ocrx_word' id='word_1_14' title='bbox 2413 517 2464 563; x_wconf 85' lang='lat' dir='ltr'><strong>et</strong></span> <span class='ocrx_word' id='word_1_15' title='bbox 2497 508 2656 578; x_wconf 70' lang='lat' dir='ltr'><strong>fidem</strong></span> <span class='ocrx_word' id='word_1_16' title='bbox 2693 523 2798 561; x_wconf 80' lang='lat' dir='ltr'><strong>non</strong></span> <span class='ocrx_word' id='word_1_17' title='bbox 2860 503 3159 573; x_wconf 84' lang='lat' dir='ltr'><strong>&#39;ntelliguut</strong></span> <span class='ocrx_word' id='word_1_18' title='bbox 3195 499 3336 568; x_wconf 77' lang='lat' dir='ltr'><strong>fabri</strong></span> <span class='ocrx_word' id='word_1_19' title='bbox 3364 515 3470 550; x_wconf 85' lang='lat' dir='ltr'><strong>ma—</strong></span> 
     </span>
    </p>
   </div>
   <div class='ocr_carea' id='block_1_6' title="bbox 205 592 1782 669">
    <p class='ocr_par' dir='ltr' id='par_1_6' title="bbox 205 592 1782 669">
     <span class='ocr_line' id='line_1_6' title="bbox 205 592 1782 669; baseline 0.001 -21"><span class='ocrx_word' id='word_1_20' title='bbox 205 594 342 648; x_wconf 86' lang='grc' dir='ltr'>κῶν.</span> <span class='ocrx_word' id='word_1_21' title='bbox 387 593 460 645; x_wconf 81' lang='grc' dir='ltr'><strong>Οὐ</strong></span> <span class='ocrx_word' id='word_1_22' title='bbox 493 592 824 660; x_wconf 82' lang='grc' dir='ltr'>γινώσκουσι</span> <span class='ocrx_word' id='word_1_23' title='bbox 854 595 915 650; x_wconf 88' lang='grc' dir='ltr'><strong>τὸ</strong></span> <span class='ocrx_word' id='word_1_24' title='bbox 955 596 1091 667; x_wconf 84' lang='grc' dir='ltr'>πρὸς</span> <span class='ocrx_word' id='word_1_25' title='bbox 1125 597 1255 660; x_wconf 84' lang='grc' dir='ltr'>τοὺς</span> <span class='ocrx_word' id='word_1_26' title='bbox 1284 598 1570 669; x_wconf 78' lang='grc' dir='ltr'><strong>δεομένους</strong></span> <span class='ocrx_word' id='word_1_27' title='bbox 1610 598 1782 664; x_wconf 80' lang='grc' dir='ltr'>ἔλεος,</span> 
     </span>
    </p>
   </div>
   <div class='ocr_carea' id='block_1_7' title="bbox 207 681 1787 759">
    <p class='ocr_par' dir='ltr' id='par_1_7' title="bbox 207 681 1787 759">
     <span class='ocr_line' id='line_1_7' title="bbox 207 681 1787 759; baseline 0.004 -25"><span class='ocrx_word' id='word_1_28' title='bbox 207 684 298 735; x_wconf 72' lang='grc' dir='ltr'><strong>καὶ</strong></span> <span class='ocrx_word' id='word_1_29' title='bbox 323 681 419 752; x_wconf 78' lang='grc' dir='ltr'><strong>τὴν</strong></span> <span class='ocrx_word' id='word_1_30' title='bbox 450 683 583 750; x_wconf 88' lang='grc' dir='ltr'>πρὸς</span> <span class='ocrx_word' id='word_1_31' title='bbox 602 683 733 737; x_wconf 72' lang='grc' dir='ltr'>Θεὸν</span> <span class='ocrx_word' id='word_1_32' title='bbox 764 685 971 750; x_wconf 85' lang='grc' dir='ltr'>πίστιν,</span> <span class='ocrx_word' id='word_1_33' title='bbox 999 688 1046 740; x_wconf 79' lang='lat' dir='ltr'><strong>oi</strong></span> <span class='ocrx_word' id='word_1_34' title='bbox 1071 686 1139 740; x_wconf 80' lang='grc' dir='ltr'><strong>τὰ</strong></span> <span class='ocrx_word' id='word_1_35' title='bbox 1168 686 1462 759; x_wconf 81' lang='grc' dir='ltr'>παράνομα</span> <span class='ocrx_word' id='word_1_36' title='bbox 1483 687 1787 759; x_wconf 78' lang='grc' dir='ltr'>ἐργαζόμε-</span> 
     </span>
    </p>
   </div>
   <div class='ocr_carea' id='block_1_8' title="bbox 206 774 1786 852">
    <p class='ocr_par' dir='ltr' id='par_1_8' title="bbox 206 774 1786 852">
     <span class='ocr_line' id='line_1_8' title="bbox 206 774 1786 852; baseline 0.007 -27"><span class='ocrx_word' id='word_1_37' title='bbox 206 789 316 826; x_wconf 82' lang='grc' dir='ltr'>νοι’</span> <span class='ocrx_word' id='word_1_38' title='bbox 365 775 412 826; x_wconf 87' lang='grc' dir='ltr'>εἰ</span> <span class='ocrx_word' id='word_1_39' title='bbox 456 774 565 845; x_wconf 83' lang='grc' dir='ltr'>γὰρ</span> <span class='ocrx_word' id='word_1_40' title='bbox 611 775 908 847; x_wconf 78' lang='grc' dir='ltr'><strong>ἐτύγχανον</strong></span> <span class='ocrx_word' id='word_1_41' title='bbox 941 779 1256 852; x_wconf 86' lang='grc' dir='ltr'>ἐλεήμονες,</span> <span class='ocrx_word' id='word_1_42' title='bbox 1292 781 1392 835; x_wconf 85' lang='grc' dir='ltr'><strong>οῦκ</strong></span> <span class='ocrx_word' id='word_1_43' title='bbox 1430 781 1497 840; x_wconf 73' lang='grc' dir='ltr'><strong>ἂν</strong></span> <span class='ocrx_word' id='word_1_44' title='bbox 1535 780 1786 852; x_wconf 78' lang='grc' dir='ltr'>ἥρπαζον</span> 
     </span>
    </p>
   </div>
   <div class='ocr_carea' id='block_1_9' title="bbox 206 860 844 936">
    <p class='ocr_par' dir='ltr' id='par_1_9' title="bbox 206 860 844 936">
     <span class='ocr_line' id='line_1_9' title="bbox 206 860 844 936; baseline 0.006 -18"><span class='ocrx_word' id='word_1_45' title='bbox 206 860 438 932; x_wconf 80' lang='grc' dir='ltr'>ἀφειδῶς</span> <span class='ocrx_word' id='word_1_46' title='bbox 466 865 532 918; x_wconf 78' lang='grc' dir='ltr'><strong>τά</strong></span> <span class='ocrx_word' id='word_1_47' title='bbox 566 865 844 936; x_wconf 87' lang='grc' dir='ltr'>ἀλλότρια.</span> 
     </span>
    </p>
   </div>
   <div class='ocr_carea' id='block_1_10' title="bbox 287 987 1788 1068">
    <p class='ocr_par' dir='ltr' id='par_1_10' title="bbox 287 987 1788 1068">
     <span class='ocr_line' id='line_1_10' title="bbox 287 987 1788 1068; baseline 0.008 -26"><span class='ocrx_word' id='word_1_48' title='bbox 287 987 729 1059; x_wconf 75' lang='grc' dir='ltr'>Ἐλεημοσύναι</span> <span class='ocrx_word' id='word_1_49' title='bbox 772 993 842 1048; x_wconf 84' lang='grc' dir='ltr'>δὲ</span> <span class='ocrx_word' id='word_1_50' title='bbox 881 995 981 1050; x_wconf 82' lang='grc' dir='ltr'>καὶ</span> <span class='ocrx_word' id='word_1_51' title='bbox 1024 997 1280 1065; x_wconf 83' lang='grc' dir='ltr'><strong>πίστεις,</strong></span> <span class='ocrx_word' id='word_1_52' title='bbox 1315 1000 1474 1068; x_wconf 85' lang='grc' dir='ltr'>παρὰ</span> <span class='ocrx_word' id='word_1_53' title='bbox 1505 1003 1788 1058; x_wconf 79' lang='grc' dir='ltr'><strong>τέκτοσιν</strong></span> 
     </span>
    </p>
   </div>
   <div class='ocr_carea' id='block_1_11' title="bbox 203 1080 1787 1162">
    <p class='ocr_par' dir='ltr' id='par_1_11' title="bbox 203 1080 1787 1162">
     <span class='ocr_line' id='line_1_11' title="bbox 203 1080 1787 1162; baseline 0.008 -29"><span class='ocrx_word' id='word_1_54' title='bbox 203 1080 459 1150; x_wconf 82' lang='grc' dir='ltr'><strong>ἀγαθῶν.</strong></span> <span class='ocrx_word' id='word_1_55' title='bbox 503 1084 612 1137; x_wconf 73' lang='grc' dir='ltr'><strong>Καὶ</strong></span> <span class='ocrx_word' id='word_1_56' title='bbox 645 1085 693 1138; x_wconf 88' lang='grc' dir='ltr'><strong>εί</strong></span> <span class='ocrx_word' id='word_1_57' title='bbox 724 1086 909 1140; x_wconf 90' lang='grc' dir='ltr'>πίστιν</span> <span class='ocrx_word' id='word_1_58' title='bbox 941 1089 1078 1160; x_wconf 87' lang='grc' dir='ltr'>πρὸς</span> <span class='ocrx_word' id='word_1_59' title='bbox 1101 1089 1236 1143; x_wconf 83' lang='grc' dir='ltr'>Θεὸν</span> <span class='ocrx_word' id='word_1_60' title='bbox 1266 1090 1492 1160; x_wconf 76' lang='grc' dir='ltr'>βεϐαίαν</span> <span class='ocrx_word' id='word_1_61' title='bbox 1520 1092 1787 1162; x_wconf 83' lang='grc' dir='ltr'>ἐκέκτην-</span> 
     </span>
    </p>
   </div>
   <div class='ocr_carea' id='block_1_12' title="bbox 203 1170 1787 1250">
    <p class='ocr_par' dir='ltr' id='par_1_12' title="bbox 203 1170 1787 1250">
     <span class='ocr_line' id='line_1_12' title="bbox 203 1170 1787 1250; baseline 0.009 -29"><span class='ocrx_word' id='word_1_62' title='bbox 203 1187 285 1234; x_wconf 90' lang='grc' dir='ltr'><strong>το,</strong></span> <span class='ocrx_word' id='word_1_63' title='bbox 316 1170 416 1223; x_wconf 84' lang='grc' dir='ltr'><strong>οὐκ</strong></span> <span class='ocrx_word' id='word_1_64' title='bbox 448 1170 516 1224; x_wconf 83' lang='grc' dir='ltr'><strong>ἂν</strong></span> <span class='ocrx_word' id='word_1_65' title='bbox 549 1171 658 1226; x_wconf 86' lang='grc' dir='ltr'><strong>τῶν</strong></span> <span class='ocrx_word' id='word_1_66' title='bbox 695 1175 930 1230; x_wconf 77' lang='grc' dir='ltr'>ἐντολῶν</span> <span class='ocrx_word' id='word_1_67' title='bbox 977 1176 1142 1230; x_wconf 84' lang='grc' dir='ltr'>αὑτοῦ</span> <span class='ocrx_word' id='word_1_68' title='bbox 1193 1179 1596 1250; x_wconf 73' lang='grc' dir='ltr'>κατεφρόνουνο</span> <span class='ocrx_word' id='word_1_69' title='bbox 1637 1181 1688 1234; x_wconf 84' lang='lat' dir='ltr'><strong>oi</strong></span> <span class='ocrx_word' id='word_1_70' title='bbox 1741 1181 1787 1233; x_wconf 89' lang='grc' dir='ltr'>δ’</span> 
     </span>
    </p>
   </div>
   <div class='ocr_carea' id='block_1_13' title="bbox 203 1254 1789 1341">
    <p class='ocr_par' dir='ltr' id='par_1_13' title="bbox 203 1254 1789 1341">
     <span class='ocr_line' id='line_1_13' title="bbox 203 1254 1789 1341; baseline 0.008 -29"><span class='ocrx_word' id='word_1_71' title='bbox 203 1261 478 1332; x_wconf 59' lang='grc' dir='ltr'>οἰκτιρμοί</span> <span class='ocrx_word' id='word_1_72' title='bbox 505 1262 616 1316; x_wconf 90' lang='grc' dir='ltr'><strong>τῶν</strong></span> <span class='ocrx_word' id='word_1_73' title='bbox 667 1254 914 1338; x_wconf 77' lang='grc' dir='ltr'>πενῆτων</span> <span class='ocrx_word' id='word_1_74' title='bbox 970 1270 1064 1322; x_wconf 71' lang='grc' dir='ltr'><strong>καὶ</strong></span> <span class='ocrx_word' id='word_1_75' title='bbox 1112 1271 1167 1323; x_wconf 78' lang='grc' dir='ltr'><strong>αἱ</strong></span> <span class='ocrx_word' id='word_1_76' title='bbox 1223 1272 1360 1341; x_wconf 89' lang='grc' dir='ltr'>πρὸς</span> <span class='ocrx_word' id='word_1_77' title='bbox 1395 1270 1527 1324; x_wconf 84' lang='grc' dir='ltr'>Θεὸν</span> <span class='ocrx_word' id='word_1_78' title='bbox 1575 1271 1789 1334; x_wconf 78' lang='grc' dir='ltr'>πίστεις</span> 
     </span>
    </p>
   </div>
   <div class='ocr_carea' id='block_1_14' title="bbox 203 1354 1790 1435">
    <p class='ocr_par' dir='ltr' id='par_1_14' title="bbox 203 1354 1790 1435">
     <span class='ocr_line' id='line_1_14' title="bbox 203 1354 1790 1435; baseline 0.006 -29"><span class='ocrx_word' id='word_1_79' title='bbox 203 1355 310 1407; x_wconf 73' lang='grc' dir='ltr'>εἰσὶ</span> <span class='ocrx_word' id='word_1_80' title='bbox 337 1354 491 1426; x_wconf 81' lang='grc' dir='ltr'>παρὰ</span> <span class='ocrx_word' id='word_1_81' title='bbox 510 1358 624 1420; x_wconf 82' lang='grc' dir='ltr'>τοῖς</span> <span class='ocrx_word' id='word_1_82' title='bbox 649 1358 1041 1429; x_wconf 80' lang='grc' dir='ltr'><strong>ἐργαζομένοις</strong></span> <span class='ocrx_word' id='word_1_83' title='bbox 1065 1363 1132 1416; x_wconf 86' lang='grc' dir='ltr'>τὰ</span> <span class='ocrx_word' id='word_1_84' title='bbox 1157 1363 1338 1428; x_wconf 81' lang='grc' dir='ltr'>ἀγαθά</span> <span class='ocrx_word' id='word_1_85' title='bbox 1358 1381 1371 1394; x_wconf 87' lang='grc'><strong>·</strong></span> <span class='ocrx_word' id='word_1_86' title='bbox 1398 1363 1459 1428; x_wconf 80' lang='grc' dir='ltr'>ἐξ</span> <span class='ocrx_word' id='word_1_87' title='bbox 1479 1363 1656 1435; x_wconf 81' lang='grc' dir='ltr'><strong>ἔργων</strong></span> <span class='ocrx_word' id='word_1_88' title='bbox 1682 1364 1790 1417; x_wconf 88' lang='grc' dir='ltr'>δει-</span> 
     </span>
    </p>
   </div>
   <div class='ocr_carea' id='block_1_15' title="bbox 203 1446 1790 1526">
    <p class='ocr_par' dir='ltr' id='par_1_15' title="bbox 203 1446 1790 1526">
     <span class='ocr_line' id='line_1_15' title="bbox 203 1446 1790 1526; baseline 0.006 -28"><span class='ocrx_word' id='word_1_89' title='bbox 203 1446 426 1499; x_wconf 82' lang='grc' dir='ltr'>κνύουσι</span> <span class='ocrx_word' id='word_1_90' title='bbox 457 1449 558 1512; x_wconf 83' lang='grc' dir='ltr'>τὰς</span> <span class='ocrx_word' id='word_1_91' title='bbox 594 1452 986 1522; x_wconf 80' lang='grc' dir='ltr'>κεκρυμμένας</span> <span class='ocrx_word' id='word_1_92' title='bbox 1015 1455 1152 1526; x_wconf 88' lang='grc' dir='ltr'>πρὸς</span> <span class='ocrx_word' id='word_1_93' title='bbox 1183 1455 1315 1508; x_wconf 85' lang='grc' dir='ltr'>Θεὸν</span> <span class='ocrx_word' id='word_1_94' title='bbox 1344 1457 1439 1509; x_wconf 75' lang='grc' dir='ltr'><strong>καὶ</strong></span> <span class='ocrx_word' id='word_1_95' title='bbox 1467 1455 1790 1524; x_wconf 84' lang='grc' dir='ltr'>ἀνθρώπους</span> 
     </span>
    </p>
   </div>
   <div class='ocr_carea' id='block_1_16' title="bbox 165 1537 969 1614">
    <p class='ocr_par' dir='ltr' id='par_1_16' title="bbox 165 1537 969 1614">
     <span class='ocr_line' id='line_1_16' title="bbox 165 1537 969 1614; baseline 0.014 -26"><span class='ocrx_word' id='word_1_96' title='bbox 165 1609 171 1614; x_wconf 24' lang='grc' dir='ltr'>θ</span> <span class='ocrx_word' id='word_1_97' title='bbox 201 1537 437 1607; x_wconf 72' lang='grc' dir='ltr'>ψυχικὰς</span> <span class='ocrx_word' id='word_1_98' title='bbox 467 1539 740 1606; x_wconf 76' lang='grc' dir='ltr'><strong>διαθέσεις</strong></span> <span class='ocrx_word' id='word_1_99' title='bbox 769 1543 969 1599; x_wconf 82' lang='grc' dir='ltr'>αὐτῶν.</span> 
     </span>
    </p>
   </div>
   <div class='ocr_carea' id='block_1_17' title="bbox 269 1665 1786 1745">
    <p class='ocr_par' dir='ltr' id='par_1_17' title="bbox 269 1665 1786 1745">
     <span class='ocr_line' id='line_1_17' title="bbox 269 1665 1786 1745; baseline 0.009 -29"><span class='ocrx_word' id='word_1_100' title='bbox 269 1665 374 1733; x_wconf 88' lang='grc' dir='ltr'>κγ’.</span> <span class='ocrx_word' id='word_1_101' title='bbox 445 1665 544 1720; x_wconf 84' lang='grc' dir='ltr'>Ἐν</span> <span class='ocrx_word' id='word_1_102' title='bbox 588 1669 770 1723; x_wconf 76' lang='grc' dir='ltr'>παντί</span> <span class='ocrx_word' id='word_1_103' title='bbox 824 1672 1180 1741; x_wconf 81' lang='grc' dir='ltr'>μεριμνῶντι</span> <span class='ocrx_word' id='word_1_104' title='bbox 1223 1672 1426 1728; x_wconf 74' lang='grc' dir='ltr'>ἔνεστι</span> <span class='ocrx_word' id='word_1_105' title='bbox 1471 1675 1786 1745; x_wconf 80' lang='grc' dir='ltr'>περισσόν.</span> 
     </span>
    </p>
   </div>
   <div class='ocr_carea' id='block_1_18' title="bbox 202 1755 1790 1837">
    <p class='ocr_par' dir='ltr' id='par_1_18' title="bbox 202 1755 1790 1837">
     <span class='ocr_line' id='line_1_18' title="bbox 202 1755 1790 1837; baseline 0.011 -32"><span class='ocrx_word' id='word_1_106' title='bbox 202 1755 291 1826; x_wconf 86' lang='grc' dir='ltr'><strong>Τῷ</strong></span> <span class='ocrx_word' id='word_1_107' title='bbox 319 1760 822 1830; x_wconf 84' lang='grc' dir='ltr'>μεμεριμνημένως</span> <span class='ocrx_word' id='word_1_108' title='bbox 851 1761 1101 1832; x_wconf 77' lang='grc' dir='ltr'><strong>ζητοῦντι</strong></span> <span class='ocrx_word' id='word_1_109' title='bbox 1129 1765 1188 1818; x_wconf 89' lang='grc' dir='ltr'><strong>ἐν</strong></span> <span class='ocrx_word' id='word_1_110' title='bbox 1217 1765 1382 1818; x_wconf 79' lang='grc' dir='ltr'>παντὶ</span> <span class='ocrx_word' id='word_1_111' title='bbox 1411 1767 1699 1837; x_wconf 83' lang='grc' dir='ltr'>πράγματι</span> <span class='ocrx_word' id='word_1_112' title='bbox 1729 1767 1790 1822; x_wconf 87' lang='grc' dir='ltr'><strong>τὸ</strong></span> 
     </span>
    </p>
   </div>
   <div class='ocr_carea' id='block_1_19' title="bbox 1889 591 3548 676">
    <p class='ocr_par' dir='ltr' id='par_1_19' title="bbox 1889 591 3548 676">
     <span class='ocr_line' id='line_1_19' title="bbox 1889 591 3548 676; baseline -0.005 -25"><span class='ocrx_word' id='word_1_113' title='bbox 1889 599 2083 656; x_wconf 88' lang='lat' dir='ltr'><strong>lorum.</strong></span> <span class='ocrx_word' id='word_1_114' title='bbox 2120 599 2240 655; x_wconf 83' lang='lat' dir='ltr'><strong>Non</strong></span> <span class='ocrx_word' id='word_1_115' title='bbox 2311 609 2550 656; x_wconf 89' lang='lat' dir='ltr'><strong>noscunt</strong></span> <span class='ocrx_word' id='word_1_116' title='bbox 2594 596 3028 654; x_wconf 86' lang='lat' dir='ltr'><strong>misericordiam</strong></span> <span class='ocrx_word' id='word_1_117' title='bbox 3088 605 3217 661; x_wconf 75' lang='lat' dir='ltr'><strong>erga</strong></span> <span class='ocrx_word' id='word_1_118' title='bbox 3277 591 3472 658; x_wconf 77' lang='lat' dir='ltr'><strong>inopes</strong></span> <span class='ocrx_word' id='word_1_119' title='bbox 3529 662 3548 676; x_wconf 34' lang='grc' dir='ltr'><em>κ</em></span> 
     </span>
    </p>
   </div>
   <div class='ocr_carea' id='block_1_20' title="bbox 1888 685 3466 760">
    <p class='ocr_par' dir='ltr' id='par_1_20' title="bbox 1888 685 3466 760">
     <span class='ocr_line' id='line_1_20' title="bbox 1888 685 3466 760; baseline -0.008 -16"><span class='ocrx_word' id='word_1_120' title='bbox 1888 705 2066 760; x_wconf 89' lang='lat' dir='ltr'><strong>neque</strong></span> <span class='ocrx_word' id='word_1_121' title='bbox 2089 691 2248 746; x_wconf 98' lang='lat' dir='ltr'><strong>ﬁdem</strong></span> <span class='ocrx_word' id='word_1_122' title='bbox 2285 692 2344 746; x_wconf 89' lang='lat' dir='ltr'><strong>in</strong></span> <span class='ocrx_word' id='word_1_123' title='bbox 2387 691 2578 758; x_wconf 89' lang='lat' dir='ltr'><strong>Deum,</strong></span> <span class='ocrx_word' id='word_1_124' title='bbox 2607 691 2698 760; x_wconf 86' lang='lat' dir='ltr'><strong>qui</strong></span> <span class='ocrx_word' id='word_1_125' title='bbox 2734 686 3085 757; x_wconf 74' lang='lat' dir='ltr'><strong>iniquitatem</strong></span> <span class='ocrx_word' id='word_1_126' title='bbox 3116 685 3423 751; x_wconf 79' lang='lat' dir='ltr'><strong>operantur</strong></span> <span class='ocrx_word' id='word_1_127' title='bbox 3452 696 3466 742; x_wconf 89' lang='lat'><strong>;</strong></span> 
     </span>
    </p>
   </div>
   <div class='ocr_carea' id='block_1_21' title="bbox 1888 770 3474 844">
    <p class='ocr_par' dir='ltr' id='par_1_21' title="bbox 1888 770 3474 844">
     <span class='ocr_line' id='line_1_21' title="bbox 1888 770 3474 844; baseline -0.008 -8"><span class='ocrx_word' id='word_1_128' title='bbox 1888 785 2093 838; x_wconf 87' lang='lat' dir='ltr'><strong>etenim</strong></span> <span class='ocrx_word' id='word_1_129' title='bbox 2147 783 2194 838; x_wconf 91' lang='lat' dir='ltr'><strong>si</strong></span> <span class='ocrx_word' id='word_1_130' title='bbox 2227 783 2464 840; x_wconf 78' lang='lat' dir='ltr'><strong>fuissent</strong></span> <span class='ocrx_word' id='word_1_131' title='bbox 2518 780 2938 844; x_wconf 85' lang='lat' dir='ltr'><strong>misericordes,</strong></span> <span class='ocrx_word' id='word_1_132' title='bbox 2982 777 3162 831; x_wconf 85' lang='lat' dir='ltr'><strong>aliena</strong></span> <span class='ocrx_word' id='word_1_133' title='bbox 3224 787 3334 828; x_wconf 91' lang='lat' dir='ltr'><strong>non</strong></span> <span class='ocrx_word' id='word_1_134' title='bbox 3371 770 3474 826; x_wconf 81' lang='lat' dir='ltr'><strong>eri-</strong></span> 
     </span>
    </p>
   </div>
   <div class='ocr_carea' id='block_1_22' title="bbox 1889 875 2160 946">
    <p class='ocr_par' dir='ltr' id='par_1_22' title="bbox 1889 875 2160 946">
     <span class='ocr_line' id='line_1_22' title="bbox 1889 875 2160 946; baseline -0.015 -15"><span class='ocrx_word' id='word_1_135' title='bbox 1889 875 2160 946; x_wconf 91' lang='lat' dir='ltr'><strong>puissent.</strong></span> 
     </span>
    </p>
   </div>
   <div class='ocr_carea' id='block_1_23' title="bbox 1962 985 3474 1072">
    <p class='ocr_par' dir='ltr' id='par_1_23' title="bbox 1962 985 3474 1072">
     <span class='ocr_line' id='line_1_23' title="bbox 1962 985 3474 1072; baseline -0.011 -16"><span class='ocrx_word' id='word_1_136' title='bbox 1962 1001 2322 1072; x_wconf 74' lang='lat' dir='ltr'><strong>Eteemosynw</strong></span> <span class='ocrx_word' id='word_1_137' title='bbox 2351 1010 2401 1055; x_wconf 88' lang='lat' dir='ltr'><strong>et</strong></span> <span class='ocrx_word' id='word_1_138' title='bbox 2429 999 2642 1069; x_wconf 73' lang='lat' dir='ltr'><strong>ﬁduciae</strong></span> <span class='ocrx_word' id='word_1_139' title='bbox 2698 994 2836 1066; x_wconf 85' lang='lat' dir='ltr'><strong>apud</strong></span> <span class='ocrx_word' id='word_1_140' title='bbox 2866 993 3123 1048; x_wconf 74' lang='lat' dir='ltr'><strong>bonorum</strong></span> <span class='ocrx_word' id='word_1_141' title='bbox 3176 990 3375 1060; x_wconf 72' lang='lat' dir='ltr'><strong>fabros.</strong></span> <span class='ocrx_word' id='word_1_142' title='bbox 3407 985 3474 1040; x_wconf 86' lang='lat' dir='ltr'><strong>Et</strong></span> 
     </span>
    </p>
   </div>
   <div class='ocr_carea' id='block_1_24' title="bbox 1891 1079 3473 1152">
    <p class='ocr_par' dir='ltr' id='par_1_24' title="bbox 1891 1079 3473 1152">
     <span class='ocr_line' id='line_1_24' title="bbox 1891 1079 3473 1152; baseline -0.012 -4"><span class='ocrx_word' id='word_1_143' title='bbox 1891 1094 1937 1149; x_wconf 90' lang='lat' dir='ltr'><strong>si</strong></span> <span class='ocrx_word' id='word_1_144' title='bbox 1974 1092 2188 1147; x_wconf 87' lang='lat' dir='ltr'><strong>ﬁrmam</strong></span> <span class='ocrx_word' id='word_1_145' title='bbox 2238 1091 2293 1146; x_wconf 92' lang='lat' dir='ltr'><strong>in</strong></span> <span class='ocrx_word' id='word_1_146' title='bbox 2326 1091 2498 1146; x_wconf 89' lang='lat' dir='ltr'><strong>Deum</strong></span> <span class='ocrx_word' id='word_1_147' title='bbox 2533 1090 2802 1144; x_wconf 83' lang='lat' dir='ltr'><strong>haberent</strong></span> <span class='ocrx_word' id='word_1_148' title='bbox 2833 1084 3017 1151; x_wconf 83' lang='lat' dir='ltr'><strong>ﬁdem,</strong></span> <span class='ocrx_word' id='word_1_149' title='bbox 3043 1083 3165 1152; x_wconf 86' lang='lat' dir='ltr'><strong>ejus</strong></span> <span class='ocrx_word' id='word_1_150' title='bbox 3211 1079 3473 1135; x_wconf 88' lang='lat' dir='ltr'><strong>mandata</strong></span> 
     </span>
    </p>
   </div>
   <div class='ocr_carea' id='block_1_25' title="bbox 1891 1171 3474 1254">
    <p class='ocr_par' dir='ltr' id='par_1_25' title="bbox 1891 1171 3474 1254">
     <span class='ocr_line' id='line_1_25' title="bbox 1891 1171 3474 1254; baseline -0.009 -16"><span class='ocrx_word' id='word_1_151' title='bbox 1891 1199 2000 1238; x_wconf 88' lang='lat' dir='ltr'><strong>non</strong></span> <span class='ocrx_word' id='word_1_152' title='bbox 2023 1183 2396 1254; x_wconf 77' lang='lat' dir='ltr'><strong>despicerent.</strong></span> <span class='ocrx_word' id='word_1_153' title='bbox 2427 1181 2677 1237; x_wconf 80' lang='lat' dir='ltr'><strong>Gemitus</strong></span> <span class='ocrx_word' id='word_1_154' title='bbox 2710 1181 2766 1234; x_wconf 89' lang='lat' dir='ltr'><strong>in</strong></span> <span class='ocrx_word' id='word_1_155' title='bbox 2793 1191 3063 1247; x_wconf 83' lang='lat' dir='ltr'><strong>pauperes</strong></span> <span class='ocrx_word' id='word_1_156' title='bbox 3095 1183 3149 1230; x_wconf 88' lang='lat' dir='ltr'><strong>et</strong></span> <span class='ocrx_word' id='word_1_157' title='bbox 3173 1171 3374 1227; x_wconf 85' lang='lat' dir='ltr'><strong>ﬁducia</strong></span> <span class='ocrx_word' id='word_1_158' title='bbox 3416 1171 3474 1224; x_wconf 91' lang='lat' dir='ltr'><strong>in</strong></span> 
     </span>
    </p>
   </div>
   <div class='ocr_carea' id='block_1_26' title="bbox 1891 1261 3473 1343">
    <p class='ocr_par' dir='ltr' id='par_1_26' title="bbox 1891 1261 3473 1343">
     <span class='ocr_line' id='line_1_26' title="bbox 1891 1261 3473 1343; baseline -0.009 -15"><span class='ocrx_word' id='word_1_159' title='bbox 1891 1274 2062 1330; x_wconf 89' lang='lat' dir='ltr'><strong>Deum</strong></span> <span class='ocrx_word' id='word_1_160' title='bbox 2124 1283 2259 1329; x_wconf 89' lang='lat' dir='ltr'><strong>sunt</strong></span> <span class='ocrx_word' id='word_1_161' title='bbox 2309 1273 2455 1343; x_wconf 88' lang='lat' dir='ltr'><strong>apud</strong></span> <span class='ocrx_word' id='word_1_162' title='bbox 2506 1271 2710 1326; x_wconf 90' lang='lat' dir='ltr'><strong>bonum</strong></span> <span class='ocrx_word' id='word_1_163' title='bbox 2742 1274 3034 1339; x_wconf 76' lang='lat' dir='ltr'><strong>Operantes</strong></span> <span class='ocrx_word' id='word_1_164' title='bbox 3069 1285 3082 1318; x_wconf 89' lang='lat'><strong>:</strong></span> <span class='ocrx_word' id='word_1_165' title='bbox 3119 1261 3473 1320; x_wconf 71' lang='lat' dir='ltr'><strong>absconditae</strong></span> 
     </span>
    </p>
   </div>
   <div class='ocr_carea' id='block_1_27' title="bbox 1892 1352 3553 1430">
    <p class='ocr_par' dir='ltr' id='par_1_27' title="bbox 1892 1352 3553 1430">
     <span class='ocr_line' id='line_1_27' title="bbox 1892 1352 3553 1430; baseline -0.009 -10"><span class='ocrx_word' id='word_1_166' title='bbox 1892 1367 2200 1421; x_wconf 89' lang='lat' dir='ltr'><strong>animarum</strong></span> <span class='ocrx_word' id='word_1_167' title='bbox 2244 1379 2470 1421; x_wconf 90' lang='lat' dir='ltr'><strong>suarum</strong></span> <span class='ocrx_word' id='word_1_168' title='bbox 2496 1360 3056 1430; x_wconf 74' lang='lat' dir='ltr'><strong>dispositiones,erga</strong></span> <span class='ocrx_word' id='word_1_169' title='bbox 3084 1355 3253 1411; x_wconf 89' lang='lat' dir='ltr'><strong>Deum</strong></span> <span class='ocrx_word' id='word_1_170' title='bbox 3296 1360 3349 1412; x_wconf 91' lang='lat' dir='ltr'><strong>et</strong></span> <span class='ocrx_word' id='word_1_171' title='bbox 3367 1352 3470 1406; x_wconf 55' lang='lat' dir='ltr'><strong>hom</strong></span> <span class='ocrx_word' id='word_1_172' title='bbox 3552 1392 3553 1395; x_wconf 57' lang='grc' dir='ltr'><strong>η</strong></span> 
     </span>
    </p>
   </div>
   <div class='ocr_carea' id='block_1_28' title="bbox 1894 1453 2916 1527">
    <p class='ocr_par' dir='ltr' id='par_1_28' title="bbox 1894 1453 2916 1527">
     <span class='ocr_line' id='line_1_28' title="bbox 1894 1453 2916 1527; baseline -0.008 -15"><span class='ocrx_word' id='word_1_173' title='bbox 1894 1459 2091 1522; x_wconf 85' lang='lat' dir='ltr'><strong>mines,</strong></span> <span class='ocrx_word' id='word_1_174' title='bbox 2120 1473 2185 1512; x_wconf 83' lang='lat' dir='ltr'><strong>ex</strong></span> <span class='ocrx_word' id='word_1_175' title='bbox 2216 1457 2478 1527; x_wconf 87' lang='lat' dir='ltr'><strong>operibus</strong></span> <span class='ocrx_word' id='word_1_176' title='bbox 2508 1453 2916 1510; x_wconf 87' lang='lat' dir='ltr'><strong>demonstrant.</strong></span> 
     </span>
    </p>
   </div>
   <div class='ocr_carea' id='block_1_29' title="bbox 1969 1659 3480 1740">
    <p class='ocr_par' dir='ltr' id='par_1_29' title="bbox 1969 1659 3480 1740">
     <span class='ocr_line' id='line_1_29' title="bbox 1969 1659 3480 1740; baseline -0.011 -14"><span class='ocrx_word' id='word_1_177' title='bbox 1969 1672 2135 1728; x_wconf 74' lang='lat' dir='ltr'><strong>Vsus.</strong></span> <span class='ocrx_word' id='word_1_178' title='bbox 2167 1671 2259 1728; x_wconf 79' lang='lat'><strong>25.</strong></span> <span class='ocrx_word' id='word_1_179' title='bbox 2290 1670 2359 1726; x_wconf 83' lang='lat' dir='ltr'><strong>In</strong></span> <span class='ocrx_word' id='word_1_180' title='bbox 2405 1683 2714 1740; x_wconf 78' lang='lat' dir='ltr'><strong>unoquoque</strong></span> <span class='ocrx_word' id='word_1_181' title='bbox 2742 1665 2975 1722; x_wconf 81' lang='lat' dir='ltr'><strong>sollicito</strong></span> <span class='ocrx_word' id='word_1_182' title='bbox 3017 1664 3150 1717; x_wconf 87' lang='lat' dir='ltr'><strong>inest</strong></span> <span class='ocrx_word' id='word_1_183' title='bbox 3207 1659 3480 1714; x_wconf 62' lang='lat' dir='ltr'><strong>abundatio</strong></span> 
     </span>
    </p>
   </div>
   <div class='ocr_carea' id='block_1_30' title="bbox 1897 1751 3474 1823">
    <p class='ocr_par' dir='ltr' id='par_1_30' title="bbox 1897 1751 3474 1823">
     <span class='ocr_line' id='line_1_30' title="bbox 1897 1751 3474 1823; baseline -0.01 -4"><span class='ocrx_word' id='word_1_184' title='bbox 1897 1768 1992 1820; x_wconf 86' lang='lat' dir='ltr'><strong>tia.</strong></span> <span class='ocrx_word' id='word_1_185' title='bbox 2017 1762 2178 1820; x_wconf 88' lang='lat' dir='ltr'><strong>Omni</strong></span> <span class='ocrx_word' id='word_1_186' title='bbox 2207 1765 2262 1818; x_wconf 93' lang='lat' dir='ltr'><strong>in</strong></span> <span class='ocrx_word' id='word_1_187' title='bbox 2301 1778 2362 1819; x_wconf 90' lang='lat' dir='ltr'><strong>re</strong></span> <span class='ocrx_word' id='word_1_188' title='bbox 2399 1777 2592 1817; x_wconf 88' lang='lat' dir='ltr'><strong>verum</strong></span> <span class='ocrx_word' id='word_1_189' title='bbox 2649 1760 2855 1814; x_wconf 89' lang='lat' dir='ltr'><strong>bonum</strong></span> <span class='ocrx_word' id='word_1_190' title='bbox 2901 1755 3136 1812; x_wconf 87' lang='lat' dir='ltr'><strong>sollicite</strong></span> <span class='ocrx_word' id='word_1_191' title='bbox 3184 1751 3474 1823; x_wconf 63' lang='lat' dir='ltr'><strong>quaerenti,</strong></span> 
     </span>
    </p>
   </div>
   <div class='ocr_carea' id='block_1_31' title="bbox 200 1842 1800 1929">
    <p class='ocr_par' dir='ltr' id='par_1_31' title="bbox 200 1845 1791 1929">
     <span class='ocr_line' id='line_1_31' title="bbox 200 1845 1791 1929; baseline 0.008 -31"><span class='ocrx_word' id='word_1_192' title='bbox 200 1845 368 1911; x_wconf 77' lang='grc' dir='ltr'>ὅντως</span> <span class='ocrx_word' id='word_1_193' title='bbox 400 1849 591 1916; x_wconf 87' lang='grc' dir='ltr'>καλὸν,</span> <span class='ocrx_word' id='word_1_194' title='bbox 621 1851 680 1905; x_wconf 83' lang='grc' dir='ltr'>ἓν</span> <span class='ocrx_word' id='word_1_195' title='bbox 721 1853 980 1924; x_wconf 84' lang='grc' dir='ltr'>ὑπάρχει,</span> <span class='ocrx_word' id='word_1_196' title='bbox 1021 1855 1049 1908; x_wconf 82' lang='grc' dir='ltr'><strong>ὃ</strong></span> <span class='ocrx_word' id='word_1_197' title='bbox 1091 1857 1199 1909; x_wconf 80' lang='grc' dir='ltr'>πᾶν</span> <span class='ocrx_word' id='word_1_198' title='bbox 1241 1855 1590 1928; x_wconf 88' lang='grc' dir='ltr'>άσυγκρίτως</span> <span class='ocrx_word' id='word_1_199' title='bbox 1621 1857 1791 1929; x_wconf 86' lang='grc' dir='ltr'>ὑπέρ-</span> 
     </span>
    </p>
   </div>
   <div class='ocr_carea' id='block_1_32' title="bbox 1926 1842 3479 1929">
    <p class='ocr_par' dir='ltr' id='par_1_32' title="bbox 1926 1843 3479 1924">
     <span class='ocr_line' id='line_1_32' title="bbox 1926 1843 3479 1924; baseline -0.012 -12"><span class='ocrx_word' id='word_1_200' title='bbox 1926 1872 2064 1913; x_wconf 56' lang='grc' dir='ltr'>ιηυιη</span> <span class='ocrx_word' id='word_1_201' title='bbox 2118 1857 2353 1913; x_wconf 87' lang='lat' dir='ltr'><strong>inveniri</strong></span> <span class='ocrx_word' id='word_1_202' title='bbox 2387 1863 2495 1922; x_wconf 83' lang='lat' dir='ltr'><strong>est,</strong></span> <span class='ocrx_word' id='word_1_203' title='bbox 2527 1852 2675 1924; x_wconf 91' lang='lat' dir='ltr'><strong>quod</strong></span> <span class='ocrx_word' id='word_1_204' title='bbox 2722 1847 3235 1919; x_wconf 86' lang='lat' dir='ltr'><strong>incomparabiliter</strong></span> <span class='ocrx_word' id='word_1_205' title='bbox 3295 1843 3479 1900; x_wconf 88' lang='lat' dir='ltr'><strong>omnia</strong></span> 
     </span>
    </p>
   </div>
   <div class='ocr_carea' id='block_1_33' title="bbox 197 1941 1791 2083">
    <p class='ocr_par' dir='ltr' id='par_1_33' title="bbox 197 1941 1791 2083">
     <span class='ocr_line' id='line_1_33' title="bbox 197 1941 1791 2083; baseline 0.008 -93"><span class='ocrx_word' id='word_1_206' title='bbox 197 1954 394 2083; x_wconf 59' lang='grc' dir='ltr'>ἓεὲταί,</span> <span class='ocrx_word' id='word_1_207' title='bbox 457 1942 488 1994; x_wconf 88' lang='grc' dir='ltr'><strong>ό</strong></span> <span class='ocrx_word' id='word_1_208' title='bbox 549 1941 710 2013; x_wconf 83' lang='grc' dir='ltr'>μόνος</span> <span class='ocrx_word' id='word_1_209' title='bbox 760 1943 979 1998; x_wconf 88' lang='grc' dir='ltr'>πάντων</span> <span class='ocrx_word' id='word_1_210' title='bbox 1028 1944 1202 2010; x_wconf 80' lang='grc' dir='ltr'>αἴτιος</span> <span class='ocrx_word' id='word_1_211' title='bbox 1246 1949 1340 1999; x_wconf 75' lang='grc' dir='ltr'><strong>καὶ</strong></span> <span class='ocrx_word' id='word_1_212' title='bbox 1392 1947 1532 2019; x_wconf 81' lang='grc' dir='ltr'>ὑπὲρ</span> <span class='ocrx_word' id='word_1_213' title='bbox 1613 1950 1791 2003; x_wconf 82' lang='grc' dir='ltr'>πάντα</span> 
     </span>
     <span class='ocr_line' id='line_1_34' title="bbox 241 2047 349 2083; baseline 0 0"><span class='ocrx_word' id='word_1_214' title='bbox 241 2047 264 2083; x_wconf 86' lang='grc' dir='ltr'><strong>ε</strong></span> <span class='ocrx_word' id='word_1_215' title='bbox 302 2047 349 2083; x_wconf 83' lang='grc' dir='ltr'>ς.</span> 
     </span>
    </p>
   </div>
   <div class='ocr_carea' id='block_1_34' title="bbox 241 2047 349 2094">
    <p class='ocr_par' dir='ltr' id='par_1_34' title="bbox 241 2047 349 2094">
     <span class='ocr_line' id='line_1_35' title="bbox 241 2047 349 2094; baseline 0.009 -11"><span class='ocrx_word' id='word_1_216' title='bbox 241 2047 349 2094; x_wconf 87' lang='grc' dir='ltr'>εος.</span> 
     </span>
    </p>
   </div>
   <div class='ocr_carea' id='block_1_35' title="bbox 279 2154 1794 2232">
    <p class='ocr_par' dir='ltr' id='par_1_35' title="bbox 279 2154 1794 2232">
     <span class='ocr_line' id='line_1_36' title="bbox 279 2154 1794 2232; baseline 0.009 -25"><span class='ocrx_word' id='word_1_217' title='bbox 279 2155 335 2208; x_wconf 88' lang='lat'><strong>&#39;0</strong></span> <span class='ocrx_word' id='word_1_218' title='bbox 366 2154 439 2209; x_wconf 87' lang='grc' dir='ltr'>δὲ</span> <span class='ocrx_word' id='word_1_219' title='bbox 471 2156 622 2224; x_wconf 79' lang='grc' dir='ltr'>ήδὺς</span> <span class='ocrx_word' id='word_1_220' title='bbox 654 2159 751 2214; x_wconf 83' lang='grc' dir='ltr'><strong>καί</strong></span> <span class='ocrx_word' id='word_1_221' title='bbox 789 2160 1134 2231; x_wconf 73' lang='grc' dir='ltr'>ἀνάλγητος</span> <span class='ocrx_word' id='word_1_222' title='bbox 1172 2161 1243 2215; x_wconf 86' lang='grc' dir='ltr'>ἐν</span> <span class='ocrx_word' id='word_1_223' title='bbox 1273 2163 1475 2232; x_wconf 78' lang='grc' dir='ltr'>ἐνδείᾳ</span> <span class='ocrx_word' id='word_1_224' title='bbox 1506 2163 1699 2220; x_wconf 80' lang='grc' dir='ltr'>ἔσται.</span> <span class='ocrx_word' id='word_1_225' title='bbox 1735 2165 1794 2221; x_wconf 85' lang='grc'><strong>’0</strong></span> 
     </span>
    </p>
   </div>
   <div class='ocr_carea' id='block_1_36' title="bbox 196 2246 1792 2329">
    <p class='ocr_par' dir='ltr' id='par_1_36' title="bbox 196 2246 1792 2329">
     <span class='ocr_line' id='line_1_37' title="bbox 196 2246 1792 2329; baseline 0.009 -31"><span class='ocrx_word' id='word_1_226' title='bbox 196 2246 250 2300; x_wconf 86' lang='grc' dir='ltr'>δὲ</span> <span class='ocrx_word' id='word_1_227' title='bbox 284 2247 599 2321; x_wconf 79' lang='grc' dir='ltr'>ἡδυπαθὴς,</span> <span class='ocrx_word' id='word_1_228' title='bbox 636 2252 730 2305; x_wconf 74' lang='grc' dir='ltr'><strong>καὶ</strong></span> <span class='ocrx_word' id='word_1_229' title='bbox 777 2253 854 2325; x_wconf 86' lang='grc' dir='ltr'><strong>μὴ</strong></span> <span class='ocrx_word' id='word_1_230' title='bbox 910 2255 1088 2308; x_wconf 91' lang='grc' dir='ltr'>πονῶν</span> <span class='ocrx_word' id='word_1_231' title='bbox 1130 2255 1260 2326; x_wconf 73' lang='grc' dir='ltr'>περὶ</span> <span class='ocrx_word' id='word_1_232' title='bbox 1300 2256 1363 2309; x_wconf 87' lang='grc' dir='ltr'><strong>τὸ</strong></span> <span class='ocrx_word' id='word_1_233' title='bbox 1395 2257 1564 2323; x_wconf 76' lang='grc' dir='ltr'>δντως</span> <span class='ocrx_word' id='word_1_234' title='bbox 1605 2259 1792 2329; x_wconf 82' lang='grc' dir='ltr'>καλὸν,</span> 
     </span>
    </p>
   </div>
   <div class='ocr_carea' id='block_1_37' title="bbox 201 2341 998 2412">
    <p class='ocr_par' dir='ltr' id='par_1_37' title="bbox 201 2341 998 2412">
     <span class='ocr_line' id='line_1_38' title="bbox 201 2341 998 2412; baseline 0.013 -21"><span class='ocrx_word' id='word_1_235' title='bbox 201 2341 575 2412; x_wconf 79' lang='grc' dir='ltr'>ἐστερημένος</span> <span class='ocrx_word' id='word_1_236' title='bbox 603 2343 756 2399; x_wconf 82' lang='grc' dir='ltr'>ἐσται</span> <span class='ocrx_word' id='word_1_237' title='bbox 785 2345 998 2402; x_wconf 83' lang='grc' dir='ltr'>τούτου.</span> 
     </span>
    </p>
   </div>
   <div class='ocr_carea' id='block_1_38' title="bbox 271 2454 1800 2552">
    <p class='ocr_par' dir='ltr' id='par_1_38' title="bbox 271 2454 1800 2552">
     <span class='ocr_line' id='line_1_39' title="bbox 271 2454 1800 2552; baseline 0.01 -32"><span class='ocrx_word' id='word_1_238' title='bbox 271 2466 369 2522; x_wconf 88' lang='grc' dir='ltr'>κδ’.</span> <span class='ocrx_word' id='word_1_239' title='bbox 403 2469 716 2539; x_wconf 73' lang='grc' dir='ltr'>Στέφανος</span> <span class='ocrx_word' id='word_1_240' title='bbox 741 2472 971 2542; x_wconf 75' lang='grc' dir='ltr'>σοφῶν,</span> <span class='ocrx_word' id='word_1_241' title='bbox 1000 2454 1265 2544; x_wconf 73' lang='grc' dir='ltr'>πλοῦτος</span> <span class='ocrx_word' id='word_1_242' title='bbox 1295 2477 1516 2535; x_wconf 85' lang='grc' dir='ltr'>αὐτῶν.</span> <span class='ocrx_word' id='word_1_243' title='bbox 1547 2481 1673 2546; x_wconf 81' lang='grc' dir='ltr'>Τοῖς</span> <span class='ocrx_word' id='word_1_244' title='bbox 1703 2499 1800 2552; x_wconf 81' lang='grc' dir='ltr'>με-</span> 
     </span>
    </p>
   </div>
   <div class='ocr_carea' id='block_1_39' title="bbox 199 2557 1800 2642">
    <p class='ocr_par' dir='ltr' id='par_1_39' title="bbox 199 2557 1800 2642">
     <span class='ocr_line' id='line_1_40' title="bbox 199 2557 1800 2642; baseline 0.011 -31"><span class='ocrx_word' id='word_1_245' title='bbox 199 2557 268 2612; x_wconf 82' lang='grc' dir='ltr'>τὰ</span> <span class='ocrx_word' id='word_1_246' title='bbox 292 2557 460 2628; x_wconf 80' lang='grc' dir='ltr'><strong>λόγου</strong></span> <span class='ocrx_word' id='word_1_247' title='bbox 508 2561 800 2618; x_wconf 78' lang='grc' dir='ltr'>πλουτοῦσι</span> <span class='ocrx_word' id='word_1_248' title='bbox 847 2565 946 2631; x_wconf 85' lang='grc' dir='ltr'><strong>τὰς</strong></span> <span class='ocrx_word' id='word_1_249' title='bbox 977 2567 1204 2639; x_wconf 81' lang='grc' dir='ltr'>ἀρετάς,</span> <span class='ocrx_word' id='word_1_250' title='bbox 1235 2571 1606 2642; x_wconf 82' lang='grc' dir='ltr'>ἀμαράντινος</span> <span class='ocrx_word' id='word_1_251' title='bbox 1635 2567 1800 2629; x_wconf 77' lang='grc' dir='ltr'>αὗται</span> 
     </span>
    </p>
   </div>
   <div class='ocr_carea' id='block_1_40' title="bbox 201 2649 948 2726">
    <p class='ocr_par' dir='ltr' id='par_1_40' title="bbox 201 2649 948 2726">
     <span class='ocr_line' id='line_1_41' title="bbox 201 2649 948 2726; baseline 0.013 -24"><span class='ocrx_word' id='word_1_252' title='bbox 201 2649 360 2721; x_wconf 79' lang='grc' dir='ltr'>δόξης</span> <span class='ocrx_word' id='word_1_253' title='bbox 385 2652 635 2722; x_wconf 88' lang='grc' dir='ltr'>γίνονται</span> <span class='ocrx_word' id='word_1_254' title='bbox 662 2656 948 2726; x_wconf 83' lang='grc' dir='ltr'>στέφανος.</span> 
     </span>
    </p>
   </div>
   <div class='ocr_carea' id='block_1_41' title="bbox 289 2775 1802 2858">
    <p class='ocr_par' dir='ltr' id='par_1_41' title="bbox 289 2775 1802 2858">
     <span class='ocr_line' id='line_1_42' title="bbox 289 2775 1802 2858; baseline 0.011 -28"><span class='ocrx_word' id='word_1_255' title='bbox 289 2775 360 2831; x_wconf 88' lang='grc' dir='ltr'><strong><em>Ἦ</em></strong></span> <span class='ocrx_word' id='word_1_256' title='bbox 406 2777 482 2832; x_wconf 82' lang='grc' dir='ltr'>δὲ</span> <span class='ocrx_word' id='word_1_257' title='bbox 524 2778 794 2850; x_wconf 80' lang='grc' dir='ltr'>διατριϐὴ</span> <span class='ocrx_word' id='word_1_258' title='bbox 844 2783 1142 2853; x_wconf 76' lang='grc' dir='ltr'>ἀφρόνων,</span> <span class='ocrx_word' id='word_1_259' title='bbox 1193 2788 1374 2855; x_wconf 82' lang='grc' dir='ltr'>κακή.</span> <span class='ocrx_word' id='word_1_260' title='bbox 1418 2789 1480 2844; x_wconf 82' lang='lat'><strong>&#39;0</strong></span> <span class='ocrx_word' id='word_1_261' title='bbox 1516 2791 1562 2844; x_wconf 85' lang='grc' dir='ltr'>δ’</span> <span class='ocrx_word' id='word_1_262' title='bbox 1593 2794 1652 2846; x_wconf 86' lang='grc' dir='ltr'><strong>ἐν</strong></span> <span class='ocrx_word' id='word_1_263' title='bbox 1689 2794 1802 2858; x_wconf 79' lang='grc' dir='ltr'>τοῖς</span> 
     </span>
    </p>
   </div>
   <div class='ocr_carea' id='block_1_42' title="bbox 213 2867 1804 2953">
    <p class='ocr_par' dir='ltr' id='par_1_42' title="bbox 213 2867 1804 2953">
     <span class='ocr_line' id='line_1_43' title="bbox 213 2867 1804 2953; baseline 0.012 -34"><span class='ocrx_word' id='word_1_264' title='bbox 213 2867 472 2936; x_wconf 77' lang='grc' dir='ltr'>ματαίοις</span> <span class='ocrx_word' id='word_1_265' title='bbox 496 2870 605 2924; x_wconf 89' lang='grc' dir='ltr'><strong>τῶν</strong></span> <span class='ocrx_word' id='word_1_266' title='bbox 633 2873 878 2944; x_wconf 85' lang='grc' dir='ltr'>ἀνοήτων</span> <span class='ocrx_word' id='word_1_267' title='bbox 904 2879 1312 2949; x_wconf 86' lang='grc' dir='ltr'>περισπασμὸς,</span> <span class='ocrx_word' id='word_1_268' title='bbox 1347 2881 1548 2947; x_wconf 87' lang='grc' dir='ltr'>κακὸς,</span> <span class='ocrx_word' id='word_1_269' title='bbox 1589 2882 1668 2947; x_wconf 84' lang='grc' dir='ltr'>ὡς</span> <span class='ocrx_word' id='word_1_270' title='bbox 1705 2884 1804 2953; x_wconf 85' lang='grc' dir='ltr'>τῆς</span> 
     </span>
    </p>
   </div>
   <div class='ocr_carea' id='block_1_43' title="bbox 213 2958 1057 3036">
    <p class='ocr_par' dir='ltr' id='par_1_43' title="bbox 213 2958 1057 3036">
     <span class='ocr_line' id='line_1_44' title="bbox 213 2958 1057 3036; baseline 0.009 -24"><span class='ocrx_word' id='word_1_271' title='bbox 213 2958 438 3015; x_wconf 87' lang='grc' dir='ltr'>αίωνίου</span> <span class='ocrx_word' id='word_1_272' title='bbox 465 2962 743 3029; x_wconf 88' lang='grc' dir='ltr'>κολάσεως</span> <span class='ocrx_word' id='word_1_273' title='bbox 773 2966 1057 3036; x_wconf 82' lang='grc' dir='ltr'>πρόξενος.</span> 
     </span>
    </p>
   </div>
   <div class='ocr_carea' id='block_1_44' title="bbox 285 3085 1800 3166">
    <p class='ocr_par' dir='ltr' id='par_1_44' title="bbox 285 3085 1800 3166">
     <span class='ocr_line' id='line_1_45' title="bbox 285 3085 1800 3166; baseline 0.01 -27"><span class='ocrx_word' id='word_1_274' title='bbox 285 3093 386 3141; x_wconf 86' lang='grc' dir='ltr'>κε’.</span> <span class='ocrx_word' id='word_1_275' title='bbox 431 3085 704 3144; x_wconf 85' lang='grc' dir='ltr'>Ῥύσεται</span> <span class='ocrx_word' id='word_1_276' title='bbox 729 3094 934 3162; x_wconf 79' lang='grc' dir='ltr'>ψυχὰς</span> <span class='ocrx_word' id='word_1_277' title='bbox 961 3093 1030 3148; x_wconf 86' lang='grc' dir='ltr'><strong>ἐκ</strong></span> <span class='ocrx_word' id='word_1_278' title='bbox 1056 3095 1264 3150; x_wconf 86' lang='grc' dir='ltr'>κακῶν</span> <span class='ocrx_word' id='word_1_279' title='bbox 1295 3097 1530 3166; x_wconf 83' lang='grc' dir='ltr'>μάρτυς</span> <span class='ocrx_word' id='word_1_280' title='bbox 1563 3101 1800 3166; x_wconf 85' lang='grc' dir='ltr'>πιστός.</span> 
     </span>
    </p>
   </div>
   <div class='ocr_carea' id='block_1_45' title="bbox 1900 1946 3482 2024">
    <p class='ocr_par' dir='ltr' id='par_1_45' title="bbox 1900 1946 3482 2024">
     <span class='ocr_line' id='line_1_46' title="bbox 1900 1946 3482 2024; baseline -0.013 -15"><span class='ocrx_word' id='word_1_281' title='bbox 1900 1961 2154 2024; x_wconf 84' lang='lat' dir='ltr'><strong>superat,</strong></span> <span class='ocrx_word' id='word_1_282' title='bbox 2179 1984 2250 1996; x_wconf 90' lang='lat'><strong>—-</strong></span> <span class='ocrx_word' id='word_1_283' title='bbox 2288 1951 2381 2007; x_wconf 92' lang='lat' dir='ltr'><strong>ille</strong></span> <span class='ocrx_word' id='word_1_284' title='bbox 2411 1950 2657 2006; x_wconf 90' lang='lat' dir='ltr'><strong>omnium</strong></span> <span class='ocrx_word' id='word_1_285' title='bbox 2681 1959 2867 2002; x_wconf 89' lang='lat' dir='ltr'><strong>rerum</strong></span> <span class='ocrx_word' id='word_1_286' title='bbox 2897 1956 3065 1999; x_wconf 90' lang='lat' dir='ltr'><strong>causa</strong></span> <span class='ocrx_word' id='word_1_287' title='bbox 3091 1946 3144 1996; x_wconf 88' lang='lat' dir='ltr'><strong>et</strong></span> <span class='ocrx_word' id='word_1_288' title='bbox 3173 1953 3337 2008; x_wconf 90' lang='lat' dir='ltr'><strong>super</strong></span> <span class='ocrx_word' id='word_1_289' title='bbox 3362 1951 3482 1990; x_wconf 54' lang='lat' dir='ltr'><strong>oms</strong></span> 
     </span>
    </p>
   </div>
   <div class='ocr_carea' id='block_1_46' title="bbox 1895 2045 2177 2100">
    <p class='ocr_par' dir='ltr' id='par_1_46' title="bbox 1895 2045 2177 2100">
     <span class='ocr_line' id='line_1_47' title="bbox 1895 2045 2177 2100; baseline 0 0"><span class='ocrx_word' id='word_1_290' title='bbox 1895 2046 1986 2100; x_wconf 90' lang='lat' dir='ltr'><strong>nia</strong></span> <span class='ocrx_word' id='word_1_291' title='bbox 2014 2045 2177 2100; x_wconf 88' lang='lat' dir='ltr'><strong>Deus.</strong></span> 
     </span>
    </p>
   </div>
   <div class='ocr_carea' id='block_1_47' title="bbox 1969 2151 3488 2240">
    <p class='ocr_par' dir='ltr' id='par_1_47' title="bbox 1969 2151 3488 2240">
     <span class='ocr_line' id='line_1_48' title="bbox 1969 2151 3488 2240; baseline -0.016 -12"><span class='ocrx_word' id='word_1_292' title='bbox 1969 2173 2074 2240; x_wconf 86' lang='lat' dir='ltr'><strong>Qui</strong></span> <span class='ocrx_word' id='word_1_293' title='bbox 2112 2171 2377 2237; x_wconf 83' lang='lat' dir='ltr'><strong>suauis,et</strong></span> <span class='ocrx_word' id='word_1_294' title='bbox 2401 2168 2456 2222; x_wconf 85' lang='lat' dir='ltr'><strong>in</strong></span> <span class='ocrx_word' id='word_1_295' title='bbox 2475 2164 2783 2237; x_wconf 82' lang='lat' dir='ltr'><strong>indigentia,</strong></span> <span class='ocrx_word' id='word_1_296' title='bbox 2807 2157 3128 2216; x_wconf 85' lang='lat' dir='ltr'><strong>insensibilis</strong></span> <span class='ocrx_word' id='word_1_297' title='bbox 3154 2155 3274 2210; x_wconf 80' lang='lat' dir='ltr'><strong>erit.</strong></span> <span class='ocrx_word' id='word_1_298' title='bbox 3306 2151 3488 2208; x_wconf 78' lang='lat' dir='ltr'><strong>Mollis</strong></span> 
     </span>
    </p>
   </div>
   <div class='ocr_carea' id='block_1_48' title="bbox 1898 2246 3356 2321">
    <p class='ocr_par' dir='ltr' id='par_1_48' title="bbox 1898 2246 3356 2321">
     <span class='ocr_line' id='line_1_49' title="bbox 1898 2246 3356 2321; baseline -0.016 0"><span class='ocrx_word' id='word_1_299' title='bbox 1898 2273 1952 2321; x_wconf 89' lang='lat' dir='ltr'><strong>et</strong></span> <span class='ocrx_word' id='word_1_300' title='bbox 1972 2264 2041 2320; x_wconf 91' lang='lat' dir='ltr'><strong>de</strong></span> <span class='ocrx_word' id='word_1_301' title='bbox 2070 2277 2200 2321; x_wconf 89' lang='lat' dir='ltr'><strong>vero</strong></span> <span class='ocrx_word' id='word_1_302' title='bbox 2225 2262 2370 2316; x_wconf 88' lang='lat' dir='ltr'><strong>bono</strong></span> <span class='ocrx_word' id='word_1_303' title='bbox 2399 2274 2510 2315; x_wconf 85' lang='lat' dir='ltr'><strong>non</strong></span> <span class='ocrx_word' id='word_1_304' title='bbox 2542 2257 2822 2320; x_wconf 87' lang='lat' dir='ltr'><strong>laborans,</strong></span> <span class='ocrx_word' id='word_1_305' title='bbox 2853 2253 2952 2308; x_wconf 91' lang='lat' dir='ltr'><strong>illo</strong></span> <span class='ocrx_word' id='word_1_306' title='bbox 2975 2246 3356 2306; x_wconf 83' lang='lat' dir='ltr'><strong>lrustrabitur.</strong></span> 
     </span>
    </p>
   </div>
   <div class='ocr_carea' id='block_1_49' title="bbox 1972 2467 3478 2542">
    <p class='ocr_par' dir='ltr' id='par_1_49' title="bbox 1972 2467 3478 2542">
     <span class='ocr_line' id='line_1_50' title="bbox 1972 2467 3478 2542; baseline -0.013 -9"><span class='ocrx_word' id='word_1_307' title='bbox 1972 2477 2142 2533; x_wconf 77' lang='lat' dir='ltr'><strong>Vens.</strong></span> <span class='ocrx_word' id='word_1_308' title='bbox 2181 2477 2274 2533; x_wconf 72' lang='grc' dir='ltr'>ει.</span> <span class='ocrx_word' id='word_1_309' title='bbox 2331 2475 2542 2533; x_wconf 84' lang='lat' dir='ltr'><strong>Corona</strong></span> <span class='ocrx_word' id='word_1_310' title='bbox 2591 2473 2939 2542; x_wconf 85' lang='lat' dir='ltr'><strong>sapientium,</strong></span> <span class='ocrx_word' id='word_1_311' title='bbox 2995 2467 3197 2522; x_wconf 65' lang='lat' dir='ltr'><strong>divitiae</strong></span> <span class='ocrx_word' id='word_1_312' title='bbox 3273 2478 3478 2518; x_wconf 86' lang='lat' dir='ltr'><strong>eorum.</strong></span> 
     </span>
    </p>
   </div>
   <div class='ocr_carea' id='block_1_50' title="bbox 1901 2553 3508 2638">
    <p class='ocr_par' dir='ltr' id='par_1_50' title="bbox 1901 2553 3508 2638">
     <span class='ocr_line' id='line_1_51' title="bbox 1901 2553 3508 2638; baseline -0.012 -13"><span class='ocrx_word' id='word_1_313' title='bbox 1901 2569 2006 2638; x_wconf 81' lang='lat' dir='ltr'><strong>Qui</strong></span> <span class='ocrx_word' id='word_1_314' title='bbox 2045 2568 2190 2624; x_wconf 89' lang='lat' dir='ltr'><strong>enim</strong></span> <span class='ocrx_word' id='word_1_315' title='bbox 2241 2565 2458 2621; x_wconf 86' lang='lat' dir='ltr'><strong>ratione</strong></span> <span class='ocrx_word' id='word_1_316' title='bbox 2512 2579 2642 2620; x_wconf 91' lang='lat' dir='ltr'><strong>suas</strong></span> <span class='ocrx_word' id='word_1_317' title='bbox 2693 2567 2896 2631; x_wconf 81' lang='lat' dir='ltr'><strong>augent</strong></span> <span class='ocrx_word' id='word_1_318' title='bbox 2949 2559 3205 2624; x_wconf 78' lang='lat' dir='ltr'><strong>virtutes,</strong></span> <span class='ocrx_word' id='word_1_319' title='bbox 3259 2555 3342 2609; x_wconf 69' lang='lat' dir='ltr'><strong>ha:</strong></span> <span class='ocrx_word' id='word_1_320' title='bbox 3373 2553 3508 2607; x_wconf 56' lang='lat' dir='ltr'><strong>illis.</strong></span> 
     </span>
    </p>
   </div>
   <div class='ocr_carea' id='block_1_51' title="bbox 1903 2651 3136 2729">
    <p class='ocr_par' dir='ltr' id='par_1_51' title="bbox 1903 2651 3136 2729">
     <span class='ocr_line' id='line_1_52' title="bbox 1903 2651 3136 2729; baseline -0.011 -13"><span class='ocrx_word' id='word_1_321' title='bbox 1903 2658 2382 2716; x_wconf 86' lang='lat' dir='ltr'><strong>immarcescibilis</strong></span> <span class='ocrx_word' id='word_1_322' title='bbox 2410 2655 2596 2729; x_wconf 58' lang='lat' dir='ltr'><strong>gloriae</strong></span> <span class='ocrx_word' id='word_1_323' title='bbox 2625 2668 2832 2710; x_wconf 85' lang='lat' dir='ltr'><strong>corona</strong></span> <span class='ocrx_word' id='word_1_324' title='bbox 2861 2651 3136 2708; x_wconf 87' lang='lat' dir='ltr'><strong>evenient.</strong></span> 
     </span>
    </p>
   </div>
   <div class='ocr_carea' id='block_1_52' title="bbox 1984 2769 3486 2847">
    <p class='ocr_par' dir='ltr' id='par_1_52' title="bbox 1984 2769 3486 2847">
     <span class='ocr_line' id='line_1_53' title="bbox 1984 2769 3486 2847; baseline -0.015 -4"><span class='ocrx_word' id='word_1_325' title='bbox 1984 2787 2202 2843; x_wconf 82' lang='lat' dir='ltr'><strong>Vivendi</strong></span> <span class='ocrx_word' id='word_1_326' title='bbox 2259 2786 2395 2839; x_wconf 80' lang='lat' dir='ltr'><strong>ratio</strong></span> <span class='ocrx_word' id='word_1_327' title='bbox 2451 2784 2772 2847; x_wconf 79' lang='lat' dir='ltr'><strong>stultorum,</strong></span> <span class='ocrx_word' id='word_1_328' title='bbox 2807 2777 2971 2833; x_wconf 89' lang='lat' dir='ltr'><strong>mala.</strong></span> <span class='ocrx_word' id='word_1_329' title='bbox 3029 2775 3124 2830; x_wconf 78' lang='lat' dir='ltr'><strong>Illa</strong></span> <span class='ocrx_word' id='word_1_330' title='bbox 3163 2769 3486 2828; x_wconf 88' lang='lat' dir='ltr'><strong>stolidorum</strong></span> 
     </span>
    </p>
   </div>
   <div class='ocr_carea' id='block_1_53' title="bbox 1904 2865 3486 2948">
    <p class='ocr_par' dir='ltr' id='par_1_53' title="bbox 1904 2865 3486 2948">
     <span class='ocr_line' id='line_1_54' title="bbox 1904 2865 3486 2948; baseline -0.016 -12"><span class='ocrx_word' id='word_1_331' title='bbox 1904 2877 2332 2948; x_wconf 78' lang='lat' dir='ltr'><strong>circumagatio</strong></span> <span class='ocrx_word' id='word_1_332' title='bbox 2364 2877 2420 2930; x_wconf 92' lang='lat' dir='ltr'><strong>in</strong></span> <span class='ocrx_word' id='word_1_333' title='bbox 2442 2875 2598 2932; x_wconf 86' lang='lat' dir='ltr'><strong>vanis</strong></span> <span class='ocrx_word' id='word_1_334' title='bbox 2617 2872 2780 2937; x_wconf 90' lang='lat' dir='ltr'><strong>mala,</strong></span> <span class='ocrx_word' id='word_1_335' title='bbox 2807 2867 2974 2925; x_wconf 87' lang='lat' dir='ltr'><strong>veluti</strong></span> <span class='ocrx_word' id='word_1_336' title='bbox 3006 2865 3073 2919; x_wconf 90' lang='lat' dir='ltr'><strong>ad</strong></span> <span class='ocrx_word' id='word_1_337' title='bbox 3102 2875 3292 2934; x_wconf 65' lang='lat' dir='ltr'><strong>paenae</strong></span> <span class='ocrx_word' id='word_1_338' title='bbox 3321 2868 3486 2914; x_wconf 64' lang='lat' dir='ltr'><strong>aeter-</strong></span> 
     </span>
    </p>
   </div>
   <div class='ocr_carea' id='block_1_54' title="bbox 1905 2979 2214 3028">
    <p class='ocr_par' dir='ltr' id='par_1_54' title="bbox 1905 2979 2214 3028">
     <span class='ocr_line' id='line_1_55' title="bbox 1905 2979 2214 3028; baseline -0.003 -2"><span class='ocrx_word' id='word_1_339' title='bbox 1905 2986 2008 3028; x_wconf 88' lang='lat' dir='ltr'><strong>nas</strong></span> <span class='ocrx_word' id='word_1_340' title='bbox 2042 2979 2214 3026; x_wconf 88' lang='lat' dir='ltr'><strong>actor.</strong></span> 
     </span>
    </p>
   </div>
   <div class='ocr_carea' id='block_1_55' title="bbox 1979 3074 3490 3161">
    <p class='ocr_par' dir='ltr' id='par_1_55' title="bbox 1979 3074 3490 3161">
     <span class='ocr_line' id='line_1_56' title="bbox 1979 3074 3490 3161; baseline -0.014 -13"><span class='ocrx_word' id='word_1_341' title='bbox 1979 3095 2150 3153; x_wconf 73' lang='lat' dir='ltr'><strong>Vens.</strong></span> <span class='ocrx_word' id='word_1_342' title='bbox 2181 3094 2272 3150; x_wconf 87' lang='lat'><strong>25.</strong></span> <span class='ocrx_word' id='word_1_343' title='bbox 2315 3093 2486 3148; x_wconf 87' lang='lat' dir='ltr'><strong>Testis</strong></span> <span class='ocrx_word' id='word_1_344' title='bbox 2528 3091 2704 3161; x_wconf 81' lang='lat' dir='ltr'><strong>ﬁdelis</strong></span> <span class='ocrx_word' id='word_1_345' title='bbox 2742 3086 2947 3141; x_wconf 85' lang='lat' dir='ltr'><strong>animos</strong></span> <span class='ocrx_word' id='word_1_346' title='bbox 2982 3097 3046 3139; x_wconf 76' lang='lat' dir='ltr'><strong>ex</strong></span> <span class='ocrx_word' id='word_1_347' title='bbox 3077 3078 3235 3134; x_wconf 82' lang='lat' dir='ltr'><strong>malis</strong></span> <span class='ocrx_word' id='word_1_348' title='bbox 3283 3074 3490 3142; x_wconf 81' lang='lat' dir='ltr'><strong>eripiet.</strong></span> 
     </span>
    </p>
   </div>
   <div class='ocr_carea' id='block_1_56' title="bbox 227 3164 1800 3263">
    <p class='ocr_par' dir='ltr' id='par_1_56' title="bbox 227 3164 1800 3263">
     <span class='ocr_line' id='line_1_57' title="bbox 227 3164 1800 3263; baseline 0.01 -34"><span class='ocrx_word' id='word_1_349' title='bbox 227 3177 530 3242; x_wconf 80' lang='grc' dir='ltr'>Ἐξελετται</span> <span class='ocrx_word' id='word_1_350' title='bbox 580 3179 760 3252; x_wconf 81' lang='grc' dir='ltr'>ψυχὰς</span> <span class='ocrx_word' id='word_1_351' title='bbox 811 3183 920 3238; x_wconf 86' lang='grc' dir='ltr'><strong>άπὸ</strong></span> <span class='ocrx_word' id='word_1_352' title='bbox 973 3164 1344 3258; x_wconf 38' lang='grc' dir='ltr'>ἁμαρτιῶνξὸ</span> <span class='ocrx_word' id='word_1_353' title='bbox 1380 3164 1476 3242; x_wconf 73' lang='grc' dir='ltr'><strong>τὸν</strong></span> <span class='ocrx_word' id='word_1_354' title='bbox 1533 3191 1630 3260; x_wconf 84' lang='grc' dir='ltr'>τῆς</span> <span class='ocrx_word' id='word_1_355' title='bbox 1670 3164 1800 3263; x_wconf 81' lang='grc' dir='ltr'>ἁλη-</span> 
     </span>
    </p>
   </div>
   <div class='ocr_carea' id='block_1_57' title="bbox 1926 3164 3515 3263">
    <p class='ocr_par' dir='ltr' id='par_1_57' title="bbox 1979 3164 3515 3254">
     <span class='ocr_line' id='line_1_58' title="bbox 1979 3164 3515 3254; baseline -0.016 -11"><span class='ocrx_word' id='word_1_356' title='bbox 1979 3189 2209 3243; x_wconf 81' lang='lat' dir='ltr'><strong>Animos</strong></span> <span class='ocrx_word' id='word_1_357' title='bbox 2239 3202 2268 3242; x_wconf 90' lang='lat' dir='ltr'><strong>a</strong></span> <span class='ocrx_word' id='word_1_358' title='bbox 2294 3185 2534 3254; x_wconf 86' lang='lat' dir='ltr'><strong>peccatis</strong></span> <span class='ocrx_word' id='word_1_359' title='bbox 2565 3189 2741 3246; x_wconf 88' lang='lat' dir='ltr'><strong>eruet,</strong></span> <span class='ocrx_word' id='word_1_360' title='bbox 2771 3179 2866 3250; x_wconf 90' lang='lat' dir='ltr'><strong>qui</strong></span> <span class='ocrx_word' id='word_1_361' title='bbox 2907 3179 3066 3232; x_wconf 90' lang='lat' dir='ltr'><strong>docet</strong></span> <span class='ocrx_word' id='word_1_362' title='bbox 3098 3171 3323 3228; x_wconf 84' lang='lat' dir='ltr'><strong>verbum</strong></span> <span class='ocrx_word' id='word_1_363' title='bbox 3358 3164 3515 3222; x_wconf 81' lang='lat' dir='ltr'><strong>veri--</strong></span> 
     </span>
    </p>
   </div>
   <div class='ocr_carea' id='block_1_58' title="bbox 213 3268 1803 3351">
    <p class='ocr_par' dir='ltr' id='par_1_58' title="bbox 213 3268 1803 3351">
     <span class='ocr_line' id='line_1_59' title="bbox 213 3268 1803 3351; baseline 0.009 -30"><span class='ocrx_word' id='word_1_364' title='bbox 213 3268 366 3333; x_wconf 88' lang='grc' dir='ltr'>θείας</span> <span class='ocrx_word' id='word_1_365' title='bbox 405 3268 564 3340; x_wconf 86' lang='grc' dir='ltr'>λόγον</span> <span class='ocrx_word' id='word_1_366' title='bbox 599 3273 886 3341; x_wconf 82' lang='grc' dir='ltr'>διδάσκων,</span> <span class='ocrx_word' id='word_1_367' title='bbox 919 3277 1016 3331; x_wconf 65' lang='grc' dir='ltr'><strong>καὶ¹</strong></span> <span class='ocrx_word' id='word_1_368' title='bbox 1047 3279 1238 3333; x_wconf 86' lang='grc' dir='ltr'>τοῦτον</span> <span class='ocrx_word' id='word_1_369' title='bbox 1277 3280 1338 3346; x_wconf 80' lang='grc' dir='ltr'>ἐξ</span> <span class='ocrx_word' id='word_1_370' title='bbox 1368 3281 1544 3351; x_wconf 78' lang='grc' dir='ltr'>ἔργων</span> <span class='ocrx_word' id='word_1_371' title='bbox 1577 3285 1803 3338; x_wconf 79' lang='grc' dir='ltr'>πιστοῦ·-</span> 
     </span>
    </p>
   </div>
   <div class='ocr_carea' id='block_1_59' title="bbox 210 3375 398 3426">
    <p class='ocr_par' dir='ltr' id='par_1_59' title="bbox 210 3375 398 3426">
     <span class='ocr_line' id='line_1_60' title="bbox 210 3375 398 3426; baseline 0.011 -16"><span class='ocrx_word' id='word_1_372' title='bbox 210 3375 398 3426; x_wconf 88' lang='grc' dir='ltr'>μενος.</span> 
     </span>
    </p>
   </div>
   <div class='ocr_carea' id='block_1_60' title="bbox 244 3497 1805 3598">
    <p class='ocr_par' dir='ltr' id='par_1_60' title="bbox 244 3497 1805 3598">
     <span class='ocr_line' id='line_1_61' title="bbox 244 3497 1805 3598; baseline 0.013 -49"><span class='ocrx_word' id='word_1_373' title='bbox 244 3585 269 3598; x_wconf 31' lang='grc' dir='ltr'><strong>θ</strong></span> <span class='ocrx_word' id='word_1_374' title='bbox 288 3497 564 3598; x_wconf 55' lang='lat' dir='ltr'><strong>Tmen-let</strong></span> <span class='ocrx_word' id='word_1_375' title='bbox 584 3501 675 3598; x_wconf 66' lang='grc' dir='ltr'><strong>⁸δὲ</strong></span> <span class='ocrx_word' id='word_1_376' title='bbox 706 3503 905 3572; x_wconf 76' lang='grc' dir='ltr'>ψευδῆ</span> <span class='ocrx_word' id='word_1_377' title='bbox 934 3506 1161 3573; x_wconf 78' lang='grc' dir='ltr'>δόλιος.</span> <span class='ocrx_word' id='word_1_378' title='bbox 1226 3510 1549 3576; x_wconf 80' lang='grc' dir='ltr'>Ἑξανάπτει</span> <span class='ocrx_word' id='word_1_379' title='bbox 1601 3515 1660 3568; x_wconf 84' lang='grc' dir='ltr'>δὲ</span> <span class='ocrx_word' id='word_1_380' title='bbox 1704 3515 1805 3588; x_wconf 82' lang='grc' dir='ltr'><strong>τὴν</strong></span> 
     </span>
    </p>
   </div>
   <div class='ocr_carea' id='block_1_61' title="bbox 197 3590 1807 3672">
    <p class='ocr_par' dir='ltr' id='par_1_61' title="bbox 197 3590 1807 3672">
     <span class='ocr_line' id='line_1_62' title="bbox 197 3590 1807 3672; baseline 0.014 -34"><span class='ocrx_word' id='word_1_381' title='bbox 197 3590 310 3639; x_wconf 89' lang='grc' dir='ltr'><strong>τῶν</strong></span> <span class='ocrx_word' id='word_1_382' title='bbox 333 3590 545 3643; x_wconf 76' lang='grc' dir='ltr'>ποιθῶν</span> <span class='ocrx_word' id='word_1_383' title='bbox 572 3591 862 3666; x_wconf 78' lang='grc' dir='ltr'>ἀπατηλήν</span> <span class='ocrx_word' id='word_1_384' title='bbox 884 3597 1135 3667; x_wconf 81' lang='grc' dir='ltr'>κάμινον,</span> <span class='ocrx_word' id='word_1_385' title='bbox 1160 3602 1188 3654; x_wconf 82' lang='grc' dir='ltr'>ὁ</span> <span class='ocrx_word' id='word_1_386' title='bbox 1209 3605 1562 3672; x_wconf 82' lang='grc' dir='ltr'>προσχήματι</span> <span class='ocrx_word' id='word_1_387' title='bbox 1585 3605 1681 3660; x_wconf 88' lang='grc' dir='ltr'><strong>τοῦ</strong></span> <span class='ocrx_word' id='word_1_388' title='bbox 1706 3624 1807 3660; x_wconf 86' lang='grc' dir='ltr'>κα-</span> 
     </span>
    </p>
   </div>
   <div class='ocr_carea' id='block_1_62' title="bbox 196 3679 1806 3770">
    <p class='ocr_par' dir='ltr' id='par_1_62' title="bbox 196 3679 1806 3770">
     <span class='ocr_line' id='line_1_63' title="bbox 196 3679 1806 3770; baseline 0.014 -39"><span class='ocrx_word' id='word_1_389' title='bbox 196 3679 294 3732; x_wconf 87' lang='grc' dir='ltr'><strong>λοῦ</strong></span> <span class='ocrx_word' id='word_1_390' title='bbox 326 3682 735 3755; x_wconf 74' lang='grc' dir='ltr'>προτιθέμενος</span> <span class='ocrx_word' id='word_1_391' title='bbox 752 3687 813 3741; x_wconf 84' lang='grc' dir='ltr'><strong>τὸ</strong></span> <span class='ocrx_word' id='word_1_392' title='bbox 834 3689 1098 3756; x_wconf 88' lang='grc' dir='ltr'>ἐναντίον,</span> <span class='ocrx_word' id='word_1_393' title='bbox 1131 3694 1228 3747; x_wconf 64' lang='grc' dir='ltr'><strong>καὶ⁸</strong></span> <span class='ocrx_word' id='word_1_394' title='bbox 1254 3695 1380 3759; x_wconf 83' lang='grc' dir='ltr'>τοὺς</span> <span class='ocrx_word' id='word_1_395' title='bbox 1403 3696 1806 3770; x_wconf 85' lang='grc' dir='ltr'>ἀφελεστέρους</span> 
     </span>
    </p>
   </div>
   <div class='ocr_carea' id='block_1_63' title="bbox 197 3771 1210 3851">
    <p class='ocr_par' dir='ltr' id='par_1_63' title="bbox 197 3771 1210 3851">
     <span class='ocr_line' id='line_1_64' title="bbox 197 3771 1210 3851; baseline 0.014 -28"><span class='ocrx_word' id='word_1_396' title='bbox 197 3771 386 3825; x_wconf 82' lang='grc' dir='ltr'>αὐτῶν</span> <span class='ocrx_word' id='word_1_397' title='bbox 427 3772 719 3840; x_wconf 77' lang='grc' dir='ltr'>ἐξαπατῶν</span> <span class='ocrx_word' id='word_1_398' title='bbox 745 3778 854 3832; x_wconf 87' lang='grc' dir='ltr'><strong>τῶν</strong></span> <span class='ocrx_word' id='word_1_399' title='bbox 884 3779 1210 3851; x_wconf 84' lang='grc' dir='ltr'>ἀνθρώπων.</span> 
     </span>
    </p>
   </div>
   <div class='ocr_carea' id='block_1_64' title="bbox 279 3900 1804 3980">
    <p class='ocr_par' dir='ltr' id='par_1_64' title="bbox 279 3900 1804 3980">
     <span class='ocr_line' id='line_1_65' title="bbox 279 3900 1804 3980; baseline 0.014 -31"><span class='ocrx_word' id='word_1_400' title='bbox 279 3904 398 3963; x_wconf 83' lang='grc' dir='ltr'>κς¹.</span> <span class='ocrx_word' id='word_1_401' title='bbox 449 3900 547 3954; x_wconf 82' lang='grc' dir='ltr'>Ἐν</span> <span class='ocrx_word' id='word_1_402' title='bbox 585 3902 749 3971; x_wconf 76' lang='grc' dir='ltr'><strong>φόϐῳ</strong></span> <span class='ocrx_word' id='word_1_403' title='bbox 783 3905 1027 3974; x_wconf 85' lang='grc' dir='ltr'>Κυρίου,</span> <span class='ocrx_word' id='word_1_404' title='bbox 1059 3907 1237 3974; x_wconf 75' lang='grc' dir='ltr'>ἐλπὶς</span> <span class='ocrx_word' id='word_1_405' title='bbox 1286 3911 1518 3980; x_wconf 82' lang='grc' dir='ltr'>ἰσχύος.</span> <span class='ocrx_word' id='word_1_406' title='bbox 1570 3914 1657 3966; x_wconf 87' lang='grc' dir='ltr'>Ἐν</span> <span class='ocrx_word' id='word_1_407' title='bbox 1693 3918 1804 3980; x_wconf 85' lang='grc' dir='ltr'>τοῖς</span> 
     </span>
    </p>
   </div>
   <div class='ocr_carea' id='block_1_65' title="bbox 207 3987 1801 4070">
    <p class='ocr_par' dir='ltr' id='par_1_65' title="bbox 207 3987 1801 4070">
     <span class='ocr_line' id='line_1_66' title="bbox 207 3987 1801 4070; baseline 0.011 -30"><span class='ocrx_word' id='word_1_408' title='bbox 207 3987 299 4041; x_wconf 82' lang='grc' dir='ltr'><strong>διὰ</strong></span> <span class='ocrx_word' id='word_1_409' title='bbox 328 3988 570 4054; x_wconf 88' lang='grc' dir='ltr'>πίστεως</span> <span class='ocrx_word' id='word_1_410' title='bbox 595 3991 674 4062; x_wconf 85' lang='grc' dir='ltr'>τῷ</span> <span class='ocrx_word' id='word_1_411' title='bbox 707 3993 857 4064; x_wconf 79' lang='grc' dir='ltr'>φόϐῳ</span> <span class='ocrx_word' id='word_1_412' title='bbox 893 3995 1100 4065; x_wconf 86' lang='grc' dir='ltr'>Κυρίου</span> <span class='ocrx_word' id='word_1_413' title='bbox 1129 3998 1445 4054; x_wconf 83' lang='grc' dir='ltr'>ἐκκλίνασιν</span> <span class='ocrx_word' id='word_1_414' title='bbox 1473 4003 1582 4055; x_wconf 81' lang='grc' dir='ltr'>ἀπὸ</span> <span class='ocrx_word' id='word_1_415' title='bbox 1607 4005 1801 4070; x_wconf 87' lang='grc' dir='ltr'>κακοῦ,</span> 
     </span>
    </p>
   </div>
   <div class='ocr_carea' id='block_1_66' title="bbox 211 4078 1806 4165">
    <p class='ocr_par' dir='ltr' id='par_1_66' title="bbox 211 4078 1806 4165">
     <span class='ocr_line' id='line_1_67' title="bbox 211 4078 1806 4165; baseline 0.013 -36"><span class='ocrx_word' id='word_1_416' title='bbox 211 4078 374 4141; x_wconf 63' lang='grc' dir='ltr'>ἐλπὶς</span> <span class='ocrx_word' id='word_1_417' title='bbox 422 4079 715 4148; x_wconf 83' lang='grc' dir='ltr'>ὑφίσταται</span> <span class='ocrx_word' id='word_1_418' title='bbox 752 4083 954 4154; x_wconf 73' lang='grc' dir='ltr'>ἰσχύος,</span> <span class='ocrx_word' id='word_1_419' title='bbox 1001 4085 1101 4156; x_wconf 84' lang='grc' dir='ltr'>τῆς</span> <span class='ocrx_word' id='word_1_420' title='bbox 1136 4086 1246 4141; x_wconf 88' lang='grc' dir='ltr'><strong>τῶν</strong></span> <span class='ocrx_word' id='word_1_421' title='bbox 1293 4087 1454 4142; x_wconf 87' lang='grc' dir='ltr'>θείων</span> <span class='ocrx_word' id='word_1_422' title='bbox 1511 4095 1806 4165; x_wconf 82' lang='grc' dir='ltr'>ποιητικῆς</span> 
     </span>
    </p>
   </div>
   <div class='ocr_carea' id='block_1_67' title="bbox 208 4169 1806 4244">
    <p class='ocr_par' dir='ltr' id='par_1_67' title="bbox 208 4169 1806 4244">
     <span class='ocr_line' id='line_1_68' title="bbox 208 4169 1806 4244; baseline 0.01 -22"><span class='ocrx_word' id='word_1_423' title='bbox 208 4169 482 4222; x_wconf 79' lang='grc' dir='ltr'>ἐντολῶνο</span> <span class='ocrx_word' id='word_1_424' title='bbox 536 4172 676 4239; x_wconf 83' lang='grc' dir='ltr'>μετὰ</span> <span class='ocrx_word' id='word_1_425' title='bbox 730 4173 837 4242; x_wconf 84' lang='grc' dir='ltr'><strong>γὰρ</strong></span> <span class='ocrx_word' id='word_1_426' title='bbox 887 4174 950 4227; x_wconf 89' lang='grc' dir='ltr'><strong>τὸ</strong></span> <span class='ocrx_word' id='word_1_427' title='bbox 991 4175 1238 4231; x_wconf 77' lang='grc' dir='ltr'>ἐκκλῖναι</span> <span class='ocrx_word' id='word_1_428' title='bbox 1277 4179 1513 4244; x_wconf 61' lang='grc' dir='ltr'>τούτους,</span> <span class='ocrx_word' id='word_1_429' title='bbox 1546 4182 1654 4236; x_wconf 86' lang='grc' dir='ltr'>ἀπὸ</span> <span class='ocrx_word' id='word_1_430' title='bbox 1704 4202 1806 4237; x_wconf 83' lang='grc' dir='ltr'>κα-</span> 
     </span>
    </p>
   </div>
   <div class='ocr_carea' id='block_1_68' title="bbox 207 4255 1805 4343">
    <p class='ocr_par' dir='ltr' id='par_1_68' title="bbox 207 4255 1805 4343">
     <span class='ocr_line' id='line_1_69' title="bbox 207 4255 1805 4343; baseline 0.011 -31"><span class='ocrx_word' id='word_1_431' title='bbox 207 4257 335 4323; x_wconf 87' lang='grc' dir='ltr'>κοῦ,</span> <span class='ocrx_word' id='word_1_432' title='bbox 381 4255 472 4312; x_wconf 75' lang='grc' dir='ltr'>οἷα</span> <span class='ocrx_word' id='word_1_433' title='bbox 517 4259 758 4325; x_wconf 84' lang='grc' dir='ltr'>δούλους,</span> <span class='ocrx_word' id='word_1_434' title='bbox 802 4264 884 4334; x_wconf 82' lang='grc' dir='ltr'>τῷ</span> <span class='ocrx_word' id='word_1_435' title='bbox 943 4264 1052 4317; x_wconf 89' lang='grc' dir='ltr'><strong>τῶν</strong></span> <span class='ocrx_word' id='word_1_436' title='bbox 1093 4265 1375 4322; x_wconf 84' lang='grc' dir='ltr'>κολάσεων</span> <span class='ocrx_word' id='word_1_437' title='bbox 1420 4271 1593 4343; x_wconf 78' lang='grc' dir='ltr'>φόϐῳ,</span> <span class='ocrx_word' id='word_1_438' title='bbox 1628 4278 1805 4330; x_wconf 86' lang='grc' dir='ltr'>ποιεῖν</span> 
     </span>
    </p>
   </div>
   <div class='ocr_carea' id='block_1_69' title="bbox 206 4349 1806 4497">
    <p class='ocr_par' dir='ltr' id='par_1_69' title="bbox 206 4349 1806 4497">
     <span class='ocr_line' id='line_1_70' title="bbox 206 4349 1806 4497; baseline 0.011 -94"><span class='ocrx_word' id='word_1_439' title='bbox 206 4351 363 4497; x_wconf 48' lang='lat' dir='ltr'><strong>Et?</strong></span> <span class='ocrx_word' id='word_1_440' title='bbox 384 4349 592 4419; x_wconf 78' lang='grc' dir='ltr'>ἀγαθὸν</span> <span class='ocrx_word' id='word_1_441' title='bbox 615 4353 690 4417; x_wconf 84' lang='grc' dir='ltr'><strong>ὡς</strong></span> <span class='ocrx_word' id='word_1_442' title='bbox 717 4355 984 4424; x_wconf 87' lang='grc' dir='ltr'>μισθίους,</span> <span class='ocrx_word' id='word_1_443' title='bbox 1015 4359 1082 4428; x_wconf 77' lang='grc' dir='ltr'>τῇ</span> <span class='ocrx_word' id='word_1_444' title='bbox 1107 4358 1216 4414; x_wconf 88' lang='grc' dir='ltr'><strong>τῶν</strong></span> <span class='ocrx_word' id='word_1_445' title='bbox 1243 4360 1552 4431; x_wconf 86' lang='grc' dir='ltr'>μελλόντων</span> <span class='ocrx_word' id='word_1_446' title='bbox 1581 4365 1806 4433; x_wconf 83' lang='grc' dir='ltr'>ἀγαθῶν</span> 
     </span>
     <span class='ocr_line' id='line_1_71' title="bbox 275 4445 422 4497; baseline 0 0"><span class='ocrx_word' id='word_1_447' title='bbox 275 4463 316 4497; x_wconf 92' lang='grc' dir='ltr'><strong>π</strong></span> <span class='ocrx_word' id='word_1_448' title='bbox 343 4445 422 4497; x_wconf 87' lang='grc' dir='ltr'>δι.</span> 
     </span>
    </p>
   </div>
   <div class='ocr_carea' id='block_1_70' title="bbox 275 4445 422 4500">
    <p class='ocr_par' dir='ltr' id='par_1_70' title="bbox 275 4445 422 4500">
     <span class='ocr_line' id='line_1_72' title="bbox 275 4445 422 4500; baseline 0.014 -2"><span class='ocrx_word' id='word_1_449' title='bbox 275 4445 422 4500; x_wconf 87' lang='grc' dir='ltr'>πίδι.</span> 
     </span>
    </p>
   </div>
   <div class='ocr_carea' id='block_1_71' title="bbox 285 4589 1811 4670">
    <p class='ocr_par' dir='ltr' id='par_1_71' title="bbox 285 4589 1811 4670">
     <span class='ocr_line' id='line_1_73' title="bbox 285 4589 1811 4670; baseline 0.01 -28"><span class='ocrx_word' id='word_1_450' title='bbox 285 4589 426 4656; x_wconf 85' lang='grc' dir='ltr'>Τοῖς</span> <span class='ocrx_word' id='word_1_451' title='bbox 475 4589 546 4643; x_wconf 82' lang='grc' dir='ltr'>δὲ</span> <span class='ocrx_word' id='word_1_452' title='bbox 602 4589 883 4645; x_wconf 84' lang='grc' dir='ltr'>τέκτοσιν</span> <span class='ocrx_word' id='word_1_453' title='bbox 911 4591 1193 4666; x_wconf 80' lang='grc' dir='ltr'>[τέκνοις]</span> <span class='ocrx_word' id='word_1_454' title='bbox 1231 4597 1418 4651; x_wconf 85' lang='grc' dir='ltr'>αὐτοῦ</span> <span class='ocrx_word' id='word_1_455' title='bbox 1461 4601 1811 4670; x_wconf 71' lang='grc' dir='ltr'>καταλείψει</span> 
     </span>
    </p>
   </div>
   <div class='ocr_carea' id='block_1_72' title="bbox 206 4681 1810 4766">
    <p class='ocr_par' dir='ltr' id='par_1_72' title="bbox 206 4681 1810 4766">
     <span class='ocr_line' id='line_1_74' title="bbox 206 4681 1810 4766; baseline 0.008 -32"><span class='ocrx_word' id='word_1_456' title='bbox 206 4681 469 4751; x_wconf 78' lang='grc' dir='ltr'>ἔρεισμα</span> <span class='ocrx_word' id='word_1_457' title='bbox 494 4681 757 4751; x_wconf 77' lang='grc' dir='ltr'>εἰρήνης.</span> <span class='ocrx_word' id='word_1_458' title='bbox 793 4685 915 4748; x_wconf 90' lang='grc' dir='ltr'>Τοῖς</span> <span class='ocrx_word' id='word_1_459' title='bbox 937 4684 993 4738; x_wconf 86' lang='grc' dir='ltr'>δὲ</span> <span class='ocrx_word' id='word_1_460' title='bbox 1020 4685 1344 4758; x_wconf 76' lang='grc' dir='ltr'>ἠξιωμένοις</span> <span class='ocrx_word' id='word_1_461' title='bbox 1373 4688 1441 4742; x_wconf 86' lang='grc' dir='ltr'>δι’</span> <span class='ocrx_word' id='word_1_462' title='bbox 1465 4691 1685 4761; x_wconf 82' lang='grc' dir='ltr'>ἀγάπης</span> <span class='ocrx_word' id='word_1_463' title='bbox 1713 4695 1810 4766; x_wconf 82' lang='grc' dir='ltr'><strong>τῆς</strong></span> 
     </span>
    </p>
   </div>
   <div class='ocr_carea' id='block_1_73' title="bbox 205 4773 1814 4858">
    <p class='ocr_par' dir='ltr' id='par_1_73' title="bbox 205 4773 1814 4858">
     <span class='ocr_line' id='line_1_75' title="bbox 205 4773 1814 4858; baseline 0.007 -31"><span class='ocrx_word' id='word_1_464' title='bbox 205 4773 307 4827; x_wconf 85' lang='grc' dir='ltr'><strong>τοῦ</strong></span> <span class='ocrx_word' id='word_1_465' title='bbox 378 4773 587 4844; x_wconf 83' lang='grc' dir='ltr'>Κυρίου</span> <span class='ocrx_word' id='word_1_466' title='bbox 658 4775 932 4839; x_wconf 75' lang='grc' dir='ltr'>υἱοθεσίας</span> <span class='ocrx_word' id='word_1_467' title='bbox 991 4777 1152 4842; x_wconf 84' lang='grc' dir='ltr'>αὐτὸς</span> <span class='ocrx_word' id='word_1_468' title='bbox 1209 4783 1482 4854; x_wconf 83' lang='grc' dir='ltr'>ἐπαφήσει</span> <span class='ocrx_word' id='word_1_469' title='bbox 1536 4785 1565 4837; x_wconf 87' lang='grc' dir='ltr'><strong>ὀ</strong></span> <span class='ocrx_word' id='word_1_470' title='bbox 1606 4785 1814 4858; x_wconf 80' lang='grc' dir='ltr'>Κύριος</span> 
     </span>
    </p>
   </div>
   <div class='ocr_carea' id='block_1_74' title="bbox 205 4865 1246 4943">
    <p class='ocr_par' dir='ltr' id='par_1_74' title="bbox 205 4865 1246 4943">
     <span class='ocr_line' id='line_1_76' title="bbox 205 4865 1246 4943; baseline 0.007 -23"><span class='ocrx_word' id='word_1_471' title='bbox 205 4866 309 4938; x_wconf 80' lang='grc' dir='ltr'>τὴν</span> <span class='ocrx_word' id='word_1_472' title='bbox 341 4865 633 4937; x_wconf 76' lang='grc' dir='ltr'>άτρεψίαν,</span> <span class='ocrx_word' id='word_1_473' title='bbox 654 4868 922 4933; x_wconf 85' lang='grc' dir='ltr'>ἀπαθείας</span> <span class='ocrx_word' id='word_1_474' title='bbox 944 4869 1246 4943; x_wconf 82' lang='grc' dir='ltr'>ἑδραίωμα.</span> 
     </span>
    </p>
   </div>
   <div class='ocr_carea' id='block_1_75' title="bbox 281 5011 1811 5084">
    <p class='ocr_par' dir='ltr' id='par_1_75' title="bbox 281 5011 1811 5084">
     <span class='ocr_line' id='line_1_77' title="bbox 281 5011 1811 5084; baseline 0.005 -18"><span class='ocrx_word' id='word_1_475' title='bbox 281 5011 392 5076; x_wconf 79' lang='grc' dir='ltr'><strong>κζ’.</strong></span> <span class='ocrx_word' id='word_1_476' title='bbox 433 5011 620 5078; x_wconf 83' lang='grc' dir='ltr'>Φόϐος</span> <span class='ocrx_word' id='word_1_477' title='bbox 645 5013 890 5080; x_wconf 81' lang='grc' dir='ltr'>Κυρίου,</span> <span class='ocrx_word' id='word_1_478' title='bbox 925 5013 1090 5084; x_wconf 73' lang='grc' dir='ltr'>πηγὴ</span> <span class='ocrx_word' id='word_1_479' title='bbox 1121 5014 1271 5084; x_wconf 77' lang='grc' dir='ltr'>ζωῆς</span> <span class='ocrx_word' id='word_1_480' title='bbox 1290 5032 1303 5048; x_wconf 78' lang='grc' dir='ltr'><strong>ο</strong></span> <span class='ocrx_word' id='word_1_481' title='bbox 1329 5017 1491 5072; x_wconf 83' lang='grc' dir='ltr'>ποιεῖ</span> <span class='ocrx_word' id='word_1_482' title='bbox 1511 5018 1581 5072; x_wconf 86' lang='grc' dir='ltr'>δὲ</span> <span class='ocrx_word' id='word_1_483' title='bbox 1601 5019 1811 5077; x_wconf 67' lang='grc' dir='ltr'>ἐκκλί-</span> 
     </span>
    </p>
   </div>
   <div class='ocr_carea' id='block_1_76' title="bbox 207 5103 1813 5179">
    <p class='ocr_par' dir='ltr' id='par_1_76' title="bbox 207 5103 1813 5179">
     <span class='ocr_line' id='line_1_78' title="bbox 207 5103 1813 5179; baseline 0.004 -21"><span class='ocrx_word' id='word_1_484' title='bbox 207 5120 346 5158; x_wconf 86' lang='grc' dir='ltr'>νειν</span> <span class='ocrx_word' id='word_1_485' title='bbox 407 5103 480 5157; x_wconf 81' lang='grc' dir='ltr'><strong>ἐκ</strong></span> <span class='ocrx_word' id='word_1_486' title='bbox 529 5103 782 5174; x_wconf 72' lang='grc' dir='ltr'>παγίδος</span> <span class='ocrx_word' id='word_1_487' title='bbox 834 5105 1116 5161; x_wconf 81' lang='grc' dir='ltr'>θανάτου.</span> <span class='ocrx_word' id='word_1_488' title='bbox 1182 5107 1240 5162; x_wconf 80' lang='grc'><strong>’0</strong></span> <span class='ocrx_word' id='word_1_489' title='bbox 1289 5108 1432 5173; x_wconf 84' lang='grc' dir='ltr'>θεῖος</span> <span class='ocrx_word' id='word_1_490' title='bbox 1497 5110 1661 5179; x_wconf 77' lang='grc' dir='ltr'>φόϐος</span> <span class='ocrx_word' id='word_1_491' title='bbox 1701 5111 1813 5165; x_wconf 86' lang='grc' dir='ltr'><strong>τῶν</strong></span> 
     </span>
    </p>
   </div>
   <div class='ocr_carea' id='block_1_77' title="bbox 209 5194 1809 5274">
    <p class='ocr_par' dir='ltr' id='par_1_77' title="bbox 209 5194 1809 5274">
     <span class='ocr_line' id='line_1_79' title="bbox 209 5194 1809 5274; baseline 0.005 -25"><span class='ocrx_word' id='word_1_492' title='bbox 209 5194 506 5265; x_wconf 77' lang='grc' dir='ltr'>ζωογόνων</span> <span class='ocrx_word' id='word_1_493' title='bbox 535 5194 640 5264; x_wconf 85' lang='grc' dir='ltr'>τῆς</span> <span class='ocrx_word' id='word_1_494' title='bbox 667 5197 1081 5266; x_wconf 86' lang='grc' dir='ltr'>νενεκρωμένης</span> <span class='ocrx_word' id='word_1_495' title='bbox 1102 5201 1168 5270; x_wconf 80' lang='grc' dir='ltr'>τῇ</span> <span class='ocrx_word' id='word_1_496' title='bbox 1195 5199 1443 5271; x_wconf 70' lang='grc' dir='ltr'>ἁμαρτίᾳ.</span> <span class='ocrx_word' id='word_1_497' title='bbox 1470 5203 1644 5274; x_wconf 76' lang='grc' dir='ltr'>ψυχῆς</span> <span class='ocrx_word' id='word_1_498' title='bbox 1668 5203 1809 5257; x_wconf 80' lang='grc' dir='ltr'>ἐπτά</span> 
     </span>
    </p>
   </div>
   <div class='ocr_carea' id='block_1_78' title="bbox 209 5286 1812 5366">
    <p class='ocr_par' dir='ltr' id='par_1_78' title="bbox 209 5286 1812 5366">
     <span class='ocr_line' id='line_1_80' title="bbox 209 5286 1812 5366; baseline 0.005 -26"><span class='ocrx_word' id='word_1_499' title='bbox 209 5286 581 5359; x_wconf 83' lang='grc' dir='ltr'>χαρισμάτων</span> <span class='ocrx_word' id='word_1_500' title='bbox 606 5286 705 5341; x_wconf 72' lang='grc' dir='ltr'>τοῖν</span> <span class='ocrx_word' id='word_1_501' title='bbox 734 5287 1050 5359; x_wconf 85' lang='grc' dir='ltr'>Πνεῦματος</span> <span class='ocrx_word' id='word_1_502' title='bbox 1081 5291 1318 5362; x_wconf 77' lang='grc' dir='ltr'>ὑπάρχει</span> <span class='ocrx_word' id='word_1_503' title='bbox 1338 5293 1480 5366; x_wconf 84' lang='grc' dir='ltr'>άρχὴ</span> <span class='ocrx_word' id='word_1_504' title='bbox 1507 5312 1520 5324; x_wconf 92' lang='grc'><strong>·</strong></span> <span class='ocrx_word' id='word_1_505' title='bbox 1552 5288 1628 5349; x_wconf 84' lang='grc' dir='ltr'>ὧν</span> <span class='ocrx_word' id='word_1_506' title='bbox 1654 5295 1812 5359; x_wconf 87' lang='grc' dir='ltr'>τέλος</span> 
     </span>
    </p>
   </div>
   <div class='ocr_carea' id='block_1_79' title="bbox 209 5381 1812 5458">
    <p class='ocr_par' dir='ltr' id='par_1_79' title="bbox 209 5381 1812 5458">
     <span class='ocr_line' id='line_1_81' title="bbox 209 5381 1812 5458; baseline 0.005 -24"><span class='ocrx_word' id='word_1_507' title='bbox 209 5383 246 5452; x_wconf 75' lang='grc' dir='ltr'>ἠ</span> <span class='ocrx_word' id='word_1_508' title='bbox 304 5383 475 5450; x_wconf 86' lang='grc' dir='ltr'>σοφία</span> <span class='ocrx_word' id='word_1_509' title='bbox 526 5381 714 5450; x_wconf 75' lang='grc' dir='ltr'>ἐστὶν,</span> <span class='ocrx_word' id='word_1_510' title='bbox 763 5381 841 5447; x_wconf 86' lang='grc' dir='ltr'>ὡς</span> <span class='ocrx_word' id='word_1_511' title='bbox 882 5383 1236 5456; x_wconf 83' lang='grc' dir='ltr'>τελειωτική·</span> <span class='ocrx_word' id='word_1_512' title='bbox 1273 5381 1428 5452; x_wconf 75' lang='grc' dir='ltr'>οὗτος</span> <span class='ocrx_word' id='word_1_513' title='bbox 1475 5388 1532 5441; x_wconf 84' lang='grc' dir='ltr'><strong>δὲ</strong></span> <span class='ocrx_word' id='word_1_514' title='bbox 1575 5390 1604 5442; x_wconf 84' lang='grc' dir='ltr'>ὁ</span> <span class='ocrx_word' id='word_1_515' title='bbox 1645 5388 1812 5458; x_wconf 82' lang='grc' dir='ltr'>φόὸος</span> 
     </span>
    </p>
   </div>
   <div class='ocr_carea' id='block_1_80' title="bbox 209 5473 1810 5552">
    <p class='ocr_par' dir='ltr' id='par_1_80' title="bbox 209 5473 1810 5552">
     <span class='ocr_line' id='line_1_82' title="bbox 209 5473 1810 5552; baseline 0.005 -26"><span class='ocrx_word' id='word_1_516' title='bbox 209 5474 633 5544; x_wconf 77' lang='grc' dir='ltr'>παρασκευάζει</span> <span class='ocrx_word' id='word_1_517' title='bbox 690 5473 983 5543; x_wconf 85' lang='grc' dir='ltr'>ἐκφεύγειν</span> <span class='ocrx_word' id='word_1_518' title='bbox 1039 5476 1149 5530; x_wconf 88' lang='grc' dir='ltr'><strong>άπὸ</strong></span> <span class='ocrx_word' id='word_1_519' title='bbox 1192 5479 1572 5552; x_wconf 80' lang='grc' dir='ltr'>άμαρτίας,’ἢ</span> <span class='ocrx_word' id='word_1_520' title='bbox 1616 5480 1810 5552; x_wconf 83' lang='grc' dir='ltr'>βρόχος</span> 
     </span>
    </p>
   </div>
   <div class='ocr_carea' id='block_1_81' title="bbox 207 5566 1117 5638">
    <p class='ocr_par' dir='ltr' id='par_1_81' title="bbox 207 5566 1117 5638">
     <span class='ocr_line' id='line_1_83' title="bbox 207 5566 1117 5638; baseline 0.003 -18"><span class='ocrx_word' id='word_1_521' title='bbox 207 5566 484 5637; x_wconf 86' lang='grc' dir='ltr'>τυγχάνει</span> <span class='ocrx_word' id='word_1_522' title='bbox 506 5566 685 5638; x_wconf 83' lang='grc' dir='ltr'>ψυχῆς</span> <span class='ocrx_word' id='word_1_523' title='bbox 708 5568 788 5632; x_wconf 87' lang='grc' dir='ltr'><strong>είς</strong></span> <span class='ocrx_word' id='word_1_524' title='bbox 818 5566 1117 5623; x_wconf 83' lang='grc' dir='ltr'>ἀπώλειαν.</span> 
     </span>
    </p>
   </div>
   <div class='ocr_carea' id='block_1_82' title="bbox 285 5709 1810 5782">
    <p class='ocr_par' dir='ltr' id='par_1_82' title="bbox 285 5709 1810 5782">
     <span class='ocr_line' id='line_1_84' title="bbox 285 5709 1810 5782; baseline 0 -18"><span class='ocrx_word' id='word_1_525' title='bbox 285 5709 402 5780; x_wconf 85' lang='grc' dir='ltr'>κη’.</span> <span class='ocrx_word' id='word_1_526' title='bbox 447 5709 551 5765; x_wconf 85' lang='grc' dir='ltr'>Ἐν</span> <span class='ocrx_word' id='word_1_527' title='bbox 589 5709 799 5776; x_wconf 77' lang='grc' dir='ltr'>πολλῷ</span> <span class='ocrx_word' id='word_1_528' title='bbox 837 5711 994 5766; x_wconf 75' lang='grc' dir='ltr'>ἔθνει</span> <span class='ocrx_word' id='word_1_529' title='bbox 1047 5712 1198 5777; x_wconf 82' lang='grc' dir='ltr'>δόξα</span> <span class='ocrx_word' id='word_1_530' title='bbox 1223 5715 1553 5781; x_wconf 68' lang='grc' dir='ltr'>βασιλέως.</span> <span class='ocrx_word' id='word_1_531' title='bbox 1599 5715 1687 5768; x_wconf 88' lang='grc' dir='ltr'>Ἐν</span> <span class='ocrx_word' id='word_1_532' title='bbox 1730 5712 1810 5782; x_wconf 77' lang='grc' dir='ltr'>τῷ</span> 
     </span>
    </p>
   </div>
   <div class='ocr_carea' id='block_1_83' title="bbox 211 5801 1806 5878">
    <p class='ocr_par' dir='ltr' id='par_1_83' title="bbox 211 5801 1806 5878">
     <span class='ocr_line' id='line_1_85' title="bbox 211 5801 1806 5878; baseline 0.003 -22"><span class='ocrx_word' id='word_1_533' title='bbox 211 5801 422 5873; x_wconf 82' lang='grc' dir='ltr'>πλήθει</span> <span class='ocrx_word' id='word_1_534' title='bbox 465 5803 573 5860; x_wconf 88' lang='grc' dir='ltr'><strong>τῶν</strong></span> <span class='ocrx_word' id='word_1_535' title='bbox 623 5803 793 5861; x_wconf 85' lang='grc' dir='ltr'>ἐθνῶν</span> <span class='ocrx_word' id='word_1_536' title='bbox 836 5807 869 5877; x_wconf 82' lang='grc' dir='ltr'>ἡ</span> <span class='ocrx_word' id='word_1_537' title='bbox 911 5805 1037 5874; x_wconf 77' lang='grc' dir='ltr'>δόξα</span> <span class='ocrx_word' id='word_1_538' title='bbox 1099 5806 1192 5861; x_wconf 88' lang='grc' dir='ltr'><strong>τοῦ</strong></span> <span class='ocrx_word' id='word_1_539' title='bbox 1231 5807 1620 5878; x_wconf 79' lang='grc' dir='ltr'>παμϐασιλέως</span> <span class='ocrx_word' id='word_1_540' title='bbox 1650 5806 1806 5876; x_wconf 85' lang='grc' dir='ltr'>Θεοῦ,</span> 
     </span>
    </p>
   </div>
   <div class='ocr_carea' id='block_1_84' title="bbox 1835 4533 1884 4592">
    <p class='ocr_par' dir='ltr' id='par_1_84' title="bbox 1835 4533 1884 4592">
     <span class='ocr_line' id='line_1_86' title="bbox 1835 4533 1884 4592; baseline 0 0"><span class='ocrx_word' id='word_1_541' title='bbox 1835 4533 1884 4592; x_wconf 90' lang='lat' dir='ltr'><strong>D</strong></span> 
     </span>
    </p>
   </div>
   <div class='ocr_carea' id='block_1_85' title="bbox 1907 3277 2913 3348">
    <p class='ocr_par' dir='ltr' id='par_1_85' title="bbox 1907 3277 2913 3348">
     <span class='ocr_line' id='line_1_87' title="bbox 1907 3277 2913 3348; baseline -0.012 -12"><span class='ocrx_word' id='word_1_542' title='bbox 1907 3283 2036 3339; x_wconf 83' lang='lat' dir='ltr'><strong>talis</strong></span> <span class='ocrx_word' id='word_1_543' title='bbox 2069 3289 2124 3338; x_wconf 89' lang='lat' dir='ltr'><strong>et</strong></span> <span class='ocrx_word' id='word_1_544' title='bbox 2163 3278 2298 3335; x_wconf 87' lang='lat' dir='ltr'><strong>illud</strong></span> <span class='ocrx_word' id='word_1_545' title='bbox 2323 3277 2579 3348; x_wconf 87' lang='lat' dir='ltr'><strong>operibus</strong></span> <span class='ocrx_word' id='word_1_546' title='bbox 2607 3279 2913 3331; x_wconf 87' lang='lat' dir='ltr'><strong>asseverat.</strong></span> 
     </span>
    </p>
   </div>
   <div class='ocr_carea' id='block_1_86' title="bbox 1979 3492 3494 3578">
    <p class='ocr_par' dir='ltr' id='par_1_86' title="bbox 1979 3492 3494 3578">
     <span class='ocr_line' id='line_1_88' title="bbox 1979 3492 3494 3578; baseline -0.015 -10"><span class='ocrx_word' id='word_1_547' title='bbox 1979 3513 2171 3568; x_wconf 73' lang='lat' dir='ltr'><strong>Exurit</strong></span> <span class='ocrx_word' id='word_1_548' title='bbox 2209 3521 2381 3565; x_wconf 85' lang='lat' dir='ltr'><strong>autem</strong></span> <span class='ocrx_word' id='word_1_549' title='bbox 2408 3507 2679 3578; x_wconf 76' lang='lat' dir='ltr'><strong>fallaciter</strong></span> <span class='ocrx_word' id='word_1_550' title='bbox 2705 3501 2957 3557; x_wconf 87' lang='lat' dir='ltr'><strong>callidus.</strong></span> <span class='ocrx_word' id='word_1_551' title='bbox 3001 3498 3254 3567; x_wconf 80' lang='lat' dir='ltr'><strong>Iniquum</strong></span> <span class='ocrx_word' id='word_1_552' title='bbox 3285 3492 3494 3564; x_wconf 83' lang='lat' dir='ltr'><strong>passio-</strong></span> 
     </span>
    </p>
   </div>
   <div class='ocr_carea' id='block_1_87' title="bbox 1907 3585 3497 3664">
    <p class='ocr_par' dir='ltr' id='par_1_87' title="bbox 1907 3585 3497 3664">
     <span class='ocr_line' id='line_1_89' title="bbox 1907 3585 3497 3664; baseline -0.015 -4"><span class='ocrx_word' id='word_1_553' title='bbox 1907 3620 2039 3660; x_wconf 90' lang='lat' dir='ltr'><strong>num</strong></span> <span class='ocrx_word' id='word_1_554' title='bbox 2067 3602 2344 3658; x_wconf 87' lang='lat' dir='ltr'><strong>caminum</strong></span> <span class='ocrx_word' id='word_1_555' title='bbox 2379 3595 2653 3660; x_wconf 87' lang='lat' dir='ltr'><strong>accendit,</strong></span> <span class='ocrx_word' id='word_1_556' title='bbox 2681 3594 2800 3664; x_wconf 91' lang='lat' dir='ltr'><strong>qui,</strong></span> <span class='ocrx_word' id='word_1_557' title='bbox 2822 3593 2926 3647; x_wconf 92' lang='lat' dir='ltr'><strong>sub</strong></span> <span class='ocrx_word' id='word_1_558' title='bbox 2955 3590 3139 3660; x_wconf 89' lang='lat' dir='ltr'><strong>specie</strong></span> <span class='ocrx_word' id='word_1_559' title='bbox 3186 3585 3336 3650; x_wconf 90' lang='lat' dir='ltr'><strong>boni,</strong></span> <span class='ocrx_word' id='word_1_560' title='bbox 3363 3599 3497 3655; x_wconf 84' lang='lat' dir='ltr'><strong>pro-</strong></span> 
     </span>
    </p>
   </div>
   <div class='ocr_carea' id='block_1_88' title="bbox 1908 3677 3494 3768">
    <p class='ocr_par' dir='ltr' id='par_1_88' title="bbox 1908 3677 3494 3768">
     <span class='ocr_line' id='line_1_90' title="bbox 1908 3677 3494 3768; baseline -0.015 -15"><span class='ocrx_word' id='word_1_561' title='bbox 1908 3697 2063 3768; x_wconf 88' lang='lat' dir='ltr'><strong>ponit</strong></span> <span class='ocrx_word' id='word_1_562' title='bbox 2096 3693 2438 3750; x_wconf 88' lang='lat' dir='ltr'><strong>contrarium</strong></span> <span class='ocrx_word' id='word_1_563' title='bbox 2488 3697 2543 3745; x_wconf 89' lang='lat' dir='ltr'><strong>ct</strong></span> <span class='ocrx_word' id='word_1_564' title='bbox 2568 3685 2910 3742; x_wconf 86' lang='lat' dir='ltr'><strong>incautiores</strong></span> <span class='ocrx_word' id='word_1_565' title='bbox 2953 3682 3238 3737; x_wconf 86' lang='lat' dir='ltr'><strong>hominum</strong></span> <span class='ocrx_word' id='word_1_566' title='bbox 3273 3677 3494 3746; x_wconf 84' lang='lat' dir='ltr'><strong>decipit.</strong></span> 
     </span>
    </p>
   </div>
   <div class='ocr_carea' id='block_1_89' title="bbox 1976 3901 3523 3978">
    <p class='ocr_par' dir='ltr' id='par_1_89' title="bbox 1976 3901 3523 3978">
     <span class='ocr_line' id='line_1_91' title="bbox 1976 3901 3523 3978; baseline -0.012 -6"><span class='ocrx_word' id='word_1_567' title='bbox 1976 3918 2142 3972; x_wconf 68' lang='lat' dir='ltr'><strong>Vens.</strong></span> <span class='ocrx_word' id='word_1_568' title='bbox 2174 3913 2265 3970; x_wconf 83' lang='lat'><strong>26.</strong></span> <span class='ocrx_word' id='word_1_569' title='bbox 2291 3913 2356 3968; x_wconf 84' lang='lat' dir='ltr'><strong>In</strong></span> <span class='ocrx_word' id='word_1_570' title='bbox 2395 3915 2585 3967; x_wconf 85' lang='lat' dir='ltr'><strong>timore</strong></span> <span class='ocrx_word' id='word_1_571' title='bbox 2617 3909 2854 3974; x_wconf 83' lang='lat' dir='ltr'><strong>Domini,</strong></span> <span class='ocrx_word' id='word_1_572' title='bbox 2909 3922 3023 3976; x_wconf 83' lang='lat' dir='ltr'><strong>spes</strong></span> <span class='ocrx_word' id='word_1_573' title='bbox 3074 3907 3250 3975; x_wconf 76' lang='lat' dir='ltr'><strong>ﬁrma.</strong></span> <span class='ocrx_word' id='word_1_574' title='bbox 3285 3901 3343 3956; x_wconf 91' lang='lat' dir='ltr'><strong>In</strong></span> <span class='ocrx_word' id='word_1_575' title='bbox 3386 3901 3523 3978; x_wconf 18' lang='lat' dir='ltr'><strong>illis.</strong></span> 
     </span>
    </p>
   </div>
   <div class='ocr_carea' id='block_1_90' title="bbox 1908 3992 3497 4078">
    <p class='ocr_par' dir='ltr' id='par_1_90' title="bbox 1908 3992 3497 4078">
     <span class='ocr_line' id='line_1_92' title="bbox 1908 3992 3497 4078; baseline -0.013 -14"><span class='ocrx_word' id='word_1_576' title='bbox 1908 4023 2034 4078; x_wconf 89' lang='lat' dir='ltr'><strong>spes</strong></span> <span class='ocrx_word' id='word_1_577' title='bbox 2077 4007 2232 4060; x_wconf 81' lang='lat' dir='ltr'><strong>ﬁrma</strong></span> <span class='ocrx_word' id='word_1_578' title='bbox 2267 4005 2535 4074; x_wconf 79' lang='lat' dir='ltr'><strong>exsurgit,</strong></span> <span class='ocrx_word' id='word_1_579' title='bbox 2570 4001 2688 4072; x_wconf 91' lang='lat' dir='ltr'><strong>qui,</strong></span> <span class='ocrx_word' id='word_1_580' title='bbox 2714 4014 2779 4054; x_wconf 82' lang='lat' dir='ltr'><strong>ex</strong></span> <span class='ocrx_word' id='word_1_581' title='bbox 2833 3997 3032 4051; x_wconf 88' lang='lat' dir='ltr'><strong>timore</strong></span> <span class='ocrx_word' id='word_1_582' title='bbox 3071 3993 3290 4049; x_wconf 87' lang='lat' dir='ltr'><strong>Domini</strong></span> <span class='ocrx_word' id='word_1_583' title='bbox 3324 3992 3497 4047; x_wconf 87' lang='lat' dir='ltr'><strong>decli-</strong></span> 
     </span>
    </p>
   </div>
   <div class='ocr_carea' id='block_1_91' title="bbox 1908 4084 3487 4165">
    <p class='ocr_par' dir='ltr' id='par_1_91' title="bbox 1908 4084 3487 4165">
     <span class='ocr_line' id='line_1_93' title="bbox 1908 4084 3487 4165; baseline -0.012 -13"><span class='ocrx_word' id='word_1_584' title='bbox 1908 4106 2043 4152; x_wconf 90' lang='lat' dir='ltr'><strong>nant</strong></span> <span class='ocrx_word' id='word_1_585' title='bbox 2079 4113 2107 4150; x_wconf 86' lang='lat' dir='ltr'><strong>a</strong></span> <span class='ocrx_word' id='word_1_586' title='bbox 2140 4096 2282 4151; x_wconf 88' lang='lat' dir='ltr'><strong>malo</strong></span> <span class='ocrx_word' id='word_1_587' title='bbox 2330 4109 2427 4165; x_wconf 91' lang='lat' dir='ltr'><strong>per</strong></span> <span class='ocrx_word' id='word_1_588' title='bbox 2473 4091 2654 4154; x_wconf 88' lang='lat' dir='ltr'><strong>ﬁdem,</strong></span> <span class='ocrx_word' id='word_1_589' title='bbox 2686 4089 2870 4144; x_wconf 89' lang='lat' dir='ltr'><strong>divina</strong></span> <span class='ocrx_word' id='word_1_590' title='bbox 2902 4087 3158 4142; x_wconf 87' lang='lat' dir='ltr'><strong>mandata</strong></span> <span class='ocrx_word' id='word_1_591' title='bbox 3194 4084 3487 4156; x_wconf 82' lang='lat' dir='ltr'><strong>perlicien-</strong></span> 
     </span>
    </p>
   </div>
   <div class='ocr_carea' id='block_1_92' title="bbox 1909 4176 3498 4249">
    <p class='ocr_par' dir='ltr' id='par_1_92' title="bbox 1909 4176 3498 4249">
     <span class='ocr_line' id='line_1_94' title="bbox 1909 4176 3498 4249; baseline -0.009 -6"><span class='ocrx_word' id='word_1_592' title='bbox 1909 4200 2037 4244; x_wconf 89' lang='lat' dir='ltr'><strong>tem.</strong></span> <span class='ocrx_word' id='word_1_593' title='bbox 2071 4187 2287 4242; x_wconf 87' lang='lat' dir='ltr'><strong>Etenim</strong></span> <span class='ocrx_word' id='word_1_594' title='bbox 2327 4198 2473 4249; x_wconf 89' lang='lat' dir='ltr'><strong>cum,</strong></span> <span class='ocrx_word' id='word_1_595' title='bbox 2508 4196 2796 4239; x_wconf 83' lang='lat' dir='ltr'><strong>servorum</strong></span> <span class='ocrx_word' id='word_1_596' title='bbox 2844 4194 3019 4244; x_wconf 90' lang='lat' dir='ltr'><strong>more,</strong></span> <span class='ocrx_word' id='word_1_597' title='bbox 3054 4193 3084 4232; x_wconf 89' lang='lat' dir='ltr'><strong>a</strong></span> <span class='ocrx_word' id='word_1_598' title='bbox 3135 4176 3279 4232; x_wconf 88' lang='lat' dir='ltr'><strong>malo</strong></span> <span class='ocrx_word' id='word_1_599' title='bbox 3313 4191 3498 4231; x_wconf 87' lang='lat' dir='ltr'><strong>reces-</strong></span> 
     </span>
    </p>
   </div>
   <div class='ocr_carea' id='block_1_93' title="bbox 1909 4270 3498 4350">
    <p class='ocr_par' dir='ltr' id='par_1_93' title="bbox 1909 4270 3498 4350">
     <span class='ocr_line' id='line_1_95' title="bbox 1909 4270 3498 4350; baseline -0.01 -13"><span class='ocrx_word' id='word_1_600' title='bbox 1909 4281 2102 4347; x_wconf 87' lang='lat' dir='ltr'><strong>serint,</strong></span> <span class='ocrx_word' id='word_1_601' title='bbox 2140 4286 2366 4350; x_wconf 91' lang='lat' dir='ltr'><strong>propter</strong></span> <span class='ocrx_word' id='word_1_602' title='bbox 2395 4275 2794 4348; x_wconf 90' lang='lat' dir='ltr'><strong>suppliciorum</strong></span> <span class='ocrx_word' id='word_1_603' title='bbox 2814 4273 3092 4333; x_wconf 89' lang='lat' dir='ltr'><strong>timorem,</strong></span> <span class='ocrx_word' id='word_1_604' title='bbox 3124 4270 3328 4325; x_wconf 91' lang='lat' dir='ltr'><strong>bonum</strong></span> <span class='ocrx_word' id='word_1_605' title='bbox 3366 4284 3498 4338; x_wconf 88' lang='lat' dir='ltr'><strong>ope-</strong></span> 
     </span>
    </p>
   </div>
   <div class='ocr_carea' id='block_1_94' title="bbox 1909 4361 3500 4436">
    <p class='ocr_par' dir='ltr' id='par_1_94' title="bbox 1909 4361 3500 4436">
     <span class='ocr_line' id='line_1_96' title="bbox 1909 4361 3500 4436; baseline -0.009 -9"><span class='ocrx_word' id='word_1_606' title='bbox 1909 4371 2084 4427; x_wconf 90' lang='lat' dir='ltr'><strong>raturi</strong></span> <span class='ocrx_word' id='word_1_607' title='bbox 2123 4378 2275 4436; x_wconf 89' lang='lat' dir='ltr'><strong>sunt,</strong></span> <span class='ocrx_word' id='word_1_608' title='bbox 2310 4368 2462 4425; x_wconf 88' lang='lat' dir='ltr'><strong>velut</strong></span> <span class='ocrx_word' id='word_1_609' title='bbox 2491 4365 2840 4430; x_wconf 87' lang='lat' dir='ltr'><strong>mercenarii,</strong></span> <span class='ocrx_word' id='word_1_610' title='bbox 2869 4364 2964 4435; x_wconf 91' lang='lat' dir='ltr'><strong>qui</strong></span> <span class='ocrx_word' id='word_1_611' title='bbox 2995 4363 3140 4418; x_wconf 90' lang='lat' dir='ltr'><strong>bona</strong></span> <span class='ocrx_word' id='word_1_612' title='bbox 3186 4361 3372 4417; x_wconf 75' lang='lat' dir='ltr'><strong>futura</strong></span> <span class='ocrx_word' id='word_1_613' title='bbox 3402 4376 3500 4414; x_wconf 78' lang='lat' dir='ltr'><strong>ex-</strong></span> 
     </span>
    </p>
   </div>
   <div class='ocr_carea' id='block_1_95' title="bbox 1909 4471 2182 4535">
    <p class='ocr_par' dir='ltr' id='par_1_95' title="bbox 1909 4471 2182 4535">
     <span class='ocr_line' id='line_1_97' title="bbox 1909 4471 2182 4535; baseline -0.018 -14"><span class='ocrx_word' id='word_1_614' title='bbox 1909 4471 2182 4535; x_wconf 86' lang='lat' dir='ltr'><strong>spectant.</strong></span> 
     </span>
    </p>
   </div>
   <div class='ocr_carea' id='block_1_96' title="bbox 1985 4595 3494 4672">
    <p class='ocr_par' dir='ltr' id='par_1_96' title="bbox 1985 4595 3494 4672">
     <span class='ocr_line' id='line_1_98' title="bbox 1985 4595 3494 4672; baseline -0.007 -15"><span class='ocrx_word' id='word_1_615' title='bbox 1985 4601 2150 4659; x_wconf 79' lang='lat' dir='ltr'><strong>Filiis</strong></span> <span class='ocrx_word' id='word_1_616' title='bbox 2197 4603 2306 4658; x_wconf 84' lang='lat' dir='ltr'><strong>suis</strong></span> <span class='ocrx_word' id='word_1_617' title='bbox 2334 4601 2584 4672; x_wconf 75' lang='lat' dir='ltr'><strong>fulcr&#39;men</strong></span> <span class='ocrx_word' id='word_1_618' title='bbox 2615 4600 2761 4669; x_wconf 87' lang='lat' dir='ltr'><strong>pacis</strong></span> <span class='ocrx_word' id='word_1_619' title='bbox 2798 4598 3074 4668; x_wconf 79' lang='lat' dir='ltr'><strong>relinquet.</strong></span> <span class='ocrx_word' id='word_1_620' title='bbox 3113 4595 3219 4652; x_wconf 82' lang='lat' dir='ltr'><strong>Per</strong></span> <span class='ocrx_word' id='word_1_621' title='bbox 3246 4595 3494 4650; x_wconf 86' lang='lat' dir='ltr'><strong>charita-</strong></span> 
     </span>
    </p>
   </div>
   <div class='ocr_carea' id='block_1_97' title="bbox 1912 4687 3498 4764">
    <p class='ocr_par' dir='ltr' id='par_1_97' title="bbox 1912 4687 3498 4764">
     <span class='ocr_line' id='line_1_99' title="bbox 1912 4687 3498 4764; baseline -0.008 -11"><span class='ocrx_word' id='word_1_622' title='bbox 1912 4709 2019 4753; x_wconf 77' lang='lat' dir='ltr'><strong>tein</strong></span> <span class='ocrx_word' id='word_1_623' title='bbox 2054 4697 2108 4751; x_wconf 95' lang='lat' dir='ltr'><strong>in</strong></span> <span class='ocrx_word' id='word_1_624' title='bbox 2158 4695 2300 4751; x_wconf 85' lang='lat' dir='ltr'><strong>ﬁlios</strong></span> <span class='ocrx_word' id='word_1_625' title='bbox 2347 4694 2563 4751; x_wconf 82' lang='lat' dir='ltr'><strong>Domini</strong></span> <span class='ocrx_word' id='word_1_626' title='bbox 2611 4692 2862 4764; x_wconf 86' lang='lat' dir='ltr'><strong>adoptari</strong></span> <span class='ocrx_word' id='word_1_627' title='bbox 2914 4691 3188 4763; x_wconf 75' lang='lat' dir='ltr'><strong>dignatus,</strong></span> <span class='ocrx_word' id='word_1_628' title='bbox 3222 4689 3337 4760; x_wconf 87' lang='lat' dir='ltr'><strong>ipse</strong></span> <span class='ocrx_word' id='word_1_629' title='bbox 3391 4687 3498 4741; x_wconf 93' lang='lat' dir='ltr'><strong>Do-</strong></span> 
     </span>
    </p>
   </div>
   <div class='ocr_carea' id='block_1_98' title="bbox 1913 4781 3517 4856">
    <p class='ocr_par' dir='ltr' id='par_1_98' title="bbox 1913 4781 3517 4856">
     <span class='ocr_line' id='line_1_100' title="bbox 1913 4781 3517 4856; baseline -0.005 -12"><span class='ocrx_word' id='word_1_630' title='bbox 1913 4788 2101 4844; x_wconf 89' lang='lat' dir='ltr'><strong>minus</strong></span> <span class='ocrx_word' id='word_1_631' title='bbox 2129 4785 2326 4842; x_wconf 82' lang='lat' dir='ltr'><strong>elliciet</strong></span> <span class='ocrx_word' id='word_1_632' title='bbox 2353 4785 2586 4856; x_wconf 84' lang='lat' dir='ltr'><strong>insuper</strong></span> <span class='ocrx_word' id='word_1_633' title='bbox 2607 4783 2912 4850; x_wconf 88' lang='lat' dir='ltr'><strong>interritos,</strong></span> <span class='ocrx_word' id='word_1_634' title='bbox 2928 4797 3134 4854; x_wconf 88' lang='lat' dir='ltr'><strong>eosque</strong></span> <span class='ocrx_word' id='word_1_635' title='bbox 3157 4781 3280 4838; x_wconf 81' lang='lat' dir='ltr'><strong>ideo</strong></span> <span class='ocrx_word' id='word_1_636' title='bbox 3304 4791 3517 4838; x_wconf 76' lang='lat' dir='ltr'><strong>contra.</strong></span> 
     </span>
    </p>
   </div>
   <div class='ocr_carea' id='block_1_99' title="bbox 1913 4877 2524 4951">
    <p class='ocr_par' dir='ltr' id='par_1_99' title="bbox 1913 4877 2524 4951">
     <span class='ocr_line' id='line_1_101' title="bbox 1913 4877 2524 4951; baseline 0 -17"><span class='ocrx_word' id='word_1_637' title='bbox 1913 4881 2201 4951; x_wconf 88' lang='lat' dir='ltr'><strong>passiones</strong></span> <span class='ocrx_word' id='word_1_638' title='bbox 2262 4877 2524 4934; x_wconf 88' lang='lat' dir='ltr'><strong>ﬁrmabit.</strong></span> 
     </span>
    </p>
   </div>
   <div class='ocr_carea' id='block_1_100' title="bbox 1983 5018 3518 5090">
    <p class='ocr_par' dir='ltr' id='par_1_100' title="bbox 1983 5018 3518 5090">
     <span class='ocr_line' id='line_1_102' title="bbox 1983 5018 3518 5090; baseline -0.005 -12"><span class='ocrx_word' id='word_1_639' title='bbox 1983 5023 2152 5080; x_wconf 70' lang='lat' dir='ltr'><strong>Vens.</strong></span> <span class='ocrx_word' id='word_1_640' title='bbox 2179 5023 2270 5079; x_wconf 83' lang='lat'><strong>27.</strong></span> <span class='ocrx_word' id='word_1_641' title='bbox 2288 5023 2470 5077; x_wconf 87' lang='lat' dir='ltr'><strong>Timor</strong></span> <span class='ocrx_word' id='word_1_642' title='bbox 2497 5021 2740 5086; x_wconf 84' lang='lat' dir='ltr'><strong>Domini,</strong></span> <span class='ocrx_word' id='word_1_643' title='bbox 2759 5021 2879 5090; x_wconf 80' lang='lat' dir='ltr'><strong>fons</strong></span> <span class='ocrx_word' id='word_1_644' title='bbox 2910 5021 3051 5088; x_wconf 78' lang='lat' dir='ltr'><strong>uiue,</strong></span> <span class='ocrx_word' id='word_1_645' title='bbox 3077 5018 3209 5088; x_wconf 86' lang='lat' dir='ltr'><strong>facit</strong></span> <span class='ocrx_word' id='word_1_646' title='bbox 3227 5032 3292 5074; x_wconf 73' lang='lat' dir='ltr'><strong>ea:</strong></span> <span class='ocrx_word' id='word_1_647' title='bbox 3311 5018 3518 5090; x_wconf 83' lang='lat' dir='ltr'><strong>laquea-</strong></span> 
     </span>
    </p>
   </div>
   <div class='ocr_carea' id='block_1_101' title="bbox 1913 5109 3501 5186">
    <p class='ocr_par' dir='ltr' id='par_1_101' title="bbox 1913 5109 3501 5186">
     <span class='ocr_line' id='line_1_103' title="bbox 1913 5109 3501 5186; baseline -0.003 -16"><span class='ocrx_word' id='word_1_648' title='bbox 1913 5116 2098 5170; x_wconf 85' lang='lat' dir='ltr'><strong>mortis</strong></span> <span class='ocrx_word' id='word_1_649' title='bbox 2125 5115 2371 5186; x_wconf 74' lang='lat' dir='ltr'><strong>effugere.</strong></span> <span class='ocrx_word' id='word_1_650' title='bbox 2408 5113 2638 5170; x_wconf 85' lang='lat' dir='ltr'><strong>Divinus</strong></span> <span class='ocrx_word' id='word_1_651' title='bbox 2671 5113 2858 5178; x_wconf 85' lang='lat' dir='ltr'><strong>timor,</strong></span> <span class='ocrx_word' id='word_1_652' title='bbox 2890 5118 3100 5182; x_wconf 88' lang='lat' dir='ltr'><strong>septem</strong></span> <span class='ocrx_word' id='word_1_653' title='bbox 3141 5109 3364 5166; x_wconf 82' lang='lat' dir='ltr'><strong>illorum</strong></span> <span class='ocrx_word' id='word_1_654' title='bbox 3393 5111 3501 5180; x_wconf 87' lang='lat' dir='ltr'><strong>spi-</strong></span> 
     </span>
    </p>
   </div>
   <div class='ocr_carea' id='block_1_102' title="bbox 1911 5203 3499 5273">
    <p class='ocr_par' dir='ltr' id='par_1_102' title="bbox 1911 5203 3499 5273">
     <span class='ocr_line' id='line_1_104' title="bbox 1911 5203 3499 5273; baseline -0.006 -12"><span class='ocrx_word' id='word_1_655' title='bbox 1911 5207 2191 5261; x_wconf 89' lang='lat' dir='ltr'><strong>ritualium</strong></span> <span class='ocrx_word' id='word_1_656' title='bbox 2256 5205 2677 5270; x_wconf 86' lang='lat' dir='ltr'><strong>charismatum,</strong></span> <span class='ocrx_word' id='word_1_657' title='bbox 2744 5217 2868 5273; x_wconf 86' lang='lat' dir='ltr'><strong>quae</strong></span> <span class='ocrx_word' id='word_1_658' title='bbox 2949 5203 3212 5266; x_wconf 87' lang='lat' dir='ltr'><strong>animam,</strong></span> <span class='ocrx_word' id='word_1_659' title='bbox 3264 5207 3499 5271; x_wconf 87' lang='lat' dir='ltr'><strong>peccato</strong></span> 
     </span>
    </p>
   </div>
   <div class='ocr_carea' id='block_1_103' title="bbox 1911 5291 3504 5365">
    <p class='ocr_par' dir='ltr' id='par_1_103' title="bbox 1911 5291 3504 5365">
     <span class='ocr_line' id='line_1_105' title="bbox 1911 5291 3504 5365; baseline -0.004 -14"><span class='ocrx_word' id='word_1_660' title='bbox 1911 5304 2208 5362; x_wconf 89' lang='lat' dir='ltr'><strong>mortuam,</strong></span> <span class='ocrx_word' id='word_1_661' title='bbox 2242 5295 2538 5360; x_wconf 85' lang='lat' dir='ltr'><strong>viviﬁcaut,</strong></span> <span class='ocrx_word' id='word_1_662' title='bbox 2571 5303 2625 5350; x_wconf 90' lang='lat' dir='ltr'><strong>et</strong></span> <span class='ocrx_word' id='word_1_663' title='bbox 2657 5309 2893 5365; x_wconf 90' lang='lat' dir='ltr'><strong>quorum</strong></span> <span class='ocrx_word' id='word_1_664' title='bbox 2929 5293 3054 5349; x_wconf 89' lang='lat' dir='ltr'><strong>ﬁnis</strong></span> <span class='ocrx_word' id='word_1_665' title='bbox 3093 5299 3176 5348; x_wconf 89' lang='lat' dir='ltr'><strong>est</strong></span> <span class='ocrx_word' id='word_1_666' title='bbox 3228 5291 3504 5363; x_wconf 70' lang='lat' dir='ltr'><strong>sapientia</strong></span> 
     </span>
    </p>
   </div>
   <div class='ocr_carea' id='block_1_104' title="bbox 1911 5381 3490 5467">
    <p class='ocr_par' dir='ltr' id='par_1_104' title="bbox 1911 5381 3490 5467">
     <span class='ocr_line' id='line_1_106' title="bbox 1911 5381 3490 5467; baseline -0.004 -25"><span class='ocrx_word' id='word_1_667' title='bbox 1911 5388 2057 5443; x_wconf 83' lang='lat' dir='ltr'><strong>velut</strong></span> <span class='ocrx_word' id='word_1_668' title='bbox 2081 5386 2391 5467; x_wconf 86' lang='lat' dir='ltr'><strong>perﬁciens,</strong></span> <span class='ocrx_word' id='word_1_669' title='bbox 2407 5414 2479 5426; x_wconf 88' lang='lat'><strong>—-</strong></span> <span class='ocrx_word' id='word_1_670' title='bbox 2505 5387 2595 5442; x_wconf 90' lang='lat' dir='ltr'><strong>ille</strong></span> <span class='ocrx_word' id='word_1_671' title='bbox 2611 5393 2792 5442; x_wconf 87' lang='lat' dir='ltr'><strong>autem</strong></span> <span class='ocrx_word' id='word_1_672' title='bbox 2812 5385 2978 5440; x_wconf 92' lang='lat' dir='ltr'><strong>timor</strong></span> <span class='ocrx_word' id='word_1_673' title='bbox 3021 5392 3293 5454; x_wconf 66' lang='lat' dir='ltr'><strong>praeparat</strong></span> <span class='ocrx_word' id='word_1_674' title='bbox 3311 5383 3378 5437; x_wconf 92' lang='lat' dir='ltr'><strong>ad</strong></span> <span class='ocrx_word' id='word_1_675' title='bbox 3402 5381 3490 5436; x_wconf 84' lang='lat' dir='ltr'><strong>fu-</strong></span> 
     </span>
    </p>
   </div>
   <div class='ocr_carea' id='block_1_105' title="bbox 1908 5475 3502 5551">
    <p class='ocr_par' dir='ltr' id='par_1_105' title="bbox 1908 5475 3502 5551">
     <span class='ocr_line' id='line_1_107' title="bbox 1908 5475 3502 5551; baseline -0.003 -18"><span class='ocrx_word' id='word_1_676' title='bbox 1908 5480 2164 5551; x_wconf 77' lang='lat' dir='ltr'><strong>giendum</strong></span> <span class='ocrx_word' id='word_1_677' title='bbox 2200 5487 2501 5546; x_wconf 87' lang='lat' dir='ltr'><strong>peccatum,</strong></span> <span class='ocrx_word' id='word_1_678' title='bbox 2523 5495 2632 5549; x_wconf 90' lang='lat' dir='ltr'><strong>quo</strong></span> <span class='ocrx_word' id='word_1_679' title='bbox 2661 5480 2888 5550; x_wconf 87' lang='lat' dir='ltr'><strong>laqueus</strong></span> <span class='ocrx_word' id='word_1_680' title='bbox 2925 5476 3252 5548; x_wconf 88' lang='lat' dir='ltr'><strong>perditionis</strong></span> <span class='ocrx_word' id='word_1_681' title='bbox 3286 5475 3502 5544; x_wconf 84' lang='lat' dir='ltr'><strong>anima-</strong></span> 
     </span>
    </p>
   </div>
   <div class='ocr_carea' id='block_1_106' title="bbox 1912 5571 2383 5628">
    <p class='ocr_par' dir='ltr' id='par_1_106' title="bbox 1912 5571 2383 5628">
     <span class='ocr_line' id='line_1_108' title="bbox 1912 5571 2383 5628; baseline -0.004 -2"><span class='ocrx_word' id='word_1_682' title='bbox 1912 5571 2018 5628; x_wconf 81' lang='lat' dir='ltr'><strong>bus</strong></span> <span class='ocrx_word' id='word_1_683' title='bbox 2058 5571 2383 5626; x_wconf 82' lang='lat' dir='ltr'><strong>invenietur.</strong></span> 
     </span>
    </p>
   </div>
   <div class='ocr_carea' id='block_1_107' title="bbox 1982 5710 3512 5782">
    <p class='ocr_par' dir='ltr' id='par_1_107' title="bbox 1982 5710 3512 5782">
     <span class='ocr_line' id='line_1_109' title="bbox 1982 5710 3512 5782; baseline -0.005 -14"><span class='ocrx_word' id='word_1_684' title='bbox 1982 5715 2146 5770; x_wconf 72' lang='lat' dir='ltr'><strong>Vens.</strong></span> <span class='ocrx_word' id='word_1_685' title='bbox 2182 5713 2270 5768; x_wconf 88' lang='lat'><strong>28.</strong></span> <span class='ocrx_word' id='word_1_686' title='bbox 2308 5711 2374 5767; x_wconf 82' lang='lat' dir='ltr'><strong>In</strong></span> <span class='ocrx_word' id='word_1_687' title='bbox 2419 5713 2587 5766; x_wconf 87' lang='lat' dir='ltr'><strong>multa</strong></span> <span class='ocrx_word' id='word_1_688' title='bbox 2635 5719 2781 5782; x_wconf 83' lang='lat' dir='ltr'><strong>gente</strong></span> <span class='ocrx_word' id='word_1_689' title='bbox 2823 5710 2997 5780; x_wconf 80' lang='lat' dir='ltr'><strong>gloria</strong></span> <span class='ocrx_word' id='word_1_690' title='bbox 3052 5711 3205 5780; x_wconf 83' lang='lat' dir='ltr'><strong>regis.</strong></span> <span class='ocrx_word' id='word_1_691' title='bbox 3254 5710 3310 5762; x_wconf 91' lang='lat' dir='ltr'><strong>ln</strong></span> <span class='ocrx_word' id='word_1_692' title='bbox 3367 5711 3512 5762; x_wconf 85' lang='lat' dir='ltr'><strong>mul-</strong></span> 
     </span>
    </p>
   </div>
   <div class='ocr_carea' id='block_1_108' title="bbox 1911 5801 3490 5877">
    <p class='ocr_par' dir='ltr' id='par_1_108' title="bbox 1911 5801 3490 5877">
     <span class='ocr_line' id='line_1_110' title="bbox 1911 5801 3490 5877; baseline -0.006 -16"><span class='ocrx_word' id='word_1_693' title='bbox 1911 5807 2149 5862; x_wconf 85' lang='lat' dir='ltr'><strong>titudinc</strong></span> <span class='ocrx_word' id='word_1_694' title='bbox 2186 5806 2430 5877; x_wconf 74' lang='lat' dir='ltr'><strong>gentium</strong></span> <span class='ocrx_word' id='word_1_695' title='bbox 2477 5804 2646 5874; x_wconf 74' lang='lat' dir='ltr'><strong>gloria</strong></span> <span class='ocrx_word' id='word_1_696' title='bbox 2695 5803 2919 5861; x_wconf 88' lang='lat' dir='ltr'><strong>omnino</strong></span> <span class='ocrx_word' id='word_1_697' title='bbox 2974 5802 3121 5873; x_wconf 82' lang='lat' dir='ltr'><strong>regis</strong></span> <span class='ocrx_word' id='word_1_698' title='bbox 3194 5801 3312 5870; x_wconf 86' lang='lat' dir='ltr'><strong>Dei,</strong></span> <span class='ocrx_word' id='word_1_699' title='bbox 3366 5814 3490 5856; x_wconf 87' lang='lat' dir='ltr'><strong>cum</strong></span> 
     </span>
    </p>
   </div>
  </div>
