3958 6418
509 352 642 417 1367
1814 356 2168 420 PHOCOPII
2199 356 2441 418 GAZEI
2902 353 2907 358 '
3647 374 3764 442 1363

499 471 750 524 venerint
781 467 848 522 ad
881 471 1063 540 ipsum
1103 477 1156 525 et
1180 469 1304 535 alte,
1335 486 1431 540 per
1466 471 1648 538 fidem,
1677 487 1869 528 verum
1918 473 2086 528 Deum

2211 474 2608 545 προσελθόντων
2633 475 2782 548 αὐτῷ
2820 479 2912 532 καὶ
2933 479 3123 534 τοῦτον
3144 481 3634 554 ἀνακηρυττόντων
3657 493 3768 550 Θεὸν

499 557 968 614 denuntiaverint.

2211 565 2456 635 ἀληθινὸν
2485 567 2574 622 διὰ
2605 569 2869 635 πίστεως.

573 685 642 740 In
690 687 897 756 defectu
965 686 1166 754 populi,
1213 685 1456 755 confusio
1516 687 1763 754 potentis.
1825 685 1960 742 Cum
2016 696 2099 758 ty-

499 794 709 833 rannus
741 779 831 833 ille
883 777 1195 832 animarum
1257 785 1576 832 nostrarum
1631 786 1686 833 et
1741 778 1942 842 hostis,
1984 779 2090 834 hoc

499 871 663 925 modo
685 870 1045 925 l‘rustrabitur
1068 877 1221 924 tanta
1257 870 1640 937 multitudine,
1661 886 1826 942 quam
1853 886 1950 941 per
1985 871 2100 925 ido-

2285 692 2382 746 Ἐν
2407 691 2477 746 δὲ
2507 693 2778 762 ἐκλείψει
2799 696 2975 762 λαοῦ,
3005 703 3300 771 συντριϐὴ
3335 702 3662 764 δυνάστου.
3696 712 3766 765 Ἐν

2199 786 2255 839 δὲ
2280 787 2356 856 τῷ
2382 787 2527 841 οὕτω
2563 786 2909 861 ζημιωθῆναι
2939 792 3030 847 τὸν
3057 793 3321 864 τύραννον
3366 799 3480 850 τῶν
3511 802 3765 874 ἡμετέρων

2197 879 2390 950 ψυχῶν
2419 882 2824 954 καὶ,πολέμιον,
2851 883 2913 936 τὸ
2935 885 3178 941 τοιοῦτον
3207 889 3419 960 πλῆθος
3447 892 3475 944 ὃ
3499 893 3564 946 δι’
3587 895 3766 953 είδωλο-

2199 972 2458 1044 λατρείας
2488 974 2780 1044 ἐκτήσατο,
2801 979 2834 1047 ἡ
2868 977 2997 1044 δόξα
3033 978 3201 1033 αὐτοῦ
3228 982 3307 1043 είς
3344 980 3480 1052 χοῦν
3517 1001 3765 1062 meum.

2200 1066 2388 1120 νὼσει.

502 963 775 1017 lolatriam
826 963 1189 1032 acquisierat,
1245 993 1317 1004 —-
1371 963 1547 1033 gloria
1602 962 1725 1034 ejus
1783 962 2097 1032 subiacebit

497 1070 698 1110 TUIIIIS.

569 1181 736 1236 Vens.
766 1181 858 1238 929.
892 1181 987 1236 Vir
1027 1183 1370 1254 longanimis,
1411 1185 1609 1239 mullus
1666 1186 1722 1239 in
1765 1194 1954 1239 mente.
1989 1183 2095 1250 Qui

2274 1192 2377 1247 κθ’.
2409 1195 2812 1264 Μακρόθυμος
2847 1196 3024 1265 ἀνὴρ,
3062 1199 3260 1266 πολὺς
3283 1201 3356 1255 ἐν
3382 1203 3688 1271 φρονήσει.
3719 1207 3760 1261 '0

500 1274 806 1329 secundum
851 1275 1124 1330 rationem
1170 1276 1386 1332 animos
1427 1275 1613 1332 domat
1632 1285 1686 1333 et
1715 1278 1972 1332 dolorosa
2003 1292 2098 1347 ge-

2211 1287 2340 1340 ιιατά
2379 1287 2535 1355 λόγον
2571 1289 2790 1360 κρατῶν
2821 1290 2916 1344 τοῦ
2943 1289 3143 1362 θυμοῦ,
3178 1295 3273 1347 καὶ
3310 1297 3583 1360 γενναίως
3614 1300 3761 1369 φέρων

501 1379 701 1420 nerose
743 1363 958 1430 suffert,
993 1366 1087 1434 qui
1121 1366 1624 1437 circumspiciendo
1676 1368 1811 1423 facit
1841 1379 1898 1425 et
1958 1369 2096 1424 dicit

2211 1378 2266 1432 τά
2297 1379 2542 1449 ἀλγεινὰ,
2599 1382 2739 1452 μετὰ
2779 1383 3165 1454 περισκέψεως
3195 1386 3368 1444 ποιῶν
3415 1389 3514 1442 καὶ
3554 1363 3712 1460 λέγων
3739 1394 3765 1447 ἆ

499 1456 646 1526 quod
679 1463 924 1526 oportet,
954 1457 1047 1513 ille
1070 1457 1367 1515 manifeste
1395 1467 1634 1515 mentem
1673 1460 1861 1518 habet.

2211 1471 2296 1536 Ξεῖ,
2331 1474 2632 1543 περιφανὲς
2663 1475 2932 1546 κέκτηται
2963 1476 3247 1548 φρόνημα.

571 1583 989 1652 Pusillam'mus,
1012 1587 1167 1641 ualde
1198 1603 1403 1644 amens.
1433 1588 1534 1653 Qui
1584 1596 1806 1658 propter
1827 1589 2092 1659 pusillum

503 1677 748 1732 animum
788 1677 897 1733 cito
929 1679 984 1733 in
1005 1681 1146 1734 iram
1181 1680 1428 1746 effertur,
1460 1695 1598 1751 quas
1623 1696 1733 1736 non
1765 1689 1986 1752 oportet
2011 1681 2095 1736 fa-

501 1773 655 1828 citet
689 1773 846 1838 dicit,
871 1774 963 1828 hic
987 1784 1074 1830 est
1099 1789 1310 1830 amens.

2280 1601 2344 1655 '0
2387 1602 2457 1656 δὲ
2491 1603 2887 1674 ὀλιγόψυχος,
2935 1607 3199 1676 ἰσχυρῶς
3242 1607 3477 1678 ἄφρων.
3523 1610 3580 1664 '0
3607 1612 3659 1666 δὲ
3698 1614 3766 1667 διὰ

2199 1693 2568 1764 μικροψυχίαν
2614 1697 2827 1766 ταχέως
2876 1697 3251 1770 ἐκφερόμενος
3297 1703 3382 1765 είς
3430 1701 3618 1773 θυμὸν,
3649 1705 3681 1759 ἃ
3709 1708 3765 1778 μὴ

2132 1824 2178 1880 Β
2204 1787 2286 1840 δεῖ
2313 1788 2484 1842 ποιῶν
2515 1805 2575 1841 τε
2603 1789 2698 1842 καὶ
2719 1788 2917 1858 λέγων,
2941 1791 3133 1861 ἄφρων
3163 1793 3334 1848 ἐστίν.

574 1899 740 1957 Vens.
769 1902 858 1956 50.
882 1901 1032 1957 Mitis
1064 1903 1160 1967 vir,
1189 1903 1365 1957 cordis
1386 1903 1636 1958 medicus.
1656 1901 1759 1969 Qui
1783 1903 1968 1958 animo
1995 1917 2104 1957 non

504 1993 783 2060 turbatur,
817 2008 1010 2049 eorum
1031 2009 1220 2058 causa,
1248 1995 1454 2064 quibus
1479 1997 1621 2050 alius
1651 1996 1706 2049 in
1735 1996 1914 2065 ipsum
1947 1994 2106 2050 affer-

504 2095 616 2151 tur,
645 2087 741 2142 sed
784 2087 934 2141 illata
964 2087 1070 2142 sibi
1121 2088 1358 2142 viriliter
1388 2089 1697 2158 perpetitur
1737 2096 1793 2143 et
1843 2087 2104 2143 adversa-

505 2176 651 2229 rium
698 2178 940 2232 suaviter
973 2177 1126 2243 adiit,
1157 2193 1258 2247 per
1327 2193 1483 2233 suam
1538 2178 1896 2234 tolerantiam
1940 2185 2102 2234 sanat

504 2267 775 2322 turbitam
818 2267 1060 2322 animam
1096 2268 1350 2324 alterius.

2284 1912 2350 1966 λ¹.
2380 1913 2736 1982 Πραῢθυμος
2757 1912 2935 1982 ἀνὴρ,
2974 1915 3224 1984 καρδίας
3249 1917 3475 1985 ἱατρός.
3521 1917 3576 1972 '0
3607 1919 3674 1988 μὴ
3691 1923 3764 1973 ὲκ-

2211 2006 2624 2076 ταρασσόμενος
2649 2005 2728 2076 τῷ
2757 2005 2913 2076 θυμῷ
2940 2007 2998 2061 ὲν
3023 2001 3105 2070 οἷς
3127 2025 3212 2071 τις
3237 2010 3536 2078 ἐκφέρεται
3564 2012 3671 2064 κατ’
3690 2013 3763 2065 αὐ-

2208 2096 2327 2159 τοῦ,
2363 2095 2503 2150 ἀλλά
2531 2096 2797 2165 γενναίως
2829 2098 3011 2168 φέρων
3058 2098 3127 2152 τὰ
3167 2101 3298 2167 παρ’
3329 2099 3499 2153 αὑτοῦ
3522 2101 3658 2171 αὐτῷ
3683 2103 3754 2153 ἑπ-

2208 2189 2505 2260 ερχόμενα,
2542 2190 2637 2243 καὶ
2664 2191 2889 2260 πραέως
2918 2189 3081 2244 αὑτὸν
3123 2191 3548 2263 μετερχόμενος,
3577 2193 3658 2246 διὰ
3682 2194 3758 2261 τῆς

583 2504 748 2562 Tinea
801 2508 1028 2573 ossium,
1067 2522 1157 2560 cor
1207 2507 1472 2560 sensibile.
1513 2505 1669 2560 Sicut
1721 2504 1911 2562 teredo
1967 2520 2096 2561 ossa

505 2601 776 2666 corrodit,
808 2600 886 2654 ita
919 2613 1036 2663 cor,
1063 2597 1210 2669 quod
1247 2607 1450 2667 praesto
1481 2606 1568 2654 est
1594 2599 1854 2654 sensibus
1908 2597 2097 2669 (modo

505 2690 768 2759 iucundis
821 2687 1197 2760 supereflluet,
1226 2687 1392 2743 modo
1445 2688 1658 2745 doloris
1711 2689 2092 2760 exturbatur),

507 2783 782 2841 firmiores
832 2785 1030 2838 animae
1077 2785 1374 2854 potentias,
1404 2785 1458 2839 in
1486 2784 1838 2855 passionihus
1885 2792 2099 2838 naturae

508 2874 805 2946 disperdit.

583 3098 691 3164 Qui
737 3098 1098 3151 calumniatur
1154 3113 1460 3167 pauperem,
1502 3106 1783 3166 exasperat
1841 3097 2097 3166 factorem

2211 2283 2348 2346 ίδίας
2373 2282 2748 2347 ἀνεξικακίας,
2788 2284 2891 2355 τὴν
2929 2284 3352 2354 τεταραγμένην
3387 2284 3594 2337 ἐκείνου
3623 2283 3755 2357 θερα-

2207 2375 2369 2428 πεύει
2394 2375 2598 2447 ψυχήν.

2278 2503 2402 2574 Σὴς
2449 2503 2519 2557 δὲ
2561 2503 2814 2571 ὀστέων,
2852 2503 3068 2572 καρδία
3115 2504 3463 2572 αἰσθητικὴ.
3492 2505 3683 2577 Ὠσπερ
3712 2505 3755 2558 δέ

2206 2615 2292 2662 τις
2342 2595 2562 2669 σκώληξ
2629 2596 3021 2667 διαϐιὸρώσκει
3080 2599 3248 2662 ὀστᾶ,
3305 2597 3454 2652 οὕτω
3508 2597 3682 2665 καρδία
3727 2600 3752 2668 ή

2206 2688 2442 2759 ἑτοίμως
2505 2687 2627 2740 κατ’
2671 2686 2924 2757 αἴσθησιν
2972 2689 3086 2750 τοῖς
3145 2687 3245 2757 μὲν
3316 2687 3469 2758 ἡδέσι
3515 2687 3754 2758 διαχεομέ-

2206 2797 2292 2850 νη,
2329 2783 2444 2844 τοῖς
2482 2779 2526 2832 δ’
2554 2779 2824 2848 ἀλγεινοῖς
2865 2779 3338 2853 ἐκταραττομένη,
3371 2781 3471 2843 τὰς
3501 2778 3755 2841 τονωτικὰς

2203 2872 2306 2942 τῆς
2331 2872 2511 2943 ψυχῆς
2562 2871 2822 2942 δυνάμεις
2850 2872 2932 2936 είς
2963 2874 3033 2925 τὰ
3060 2873 3210 2944 παρὰ
3228 2873 3398 2940 φύσιν
3427 2871 3568 2942 πάθη
3590 2887 3753 2923 καταν-

2205 2965 2443 3018 αλίσκει.

2277 3097 2378 3149 λα’.
2438 3097 2504 3148 '0
2550 3094 2957 3164 συκοφαντῶν
3006 3095 3260 3164 πένητα,
3321 3097 3633 3166 παροξύνει
3671 3094 3753 3146 τόν

509 3186 654 3255 ejus.
680 3185 784 3252 Qui
825 3186 1033 3240 homini
1065 3201 1281 3254 semper
1304 3185 1594 3256 indigenti,
1628 3196 1890 3257 tanquam
1940 3186 2098 3240 inde-

2211 3188 2549 3254 ποιήσαντα
2567 3189 2777 3242 αὐτόν.
2818 3188 2877 3241 '0
2901 3187 2980 3258 τῷ
3006 3189 3094 3240 ἀεὶ
3115 3188 3309 3254 ἐνδεεῖ,
3334 3189 3410 3252 ὡς
3431 3185 3751 3258 ἀπροστατεύ-

511 3278 692 3345 fenso,
716 3292 817 3334 sua
848 3277 1071 3348 propria
1091 3277 1221 3334 vitia
1251 3277 1464 3348 objicit,
1485 3279 1729 3335 lictorem
1763 3280 1903 3350 ejus,
1929 3267 2100 3335 Deum

512 3378 802 3443 provocat.
858 3435 874 3450 κ

585 3503 692 3569 Qui
720 3503 947 3557 honorat
979 3503 1166 3569 Deum,
1201 3505 1481 3560 miseretur
1536 3507 1806 3577 pauperis.
1841 3505 1969 3573 Qui,
2003 3507 2104 3562 bo-

515 3596 606 3652 nis
633 3597 919 3667 operibus,
952 3594 1170 3651 Patrem
1196 3596 1251 3651 in
1276 3597 1435 3653 caelis
1475 3596 1731 3664 honorat,
1763 3614 1947 3655 rerum
1978 3599 2104 3654 ino—

514 3701 637 3758 pem
664 3686 826 3742 deflet
858 3694 935 3752 et,
962 3688 1017 3742 in
1046 3699 1314 3757 quantum
1343 3697 1546 3760 potest,
1582 3690 1830 3760 adjuvat.

589 3903 758 3960 Vens.
792 3905 882 3960 52.
904 3905 968 3960 In
1001 3907 1208 3961 malitia
1232 3925 1356 3973 sua,
1381 3909 1570 3976 peribit
1609 3909 1826 3977 impius.
1860 3909 1920 3962 In
1972 3923 2098 3978 pro-

514 3998 656 4068 pria,
691 4006 746 4052 ct
767 4013 878 4052 non
911 3997 966 4052 in
996 4005 1213 4068 patrum
1250 4001 1334 4055 vel
1362 4000 1596 4055 filiorum
1633 4000 1843 4054 malitia
1877 4000 2102 4070 peribit,

515 4089 610 4158 qni
648 4087 816 4143 Deum
852 4102 950 4159 per
1000 4089 1145 4144 bona
1176 4105 1342 4160 opera
1375 4106 1481 4146 non
1513 4092 1770 4147 honorat.
1806 4091 1912 4158 Qui
1962 4091 2106 4146 lilio—

518 4195 641 4252 rum
675 4187 730 4234 et
766 4179 1038 4243 omnium,
1066 4179 1170 4234 sub
1201 4195 1365 4235 manu
1393 4181 1889 4253 ejusdegentium,
1914 4195 2104 4236 curam

2204 3298 2306 3351 τῳ,
2329 3281 2664 3351 προσάπτων
2711 3280 2786 3333 τὰ
2832 3277 3030 3332 ἑαυτοῦ
3061 3280 3393 3350 αἰτιάματα,
3439 3280 3526 3333 τὸν
3553 3277 3751 3347 πλάστην

2205 3371 2375 3426 αὐτοῦ
2409 3370 2738 3443 παροργίζει
2763 3370 2914 3425 Θεόν.

2285 3500 2350 3553 ’0
2401 3499 2471 3554 δὲ
2523 3498 2712 3568 τιμῶν
2761 3499 2969 3564 αὐτὸν,
3003 3498 3163 3553 ἐλεεῖ
3223 3500 3486 3568 πτωχόν.
3527 3496 3585 3550 '0
3629 3495 3668 3547 δ’
3706 3495 3748 3544 ἐν

2207 3591 2600 3665 ἅγαθοεργίαις
2626 3592 2719 3645 τὸν
2751 3593 2809 3646 ἐν
2838 3592 3086 3662 οὐρανοῖς
3111 3591 3338 3660 Πατέρα
3367 3589 3557 3660 τιμῶν,
3588 3585 3745 3640 οίκτεί-

2213 3687 2418 3758 ρειτὸν
2459 3684 2568 3740 ἀπὸ
2597 3682 2832 3738 πλούτου
2869 3684 3128 3751 πεσόντα,
3158 3684 3253 3737 καὶ
3286 3683 3366 3748 ὡς
3398 3679 3610 3736 δυνατὸν
3633 3675 3746 3744 αὺτῷ

2211 3778 2418 3851 βοηθεῖ.

2281 3905 2384 3977 λβ¹.
2427 3905 2526 3959 Ἐν
2559 3905 2741 3972 κακίᾳ
2768 3903 2955 3959 αὐτοῦ
3006 3903 3321 3958 ἀπολεῖται
3345 3899 3578 3967 ἀσεϐής.
3614 3895 3744 3962 Ἐντῇ

2215 3997 2324 4068 ἰδίᾳ
2357 3997 2550 4067 κακίᾳ,
2588 3997 2685 4050 καὶ
2720 3997 2795 4067 μὴ
2824 3998 2893 4068 τῇ
2933 3995 3041 4049 τῶν
3076 3996 3336 4064 πατέρων
3368 3995 3400 4065 ἢ
3440 3994 3646 4051 τέκνων,
3669 3989 3747 4039 ἀπ·

2211 4089 2414 4143 ολεῖται
2435 4091 2464 4143 ὁ
2497 4088 2573 4160 μὴ
2593 4089 2659 4142 δι’
2683 4088 2906 4156 ἀγαθῶν
2937 4087 3114 4159 ἔργων
3137 4088 3316 4157 τιμῶν
3345 4088 3434 4141 τὸν
3455 4084 3596 4139 Θεόν.
3628 4081 3748 4132 Ἀπο-

2211 4176 2398 4230 δίδωσι
2448 4176 2559 4248 γὰρ
2612 4177 2771 4245 λόγον
2817 4178 2845 4229 ὁ
2899 4177 2976 4246 μὴ
3027 4175 3138 4230 τῶν
3181 4177 3392 4231 τέκνων
3434 4175 3525 4228 καὶ
3553 4171 3646 4224 τῶν
3670 4165 3746 4219 ὑπὸ

519 4285 630 4325 non
665 4269 855 4335 habet,
888 4301 959 4310 —
983 4270 1256 4326 rationem
1291 4270 1508 4335 reddet,
1549 4288 1659 4327 non
1714 4273 1784 4328 de
1835 4286 1924 4338 eo,
1958 4271 2101 4342 quod

2214 4271 2373 4339 χεῖρα
2412 4268 2782 4339 ποιησάμενος
2819 4267 3162 4338 ἐπιμέλειαν,
3199 4268 3300 4338 οὑχ
3345 4269 3426 4323 ὅτι
3469 4260 3599 4320 οὗτοι
3625 4257 3747 4314 κακοὶ

520 4359 577 4412 hi
611 4361 737 4414 mali
788 4363 1086 4428 evaserint,
1118 4365 1214 4416 sed
1250 4361 1398 4432 quod
1427 4363 1542 4432 ipse
1573 4362 1641 4417 de
1681 4378 1871 4418 eorum
1931 4363 2101 4418 salute

2215 4361 2484 4429 ἐγένοντο,
2514 4360 2629 4413 ἀλλ’
2653 4361 2737 4414 ὅτι
2764 4360 2930 4423 αὐτὸς
2976 4362 3078 4432 τῆς
3123 4361 3402 4431 σωτηρίας
3432 4357 3618 4412 τούτων
3639 4350 3744 4421 ὴμέ-

520 4465 632 4506 ηοη
667 4455 968 4509 curaverit.
1002 4452 1241 4519 Rursus,
1277 4462 1332 4508 et
1358 4452 1411 4506 hi
1439 4454 1977 4518 condemnabuutur,
1998 4469 2101 4508 non

2216 4453 2350 4525 λησε
2374 4470 2386 4481 ·
2435 4453 2598 4507 πάλιν
2640 4453 2684 4507 δ’
2709 4445 2858 4506 οὗτοι
2888 4451 3335 4524 κατακρίνονται,
3377 4452 3435 4504 οὐ
3458 4450 3538 4502 διὰ
3566 4446 3648 4516 τὴν
3666 4441 3744 4494 τῶν

525 4553 754 4615 propter
794 4553 1010 4616 patrum
1066 4554 1121 4602 et
1171 4546 1522 4602 dominorum
1572 4547 1982 4620 negligentiam,
2012 4547 2101 4604 sed

2217 4551 2470 4621 πατέρων
2500 4551 2596 4604 καὶ
2625 4549 2909 4604 δεσποτῶν
2945 4549 3234 4620 ἀμέλειαν,
3257 4547 3373 4602 ἀλλ’
3397 4548 3476 4614 ὅτι
3502 4539 3637 4596 αὐτοὶ
3668 4552 3742 4588 κα-

524 4639 669 4708 quod
701 4639 805 4710 ipsi
837 4640 969 4696 mali
999 4639 1129 4696 facti
1157 4640 1288 4697 sint.

2219 4644 2310 4696 κοὶ
2339 4644 2655 4711 γεγόνασιν.

557 4765 559 4768 ⁴
597 4763 703 4830 Qui
722 4764 1011 4835 conﬁditin
1041 4765 1292 4832 Domino,
1320 4770 1405 4821 sui
1431 4768 1594 4835 ipsius
1611 4767 2101 4836 sanctitatejustus.

2302 4770 2366 4823 '0
2399 4769 2469 4822 δὲ
2501 4768 2805 4835 πεποιθὼς
2853 4767 2954 4821 ἐπὶ
2991 4767 3233 4836 Κύριον,
3274 4765 3351 4836 τῇ
3388 4760 3587 4819 ἑαυτοῦ
3616 4750 3742 4810 ὁσιό-

527 4854 632 4923 Qui
660 4857 714 4910 in
753 4871 937 4912 rerum
977 4866 1308 4913 cunctarum
1344 4858 1658 4923 Dominum,
1700 4872 1918 4912 omnem
1963 4873 2101 4927 spetr

2217 4878 2350 4929 τητι
2383 4860 2635 4926 δίκαιος.
2681 4860 2742 4912 '0
2793 4859 2838 4912 δ’
2882 4860 2978 4913 ἐπὶ
3024 4857 3118 4912 τὸν
3168 4857 3264 4912 τοῦ
3302 4856 3496 4918 παντὸς
3521 4846 3743 4910 Δεσπότην

529 4965 684 5004 suam
728 4951 970 5021 reponit,
995 4950 1182 5018 justus
1206 4957 1292 5006 est
1321 4964 1386 5004 ex
1432 4946 1773 5019 perfectione
1808 4964 1906 5004 sua
1944 4949 2101 5004 relate

2225 4955 2409 5016 πάσας
2435 4951 2774 5022 ἀναθέμενος
2807 4951 2908 5013 τὰς
2945 4950 3198 5015 ἐλπίδαςι
3227 4950 3458 5020 ὑπάρχει
3482 4944 3672 5000 δίκαιος,
3692 4933 3740 4999 τῇ

529 5044 596 5098 ad
639 5043 831 5110 Deum,
872 5050 927 5100 et
980 5059 1090 5099 non
1125 5059 1190 5096 ex
1225 5043 1459 5097 aliorum
1491 5041 1752 5112 operibus
1801 5048 1856 5097 et
1903 5042 2101 5096 actibus

2224 5045 2422 5100 ἑαυτοῦ
2471 5045 2609 5115 πρὸς
2643 5045 2850 5113 Κύριον
2882 5041 3204 5114 τελειότητι,
3243 5043 3338 5096 καὶ
3370 5041 3466 5094 οὐκ
3497 5025 3743 5098 ἀλλοτρίοις

534 5138 738 5202 rectis;
770 5137 1072 5208 requiritur
1119 5137 1267 5192 enim
1314 5152 1344 5190 a
1395 5135 1578 5200 nobis,
1614 5147 1672 5191 ut
1721 5151 1788 5192 ex
1837 5135 2101 5190 laboribus

2221 5139 2406 5210 ἔργοις
2444 5137 2540 5191 καὶ
2571 5135 3024 5207 κατορθώμασινο
3063 5135 3125 5200 ἐξ
3157 5135 3305 5190 ἰδίων
3334 5133 3438 5204 γὰρ
3471 5118 3738 5194 πονημάτφν

531 5234 740 5290 nostris
774 5231 1066 5288 Dominum
1108 5233 1464 5290 honoremus.
1934 5269 1938 5272 -

2220 5231 2388 5300 τιμᾷν
2422 5228 2515 5282 τὸν
2541 5227 2747 5299 Κύριον
2779 5227 3183 5298 ἀπαιτούμεθα.

2295 5356 2396 5424 )“Υ”
2443 5358 2546 5410 Ἑν
2580 5355 2798 5423 καρδίᾳ
2841 5353 3041 5424 ἀγαθῇ
3075 5354 3440 5408 ἀναπαύεται
3459 5343 3636 5414 σοφία.
3671 5333 3737 5386 Ἐν

2223 5444 2369 5519 ψυχῇ
2403 5447 2719 5516 κεκτημένῃ
2753 5445 2854 5514 τὴν
2889 5446 2969 5508 είς
3003 5445 3135 5498 Θεὸν
3173 5446 3267 5499 καὶ
3300 5443 3394 5515 τὴν
3420 5435 3616 5507 πλησίον
3633 5423 3734 5492 ἀγά⁸

2226 5558 2358 5610 πην,
2391 5543 2425 5612 ἡ
2454 5540 2564 5593 τῶν
2613 5539 2776 5592 θείων
2806 5538 2902 5591 καὶ
2938 5538 3048 5591 τῶν
3080 5537 3433 5608 ἀνθρωπίνων
3461 5520 3735 5612 πραγμάτιιξν

605 5358 770 5413 Vens.
795 5359 884 5414 '55.
919 5359 986 5413 In
1014 5360 1170 5414 corde
1212 5359 1365 5423 bono,
1411 5359 1688 5429 requiescit
1739 5358 2020 5426 sapientia.
2062 5355 2120 5411 In

537 5449 744 5516 anima,
771 5465 893 5520 quae
951 5451 1276 5506 charitatem
1323 5452 1376 5505 in
1420 5450 1589 5506 Deum
1638 5461 1692 5505 et
1723 5450 1775 5504 in
1809 5450 2118 5519 proximum

535 5541 805 5612 possidet,
829 5557 1010 5596 rerum
1035 5542 1348 5598 divinarum
1390 5550 1446 5598 et
1484 5542 1851 5598 humanarum
1887 5541 2122 5597 scientia

536 5607 862 5705 requiescit:
931 5635 1019 5688 cui
1073 5635 1258 5690 obedit
1289 5635 1343 5688 in
1403 5634 1662 5690 omnibus
1711 5641 1766 5689 et
1805 5633 2101 5701 neutiquau

2228 5632 2512 5703 ἐπιστήμη
2570 5631 3020 5685 ἐπαναπαύεται’
3081 5630 3252 5699 ταύτῃ
3321 5617 3645 5705 πειθαρχοῦσα
3687 5607 3736 5705 ἐν

535 5726 856 5794 opponitur,
879 5732 1025 5778 amat
1062 5727 1206 5780 enim
1246 5724 1438 5792 Deum,
1473 5725 1629 5796 cujus
1659 5740 1930 5781 summam
1968 5723 2098 5777 boni

2229 5722 2425 5788 ἅπασι,
2461 5723 2556 5774 καὶ
2604 5721 2727 5789 μηδ’
2756 5720 3011 5773 ὁπωσοῦν
3055 5719 3402 5788 ἀντικειμένη
3427 5731 3438 5745 ·
3471 5692 3730 5796 ἁγαπᾷᾄάξ

545 5827 708 5873 tatcm
737 5819 985 5891 agnoscit
1016 5829 1069 5876 ct
1097 5819 1546 5890 omnipotentiam
1577 5837 1593 5891 ε
1628 5819 1878 5877 homines
1907 5832 2101 5888 quoqw

2230 5814 2386 5878 Θεὸν,
2440 5813 2500 5866 τὸ
2551 5812 2863 5881 πανάγαθον
2919 5811 3084 5866 αὺτοῦ
3137 5810 3542 5878 ὲπιγινώσκουσα
3582 5787 3654 5845 καὶ
3691 5778 3731 5831 τδ
