3958 6460
372 366 501 432 1371

372 577 675 648 telligentia
733 575 975 646 linguam
1039 573 1109 629 ab
1154 572 1750 658 peccando-custodit,
1801 572 1961 628 donis

371 673 609 742 Spiritus
661 670 841 726 sancti
887 668 1212 738 replebitur,
1251 666 1411 738 cujus
1441 665 1847 738 receptaculum
1880 665 1962 720 ta-

373 774 498 822 ctus
531 772 618 821 est
648 770 872 834 propter
910 761 1109 818 mentis
1141 761 1456 832 puritatem.

447 982 609 1040 Vens.
649 985 702 1040 5.
737 982 946 1039 Stultus
998 983 1189 1037 irridet
1236 982 1579 1052 disciplinam
1606 984 1802 1052 patris.
1858 982 1963 1050 Qui

377 1080 499 1134 sine
527 1087 708 1133 mente
739 1086 847 1143 est,
879 1076 1106 1133 monitis
1128 1076 1382 1149 magistri
1427 1078 1511 1132 sui
1548 1076 1749 1132 illudit.

450 1301 556 1366 Qui
586 1300 844 1355 ntandata
884 1299 1140 1365 custodit,
1173 1299 1447 1354 callidior.
1474 1297 1580 1366 Qui
1612 1297 1964 1368 prudentium

377 1408 558 1460 more,
617 1400 889 1464 praecepta
951 1394 1204 1465 magistri
1266 1393 1549 1456 observat,
1607 1400 1962 1463 augmentum

375 1485 751 1557 intelligentia
779 1487 998 1554 recipit,
1021 1485 1340 1559 quotidiein
1373 1487 1516 1542 bono
1543 1485 1856 1557 proﬁciens.

449 1708 619 1766 Vens.
651 1709 706 1764 6.
735 1707 802 1763 In
814 1709 1032 1776 iustitia
1063 1719 1342 1774 crescente,
1375 1708 1638 1779 fortitudo
1687 1708 1877 1764 multa.
1909 1707 1966 1764 In

1704 363 2058 426 PROCOPII
2099 365 2342 429 GAZIEI

443 489 550 553 Qui
576 482 805 539 custodit
834 498 972 546 eam,
1001 480 1290 550 replebitur
1325 480 1542 550 spiritu.
1573 477 1675 546 Qui
1715 494 1842 534 cum
1868 479 1952 533 in-
1981 482 2030 538 Α

3530 372 3654 438 1372

2140 480 2204 536 '0
2231 481 2300 536 δὲ
2325 481 2646 556 συντηρῶν
2672 486 2780 541 αὐτ
2792 484 2892 555 ὴν,
2919 487 3352 556 πλησθήσεται
3383 489 3654 560 Πνεῦμα.

2063 590 2186 640 τος.
2214 574 2387 638 Αὐτὸς
2415 575 2471 628 δὲ
2492 577 2520 629 ὁ
2553 577 2838 646 φυλάττων
2882 577 2982 631 σὺν
3013 581 3076 650 τῇ
3100 578 3318 651 διανοίᾳ
3357 579 3464 650 τὴν
3491 580 3657 649 γλῶτ-

2062 681 2161 720 ταν
2189 667 2284 720 τοῦ
2314 668 2391 740 μὴ
2416 669 2778 742 ἁμαρτάνειν,
2809 670 2918 725 τῶν
2956 670 3051 725 τοῦ
3094 672 3373 740 παναγίου
3408 671 3657 744 Πνεύμα-

2062 774 2153 821 τος
2194 757 2573 830 πλησθήσεται
2616 761 3005 831 χαρισμάτων,
3049 761 3255 834 δοχείον
3307 763 3658 833 χρηματίσας

2064 847 2230 903 αὑτοῦ
2261 849 2353 904 διὰ
2377 851 2497 914 νοδς
2525 853 2898 926 καθαρότητα.

2136 985 2200 1032 ε’.
2250 980 2494 1050 Ἄφρων
2540 980 2887 1052 μυκτηρίζει
2946 983 3224 1040 παιδείαν
3285 984 3551 1054 πατρός.
3604 985 3660 1040 '0

2065 1069 2293 1215 :vénsoc
2344 1073 2607 1145 ἐμπαίζει
2655 1077 2723 1147 τῇ
2772 1075 2868 1130 τοῦ
2921 1077 3124 1132 οἰκείου
3157 1070 3499 1132 διδασκάλου
3546 1094 3661 1133 νου-

2101 1162 2242 1215 εσία.
2897 1185 2899 1187 ·

2101 1162 2242 1219 εσία.
2897 1185 2899 1187 ·

2153 1292 2207 1348 '0
2243 1294 2314 1348 δὲ
2351 1294 2694 1363 φυλάσσων
2735 1296 3013 1364 ἐντολὰς,
3053 1299 3574 1370 πανουργότερος.
3605 1300 3662 1354 '0

2067 1385 2127 1441 δὲ
2174 1385 2245 1439 τὰ
2290 1385 2506 1453 τούτου,
2540 1388 2618 1450 ὡς
2643 1389 2928 1461 φρόνιμος,
2977 1387 3151 1444 ποιῶν
3191 1390 3661 1461 παραγγέλματα,

2071 1479 2395 1550 προσθήκην
2435 1481 2754 1550 φρονήσεως
2784 1480 3022 1551 δέχεται,
3065 1481 3148 1546 είς
3178 1481 3241 1534 τὸ
3279 1480 3502 1552 ἀγαθὸν
3541 1483 3663 1553 ὁση-

2073 1573 2238 1644 μέραι
2269 1571 2562 1636 ἐπιδιδούς.

2144 1709 2218 1768 ς’.
2250 1704 2354 1756 Ἑν
2376 1699 2791 1771 πλεοναζούσῃ
2824 1702 3183 1772 δικαιοσύνῃ
3213 1701 3407 1772 ἰσχὺς
3444 1703 3662 1772 πολλή.

377 1801 691 1873 spiri-tualis
739 1802 875 1872 legis
933 1801 1186 1872 iustitia,
1253 1818 1376 1872 quae
1438 1811 1494 1856 et
1545 1802 1857 1857 naturalem
1912 1809 1969 1858 et

2101 1796 2172 1849 Εν
2193 1797 2259 1866 τῇ
2293 1793 2388 1848 τοῦ
2418 1793 2794 1865 πνευματικοῦ
2828 1795 2994 1867 νόμου
3016 1794 3363 1869 δικαιοσύνῃ,
3388 1797 3461 1865 τῇ
3499 1796 3666 1866 ὑπερ-

379 1893 896 1964 scriptammultum
933 1902 1183 1963 superat,
1211 1900 1365 1948 tanta
1395 1903 1482 1950 est
1529 1893 1732 1950 divina:
1779 1893 1971 1964 gratiae

2098 1888 2346 1961 ἱαλλούσῃ
2369 1889 2468 1960 τὴν
2496 1886 2591 1942 τοῦ
2634 1888 2866 1959 φυσικοῦ
2888 1905 2948 1942 τε
2989 1888 3084 1943 καὶ
3108 1887 3204 1943 τοῦ
3228 1888 3513 1960 γραπτοῦ,
3544 1907 3664 1944 τοσ-

379 1985 513 2054 (qua
548 1985 673 2055 quis
694 1985 950 2056 dignatus
972 1983 1160 2056 tuerit)
1191 1985 1456 2055 potentia,
1481 1994 1543 2041 ut
1565 2001 1673 2039 non
1701 1984 1851 2043 solas
1871 1999 1970 2040 na-

380 2081 521 2127 tum
557 2073 868 2143 passiones,
897 2072 994 2129 sed
1047 2073 1222 2143 ipsam
1267 2088 1490 2144 quoque
1540 2079 1798 2127 naturam
1845 2072 1969 2127 vin-

381 2171 495 2217 cat.

454 2287 619 2360 Impii
642 2290 903 2345 radicitus
931 2290 998 2346 de
1025 2299 1170 2345 terra
1216 2288 1479 2360 peribunt.
1517 2290 1623 2356 Qui
1657 2289 1827 2345 Deum
1875 2304 1974 2360 per

387 2396 559 2452 Opera
595 2398 707 2439 non
753 2383 1055 2449 honorant,
1101 2391 1278 2439 morte
1305 2382 1376 2438 de
1413 2390 1562 2438 terra
1591 2384 1970 2450 destruentur,

384 2489 513 2530 cum
546 2474 662 2542 illo,
694 2475 764 2530 ad
797 2483 1020 2532 terrena
1059 2485 1332 2548 respectu,
1357 2478 1462 2533 sub
1497 2493 1608 2547 quo
1645 2477 1841 2532 animae
1860 2491 1975 2534 suae

385 2569 644 2640 perituris
667 2570 834 2626 rebus
867 2570 940 2625 ita
969 2577 1098 2625 sunt
1126 2569 1320 2654 alligat,
1356 2579 1413 2626 ut
1456 2572 1601 2626 inter
1631 2570 1976 2643 incorrupti-

386 2659 519 2715 bilia
549 2661 729 2716 nolint
760 2661 1072 2718 transferri.

223 2947 242 2955 ﬂ
451 2882 706 2937 Domibus
756 2881 1031 2950 justorum
1082 2881 1347 2952 fortitudo
1406 2881 1598 2938 multa.
1633 2881 1975 2953 Corporibus

384 2991 600 3043 eorum,
635 2976 728 3046 qui
754 2975 940 3031 divina
972 2975 1228 3030 mandata
1284 2974 1607 3030 custodiunt
1639 2975 1768 3046 (ipsi
1825 2976 1975 3030 enim

388 3069 442 3122 in
475 3067 564 3122 bis
612 3067 942 3137 corporibus
984 3066 1053 3120 ad
1094 3075 1328 3121 mortem
1365 3080 1562 3134 usque,
1611 3075 1872 3137 tanquam
1919 3067 1975 3122 in

387 3158 668 3226 domibus,
698 3159 1074 3230 permanent),
1104 3165 1257 3214 tanta
1291 3158 1435 3213 inest
1470 3158 1646 3213 virtus
1689 3173 1787 3228 per
1833 3158 1978 3214 divi-

387 3267 514 3307 nam
557 3253 811 3321 gratiam,
842 3260 901 3306 ut
962 3252 1208 3307 obtectas
1269 3252 1324 3306 in
1371 3267 1432 3309 se
1490 3251 1800 3322 passiones,
1846 3260 1976 3308 actu

388 3343 723 3399 mortiﬁcent
751 3353 806 3401 et
827 3344 1060 3402 virtutes
1091 3345 1386 3401 extollant.

459 3467 695 3524 Fructus
726 3471 1012 3541 impiorum
1045 3470 1311 3538 peribunt.
1344 3469 1520 3541 Opera
1555 3485 1770 3538 eorum,
1792 3472 1976 3542 -—qui

388 3559 582 3629 Deum,
620 3575 715 3630 per
746 3562 915 3618 vitam
957 3562 1156 3618 virtute
1213 3562 1509 3632 integram,
1536 3579 1646 3618 non
1677 3563 1974 3630 honorant,

387 3683 458 3694 —
485 3651 553 3707 ad
584 3652 816 3708 nihilum
863 3653 1114 3718 abibunt,
1152 3652 1379 3724 perinde
1420 3665 1483 3710 ac
1516 3654 1687 3711 relate
1738 3657 1807 3710 ad
1861 3656 1980 3711 sola

389 3745 772 3818 corruptibilia
807 3754 995 3802 essent
1023 3745 1242 3802 ell'ecta.

400 3879 408 3887 '
461 3873 630 3932 Vens.
655 3876 704 3931 7.
733 3875 897 3930 Labia
929 3877 1252 3946 sapientium
1281 3877 1462 3931 sensui
1489 3877 1813 3946 alligantur.
1845 3876 1981 3934 Ver-

392 3967 458 4021 ba
519 3967 853 4037 sapientium
897 3967 1186 4036 judicandi
1218 3967 1480 4024 facultate
1529 3977 1977 4026 connectuntur:

390 4058 481 4111 ubi
515 4069 753 4128 oportet,
791 4065 845 4114 et
877 4059 1099 4130 quando
1147 4070 1203 4116 et
1240 4063 1519 4132 quomodo
1573 4069 1813 4133 oportet,
1846 4077 1981 4132 pro-

394 4149 665 4204 feruntur.

400 4299 408 4307 ν
465 4274 572 4331 Cor
598 4277 890 4332 amentium
919 4295 1029 4332 non
1072 4286 1151 4334 est
1178 4296 1440 4336 securum.
1476 4281 1672 4337 Anima
1706 4283 1980 4354 insipien-

308 4429 321 4439 ο
393 4369 553 4431 tium,
588 4369 643 4424 in
700 4369 902 4426 timore
931 4369 1151 4426 Domini
1203 4387 1311 4428 non
1375 4373 1690 4445 custoditur
1721 4375 1790 4431 ab
1845 4375 1980 4441 illis,

398 4475 521 4530 qua:
548 4469 744 4515 contra
776 4461 1050 4518 rationem
1089 4473 1240 4528 sunt,
1265 4463 1515 4534 judiciis.

473 4583 636 4640 Vens.
656 4584 710 4638 8.
745 4584 1032 4655 Sacriﬁcia
1062 4587 1345 4658 impiorum
1374 4588 1703 4646 abominatio
1737 4589 1979 4647 Domino.

396 4677 622 4748 Altjicit,
654 4692 839 4730 rerum
871 4677 1116 4732 omnium
1154 4677 1441 4746 Dominus,
1473 4681 1618 4737 dona
1659 4683 1763 4753 ipsi
1801 4683 1984 4738 oblata

397 4770 467 4824 ab
519 4767 859 4834 hominibus,
891 4769 986 4838 qui
1031 4771 1186 4838 prius
1221 4786 1349 4826 cum
1393 4774 1644 4842 patribus
1702 4788 1813 4829 non
1854 4781 1986 4828 sunt

401 4861 742 4917 reconciliati
765 4868 821 4916 et
843 4875 941 4932 per
978 4861 1310 4918 charitatem
1343 4865 1400 4919 in
1432 4881 1531 4922 eos
1578 4869 1726 4938 (quae
1755 4875 1840 4924 est
1869 4867 2003 4936 ple--

400 4954 594 5010 nitudo
645 4954 781 5026 legis
831 4963 885 5010 et
915 4953 1369 5027 prophetarum),
1410 4961 1818 5016 venerationem
1882 4960 1987 5032 ipsi

391 5065 508 5104 non
541 5049 879 5107 tribuerunt.

473 5157 688 5224 Preces,
712 5166 846 5215 recte
869 5158 1250 5227 incedentium,
1277 5171 1502 5230 accepta:
1543 5161 1685 5229 apud
1716 5177 1856 5216 eum.
1882 5158 1988 5216 De-

397 5254 750 5324 precationes
781 5269 971 5309 eorum
1000 5253 1248 5320 exaudit,
1281 5255 1376 5324 qui
1403 5257 1571 5311 vitam
1598 5270 1756 5310 suam
1791 5269 1992 5309 secun-

398 5347 534 5401 dum
572 5347 760 5402 divina
792 5349 1053 5404 mandata
1085 5350 1354 5420 dirigunt.

476 5451 645 5509 Vens.
681 5454 734 5509 9.
767 5454 1109 5510 Abominatio
1143 5457 1394 5522 Domino,
1420 5460 1516 5514 via:
1547 5459 1742 5528 inzpiw.
1775 5459 1994 5516 Odiosa:

406 5556 537 5602 sunt
569 5562 754 5602 rerum
795 5558 1126 5604 cunctarum
1161 5549 1422 5614 Domino,
1463 5560 1724 5622 tanquam
1760 5555 2020 5628 manda-V

407 5637 479 5693 tis
501 5639 622 5709 ejus
657 5641 942 5712 oppositas,
973 5655 1168 5697 omnes
1195 5641 1300 5696 illa:
1328 5641 1395 5695 ad
1430 5643 1594 5696 vitam
1634 5642 1992 5714 pertinentes,

410 5733 972 5797 intlustrize,bomittis
1010 5733 1302 5803 islius,qui
1340 5733 1504 5789 Deum
1540 5750 1632 5803 per
1667 5733 1806 5788 bona
1831 5750 1998 5803 opera

412 5836 520 5875 non
563 5823 816 5877 honorat.

2071 1980 2210 2052 αύτη
2247 1982 2397 2052 παρὰ
2427 1981 2528 2048 τῆς
2569 1981 2720 2045 θείας
2773 1982 2995 2053 χάριτος
3027 1981 3106 2051 τῷ
3141 1979 3354 2051 ταύτης
3386 1979 3666 2045 ἀξιωθέντι

2071 2074 2323 2145 δύναμις,
2365 2073 2506 2128 ὥστε
2545 2075 2618 2145 μὴ
2653 2073 2814 2143 μόνον
2849 2073 2917 2127 τὰ
2943 2071 3095 2145 παρὰ
3137 2071 3302 2142 φύσιν
3330 2070 3513 2143 πάθη,
3541 2072 3666 2128 ἀλλὰ

2072 2168 2169 2222 καὶ
2201 2168 2372 2238 αὐτὴν
2405 2167 2504 2238 τὴν
2549 2167 2710 2237 φύσιν
2739 2168 2920 2239 νικᾷν.

2148 2298 2214 2350 Οἱ
2236 2295 2306 2349 δὲ
2342 2295 2583 2363 ἀσεϐεῖς
2635 2294 2924 2366 ὁλόρριζοι
2947 2296 3016 2357 ἐκ
3039 2295 3154 2366 γῆς
3184 2295 3500 2350 ὀλοῦνται.
3534 2297 3596 2350 Oi
3615 2296 3665 2350 δὲ

2077 2385 2152 2457 μὴ
2199 2385 2265 2439 δι’
2290 2387 2656 2459 ἀγαθοεργίας
2696 2387 2964 2456 τιμῶντες
2995 2386 3150 2452 Θεὸν,
3183 2385 3658 2458 ἔτξολοθρευθήσον⁸

2073 2496 2163 2533 ται
2193 2477 2272 2549 τῷ
2301 2477 2518 2548 Θανάτῳ
2550 2480 2615 2532 ὲκ
2647 2481 2747 2550 τῆς
2779 2480 2903 2551 γῆς,
2941 2479 3080 2549 μετὰ
3109 2482 3210 2551 τῆς
3241 2480 3378 2550 περὶ
3399 2479 3482 2533 τὰ
3511 2481 3662 2550 γήϊνα

2078 2571 2318 2643 σχέσεως
2343 2590 2356 2603 ·
2385 2571 2506 2626 καθ’
2540 2573 2606 2642 ἣν
2632 2573 2690 2626 αἱ
2723 2571 2927 2626 τούτων
2959 2571 3148 2642 ψυχαὶ,
3189 2571 3322 2642 περὶ
3351 2571 3425 2625 τὰ
3458 2570 3662 2641 φθαρτά

2075 2664 2468 2734 παγιωθεῖσαι,
2507 2665 2646 2736 πρὸς
2679 2664 2746 2718 τά
2793 2665 3049 2738 ἄφθαρτα
3084 2663 3564 2736 μεταφυτευθῆναι
3603 2663 3658 2716 οὐ

2055 2771 2062 2780 ’
2078 2755 2382 2826 βούλονται.

2143 2885 2343 2952 Οἶκοις
2374 2884 2622 2938 δικαίων
2664 2882 2835 2951 ίσχὺς
2883 2882 3106 2949 πολλή.
3151 2883 3241 2937 Ἐν
3273 2884 3392 2944 τοῖς
3432 2880 3538 2934 τῶν
3571 2879 3658 2943 τὰς

2078 2977 2226 3042 θείας
2274 2976 2494 3039 ἐντολὰς
2527 2973 2914 3047 ἐργαζομένων
2954 2974 3225 3044 σώμασιν,
3253 2969 3338 3038 οἷς
3373 2967 3542 3040 οὗτοι,
3575 2968 3656 3028 οἶά

2077 3085 2220 3123 τισιν
2237 3068 2429 3132 οἴκοις,
2459 3067 2622 3138 μέχρι
2640 3066 2873 3121 θανάτου
2897 3067 3301 3138 παραμένουσι,
3325 3065 3498 3136 πολλὴ
3522 3063 3656 3136 παρὰ

2007 3189 2052 3248 c
2082 3159 2182 3229 τῆς
2213 3157 2366 3222 θείας
2400 3157 2624 3229 χάριτος
2651 3156 2915 3248 δύναμιςξ
2941 3155 3082 3208 ὥστε
3105 3155 3174 3209 τὰ
3197 3158 3256 3208 ὲν
3277 3157 3470 3248 αὐτοῖς

2084 3251 2311 3306 λεύοντα
2375 3248 2523 3322 πάθη
2576 3249 2718 3304 κατὰ
2764 3247 2966 3319 πρᾶξιν
3008 3247 3377 3319 άπονεκροῠν,
3425 3247 3520 3301 καὶ
3568 3247 3653 3310 τὰς

2079 3343 2282 3417 ἀρετάς
2316 3343 2570 3414 ὑφιστᾷν.

2153 3469 2377 3539 Καρποί
2410 3468 2480 3522 δὲ
2509 3467 2747 3524 ἀσεϐῶν
2767 3466 3159 3523 ἀπολοῦνται.
3197 3467 3279 3526 Τὰ
3307 3466 3368 3519 δὲ
3399 3466 3532 3538 ἔργα
3559 3463 3654 3518 τῶν

2083 3563 2158 3635 μὴ
2187 3563 2254 3617 δι’
2282 3561 2539 3632 ἐναρέτου
2569 3560 2684 3630 βίου
2711 3558 2999 3629 τιμώντων
3047 3558 3559 3630 Θεὸν,χωρήσουσι.ν
3583 3556 3650 3619 είς

2081 3656 2254 3720 οὐδὲν,
2291 3656 2366 3719 ὡς
2393 3655 2522 3725 περὶ
2552 3652 2619 3707 τά
2645 3651 2864 3723 φθαρτὰ
2895 3652 3034 3722 μόνα
3062 3650 3496 3720 καταγινόμένα.

2156 3873 2221 3938 ζ’.
2255 3873 2438 3941 Χείλη
2478 3870 2547 3925 δὲ
2577 3870 2788 3941 σοφῶν·
2811 3869 3047 3924 δέδεται
3083 3869 3393 3938 αἰσθήσει.
3426 3868 3488 3924 Oi
3524 3867 3652 3935 λόγοι

2082 3964 2192 4020 τῶν
2223 3964 2404 4034 σοφῶν
2442 3963 2772 4032 δεσμοῦνται
2835 3967 2900 4034 τῇ
2949 3962 3250 4035 διακρίσει,
3279 3964 3416 4018 ὅπου
3457 3962 3550 4027 δεῖ,
3575 3959 3654 4012 καὶ

2085 4057 2198 4125 ὅτε,
2227 4056 2324 4112 καὶ
2351 4057 2428 4120 ὡς
2455 4055 2535 4110 δεῖ
2564 4055 2989 4128 προφερόμενοι.

2157 4277 2384 4346 Καρδία
2413 4277 2482 4331 δὲ
2513 4277 2814 4346 ἀφρόνων,
2846 4277 2958 4330 οὐκ
2981 4273 3292 4345 ἀσφαλής.
3342 4271 3411 4328 Ἦ
3444 4271 3579 4342 ψυχὴ
3604 4269 3652 4324 δὲ

2085 4369 2195 4425 τῶν
2223 4371 2467 4440 ἀνοήτων
2507 4369 2568 4421 ού
2611 4367 2956 4438 πεφύλακται
2985 4368 3044 4421 ὲν
3075 4366 3208 4438 θείῳ
3233 4367 3408 4437 φόϐῳ,
3439 4363 3540 4420 ἀπὸ
3561 4361 3650 4414 τῶν

2088 4460 2417 4531 παραλόγων
2444 4460 2566 4514 ὲνθυ
2577 4478 2651 4532 μη
2661 4460 2868 4531 μάτων.

2159 4593 2229 4659 η’.
2266 4587 2482 4643 Θυσίαι
2506 4584 2763 4651 ἁσπδϐῶν,
2782 4584 3100 4655 βδέλυγμα
3121 4586 3337 4655 Κυρίῳ.
3383 4578 3649 4651 Ἀποστρέο

2090 4699 2248 4751 φεται
2283 4681 2312 4733 ὁ
2339 4680 2447 4733 τῶν
2483 4679 2624 4733 ὅλων
2657 4677 2938 4745 Δεσπότης
2972 4677 3042 4730 τὰ
3089 4679 3480 4748 προσαγόμενα
3520 4671 3648 4742 αὐτῴ

2087 4773 2234 4843 δῶρα
2275 4770 2427 4843 παρὰ
2454 4769 2567 4824 τῶν
2613 4767 2689 4840 μὴ
2735 4767 3004 4838 πρότερον
3055 4767 3524 4839 διαλλαττομένων
3552 4767 3647 4825 τοῖς

2088 4864 2364 4934 ἀδελφοῖς,
2394 4863 2490 4917 καὶ
2520 4861 2610 4916 διὰ
2640 4861 2742 4933 τῆς
2778 4862 2859 4924 είς
2889 4861 3089 4925 αὐτοὺς
3115 4860 3339 4932 ἀγάπης
3369 4861 3506 4932 (ἥτις
3547 4854 3647 4910 ἐστὶ

2090 4957 2367 5031 πλήρωμα
2389 4957 2553 5027 νόμου
2583 4955 2679 5009 καὶ
2711 4951 3031 5025 προφητῶν)
3064 4955 3124 5007 τὸ
3181 4951 3347 5016 σέϐας
3373 4946 3645 5020 άπονεμόν-

2090 5066 2198 5103 των
2235 5047 2406 5120 αύτῷ.

2161 5160 2356 5231 Εὑχαί
2397 5158 2465 5213 δὲ
2518 5156 3015 5214 κατευθυνόντων
3068 5154 3272 5210 δεκται
3323 5155 3458 5226 παρ’
3490 5147 3640 5215 αὐτῷ.

2093 5253 2460 5323 Προσδέχεται
2487 5251 2544 5304 δὲ
2565 5249 2666 5314 τὰς
2690 5248 2962 5315 ἐντεύξεις
2991 5247 3099 5302 τῶν
3122 5246 3266 5302 κατὰ
3289 5249 3388 5313 τὰς
3415 5246 3550 5308 θείας
3569 5241 3644 5297 ait.

2092 5344 2188 5398 τοῦ
2223 5343 2442 5407 ἐντολὰς
2474 5341 2912 5396 ωτευθυνόντων
2940 5341 3040 5412 τὴν
3072 5340 3284 5394 ἑαυτῶν
3316 5339 3512 5411 βιοτήν.

2167 5452 2231 5507 θ’.
2267 5451 2585 5521 Βδέλυγμα
2608 5452 2819 5519 Κυρίῳ,
2854 5449 2978 5504 ὁδοὶ
3007 5449 3290 5521 ἀσεϐοῦς.
3322 5445 3530 5518 Μισητά
3555 5441 3640 5494 εἱσι

2096 5543 2173 5614 τῷ
2218 5543 2313 5596 τοῦ
2352 5542 2552 5604 παντὸς
2595 5542 2864 5612 Aeas-.6111,
2910 5541 2986 5605 ὡς
3036 5541 3168 5611 παρ’
3218 5539 3439 5611 ἐντολὴν
3482 5533 3640 5589 τούτου

2099 5637 2436 5707 ὑπάρχοντα,
2481 5634 2552 5689 τὰ
2583 5635 2727 5689 κατὰ
2772 5633 2885 5704 βίον
2925 5633 3338 5705 ἐπιτηδεύματα
3382 5630 3472 5687 τοῦ
3502 5626 3563 5700 μὴ
3586 5619 3640 5676 δι’

2099 5729 2322 5804 ἀγαθῶν
2351 5728 2528 5800 ἔργων
2558 5727 2827 5799 τιμῶντος
2854 5725 3038 5781 αὐτόν.
