3958 6382
208 349 336 413 1373

1241 340 1777 403 COMMENTARII
1817 343 1895 403 IN
1936 343 2396 408 PROVEBBIA.

3322 332 3456 398 1374

269 453 592 516 Διὼκοντας
613 449 680 504 δὲ
698 449 1097 518 δικαιοσύνην
1141 449 1364 520 ἀγαπᾷ.
1383 450 1523 514 Τοὺς
1553 451 1609 504 δὲ
1638 452 1765 522 πρὸς

1953 452 2334 524 Persequentes
2357 453 2638 532 justitiam
2671 459 2836 506 amat.
2872 450 3022 518 Illos,
3056 449 3146 518 qui
3185 448 3250 502 ad
3287 447 3452 501 vitam

201 548 287 599 τὸν
324 541 542 612 Θεοφιλῆ
572 541 684 611 βίον
716 541 1066 605 σπεύδοντας,
1101 541 1177 606 ὼς
1203 543 1322 596 κατ’
1344 543 1565 614 ἐντολὴν
1601 542 1766 596 αὑτοῦ

201 631 662 703 πολιτευομένους,
699 631 1030 697 ἀσπάζεται.

268 782 319 832 ι’.
346 775 590 830 Παιδεία
636 775 865 830 ἀκάκου
893 774 1227 846 γνωρίζεται
1249 774 1367 829 ὑπὸ
1400 775 1520 828 τῶν
1549 775 1768 842 παρόν-

197 886 328 924 των.
373 867 434 920 Ἦ
463 866 557 920 τοῦ
590 866 959 938 ἁπλουστέρου
991 868 1085 922 καὶ
1119 867 1316 931 κακίας
1343 865 1764 936 ἀπηλλαγμένου

199 956 465 1021 νουθεσία,
490 957 851 1020 ἀνυπόστολος
873 954 1009 1014 οὖσα
1031 953 1131 1013 καὶ
1151 957 1380 1028 φοϐερὰ,
1407 956 1767 1026 καταλαμϐά-

197 1063 340 1099 νεται
369 1047 462 1099 καὶ
505 1047 652 1117 παρά
676 1047 786 1101 τῶν
816 1047 891 1112 ὠς
917 1050 975 1102 ὲν
998 1048 1216 1120 παρόδῳ
1247 1047 1452 1118 ταύτης
1481 1047 1768 1118 ἀκροωμέ-

197 1154 319 1192 νων.

257 1265 320 1317 Ol
337 1261 404 1316 δὲ
421 1262 749 1331 μισοῦντες
768 1262 1078 1333 ἐλέγχους,
1098 1261 1463 1317 τελευτῶσιν
1476 1263 1764 1332 αίσχρῶς.

196 1354 257 1406 0i
289 1353 344 1406 δὲ
380 1354 508 1417 τοὺς
536 1353 787 1407 ἐντεῦθεν
818 1355 1085 1425 φανεροὺς
1122 1353 1231 1408 τῶν
1273 1355 1490 1408 οἰκείων
1519 1355 1769 1425 ἁμαρτη-

199 1443 374 1515 μάτων
399 1442 658 1514 ἐλέγχους
685 1445 1182 1517 ἀποστρεφόμενοι,
1215 1449 1282 1517 τῇ
1309 1446 1563 1518 αἰσχίστῃ
1587 1445 1768 1500 αὐτῶν

196 1536 356 1606 κακίᾳ
390 1536 911 1608 ὲναποθνήσκουσιν,
947 1537 1201 1608 μένοντες
1233 1537 1320 1591 διά
1355 1539 1556 1602 παντὸς
1585 1537 1766 1608 ἀδιόρ-

195 1629 372 1683 Θωτοι.

261 1751 345 1807 ια’.
381 1753 573 1824 ’ᾍδης
622 1753 720 1809 καὶ
766 1754 1054 1822 ἀπώλεια,
1089 1756 1320 1824 φανερὰ
1354 1755 1514 1824 παρὰ
1537 1756 1731 1822 Κυρίῳ
1758 1773 1772 1786 ο

192 1841 309 1908 πῶς
353 1845 494 1912 οὐχὶ
541 1845 638 1898 καὶ
691 1847 751 1899 αἱ
796 1843 1038 1913 καρδίαι
1091 1842 1210 1898 τῶν
1247 1844 1611 1912 ἀνθρώπων;
1664 1844 1774 1896 Καὶ

193 1938 360 1991 πάντα
393 1936 464 1990 τὰ
499 1939 634 2008 ἡμῖν
677 1936 1039 2008 ἀγνοούμενα,
1072 1931 1183 1990 οἷον
1215 1937 1244 1989 ὁ
1286 1936 1498 2006 ἀφανὴς
1523 1934 1684 1997 τόπος
1715 1936 1774 1986 ὲν

188 2020 229 2096 ᾧ
257 2027 393 2098 μετά
421 2028 697 2093 διάζευξιν
731 2029 829 2099 τὴν
876 2029 984 2082 ἀπὸ
1017 2028 1126 2081 τῶν
1180 2028 1446 2098 σωμάτων
1486 2026 1768 2094 διάγουσιν

189 2119 242 2172 αι
273 2117 441 2189 ψυχαὶ
476 2119 583 2190 πρδ
613 2121 712 2191 τῆς
757 2120 1106 2183 ἀναστάσεως
1139 2121 1238 2190 (2),
1273 2121 1367 2174 καλ⁴
1410 2119 1549 2190 αὐτὴ
1582 2120 1616 2190 ἡ
1664 2118 1773 2172 ἀπὸ

188 2207 318 2260 Θεοῦ
361 2207 642 2272 ἔκπτωσις
702 2210 768 2279 ἢν
827 2211 877 2262 οἱ
939 2209 1253 2280 ἁμαρτωλοὶ
1311 2209 1769 2279 κατακρίνονται,

185 2287 433 2371 γνώριμα
482 2300 634 2372 παρά
660 2301 737 2372 τῷ
771 2301 880 2356 τῶν
908 2302 1045 2355 ὅλων
1078 2302 1324 2374 Δεσπότῃ
1354 2301 1461 2355 είσί
1481 2319 1496 2334 ο
1525 2302 1621 2354 καὶ
1653 2301 1772 2366 πῶς

183 2391 278 2445 οὐκ
332 2392 626 2446 ἐπίσταται
679 2393 775 2448 καὶ
833 2395 960 2457 τοὺς
1010 2395 1118 2448 τῶν
1168 2394 1406 2464 καρδιῶν
1452 2393 1607 2464 ἡμῶν
1654 2394 1771 2448 δια-

183 2481 514 2553 λογισμούς;
564 2483 893 2554 Φοϐηθῶμεν
946 2479 1041 2537 οὖν
1079 2482 1186 2536 ἀπὸ
1230 2482 1521 2554 προσώπου
1579 2484 1767 2547 αὐτοῦ,

185 2571 230 2623 οἱ
287 2573 355 2626 τά
405 2572 624 2643 πονηρά
669 2572 1120 2644 διαλογιζόμενοι,
1179 2572 1256 2636 ὡς
1308 2573 1609 2644 ἐφορῶντος
1675 2573 1771 2628 καὶ

185 2674 373 2716 ταυτα.

257 2785 341 2856 ιβ’.
363 2790 488 2842 Οὐκ
515 2789 816 2859 ἀγαπήσει
839 2790 1205 2858 ἀπαίδευτος
1237 2790 1381 2857 τοὺς
1405 2790 1770 2860 ἐλέγχοντας

199 2879 398 2935 αὐτόν.
435 2881 552 2934 Οὐκ
590 2881 895 2936 ἀσπάσεται
940 2885 968 2936 ὁ
1017 2883 1264 2952 ἀμύητος
1295 2883 1387 2936 τοῦ
1433 2883 1599 2936 καλοῦ
1643 2884 1769 2945 τοὺς

1801 1670 1848 1729 Β

1875 541 1986 598 Deo
2018 553 2226 615 gratam
2271 546 2551 612 festinam,
2596 545 2753 617 quasi
2795 544 2956 614 juxta
3024 541 3279 596 mandata
3335 539 3454 608 ejus

1877 644 2289 699 conversantes,
2317 635 2518 706 diligit.

1947 769 2111 827 Vens.
2128 772 2216 828 10.
2245 773 2538 843 Disciplina
2557 773 2868 838 innocentis,
2896 771 3238 842 cognoscitur
3260 785 3292 821 a
3313 783 3454 837 prat-

1872 865 2127 918 sentibus.
2163 863 2530 935 Simplicioris
2577 875 2630 921 et
2678 882 2705 918 a
2745 865 2952 919 malitia
3017 863 3179 917 soluti
3225 859 3454 921 monita,

1871 969 1997 1008 cum
2050 955 2416 1011 inverecunda
2469 959 2577 1011 sint
2621 966 2674 1011 et
2732 956 3009 1020 timenda,
3057 950 3444 1021 suscipiuntur

1872 1047 2036 1102 etiam
2060 1048 2129 1102 ab
2151 1048 2311 1118 ipsis,
2349 1049 2443 1116 qui
2476 1051 2818 1106 transeundo
2842 1050 2934 1106 illa
2964 1049 3294 1104 audiverint.

1944 1262 2050 1329 Qui
2065 1263 2446 1332 increpationes
2467 1263 2673 1328 odiunt,
2692 1265 3039 1334 ignominiose
3063 1265 3223 1318 vitam
3243 1265 3448 1334 ﬁnient.

1879 1353 1984 1420 Qui
2033 1354 2324 1410 evidentes
2357 1357 2706 1426 propriorum
2738 1357 3061 1412 delictorum
3109 1358 3451 1427 reprobatio-

1873 1458 1974 1496 nes
2001 1443 2293 1512 abjiciunt,
2332 1445 2387 1498 in
2440 1445 2760 1503 turpissima
2812 1460 2909 1499 sua
2950 1446 3306 1515 perversitate
3333 1459 3447 1499 mo-

1875 1533 2106 1601 rientur,
2133 1535 2263 1604 quia
2313 1549 2528 1599 semper
2557 1533 2950 1604 indisciplinati
2993 1541 3302 1590 remanent.

1945 1751 2112 1808 Vens.
2147 1753 2236 1810 11.
2269 1753 2516 1822 Infernus
2546 1762 2596 1809 et
2627 1751 2855 1822 perditio
2891 1757 3160 1819 perspecta
3187 1755 3309 1801 sunt
3338 1747 3448 1803 Do-

1874 1846 2014 1899 mino
2039 1861 2170 1904 :cur
2190 1863 2290 1901 non
2321 1847 2592 1901 hominum
2611 1845 2775 1901 corda
2793 1845 2817 1898 ?
2837 1842 3031 1899 Omnia
3055 1841 3215 1896 nobis
3241 1841 3444 1909 ignota,

1874 1939 2052 2006 qualis
2092 1939 2386 1994 invisibilis
2411 1939 2502 1994 ille
2532 1939 2708 2002 locus,
2739 1937 2794 1992 in
2819 1950 2929 2006 quo
2954 1942 3078 2004 post
3113 1932 3448 2002 disjunctio-

1873 2045 2000 2085 nem
2041 2044 2071 2084 a
2099 2030 2424 2098 corporibus
2456 2037 2510 2082 et
2541 2037 2668 2084 ante
2697 2025 3183 2087 resurrectionem,
3205 2021 3450 2075 habitant

1873 2123 2088 2186 animae,
2127 2121 2235 2175 imo
2265 2129 2319 2176 et
2355 2120 2630 2177 excidium
2663 2135 2693 2175 a
2739 2117 2871 2182 Deo,
2905 2117 2970 2171 ad
2997 2115 3140 2185 quod
3183 2122 3443 2181 peccato--

1872 2229 1960 2268 res
1991 2214 2343 2276 damnantur,
2390 2212 2680 2266 manifesta
2733 2217 2863 2264 sunt
2902 2223 3085 2263 rerum
3116 2210 3445 2259 cunctarum

1876 2301 2109 2357 Domino
2140 2319 2155 2369 ;
2187 2309 2244 2357 et
2298 2301 2574 2372 quomodo
2607 2315 2715 2355 non
2747 2300 2884 2356 sciet
2917 2296 3284 2368 cogitationes
3311 2307 3442 2347 cor-

1872 2392 2022 2447 dium
2037 2392 2390 2448 nostrorum?
2410 2392 2912 2448 Contremiscamus
2929 2404 3059 2459 ergo
3087 2385 3445 2441 antehciem

1871 2484 1992 2554 ejus
2028 2485 2124 2555 qui
2149 2485 2291 2539 mala
2327 2484 2663 2555 cogitamus,
2699 2483 2828 2552 quia
2863 2488 2918 2536 et
2945 2479 3062 2534 haec
3096 2475 3380 2549 perspicit.

1941 2793 2110 2853 Vens.
2137 2793 2223 2847 12.
2257 2792 2696 2858 lndisciplinatus
2747 2807 2851 2844 non
2911 2797 3058 2844 amat
3109 2787 3447 2855 corripientes

1871 2886 2063 2952 ipsum.
2095 2885 2198 2950 Qui
2233 2885 2378 2938 bono
2423 2899 2534 2938 non
2564 2891 2651 2939 est
2695 2883 2967 2945 initiatus,
3009 2883 3448 2936 demonstrantes

193 2972 687 3041 φανεροποιοῦντας
710 2973 859 3045 αὐτῷ
883 2973 953 3027 τά
972 2973 1161 3038 κακῶς
1177 2973 1619 3044 διαπραττόμενα
1635 2975 1765 3044 παρ’

1894 2980 1972 3048 psi
1997 2993 2119 3049 quae
2155 2977 2298 3032 male
2351 2976 2645 3047 peregerit,
2670 2975 2988 3046 neutiquam
3041 2971 3448 3041 complectitur.

184 3062 366 3116 αὐτοῦ.

252 3187 415 3242 Μετὰ
442 3189 511 3242 δὲ
550 3189 761 3259 σοφῶν
801 3191 915 3259 οὐχ
967 3189 1270 3260 ὁμιλήσει.
1319 3190 1430 3242 Καὶ
1477 3190 1616 3261 μετὰ
1657 3190 1768 3243 τῶν

179 3276 589 3344 διασαφούντων
605 3277 752 3348 αύτῷ
777 3279 838 3332 τδ
866 3279 1030 3333 καλὸν
1079 3280 1140 3332 ού
1163 3278 1506 3349 συλλαλήσει,
1528 3281 1604 3342 ὡς
1628 3281 1766 3350 μήτε

173 3370 271 3441 τὴν
298 3369 391 3424 τοῦ
431 3372 603 3426 κακοῦ
634 3372 834 3443 φυγὴν,
868 3374 1010 3444 μήτε
1037 3373 1137 3444 τὴν
1158 3372 1254 3426 τοῦ
1281 3373 1446 3427 καλοῦ
1478 3374 1765 3444 ἐπιτυχίαν

169 3458 373 3512 ποθῶν.

240 3587 329 3658 ιγ’.
362 3591 638 3658 Καρδίας
658 3592 1158 3662 εὐφραινομένης,
1181 3581 1400 3649 θάλλει⁷
1414 3593 1760 3661 πρόσωπον.

1943 3198 2076 3256 Cum
2097 3200 2419 3269 sapientibus
2459 3215 2749 3254 sermonem
2783 3216 2885 3254 non
2918 3199 3146 3254 habebit.
3177 3199 3312 3251 Cum
3351 3212 3451 3252 ex-

1869 3290 2226 3360 planantibus
2258 3292 2360 3362 ipsi
2378 3292 2608 3358 bonum,
2635 3305 2745 3346 non
2784 3291 3152 3360 colloquetur,
3192 3289 3320 3357 quia
3350 3302 3452 3342 nec

1867 3382 2054 3453 fugere
2083 3398 2112 3436 a
2151 3383 2294 3436 malo
2331 3396 2432 3437 nec
2467 3382 2737 3453 attingere
2761 3381 2829 3437 ad
2886 3382 3112 3445 bonum,
3145 3379 3447 3436 desiderat.

1935 3597 2103 3653 Vsus.
2141 3597 2226 3651 15.
2259 3594 2428 3652 Corde
2452 3597 2686 3658 uetante,
2714 3593 2946 3664 ﬂorescit
2979 3593 3176 3647 uultus.
3220 3591 3275 3646 Si
3299 3593 3446 3662 quis.

172 3680 280 3734 Τοῦ
321 3681 474 3734 κατὰ
505 3683 604 3752 τὴν
635 3683 1028 3753 κεκρυμμένην
1073 3683 1314 3738 διάθεσιν
1355 3683 1456 3752 τῆς
1497 3682 1761 3753 ψυχῆς,ἦ

1890 3699 2016 3744 uxta
2065 3689 2342 3743 obtectum
2384 3687 2579 3740 animae
2619 3685 2887 3749 habitum,
2915 3683 2999 3737 vel
3036 3681 3103 3736 de
3133 3681 3451 3750 temporali-

179 3774 273 3826 ἐπὶ
306 3773 419 3836 τοῖς
445 3772 556 3826 τῶν
582 3777 936 3846 προσκαίρων
964 3776 1168 3846 ἡδέσιν,
1199 3775 1233 3848 ἢ
1268 3778 1336 3844 τῇ
1373 3774 1482 3828 τῶν
1529 3774 1762 3828 αἰωνίων

179 3863 400 3931 ἀγαθῶν
446 3863 620 3917 ἐλπίδι
667 3865 1036 3936 ἀγαλλομένου
1104 3865 1303 3936 φαιδρὰ
1356 3866 1390 3936 ἡ
1461 3865 1584 3934 ὄψις
1624 3863 1760 3917 καθ-

179 3954 511 4026 ⁴Ξσττικεμτὴν
537 3955 683 4010 ἔνδον
706 3955 896 4010 τούτου
919 3956 1400 4028 χαρακτηρίζουσα
1417 3955 1756 4025 ἀγαλλίασιν.

261 4076 358 4129 Ἐν
383 4075 452 4130 δὲ
485 4077 709 4142 λύπαις
735 4076 948 4144 οὔσης,
983 4075 1412 4145 σκυθρωπάζει.
1440 4075 1548 4130 Τοῦ
1577 4077 1622 4130 δ’
1662 4072 1761 4130 αὗ-

1865 3783 1970 3837 bus
2012 3779 2297 3850 jucundis,
2343 3779 2428 3833 vel
2472 3777 2538 3832 de
2570 3777 2766 3830 ﬁducia
2797 3775 3065 3829 bonorum
3117 3779 3448 3825 aeternorum

1865 3866 2194 3938 congaudet,
2219 3864 2541 3937 perlucidus
2567 3865 2687 3933 ejus
2715 3870 2971 3933 aspectus
3011 3861 3285 3916 internum
3314 3874 3450 3929 gau-

1864 3959 2014 4014 dium
2037 3957 2105 4012 ad
2137 3957 2316 4012 vivum
2343 3957 2650 4028 exprimit..

1931 4083 2001 4139 In
2036 4082 2318 4149 dolorosis,
2358 4082 2724 4138 obnubilatur.
2759 4079 2994 4142 Rursus,
3031 4079 3076 4134 si
3105 4077 3228 4146 quis
3283 4075 3446 4145 juxta

180 4166 265 4231 Θις
289 4167 434 4220 κατὰ
461 4167 523 4220 τὺ
561 4166 826 4238 κρυπτὸν,
857 4167 956 4221 εἴτ’
1001 4167 1094 4221 ἐπὶ
1121 4169 1235 4231 τοῖς
1266 4167 1379 4224 τῶν
1406 4169 1760 4238 προσκαίρων

1893 4181 2068 4229 tatum
2131 4189 2292 4230 suum
2351 4173 2762 4236 absconditum,
2812 4171 2896 4226 vel
2937 4173 3006 4226 de
3063 4167 3450 4238 temporalium

179 4261 440 4330 ἀνιαροῖς,
477 4260 585 4313 εἴτε
615 4259 694 4330 τῷ
727 4259 876 4330 φόϐῳ
913 4259 1024 4314 τῶν
1069 4259 1446 4331 ἀτελευτήτων
1480 4260 1759 4315 κολάσεων

1890 4263 2071 4319 ιιιὶοείε
2093 4262 2177 4319 vel
2203 4263 2271 4318 de
2295 4263 2492 4318 timore
2516 4261 2859 4316 intlnitorum
2897 4266 3296 4315 tormentorum
3315 4255 3450 4310 auli-

179 4351 480 4422 ἀνιωμένου
533 4351 778 4419 κατηφὲς
810 4351 1042 4422 ὑπάρχει
1070 4351 1132 4404 τὸ
1161 4351 1456 4422 πρόσωπον
1482 4393 1498 4417 ,
1536 4351 1636 4424 τὴν
1669 4354 1760 4406 tv-

1890 4363 2072 4419 :tatur,
2112 4355 2327 4410 tristem
2361 4355 2524 4410 habet
2550 4350 2896 4421 vultum,qui
2929 4350 3197 4412 dolorem,
3220 4363 3284 4401 ex
3319 4344 3447 4400 imis

177 4440 520 4514 δομυχοῦσαν
571 4445 637 4514 τῇ
663 4441 808 4513 ψυχῇ
866 4443 1033 4498 αὐτοῦ
1073 4441 1255 4513 λύπην
1303 4443 1548 4514 προάγον
1576 4445 1656 4507 είς
1698 4444 1762 4498 τὸ

179 4532 448 4603 ἐμφανές.
1529 4517 1536 4523 ’

251 4658 331 4715 ιδ’.
360 4657 590 4726 Καρδία
619 4656 764 4724 ὀρθὴ
787 4655 947 4725 ζητεῖ
967 4658 1281 4727 αἴσθησιν.
1327 4658 1392 4711 Ἥ
1424 4658 1560 4730 πρὸς
1588 4658 1647 4712 τὸ
1670 4659 1760 4712 εύ-

177 4749 270 4813 Θὲς
301 4750 488 4820 ὁρῶσα
517 4747 684 4818 ψυχὴ,
723 4748 940 4802 σπεύδει
965 4750 1066 4818 τὴν
1099 4749 1196 4802 τοῦ
1224 4749 1390 4804 καλοῦ
1418 4750 1513 4802 καὶ
1538 4749 1630 4802 τοῦ
1659 4767 1760 4803 κα-

177 4842 275 4896 κοῦ
302 4842 576 4912 διάκρισιν
605 4834 912 4910 κτήσασθαι
938 4881 953 4908 ,
982 4841 1068 4894 ἵνα
1093 4842 1166 4912 μὴ
1190 4841 1286 4895 τοῦ
1313 4841 1477 4896 καλοῦ
1504 4842 1566 4896 τὸ
1590 4842 1758 4896 κακὸν

176 4936 533 5006 προαιρῆται,
558 4931 724 4986 καλὸν
746 4932 907 4986 τοῦτο
938 4932 1254 5004 νομίζουσα.

247 5081 447 5149 Στόμα
492 5077 561 5131 δὲ
590 5078 965 5133 ἀπαιδεύτων
1019 5076 1178 5147 ζητεῖ
1220 5077 1395 5134 κακά.
1445 5078 1526 5132 Τά
1557 5079 1613 5132 δὲ
1656 5080 1757 5151 ῥή-

143 5186 324 5244 λματα
370 5170 481 5224 τῶν
513 5170 587 5240 μὴ
632 5170 986 5245 διδαχθέντων
1033 5173 1093 5226 τὸ
1150 5172 1352 5240 ἀγαθὸν
1392 5171 1529 5243 πρὸς
1577 5171 1758 5242 ἐριδας

177 5261 272 5314 καὶ
311 5265 490 5332 μάχας
523 5260 824 5329 ἐπείγεται.

249 5396 332 5444 ιε’.
363 5389 567 5444 Πάντα
607 5389 712 5442 τὸν
748 5387 972 5459 χρόνον
995 5388 1049 5441 οἱ
1076 5385 1368 5456 ὀφθαλμοὶ
1397 5385 1516 5440 τῶν
1555 5389 1756 5442 κακῶν

1867 4447 2065 4502 anima!
2094 4446 2428 4511 secessibus,
2460 4446 2516 4500 in
2547 4451 2799 4516 apertum
2827 4440 3106 4514 producit.

1939 4665 2102 4721 Vens.
2140 4665 2229 4720 14.
2256 4664 2364 4719 Cor
2396 4671 2595 4716 rectum
2647 4660 2837 4730 quwrit
2891 4675 3123 4714 sensum.
3169 4656 3302 4723 Quae
3354 4655 3444 4724 ju-

1866 4765 2013 4812 stum
2050 4757 2280 4826 respicit
2317 4755 2524 4820 anima,
2563 4754 2644 4809 ad-
2681 4752 2983 4809 discrimen
3041 4752 3188 4807 inter
3228 4751 3435 4804 bonum

1864 4859 1918 4904 et
1951 4849 2152 4902 malum
2207 4845 2603 4917 acquirendum
2663 4854 2942 4915 properat,
2974 4861 3064 4911 ne,
3118 4842 3250 4900 boni
3299 4841 3445 4902 loco,

1862 4943 2066 4997 malum
2105 4941 2379 5013 praeferat,
2409 4940 2555 5012 quod
2586 4941 2776 4996 forsan
2804 4940 3010 4995 bonum
3037 4942 3280 5009 putaret.

1935 5046 2006 5144 (is
2039 5085 2558 5158 indisciplinatorum
2601 5085 2791 5154 quterit
2819 5084 2986 5138 mata.
3015 5079 3188 5135 Verba
3227 5093 3421 5132 eorum

1861 5175 1956 5244 qui
1990 5175 2194 5230 bonum
2256 5191 2368 5231 non
2417 5175 2756 5238 didicerunt,
2817 5175 2884 5229 ad
2935 5169 3352 5242 disputationes
3385 5174 3442 5222 et

1863 5281 2071 5337 pugnas
2099 5265 2384 5324 festinant.
3406 5259 3416 5268 ’

1936 5393 2099 5448 Vsus.
2130 5393 2216 5448 15.
2251 5393 2408 5450 Omni
2447 5404 2696 5464 tempore,
2726 5392 2865 5447 oculi
2895 5391 3156 5445 malorum
3182 5387 3440 5454 recipiunt

1692 5565 1929 5625 NOTAS.
2029 5620 2044 5630 .

247 5681 325 5753 (2)
356 5681 606 5753 ProcOpii
639 5691 799 5739 aetate
828 5683 1069 5738 nondum
1099 5692 1217 5739 erat
1255 5683 1408 5740 ﬁrme
1439 5685 1508 5739 ab
1555 5684 1769 5740 Eccle.‘

1853 5697 1977 5741 ante
2013 5702 2306 5756 corporum
2338 5686 2800 5756 resurrectionem
2833 5697 2933 5754 pro
2963 5681 3156 5737 merito
3188 5683 3267 5734 vel
3325 5695 3432 5751 ρης

181 5751 503 5823 simjudicio
538 5751 760 5810 delinita
809 5756 1077 5810 sententia
1109 5755 1176 5810 de
1221 5756 1508 5811 animabus
1571 5756 1734 5810 ctiam
1843 5757 2056 5812 niendis
2085 5751 2166 5813 vel
2202 5758 2425 5828 praemio
2484 5755 2807 5812 alliciendis.
