3958 6432
479 388 616 452 1375

1772 382 2124 444 PROCOPII
2153 379 2393 441 GALEI

3618 366 3749 432 1376

478 498 647 554 mala.
682 498 785 552 Per
815 512 1032 553 omnem
1079 498 1269 562 vitam,
1301 495 1446 552 oculi
1489 509 1681 551 eorum
1732 496 1827 564 qui
1866 504 2047 549 contra

2174 490 2598 560 προσδέχονται
2624 486 2800 543 κακά.
2826 486 2986 559 Παρά
3011 486 3192 539 πᾶσαν
3213 483 3310 554 τὴν
3332 480 3525 551 ζωὴν,
3557 480 3630 532 τά
3655 480 3753 550 ὅμ-

479 590 746 644 rationem
777 595 965 659 agunt,
998 588 1114 643 suis
1145 588 1360 644 actibus
1392 594 1811 641 consentaneam
1835 599 2050 656 pmnam

481 681 775 750 recipiunt,
810 680 1097 749 strepitum
1126 678 1543 749 sempiternum.

550 871 688 927 Boni
734 880 910 927 autem
946 887 1149 941 semper
1171 871 1520 940 requiescunt.
1542 869 1650 937 Qui
1680 869 1820 925 bene
1862 874 2053 939 agunt,

479 964 860 1035 imperturbati
891 978 1117 1034 prorsus
1141 969 1333 1021 erunt.

550 1072 713 1129 Vens.
744 1072 833 1127 i6.
863 1071 1056 1127 Melior
1087 1081 1166 1127 est
1200 1089 1326 1142 pars
1360 1072 1533 1126 minor
1569 1086 1688 1125 cum
1730 1069 1916 1123 timore
1944 1066 2057 1122 Do-

477 1163 627 1218 mini.
681 1162 969 1220 Pulchrior
1010 1153 1096 1219 ést
1157 1163 1294 1220 levis
1344 1178 1510 1234 opum
1564 1163 1744 1234 portio
1771 1178 1895 1217 cum
1944 1162 2055 1219 Do-

477 1253 613 1308 mini
641 1255 837 1311 timore
862 1255 959 1325 qui
986 1254 1298 1310 necessaria
1325 1253 1599 1322 concedit,
1637 1261 1694 1310 et
1742 1253 2054 1325 cupidinem

478 1345 736 1413 habendi,
768 1361 799 1401 a
829 1354 1010 1402 mente
1041 1346 1287 1402 dimittit.

545 1452 721 1531 Quam
760 1454 996 1509 thesauri
1028 1455 1209 1524 magni
1241 1452 1438 1523 absque
1464 1453 1671 1507 timore.
1704 1452 1905 1507 Contra
1934 1467 2054 1519 eos,

476 1543 569 1613 qui
606 1541 818 1597 ditandi
842 1550 896 1598 et
926 1542 1205 1598 dividendi
1235 1541 1534 1612 cupiditate
1582 1542 1759 1610 (nullo
1797 1543 1959 1598 modo
1986 1542 2057 1596 ti-

476 1632 618 1686 mori
652 1630 868 1685 Domini
915 1631 1237 1701 submissa),
1302 1633 1504 1688 multos
1555 1642 1610 1687 et
1661 1648 1889 1704 magnos
1912 1648 2052 1689 con-

476 1720 700 1776 trahunt
727 1720 1037 1787 thesauros,
1089 1722 1371 1776 materiam
1402 1722 1541 1794 ignis
1564 1723 2050 1794 inexstinguibilis.

2162 599 2315 653 ματα
2370 583 2480 636 τῶν
2519 581 2588 635 τά
2627 580 2915 653 παράλογα
2955 576 3445 648 διαπραττομένων
3479 573 3756 643 τιμωρίαν

2153 675 2422 742 ἀνάλογον
2471 676 2591 737 ταῖς
2638 671 2917 736 τοιαύταις
2968 669 3277 739 ἐκδέχονται
3325 663 3622 738 πράξεσιν
3673 664 3757 718 διὰ

2154 765 2359 828 παντὸς
2388 762 2781 835 θορυϐούμενα.

2229 876 2294 928 οι
2323 872 2390 926 δὲ
2418 871 2626 942 ἁγαθοὶ
2658 870 3035 940 ἡσυχάζουσι
3055 869 3413 933 διαπαντός.
3449 865 3523 918 0i.
3546 864 3596 918 δ’
3622 864 3754 933 ἁγα-

2156 961 2528 1032 θοεργοῦντες,
2560 961 2827 1033 ἀτάραχοι
2862 960 2929 1014 δι’
2959 960 3082 1014 ὅλου
3109 958 3511 1030 τυγχάνουσιν.

2229 1069 2326 1135 ις’.
2356 1070 2671 1139 Κρείσσων
2696 1068 2883 1139 μικρὰ
2904 1069 3090 1139 μερὶς.
3097 1068 3250 1138 μετὰ
3274 1068 3482 1136 φόϐου
3506 1065 3751 1134 Κυρίου.

2160 1160 2413 1217 Καλλίων
2463 1160 2581 1213 ἐστὶ
2619 1159 2850 1231 βραχεῖα
2903 1159 3202 1231 χρημάτων
3249 1159 3597 1229 ἀπόμοιρα,
3626 1157 3754 1224 μετὰ

2157 1252 2303 1307 θείου
2325 1252 2514 1323 φόϐου,
2559 1250 2971 1323 συγχωροῦντος
3008 1252 3104 1322 μὲν
3135 1251 3196 1305 τὸ
3227 1248 3534 1322 χρειῶδες,
3571 1246 3674 1319 τὴν
3707 1247 3755 1302 δὲ

2156 1346 2565 1417 φιλοχρήματον
2593 1344 3014 1407 ἀναστέλλοντος
3050 1342 3298 1413 γνώμην.

2225 1455 2295 1510 Ἡ
2324 1452 2618 1522 θησαυροί
2644 1450 2891 1523 μετάξει
2910 1452 3061 1520 μετὰ
3086 1451 3361 1521 ἀφοϐίας.
3413 1449 3611 1521 ’Υπὲρ
3636 1447 3756 1511 τοὺς

2156 1545 2516 1616 πλεονεκτικῇ
2546 1545 2843 1615 ἓδιαιρέσει,
2875 1545 2971 1599 καὶ
3018 1544 3094 1616 μὴ
3141 1540 3570 1614 συστελλομένη
3611 1539 3757 1610 φόϐῳ

2155 1635 2313 1701 Θεοῦ,
2342 1635 2744 1706 συναγομένους
2781 1635 3217 1699 πολυταλάντους
3240 1632 3599 1705 θησαυροὺς,
3629 1629 3757 1701 ὓλην

2157 1730 2253 1783 τοῦ
2289 1729 2561 1800 μηδέποτε
2589 1728 2954 1799 σϐεννυμένου
2979 1727 3172 1797 πυρός.

546 1829 712 1885 Vens.
750 1830 838 1884 17.
872 1828 1065 1885 Melius
1090 1840 1168 1884 est
1191 1829 1475 1900 hospitium
1497 1830 1698 1885 olerum
1755 1848 1873 1886 cum
1914 1834 2047 1887 ami-

2227 1838 2325 1904 ιζ¹.ε
2346 1838 2663 1906 Κρείσσων
2700 1836 2989 1905 ξενισμὸς
3029 1832 3318 1904 λαχάνων
3347 1830 3514 1901 πρὸς
3542 1831 3755 1901 φιλίαν

476 1923 604 1976 eitia
626 1932 674 1977 et
703 1924 898 1994 gratia.
949 1922 1242 1991 Pulchrius
1266 1931 1320 1979 et
1368 1922 1754 1979 domicmuium
1801 1926 2054 1996 simplex,

476 2017 625 2073 olera
651 2017 766 2072 sola
795 2015 995 2085 hospiti
1047 2032 1149 2071 suo
1194 2017 1247 2070 in
1297 2017 1480 2072 cibum
1527 2018 1798 2087 apposita,
1832 2018 1967 2074 adeo
1996 2029 2057 2076 ut

476 2108 580 2177 ipsi
600 2106 714 2163 sint
748 2115 903 2178 grata
926 2115 982 2162 et
1004 2120 1245 2163 amorem
1281 2107 1597 2163 concilient.

542 2307 717 2374 Quam
750 2308 945 2364 vitulus
970 2325 1005 2363 a
1031 2310 1253 2379 ρηοδερί
1287 2326 1408 2364 cum
1430 2310 1574 2366 odio.
1620 2310 1792 2378 Quam
1848 2308 2053 2369 vit'ulus

473 2399 817 2467 saginatusa
876 2399 1104 2469 prmsepi
1165 2415 1292 2454 cum
1348 2399 1495 2464 odio,
1547 2399 1600 2454 id
1655 2408 1759 2465 est,
1803 2399 2055 2471 ﬁngentis

470 2483 697 2538 omnino
730 2498 994 2549 amorem,
1035 2493 1093 2541 ut
1129 2487 1348 2541 occulte
1385 2487 1563 2542 inviso
1616 2487 1820 2557 hospiti
1879 2486 2056 2558 quod-

469 2573 594 2629 dam
624 2574 1013 2632 detrimentum
1051 2576 1276 2632 inferat.

543 2680 709 2738 Vens.
746 2681 833 2737 18.
898 2681 990 2737 Vir
1028 2684 1326 2740 iracundus
1349 2697 1621 2753 praeparat
1661 2700 1914 2757 pugnam.
1945 2667 2053 2753 Qui

469 2775 577 2831 cito
612 2775 663 2831 in
714 2774 850 2831 iram
898 2787 1151 2831 movetur
1184 2777 1510 2849 plerumque
1557 2794 1769 2851 pugnas
1830 2779 1887 2833 in
1932 2778 2052 2834 ani-

470 2866 667 2924 mabus
702 2866 971 2922 incendit.

540 2974 881 3048 Longanimis
904 2985 1078 3031 autem
1101 2986 1150 3031 et
1167 2978 1506 3032 exoriendam
1522 2978 1693 3035 sedat.
1710 2978 1811 3046 Qui
1841 2980 2053 3036 ratione

470 3067 606 3122 iram
644 3067 909 3132 dominat,
943 3076 997 3123 et
1024 3082 1188 3137 quam
1220 3068 1518 3124 iracundus
1557 3070 1612 3124 in
1648 3071 1768 3139 ipso
1821 3069 2048 3140 jamjam

2158 1929 2257 1983 καί
2289 1927 2489 1997 χάριν.
2514 1927 2635 1979 Ἔτι
2660 1943 2718 1980 τε
2743 1924 2979 1979 καλλίων
3004 1923 3154 1976 ἐστὶν
3176 1920 3404 1990 εὐτελὴς
3424 1918 3647 1982 δίαιτα,
3674 1917 3755 1971 λά·

2158 2035 2297 2089 χανα
2327 2018 2463 2089 μόνα
2494 2018 2572 2080 είς
2615 2016 2858 2070 ἑστίασιν
2909 2013 3058 2091 ξένου
3092 2013 3245 2083 παρά
3289 2028 3446 2073 τινος
3496 2007 3753 2081 προτιθέ-

2160 2125 2318 2179 μενα,
2351 2107 2493 2161 ὥστε
2521 2107 2698 2178 τούτῳ
2722 2104 3051 2179 χαρίσασθαι
3071 2104 3166 2159 καὶ
3186 2103 3285 2175 τὴν
3318 2102 3560 2172 ἀγάπην
3591 2098 3748 2155 αὑτοῦ

2157 2198 2485 2270 κτήσασθαι.

2232 2308 2309 2363 Ἦ
2319 2307 2559 2377 μόσχος
2582 2305 2701 2361 ἀπὸ
2726 2306 2959 2374 φάτνης
2980 2305 3135 2375 μετὰ
3157 2304 3401 2372 ἔχθρας.
3439 2302 3518 2355 Ἦ
3553 2300 3746 2371 μόσχος

2157 2400 2401 2464 σιτευτὸς
2431 2399 2540 2454 άπὸ
2567 2400 2774 2470 φάτνης
2795 2399 2937 2469 μετά
2961 2397 3155 2467 μίσους
3177 2396 3273 2448 τοῦ
3300 2392 3745 2464 ὑποκριναμένου

2155 2492 2375 2555 πάντως
2402 2492 2645 2561 ἀγάπην,
2676 2490 2813 2562 πρὸς
2835 2489 2898 2543 τό
2920 2488 3126 2560 βλάϐην
3148 2486 3274 2542 τινὰ
3299 2485 3380 2557 τῷ
3423 2483 3742 2558 μισουμένφ

2155 2579 2460 2649 λεληθότως
2491 2580 2836 2649 ἐπενεγκεῖν.

2226 2695 2316 2760 ιη’.
2356 2688 2528 2757 Ἀνὴρ
2553 2687 2830 2758 θυμώδης
2891 2684 3330 2757 παρασκευάζει
3348 2685 3590 2755 μάχην.
3622 2684 3741 2736 ’Δνι

2155 2779 2374 2852 θρωπος
2411 2779 2580 2845 ὀξέως
2627 2780 2949 2850 κινούμενος
2988 2779 3125 2850 πρὸς
3177 2779 3373 2851 θυμὸν,
3431 2775 3741 2841 ὑπανὼιηει

2158 2872 2340 2943 μάχας
2366 2874 2487 2934 ταῖς
2513 2871 2712 2942 ψυχαῖς
2740 2871 2851 2925 τῶν
2883 2871 3117 2927 πολλῶν.

2223 2982 2617 3050 Μακρόθυμος
2649 2981 2719 3034 δὲ
2750 2981 2848 3034 καὶ
2872 2980 2986 3050 τὴν
3008 2980 3367 3051 μέλλουσαν
3388 2980 3730 3049 καταπραΰ-

2152 3089 2264 3128 νει.
2310 3074 2368 3125 Ὀ
2395 3071 2453 3125 δὲ
2481 3070 2627 3141 λόγῳ
2654 3073 2873 3143 κρατῶν
2900 3075 2995 3125 τοῦ
3029 3071 3226 3142 θυμοῦ,
3259 3073 3355 3125 καὶ
3384 3072 3460 3142 ἢν
3507 3074 3537 3124 ό
3562 3068 3735 3140 θυμώ-
3781 3098 3784 3101 -

470 3158 749 3223 excitavit,
800 3173 1063 3229 pugnam,
1113 3157 1284 3227 sistit,
1318 3159 1576 3231 illiusque
1613 3160 1750 3215 iram
1817 3175 1914 3216 sua
1955 3175 2047 3231 pa‘

2174 3164 2252 3233 ῑης
2291 3161 2475 3232 μέλλει
2505 3164 2562 3215 ὲν
2597 3162 2774 3235 τούτῳ
2803 3162 3069 3235 διεγεῖραι
3104 3163 3308 3234 μάχην,
3350 3160 3729 3227 καταστέλλει,

474 3247 661 3303 tientia
690 3246 983 3303 demulcet.

548 3449 712 3506 Vens.
732 3448 819 3505 i9.
846 3450 942 3506 Vir
957 3450 1273 3522 longanimis
1294 3453 1587 3523 rxstinguet
1604 3454 1796 3525 ignem.
1816 3453 1919 3520 Qui
1953 3470 2049 3525 po-

468 3553 591 3599 tens
618 3550 701 3599 est
732 3542 847 3609 iraa,
874 3550 930 3600 et
949 3544 1177 3602 viriliter
1200 3541 1475 3611 dolorosa,
1510 3545 1578 3600 ab
1606 3546 1714 3601 alio
1744 3546 1847 3601 sibi
1877 3545 2048 3613 illata,

2153 3256 2219 3325 τῇ
2258 3253 2365 3326 ίδίᾳ
2417 3255 2742 3328 ἀνεξικακίᾳ
2783 3255 2878 3309 καὶ
2919 3254 3012 3308 τὸν
3057 3254 3267 3308 ἐκείνου
3326 3253 3731 3324 καταπραΰνων

2154 3344 2349 3415 θυμόν.

2222 3453 2614 3521 Μακρόθυμος
2664 3451 2820 3522 ἀνὴρ
2853 3451 3216 3507 κατασϐέσει
3248 3451 3389 3522 πῦρ.
3439 3452 3505 3507 Ὀ
3529 3449 3626 3505 τοῦ
3644 3449 3727 3503 θυ-

2155 3543 2255 3615 μοῦ
2303 3542 2759 3608 κατεξουσιάζων,
2807 3543 2907 3597 καὶ⁸
2955 3543 3219 3612 γενναίως
3266 3544 3452 3615 φέρων
3481 3543 3552 3597 τά
3590 3540 3725 3612 παρά

394 3647 404 3657 ·
470 3635 729 3698 sustinet,
762 3634 1136 3692 dissensiones
1183 3651 1310 3693 cum
1335 3650 1401 3692 eo
1436 3636 1680 3703 dirimit;
1733 3638 2047 3695 adamanter

2174 3652 2295 3698 :tvo;
2314 3635 2635 3705 ἑπαγόμενα
2661 3634 2903 3707 λυπηρὰ,
2930 3634 3030 3699 τὰς
3060 3634 3176 3706 μετ’
3197 3635 3363 3688 αὐτοῦ
3391 3632 3724 3689 καταπαύσει

468 3723 622 3781 illum
655 3722 791 3780 adiit
821 3734 877 3780 et
902 3724 969 3781 ad
1005 3726 1267 3797 pacificas
1306 3726 1590 3798 pactiones
1622 3728 1791 3784 venit.

540 3925 748 3996 Impius
779 3937 957 3981 autem
1011 3927 1212 3980 excitat
1259 3927 1449 3999 magis.
1525 3926 1660 3983 Cum
1732 3928 2048 3983 mandatum

470 4018 771 4075 charitates
796 4002 905 4072 non
935 4017 1236 4083 custodiat,
1275 4017 1442 4073 Deum
1480 4033 1591 4072 non
1628 4018 1880 4082 honoret,
1930 4034 2046 4073 ma-

469 4109 555 4181 gis
585 4108 835 4164 ascendit
856 4115 911 4163 et
931 4123 1165 4178 pugnas,
1195 4108 1320 4178 quia
1354 4109 1729 4165 indesinenter
1784 4108 2047 4177 decertat,

468 4204 525 4253 et
552 4198 706 4253 suam
732 4196 979 4251 stabilire
1014 4198 1211 4267 quaerit
1235 4197 1589 4253 voluntatem.

550 4302 662 4358 Vim
713 4305 983 4375 pigrorum
1040 4298 1351 4358 Sternuntur
1399 4306 1587 4373 spinis.
1652 4305 1860 4360 Bonum
1936 4321 2046 4362 non

469 4393 848 4462 operantibus,
890 4394 1020 4447 vitae
1048 4393 1230 4448 exitus
1271 4394 1461 4464 repleti
1492 4401 1621 4449 sunt
1645 4395 1794 4450 curis
1844 4402 1899 4449 et
1953 4411 2050 4450 au-

2150 3723 2437 3789 διενέξεις,
2491 3723 2768 3792 μετελθὼν
2797 3724 2989 3781 τοῦτον
3038 3725 3252 3796 φιλίως,
3288 3726 3383 3779 καὶ
3416 3728 3503 3789 είς
3537 3727 3727 3795 είρηνι-

2151 3815 2254 3879 κάς
2281 3832 2347 3868 συ
2355 3814 2645 3881 μϐιόάσεις
2679 3814 2873 3871 ἐλθών.

2230 3922 2286 3974 '0
2341 3920 2412 3975 δὲ
2454 3922 2683 3990 ἀσεϐὴς
2723 3922 2922 3991 ἐγείρῃ
2957 3921 3221 3992 μᾶλλον.
3258 3923 3318 3978 Ὀ
3342 3923 3400 3977 δὲ
3444 3924 3534 3977 διά
3573 3917 3720 4003 τομὴ

2148 4014 2336 4085 τηρεῖν
2384 4014 2483 4085 τὴν
2522 4014 2744 4085 ἐντολὴν
2789 4015 2892 4083 τῆς
2934 4014 3178 4085 ἀγάπης,
3218 4013 3353 4069 Θεὸν
3408 4016 3485 4086 μὴ
3535 4012 3716 4083 τιμῶν,

2151 4105 2427 4177 ὕπανάψει
2456 4105 2659 4176 μᾶλλον
2692 4105 2794 4169 τὰς
2825 4106 3119 4176 διαμάχας,
3167 4106 3492 4176 φιλονεικῶν
3527 4102 3721 4161 ἀκατά·

2151 4215 2388 4276 παυστα,
2424 4199 2521 4252 καὶ⁵
2553 4198 2751 4268 στῆσαι
2778 4196 2959 4269 ζητῶν
2988 4200 3048 4252 τὸ
3070 4198 3267 4253 ἑαυτοῦ
3293 4199 3528 4270 θέλημα.

2224 4306 2310 4361 ιθθ.
2337 4305 2486 4360 Ὀδοί
2512 4305 2741 4375 ἀεργῶν
2783 4306 3151 4375 ἐστρωμέναι
3174 4305 3487 4372 ἀκάνθαις.
3517 4303 3633 4357 Τῶν
3653 4300 3718 4370 μὴ

2150 4398 2532 4469 ἐργαζομένων
2582 4397 2643 4451 τὸ
2679 4397 2883 4467 ἀγαθὸν
2923 4397 2981 4450 αί
3045 4396 3268 4462 διέξοδοι
3304 4397 3406 4466 τῆς
3456 4396 3600 4465 ζωῆς
3631 4407 3715 4445 πει

468 4483 785 4551 xietatibus,
825 4500 946 4554 quae
981 4486 1346 4557 undecunque
1388 4501 1506 4555 eos,
1536 4487 1823 4558 spinarum
1874 4503 2044 4552 more,

2174 4488 2512 4560 τληρωμέναι
2537 4489 2647 4541 εἰσὶ⁸
2680 4487 2963 4558 μεριμνῶν
2996 4486 3094 4541 καὶ
3117 4486 3435 4557 φροντίδων,
3466 4480 3716 4574 πανταχό-

468 4576 719 4633 dolenter
750 4585 1017 4648 pungunt.

537 4678 920 4743 Generosorum
946 4699 1143 4756 autem,
1184 4690 1388 4760 faciles.
1417 4689 1532 4746 Viae
1558 4690 1805 4759 fortium,
1844 4692 1937 4762 qui
1960 4692 2043 4746 la-

465 4775 619 4834 boris
655 4795 798 4836 onus
821 4796 917 4836 sua
949 4782 1153 4838 virtute
1186 4785 1409 4851 tollunt,
1446 4784 1515 4839 ab
1545 4784 1631 4841 his
1665 4786 1923 4841 omnibus
1949 4800 2045 4840 ex-

465 4867 804 4957 pediuntur;
853 4872 907 4926 in
957 4872 1126 4929 Deum
1172 4874 1318 4930 enim
1355 4876 1534 4931 solum
1574 4891 1729 4932 suam
1770 4886 2045 4950 reponunt

468 4959 914 5017 sollicitudinem.

539 5067 705 5127 Vens.
733 5071 824 5128 20.
852 5069 1026 5127 Filius
1056 5074 1266 5141 sapiens
1297 5074 1537 5141 lmtiﬁcat
1565 5083 1791 5144 patrem.
1824 5075 1979 5143 Quod
2012 5090 2044 5132 a

469 5173 649 5218 mente
673 5173 862 5219 natum
885 5172 989 5232 est,
1026 5165 1158 5220 illud
1186 5166 1300 5221 veri
1329 5173 1385 5221 et
1435 5166 1561 5221 boni
1604 5166 1751 5222 haud
1784 5168 2044 5237 ignorans

376 5298 391 5315 ,
467 5253 757 5322 judicium,
786 5258 1037 5326 corporis
1063 5266 1244 5312 motus
1273 5258 1547 5327 sapienter
1566 5258 1786 5313 ordinat
1809 5268 1863 5314 ct
1882 5260 2041 5328 quasi

472 5344 628 5399 l‘reno
656 5346 876 5403 habitus
916 5363 943 5400 a
993 5349 1258 5404 dedecore
1315 5350 1536 5404 cohibet
1568 5357 1623 5405 et
1647 5351 1715 5405 ad
1750 5351 1944 5406 melius
1967 5350 2043 5405 di-

469 5433 629 5505 rigit;
665 5433 739 5488 ita
793 5436 1018 5491 omnino
1049 5438 1386 5508 spiritualem
1418 5439 1663 5495 laetitiam
1692 5451 1970 5511 procurat.

544 5615 719 5671 Filius
773 5626 948 5670 autent
999 5618 1224 5674 stolidus
1303 5619 1525 5690 despicit
1578 5631 1803 5677 matrem
1864 5638 2039 5677 suam.

473 5698 874 5776 thd‘rursus
929 5724 958 5763 a
1012 5725 1173 5766 sensu
1238 5713 1579 5781 progenitum
1614 5724 1696 5769 est
1747 5713 2038 5783 judicium,

473 5800 589 5854 veri
619 5800 745 5855 boui
772 5799 1049 5868 ignorans,
1081 5803 1448 5856 calumniatur
1484 5819 1726 5870 sensum,
1753 5804 1909 5873 cujus
1942 5805 2042 5859 fal-

2154 4581 2244 4635 θεν
2273 4580 2471 4643 αὐτοὺς
2499 4579 2658 4649 δίκην
2681 4578 2934 4633 ἀκανθῶν
2964 4578 3233 4646 ἀλγεινῶς
3261 4573 3709 4633 κατακεντουσῶν.

2221 4692 2292 4743 Al
2314 4688 2382 4742 δὲ
2413 4686 2533 4742 τῶν
2554 4687 2869 4757 ἀνδρείων,
2897 4687 3075 4743 λεῖαι.
3112 4689 3178 4742 Δί
3217 4687 3276 4742 δὲ
3297 4686 3410 4741 τῶν
3447 4683 3711 4756 γενναίων.

2152 4778 2249 4834 καὶ
2275 4778 2353 4850 τῷ
2386 4778 2630 4850 ὲπιπόνῳ
2646 4779 3131 4851 ἐγκαρτερούντων
3158 4780 3261 4850 τῆς
3285 4779 3510 4851 ἀρετῆς,
3542 4772 3712 4830 πασῶν

2150 4870 2357 4926 τούτων
2392 4870 2811 4942 ἀπηλλαγμέναι
2840 4871 2999 4936 εἰσὶν,
3023 4870 3100 4935 ὡς
3129 4869 3252 4940 Θεῷ
3285 4872 3431 4941 μόνῳ
3465 4863 3715 4935 ἀναθεμέ-

2152 4981 2256 5018 νων
2288 4964 2385 5036 τὴν
2417 4963 2546 5037 περὶ
2576 4964 2778 5029 αὐτοὺς
2807 4964 3104 5036 μέριμναν.

2222 5071 2292 5129 κ’.
2322 5072 2453 5140 Υἱὸς
2503 5074 2698 5143 σοφὸς
2740 5073 3049 5143 εὐφραίνει
3082 5072 3336 5140 πατέρα.
3378 5072 3439 5127 '0
3474 5070 3577 5126 ἀπὸ
3605 5063 3707 5125 νοὸς

2150 5166 2490 5236 τικτόμενος,
2522 5167 2858 5237 -ὲπιστήμων
2899 5166 2992 5220 τοῦ
3029 5165 3199 5229 ὅντως
3235 5164 3401 5219 καλοῦ
3450 5157 3702 5232 λογισμὸς.

2150 5257 2368 5311 τάσσων
2404 5256 2785 5328 ἐπιστημόνως
2809 5257 2908 5327 τὴν
2936 5253 3031 5309 τοῦ
3080 5256 3335 5327 σώματος
3374 5256 3599 5323 κίνησιν.
3628 5246 3706 5301 καὶ

2151 5348 2311 5401 οίονεί
2335 5365 2443 5401 τινι
2475 5347 2681 5418 χαλινῷ
2701 5351 2802 5419 τῆς
2827 5347 2966 5420 πρὸς
2986 5348 3219 5401 ἀτοπίαν
3246 5348 3422 5418 φορᾶς
3453 5338 3702 5416 ἀναχαιτί-

2151 5438 2260 5504 ζων
2285 5440 2436 5506 αὐτὸ,
2483 5440 2579 5493 καὶ
2622 5440 2760 5511 πρὸς
2806 5439 2868 5493 τὸ
2902 5440 3113 5509 βέλτιον
3158 5440 3503 5512 μεταφέρων,
3551 5432 3703 5508 χαρὰν

2151 5531 2531 5600 πνευματικὴν
2551 5531 2629 5601 τῷ
2657 5531 2732 5601 νῷ
2757 5531 3029 5601 προξενεῖ.
3420 5564 3423 5569 ι

2229 5620 2361 5686 Υίός
2390 5618 2458 5673 δὲ
2486 5619 2695 5688 ἄφρων
2718 5618 3056 5688 μυκτηρίζὲι
3102 5620 3328 5689 μητέρα
3361 5617 3559 5673 αὑτοῦ.
3599 5612 3647 5663 ’0
3664 5606 3699 5659 δ’

2151 5710 2258 5764 ἀπὸ
2284 5712 2590 5780 αἰσθήσεως
2631 5705 2789 5773 αὖθις
2830 5710 3170 5778 τικτόμενος,
3203 5709 3585 5777 ἀνεπιστήμων
3621 5695 3696 5751 τοῦ

2151 5807 2319 5868 ὅντως
2352 5803 2514 5858 καλοῦ
2544 5804 2825 5874 λογισμὸς,
2871 5804 3149 5857 διαϐάλλει
3184 5802 3281 5874 τὴν
3323 5802 3590 5873 αἴσθησιν,
3616 5791 3697 5859 τὴ)
