3958 6408
228 361 366 430 1377

1268 365 1797 427 COMMENTARII
1839 366 1922 426 ΙΝ
1960 365 2411 427 PROVERBIA.

3359 372 3495 436 1378

220 478 403 549 ψευδῆ
470 475 569 532 καὶ
627 476 821 545 ἄλογον
889 476 1095 549 ταύτης
1147 475 1308 544 δόξαν
1364 478 1423 544 ἐξ
1453 477 1631 549 ἔργων
1663 476 1822 549 δηλο-

1951 492 2040 530 ιιιιι
2080 486 2133 532 et
2174 475 2606 532 irrationabilem
2637 476 2951 547 Opinionem
2994 492 3092 547 per
3130 494 3293 541 opera
3323 484 3499 537 mani-

224 570 430 624 ποιῶν.

298 679 419 735 κα’.
469 679 762 746 Ἀνοήτου
787 681 994 749 τρίϐοι,
1018 679 1245 746 ἐνδεεῖς
1277 678 1530 749 φρενῶν.
1563 681 1628 732 Αἱ
1665 678 1820 732 ἀδιά-

222 790 414 843 κριτοι
438 770 671 844 πράξεις
722 770 1086 843 ἐστερημέναι
1109 772 1217 825 εἰσὶ
1238 772 1574 842 φρονήσεως,
1598 768 1672 833 ὡς
1695 767 1821 823 ἀλό-

221 880 437 932 γιστοι.

310 988 509 1059 Ἀνὴρ
541 988 610 1043 δὲ
640 991 947 1059 φρόνιμος,
974 988 1358 1044 κατευθύνων
1380 988 1713 1056 πορεύεται.
1759 985 1819 1039 Ὅ

218 1080 284 1134 δὲ
316 1083 589 1153 πράττων
614 1083 752 1151 μετά
774 1080 960 1149 λόγου,
977 1082 1086 1134 ἀπὸ
1110 1083 1204 1134 τοῦ
1231 1079 1402 1135 κακοῦ
1429 1081 1491 1133 τὸ
1514 1078 1678 1133 καλὸν
1703 1078 1823 1131 δια-

220 1174 466 1245 κρίνων,
497 1175 593 1228 καὶ
622 1173 939 1245 εὐθυπορῶν
967 1174 1106 1245 πρὸς
1127 1174 1281 1242 αὐτὸ,
1312 1172 1634 1246 μετέρχεται
1663 1169 1823 1225 τοῦτο

221 1262 353 1317 κατ’
385 1264 622 1336 ἀρετήν.
1173 1284 1179 1289 ’

296 1386 412 1457 κβ’.
463 1387 897 1456 ’Υπερτίθενται
937 1387 1272 1469 λογισμοὺς
1307 1391 1361 1443 οἱ
1403 1387 1491 1458 μὴ
1540 1386 1824 1457 τιμῶντες

223 1477 551 1546 συνέδρια.
580 1480 655 1534 Οὐ
698 1479 1097 1551 παραδέχονται
1147 1479 1358 1548 ἀγαθὰς
1392 1479 1728 1550 συμϐουλίας
1749 1478 1821 1543 οἱ,

216 1569 316 1624 διὰ
340 1570 406 1623 τὸ
444 1571 660 1624 οῐεσθαι
691 1572 882 1642 ἀρκεῖν
921 1572 1154 1637 ἑαυτοῖς,
1191 1569 1665 1641 καταφρονοῦντες
1707 1569 1825 1623 δια·

227 1662 571 1737 σκοπεῖσθαι
604 1662 726 1733 μεθ’
755 1662 958 1734 ἐτέρων
987 1662 1055 1718 τὰ
1083 1663 1296 1718 δέοντα.

1923 570 2106 623 festat.

1997 679 2160 735 Vens.
2193 679 2283 733 2L
2320 678 2428 734 Via:
2448 686 2704 751 et‘gestus
2736 681 2889 734 stulti
2943 680 3296 751 intelligentia
3352 680 3497 736 indi-

1919 780 2059 842 gent.
2093 769 2225 834 Quae
2260 782 2371 823 non
2423 784 2452 821 a
2480 768 2690 838 judicio
2737 769 3039 838 procedunt
3078 770 3345 831 actiones.
3380 770 3498 825 fru-

1926 869 2114 917 stratae
2143 869 2271 914 sunt
2298 858 2680 929 intelligentia,
2704 866 2964 929 tanquam
3000 860 3422 916 irrationabiles.

2005 984 2101 1038 Vir
2150 984 2379 1054 prudens
2433 982 2708 1054 dirigenda
2768 985 3022 1054 procedit.
3071 983 3176 1050 Qui
3219 1001 3344 1040 cum
3407 1000 3498 1041 ra-

1926 1078 2075 1132 tione
2105 1079 2240 1146 agit,
2274 1077 2478 1131 bonum
2512 1091 2543 1130 a
2570 1078 2715 1131 malo
2744 1075 3011 1133 discernit
3035 1084 3090 1132 et
3109 1090 3169 1132 se
3197 1077 3265 1131 ad
3291 1078 3496 1133 bonum

1923 1170 2146 1239 diriéit:
2182 1169 2272 1224 ille
2303 1168 2606 1225 secundum
2631 1169 2884 1225 virtutem
2915 1171 3118 1225 bonum
3148 1170 3390 1241 attingit.

2000 1388 2267 1444 Vens.2‘2.
2297 1388 2595 1460 Prarferunt
2628 1390 2914 1444 ratiocinia
2953 1391 3043 1460 qui
3071 1389 3354 1461 synltedria
3393 1406 3496 1445 non

1923 1481 2209 1536 honorant.
2240 1480 2388 1534 Bona
2410 1482 2639 1537 consilia
2660 1496 2769 1535 non
2793 1482 3086 1550 accipiunt,
3107 1483 3218 1552 qui,
3244 1490 3496 1552 putantes

1926 1570 2139 1638 seipsos
2193 1569 2297 1623 sibi
2346 1568 2614 1635 sutIicere,
2658 1579 3012 1625 contemnunt
3059 1587 3182 1626 cum
3231 1573 3352 1628 aliis
3378 1588 3496 1643 per-

1928 1657 2167 1712 scrutari
2193 1659 2338 1727 quod
2377 1665 2617 1727 oportet.

312 1788 421 1843 Ἐν
447 1789 525 1843 δὲ
551 1790 823 1858 καρδίαις
863 1789 1333 1859 βουλευομένων
1363 1790 1541 1861 ’μένει
1590 1762 1819 1857 βουλή.

2001 1782 2067 1837 1η
2102 1783 2349 1839 cordibus
2415 1785 2811 1839 consiliantium
2868 1795 3031 1839 restat
3080 1787 3378 1840 consilium.
3441 1786 3498 1841 In

238 1879 331 1933 Ἐν
360 1879 422 1932 δὲ
451 1881 582 1943 ταῖς
626 1878 736 1933 τῶν
772 1878 997 1948 ἀγαθῶν
1029 1878 1356 1948 συμϐούλων
1385 1878 1588 1951 ψυχαῖς
1639 1878 1820 1949 ἀγαθὴ

1951 1884 2105 1929 nente
2135 1874 2402 1928 bonorum
2434 1875 2873 1931 consiliariorum
2907 1890 3003 1946 pro
3019 1876 3503 1947 expetentibusin-

224 1969 575 2041 παρεδρεύει
606 1972 719 2033 τοῖς
744 1968 1006 2041 χρῄζουσι
1033 1967 1335 2039 συμϐουλή.

298 2101 412 2164 κγ’.
448 2097 541 2150 Οὐ
570 2094 651 2164 μὴ
673 2095 997 2164 ὑπακούσῃ
1023 2095 1057 2150 ό
1080 2095 1264 2161 κακὸς
1294 2094 1470 2163 αὐτῇ.
1494 2086 1604 2159 Ἧς
1630 2092 1672 2148 δ’
1688 2093 1825 2166 πρὸς

220 2186 436 2240 κακίαν
482 2186 685 2257 ῥέπων,
711 2186 812 2240 οὐκ
841 2186 1162 2253 ὲπακούσει,
1194 2186 1271 2250 ὡς
1294 2185 1535 2252 ἀλαζών.

304 2311 447 2366 Οὐδ’
488 2312 560 2365 οὐ
574 2309 660 2381 μὴ
699 2312 840 2381 εἴπῃ
878 2311 1111 2381 καίριόν
1132 2329 1186 2365 τι
1200 2310 1297 2366 καί
1318 2313 1508 2367 καλὸν
1521 2313 1602 2380 τῷ
1621 2313 1821 2381 κοινῷ.

252 2401 397 2455 Ἀλλ’
416 2401 547 2456 ὀὐδ’
571 2402 735 2465 αὐτὸς
765 2402 1058 2471 φθέγξεται
1081 2420 1134 2456 τι
1174 2402 1251 2473 τῷ
1284 2404 1462 2475 καιρῷ
1489 2406 1822 2478 πρόσφορον,

222 2496 329 2548 καὶ
346 2495 432 2566 τῷ
469 2493 638 2565 κοινῷ
676 2495 976 2565 συμφέρον,
1014 2491 1113 2566 τὴν
1167 2495 1378 2550 οίκείαν
1414 2495 1573 2562 δόξαν
1617 2496 1820 2568 ζητῶν,

228 2586 327 2640 καὶ
356 2585 490 2656 οὐχὶ
512 2585 611 2657 τὴν
638 2585 748 2640 τῶν
767 2586 1031 2641 πλειόνων
1060 2586 1356 2657 ὠφέλειαν.

308 2708 416 2762 κδ’.
474 2705 633 2761 Ὀδοί
663 2706 836 2776 ζωῆς,
862 2707 1235 2778 διανοήματα
1291 2709 1577 2777 συνετοῦ,
1608 2710 1709 2764 ἵνα
1728 2711 1827 2765 ὲκ-

236 2801 462 2867 κλίνας
509 2800 578 2853 ἐκ
637 2800 744 2854 τοῦ
779 2799 1160 2869 ᾄδου,σωθῇ.
1197 2802 1311 2866 Τάς
1389 2802 1632 2871 ἀγούσας
1687 2802 1825 2874 πρὸς

237 2891 337 2963 τὴν
366 2892 753 2962 πνευματικὴν
778 2891 922 2961 ζωὴν
959 2892 1078 2946 κατ’
1131 2893 1334 2965 ἀρετὴν
1364 2894 1592 2963 πορείας
1638 2895 1667 2947 ὁ
1689 2895 1827 2964 πρὸς

237 2980 299 3034 τὸ
330 2980 541 3049 ἀγαθὸν
569 2980 838 3036 συννεύων
862 2982 1151 3035 διασκοπεί
1172 3023 1187 3048 ,
1227 2983 1373 3046 ὅπως
1406 2983 1467 3037 τὸ
1492 2984 1593 3053 τῆς
1617 2983 1818 3047 κακίας

238 3071 526 3143 βάραθρον
560 3060 838 3143 ἐκφυγὼν,
884 3072 1019 3144 εὕρῃ
1057 3074 1332 3145 σωτηρίαν
1391 3074 1545 3146 παρά
1579 3074 1720 3147 Θεῷ.

1924 1962 2069 2022 sidet
2097 1967 2392 2022 consilium
2418 1965 2644 2021 bonum.

1994 2090 2162 2148 Vens.
2195 2092 2288 2147 25.
2317 2089 2564 2160 Profecto
2591 2108 2694 2146 non
2726 2093 2933 2159 parebit
2956 2092 3036 2146 illi
3064 2092 3261 2149 malus.
3293 2094 3399 2161 Qui
3441 2093 3498 2149 in

1924 2182 2189 2239 malitiam
2224 2182 2386 2253 repit,
2409 2198 2518 2238 non
2541 2182 2752 2254 parebit
2782 2184 2924 2238 sicut
2949 2199 3094 2240 erro.

1999 2308 2246 2381 Profecto
2277 2326 2369 2365 nec
2393 2310 2521 2380 quid
2575 2310 2862 2380 opportuni
2890 2326 3054 2382 neque
3095 2311 3219 2366 boni
3246 2311 3380 2366 dicet
3402 2330 3502 2383 pu-

1927 2403 2085 2457 blico.
2145 2403 2251 2458 Sed
2280 2418 2379 2458 nec
2430 2404 2545 2472 ipse
2575 2401 2812 2472 proferet
2859 2403 2993 2472 quid
3032 2403 3370 2472 temporibus
3410 2418 3502 2457 ac-

1926 2495 2337 2552 commodatum
2365 2495 2666 2564 etpUblico
2704 2494 3051 2559 inserviens;
3104 2508 3259 2549 suam
3310 2494 3503 2564 qumrit

1925 2589 2158 2660 gloriam
2183 2594 2235 2641 et
2265 2586 2487 2642 minime
2504 2587 2745 2640 aliorum
2770 2585 3087 2640 utilitatem.

1998 2709 2167 2765 Vens.
2196 2710 2286 2765 24.
2321 2708 2528 2762 Itinera
2578 2709 2718 2774 uiue,
2755 2709 3102 2779 cogitationes
3137 2709 3500 2780 intelligentia,

1926 2803 2006 2855 ita
2034 2811 2093 2855 ut
2123 2799 2395 2854 declinans
2428 2805 2491 2853 ab
2521 2798 2748 2866 inferno,
2782 2798 2959 2853 salvus
2996 2790 3210 2853 evadat;
3263 2798 3394 2865 Qua:
3435 2797 3503 2851 ad

1928 2892 2266 2962 spiritualem
2293 2891 2482 2957 vitam,
2517 2889 2816 2949 secundum
2846 2888 3357 2955 virtutem,ducunt
3403 2889 3524 2954 viae,
3590 2944 3598 2954 ,

1929 2984 2243 3053 speculatur
2265 2982 2333 3035 ad
2359 2982 2561 3037 bonum
2584 2995 2911 3051 propensus,
2945 2982 3017 3035 ita
3068 2990 3150 3048 ut,
3199 2979 3506 3053 effugienda

1927 3075 2149 3130 malitia:
2182 3075 2522 3141 barathrum,
2552 3075 2783 3129 salutem
2811 3088 2841 3127 a
2869 3073 3098 3129 Domino
3114 3081 3503 3145 consequatur.

314 3199 419 3256 κε’.
461 3200 678 3268 Οτκους
725 3203 1023 3271 ὑϐριστῶν
1072 3203 1359 3271 κατασπᾷ
1405 3206 1644 3284 Κύριος.
1688 3203 1827 3269 Τοὺς

2000 3200 2170 3258 Vens.
2213 3190 2304 3255 25.
2365 3199 2568 3254 Domus
2611 3199 2894 3268 impiorum
2960 3201 3167 3270 dejiciet
3224 3199 3505 3255 Dominus.

239 3289 482 3360 ἀνομίας
510 3291 860 3362 ὲργάτας,’ὲν
888 3286 968 3355 οἷς
990 3292 1199 3346 οἰκοῦσι
1236 3293 1306 3346 τὰ
1329 3291 1420 3345 τὸν
1446 3293 1578 3347 Θεὸν
1606 3293 1830 3347 διαϐάλ-

235 3378 355 3431 λειν
414 3379 809 3449 ἐπιχειροῦντα
856 3382 957 3450 τῆς
980 3382 1245 3452 πονηρίας
1294 3382 1602 3452 πνεύματα,
1634 3385 1663 3435 ὁ
1718 3385 1828 3436 τῶν

230 3470 376 3522 ὅλων
405 3468 695 3537 Δεσπότης
725 3469 812 3522 διά
847 3470 1109 3524 ποικίλων
1160 3471 1486 3541 πειρασμῶν
1523 3473 1785 3542 καθαιρεῖ
1810 3488 1824 3501 ο

229 3560 328 3613 καὶ
387 3562 467 3630 τῇ
519 3560 900 3631 ἀρχιτεκτονίᾳ.
954 3560 1050 3614 τοῦ
1094 3562 1433 3632 Πνεύματος,
1489 3564 1831 3630 ἀνοικοδομεῖ

232 3649 478 3714 τούτους
527 3651 844 3721 οἰκητήριον
886 3653 1069 3725 ἑαυτῷ
1098 3668 1114 3683 ·
1164 3652 1330 3706 οἰκῶν
1380 3655 1441 3707 ἐν
1509 3654 1697 3717 αὐτοῖς
1743 3652 1833 3706 διὰ

238 3747 523 3813 πίστεως,
577 3747 672 3800 καὶ
698 3748 1088 3819 ἐμπεριπατῶν
1112 3749 1180 3803 δι’
1230 3749 1494 3822 ἐργασίας
1530 3748 1643 3804 τῶν
1661 3748 1831 3819 ἁγίων

238 3839 409 3895 αὑτοῦ
453 3840 705 3897 ἐντολῶν.

330 3959 699 4029 Ἐστήρισεν
749 3960 915 4031 ὅριον
942 3961 1157 4032 χήρας.
1199 3962 1501 4034 Ἦδραίωσε
1548 3965 1605 4019 δὲ
1652 3966 1712 4019 ὲν
1761 3968 1829 4039 τῇ

248 4053 569 4125 χηρευούσῃ
604 4054 785 4125 πάσης
815 4056 1013 4119 κακίας
1049 4055 1219 4128 ψυχῇ,
1263 4056 1361 4128 τὴν
1382 4057 1588 4129 ταύτην
1615 4058 1831 4129 ὁρίζου-

248 4163 353 4202 σαν
382 4148 463 4210 εἰς
491 4146 553 4200 τὸ
596 4146 671 4218 μὴ
701 4146 833 4218 πρὸς
857 4147 1055 4203 κακίαν
1092 4148 1526 4221 παρεξέρχεσθαι
1551 4149 1702 4205 θείαν
1732 4150 1834 4204 αὐ-

252 4237 350 4291 τοῦ
404 4238 647 4309 ἐντολὴν,
707 4236 808 4310 τὴν
834 4239 892 4291 ὲν
912 4238 992 4311 τῷ
1027 4239 1179 4311 καλῷ
1218 4240 1485 4312 ἀτρεψῑαν
1513 4243 1580 4314 τῇ
1607 4241 1834 4315 τοιαύτῃ

248 4330 398 4401 ψυχῇ
425 4318 834 4401 δωρησάμενος.

1929 3290 2234 3362 Operantes
2265 3291 2632 3360 iniquitatem,
2656 3321 2725 3332 -—
2756 3291 2848 3345 ubi
2881 3290 3131 3345 habitant
3159 3291 3235 3346 illi
3254 3292 3509 3362 nequitiae

1929 3386 2160 3455 spiritus
2198 3383 2292 3453 qui
2320 3382 2490 3437 Deum
2516 3382 2842 3437 calumniari
2863 3392 3151 3445 conantur,
3201 3415 3271 3426 —
3291 3399 3388 3453 per
3418 3397 3509 3436 va-

1929 3477 2042 3530 rias
2072 3474 2411 3529 tentaliones
2439 3474 2724 3539 destruet;
2783 3482 2839 3529 et
2887 3490 2985 3543 per
3033 3474 3498 3530 architectonicen

1931 3564 2161 3634 spiritus
2190 3564 2370 3637 denuo
2398 3554 2689 3619 aediﬁcabit
2730 3564 2852 3619 illos
2880 3565 2933 3617 in
2976 3564 3346 3619 habitaculum
3377 3565 3503 3631 sibi;

1930 3656 2365 3711 commorabitur
2421 3657 2479 3710 in
2539 3655 2649 3710 illis
2691 3670 2789 3725 per
2821 3655 2979 3710 ﬁdem
3019 3664 3076 3711 et
3135 3655 3507 3711 deambulabit

1930 3761 2028 3818 per
2051 3747 2423 3817 operationem
2462 3754 2775 3802 sanctorum
2815 3755 3205 3818 praeceptorum
3254 3763 3502 3803 suorum.

2004 3961 2274 4018 Firmavit
2302 3963 2559 4043 [terminos
2578 3964 2769 4020 viduae.
2794 3962 3131 4021 Fundamina
3161 3966 3311 4034 ponit
3340 3966 3392 4020 in
3419 3979 3505 4031 ea,

1933 4071 2057 4125 quae
2104 4056 2175 4111 ab
2224 4040 2373 4111 omni
2434 4056 2642 4111 malitia
2689 4056 2908 4110 viduata
2955 4067 3042 4112 est
3091 4057 3294 4121 anima,
3346 4071 3506 4126 quam

1933 4148 2127 4205 deﬁnit
2163 4164 2232 4204 ne
2255 4165 2320 4203 ex
2346 4148 2534 4204 divino
2565 4151 2886 4220 praescripto
2926 4149 2993 4204 ad
3032 4151 3299 4206 malitiam
3324 4160 3510 4205 trans-

1933 4237 2256 4309 grediatur;
2303 4247 2590 4309 propterea
2632 4238 2794 4293 talem
2832 4240 3071 4295 animam
3117 4241 3173 4295 in
3229 4241 3374 4297 bono
3425 4241 3509 4297 in-

1934 4330 2180 4386 territam
2215 4328 2401 4386 efﬁcit.
2440 4345 2453 4371 ρ

318 4460 439 4521 κατ’.
468 4453 782 4524 Βδέλυγμα
808 4454 1004 4524 Κυρίῳ
1035 4458 1331 4527 λογισμὸς
1393 4458 1623 4526 ἄδικος.
1656 4461 1827 4530 Μιση-

2006 4459 2173 4516 Vens.
2196 4458 2287 4514 26.
2325 4459 2661 4515 Abominatio
2700 4459 2946 4525 Domino,
2984 4461 3323 4517 ratiocinium
3360 4462 3506 4532 inju-

246 4549 338 4603 τὸν
358 4549 516 4621 παρὰ
569 4548 688 4620 Θεῷ
713 4551 809 4604 καὶ
838 4551 899 4604 τὸ
934 4553 1244 4622 παράλογον
1285 4552 1563 4625 ἐνθύμιον,
1596 4553 1672 4618 ὡς
1706 4554 1827 4626 ῥίζα

1951 4561 2096 4607 stum.
2118 4551 2381 4608 Odiosum
2409 4551 2642 4606 Domino
2671 4552 3045 4608 irrationabile
3065 4552 3355 4622 judicium,
3378 4554 3508 4625 quia

248 4641 345 4696 τοῦ
385 4641 563 4697 κακοῦ
597 4645 863 4712 πεφυκός.

333 4766 569 4839 Ἀγνῶν
594 4768 664 4822 δὲ
697 4767 937 4838 ῥήσεις,
981 4770 1216 4837 σεμναί.
1245 4771 1366 4824 Τῶν
1395 4769 1453 4824 δὲ
1500 4770 1835 4843 καθαρευόν-

252 4878 362 4915 των
429 4862 538 4914 ἀπὸ
572 4860 680 4913 τῶν
710 4861 963 4933 πονηρῶν
993 4861 1392 4933 ἐνθυμημάτων
1417 4863 1589 4934 σεμνά
1621 4865 1716 4918 καὶ
1763 4863 1833 4917 τὰ

255 4953 499 5022 ῥήματα,
518 4945 607 5025 οἷά
638 4968 781 5015 τινες
812 4955 1052 5020 εὐγενεῖς
1085 4954 1288 5021 κλάδοι,
1316 4955 1373 5022 ἐξ
1408 4954 1619 5027 ἀγαθῆς
1652 4955 1828 5029 ῥίζης,

253 5049 354 5116 τῆς
384 5045 800 5117 καθαρευούσης
827 5044 1083 5112 διανοίας,
1114 5044 1499 5115 βλαστάνοντα.

326 5171 433 5236 κζ’.
491 5170 854 5235 Ἑξόλλυσιν
894 5170 1114 5226 ἑαυτὸν
1162 5174 1195 5226 d
1250 5170 1660 5243 δωρολήπτης.
1712 5174 1832 5241 Ἐξ-

256 5264 552 5318 απόλλυσιν
585 5263 775 5317 ἑαυτὸν
825 5265 854 5315 ὁ
901 5263 1050 5333 δῶρα
1086 5262 1396 5332 λαμϐάνων,
1422 5263 1518 5316 καὶ
1551 5264 1833 5334 προδιδοὺς

259 5354 359 5425 τὴν
423 5354 702 5425 ἀλήθειαν,
750 5354 883 5407 Θεοῦ
925 5354 1026 5425 τῆς
1078 5353 1468 5425 αὐτοαληθείας
1523 5354 1835 5425 ἀποτυγχά-

140 5475 143 5478 '
259 5464 385 5525 νων.

342 5588 407 5644 '0
427 5589 496 5643 δὲ
519 5588 721 5657 μισῶν
752 5587 955 5656 δώρων
995 5588 1237 5658 ⁸ιῖήαερεις,
1295 5589 1556 5651 σώζεται.
1592 5589 1650 5642 Ὁ
1690 5588 1834 5642 δὲτὸ

263 5677 554 5748 λαμϐάνειν
580 5683 658 5745 είς
692 5680 948 5750 ἀθέτησιν
981 5681 1082 5751 τῆς
1131 5680 1389 5752 ἀληθείας
1417 5680 1831 5752 ἀποστρεφόμε-

264 5783 373 5837 νος,
405 5772 675 5844 σωτηρίας
701 5772 956 5842 τυγχάνει
989 5773 1139 5844 παρά
1171 5771 1309 5842 Θεῷ.

1932 4645 2088 4698 radix
2123 4653 2210 4699 est
2247 4643 2645 4713 perversitatis.

2006 4765 2366 4821 Candidorum
2383 4766 2713 4846 elocutiones
2751 4768 3078 4826 uenerandus.
3112 4767 3215 4836 Qui
3241 4784 3300 4826 se
3326 4785 3357 4826 a
3386 4785 3510 4841 pra-

1935 4859 2020 4914 vis
2083 4858 2518 4927 cogitationibus
2571 4859 2894 4926 emundant,
2954 4861 3152 4917 horum
3202 4863 3508 4916 verecunda

1936 4958 2072 5007 sunt
2103 4959 2157 5004 et
2188 4951 2353 5005 verba
2412 4966 2529 5006 :ex
2594 4952 2882 5022 purificala
2938 4961 3122 5009 mente
3177 4957 3505 5025 germinant,

1934 5040 2094 5111 quasi
2123 5055 2188 5094 ex
2216 5039 2357 5094 bona
2381 5040 2563 5096 radice
2593 5043 2827 5097 virentes
2862 5044 3085 5099 ramuli.

2007 5162 2173 5219 Vens.
2210 5164 2303 5220 27.
2354 5164 2597 5235 Seipsum
2657 5166 2854 5235 perdit,
2914 5166 3175 5222 donorum
3240 5179 3501 5236 acceptor.

1933 5258 2119 5311 Perdit
2168 5258 2409 5327 seipsum
2460 5260 2552 5328 qui
2629 5275 2853 5313 munera
2911 5256 3158 5331 recipit:
3224 5262 3506 5317 veritatem

1934 5353 2140 5423 prodit,
2177 5360 2232 5408 et
2265 5351 2433 5407 Deum
2485 5354 2730 5409 veritatis
2759 5355 2981 5410 amittit.

2006 5592 2113 5658 Qui
2141 5608 2420 5647 munerum
2449 5594 2772 5663 acceptione:
2808 5592 2942 5659 odit,
2973 5594 3283 5650 salvabitur.
3314 5593 3416 5661 Qui
3440 5595 3507 5652 ad

1935 5681 2297 5750 dejiciendam
2352 5685 2631 5739 veritatem
2688 5687 2937 5756 accipere
2994 5687 3194 5753 renuit,
3226 5686 3510 5742 salutema

1935 5770 2046 5828 Deo
2071 5774 2444 5845 consequitur.
3310 5766 3314 5770 “
