3958 6404
538 365 676 430 13Ἷ9
1836 361 2195 426 PROCOPII
2237 361 2482 426 GAZIEI
3660 372 3768 442 1380

605 476 979 548 Eteemosynis
1024 484 1073 529 et
1116 473 1242 546 ﬁdei
1280 475 1487 531 actibus
1548 486 1848 548 purgantur
1875 487 2116 547 peccata.
2149 485 2168 542 Α

2307 474 2784 546 Ἐλεημοσύναις
2829 474 2928 530 καὶ
2994 475 3283 532 πίστεσιν
3325 476 3770 554 ἀποκαθαίρονται

536 565 937 627 Misericordiis
1016 568 1072 623 in
1117 581 1389 639 pauperes
1446 575 1501 622 et
1558 568 1777 625 ﬁduciis
1819 570 1875 624 in
1936 568 2099 624 Deum

2235 568 2534 639 ἁμαρτίαι.
2559 567 2686 630 Τοῖς
2730 568 3035 639 οίκτιρμοῖς
3107 568 3214 622 τῶν
3254 571 3526 641 πενήτων,
3556 577 3640 629 καὶ
3679 583 3770 644 ταῖς

543 659 701 729 quasi
743 659 798 713 in
834 656 1144 726 Factorem,
1180 657 1522 728 provisorem
1553 666 1607 714 et
1636 658 1904 726 judicem,
1935 660 2104 714 eluun

2234 661 2316 725 είς
2349 661 2442 715 τὸν
2475 661 2612 716 Θεὸν
2656 659 2926 728 πίστεσιν,
2985 661 3064 724 ὡς
3120 662 3470 734 Δημιουργδν
3491 671 3580 719 καὶ
3597 684 3772 742 προνοη.

536 759 629 808 tur
663 752 793 808 illia
826 753 966 808 bono
998 761 1050 806 et
1075 751 1304 807 veritate
1334 751 1642 818 discessus,
1679 752 1775 824 qui
1833 768 1930 824 per
1965 752 2099 826 fregi

2233 749 2333 824 τὴν
2363 751 2457 806 καὶ
2486 751 2702 823 κριτὴν,
2732 751 3092 806 ὲκπλύνονται
3123 753 3180 805 αί
3201 751 3300 806 τοῦ
3350 753 3557 822 ἀγαθοῦ
3595 759 3770 830 καὶτῆς

538 847 747 904 litatem
789 856 844 901 et
884 846 1254 916 ignorantiam
1312 843 1547 904 admissi
1583 845 1809 902 iuerint.

2234 845 2496 918 ἀληθείας
2544 845 2632 900 διὰ
2658 845 2859 901 κακίαν
2881 845 2975 900 καὶ
3001 845 3222 915 ἄγνοιαν
3249 845 3565 917 ἀποτυχίαι.

554 988 566 1000 ·
617 975 681 1031 In
714 977 902 1032 timore
935 974 1147 1030 Domini
1171 974 1408 1030 declinat
1437 975 1612 1030 omnis
1651 993 1684 1029 a
1731 975 1900 1030 malo.
1935 974 2117 1031 Divint

2311 973 2396 1039 Τῷ
2423 973 2493 1027 δὲ
2525 974 2688 1044 φόϐῳ
2725 973 2953 1041 Κυρίου
3003 971 3270 1026 ἐκκλίνει
3316 969 3440 1038 πᾶς
3467 973 3583 1028 ἀπὸ
3607 977 3771 1032 κακοῦ.

537 1077 594 1122 ct
625 1066 908 1122 dominico
942 1065 1165 1133 timore,
1193 1080 1260 1122 ex
1293 1065 1399 1121 [ide
1428 1066 1790 1137 procedente,
1824 1066 2100 1136 nequitiam

2233 1064 2324 1136 Τῷ
2360 1066 2407 1119 δ’
2458 1067 2526 1118 ὲκ
2573 1066 2812 1128 πίστεως
2836 1064 2967 1135 θείῳ
2993 1064 3091 1118 καὶ
3144 1063 3468 1136 Δεσποτικῷ
3525 1067 3660 1139 φόϐῳ
3697 1069 3774 1124 ἀπὸ

539 1157 807 1229 eﬂ'ugiunt
837 1171 1066 1221 omnes;
1105 1171 1229 1210 nam
1263 1158 1359 1226 qui
1395 1155 1578 1211 credit
1606 1156 1661 1210 in
1693 1155 1946 1220 Domino,
1965 1154 2102 1210 casti

2230 1159 2331 1230 τῆς
2358 1159 2560 1222 κακίας
2618 1158 2982 1228 ἐκφεύγουσιν
3021 1157 3266 1222 ἅπαντες
3301 1173 3316 1188 ’
3349 1159 3380 1210 6
3407 1160 3667 1215 πιστεύων
3693 1162 3767 1234 γὰρ

541 1251 814 1321 gationem
853 1251 1032 1315 timet,
1066 1263 1230 1318 quam
1268 1247 1510 1303 timendo
1537 1247 1778 1303 abstinet
1803 1262 1834 1302 a
1859 1247 2104 1318 passioni

2235 1250 2314 1320 τῷ
2345 1251 2554 1322 Κυρίῳ,
2589 1249 2837 1320 φοϐεῖται
2869 1249 2970 1320 τὴν
2992 1247 3218 1303 κόλασιν
3251 1267 3267 1284 ’
3297 1251 3329 1304 6
3360 1250 3420 1304 δὲ
3479 1250 3667 1323 ταύτην
3705 1271 3768 1324 oo-

539 1345 661 1398 bus.
2235 1341 2524 1413 6ούμενος,
2552 1341 2955 1413 ἐγκρατεύεται
2989 1340 3098 1396 ἀπὸ
3127 1340 3239 1395 τῶν
3266 1341 3487 1397 παθῶν.

613 1468 782 1526 Vsus.
813 1469 904 1524 ‘28.
957 1468 1138 1524 Corda
1181 1467 1460 1538 juslorum
1503 1475 1696 1521 curant
1730 1467 1794 1522 de
1839 1465 1964 1536 ﬁde.
1997 1464 2132 1532 Quae

2306 1475 2412 1540 κη’.
2453 1469 2697 1539 Καρδίαι
2724 1468 2976 1523 δικαίων
3001 1465 3308 1538 μελετῶσι
3340 1468 3592 1535 πίστεις.
3617 1469 3674 1521 Δί
3698 1470 3773 1523 τῶν

532 1562 693 1633 juxta
720 1564 870 1635 leges
893 1563 1113 1619 divinas
1144 1571 1550 1617 conversautur
1586 1562 1785 1617 anima:
1845 1559 2095 1630 obsequii

2233 1562 2376 1615 κατὰ
2397 1561 2525 1626 τοὺς
2553 1561 2733 1622 θείους
2758 1561 2959 1633 νόμους
3002 1560 3450 1632 πολιτευομένων
3480 1559 3661 1632 ψυχαὶ,
3686 1565 3774 1626 ταῖς

536 1655 855 1710 divinorum
909 1653 1298 1709 mandatorum
1335 1651 1665 1708 incumbunt
1728 1666 1964 1724 semper,
2000 1652 2094 1723 qui

2233 1652 2372 1724 πρὸς
2426 1653 2524 1718 τάς
2553 1651 2910 1716 Δεσποτικάς
2946 1650 3170 1716 ἐντολὰς
3222 1651 3562 1716 εὐπειθείαις
3593 1653 3772 1724 ὲνασχο-

537 1747 844 1803 secundum
881 1755 1118 1802 mentem
1150 1759 1388 1816 peccare
1411 1744 1628 1800 nolunt.

2231 1742 2454 1797 λοῦνται
2477 1743 2794 1810 διαπαντὸς,
2827 1745 2904 1810 ὡς
2937 1743 3074 1816 μηδὲ
3109 1743 3254 1798 κατὰ
3303 1743 3544 1799 διάνοιαν
3571 1745 3776 1818 ἁμαρτά-

2164 1841 2208 1895 Β
2236 1852 2347 1889 νειν
2368 1835 2715 1906 βουλόμεναι.

610 1968 684 2025 0s
723 1969 1009 2036 impiorum
1061 1964 1343 2034 respondet
1393 1963 1562 2020 mala.
1620 1963 1790 2019 Deum
1844 1977 1944 2033 per
1985 1962 2128 2017 bona

2303 1966 2502 2033 Στόμα
2539 1965 2607 2019 δὲ
2635 1965 2874 2020 ἀσεϐῶν
2892 1965 3289 2034 ἀποκρίνεται
3314 1964 3494 2021 κακά.
3521 1961 3634 2020 Τῶν
3652 1965 3698 2019 δὲ
3722 1966 3773 2037 μὴ

535 2074 702 2130 opera
743 2074 852 2113 non
913 2058 1342 2120 honorantibus,
1375 2064 1432 2112 et
1473 2056 1776 2126 ipsummct
1825 2057 1976 2110 vocis
2031 2069 2098 2109 or

2231 2057 2297 2111 δι’
2321 2057 2540 2128 ἀγαθῶν
2569 2057 2747 2128 ἔργων
2779 2058 3068 2130 τιμώντων
3089 2058 3247 2124 Θεὸν,
3281 2059 3382 2112 καὶ
3403 2058 3539 2112 αὐτὸ
3589 2058 3645 2112 τὸ
3691 2076 3773 2127 φω-

480 2144 495 2152 ’
532 2166 736 2222 ganon,
766 2149 908 2203 mala
933 2163 998 2202 ex
1023 2148 1367 2203 abundantia
1399 2147 1582 2203 cordis
1619 2144 1864 2217 proferet
1893 2145 2043 2200 inter,

2231 2150 2450 2220 νητικὸν
2507 2149 2760 2221 ὄργανον,
2817 2152 2883 2204 ὲκ
2917 2149 3362 2222 περισσεύματος
3421 2150 3522 2220 τῆς
3574 2150 3772 2221 καρδίας,

530 2243 714 2314 ganti;
747 2240 879 2311 quid
913 2241 1060 2295 enim
1099 2239 1375 2295 commodi
1414 2238 1624 2294 diceret
1649 2237 1814 2293 homo
1864 2238 1958 2308 qui
1992 2235 2093 2291 nilii

2231 2243 2456 2314 πονηρά
2477 2245 2592 2306 τοῖς
2624 2242 2902 2314 ἐρωτῶσιν
2943 2243 3300 2313 ἀπολογεῖται
3335 2259 3349 2274 ⁸
3379 2242 3434 2296 τί
3464 2242 3569 2315 γὰρ
3596 2242 3653 2296 ἂν
3670 2243 3771 2314 χρή-

531 2329 668 2416 boni
692 2331 939 2403 cogitati

2231 2350 2392 2406 σιμον
2423 2335 2716 2405 φθέγξαιτο
2745 2335 2773 2388 6
2811 2337 2884 2408 μή
2924 2354 2978 2391 τι
3006 2335 3392 2407 διανοούμενος
3421 2334 3647 2404 ἀγαθόν;

603 2461 848 2530 Accepta:
878 2459 1109 2514 Domino
1133 2458 1230 2514 via:
1254 2457 1552 2526 justorum.
1592 2454 1823 2510 Multum
1871 2463 2126 2526 accepta-

2299 2461 2507 2514 Δεκταί
2529 2459 2690 2530 παρά
2715 2462 2909 2530 Κυρίῳ
2934 2462 3063 2517 ὁδοί
3113 2459 3358 2531 ἀνδρῶν
3399 2460 3650 2516 δικαίων.
3693 2461 3771 2514 Εὐ-

531 2555 672 2611 biles
704 2553 936 2607 Domino
963 2561 1018 2606 et
1041 2551 1288 2606 omnium
1321 2565 1506 2606 rerum
1543 2548 1654 2605 Deo
1694 2549 1906 2605 semitae
1934 2564 2094 2605 eorum

2231 2551 2567 2626 παράδεκτοι
2593 2551 2673 2624 τῷ
2704 2552 2896 2624 Κυρίῳ
2919 2553 3140 2608 πάντων
3183 2553 3310 2624 Θεῷ
3335 2553 3394 2608 αἱ
3436 2551 3573 2607 κατά
3611 2551 3771 2621 γνῶσιν

531 2645 628 2717 qui
673 2644 794 2700 sine
832 2642 1158 2705 oﬂ‘ensione,
1195 2640 1501 2696 secundum
1553 2639 1844 2695 scientiam
1896 2648 1952 2694 et
1985 2639 2094 2694 veri

2232 2645 2329 2699 καὶ
2358 2643 2561 2716 ἀρετὴν
2590 2645 2700 2699 τῶν
2730 2646 3040 2717 ἀμέμπτως
3095 2645 3366 2718 βιούντων
3403 2647 3609 2718 πορεῖαι
3636 2661 3649 2676 ·
3674 2645 3767 2697 ἑπι-

531 2747 704 2794 tatem
745 2738 963 2802 vivunt,
1011 2734 1181 2788 Deum
1219 2741 1654 2802 consequentur,
1717 2733 1812 2802 qui
1857 2733 1982 2788 ﬁnis
2035 2745 2094 2786 ce

2231 2733 2614 2803 τυγχανόντων
2635 2732 2827 2798 αὐτοῦ,
2859 2727 2950 2786 οἷα
2993 2734 3092 2805 μὲν
3124 2733 3318 2799 τέλους
3377 2733 3486 2788 τῶν
3539 2731 3768 2803 γνωστῶν,

533 2830 980 2905 gnoscendorum
1012 2836 1118 2890 est,
1149 2827 1361 2883 scilicet
1388 2826 1612 2890 veritas,
1643 2832 1696 2880 et
1730 2825 1853 2880 ﬁnis
1883 2823 2096 2897 agendo

2229 2825 2307 2889 ὡς
2336 2824 2596 2897 ἀληθείας
2615 2841 2629 2856 ο
2668 2820 2757 2878 οἷα
2791 2825 2849 2880 δὲ
2871 2826 3062 2891 τέλους
3107 2825 3218 2881 τῶν
3243 2827 3527 2900 πρακτῶν,
3550 2825 3619 2890 ὠς
3662 2826 3771 2894 ἀγα-

533 2939 680 2989 rum,
715 2921 973 2978 videlicet
998 2920 1240 2976 bonitas.
2233 2916 2349 2971 θοῦ.

609 3031 712 3086 Per
739 3047 828 3086 eos
869 3030 1034 3084 etiam
1071 3027 1372 3082 adversam
1425 3011 1564 3095 ﬁunt
1612 3026 1791 3080 amici.
1846 3025 1949 3081 Per
1999 3025 2124 3091 hos,

2305 3044 2409 3100 Διὰ
2429 3043 2498 3100 δὲ
2529 3043 2729 3099 αὐτῶν
2753 3044 2855 3099 καί
2885 3047 2942 3100 οὶ
2981 3043 3181 3116 ἐχθροί
3199 3045 3374 3114 φίλοι
3413 3041 3771 3114 Thermum

535 3130 727 3193 utpote
765 3121 859 3191 qui
892 3119 1029 3174 alios
1054 3131 1291 3188 purgare
1347 3121 1404 3170 et
1457 3129 1851 3170 consummare
1885 3113 2098 3168 valeant

2232 3135 2439 3188 τούτων
2463 3135 2540 3202 δὲ,
2565 3136 2640 3200 ὡς
2665 3136 2980 3208 δυναμένων
3003 3113 3106 3190 3έαὶ
3163 3113 3390 3207 ἑτέρους
3415 3113 3676 3207 καθαίρειν
3699 3132 3770 3186 καὶ

531 3177 700 3270 etiam
729 3177 893 3283 ii-qui
929 3217 1028 3281 per
1055 3177 1335 3264 .malvitiam
1370 3214 1424 3262 et
1455 3206 1736 3282 inscitiam
1778 3203 1891 3261 Deo
1929 3205 2094 3260 adver

2244 3177 2435 3188 .--ηπ
2464 3177 2540 3202 η,
2567 3177 2638 3200 ...ς
2666 3177 2976 3208 --.μίμνω
3010 3177 3106 3190 η...
3163 3177 3388 3207 -.-γ-...ς
3419 3177 3672 3207 ........,-..
3700 3177 3770 3186 η-.

2232 3227 2499 3291 τελειοῦν,
2520 3229 2615 3283 καὶ
2633 3228 2791 3281 αὐτοὶ
2812 3230 2860 3282 οἱ
2888 3228 2978 3282 διά
3008 3227 3209 3282 κακίαν
3239 3228 3340 3282 καὶ
3366 3227 3584 3295 ἄγνοιαν
3610 3223 3770 3294 θεομά-

535 3315 755 3370 santur,
788 3312 1084 3376 postquam
1124 3301 1448 3373 passionum
1481 3299 1746 3355 sordibus
1787 3297 2038 3354 defaecati
2075 3314 2098 3354 ε

2231 3337 2340 3392 χοι,
2372 3321 2467 3374 τοῦ
2497 3319 2779 3392 μολυσμοῦ
2813 3320 2923 3373 τῶν
2956 3319 3150 3374 παθῶν
3185 3318 3572 3391 καθαρθέντες,
3601 3311 3769 3368 καὶτοῦ

535 3399 867 3472 ignorantia
909 3397 1150 3467 caligine
1209 3394 1428 3450 liberati
1472 3400 1648 3458 sunt,
1693 3407 1792 3462 per
1865 3393 2098 3448 virtutes

2234 3412 2465 3476 σκότους
2487 3413 2588 3483 τῆς
2620 3412 2844 3482 ἀγνοίας
2877 3411 3316 3482 ἀπαλλαγέντες,
3344 3408 3466 3482 Θεῷ
3493 3408 3556 3462 δι’
3605 3404 3763 3478 ἀρετῆς

534 3503 701 3565 atque
737 3487 1302 3562 intelligentiamDeo
1341 3485 1734 3542 conciliantur.

1431 3485 1734 3542 Ιοίιίὲηῑιπ·
2232 3505 2328 3560 καὶ
2352 3503 2611 3576 γνώσεως
2640 3505 2994 3561 οίκειοῦνται.

610 3621 776 3678 Vens.
801 3621 892 3678 29.
920 3619 1098 3690 Longe
1138 3618 1282 3672 abest
1315 3616 1575 3671 Dominus
1629 3613 1693 3668 ab
1733 3615 1935 3686 impiis.
2002 3613 2133 3671 Pro-

2301 3630 2410 3688 κθ⁹.
2441 3630 2695 3699 Μακρὰν
2727 3630 2940 3700 ἀπέχει
2981 3631 3128 3698 Θεὸς
3168 3630 3292 3686 ἀπὸ
3326 3629 3577 3687 ἀσεϐῶν.
3611 3628 3763 3698 Πόρρω

533 3714 624 3772 cul
651 3714 794 3769 Deus
819 3714 886 3768 ab
918 3713 986 3768 iis
1013 3719 1148 3777 stat,
1177 3710 1274 3781 qui
1316 3709 1472 3765 illum
1508 3723 1608 3779 per
1646 3709 1790 3763 bona
1826 3723 1992 3780 opera
2017 3724 2096 3765 n01

2229 3724 2258 3777 6
2291 3722 2425 3788 Θεὸς
2477 3724 2588 3777 τῶν
2632 3723 2710 3796 μὴ
2745 3723 2813 3777 δι’
2866 3722 3236 3794 ἀγαθοεργίας
3315 3723 3590 3796 τιμώντων
3644 3717 3765 3774 αἰπὺν

534 3807 830 3871 honorant,
863 3819 933 3859 ne
987 3803 1055 3889 ad
1096 3801 1517 3860 similitudinem
1571 3800 1723 3856 illius
1785 3798 1994 3856 faciant
2031 3801 2097 3857 bo

2229 3815 2527 3882 διίσταται,
2557 3817 2634 3880 ὡς
2663 3817 2740 3888 μὴ
2771 3815 2898 3870 καθ’
2923 3814 3186 3887 ὁμοίωσιν
3214 3815 3386 3870 αὐτοῦ
3438 3811 3763 3888 ἐργαζομένων

533 3911 690 3953 num.

2229 3906 2291 3961 τὺ
2315 3908 2541 3977 ἀγαθόν.

605 4025 798 4080 Preces
827 4024 1102 4094 justorum
1118 4021 1359 4077 exaudit.
1388 4019 1540 4076 Votis
1569 4035 1787 4088 eorum,
1807 4021 1901 4093 qui
1927 4037 2130 4078 secun-

2301 4005 2531 4104 Εὐχαῖς
2557 4033 2628 4087 δὲ
2661 4033 2910 4088 δικαίων
2930 4033 3245 4090 ὑπακούει.
3300 4035 3414 4099 Τάς
3449 4033 3494 4087 δ’
3549 4027 3764 4094 ἐντεύξεις

539 4119 672 4174 dum
706 4119 878 4188 legem
914 4115 1034 4185 ejus
1059 4120 1477 4182 conversantur,
1526 4128 1585 4170 se
1631 4115 1848 4170 facilem
1890 4117 2093 4186 praebet

2227 4119 2339 4174 τῶν
2369 4122 2512 4175 κατὰ
2541 4121 2742 4194 νόμους
2770 4122 2937 4177 αὐτοῦ
2969 4123 3411 4196 πολιτευομένων
3427 4117 3762 4193 προσίεται,ὼς

536 4211 690 4277 ipsos
722 4207 892 4273 enim,
927 4212 1152 4276 propter
1193 4203 1588 4284 imitationem,
1609 4204 1753 4259 inter
1804 4219 1939 4261 suos
1966 4220 2096 4263 assu

1696 4219 1753 4259 er
1804 4219 1939 4261 suos
1966 4220 2128 4263 assu-
2229 4213 2320 4267 διὰ
2357 4214 2649 4286 μιμήσεως
2678 4215 3071 4285 οίκειουμένων
3091 4215 3259 4287 αὐτῷ.

535 4301 660 4355 mit.

609 4405 804 4460 Melior
849 4417 928 4462 est
978 4415 1214 4476 quaestus
1272 4423 1469 4477 parvus
1526 4422 1646 4460 cum
1695 4404 1916 4475 jnstitia
1967 4421 2127 4476 quant

2300 4408 2619 4476 Κρείσσων
2671 4408 2845 4477 ὀλίγη
2900 4408 3092 4478 λῆψις
3118 4410 3268 4480 μετὰ
3326 4404 3757 4474 δικαιοσύνηςιῆ

537 4499 694 4555 multi
724 4500 1016 4566 productus
1065 4515 1185 4553 cum
1242 4499 1542 4570 iniquitate.
1576 4497 1766 4554 Melior
1802 4505 1887 4552 est
1922 4513 2092 4567 parvu

2194 4541 2205 4588 ⁵
2232 4502 2435 4553 πολλά
2456 4497 2800 4570 γεννήματα
2823 4501 2975 4572 μετὰ
3012 4485 3270 4569 ὰδὶκίας.
3324 4503 3588 4583 κρείττων
3647 4495 3757 4549 ἐστὶν

532 4604 601 4649 ex
638 4587 808 4656 justis
848 4587 1130 4642 laboribus
1177 4595 1502 4657 proventus,
1559 4585 1626 4641 ad
1667 4585 1784 4641 sola
1849 4584 2094 4639 suliicien

2196 4584 2198 4586 V
2234 4595 2298 4646 ἐκ
2340 4592 2566 4646 δικαίων
2632 4594 2812 4648 πόνων
2849 4595 3023 4667 μικρά
3054 4596 3309 4668 εἰσφορὰ,
3361 4599 3440 4661 είς
3473 4595 3599 4666 μόνα
3633 4594 3759 4659 ἐπαρ-

528 4680 874 4746 necessaria,
909 4694 1074 4748 quam
1104 4678 1258 4732 lucra
1291 4677 1465 4732 multa
1499 4693 1704 4749 rapace
1737 4676 1966 4731 avaritia
1994 4691 2091 4731 con

2233 4684 2405 4738 κοῦσα
2443 4685 2514 4738 τά
2542 4686 2840 4755 ἀναγκαῖα,
2889 4689 2923 4758 ἢ
2955 4689 3167 4761 μεγάλη
3217 4689 3276 4757 ἐξ
3333 4690 3580 4762 ἁρπαγῆς
3613 4686 3756 4738 πλεον-

535 4781 746 4842 gerata.

2233 4774 2468 4838 εκτικῶς
2499 4775 2967 4849 θησαυριξομένη.

607 4895 714 4953 Cur
748 4897 974 4951 hominis
1003 4895 1447 4966 expenditjusta,
1483 4896 1560 4950 ita
1597 4904 1654 4949 ut
1688 4898 1782 4952 sub
1819 4895 1924 4952 Deo
1978 4913 2129 4969 gres-

2303 4903 2529 4972 Καρδία
2555 4903 2780 4973 ἀνδρὸς
2803 4905 3125 4976 λογιζέσθω
3158 4907 3381 4974 δίκαια,
3407 4908 3504 4961 ἵνα
3535 4901 3638 4959 ὑπὸ
3678 4894 3755 4951 τοῦ

535 5007 628 5045 sus
679 5007 804 5045 suos
844 4988 1068 5060 dirigat.
1125 4989 1337 5044 Anima:
1386 4987 1532 5044 illius
1574 4990 1687 5060 (qui
1725 4990 1957 5045 viriliter
2019 4999 2098 5046 sta

2235 4996 2385 5050 Θεοῦ
2419 4995 2711 5066 διορθωθῇ
2751 4999 2824 5053 τὰ
2855 4999 3190 5070 διαδήματα
3218 5001 3426 5057 αὑτοῦ.
3463 5001 3520 5052 Ἡ
3542 4994 3665 5066 ψυχὴ
3685 4986 3755 5043 τοῦ

536 5089 725 5136 contra
750 5081 1032 5151 passiones
1051 5079 1225 5148 suas),
1247 5077 1575 5132 revolvenda
1594 5085 1722 5134 sunt
1740 5079 1834 5134 Dei
1852 5078 2099 5133 mandata

2231 5087 2376 5140 κατά
2405 5085 2515 5139 τῶν
2563 5086 2754 5142 παθῶν
2796 5087 3188 5159 ἀνδριζομένου
3225 5073 3532 5143 διανοείσθω
3558 5083 3641 5144 τὰς
3681 5072 3753 5128 τοῦ

534 5168 610 5225 ita
641 5179 699 5225 ut
723 5178 882 5224 actus
908 5183 1038 5224 suos
1058 5168 1113 5222 in
1147 5167 1292 5222 bono
1315 5165 1537 5236 dirigat.

2229 5176 2368 5232 Θεοῦ
2398 5177 2620 5241 έντολάς
2648 5195 2662 5209 ·
2693 5178 2769 5242 ὡς
2802 5178 2870 5232 ἂν
2901 5179 3175 5234 ὑπἀὐτοῦ
3195 5179 3614 5235 κατευθυνθῶσιν
3630 5176 3678 5227 έν
3698 5167 3753 5238 τῷ

1593 5269 1598 5274 ”
2229 5269 2420 5340 ἀγαθῷ
2451 5270 2546 5323 τοῦ
2578 5270 2820 5325 τοιούτου
2847 5272 3137 5341 ἀνθρώπου
3168 5275 3226 5328 αἱ
3256 5275 3498 5347 πράξεις.

608 5362 775 5418 Vens.
813 5364 903 5420 '50.
952 5363 1155 5419 Oculus
1199 5362 1528 5433 prospiciens
1563 5362 1700 5417 bona
1731 5380 1824 5418 cor
1859 5365 2124 5434 laetiﬁcat.

2299 5373 2362 5428 λ’.
2390 5373 2634 5443 Θεωρῶν
2663 5375 2974 5446 ὀφθαλμὸς
3003 5377 3181 5446 καλὰ,
3207 5379 3507 5449 εὐφραίνει
3534 5370 3749 5442 καρδίαν.

533 5449 744 5507 Divinis
777 5453 1055 5510 mandatis
1084 5455 1153 5509 ab
1174 5457 1356 5509 anima
1389 5455 1633 5526 practice
1663 5457 1919 5526 gustatis,
1963 5457 2096 5513 intel

2229 5465 2342 5535 Τῆς
2365 5465 2687 5535 πρακτικῶς
2711 5468 3062 5540 γευσαμένης
3097 5469 3278 5542 ψυχῆς
3321 5471 3426 5525 τῶν
3454 5467 3595 5522 θείων
3633 5463 3748 5514 ἐντο-

531 5543 709 5616 ligens
736 5544 826 5599 ille
855 5546 1161 5614 spiritualis
1195 5548 1412 5613 oculus,
1456 5549 1551 5618 qui
1583 5547 1914 5619 (theoretice
1959 5550 2092 5605 verb

2227 5556 2358 5622 λῶν,
2397 5557 2426 5609 6
2449 5556 2670 5624 θεωρῶν
2694 5559 2820 5624 τοὺς
2849 5559 3044 5629 λόγους
3082 5562 3268 5616 αὐτῶν
3299 5563 3477 5634 νοερὸς
3503 5550 3747 5627 ὀφθαλμὸς,

531 5637 670 5707 legis
700 5637 974 5710 percipit),
1025 5639 1079 5693 in
1116 5639 1368 5693 videndis
1417 5639 1528 5694 illis
1591 5640 1866 5710 spirituali
1921 5643 2094 5713 gaudi

2227 5651 2285 5703 ὲν
2307 5666 2319 5678 ·
2343 5653 2410 5722 τῇ
2470 5651 2676 5708 τούτων
2706 5652 2943 5726 αὐτοψίᾳ
2975 5657 3150 5725 χαρᾶς
3197 5652 3559 5729 πνευματικῆς
3584 5644 3744 5707 ταύτην

533 5731 771 5782 animam
807 5730 1001 5799 replet,
1035 5739 1352 5802 gustantem
1392 5742 1446 5787 et
1480 5729 1780 5800 videntem,
1817 5735 1945 5805 quia
1995 5751 2093 5792 sua

535 5822 618 5876 vis
649 5821 936 5876 Dominus.

2226 5745 2450 5814 πληροῖ,
2479 5745 2831 5819 γευσαμένην
2861 5748 2956 5802 καὶ
2994 5748 3341 5822 θεασαμένην
3368 5751 3446 5805 ὅτι
3487 5738 3685 5818 χρηστὸς
3726 5734 3745 5783 ὁ

2227 5835 2451 5876 mamma

535 5835 618 5877 VIS
649 5835 936 5877 Dominus.

890 5839 936 5877 ε·
2227 5835 2453 5907 Κύριος.
