3958 6386
242 349 371 416 1381

1319 350 1854 414 COMMENTARII
1887 350 1969 412 IN
2003 349 2458 413 PROVERBIA.

3397 339 3524 408 |382

311 472 484 542 Φήμη
534 470 603 524 δὲ
651 470 842 541 ἀγαθὴ
890 470 1110 525 πιαίνει
1158 467 1331 526 ὀστᾶ.
1387 467 1453 522 Ἥ
1481 467 1613 532 δ’ἐξ
1664 466 1836 536 ἀκοῆς

2011 462 2165 518 Βοηα
2195 461 2347 531 fama
2377 460 2590 530 saginat
2617 472 2758 512 ossa.
2785 453 2953 512 Fama
2996 454 3072 510 de.
3110 451 3311 509 divinis
3365 467 3525 509 'nan-

254 565 417 635 μόνης
468 561 783 616 εἰσδύνουσα
831 562 912 624 είς
966 559 1145 631 ψυχὴν
1199 557 1310 612 τῶν
1376 557 1538 611 θείων
1594 556 1828 610 ἐντολῶν

1985 555 2086 611 atis
2126 555 2369 608 animam
2402 567 2501 622 per
2531 550 2708 607 solum
2742 549 2991 603 auditum
3030 553 3360 616 occupante,
3394 561 3522 600 cum

253 655 427 725 φήμη.
460 653 519 706 ἐν
547 654 613 724 τῇ
643 649 849 706 τούτων
891 651 1104 722 ἱστορίᾳ
1137 648 1328 720 τρέφει
1360 647 1459 710 τὰς
1481 646 1637 718 δίκην
1657 644 1832 699 ὀστῶν

1985 643 2185 716 rposita
2216 643 2444 708 fuerint,
2474 640 2686 695 vividas
2709 638 2904 693 anima:
2929 637 3097 700 vires,
3115 635 3326 691 ossium
3349 649 3523 702 more,

253 744 548 808 τονωτικάς
575 743 783 816 ταύτης
813 743 1099 816 δυνάμεις,
1130 738 1679 804 διανιστῶσαταύτας
1695 737 1835 811 πρὸς

1985 732 2192 789 utriunt
2225 739 2280 789 et
2302 732 2427 787 illas
2463 731 2530 786 ad
2565 729 2904 800 operaticum
2937 726 3180 798 erigunt.

255 837 515 911 ἐργασίαν
549 836 750 892 αὐτῶν.

323 964 422 1034 λβ⁴.
461 965 568 1030 Ὃς
595 963 913 1020 ἀπωθεῖται
951 959 1249 1025 παιδείαν,
1305 956 1478 1029 μισεῖ
1502 956 1724 1011 ἑαυτόν
1754 969 1769 986 ⁸
1801 956 1834 1008 ό

253 1057 322 1110 δὲ
350 1054 548 1124 τηρῶν
575 1056 894 1126 ἐλέγχους,
929 1051 1134 1124 ἀγαπᾷ
1178 1051 1294 1120 τὴν
1323 1049 1542 1104 ἑαυτοῦ
1599 1046 1836 1117 ⁴ιρυυχήν.

271 1143 328 1196 '0
360 1143 826 1212 ἀποπεμπόμενος
843 1142 972 1205 τοὺς
998 1141 1134 1211 πρὸς
1180 1139 1468 1211 διόρθωσιν
1519 1137 1841 1207 ἐπιτιμητιο

257 1237 386 1298 κοὺς
417 1236 634 1304 λόγους,
667 1235 861 1306 ἐχθρὸς
885 1232 1080 1288 ἐαυτοῦ
1106 1231 1516 1293 ἀποδείκνυται,
1576 1229 1653 1295 ὡς
1700 1228 1841 1282 ἀπο-

259 1326 722 1399 στρεφόμενοςτά
773 1325 1123 1397 συμφέροντα
1167 1321 1343 1393 ἐαυτῷ
1387 1338 1400 1354 ·
1447 1322 1475 1374 ὁ
1503 1321 1560 1374 δὲ
1616 1319 1842 1382 τούτους

256 1419 386 1490 παρ’
421 1418 601 1490 ἐαυτῷ
631 1418 941 1489 φυλάσσων,
975 1417 1120 1486 φιλεῖ
1144 1415 1244 1488 τὴν
1279 1413 1473 1470 ἐαυτοῦ
1499 1413 1700 1485 ψυχὴν,
1743 1409 1844 1484 τὴν

257 1512 532 1585 σωτηρίαν
568 1511 772 1582 ταύτης
802 1510 998 1579 ζητῶν.

324 1642 426 1712 λγ’.
460 1642 650 1708 Φόϐος
665 1639 912 1708 Κυρίου,
939 1635 1179 1692 παιδεία
1203 1633 1303 1688 καί
1338 1631 1529 1702 σοφία
1551 1629 1651 1684 καί
1684 1625 1843 1698 ἀρχὴ

253 1733 441 1803 δόξης
491 1730 964 1801 ἀποκριθήσεται
1013 1726 1193 1796 αὐτῇ.
1248 1725 1309 1780 '0
1365 1722 1699 1785 Δεσποτικδς
1748 1722 1846 1775 καὶ

2010 950 2176 1013 Vsus.
2219 947 2309 1004 52.
2349 948 2453 1014 Qui
2493 947 2682 1017 abjicit
2731 945 3092 1016 disciplinam,
3124 946 3350 1016 seipsum
3381 941 3528 1007 odit,-

1938 1041 2029 1112 qui
2081 1049 2260 1093 autem
2299 1039 2686 1106 increpationes
2751 1035 3006 1101 custodit,
3062 1032 3242 1104 diligit
3292 1033 3527 1087 animam

1941 1145 2117 1186 suam.
2183 1127 2290 1194 Qui
2341 1127 2670 1196 castigantia
2721 1125 2908 1191 verba,
2948 1125 3006 1179 in
3039 1139 3196 1181 suam
3222 1123 3528 1178 correctio-

1943 1237 2072 1278 nem
2113 1221 2342 1284 emissa,
2376 1219 2676 1288 respuerit,
2709 1218 2794 1273 sui
2829 1217 3011 1288 ipsius
3042 1216 3304 1270 inimicus
3336 1222 3526 1269 osten-

1943 1314 2115 1379 ditur,
2166 1312 2316 1383 quod
2370 1311 2476 1367 sibi
2527 1309 2873 1382 proﬁcientia
2916 1308 3235 1378 abjecerit;
3290 1307 3386 1377 qui
3437 1307 3531 1362 illa

1944 1387 2092 1458 intra
2143 1417 2205 1458 se
2282 1399 2574 1466 custodit,
2635 1397 2814 1470 diligit
2867 1398 3110 1453 animam
3183 1405 3237 1453 et
3293 1397 3531 1454 salutem

1944 1493 2162 1565 quaerit.

2019 1618 2190 1675 Vsus.
2221 1618 2312 1674 '55.
2350 1617 2536 1672 Timor
2558 1615 2775 1670 Domini
2805 1613 3088 1682 disciplina
3140 1621 3191 1668 et
3245 1614 3532 1684 sapientia,

1946 1719 1998 1768 et
2025 1712 2240 1767 initium
2291 1707 2479 1781 gloria:
2522 1705 2910 1777 respondebunt
2957 1704 3064 1759 illi.
3115 1704 3435 1759 Dominicus
3483 1713 3539 1760 et

255 1797 399 1891 θεῖος
414 1797 595 1897 ⁷φόϐος
641 1797 768 1888 τοὺς
801 1825 901 1895 μὲν
926 1821 1266 1895 πρακτικοὺς
1296 1818 1541 1874 παιδεύει
1573 1818 1844 1872 ἐκκλίνειν

1987 1804 2168 1860 ivinus
2188 1803 2355 1858 timor
2373 1807 2599 1872 agentes
2619 1799 2813 1855 edocet
2849 1806 2909 1853 ut
2935 1797 3215 1853 declinent
3254 1812 3284 1852 a
3312 1797 3456 1852 malo
3486 1806 3541 1853 et

254 1918 363 1972 ἀπὸ
385 1918 586 1984 κακοῦ,
612 1919 708 1972 καὶ
733 1916 908 1970 ποιεῖν
937 1913 1142 1984 ἀγαθόν
1168 1928 1185 1946 ο
1221 1912 1350 1974 τοὺς
1376 1909 1435 1962 δὲ
1465 1907 1840 1979 θεωρητικοὺς

257 2011 475 2081 σοφίζει
514 2009 804 2079 ἐκφεύγειν
869 2008 969 2078 τὴν
992 2006 1114 2060 κατ’
1150 2004 1402 2072 αίσθησιν
1453 2001 1693 2071 ἀπάτην,
1751 1999 1846 2052 καὶ

255 2106 464 2176 χωρεῖν
488 2103 626 2174 πρὸς
655 2102 753 2173 τὴν
783 2101 926 2155 κατὰ
960 2099 1086 2153 νοῦν
1121 2097 1178 2152 ἐν
1213 2095 1490 2166 πνεύματι
1512 2091 1713 2162 γνῶσιν
1737 2090 1848 2145 τῶν

255 2197 314 2249 ἐν
341 2196 464 2258 τοῖς
495 2191 617 2248 οὖσι
645 2192 820 2262 λόγων
855 2207 870 2222 ·
900 2193 958 2246 ἐν
983 2185 1064 2253 οἷς
1090 2187 1230 2252 Θεὸς.
1271 2187 1456 2249 αὐτοῖς
1485 2185 1600 2247 τοῖς
1630 2183 1847 2252 θεωρησ-

252 2289 437 2349 τικοῖς
476 2289 698 2349 πάντως
741 2284 1234 2355 ἐμφανισθήσεται,
1269 2281 1299 2334 ὁ
1325 2279 1499 2343 αίτιος
1529 2277 1630 2347 τῆς
1670 2276 1730 2331 ἐν
1779 2276 1847 2347 τῇ

253 2380 443 2434 κτίσει
479 2377 925 2451 μεγαλειότητος.

853 2518 1110 2574 ΚΕΦΑΛ.
1139 2511 1290 2586 tq'.‘

331 2661 407 2711 α’.
449 2651 655 2708 Πάντα
691 2649 765 2704 τὰ
788 2647 935 2718 ἔργα
964 2645 1072 2701 τοῦ
1108 2641 1416 2710 ταπεινοῦ,
1439 2639 1670 2712 φανερὰ
1697 2637 1860 2708 παρά

261 2745 342 2814 τῷ
357 2743 505 2811 Θεῷ.
521 2744 680 2798 Πᾶσα
704 2743 738 2813 ή
759 2741 1010 2813 ἐνάρετος
1029 2737 1273 2794 πολιτεία
1297 2733 1390 2789 τοῦ
1407 2733 1856 2804 ταπεινόφρονος,

261 2837 367 2892 κᾶν
409 2836 746 2906 κέκρυπται,
781 2831 859 2902 μὴ
885 2829 984 2901 τὴν
1012 2827 1142 2899 παρ’
1197 2823 1505 2897 ἀνθρώπων
1555 2822 1713 2889 δόξαν
1763 2819 1862 2892 ζη-

262 2926 516 2990 τοῦντος,
569 2921 710 2976 ἀλλά
763 2920 884 2992 Θεῴ
913 2919 1048 2990 δήλη
1107 2915 1441 2986 καθέστηκε,
1484 2908 1860 2984 τῷνέπιγινὼ-

268 3033 459 3072 σκοντι
524 3014 687 3068 αὑτὸν
751 3014 816 3066 ἐκ
881 3011 980 3081 τῆς
1009 3009 1180 3081 καλῆς
1242 3007 1352 3062 τῶν
1382 3005 1560 3078 ἐργων
1599 3004 1866 3072 ἀναστρο-

270 3112 406 3181 φῆς-

1949 1897 2159 1952 faciant
2193 1895 2401 1951 bonum
2451 1912 2465 1948 :
2513 1891 2934 1947 considerantes
2990 1895 3173 1943 autem
3222 1889 3415 1944 sanius
3453 1889 3542 1944 in-

1947 1989 2114 2047 struit
2148 1994 2209 2042 ut
2239 1985 2490 2041 fallacias
2526 1998 2791 2040 sensuum
2825 1985 3004 2038 vitent
3031 1988 3085 2035 et
3108 1987 3292 2035 mente
3317 1981 3543 2050 capiant

1948 2081 2295 2154 spiritualem
2314 2077 2464 2133 illam
2497 2077 2808 2135 scientiam,
2837 2087 2959 2144 quae
2984 2073 3132 2126 circa
3168 2086 3352 2126 rerum
3399 2072 3546 2126 exsi-

1947 2174 2208 2232 stentiam
2243 2168 2638 2228 versatur.His
2674 2168 2728 2222 in
2761 2167 2928 2224 rebus
2960 2165 3188 2222 omnino
3220 2163 3543 2225 manifesta-

1954 2263 2106 2318 bitur
2139 2258 2464 2316 theoreticis
2494 2257 2607 2313 illis
2636 2255 2809 2319 Deus.
2838 2255 2936 2326 qui
2963 2261 3051 2310 est
3087 2266 3260 2308 causa
3293 2252 3464 2308 totius
3487 2251 3542 2306 in

1953 2350 2239 2408 creatione
2268 2347 2696 2421 magnitudinis.

2589 2486 2743 2542 CAP.
2777 2485 2916 2542 XVI.

2029 2617 2202 2674 Vsus.
2231 2616 2289 2671 2.
2360 2615 2558 2672 Omnia
2609 2630 2770 2685 opera
2831 2613 3060 2669 hominis
3093 2613 3381 2683 manifesta
3429 2620 3552 2667 sunt

1960 2709 2104 2779 apud
2133 2708 2320 2764 Deum.
2344 2706 2624 2763 Praestans
2673 2706 3030 2762 conversatio
3084 2705 3325 2760 hominis
3375 2703 3443 2758 de
3495 2717 3556 2758 se

1963 2796 2246 2852 humiliter
2273 2793 2592 2858 sentientis,
2637 2793 2856 2848 etiamsi
2896 2791 3226 2848 abscondita
3269 2790 3342 2846 sit
3414 2789 3556 2860 (ipse

1964 2889 2112 2945 enim
2142 2903 2254 2943 non
2280 2885 2482 2958 quaerit
2510 2884 2740 2956 gloriam
2770 2885 2914 2954 apud
2946 2881 3250 2951 homines),
3282 2882 3339 2936 in
3364 2887 3558 2950 aperto

1967 2989 2077 3040 stat
2104 2995 2289 3036 coram
2317 2978 2447 3044 Deo,
2473 2976 2836 3047 cognoscenti
2866 2975 3023 3029 illum
3048 2990 3114 3030 ex
3155 2972 3389 3044 pulchra
3428 2985 3560 3042 ope-

1983 3088 2108 3128 rum
2151 3070 2423 3144 gestione.
2519 3114 2522 3116 .

341 3168 410 3273 '6'.
445 3219 511 3272 Ol
533 3215 604 3271 δὲ
654 3212 894 3279 ἀσεϐεῖς
929 3213 999 3267 ἐν
1025 3209 1218 3281 ἡμέρᾳ
1245 3206 1404 3276 κακῇ
1457 3201 1762 3260 ὀλοῦνται.
1797 3199 1862 3253 Οἱ

2038 3197 2210 3255 Vsus.
2254 3199 2308 3254 4.
2339 3197 2506 3269 [mpii
2543 3199 2596 3252 in
2627 3196 2712 3252 die
2741 3193 2886 3249 mala
2905 3193 3171 3263 peribunt.
3206 3188 3313 3255 Qui
3359 3201 3470 3245 non
3492 3201 3563 3242 ex

269 3309 331 3363 δὲ
359 3307 436 3380 μὴ
469 3307 529 3374 ἐξ
552 3306 728 3377 ἔργων
751 3301 1095 3373 δικαιοσύνης
1127 3299 1395 3370 τιμῶντες
1417 3295 1575 3362 Θεὸν,
1605 3296 1663 3349 ἐν
1679 3293 1868 3366 ἡμέρα

269 3398 452 3471 ὀργῆς
482 3395 647 3451 αὐτοῦ
685 3397 781 3449 καὶ
803 3393 1236 3456 ἀνταποδόσεως,
1302 3385 1637 3442 ἀπολοῦνται
1689 3403 1869 3457 παρα-

270 3489 636 3561 πεμφθέντες
677 3489 758 3550 είς
787 3486 1038 3554 γέενναν.

339 3623 405 3673 ε’.
463 3616 823 3685 ’Δκιίθαρτος
861 3611 1023 3682 παρὰ
1049 3609 1242 3679 Κυρίῳ
1255 3606 1376 3674 πᾶς
1398 3601 1866 3676 ὑψηλοκιίρδιος.

275 3709 527 3781 Βέϐηλος
567 3706 720 3778 παρά
753 3705 830 3777 τῷ
868 3704 965 3758 τοῦ
1023 3702 1228 3764 παντὸς
1277 3698 1551 3770 Δεσπότῃ,
1611 3694 1714 3750 κᾶν
1754 3693 1870 3764 βίου

275 3802 639 3874 καθαρότητα
673 3797 1063 3858 ἐπιδείκνυται,
1112 3791 1330 3858 ἀλαζὼν
1359 3790 1509 3854 ἅπας
1541 3789 1639 3843 καὶ
1668 3786 1874 3859 ὑπερή-

278 3911 458 3967 φανος
490 3909 504 3925 ’
532 3892 920 3948 ἀντιτάσσεται
954 3888 1084 3961 (γὰρ
1107 3885 1270 3958 Θεῷ).

357 4021 522 4090 Χειρί
549 4019 618 4074 δὲ
643 4017 846 4090 χεῖρας
860 4013 1144 4084 ἐμϐαλὼν
1170 4009 1414 4074 ἀδίκως,
1448 4008 1562 4062 οὐκ
1597 4003 1876 4071 ἀθωωθή-

281 4131 484 4172 σεται.
523 4115 581 4166 ’0
605 4112 662 4164 δὲ
701 4109 782 4181 τῷ
813 4105 1047 4178 καμάτῳ
1093 4103 1192 4174 τῆς
1232 4101 1442 4164 οἰκείας
1504 4098 1689 4169 χειρὸς
1747 4096 1877 4158 τοὺς

279 4209 401 4264 τῶν
453 4202 752 4275 ἀλλοτρίων
802 4198 1005 4271 χειρῶν
1050 4195 1248 4257 πόνους
1281 4190 1433 4264 παρὰ
1462 4192 1642 4246 πάντα
1669 4188 1878 4242 δίκαιον

280 4301 452 4369 λόγον
488 4293 820 4367 προσμίξας,
853 4291 914 4344 οὑ
953 4287 1204 4352 τεύξεται
1240 4280 1572 4353 συγγνῶμης
1593 4279 1746 4350 ποιρά
1782 4275 1876 4330 τοῦ
1907 4342 1910 4344 γ

279 4389 508 4447 δικαίου
533 4387 640 4442 τῶν
681 4385 820 4438 ὅλων
853 4380 1047 4454 κριτοῦ
1109 4383 1167 4435 ἐν
1204 4377 1388 4449 ἡμέρᾳ
1437 4370 1876 4433 ἀνταποδόσεως.

1975 3291 2243 3362 operibus
2269 3291 2507 3360 iustitiae.
2525 3289 2695 3345 Deum
2732 3287 3031 3349 honorant,
3064 3282 3120 3336 in
3159 3280 3250 3335 die
3277 3280 3372 3334 irae
3392 3286 3447 3333 et
3475 3293 3564 3332 re-

1967 3381 2290 3437 tributionis
2329 3381 2501 3452 ipsius
2527 3379 2806 3451 peribunt,
2844 3373 3080 3431 immissi
3112 3372 3167 3427 in
3195 3371 3526 3444 gehennam.

2045 3596 2214 3654 Vens.
2257 3599 2311 3654 5.
2343 3596 2596 3667 Impurus
2647 3595 2790 3666 apud
2834 3593 3124 3648 Dominum
3166 3592 3336 3647 omnis
3367 3591 3562 3646 elatus.

1977 3688 2274 3755 Profanus,
2303 3689 2449 3760 apud
2497 3703 2684 3744 rerum
2720 3691 2965 3742 omnium
3004 3685 3318 3748 Dominum,
3350 3683 3567 3737 etiamsi

1978 3781 2108 3835 vitae
2161 3781 2457 3850 puritatem
2490 3794 2602 3849 prae
2649 3794 2709 3834 se
2751 3777 2942 3842 ferret,
2997 3774 3180 3831 omnis
3228 3774 3470 3846 jactator
3515 3781 3570 3829 et

1975 3871 2266 3928 sublimis:
2306 3871 2635 3926 adversatur
2666 3870 2836 3940 (enim
2866 3868 3025 3939 Deo).

2047 4000 2276 4057 Manum
2325 4001 2382 4055 in
2442 4017 2635 4056 manus
2678 4002 2770 4071 qui
2792 4001 2990 4070 injuste
3030 3997 3230 4071 injicit,
3277 3999 3420 4054 haud
3467 3999 3572 4054 im-

1978 4111 2146 4165 purus
2206 4093 2393 4147 abibit.
2446 4093 2551 4160 Qui
2608 4093 2784 4147 labori
2834 4094 3070 4163 pr0priaa
3127 4107 3324 4147 manus
3376 4108 3575 4163 operas

1985 4181 2218 4241 aliarum
2275 4199 2539 4239 manuum
2577 4192 2772 4240 contra
2811 4199 3032 4240 onmem
3061 4185 3272 4255 justam
3303 4187 3574 4240 rationem

1987 4276 2364 4340 admiscuerit,
2428 4290 2460 4330 a
2505 4274 2658 4345 justo
2718 4286 3052 4330 cunctorum
3108 4275 3322 4345 judice,
3385 4276 3440 4330 in
3489 4275 3576 4332 die

1989 4368 2395 4434 retributionis,
2434 4370 2650 4423 veniam
2692 4383 2803 4422 non
2833 4367 3122 4421 obtinebit.

374 4517 562 4588 Ἀρχὴ
591 4515 734 4571 ὀδοῦ
761 4511 1011 4584 ἀγαθῆς,
1029 4510 1096 4564 τὸ
1127 4505 1321 4562 ποιεῖν
1341 4505 1560 4560 δίκαια.
1587 4502 1865 4570 Είσαγωγί

2061 4490 2284 4546 Initium
2319 4491 2415 4545 via-
2440 4491 2609 4554 bonw,
2633 4491 2808 4560 facere
2825 4491 3000 4559 justa.
3034 4487 3296 4544 lntroitus
3318 4488 3385 4543 ad
3408 4489 3578 4542 vitam

285 4611 414 4664 ἐστι
443 4609 543 4678 τῆς
566 4605 864 4675 εὐαρέστου
899 4600 1019 4670 Θεῷ
1073 4598 1258 4669 βιοτῆς
1318 4597 1352 4666 ἡ
1385 4594 1474 4649 διὰ
1499 4593 1608 4646 τῶν
1641 4592 1883 4645 ἀντικει-

290 4702 482 4774 μένων
515 4701 585 4769 τῇ
626 4697 798 4768 κακίᾳ
831 4695 1012 4765 ἔργων
1044 4691 1313 4762 κάθαρσις
1351 4689 1458 4742 τῶν
1495 4685 1682 4741 παθῶν
1713 4700 1727 4716 ⁸
1765 4683 1883 4755 μεθ’

285 4798 359 4868 ἢν
383 4795 420 4866 ἡ
456 4792 710 4864 προκοπή
734 4806 794 4842 τε
835 4787 983 4858 καὶὴ
1015 4785 1315 4846 τελείωσις.

363 4910 562 4975 Δεκτὰ
608 4916 676 4971 δὲ
710 4915 870 4985 παρὰ
919 4912 1042 4979 Θεῷ
1066 4911 1310 4982 μᾶλλον
1367 4908 1407 4979 ἣ
1459 4907 1626 4963 θύειν
1642 4905 1883 4961 θυσίαν.

293 5010 698 5082 Εὺπρόσδεκτα
730 5009 788 5062 δέ
818 5008 888 5063 τὰ
914 5004 1140 5060 τοιαῦτα
1171 5003 1310 5074 ἔργα
1343 4999 1463 5072 Θεῷ
1512 4999 1652 5071 ὑπὲρ
1677 4997 1887 5068 ἀλόγων

292 5104 460 5172 ζώων
484 5099 914 5172 ὁλοκαυτώματα
947 5113 962 5129 ·
1008 5098 1084 5162 ὡς
1113 5096 1214 5167 τῆς
1261 5093 1465 5165 σαρκὸς
1492 5090 1790 5163 νεκροῦντα
1827 5090 1889 5146 τὸ

295 5197 588 5270 φρόνημα,
660 5191 757 5247 καὶ
794 5190 1000 5262 ταύτην
1051 5189 1347 5259 εὐάρεστον
1377 5184 1526 5255 αὐτῷ
1569 5183 1760 5238 θυσίαν
1820 5182 1888 5236 δι’

295 5288 565 5360 ἐναρέτου
597 5285 873 5349 πολιτείας
900 5281 1296 5338 ἀποτελοῦντα.

389 5508 456 5564 '0
479 5506 674 5576 ζηλῶν
710 5504 818 5560 τόν
848 5503 1090 5572 Κύριον,
1117 5499 1366 5570 εὑρήσει
1386 5496 1614 5569 γνῶσιν
1630 5495 1781 5567 μετὰ
1804 5495 1891 5550 δι-

299 5601 662 5666 καιοσύνης.
699 5597 758 5652 '0
793 5595 929 5650 Θεοῦ
960 5595 1238 5665 ἐπιτυχεῖν
1297 5591 1607 5662 ἐφιέμενος,
1638 5589 1892 5654 τεύξεται

300 5695 407 5765 τῆς
432 5693 756 5765 ὲμπράκτου
782 5689 1040 5759 γνώσεως
1059 5687 1168 5741 τῶν
1196 5685 1370 5755 ἁγίων
1414 5681 1580 5739 αὐτοῦ
1637 5681 1890 5738 ἐντολῶν.

379 5803 450 5859 οι
465 5802 533 5858 δὲ
561 5799 748 5872 ὀρθῶς
778 5797 1099 5872 ζητοῦντες
1150 5795 1360 5863 αὑτὸν,
1405 5792 1783 5864 εὑρήσουσιν
1817 5794 1898 5847 εί-

1991 4582 2103 4638 Deo
2127 4589 2432 4651 acceptam,
2465 4589 2551 4635 est
2583 4579 2895 4648 puriﬁcatio
2930 4581 3251 4648 passionum
3288 4593 3385 4648 per
3412 4594 3579 4649 opera

1992 4674 2218 4730 malitia:
2274 4672 2563 4742 opposita;
2624 4687 2753 4725 cum
2795 4671 2889 4724 illa
2924 4678 2979 4725 et
3045 4668 3329 4740 profectus
3365 4679 3419 4724 et
3452 4685 3582 4740 pro-

1993 4765 2176 4822 lectio.

2067 4891 2222 4962 Apud
2253 4888 2424 4943 Deum
2472 4889 2641 4960 magis
2689 4898 2902 4959 accepta
2971 4906 3131 4961 quam
3164 4891 3476 4959 sacriﬁcare
3497 4907 3586 4944 sa-

1996 4985 2223 5055 criﬁcia.
2269 4983 2444 5037 Multo
2475 4984 2789 5053 acceptiora
2860 4990 2989 5038 sunt
3033 4981 3266 5037 Domino
3309 4982 3585 5053 ejusmodi

1997 5092 2184 5148 opera,
2211 5091 2376 5146 quam
2396 5076 2722 5130 holocausta
2742 5075 3204 5128 irrationabilium
3224 5075 3546 5128 animalium
3571 5091 3584 5128 :

1997 5173 2195 5243 spiritu
2257 5171 2402 5225 enim
2447 5169 2784 5224 mortiﬁcant
2840 5183 3086 5234 carnem,
3144 5184 3337 5238 quam,
3398 5176 3590 5224 sancta

1999 5262 2423 5319 conversatione
2458 5276 2581 5330 sua,
2619 5261 2672 5316 in
2703 5260 2812 5317 Deo
2834 5267 3052 5333 gratum
3098 5260 3432 5317 sacriﬁcium
3469 5276 3592 5332 per-

2000 5355 2212 5411 ﬁciunt.

2075 5487 2182 5556 Qui
2233 5488 2424 5558 quaerit
2491 5486 2818 5555 Dominumi,
2857 5485 3080 5540 inveniet
3152 5485 3430 5541 scientiam
3475 5499 3596 5537 cum

1993 5566 2254 5653 justitiaf
2279 5579 2387 5647 Qui
2433 5579 2528 5635 Dei
2571 5578 2904 5650 assequendi
2946 5577 3183 5650 cupidus
3229 5586 3336 5645 est,
3374 5591 3598 5647 cOmpa-

2002 5679 2152 5735 rabit
2183 5678 2288 5735 sibi
2316 5677 2616 5748 practicarn
2647 5675 2937 5732 scientiam
2960 5674 3348 5730 mandatorum
3377 5673 3521 5744 ejus.

2075 5793 2182 5862 Qui
2230 5801 2369 5849 recte
2432 5793 2704 5866 requirunt
2743 5808 2884 5862 eum,
2934 5791 3194 5850 invenient
3236 5805 3438 5861 pacem.
3473 5787 3602 5855 Qui,
