3958 6408
467 342 611 411 1383

1805 339 2158 401 PROCOPII
2189 338 2432 399 GAZJEI

3598 347 3712 413 1384

465 455 774 514 secundum
807 453 1078 517 ordinem,
1115 457 1265 507 recte
1299 450 1369 506 ad
1401 449 1693 506 Dominum
1725 451 2056 520 procedunt,

2173 450 2378 519 ρήνην.
2403 451 2466 504 Οἱ
2491 449 2547 502 δὲ
2580 448 2720 504 κατὰ
2734 448 2888 516 τάξιν
2916 448 3346 522 εὐθυποροΰντες
3374 460 3504 525 πρὸς
3517 456 3711 528 Κύριον,

466 563 646 618 neque
682 544 898 602 defectu
925 544 1152 600 virtutis
1196 558 1375 613 neque
1407 557 1636 598 excessu
1668 541 1725 597 in
1776 545 2064 613 passiones

465 641 683 698 devcrsi
735 639 962 706 fuerint,
1021 637 1487 708 perfectissimam
1556 635 2064 706 impassibilitatem

478 736 559 805 (in
587 742 854 804 quantum
891 731 1104 786 homini
1134 729 1418 802 possibile)
1448 729 1848 799 obsequemur.

537 843 747 898 Cuncta
779 859 936 912 opera
957 841 1176 895 Domini
1198 857 1317 896 cum
1341 839 1760 912 justitia.Justa
1787 846 1917 894 sunt
1947 853 2066 891 om-

466 935 582 1000 nia,
628 949 972 1003 quaacunque
1019 948 1200 986 rerum
1239 941 1568 987 cunctarum
1623 931 1890 987 Dominus
1929 930 2062 985 eﬂ‘eo

465 1028 623 1082 cerit.
660 1027 718 1081 Si
752 1027 930 1081 bonus
960 1025 1236 1097 afﬂigitur,
1269 1027 1530 1096 praesenti
1562 1034 1807 1112 tempore
1829 1026 2067 1094 castiga-

465 1125 558 1173 tur
589 1118 645 1172 in
675 1118 878 1184 quibus
915 1125 1176 1186 tanquam
1206 1117 1371 1182 homo
1399 1116 1659 1186 deliquit;
1697 1117 1775 1171 ita
1803 1125 1862 1171 ut
1892 1116 1944 1170 in
1978 1115 2064 1169 fu-

467 1217 594 1262 turo
648 1207 798 1262 solas
852 1207 1122 1262 bonorum
1183 1221 1411 1276 cperunt
1453 1206 1864 1266 retributiones
1911 1220 2067 1261 rece-

466 1311 682 1369 pturus.

544 1411 891 1468 Custodietur
917 1411 1113 1480 impius
1139 1413 1194 1465 in
1254 1411 1392 1466 diem
1434 1411 1655 1466 malam.
1694 1411 1959 1466 Servatur
2007 1411 2061 1465 in
2107 1471 2115 1484 μ

463 1500 724 1571 praesenti
757 1499 908 1565 felix,
942 1500 1035 1570 qui
1077 1498 1244 1555 Deum
1279 1515 1375 1569 per
1412 1499 1556 1554 bona
1600 1514 1766 1570 opera
1815 1514 1924 1554 non
1965 1497 2065 1553 ho-

464 1600 648 1647 norat.
676 1589 1039 1660 Longanimis
1063 1589 1322 1646 est'Deus
1352 1592 1522 1646 relate
1575 1590 1644 1646 ad
1686 1591 1840 1644 illum
1887 1607 2064 1662 usque

466 1683 522 1737 in
547 1683 689 1736 diem
722 1681 817 1735 ira:
836 1688 890 1734 et
907 1681 1412 1746 manifestationis;
1450 1696 1597 1736 nunc
1634 1683 1898 1738 retribuit
1919 1684 2062 1748 bona

2170 544 2268 595 καὶ
2319 541 2457 612 μήτε
2484 541 2621 610 πρὸς
2645 541 2714 594 τὰ
2757 541 2881 595 κατ’
2915 542 3158 610 ἔλλειψιν
3207 547 3306 615 τῆς
3338 545 3534 617 ἀρετῆς
3568 551 3712 623 πάθη,

2173 635 2312 705 μήτε
2339 632 2478 704 πρὸς
2501 633 2572 686 τὰ
2603 632 2732 685 καθ’
2759 633 3067 704 ὑπερϐολὴν
3094 635 3448 706 τρεπόμενοι,
3475 637 3715 696 τελειοτά-

2165 741 2288 795 της,
2325 722 2401 786 ὡς
2435 723 2656 792 ἐφικτὸν
2700 723 2996 796 ἀνθρώπῳ,
3024 721 3297 788 ἀπαθείας
3337 727 3714 800 ἀξιωθήσονται,

2239 841 2300 890 ε’.
2345 834 2550 889 Πάντα
2592 835 2662 889 τὰ
2686 836 2830 906 ἔργα
2867 836 3090 905 Κυρίου
3135 838 3288 907 μετὰ
3343 836 3715 912 δικαιοσύνης.

2165 926 2368 982 Δίκαια
2420 927 2602 981 πάντα
2651 928 2745 980 ὄσο
2789 927 2855 980 ἂν
2885 927 2914 978 ό
2947 927 3054 981 τῶν
3087 927 3228 982 ὅλων
3259 929 3535 1000 Δεσπότης
3565 937 3673 1004 ποιῇ
3704 954 3715 966 ο

2165 1019 2271 1074 κᾶν
2293 1018 2500 1087 ἀγαθὸς
2519 1019 2576 1072 δὲ
2611 1019 2711 1090 μὲν
2744 1020 3058 1092 δυσπραγῇ,
3082 1021 3493 1093 τιμωρούμενος
3527 1025 3654 1080 κατὰ
3674 1029 3721 1080 τὸ

2167 1107 2363 1184 παρὸν,
2396 1105 2472 1168 ὧν
2502 1113 2577 1177 ὡς
2601 1112 2892 1184 ἄνθρωπος
2915 1113 3348 1185 ἐπλημμέλησεν
3392 1133 3405 1146 ·
3429 1117 3570 1181 ὅπως
3603 1121 3720 1174 κατὰ

2165 1206 2224 1259 τὸ
2292 1205 2486 1276 μέλλον
2521 1206 2689 1276 μόνας
2727 1206 2836 1262 τῶν
2886 1206 3109 1275 ἀγαθῶν
3162 1207 3345 1280 ἔργων
3381 1208 3604 1279 λήψεται
3643 1213 3722 1277 τὰς

2165 1299 2288 1352 ἀντι
2296 1294 2539 1368 μισθίας.

2236 1413 2622 1468 Φυλάσσεται
2661 1414 2730 1466 δὲ
2772 1415 2806 1467 ὸ
2848 1414 3080 1483 ἀσεϐὴς
3129 1418 3220 1483 είς
3273 1419 3504 1487 ἡμέραν
3537 1421 3720 1490 κακήν.

2166 1507 2245 1577 Τη
2257 1509 2428 1577 ρεῖται
2463 1507 2521 1560 δὲ
2549 1507 2846 1577 εὐπραγῶν
2885 1508 3027 1561 κατὰ
3051 1508 3114 1562 τὺ
3146 1509 3345 1580 παρὸν,
3373 1513 3402 1563 ὀ
3436 1511 3509 1581 μὴ
3534 1511 3594 1564 δι’
3615 1515 3723 1580 ἀγαο

2166 1597 2424 1668 θοεργίας
2471 1599 2648 1669 τιμῶν
2678 1599 2772 1652 τὸν
2795 1598 2928 1652 Θεόν
2963 1615 2977 1627 ·
3039 1600 3531 1672 μακροθυμοῦντος
3560 1603 3723 1659 τούτου

2165 1689 2254 1741 ἐπ’
2282 1687 2451 1758 αὐτῷ,
2485 1689 2590 1752 ἕως
2614 1690 2829 1760 ὴμέρας
2863 1689 3034 1760 ὀργῆς
3062 1690 3160 1744 καὶ
3204 1691 3613 1761 ἀποκαλύψεως,
3649 1697 3723 1749 καὶ

465 1775 597 1844 quia
636 1773 848 1843 pulchri
885 1773 1019 1843 quid
1051 1775 1224 1844 egerit
1255 1774 1381 1828 ille:
1411 1775 1518 1829 scit
1542 1775 1688 1830 enim
1723 1774 1873 1830 Deus
1895 1775 2058 1829 talem

2173 1779 2513 1842 ἀποδιδόντος
2535 1779 2687 1850 αὐτῷ
2717 1781 2899 1850 ἀγαθὰ
2921 1781 3036 1846 νῦν,
3068 1780 3189 1833 ἀνθ’
3217 1783 3344 1834 ὅτου
3387 1784 3664 1852 εἰργάσατό
3683 1803 3724 1838 τι

466 1866 744 1922 hominem
772 1903 788 1929 ,
829 1867 1033 1920 exhinc
1086 1866 1398 1929 dolorosus,
1457 1866 1526 1919 ad
1595 1875 1744 1920 recta
1781 1882 2064 1938 nunquam

465 1971 590 2014 esse
617 1954 1020 2011 reducendum.

537 2066 707 2124 Vens.
733 2069 822 2123 10.
861 2068 1134 2123 Divinatio
1163 2069 1218 2121 in
1247 2066 1404 2123 labiis
1431 2067 1589 2139 regis.
1631 2069 1691 2121 ln
1719 2067 2066 2124 sermonibus

462 2161 691 2215 omnino
722 2163 867 2232 regis
906 2161 1000 2239 Dei
1030 2160 1342 2216 futurorum
1370 2169 1455 2216 est
1487 2161 1750 2230 pronotio
1784 2179 1799 2216 :
1847 2161 2066 2232 suppli-

463 2251 550 2304 cia
581 2261 784 2307 acterna
815 2252 1061 2306 minatur
1097 2250 1528 2322 peccatoribus:
1561 2251 1710 2306 bona
1762 2261 1946 2306 autem
1984 2251 2068 2304 in-

412 2364 418 2369 ·
465 2344 623 2398 tinita
666 2345 935 2414 promittit
987 2344 1122 2410 illis,
1178 2344 1275 2416 qui
1353 2343 1736 2400 indesinenter
1805 2335 2066 2400 mandata

464 2439 588 2510 ejus
613 2443 804 2493 sancta
837 2435 1150 2508 perficiunt.

533 2638 597 2693 In
617 2639 825 2708 judicio
851 2655 955 2693 non
981 2639 1182 2694 errabit
1209 2656 1268 2694 os
1293 2640 1429 2709 ejus.
1469 2639 1658 2695 Relate
1708 2639 1777 2694 ad
1819 2639 2066 2695 futurum

456 2729 730 2800 judicium
769 2729 1140 2801 superjusto's
1169 2737 1225 2785 et
1260 2738 1581 2802 peccatores
1604 2731 1917 2800 justissima
1973 2731 2067 2786 Dei

463 2817 766 2882 sententia,
801 2818 1013 2887 absque
1045 2832 1240 2874 errore
1270 2825 1357 2875 est
1386 2837 1398 2872 :
1425 2819 1614 2889 itaque
1645 2819 1744 2875 hos
1771 2817 2063 2890 justificat,

468 2909 596 2964 illos
629 2917 812 2962 autem
840 2909 1196 2965 condemnat.

535 3120 701 3177 Vens.
725 3123 810 3177 11.
834 3121 1052 3178 Pondus
1083 3124 1320 3188 (rulime,
1339 3125 1554 3195 justitia
1577 3124 1718 3194 apud
1758 3125 2065 3181 Dominum.
2097 3153 2140 3211 ρ

471 3212 652 3269 Veluti
680 3223 884 3270 statera
913 3215 978 3268 ad
1013 3216 1193 3284 majus
1236 3217 1450 3284 pondus
1485 3218 1739 3283 inclinat,
1778 3218 1858 3274 sic
1881 3233 2063 3274 rerum

465 3307 709 3362 omnium
752 3306 966 3361 Domini
994 3307 1229 3377 justitia,
1252 3323 1440 3378 quam,
1472 3309 1524 3362 in
1550 3309 1638 3364 die
1665 3309 2067 3380 judicii,opera

463 3409 654 3456 nostra
682 3400 824 3454 bona
867 3409 920 3454 et
943 3402 1085 3454 mala
1115 3401 1444 3470 ponderabit
1475 3419 1488 3469 ;
1517 3403 1562 3457 si
1625 3403 1876 3472 graviora
1913 3404 2069 3459 inve-

466 3494 611 3548 nerit
639 3509 806 3564 opera
830 3494 996 3559 bona,
1045 3493 1391 3565 justiticabit,
1418 3495 1465 3551 si
1503 3504 1700 3574 [autem
1735 3497 1897 3563 mala,
1932 3511 2068 3552 con-

465 3581 768 3636 detnnabit.

541 3697 714 3763 Opera
748 3693 862 3763 ejus
885 3693 1118 3748 lancula:
1144 3694 1333 3764 justaz.
1387 3670 1658 3751 Beneficia
1684 3695 1804 3765 ejus
1825 3713 1982 3768 atque
2009 3697 2067 3752 in

467 3800 660 3840 omnes
691 3785 1078 3841 eﬂundentur:
1141 3788 1195 3840 in
1232 3787 1646 3843 resurrectione
1678 3788 1830 3844 dabit
1882 3791 2064 3844 omni-
2110 3783 2117 3788 ’

471 3879 574 3935 bus
637 3880 1105 3951 incorruptionem
1155 3881 1455 3937 voluntatis
1498 3889 1554 3936 et
1599 3891 1831 3946 naturai,
1882 3884 1955 3938 ita
2007 3891 2068 3938 ut

469 3989 572 4027 nec
603 3973 825 4029 malitiae
867 3990 968 4030 nec
1004 3977 1166 4029 morti
1199 3976 1432 4046 subjecti
1465 3953 1870 4045 sint;.attamen
1897 3991 2068 4032 unus-

467 4068 721 4138 quisque,
775 4083 874 4139 pro
925 4069 1141 4124 ratione
1200 4069 1473 4125 factorum
1501 4071 1558 4125 in
1623 4070 1733 4126 vita
1787 4086 1908 4137 sua,
1979 4084 2072 4130 re-.

469 4163 658 4231 cipiet.

549 4292 717 4349 Vens.
755 4294 843 4349 12.
877 4294 1222 4350 Abominatio
1247 4299 1355 4369 regi
1378 4297 1582 4366 faciens
1626 4297 1794 4351 mala.
1847 4296 2065 4352 Invisus

467 4393 552 4441 est
591 4386 783 4440 mundi
825 4385 1080 4454 Domino,
1131 4390 1223 4458 qui
1269 4403 1437 4459 opera
1499 4387 1632 4442 facit
1688 4395 1881 4443 contra
1943 4384 2064 4456 ejus

467 4485 777 4545 praecepta;
808 4477 1008 4533 etenim
1045 4493 1142 4548 per
1195 4494 1337 4546 eam,
1370 4495 1494 4548 quae
1531 4479 1688 4549 juxta
1746 4479 1894 4550 leges
1920 4477 2061 4532 divi-

467 4583 572 4622 nas
613 4578 717 4632 est,
752 4571 1248 4638 conversationem,
1279 4571 1567 4626 ordinatur
1600 4569 1781 4624 anima
1809 4585 1908 4624 ceu
1939 4567 2060 4638 qui-

467 4661 592 4715 dam
647 4663 881 4716 thronus
936 4663 1002 4717 ad
1050 4663 1550 4733 requiescendum;
1583 4661 1752 4718 sicin
1785 4676 1850 4718 ea
1891 4660 2059 4726 Deus,

467 4769 652 4810 rerum
685 4755 930 4808 omnium
972 4769 1161 4809 causa.

541 4863 680 4920 Cum
719 4862 936 4933 justitia
969 4873 1307 4932 pra’paratur
1358 4862 1577 4918 thronus
1617 4862 1842 4931 imperii.
1893 4858 2062 4914 Valde

471 4955 842 5025 acceptabiles
876 4965 1009 5010 sunt
1047 4957 1156 5010 Dco
1181 4957 1425 5010 omnium
1459 4957 1573 5026 regi
1605 4966 1657 5010 et
1681 4955 1882 5025 cupido
1904 4961 1957 5008 et
1978 4955 2062 5006 in-

467 5045 729 5115 dignatio,
753 5045 1054 5099 secundum
1083 5053 1290 5099 rectum
1315 5045 1581 5114 judicium
1610 5043 1907 5097 ordinatae:
1945 5042 2061 5094 haec

469 5151 614 5190 emm
659 5135 864 5190 bonum
918 5137 1114 5208 diligit,
1161 5136 1252 5191 illa
1285 5144 1469 5191 autem
1519 5135 1723 5189 malum
1778 5133 2063 5189 abomina-

465 5233 578 5280 tur.

542 5337 712 5393 Vens.
750 5341 835 5394 l5.
866 5340 1032 5396 Grata
1053 5343 1162 5412 regi
1185 5342 1324 5396 labia
1338 5344 1515 5410 jnsta.
1545 5339 1728 5412 Diligit
1757 5351 2060 5400 sermones,

470 5432 563 5500 qui
599 5431 886 5486 veritatem
920 5433 1256 5488 conﬁtentur
1287 5443 1340 5488 et
1391 5433 1741 5488 mendacium
1792 5445 1902 5485 non
1959 5428 2063 5481 [in-

468 5531 601 5594 gnnt
629 5533 853 5593 propter
883 5525 1135 5579 timorem
1173 5525 1477 5580 hominum.

527 5636 691 5691 Vens.
743 5636 830 5692 Μ.
864 5636 958 5692 Ira
1008 5639 1164 5708 regis,
1199 5641 1416 5693 nuntius
1468 5635 1828 5692 mortis.Cum
1876 5646 2062 5687 rerum

467 5728 712 5779 omnium
757 5727 1043 5790 Dominus,
1080 5729 1389 5783 secundum
1438 5728 1709 5797 judicium
1756 5735 1809 5781 et
1843 5724 1908 5779 ad
1939 5739 2062 5778 cor-

469 5818 791 5884 rectionem,
830 5821 1216 5876 tribulationes
1251 5823 1303 5875 in
1345 5823 1595 5890 praesenti
1630 5820 1860 5887 inducit,
1893 5817 2062 5874 veluti

2168 1875 2353 1939 καλὸν,
2380 1873 2569 1944 ἐπειδὴ
2598 1870 2708 1926 οἶδε
2739 1872 2928 1927 τοῦτον
2959 1874 3034 1945 μὴ
3071 1873 3163 1927 διὰ
3186 1874 3300 1928 τῶν
3325 1875 3557 1930 ἐνταῦθα
3576 1876 3721 1946 λυπη-

2172 1965 2280 2036 ρῶν
2309 1964 2834 2036 διορθωθησόμενον.

2236 2085 2288 2132 ι’.
2318 2076 2619 2132 Μαντεῒον
2646 2077 2746 2131 ἐπὶ
2777 2079 3010 2146 χείλεσι
3036 2077 3368 2144 βασιλέως.
3413 2077 3500 2131 Ἐν
3527 2079 3628 2141 τοῖς
3652 2077 3722 2134 λό-

2169 2186 2286 2240 γοις
2314 2169 2408 2222 τοῦ
2437 2169 2827 2240 παμϐασιλέως
2857 2171 3018 2237 Θεοῦ,
3043 2173 3077 2242 ἡ
3106 2170 3217 2225 τῶν
3245 2170 3550 2240 μελλόντων
3576 2169 3721 2224 ἐνεστ.

2170 2262 2482 2334 πρόγνωσις
2542 2277 2559 2292 ⁶
2633 2263 2994 2327 ἀπειλοῦντος
3076 2264 3178 2332 μὲν
3240 2265 3356 2326 τοῖς
3412 2263 3718 2332 ἀμετανόητα

2177 2355 2591 2428 ἁμαρτάνουσιν
2629 2355 2849 2410 αἰώνιον
2888 2357 3112 2412 κόλασιν
3144 2398 3160 2424 ,
3192 2355 3650 2426 ἐπαγγελλομένου
3675 2355 3722 2408 δὲ

2170 2451 2285 2512 τοῖς
2350 2449 2781 2521 ἀπαραλείπτως
2823 2449 3218 2519 ἐργαζομένοις
3237 2449 3342 2513 τὰς
3372 2447 3529 2516 ἁγίας
3583 2445 3719 2500 αὑτοῦ

2169 2540 2415 2605 ἐντολὰς,
2447 2541 2516 2595 τὰ
2537 2541 2876 2611 ἀτελεύτητα
2907 2541 3108 2610 ἀγαθά.

2203 2720 2207 2724 ,
2255 2657 2358 2708 Ἐν
2379 2654 2448 2708 δὲ
2472 2656 2670 2723 κρίσει
2724 2657 2796 2710 οὺ
2818 2654 2904 2724 μὴ
2932 2653 3215 2723 πλανηθῇ
3236 2655 3308 2708 τὸ
3337 2654 3528 2722 στόμα
3543 2649 3717 2706 αὐτοῦ.

2184 2748 2250 2802 Ἠ
2290 2748 2346 2801 δὲ
2401 2748 2545 2802 κατά
2596 2746 2697 2819 τὴν
2736 2747 3039 2818 μέλλουσαν
3099 2747 3286 2818 κρίσιν
3339 2745 3431 2800 ἐπί
3449 2762 3503 2798 τε
3541 2741 3720 2805 τοῖςδι-

2176 2840 2354 2903 καίοις
2387 2840 2482 2893 καὶ
2509 2842 2622 2902 τοῖς
2654 2839 3000 2911 ἁμαρτωλοῖς
3038 2840 3360 2908 δικαιοτάτη
3403 2837 3584 2891 τούτου
3614 2833 3720 2889 ἀπό-

2173 2949 2359 3002 φασις,
2396 2932 2649 3004 ἀπλανής
2670 2934 2817 2985 ἐστιν
2833 2971 2850 2998 ,
2884 2931 2960 2996 ὡς
2990 2931 3206 3002 ἀληθῶς
3224 2933 3354 2995 τοὺς
3377 2930 3472 3002 μὲν
3492 2925 3722 2982 δικαιοῦν-

2173 3039 2286 3088 τος,
2315 3024 2440 3086 τοὺς
2468 3023 2527 3078 δὲ
2564 3025 3010 3093 κατακρίνοντος.

2256 3141 2346 3196 ια’.
2388 3138 2568 3208 Ῥοπὴ
2625 3137 2822 3209 ζυγοῦ,
2878 3139 3236 3208 δικαιοσύνη
3293 3139 3454 3208 παρὰ
3513 3134 3716 3203 Κυρίου.

2168 3232 2379 3304 Οἶάπερ
2414 3251 2498 3296 τις
2533 3231 2698 3300 ζυγὸς
2727 3231 2863 3301 πρὸς
2894 3232 2955 3284 τὸ
2992 3231 3175 3285 πλεῖον
3210 3232 3317 3302 τῆς
3367 3230 3530 3299 ὁλκῆς
3548 3228 3714 3298 ῥέπων,

2167 3328 2340 3388 οὕτως
2358 3329 2390 3394 ἠ
2421 3323 2515 3377 τοῦ
2548 3323 2817 3376 Δεσπότου
2839 3322 2948 3375 τῶν
2967 3323 3104 3376 ὅλων
3129 3321 3469 3393 δικαιοσύνη,
3491 3320 3553 3373 τὰ
3571 3315 3717 3385 ἀγαθὰ

2168 3419 2326 3492 ἡμῶν
2353 3419 2488 3490 ἔργα
2512 3417 2604 3470 καὶ
2626 3416 2693 3470 τὰ
2718 3415 2948 3488 πονηρὰ,
2966 3415 3024 3469 ἐν
3056 3415 3240 3486 ἡμέρᾳ
3269 3414 3522 3487 κρίσεως,
3547 3409 3709 3464 ταλαν-

2167 3513 2402 3567 τεύουσα
2440 3528 2454 3542 °
2487 3510 2581 3565 καὶ
2621 3512 2669 3564 εί
2696 3511 2795 3581 μὲν
2825 3510 2895 3563 τὰ
2925 3509 3069 3564 καλὰ
3121 3509 3260 3580 ἔργα
3289 3509 3505 3562 πλείονα
3528 3501 3710 3573 εὑρεθῇ,

2165 3604 2454 3660 δικαιοῦσα
2486 3621 2501 3635 ·
2533 3604 2580 3656 εἰ
2601 3603 2658 3656 δὲ
2680 3603 2750 3656 τά
2784 3602 2952 3670 κακὰ,
2981 3601 3414 3671 κατακρίνουσα.

2161 3735 2164 3740 ·
2247 3719 2324 3773 Τὰ
2348 3718 2417 3772 δὲ
2438 3721 2584 3786 ἔργα
2618 3715 2827 3782 αὐτοῦ,
2864 3715 3123 3786 στὰθμια
3174 3715 3400 3769 δίκαια.
3425 3713 3487 3766 Δί
3521 3711 3563 3763 δ’
3591 3708 3715 3774 εὐερ-

2169 3811 2351 3878 γεσίαι
2377 3809 2569 3862 τούτου
2633 3809 2828 3878 ἐπίσης
2852 3809 2932 3871 εἰς
2963 3799 3172 3871 πάντας
3194 3801 3713 3878 ὲκκέχυνται,δωρου·

2172 3899 2336 3972 μένου
2371 3901 2536 3954 πᾶσιν
2566 3900 2624 3952 ἐν
2644 3901 2712 3969 τῇ
2763 3898 3061 3953 ἀναστάσει
3094 3898 3156 3950 τὸ
3204 3901 3308 3968 τῆς
3377 3892 3714 3968 προαιρέσεως

2170 3995 2265 4046 καὶ
2293 3993 2356 4046 τὺ
2384 3993 2483 4063 τῆς
2510 3993 2730 4062 φύσεως
2750 3991 3032 4062 ἄφθαρτον
3068 4007 3084 4022 ⁸
3142 3991 3220 4055 ὼς
3250 3991 3451 4053 κακίας
3475 3987 3559 4041 καὶ
3585 3978 3714 4036 θανά-

2167 4103 2262 4140 του
2296 4087 2494 4157 μηκέτι
2545 4085 2956 4156 ἐνεργουμένων
2991 4103 3004 4116 ·
3055 4086 3161 4140 κᾶν
3210 4085 3438 4146 ἕκαστος
3479 4074 3713 4134 ἀναλόγως

2169 4179 2536 4251 ἀπολαμϐἀνῃ
2562 4181 2676 4242 τοῖς
2720 4177 3142 4250 πεπραγμένοις
3168 4179 3226 4230 ἐν
3279 4182 3345 4249 τῇ
3385 4188 3538 4229 αυτου
3570 4163 3709 4237 βιοτῇ.

2243 4289 2333 4360 ιβ’.
2358 4288 2676 4359 Βδέλυγμα
2703 4288 2962 4354 ,ϐασιλεῖ
2981 4292 3014 4343 ό
3035 4287 3225 4342 ποιῶν
3282 4284 3456 4342 κακά.
3505 4273 3710 4346 Μισητός

2169 4382 2396 4452 ἐστιτῷ
2436 4381 2532 4435 τοῦ
2573 4380 2776 4446 παντὸς
2828 4381 3094 4455 Δεσπότῃ,
3126 4379 3186 4445 ὃς
3245 4380 3314 4434 τὰ
3378 4375 3500 4445 παρ’
3533 4364 3709 4434 ἐντολὴν

2171 4473 2338 4526 αὐτοῦ
2361 4473 2498 4544 ἔργα
2524 4476 2670 4526 ποιεῖ
2705 4489 2718 4502 ·
2751 4473 2839 4528 διὰ
2893 4473 3002 4544 γὰρ
3029 4473 3127 4544 τῆς
3157 4472 3303 4527 κατὰ
3328 4471 3520 4541 νόμους
3565 4459 3709 4516 θείους

2165 4565 2444 4630 πολιτείας
2492 4567 2870 4639 εὐτρεπίζεται
2913 4569 2946 4638 ἡ
3012 4567 3158 4638 ψυχὴ
3203 4568 3285 4630 είς
3349 4564 3407 4619 τὸ
3452 4551 3708 4615 ἀναπαύειν

2165 4659 2240 4724 ὥς
2267 4677 2349 4723 τις
2379 4659 2588 4729 θρόνος,
2621 4660 2705 4730 ἐφ’
2749 4662 2914 4732 ἑαυτῇ
2956 4660 3112 4725 Θεὸν,
3169 4659 3272 4730 τὴν
3307 4659 3517 4713 πάντων
3541 4644 3704 4702 αἰτίαν.

2251 4857 2414 4913 Μετὰ
2439 4857 2549 4928 γὰρ
2576 4856 2969 4926 δικαιοσύνης
3025 4857 3383 4928 ἑτοιμάζεται
3407 4854 3600 4922 θρόνος
3622 4843 3704 4907 ἀρ·

2182 4949 2320 5020 χῆς.
2377 4951 2765 5020 Εὐπρόσδεκτα
2820 4950 2939 5021 Θεῷ
2992 4950 3068 5022 τῷ
3113 4952 3331 5004 πάντων
3384 4935 3702 5022 βασιλεῖνῆῖε

2167 5017 2433 5112 ἐπιθυμία
2463 5017 2557 5093 καὶ
2589 5041 2618 5092 ὀ
2650 5038 2841 5109 θυμὸς,
2871 5017 3000 5094 ὅταν
3039 5017 3159 5092 κατ’
3196 5038 3360 5110 ὀρθὴν
3386 5017 3703 5105 κρίσιν,ήμὲν

2167 5133 2229 5187 τὸ
2253 5133 2457 5203 ἀγαθὸν
2495 5133 2659 5202 φιλεῖ,
2710 5135 2737 5186 ὁ
2767 5133 2824 5186 δέ
2858 5132 2919 5186 τὸ
2950 5133 3118 5186 κακὸν
3153 5131 3510 5203 βδελύττηται.

2248 5339 2339 5400 ιγ’.
2375 5334 2564 5388 Δεκτά
2588 5334 2851 5399 βασιλεῖ
2883 5337 3055 5404 χείλη
3085 5336 3306 5391 δίκαια.
3348 5325 3639 5391 Ἀσπάζεται
3662 5309 3699 5365 δ’

2166 5420 2320 5489 οὗτος
2350 5430 2475 5490 τοὺς
2510 5427 2907 5497 ὁμολογοῦντας
2942 5428 3004 5480 τδ
3046 5429 3244 5498 ἀληθὲς
3300 5429 3499 5495 λόγους,
3530 5413 3607 5470 κειἱ
3631 5405 3690 5479 μὴ

2166 5519 2632 5590 ὑποκρινομένους
2666 5519 2727 5572 τὸ
2776 5519 2970 5589 ψεῦδος
2999 5521 3082 5573 διὰ
3119 5521 3284 5590 φόϐον
3314 5513 3637 5588 ἀνθρώπινον-

2243 5634 2325 5686 ιδ’.
2379 5635 2577 5704 Θυμὸς
2624 5634 2974 5701 βασιλέως,
3041 5634 3299 5703 ἅγγελος
3358 5628 3606 5688 θανάτου.
3645 5609 3694 5661 Ἦ

2166 5727 2309 5780 κατὰ
2342 5727 2522 5796 κρίσιν
2553 5745 2646 5780 του
2681 5729 2950 5780 Δεσπότου
2983 5733 3092 5781 τῶν
3124 5731 3260 5781 ὅλων
3326 5729 3565 5790 επαγωγη
3591 5705 3696 5778 πρὸς

2166 5816 2475 5888 διόρθωσιν,
2526 5818 2635 5872 τῶν
2682 5817 2826 5874 κατά
2884 5820 2945 5871 τὸ
3005 5819 3178 5890 παρὸν
3228 5804 3588 5887 θλιδερῶν,ὦς
3631 5806 3695 5854 τίς
