3958 6382
228 351 362 420 i385

1233 342 1767 406 COMMENTARII
1833 344 1911 405 IN
1955 347 2407 407 PROVERBIA.

3319 348 3458 411 1386

223 465 449 536 ἅγγελος
477 457 780 532 προμηνύει
810 459 907 531 τὴν
935 457 1160 522 ὲπ“ιτοῖς
1206 460 1597 531 ἀμετανοήτοις
1647 461 1786 514 κατὰ
1813 512 1817 521 η

1937 461 2010 516 uis
2033 462 2262 546 nuntius
2292 447 2758 532 impmnitcntibus
2779 463 3026 534 prmdicit
3057 462 3178 518 illos
3201 464 3252 516 in
3279 462 3462 518 futuro

223 560 282 614 τὸ
306 557 492 629 μέλλον
523 553 780 626 στέρησιν
806 553 993 616 αὑτοῦ,
1016 551 1116 622 τῆς
1140 551 1308 616 ὅντως
1337 552 1503 623 ζωῆς.

306 690 473 756 Ἀνὴρ
496 687 563 741 δὲ
586 687 800 755 σοφός,
828 685 1171 750 ἐξιλάσεται
1199 687 1408 740 αὐτόν.
1437 685 1709 748 Γενναίως
1737 685 1790 738 δ’

1894 567 2017 605 vera
2050 554 2156 607 vita
2186 553 2480 608 orbandos.

1975 685 2070 740 Vir
2095 690 2306 756 sapiens
2335 688 2643 757 propitiabit
2681 687 2857 741 illum.
2907 686 3010 752 Qui
3046 687 3302 742 dolorosa
3333 686 3466 740 viri-

229 779 521 851 ὑπομείνας
569 779 639 830 τά
683 776 925 845 ἀλγεινά,
983 778 1011 829 ὁ
1060 775 1310 829 ἐντεῦθεν
1343 777 1402 828 ἐν
1445 776 1793 846 συναισθήσει

1937 789 2018 832 ιει·
2057 779 2282 845 sull'crt,
2342 779 2471 833 hinc
2521 766 2869 849 propriorum
2926 779 3254 834 delictorum
3331 792 3471 832 con-

228 871 514 940 γενόμενος
567 868 674 920 τῶν
703 867 920 920 οἰκείων
979 864 1492 937 πλημμελημάτων,
1547 866 1643 920 καὶ
1693 865 1797 934 τῆς

228 963 312 1016 ἐπ’
350 961 532 1022 αὑτοῖς
559 957 861 1028 μελλούσης
892 957 1190 1022 κολάσεως,
1227 958 1323 1010 καὶ
1363 955 1454 1009 τὸν
1486 955 1618 1008 ἴδιον
1679 954 1796 1024 βίον

228 1052 682 1124 διορθωσάμενος,
711 1051 804 1102 τὸν
833 1050 932 1120 μὲν
994 1049 1164 1119 θυμὸν
1216 1047 1383 1102 αὑτοῦ
1439 1047 1800 1118 ἀποστρέψει,

229 1141 587 1196 ἐπισπάσεται
621 1139 798 1208 δὲτὴν
830 1137 1138 1208 εὐμένειαν.

299 1281 378 1329 ιε’.
430 1273 527 1326 Ἑν
554 1271 699 1341 φωτί
729 1267 896 1337 ζωῆς,
923 1270 1055 1334 υἱὸς
1074 1267 1403 1333 βασιλέως.
1448 1265 1536 1318 Ἐν
1557 1264 1636 1332 τῷ
1664 1259 1804 1332 φωτὶ

231 1368 463 1436 ὑπάρχει
490 1363 597 1416 τῶν
623 1363 852 1416 ἐντολῶν
897 1362 992 1413 τοῦ
1023 1361 1124 1428 τῆς
1149 1356 1498 1427 δικαιοσύνης
1542 1354 1750 1416 Ἠλίου,
1777 1353 1806 1404 ό

227 1457 316 1512 διὰ
334 1456 432 1528 τῆς
461 1457 539 1516 είς
561 1453 695 1506 Θεὸν
727 1453 823 1506 καὶ
851 1453 942 1504 τὸν
970 1451 1200 1521 πλησίον
1248 1449 1490 1516 ἀγάπης.
1521 1445 1633 1508 υἱὸς
1665 1444 1808 1497 κατὰ

231 1548 388 1618 χάριν
425 1544 592 1598 αὐτοῦ
616 1542 710 1596 τοῦ
741 1544 962 1596 πάντων
987 1539 1338 1603 δεσπόζοντος
1366 1535 1618 1604 γενέσθαι
1639 1547 1810 1585 κατα-

229 1638 463 1705 ξιωθείς.

299 1755 364 1806 Ol
389 1751 459 1804 δὲ
493 1748 855 1818 προσδεκτοὶ
907 1746 1089 1813 αὐτῷ,
1120 1745 1322 1814 ὥσπερ
1351 1745 1536 1814 νέφος
1569 1743 1808 1812 ὄψιμον.

231 1847 291 1898 Oi
323 1845 380 1896 δὲ
415 1843 840 1913 προσδεχόμενοι
875 1842 1006 1910 παρ’
1037 1839 1229 1904 αὑτοῦ,
1257 1840 1331 1899 ὡς
1357 1837 1442 1890 διὰ
1475 1835 1572 1905 τὴν
1605 1835 1685 1896 είς
1715 1834 1811 1886 αὑ·

229 1935 319 1988 τὸν
339 1935 528 1986 πίστιν
549 1932 626 2003 τῷ
657 1931 807 2002 φόϐῳ
833 1930 940 1983 τῶν
972 1930 1247 1984 κολάσεων
1275 1927 1560 1990 δουλικῶς,
1585 1925 1694 1979 ἀπὸ
1716 1923 1810 1976 τοῦ

229 2024 504 2096 προτέρου
531 2023 632 2093 τῆς
656 2025 854 2085 κακίας
881 2021 1020 2092 βίου,
1039 2021 1133 2075 ἐπὶ
1153 2021 1298 2073 τέλει
1316 2020 1413 2089 τῆς
1443 2019 1651 2080 οἰκείας
1667 2013 1815 2083 ζωῆς

229 2120 678 2191 ἐπιστρέφοντες,
710 2120 804 2171 καὶ
850 2118 950 2180 τὰς
984 2116 1062 2185 τῷ
1124 2115 1353 2186 φλογμῷ
1389 2113 1498 2165 τῶν
1547 2111 1814 2164 ἑκουσίων

224 2213 444 2276 παθῶν,
505 2213 686 2281 πάσης
748 2212 1124 2280 πνευματικῆς
1197 2208 1400 2267 νοτίδος
1459 2205 1815 2276 στερηθείσας

227 2306 403 2374 ψυχὰς
440 2303 545 2356 καθ
555 2302 899 2372 υγραίνοντες
927 2304 992 2372 τῇ
1012 2301 1099 2354 διὰ
1116 2299 1410 2362 κατάνυξιν
1429 2297 1538 2349 τῶν
1563 2294 1816 2365 δακρύων

233 2401 351 2470 ῥοῇ,
383 2398 572 2467 eum?
598 2398 809 2449 ἐοίκασι
835 2396 993 2464 νέφει
1043 2394 1139 2447 καὶ
1165 2392 1462 2464 δροσίζοντι
1489 2390 1586 2458 τὴν
1619 2386 1817 2458 ξηραν-

229 2490 414 2542 θεῖσαν
451 2489 558 2557 γῆν
582 2486 658 2557 τῷ
690 2485 902 2555 θερινοῢ
945 2485 1189 2555 φλογμοῦ
1218 2480 1480 2536 καύσωνι.

303 2607 398 2666 ις’.
426 2599 690 2654 Νοσσιαί
741 2599 962 2667 σοφίας
1021 2597 1394 2666 αἱρετώτεραι
1433 2591 1712 2664 χρυσίου.
1751 2591 1816 2643 Δί

229 2694 321 2746 τοῦ
362 2692 488 2754 νοδς
506 2691 838 2761 θεωρητικαὶ
881 2690 1045 2757 ἔξεις,
1074 2691 1141 2752 ἃς
1182 2683 1336 2749 οὗτος
1375 2685 1602 2754 δυνάμει
1629 2682 1818 2752 σοφίας

231 2782 500 2852 πηγνύων
553 2783 612 2833 ὲν
669 2781 960 2850 πνεύματι,
1017 2779 1110 2833 ὲπί
1138 2797 1196 2832 τε
1219 2781 1288 2850 τῇ
1332 2775 1582 2844 αἰσθήσει
1627 2774 1720 2826 καὶ
1750 2774 1818 2841 τῇ

233 2873 531 2944 φαντασίᾳ,
583 2875 641 2926 ὲν
671 2872 895 2937 ταύταις
945 2872 1043 2936 τὰς
1079 2871 1204 2943 περὶ
1232 2869 1342 2922 τῶν
1385 2869 1551 2920 ὄντων
1599 2865 1821 2934 ἀληθεῖς

231 2967 392 3031 δόξας
431 2965 577 3019 κατὰ
629 2965 869 3019 διάνοιαν
897 2961 986 3018 οἷά
1012 2980 1166 3026 τινας
1217 2960 1492 3030 άπογεννᾷ
1535 2950 1816 3022 νεοττοὺς,

235 3056 653 3127 προτιμώτεραι
690 3056 920 3128 όδρύζου
962 3055 1210 3125 χρυσίου,
1245 3054 1320 3116 ῶς
1344 3054 1400 3105 ἐν
1425 3053 1557 3122 πυρὶ
1585 3053 1704 3113 ταῖς
1730 3049 1821 3102 λο-

1903 871 2158 936 scientia,
2181 871 2342 940 illius
2358 879 2538 925 autem
2559 861 2725 925 futuri
2744 870 3025 940 supplicii,
3046 884 3200 924 suam
3229 869 3396 921 vitam
3415 867 3469 921 in

1901 962 2095 1015 melius
2132 962 2364 1032 reducit,
2396 952 2532 1016 iram
2558 961 2663 1017 ιι)θί
2690 962 2886 1015 avertit
2907 969 2962 1016 et
2988 961 3107 1030 ejus
3139 959 3474 1014 benevolenv

1901 1050 2031 1104 tiam
2064 1051 2167 1128 sibi
2196 1059 2500 1121 comparat.
2586 1054 2597 1076 ·”
2643 1059 2646 1062 ‘

1975 1273 2142 1328 Vens.
2176 1273 2262 1326 i5.
2287 1272 2350 1326 In
2368 1272 2562 1324 lumine
2579 1272 2697 1324 vita:
2711 1272 2853 1339 ﬁlius
2871 1269 3046 1340 Regis.
3069 1269 3124 1322 In
3139 1269 3347 1322 iumine
3367 1267 3479 1337 agit

1908 1364 2286 1419 mandatorum
2311 1363 2458 1417 Solis
2470 1361 2718 1430 justitiae,
2745 1359 3061 1430 crga'l)eum
3089 1369 3142 1414 et
3167 1358 3474 1429 proximum

1908 1452 2198 1511 charitate.
2226 1450 2371 1504 ﬁlius
2415 1464 2512 1518 per
2547 1451 2778 1517 gratiam
2809 1449 2986 1518 ipsius
3011 1446 3254 1501 omnium
3291 1443 3478 1498 Domi-

1909 1543 2119 1600 natoria
2155 1537 2268 1592 ﬁeri
2301 1539 2625 1606 promeruit.

1987 1759 2092 1824 Qui
2136 1767 2311 1813 autem
2345 1758 2548 1826 accepti
2574 1767 2694 1810 sunt
2729 1758 2800 1824 ei,
2843 1756 2980 1812 velut
3006 1756 3172 1811 imber
3197 1755 3483 1809 serotinus.

1915 1850 2020 1918 Qui
2072 1859 2254 1906 autem
2311 1849 2520 1919 accepti
2575 1857 2705 1903 sunt
2756 1848 2822 1902 ab
2868 1849 3012 1918 ipso,
3065 1854 3340 1916 quatenus
3389 1859 3487 1915 per

1915 1939 2077 1995 ﬁdem
2102 1941 2159 1994 in
2191 1941 2368 2008 ipsum
2397 1939 2695 2008 servilique
2725 1952 3014 2008 pcenarum
3040 1944 3212 2000 metu,
3245 1951 3275 1990 a
3305 1935 3489 2005 priore

1915 2047 2173 2103 perverso
2198 2033 2366 2096 victu,
2408 2031 2476 2086 ad
2519 2031 2680 2086 ﬁnem
2727 2033 2962 2101 propriae
2986 2031 3136 2093 vitae,
3163 2044 3224 2084 se
3251 2041 3488 2083 conver-

1917 2131 2058 2190 tunt,
2104 2132 2267 2194 atque
2298 2125 2534 2188 animas,
2561 2123 2998 2176 voluntariarum
3053 2121 3244 2174 ardore
3274 2118 3490 2188 passiov

1917 2228 2048 2266 num
2080 2213 2228 2265 omni
2255 2211 2529 2281 spirituali
2567 2211 2797 2266 humore
2831 2211 3076 2277 orbatos,
3112 2207 3491 2279 compunctioo

1917 2306 2004 2360 nis
2034 2303 2400 2374 lacrymarum
2433 2304 2566 2358 rivis
2600 2303 2858 2374 irrigant,
2893 2305 3055 2358 imbri
3104 2303 3349 2357 serotino
3376 2308 3490 2354 ter-

1916 2407 2146 2461 ramque
2187 2394 2357 2447 aestivi
2390 2393 2592 2448 caloris
2624 2402 2759 2448 aestu
2815 2393 3178 2450 dessiccatam
3215 2391 3488 2462 irriganti,

1919 2483 2128 2538 similes
2169 2493 2316 2539 sunt.

1991 2595 2280 2652 Vens.16.
2329 2596 2465 2652 Nidi
2514 2598 2789 2665 sapientia:
2834 2597 3294 2652 desiderabiliores
3337 2611 3493 2650 auro.

1924 2685 2288 2757 Speculatin
2311 2690 2512 2744 mentis
2539 2690 2914 2760 operationes,
2948 2703 3088 2759 quas
3120 2689 3238 2758 ipsa
3273 2688 3496 2758 sapien-

1922 2775 2010 2830 tize
2050 2787 2252 2832 Virtute
2298 2794 2635 2848 componens
2683 2779 2738 2833 in
2786 2779 3065 2834 intellectu
3105 2793 3382 2848 sensuque
3429 2793 3496 2830 ac

1923 2867 2335 2938 imaginatione,
2379 2870 2450 2923 ibi
2499 2886 2656 2925 veras
2687 2870 2834 2923 circa
2866 2883 2931 2925 ea
2976 2885 3083 2940 qua
3114 2878 3242 2925 sunt
3286 2867 3496 2923 doctri-

1922 2972 2042 3020 nas,
2088 2973 2184 3027 pcr
2234 2960 2642 3029 cogitationem,
2695 2961 2842 3014 velut
2901 2960 3194 3030 quamdam
3243 2969 3498 3030 procreat

1925 3047 2107 3100 avium
2146 3049 2374 3117 prolem,
2402 3051 2605 3120 obryso
2637 3049 2987 3120 praeferenda
3011 3059 3141 3106 sunt
3172 3066 3327 3115 auro,
3362 3067 3500 3120 qna-

234 3150 426 3216 γικαῖς
471 3147 723 3217 βασάνοις
773 3146 1224 3217 δοκιμαζόμεναι,
1288 3145 1382 3199 καὶ
1434 3143 1578 3197 κατὰ
1619 3143 1817 3210 γνῶσιν

1937 3156 2082 3194 ;εηιιε
2104 3141 2334 3196 rationis
2361 3142 2712 3197 tentamentis
2731 3153 2789 3196 ut
2807 3143 2860 3198 in
2888 3142 3012 3212 igne
3031 3145 3272 3213 probata:
3295 3157 3496 3199 secun-

235 3241 504 3311 ἀμείωτοι
535 3238 920 3308 εύρισκόμεναι

305 3353 570 3409 Νοσσιαὶ
617 3349 686 3403 δὲ
741 3348 1114 3418 φρονήσεως,
1146 3345 1518 3416 αἱρετώτεραι
1541 3347 1692 3415 ὑπὲρ
1716 3348 1820 3414 ἀρ-

232 3448 474 3516 γύριον.
529 3443 594 3494 Δί
624 3441 680 3492 δὲ
710 3438 804 3492 τοῦ
835 3441 994 3506 λόγου
1027 3439 1330 3508 πρακτικαὶ
1363 3439 1528 3502 ἕξεις,
1568 3437 1634 3500 ἂς
1665 3433 1822 3498 οὗτος

227 3534 472 3601 δυνάμει
507 3531 823 3602 φρονήσεως
887 3531 979 3583 ἐπὶ
1023 3533 1090 3598 τῇ
1129 3528 1396 3600 ἐπιθυμίᾳ
1429 3530 1523 3581 καὶ
1550 3528 1629 3598 τῷ
1664 3527 1822 3598 θυμῷ

229 3623 530 3696 πηγνύων,
576 3624 633 3674 ὲν
687 3622 897 3683 τούτοις
934 3620 1056 3674 κατ’
1103 3621 1433 3672 ἐπιστασίαν
1469 3619 1570 3682 τὰς
1620 3618 1822 3690 ἀρετὰς

232 3714 327 3770 οἷά
382 3731 539 3776 τινας
588 3712 837 3773 νεοττοὺς
889 3711 1148 3779 προάγει,
1203 3709 1471 3779 ἀργυρίου
1516 3707 1822 3776 τηλαυγοῦς

235 3803 677 3877 προτιμώτεραι,
731 3801 822 3855 διὰ
864 3801 979 3869 βίου
1031 3799 1382 3870 καθαρότητα
1431 3801 1525 3853 καὶ
1573 3799 1822 3868 λαμπρό-

237 3911 406 3966 τητα.

313 4007 405 4072 ιζ’.
447 4005 634 4074 Τρίϐοι
678 4001 829 4070 ζωῆς
887 4001 1278 4054 ἐκκλίνουσιν
1338 3999 1455 4052 ἀπὸ
1490 3998 1710 4052 κακῶν.
1761 4000 1824 4050 Δί

237 4099 363 4153 κατ’
397 4095 602 4166 ἀρετὴν
631 4094 742 4148 ἀπὺ
775 4093 1086 4161 εἰσαγωγῆς
1135 4091 1222 4144 διὰ
1254 4091 1538 4161 προκοπῆς
1573 4090 1707 4160 πρὸς
1736 4107 1825 4142 τε-

235 4188 500 4255 λειότητα
531 4186 748 4252 πορεῖαι
802 4183 904 4251 τῆς
941 4179 1318 4249 πνευματικῆς
1341 4179 1485 4250 ζωῆς
1514 4178 1608 4232 τοῦ
1635 4179 1827 4249 εὑαρε-

239 4281 393 4332 στείν
425 4273 546 4344 Θεῷ
572 4272 916 4334 σπεύδοντος,
973 4271 1049 4334 ὼς
1091 4270 1272 4334 πάσας
1331 4268 1690 4340 κατορθοῦσαι
1728 4268 1828 4331 τὰς

235 4369 489 4434 ἐντολὰς,
524 4368 706 4420 πᾶσαν
751 4364 951 4419 κακίαν
978 4364 1360 4432 ἐκφεύγουσιν.

1922 3229 2161 3301 dumque
2195 3231 2478 3287 scientiam
2511 3233 2735 3304 integra:
2769 3241 3018 3305 repertae.

1995 3343 2064 3398 Et
2105 3344 2218 3399 nidi
2241 3344 2538 3412 prudentite
2575 3347 2915 3412 pretiosiores
2942 3357 3185 3418 argento.
3232 3346 3501 3403 Practicaa

1925 3453 2106 3491 autem
2157 3437 2390 3492 rationis
2434 3438 2809 3504 operationes,
2853 3453 2992 3508 quas
3027 3439 3143 3507 ipsa
3185 3439 3502 3508 prudentiae

1925 3525 2150 3590 virtute,
2202 3525 2256 3578 in
2282 3525 2566 3578 voluntate
2606 3533 2660 3579 et
2709 3526 2764 3580 in
2815 3525 2984 3580 corde
3018 3541 3372 3594 componens,
3421 3528 3499 3582 ibi

1926 3627 2022 3682 per
2072 3613 2476 3668 incubationem
2510 3614 2744 3670 virtutes
2795 3615 2939 3668 sicut
2973 3617 3265 3684 quamdam
3314 3619 3500 3673 avium

1928 3702 2133 3770 prolem
2169 3703 2448 3773 producit,
2485 3716 2711 3775 argento
2752 3706 3089 3776 profulgenti
3124 3716 3348 3777 propter
3377 3711 3501 3764 vita:

1925 3792 2218 3860 puritatem
2247 3803 2300 3848 et
2333 3794 2632 3849 claritatem
2664 3805 2792 3850 sunt
2828 3799 3194 3865 praeferenda}.

1999 3993 2167 4051 Vens.
2197 3996 2282 4051 l7.
2312 3994 2529 4050 Semita:
2569 3998 2687 4050 vita:
2718 3996 2990 4052 declinant
3027 4015 3059 4054 a
3091 4001 3271 4054 malis.
3304 4001 3385 4055 llli
3414 4017 3506 4056 sc—

1931 4087 2174 4142 cundum
2209 4087 2464 4140 virtutem
2502 4087 2570 4142 ab
2606 4089 2831 4142 exordio
2854 4130 2869 4155 ,
2904 4105 2998 4160 per
3033 4106 3378 4161 pr0gressus,
3408 4109 3505 4148 us-

1931 4193 2037 4246 que
2065 4178 2131 4231 ad
2159 4179 2455 4232 terminum
2480 4180 2727 4234 tramites
2757 4180 2810 4233 in
2837 4182 3107 4251 spirituali
3133 4184 3370 4241 hominis
3398 4185 3507 4240 Deo
3589 4249 3594 4260 Ι

1931 4269 2150 4337 placere
2199 4269 2458 4324 conantis
2511 4270 2648 4337 vita,
2681 4282 2955 4342 quatenus
3001 4283 3198 4328 cuncta
3253 4277 3508 4332 mandata

1932 4360 2220 4426 ordinant,
2255 4376 2474 4417 omnem
2499 4363 2765 4418 malitiam
2799 4364 3088 4435 effugiunt.

324 4479 540 4548 Μῆκος
567 4477 637 4530 δὲ
659 4478 826 4542 βίον,
857 4477 985 4531 ὁδοί
1017 4475 1433 4542 δικαιοσύνης.
1486 4469 1652 4529 Ain-at
1692 4475 1748 4528 δὲ
1777 4477 1817 4529 αἱ

2007 4472 2306 4541 Longitudo
2344 4484 2520 4528 autem
2566 4477 2709 4542 vitm,
2767 4477 2864 4530 vita
2898 4477 3153 4547 justitia’.
3204 4479 3337 4550 Ipsa:
3381 4498 3508 4538 vero

238 4575 390 4630 κατὰ
423 4573 552 4634 τοὺς
591 4572 771 4634 θείους
829 4572 1029 4640 νόμους
1079 4570 1370 4634 πολιτεῖαι,
1423 4569 1570 4640 ζωῆς
1615 4569 1828 4623 ποιοῦσι

237 4665 603 4736 παράτασιν·
666 4660 774 4715 ἀπὸ
826 4662 926 4730 τῆς
999 4660 1338 4730 προσκαίρου
1409 4662 1546 4731 πρὸς
1616 4659 1715 4729 τὴν
1771 4661 1830 4712 ὲν

237 4754 368 4826 Θεῷ
423 4751 819 4821 ἀτελεύτητον,
875 4750 1002 4812 τοὺς
1053 4749 1343 4821 ἑλομένους
1409 4751 1577 4813 αὑτὰς
1647 4767 1829 4822 παρα-

239 4845 593 4916 πέμπουσαι.

329 4959 397 5011 Ὀ
430 4957 762 5024 δεχόμενος
798 4954 1099 5019 παιδείαν,
1146 4955 1216 5009 ἐν
1266 4956 1506 5025 ἀγαθοῖς
1539 4955 1730 5010 ἔσται.
1771 4957 1828 5008 '0

241 5045 593 5117 εὐχαρίστως
624 5045 910 5114 ὑπομένων
935 5045 1034 5108 τὰς
1053 5044 1163 5099 τῶν
1184 5047 1454 5100 ἀκουσίων
1485 5047 1664 5100 πόνων
1692 5046 1830 5115 πρὸς

240 5137 540 5208 διόρθωσιν
568 5135 885 5205 ἐπαγωγὰς,
920 5136 1031 5202 ἕξει
1051 5137 1474 5207 μισθαποδοσίαν
1493 5140 1559 5192 τὰ
1583 5139 1827 5205 ἐνέπαγ-

240 5229 461 5300 γελίαις
490 5227 686 5294 ἀγαθά.

330 5342 400 5394 '0
423 5338 492 5394 δὲ
510 5339 851 5409 φυλάσσων
893 5338 1208 5409 ἐλέγχους,
1262 5341 1722 5412 σοςρισθήσεται.
1771 5344 1827 5393 ’0

240 5433 304 5488 δὲ
327 5431 518 5503 τηρῶν
535 5432 632 5493 τὰς
647 5431 966 5500 δηλοποιοὺς
989 5431 1172 5510 πάσης
1195 5432 1395 5490 κακίας
1417 5432 1568 5495 θείας
1584 5431 1822 5496 ἐντολάς,

240 5523 342 5578 τοῦ
376 5523 547 5584 ὅντως
575 5520 782 5589 ἀγαιθοῦ
810 5522 1132 5593 ἐπιστήμων
1164 5523 1468 5594 γενήσεται.

325 5637 438 5700 ⁸ος
467 5634 776 5704 φυλάσσει
834 5636 942 5700 τὰς
995 5635 1215 5689 ἑαυτοῦ
1271 5635 1472 5703 ὀδοὺς,
1505 5635 1675 5707 τηρεῖ
1712 5635 1827 5704 τὴν

240 5721 471 5778 ἑαυτοῦ
497 5721 730 5791 ψυχήν.
766 5724 862 5784 Ὃς
886 5722 974 5775 διὰ
1005 5723 1148 5774 θεῖον
1181 5722 1350 5789 φόϐον
1377 5727 1537 5794 τηρεῖ
1573 5727 1670 5788 τὰς
1702 5729 1823 5779 κατ’

531 5813 805 5874 Pareat.
840 5815 957 5874 Gn.
989 5816 1350 5877 LXXXVII.

1925 4563 2085 4633 juxta
2127 4563 2342 4620 divinas
2387 4566 2534 4635 leges
2577 4565 2770 4636 agendi
2825 4568 2926 4621 via:
2965 4567 3134 4622 vitam
3180 4571 3504 4637 extendunt,

1931 4655 2202 4725 siquidem
2235 4655 2305 4709 ab
2347 4671 2410 4710 ea
2443 4671 2567 4725 qua:
2605 4664 2985 4711 momentanea
3024 4665 3110 4711 est
3136 4657 3244 4710 vita
3282 4661 3350 4714 ad
3383 4676 3506 4716 eam

1929 4764 2053 4818 quae
2086 4749 2211 4803 inde
2269 4759 2354 4803 est
2405 4750 2764 4818 sempiterna,
2805 4752 2896 4820 qui
2920 4760 3228 4821 sequuntur
3263 4767 3357 4809 eas
3382 4769 3508 4825 pcr-

1931 4841 2158 4894 ducunt.

2003 4954 2108 5020 Qui
2136 4954 2473 5023 disciplinam
2507 4955 2712 5024 recipit,
2771 4957 2826 5009 in
2858 4955 3008 5011 bonis
3052 4957 3174 5010 erit.
3211 4956 3312 5023 Qui
3351 4965 3508 5028 grato

1932 5045 2166 5100 sustinet
2198 5047 2597 5101 involuntarios
2622 5047 2840 5102 labores
2862 5047 2928 5101 ad
2960 5048 3357 5104 correctionem
3376 5064 3506 5102 con-

1931 5135 2196 5190 ducentes
2224 5138 2530 5192 mercedem
2562 5137 2781 5193 habebit
2821 5139 3090 5210 promissa
3125 5139 3289 5194 bona.

1982 5345 2106 5410 “Qui
2139 5354 2312 5399 autem
2334 5357 2647 5401 coagmenta
2670 5327 2867 5412 servat,
2898 5349 3103 5415 sapiam
3130 5349 3241 5417 ﬁet.
3273 5345 3376 5414 Qui
3411 5345 3507 5404 de-

1931 5439 2358 5492 monstrationes
2387 5439 2567 5492 omnis
2602 5441 2976 5507 perversitatis
3010 5441 3282 5505 observat,
3319 5441 3506 5495 divina

1931 5538 2200 5598 praecepta
2235 5529 2348 5582 veri
2374 5530 2497 5584 boni
2525 5542 2839 5603 cognoscet.

2001 5634 2108 5701 Qui
2159 5639 2388 5692 custodit
2433 5640 2545 5694 vias
2587 5657 2736 5705 suas,
2778 5643 3016 5714 invigilat
3069 5660 3225 5709 super
3269 5643 3504 5699 animant

1929 5742 2102 5780 suam.
2149 5729 2251 5792 Qui
2298 5731 2368 5786 ob
2415 5731 2504 5787 Dei
2539 5735 2788 5792 timorem
2849 5738 2966 5794 vias
3023 5754 3155 5794 suas
3202 5743 3509 5796 secundum

3005 5830 3078 5890 1ιό
