3976 6388
572 336 715 429 1:587

1900 343 2258 408 PROCOPII
2285 340 2529 405 GAZBI

3658 340 3775 407 1‘88

562 486 835 538 virtutem
859 485 1065 543 servat,
1103 478 1180 532 ita
1220 484 1277 531 ut
1306 491 1337 529 a
1368 469 1727 529 semila‘boni
1759 483 1869 524 non
1898 468 2159 533 declinet,

2270 465 2462 539 ἀρετὴν
2482 463 2712 536 πορείας
2768 459 2960 526 αὐτοῦ,
2990 460 3069 524 εἰς
3118 458 3180 512 ab
3211 457 3288 529 μὴ
3318 458 3414 513 τοῦ
3456 458 3645 526 ἀγαθοῦ
3670 476 3782 535 πσρ-

577 584 760 631 tutam
794 588 823 627 a
856 571 1064 628 malitia
1095 567 1374 641 propriam
1404 562 1650 620 custodit
1678 559 1940 615 animam.

551 786 555 791 ν
649 759 776 829 Ωιιὶ⁸
803 772 921 811 vero
955 768 1107 809 suam
1140 750 1302 805 vitam
1348 730 1517 811 amat,
1544 743 1630 799 ori
1679 758 1777 795 suo
1813 746 2015 811 parcet.
2050 735 2156 803 Qui

563 864 710 905 uero
746 844 1086 917 spiritualem
1129 840 1298 894 vitam
1333 844 1396 891 ut
1436 835 1542 891 sibi
1578 829 1896 887 rationabili
1930 841 2155 897 compe-

562 947 808 999 tentem.
856 933 1058 1003 diligit,
1096 929 1270 985 multa
1302 924 1526 997 quidem
1571 922 1778 998 audiet,
1821 932 1995 988 pauca
2025 931 2157 972 vero

578 1028 857 1095 loquetur,
886 1021 951 1075 ad
977 1017 1286 1074 iaciendum
1308 1013 1526 1083 quidem
1548 1024 1612 1064 ea
1628 1022 1750 1078 quae
1772 1004 1963 1062 didicit
1988 1004 2152 1095 bona,

578 1092 689 1169 non
736 1110 1073 1183 loquendum
1109 1095 1290 1162 autem
1335 1103 1402 1157 de
1436 1101 1503 1157 iis
1542 1114 1665 1170 qua:
1714 1096 1960 1153 nondum
1995 1092 2159 1150 intel-

576 1208 722 1262 lectu
753 1211 1087 1260 consecutus
1122 1208 1230 1262 est,
1276 1211 1378 1252 nec
1412 1193 1610 1249 exinde
1649 1200 1842 1246 contra
1868 1189 2156 1245 veritatem

574 1291 1036 1363 delinquendum.

648 1387 785 1441 Ante
823 1382 1192 1439 contritionem
1222 1374 1455 1446 procedit
1490 1373 1711 1444 injuria.
1745 1369 2010 1426 Praecedit
2040 1383 2156 1441 pa:-

580 1491 707 1531 nam
745 1474 943 1529 anima:
969 1471 1136 1527 verbo
1167 1467 1441 1522 damnatae
1481 1459 1846 1534 ignominiosa
1873 1457 2055 1526 culpa,
2100 1463 2159 1510 ut

578 1564 855 1618 actionem
886 1574 1083 1615 causa.

652 1652 819 1708 Vens.
877 1650 966 1705 l8.
1027 1648 1165 1702 Ante
1228 1645 1440 1715 lapsum
1517 1650 1694 1695 autem
1776 1634 2155 1704 imprudentia.

2257 553 2643 627 εκτρέπεσθαι,
2702 550 2984 607 ἀκίνδυνον
3013 548 3125 604 ἀπὸ
3175 547 3376 613 κακίας
3405 547 3505 620 τὴν
3542 548 3670 604 ἰδίαν
3701 570 3779 622 φν.

2257 646 2447 702 λάσσει
2478 645 2679 716 ψυχήν.
3124 717 3131 723 .

2336 734 2602 806 Ἀγαπῶ·
2645 733 2716 788 δὲ
2771 731 2928 801 ζωὴν
2971 729 3184 795 αὐτοῦ,
3215 730 3487 800 φείσεται
3527 731 3783 801 στόματος

2254 823 2464 881 αὐτοῦ.
2512 824 2572 878 '0
2603 822 2662 877 δὲ
2711 820 3096 891 ἀσπαζόμενος
3124 819 3222 891 τὴν
3249 818 3325 882 ὡς
3352 817 3561 888 λογικῷ
3587 820 3788 890 πρέπου-

2258 933 2359 971 σαν
2390 913 2539 986 αὐτῷ
2560 912 2937 984 πνευματικὴν
2963 910 3169 983 βιοτὴν,
3189 910 3359 965 πολλά
3379 910 3478 981 μὲν
3494 910 3787 976 ὲνωτίσετιιι,

2257 1005 2414 1075 ὀλίγα
2467 1004 2525 1058 δὲ
2564 1002 2872 1073 φθέγξεται
2901 1017 2917 1032 ⁸
2968 1000 3111 1054 ὥστε
3152 999 3414 1072 πράττειν
3456 999 3554 1070 μὲν
3587 999 3620 1054 ἀ
3655 1001 3790 1070 μεμά-

2258 1098 2424 1171 θηκεν
2443 1095 2641 1166 ἀγαθὰ,
2673 1095 2747 1166 μὴ
2773 1094 2953 1163 λέγειν
2974 1092 3032 1147 δὲ
3057 1092 3186 1164 περὶ
3208 1085 3285 1146 ὧν
3316 1092 3485 1163 μήπω
3520 1090 3788 1155 κατέλαϐεν,
3824 1085 3832 1098 ’

2257 1193 2352 1246 καὶ
2385 1190 2483 1261 τῆς
2511 1188 2770 1260 ἀληθείας
2791 1185 3043 1241 ἐντεῦθεν
3074 1185 3487 1257 διαμαρτάνειν.

2329 1375 2448 1444 Πρὸ
2470 1390 2615 1431 συντ
2621 1373 2798 1444 ριόἧς
2844 1372 3075 1441 ἡγεῖται
3129 1371 3317 1440 ὕϐρις.
3368 1370 3693 1442 Προηγεϊται
3734 1387 3792 1424 τι·

2261 1467 2475 1540 μωρίας
2508 1466 2565 1519 δὲ
2603 1467 2636 1536 ἡ
2685 1468 2752 1536 τῇ
2798 1464 2943 1535 λόγῳ
2965 1462 3310 1535 τετιμημένῃ
3334 1461 3482 1537 ψυχῇ
3524 1460 3797 1533 ἀτιμοποὼς

2258 1559 2526 1630 ἁμαρτία,
2561 1556 2638 1621 ὡς
2666 1554 2817 1612 αἰτία
2848 1553 3118 1611 αἰτιατοῦ.

2329 1657 2421 1721 ιη’.
2464 1650 2582 1719 Πρὸ
2602 1648 2671 1703 δὲ
2696 1648 3027 1719 πτώματος,
3054 1646 3516 1716 κακοφροσύνη.
3568 1643 3724 1700 Αὐτοῦ
3755 1644 3799 1700 δὲ

578 1743 763 1811 Ipsum
817 1747 1000 1794 autem
1056 1737 1256 1791 animae
1308 1731 1601 1803 culpaliilis
1663 1730 1904 1800 lapsum,
1966 1741 2160 1796 sapere

2270 1742 2355 1796 τοῦ
2407 1741 2529 1796 καθ’
2592 1740 2870 1811 ἁμαρτίαν
2925 1737 3161 1810 ψυχικοῦ
3210 1738 3548 1808 πτώματος.
3600 1736 3657 1790 τὸ
3699 1753 3799 1808 φρο-

582 1803 726 1889 ultra
761 1829 909 1902 quod
947 1828 1105 1884 decet
1139 1839 1331 1897 sapere
1375 1833 1431 1878 et
1468 1837 1580 1907 non
1627 1834 1826 1891 sapere
1850 1818 1918 1874 ad
1941 1817 2161 1890 sapien-

2270 1834 2375 1886 νεῖν
2400 1832 2531 1902 παρ’
2569 1831 2599 1885 ὃ
2634 1803 2727 1884 ’δεέ
2759 1803 3130 1901 φρονεέ-ι,“καὶ
3160 1827 3239 1900 μὴ
3295 1803 3521 1898 φρονεῖν
3544 1828 3622 1891 εἰς
3647 1803 3800 1881 τδᾶω.

580 1924 736 1977 tiam.

662 1939 736 1976 in.

607 1939 947 2070 laVi'rztts.~l9.
985 2010 1175 2066 Melior
1203 2018 1279 2064 est
1326 2008 1460 2062 lenis
1492 2003 1653 2060 corde
1685 2016 1810 2055 cum
1837 1999 2156 2052 humilitate.

581 2104 773 2161 Melior
865 2112 951 2158 est
1019 2100 1111 2172 qui
1197 2108 1419 2170 prOpter
1485 2097 1667 2150 victus
1759 2091 2158 2150 modicitatem,

581 2193 829 2247 laborum
884 2203 1108 2247 suorum
1159 2202 1301 2242 onus
1352 2193 1408 2241 et
1450 2181 1687 2239 inediam
1732 2179 2000 2249 patienter
2034 2189 2162 2231 sns-

579 2284 737 2337 tinet.

645 2373 827 2439 .Quam
868 2369 1108 2425 dividens
1155 2366 1328 2438 spolia
1370 2379 1491 2419 cum
1544 2360 1805 2430 superbis.
1840 2358 2015 2425 Quam
2056 2357 2162 2411 ista

580 2463 872 2534 tyrannice
905 2460 1131 2532 rapiens
1163 2458 1582 2529 portionemque
1610 2465 1822 2523 ponens
1856 2462 1983 2505 cum
2014 2446 2163 2501 debi-

555 2559 718 2611 .1ιιιιιι
752 2553 1187 2624 spoliatoribus;
1221 2549 1483 2621 quoniam
1515 2545 1684 2600 Deum
1713 2542 1802 2597 liic
1836 2540 1999 2595 habet
2022 2538 2166 2592 ulto-

580 2665 722 2713 rem,
756 2647 847 2701 ille
869 2659 1000 2701 vero
1020 2643 1389 2699 defensorem.

657 2741 822 2797 Vens.
853 2738 948 2794 20.
1003 2734 1245 2791 Prudens
1306 2735 1366 2789 in
1416 2729 1672 2803 negotiis,
1727 2725 1949 2795 reperiet
2009 2723 2164 2775 bona.

583 2834 761 2889 llomo
784 2832 1045 2905 prudens,
1066 2829 1379 2900 diligentem
1405 2823 1750 2894 negotiorum
1770 2813 2165 2884 experientiam

584 2900 836 2993 adeptus.
874 2934 906 2975 a
942 2919 1221 2990 peioribus
1253 2914 1479 2971 meliora
1518 2911 1862 2971 discernens,
1890 2904 2007 2960 tunc
2044 2900 2164 2955 feli-

584 3019 723 3068 i-iter
746 3012 1035 3068 obtinebit.
1756 3078 1764 3085 '

661 3104 730 3159 Et
758 3107 849 3176 qui
881 3119 1024 3173 spem
1055 3102 1110 3155 in
1153 3099 1262 3154 Deo
1291 3098 1516 3167 reponit,
1545 3093 1726 3147 beatus
1753 3098 1850 3144 est.
1898 3085 2001 3152 Qui
2039 3093 2169 3136 vero

661 3150 727 3159 υ-
796 3150 848 3158 --
881 3150 1021 3173 Ὗηη
1153 3150 1253 3154 _--
1327 3150 1360 3167 _,
1420 3150 1423 3151 γ
1504 3150 1515 3159 ,
1924 3150 1935 3152 ι

570 3150 944 3266 εοιιιιηἺερειη
975 3209 1130 3250 suam
1160 3191 1269 3246 Deo
1302 3188 1592 3244 committit
1625 3194 1679 3241 ct
1709 3199 1819 3238 non
1849 3177 2079 3235 conlidit
2110 3175 2164 3229 in
2192 3150 2235 3209 (ἶ

588 3288 910 3359 semetipso,
942 3299 1157 3354 semper
1186 3281 1436 3337 meminit
1473 3298 1487 3334 :
1521 3277 1629 3333 nisi
1669 3273 1956 3333 Dominus,
1993 3268 2167 3338 ipsius

589 3355 804 3441 amore,
836 3374 1159 3432 custodierit
1192 3373 1431 3427 animam
1465 3368 1730 3422 adversus
1761 3360 2086 3418 insidiantes
2110 3355 2163 3409 ei

574 3470 822 3541 spiritus
858 3479 1116 3536 nequam,
1162 3463 1367 3518 frustra
1401 3459 1587 3530 vigilat
1618 3455 1713 3527 qui
1734 3449 1979 3509 custodit
2013 3460 2165 3510 eam;

584 3539 642 3621 et
672 3574 896 3615 rursum
922 3577 937 3613 :
970 3557 1075 3611 nisi
1104 3556 1225 3625 ipse
1245 3567 1367 3608 eam
1393 3548 1761 3605 habitaculum
1791 3543 1898 3600 sibi
1930 3539 2169 3609 Spiritus

585 3653 978 3713 architectura,
1019 3643 1391 3708 adiﬁcaverit,
1429 3642 1482 3696 in
1522 3652 1724 3695 vanum
1771 3632 2045 3690 laboravit
2070 3629 2165 3699 qui

587 3759 709 3798 eam
745 3740 993 3811 suscepit
1026 3732 1425 3791 azdilicaudam.

666 3960 830 4017 Vens.
883 3959 975 4013 2|.
1010 3956 1286 4027 Sapientes
1316 3965 1366 4011 et
1384 3953 1678 4026 prudentes
1719 3958 1905 4007 vocant
1936 3956 2169 4004 contem-

586 4052 828 4123 ptibiles.
888 4050 994 4117 Qui
1049 4049 1336 4102 veritatem
1385 4050 1729 4117 cognoscunt
1770 4046 2171 4109 assumuntque

594 4143 702 4197 sibi
744 4141 889 4212 quod
917 4142 1121 4195 bonum
1152 4146 1258 4202 est,
1283 4146 1335 4194 et
1368 4136 1493 4191 talia
1521 4135 1704 4190 verbis
1734 4143 1789 4187 et
1817 4130 2074 4201 operibus
2103 4128 2171 4185 ad

596 4234 941 4289 audientium
972 4240 1027 4286 et
1064 4230 1366 4286 videntium
1415 4226 1705 4281 utilitatem
1753 4232 1940 4294 aperte
1970 4220 2170 4292 praedi-

594 4331 745 4391 cant,
779 4337 876 4379 eos
898 4322 1147 4393 plerique
1183 4321 1432 4376 homines
1460 4326 1515 4374 et
1554 4324 1774 4387 propter
1800 4313 2073 4371 sermonis
2108 4312 2172 4366 li-

2370 1927 2501 1979 νεῖν.

2370 1943 2501 1979 νειν.

2263 1943 2421 2070 Wffin
2446 2014 2764 2085 Κρείσσων
2812 2012 3163 2082 πραῢθυμος
3211 2008 3367 2079 μετὰ
3409 2008 3799 2074 ταπεινώσεως.

2262 2106 2514 2161 Καλλίων
2547 2107 2697 2161 ἐστὶν
2728 2108 2757 2160 ὁ
2788 2106 2877 2160 διὰ
2905 2104 3021 2176 βίου
3050 2102 3348 2163 εὐτέλειαν,
3389 2100 3713 2167 ἀνεξικάκως
3731 2101 3805 2171 φέ-

2266 2215 2375 2269 ρων
2403 2197 2502 2267 τὴν
2532 2199 2640 2253 τῶν
2665 2197 2885 2253 οἰκείων
2912 2213 3048 2268 πονη
3058 2196 3243 2268 μάτων
3270 2194 3551 2265 στέρησιν.

2342 2363 2419 2416 “Η
2445 2361 2514 2428 ὃς
2540 2359 2850 2430 διαιρεῖται
2885 2358 3092 2414 σκῦλα
3139 2357 3290 2428 μετὰ
3327 2354 3647 2424 ὑϐριστῶν.
3680 2354 3803 2425 Παρὰ

2262 2451 2357 2506 τὸν
2379 2449 2554 2505 ταῦτα
2585 2450 2925 2522 τυραννικῶς
2941 2448 3176 2521 ἀφαιροῦ
3185 2465 3369 2520 μενον,
3403 2447 3499 2501 καὶ
3516 2446 3613 2517 τὴν
3645 2445 3804 2515 μερίδα

2263 2541 2548 2611 τιθέμενον
2584 2542 2724 2612 μετά
2765 2543 2874 2596 τῶν
2906 2540 3396 2611 κατεπαιρομένων
3426 2536 3537 2590 τῶν
3562 2535 3773 2590 ἀσθενῶν
3791 2551 3803 2565 ·

2264 2636 2347 2687 ὅτι
2381 2635 2473 2688 τὸν
2504 2634 2638 2686 Θεὸν
2664 2635 2693 2688 ὁ
2720 2635 2818 2705 μὲν
2847 2633 2960 2704 ἔχει
2984 2632 3221 2695 ἔκδικον,
3254 2633 3283 2683 ὁ
3310 2629 3370 2683 δὲ
3399 2628 3660 2700 τιμωρόν.

2337 2734 2406 2782 κ’.
2432 2727 2688 2791 Συνετὸς
2717 2725 3168 2796 ὲνπράτμασιν,
3210 2720 3467 2789 εὑρετὴς
3492 2717 3730 2789 ἀγαθῶν.
3764 2718 3807 2768 ’0

2267 2814 2524 2886 νουνεχὴς
2584 2816 2680 2868 καὶ
2713 2816 2912 2884 πεῖραν
2942 2812 3279 2881 κεκτημένος
3307 2809 3516 2880 ἀκριϐῆ
3542 2810 3646 2862 τῶν
3695 2825 3807 2879 πρα-

2268 2905 2515 2976 γμάτων,
2548 2905 2655 2959 ἀπὸ
2677 2904 2787 2957 τῶν
2818 2903 3078 2976 χειρόνων
3109 2901 3405 2971 διακρίνων
3446 2900 3517 2952 τὰ
3544 2899 3807 2969 κρείττονα,

2269 2997 2506 3070 ὑπάρχει
2538 2998 2742 3051 τούτων
2764 2996 3053 3064 ἐπιτυχής.

2316 3093 2645 3157 ’Πεποιθὼς
2677 3091 2745 3145 δὲ
2773 3090 2874 3144 ἐπὶ
2911 3089 3054 3155 Θεῷ,
3081 3089 3480 3158 μακαριστός.
3518 3086 3575 3139 '0
3594 3086 3646 3139 δὲ
3666 3086 3808 3138 πᾶσαν

2270 3184 2370 3255 τὴν
2397 3181 2593 3238 ἑαυτοῦ
2622 3180 2818 3235 ὲλπίδα
2848 3180 2968 3251 Θεῷ
2998 3178 3294 3243 ἀνατιθεὶς,
3332 3179 3433 3231 καὶ
3465 3177 3541 3249 μὴ
3564 3177 3644 3246 ἐφ’
3668 3175 3808 3243 ἑαυτῷ

2269 3272 2508 3345 θαρρῶν,
2542 3271 2805 3342 τυγχάνει
2821 3269 3152 3340 ἀείμνηστος
3175 3284 3188 3297 ·
3226 3269 3277 3320 εἰ
3312 3266 3387 3336 μὴ
3416 3268 3527 3334 γὰρ
3551 3265 3732 3337 Κύριος
3750 3264 3807 3331 τῷ

2267 3362 2463 3416 ἑαυτοῦ
2488 3361 2637 3432 φόϐῳ
2654 3360 2881 3430 φυλάξει
2909 3359 3090 3429 ψυχὴν
3117 3357 3226 3412 ἀπὸ
3250 3358 3360 3411 τῶν
3390 3356 3805 3411 ἐπιϐουλευόντων

2267 3454 2408 3524 αὐτῇ
2444 3453 2772 3523 πνευμάτων
2813 3450 2913 3519 τῆς
2970 3447 3259 3521 πονηρίας,
3296 3447 3377 3509 εἰς
3434 3445 3591 3500 κενὸν
3614 3442 3805 3515 ἐγρηγό-

2270 3552 2437 3616 ρησεν
2461 3545 2490 3597 ὁ
2517 3543 2723 3612 ταύτην
2738 3540 2922 3612 τηρῶν
2947 3555 2962 3570 ·
2997 3541 3094 3594 καὶ
3127 3539 3179 3592 εἰ
3227 3536 3304 3608 μὴ
3328 3537 3495 3591 πάλιν
3520 3538 3550 3590 ὁ
3587 3536 3731 3599 αὐτὸς
3749 3536 3804 3588 οξ-

2269 3638 2564 3708 κοδομήσει
2584 3634 2758 3705 αὐτὴν
2801 3633 3123 3703 οἰκητήριον
3150 3630 3330 3700 ἑαυτῷ
3359 3634 3429 3702 τῇ
3464 3626 3802 3700 ἀρχιτεκτονίᾳ

2269 3727 2364 3781 τοῦ
2411 3726 2761 3797 Πνεύματος,
2808 3723 3092 3794 ἀνηνύτως
3134 3722 3471 3776 ἐσπούδασεν
3499 3723 3529 3774 ὁ
3551 3719 3803 3791 οἰκοδομεῖν

2269 3816 2476 3887 ταύτην
2504 3812 2823 3886 ἐπιχειρῶν.

2339 3955 2445 4003 ua’.
2490 3946 2636 4014 Τοὺς
2665 3944 2898 4017 σοφοὺς
2942 3945 3043 4000 καὶ
3072 3943 3397 4008 συνετοὺς,
3439 3942 3706 4013 φαύλους
3728 3952 3805 3991 κα·

2269 4039 2513 4096 λοῦσιν.
2546 4039 2686 4103 Τοὺς
2717 4037 3088 4107 γινώσκοντας
3116 4037 3217 4107 τὴν
3246 4035 3531 4106 ἀλήθειαν,
3563 4035 3649 4088 καὶ
3663 4031 3806 4100 alpes-

2274 4130 2471 4199 μένους
2489 4128 2551 4182 τὺ
2566 4128 2790 4195 ἀγαθὸν,
2817 4129 2912 4182 καὶ
2934 4126 3109 4180 ταῦτα
3129 4126 3309 4194 λόγοις
3328 4126 3423 4179 καὶ
3452 4125 3629 4197 ἔργοις
3647 4124 3804 4177 ἀνυπο-

2273 4221 2475 4284 στόλως
2502 4238 2570 4291 κη
2578 4219 2890 4291 ρὺττοντας,
2923 4218 3058 4287 πρός
3079 4234 3139 4271 τε
3172 4217 3270 4289 τὴν
3290 4217 3398 4270 τῶν
3416 4217 3711 4271 ἀκουόντων
3734 4212 3803 4264 καὶ

2272 4311 2381 4365 τῶν
2436 4310 2686 4381 ὁρώντων
2743 4309 3030 4378 ὠφέλειαν,
3083 4309 3134 4362 οἰ
3186 4308 3371 4363 πολλοὶ
3404 4308 3516 4362 τῶν
3553 4302 3803 4381 ἀνθρώπων

593 4419 857 4472 bertatcm
910 4426 966 4471 et
1010 4421 1232 4485 propter
1281 4414 1403 4466 vitae
1452 4409 1799 4465 severitatem
1844 4405 2166 4460 caluumiari

2273 4400 2581 4454 διαϐάλλειν
2616 4399 2986 4470 ἐπιχειροῦσιν
3024 4398 3113 4452 διά
3143 4414 3204 4450 τε
3241 4397 3303 4450 τὺ
3324 4397 3419 4450 τοῦ
3456 4398 3613 4467 λόγου
3634 4395 3803 4465 παρῤη·

595 4515 884 4565 conantur.

670 4620 778 4686 Qui
811 4631 989 4674 autem
1026 4617 1205 4672 dulces
1234 4625 1359 4670 sunt
1386 4615 1448 4669 in
1476 4615 1703 4682 eloquio,
1732 4613 1901 4683 magis
1935 4613 2171 4666 audient.

667 4710 771 4775 Qui
797 4717 984 4764 autem
1019 4723 1082 4763 ea
1113 4721 1237 4776 quae
1266 4707 1483 4775 placent
1503 4703 1854 4759 audientibus
1875 4702 2175 4772 loquuntur

599 4814 652 4857 et
688 4803 972 4857 veritatem
1028 4799 1398 4862 abscondunt,
1440 4798 1626 4869 plures
1671 4797 1739 4851 de
1782 4810 1844 4852 se
1892 4809 2176 4850 sermones

600 4894 825 4949 audient
848 4893 952 4949 sibi
993 4891 1233 4963 gratiose
1262 4890 1460 4945 dictos.
1491 4888 1556 4941 Et
1582 4894 1745 4942 erunt
1776 4887 2095 4942 seductores
2125 4894 2178 4940 et

601 4985 835 5042 seducti.

671 5096 841 5152 Vens.
869 5096 962 5152 ‘22.
997 5092 1246 5165 Cognitio
1276 5090 1482 5160 adeptis
1509 5099 1585 5144 est
1610 5089 1729 5159 fons
1761 5089 1903 5159 uitae.
1928 5087 2179 5142 Circum-

601 5188 885 5257 spicientia
914 5185 1116 5241 mentis
1144 5198 1234 5239 res
1264 5189 1550 5254 perceptas
1593 5178 1979 5248 excogitantis,
2010 5177 2180 5248 adep-

601 5280 675 5331 tis
717 5290 841 5330 eam
879 5284 967 5330 est
1018 5272 1272 5329 seatebra
1316 5269 1619 5341 spiritualis
1680 5264 1945 5329 scientiae,
1973 5279 2176 5321 -rerum

602 5381 803 5423 causas
831 5366 1137 5421 inveniens.

683 5568 936 5621 Doctrina
967 5577 1144 5621 autem
1173 5568 1480 5629 stultorum,
1515 5563 1682 5618 mala.
1728 5559 1973 5615 Scienlia
2000 5569 2178 5616 autem

607 5674 799 5714 eorum
832 5662 923 5724 qui
968 5660 1377 5715 inconsiderate
1417 5656 1622 5726 aliquid
1655 5651 1931 5724 arripiunt
1974 5654 2056 5708 vel
2088 5638 2189 5707 de?

526 5760 531 5763 ‘
613 5752 999 5814 toi-mammon
1020 5759 1103 5807 est
1138 5751 1315 5814 bona;
1345 5747 1615 5819 siquidem
1648 5754 1852 5798 temere
1871 5741 2179 5798 secundum

2203 4480 2248 4535 Β
2278 4491 2580 4557 σιαστικὸν,
2617 4495 2711 4544 καὶ
2739 4491 2800 4542 τὸ
2820 4488 2915 4543 τοῦ
2943 4489 3059 4558 βίου
3091 4488 3343 4560 σκληρόν.

2352 4608 2421 4660 01
2440 4605 2509 4659 δὲ
2542 4603 2787 4674 γλυκεῖς
2811 4603 2880 4657 ἐν
2904 4602 3086 4675 λόγῳ,
3134 4601 3349 4656 πλεῖον
3377 4602 3741 4656 ἀκούσονται.
3758 4594 3799 4647 Οἱ

2276 4697 2334 4751 δὲ
2362 4697 2432 4750 τὰ
2461 4697 2598 4765 πρὸς
2614 4695 2775 4765 χάριν
2804 4695 2916 4757 τοῖς
2939 4693 3312 4761 ἀκροωμένοις
3344 4692 3712 4761 φθεγγόμενοι,
3736 4683 3799 4739 καὶ

2277 4786 2610 4859 κρύπτοντες
2673 4785 2771 4855 τὴν
2828 4783 3090 4854 ἀλήθειαν
3114 4821 3129 4845 ,
3193 4782 3457 4836 πλειόνων
3503 4782 3669 4849 λόγων
3708 4779 3797 4830 ἀντ-

2278 4876 2663 4948 ακροάσονται,
2684 4873 2822 4943 πρὸς
2838 4874 2997 4944 χάριν
3012 4871 3320 4943 λεγομένων
3338 4870 3524 4933 αὐτοῖς
3542 4886 3557 4901 ο
3588 4869 3676 4923 καὶ
3688 4864 3799 4918 ἔστιν·

2277 4985 2367 5021 ται
2401 4965 2719 5028 ἀπατῶντες
2743 4966 2838 5018 καὶ
2866 4962 3237 5033 ἀπατώμενοι.

2349 5077 2451 5147 κβ’.
2481 5075 2652 5144 Πηγὴ
2692 5071 2861 5141 ζωῆς,
2913 5072 3123 5127 ἔννοια
3147 5071 3272 5138 τοῖς
3311 5069 3703 5139 κεκτημένοις.
3758 5061 3802 5114 Ἦ

2280 5170 2420 5224 κατά
2445 5166 2686 5221 διάνοιαν
2710 5167 2808 5236 τῆς
2831 5163 2942 5218 τῶν
2965 5162 3239 5233 αἰσθητῶν
3265 5162 3562 5229 φαντασίας
3592 5159 3803 5229 περίσκε·

2278 5265 2394 5331 ψις,
2429 5262 2546 5323 τοῖς
2575 5256 2937 5328 κεκτημένοις
2968 5255 3161 5324 αὐτὴν,
3189 5252 3380 5325 βρύσις
3403 5253 3518 5306 ἐστὶ
3549 5260 3803 5318 πνευματι-

2282 5356 2384 5426 κῆς
2432 5352 2711 5422 γνώσεως,
2774 5348 2875 5411 τὰς
2943 5347 3121 5409 αἰτίας
3149 5346 3257 5399 τῶν
3308 5343 3643 5415 πραγμάτων
3687 5332 3802 5405 εὑρι-

2258 5470 2263 5475 “
2283 5461 2507 5500 σκουσα.

2355 5553 2600 5609 Παιδεία
2660 5550 2727 5604 δὲ
2765 5550 3065 5620 ἀφρόνων.
3098 5548 3273 5615 κακή.
3304 5547 3371 5601 Ἣ
3394 5547 3451 5600 δὲ
3481 5545 3703 5617 μάθησις
3724 5533 3805 5590 τῶν

2285 5644 2582 5713 ἀλογίστως
2628 5640 2976 5712 ὀρεγομένων
3032 5639 3208 5704 τινὸς,
3264 5640 3297 5709 ἢ
3357 5629 3804 5706 ἀποστρεφομένων

2287 5737 2438 5802 αὒτὺ,
2468 5737 2529 5791 οὐ
2551 5733 2693 5804 καλή
2724 5735 2871 5787 ἐστιν
2891 5747 2905 5765 ο
2941 5730 3127 5804 ἐπειδὴ
3159 5729 3531 5795 ἀνεξετάστως
3549 5714 3805 5780 οὗτοικατᾶ
