3976 6408
201 354 336 423 1389

1216 352 1754 423 COMMENTARII
1790 352 1870 415 IN
1900 353 2360 455 PROVﬁERBIA.

3321 353 3456 418 1:300

198 471 354 543 μόνον
384 463 445 517 τὸ
476 464 544 535 τῇ
601 462 855 533 αἰσθήσει
904 461 1116 531 δοκοῦν,
1141 463 1386 519 ἐπαινεῖν
1431 466 1675 537 ἢψέγειν
1704 467 1759 520 τὸ

1875 470 2042 523 solam
2094 481 2292 525 sensus
2342 464 2812 522 existimationem
2859 465 3084 519 laudare
3118 463 3201 518 vel
3245 463 3459 532 vitupe-

194 554 505 630 παρατυχδν
535 553 941 625 μεμαθήκασιν.

261 654 371 716 κγ’.
405 644 636 713 Καρδία
671 644 892 715 σοφοῦ,
942 643 1154 711 νοήσει
1180 645 1253 701 τὰ
1292 645 1413 700 ἀπὸ
1469 647 1579 702 τοῦ
1613 647 1768 702 ἰδίου

192 742 507 809 στόματος.
541 736 648 790 Τοῦ
686 736 908 791 συνετοῦ
946 738 980 808 ἡ
1010 737 1156 808 ψυχὴ
1179 737 1451 807 γνώσεται
1501 739 1770 811 πρότερον

192 833 259 886 τὰ
305 829 492 882 δέοντα
542 826 808 898 ῥηθῆναι,
865 827 962 882 καὶ
1015 826 1160 880 οὕτω
1218 827 1396 882 ταῦτα
1456 826 1769 898 προαγαγεϊ

191 920 283 975 τοῦ
332 916 636 988 στόματοςο
671 917 768 971 καὶ
822 918 941 988 οὐχ,
978 918 1055 981 ὡς
1116 918 1300 988 ἔτυχε,
1350 919 1418 970 τὰ
1463 920 1538 988 μὴ
1576 917 1768 971 δέοντα

191 1007 504 1080 φθέγξεται.

269 1098 400 1154 Ἐπὶ
433 1098 503 1151 δὲ
534 1099 769 1168 χείλεσι
816 1100 1059 1169 φορέσει
1101 1100 1627 1170 ἐπιπνωμοσύνην.
1669 1101 1769 1154 Αῠο

188 1192 278 1256 τὸς
302 1191 358 1244 δὲ
383 1190 481 1242 ἐπὶ
499 1193 566 1262 τῇ
588 1190 696 1244 τῶν
718 1190 951 1262 χειλέων
988 1190 1190 1254 ἀνοίξει
1233 1190 1612 1261 περιϐαλεῖται
1641 1192 1768 1244 ἐπί·

187 1298 385 1351 γνωσιν
413 1281 510 1334 τοῦ
540 1282 847 1352 πρέποντος
874 1281 1092 1354 καιροῦ,
1126 1285 1209 1344 είς
1235 1284 1296 1336 τὸ
1329 1285 1507 1337 εἰπεῖν
1528 1283 1566 1337 ἃ
1597 1284 1766 1354 λαλη-

187 1374 345 1443 θῆναι
379 1374 700 1443 προέγνωκε
741 1374 950 1428 δέοντα.

254 1463 354 1516 κδ’.
379 1463 573 1530 Κηρία
589 1462 849 1530 μέλιτος,
870 1462 1042 1532 λόγοι
1073 1465 1294 1519 καλοί..
1323 1464 1388 1517 Οί
1439 1464 1577 1536 πρὸς
1618 1462 1765 1518 διδα-

187 1553 419 1607 σκαλίαν
463 1554 662 1620 ἀγαθοὶ
721 1554 891 1623 λόγοι,
933 1554 1090 1623 δίκην
1137 1554 1354 1625 μέλιτος
1400 1554 1631 1626 κηρίων,
1660 1553 1767 1606 είσὶ

178 1643 632 1713 διεσκευασμένοι
664 1644 963 1707 πολυειδῶς
982 1662 994 1674 ·
1019 1640 1161 1698 ὥστε
1193 1644 1544 1716 καταλλήλως
1566 1647 1633 1716 τῇ
1656 1644 1767 1698 τῶν

181 1738 488 1808 δεχομένων
524 1738 751 1807 δυνάμει
775 1736 1165 1808 ἁρμόττεσθαι.

1872 573 1998 612 rare
2031 559 2176 628 quod
2202 559 2447 613 occurrit
2477 557 2817 614 didicerunt.

1947 646 2109 704 Vens.
2139 650 2232 704 25.
2260 647 2365 704 Cor
2407 651 2664 721 sapientis
2710 648 3124 722 cogitabit‘qute
3163 646 3364 715 profert
3399 664 3456 698 os

1868 742 2003 812 ejus.
2033 741 2329 798 Prudentis
2355 744 2539 797 anima
2580 744 2734 813 prius
2780 751 3076 812 cognoscet
3108 755 3173 795 ea
3200 753 3324 808 qua:
3348 738 3458 792 diri

1871 836 2154 899 convenit,
2179 835 2375 904 sicque
2406 834 2499 889 illa
2525 843 2653 888 ante
2670 849 2735 889 os
2760 833 3046 903 producet,
3070 846 3170 886 nec
3197 845 3317 899 quae
3346 843 3458 883 non

1870 936 2111 1000 oportet,
2146 938 2207 984 ut
2229 930 2493 992 occurrit,
2522 929 2795 999 loquetur.

1942 1112 2013 1166 Et
2045 1112 2099 1166 in
2126 1112 2289 1166 labiis
2324 1110 2567 1181 portabit
2605 1109 3037 1181 intelligentiam.
3070 1107 3190 1178 Ipse
3221 1120 3352 1161 vero
3387 1103 3457 1160 ad

1867 1203 2073 1258 ostium
2122 1201 2395 1256 labiorum
2446 1199 2854 1255 observantiam
2894 1196 3043 1252 modi
3079 1193 3459 1251 convenientis

1868 1291 2246 1348 circumducet
2272 1289 2340 1345 ad
2362 1288 2697 1361 loquendum
2727 1303 2792 1344 ea
2827 1303 2951 1360 qua:
2982 1291 3351 1357 congruenter
3371 1282 3457 1337 di-

1872 1380 2049 1435 cenda
2086 1379 2483 1450 pra-cognovit.

1937 1462 2108 1526 'Vsns.
2133 1466 2225 1525 24.
2248 1467 2424 1525 Favus
2452 1464 2626 1524 mellis
2659 1468 2867 1538 pulchri
2913 1481 3203 1521 sermones.
3227 1463 3455 1520 Sermo-

1867 1577 1966 1617 nes
2000 1563 2065 1614 ad
2096 1560 2482 1615 erudiendium
2514 1558 2666 1626 boni,
2688 1558 2797 1613 favi
2829 1558 3008 1613 mellis
3041 1557 3243 1619 instar,
3267 1554 3456 1608 multi-

1868 1650 2117 1707 formiter
2145 1651 2219 1705 ita
2271 1651 2664 1720 disponuntur,
2696 1658 2758 1706 ut
2787 1658 2912 1721 apte
2941 1648 3338 1720 accipientium
3370 1646 3454 1701 fa-

1866 1741 2060 1798 cultati
2088 1741 2596 1796 accommodentur.

253 1800 590 1900 ὶηζιύκασμα
647 1800 715 1884 δὲ
767 1800 988 1895 attat,
1046 1831 1212 1899 τασις
1242 1831 1474 1900 ψυχῆς.
1526 1826 1594 1885 Ἦ
1622 1830 1680 1884 δὲ
1709 1830 1759 1884 ἐν

1941 1832 2013 1889 Et
2046 1833 2269 1888 dulcedo
2298 1846 2481 1887 eorum
2511 1833 2706 1887 animle
2732 1832 2971 1887 sanatio.
2997 1831 3131 1897 Quia:
3156 1835 3209 1883 ln
3230 1828 3311 1883 eis
3330 1827 3457 1883 abs-

182 1922 383 1984 τούτοις
410 1922 836 1993 ὲγκεκρυμμένη
889 1922 965 1985 ὡς
1012 1923 1070 1976 ἐν
1103 1941 1210 1977 τισι
1267 1923 1518 1995 σίμϐλοις
1561 1925 1766 1993 γλυκυ-

183 2013 312 2085 τάτη
345 2013 551 2080 γνῶσις
570 2012 670 2083 τῆς
698 2014 984 2085 ἀληθείας,
1004 2014 1273 2087 θεραπεία
1290 2016 1528 2088 ὑπάρχει
1554 2016 1758 2086 ψυχῆς,

183 2103 402 2168 σκότους
433 2104 604 2175 αὐτὴν
628 2105 855 2173 ἀγνοίας
907 2106 1348 2162 ἁπαλλάττουσα.

246 2200 344 2246 κε’.
376 2193 560 2248 Εἰσὶν
590 2193 715 2247 ὁδοί
755 2193 1049 2249 δοκοῦσαι
1080 2190 1234 2251 εἶναι
1262 2196 1429 2265 ὀρθαί
1456 2194 1663 2262 ἀνδρί·
1691 2194 1765 2249 τὰ

176 2283 376 2354 μέντοι
437 2285 758 2340 τελευταῖα
818 2286 1020 2341 αὐτῶν
1067 2287 1287 2353 βλέπει
1340 2290 1429 2353 είς
1490 2284 1765 2356 πυθμένα

178 2377 343 2445 ᾅδου.
387 2377 729 2449 Ὑπάρχουσι
759 2379 1027 2433 πολιτεῖαί
1066 2398 1233 2445 τινες,
1262 2380 1319 2435 αἳ
1356 2378 1446 2433 διὰ
1476 2379 1537 2431 τὸ
1563 2377 1762 2449 ὲπίκηο

183 2488 273 2541 ρον
304 2471 401 2541 ἡδὺ
435 2471 535 2525 καὶ
562 2470 828 2538 ¹ἐπίδοξον,
848 2470 1163 2542 νομίζονται
1195 2489 1301 2526 τινι
1332 2469 1607 2542 ἀνθρώπῳ
1628 2485 1761 2538 τυγ-

178 2562 357 2632 χάνειν
386 2561 556 2616 καλαί
577 2577 590 2593 ο
610 2563 678 2617 τὰ
694 2562 751 2615 δὲ
779 2562 907 2632 τέλη
931 2561 1159 2625 τούτων,
1183 2563 1264 2626 είς
1289 2561 1453 2633 βάθος
1483 2560 1761 2624 ἀπωλείας

177 2654 295 2725 ὁρᾷ.
327 2653 446 2724 Τῆς
492 2653 602 2723 γὰρ
652 2654 774 2707 κατ’
830 2654 1085 2725 αἴσθησιν
1134 2653 1352 2725 ἡδονῆς,
1389 2650 1543 2715 τέλος
1597 2648 1758 2723 ὀδύνη

177 2743 293 2796 ἐστί
312 2761 326 2775 ⁸
356 2745 456 2798 καὶ
480 2744 577 2813 τῆς
605 2744 854 2798 διακένου
885 2745 1066 2815 δόξης,
1102 2747 1135 2816 ἠ
1163 2745 1384 2817 ἀτιμία.

244 2844 354 2900 κς’.
391 2836 579 2904 Ἀνὴρ
614 2836 685 2890 ἐν
716 2839 928 2903 πόνοις
957 2837 1134 2892 πονεῖ
1180 2835 1395 2904 ἐαυτῷ,
1433 2840 1531 2895 καί
1560 2840 1758 2895 ἐκϐιά-

180 2924 323 2986 ζεται
350 2928 573 2983 ἑαυτοῦ
594 2927 710 2997 τὴν
740 2927 1064 2983 ἀπώλειαν.
1102 2929 1424 2999 Ἄνθρωπός
1443 2948 1530 2995 τις
1559 2930 1638 3002 τῷ
1675 2931 1761 2984 δο-

178 3019 288 3071 κεῖν
320 3020 515 3091 μοχθεῖ
552 3019 694 3089 ὑπὲρ
747 3020 966 3083 ἑαυτοῦ,
1006 3022 1063 3073 ἐν
1096 3020 1318 3091 μόχθοις
1348 3022 1568 3086 πολλοῖς
1594 3022 1759 3076 πλεο-

176 3111 441 3175 νεκτικῶς
491 3111 738 3165 πλουτῶν
759 3151 773 3175 ,
830 3112 924 3166 καὶ
959 3111 1303 3182 τυραννικῶς
1351 3112 1716 3183 δοξαζόμενος
1741 3130 1755 3145 ο
1786 3140 1829 3196 C

175 3202 295 3254 ἐπεὶ
316 3201 373 3255 δὲ
408 3201 653 3266 κίνδυνος
677 3202 850 3257 ταῦτα
882 3203 1085 3274 ψυχῆς,
1130 3203 1431 3275 βιαστικῶς
1458 3206 1758 3261 ἐπισπᾶται

172 3293 202 3343 ό
226 3294 467 3355 τοιοῦτος
492 3293 583 3347 τὸν
614 3294 746 3347 ἴδιον
783 3294 1025 3365 ὄλεθρον.

257 3385 320 3436 '0
353 3384 556 3451 μέντοι
579 3385 850 3451 σκολιὸς,
878 3387 978 3440 ἐπὶ
1003 3385 1085 3451 τῷ
1116 3387 1337 3442 ἑαυτοῦ
1372 3390 1624 3458 στόματι
1654 3406 1760 3458 φο-

160 3472 258 3539 ρεῖ
302 3473 418 3538 τὴν
444 3473 770 3528 ἀπώλειαν.
828 3475 888 3529 '0
921 3474 1104 3545 μέντοι
1139 3477 1367 3546 γνώμην
1417 3474 1558 3548 ἔχων
1597 3488 1757 3547 στρε-

171 3563 324 3633 ϐλὴν,
362 3563 459 3617 καὶ
490 3563 749 3634 βλάπτειν
802 3567 890 3619 ἀεὶ
937 3566 1200 3636 μελετῶν,
1234 3568 1297 3621 οὐ
1335 3568 1534 3621 πολλοῦ
1580 3569 1758 3622 δεῖται

170 3652 421 3723 καμάτου
443 3653 525 3718 είς
548 3654 751 3725 βλάὃην
780 3649 947 3709 αὑτοῦ
973 3673 987 3687 ·
1017 3656 1155 3712 ἀλλά
1193 3659 1344 3728 παρά
1373 3656 1454 3729 τῷ
1487 3658 1602 3730 ίδίῳ
1635 3660 1758 3712 στό-

170 3758 306 3812 ματι
352 3744 447 3798 τὸν
504 3745 701 3801 ἑαυτοῦ
758 3749 1083 3819 ἐπιφέρεται
1144 3746 1397 3822 ὄλεθρον·
1480 3752 1756 3823 προξενῶν

170 3836 450 3892 ἀπώλειαν
476 3838 676 3911 ἑαυτῷ,
705 3841 767 3905 ἐξ
785 3834 862 3895 ὧν
900 3840 1058 3895 εἴωθε
1096 3841 1450 3912 φθέγγεσθαι·
1482 3844 1635 3915 παρά
1657 3844 1756 3914 μὲν

171 3928 329 3996 Θεοῦ,
359 3929 459 3999 τὴν
506 3931 648 3985 κατὰ
680 3932 889 4003 ψυχήν⁹
926 3932 1077 4003 παρά
1109 3933 1166 3987 δὲ
1202 3934 1312 3987 τῶν
1350 3934 1756 4007 ἔνωτιζομένων

168 4016 235 4071 τὰ
265 4021 400 4090 παρ’
425 4021 593 4074 αὑτοῦ
612 4021 905 4092 λεγόμενα,
932 4022 1032 4093 τὴν
1064 4024 1206 4077 κατά
1234 4020 1415 4094 σῶμα.

238 4110 345 4175 κζ’.
376 4110 549 4181 Ἀνὴρ
571 4113 798 4182 ἄφρων,
824 4115 1074 4182 ὀρύσσει
1101 4112 1294 4181 ἑαυτῷ
1315 4117 1489 4172 κακά.
1507 4117 1755 4191 Ἀνθρω-
1822 4190 1823 4193 η

169 4216 267 4264 τως
286 4200 349 4264 ὃς
382 4201 459 4274 μὴ
477 4202 545 4256 τὰ
578 4202 773 4257 ἑαυτοῦ
829 4205 1183 4274 συμφέροντα
1209 4204 1597 4275 διαλογίζεται,
1628 4207 1753 4261 καθ’

168 4290 364 4345 ἑαυτοῦ
391 4292 699 4363 ἐξευρίσκει
731 4294 798 4349 τὰ
831 4292 1121 4364 βλαπτικὰ,
1146 4292 1379 4352 ἐπινοῶν
1406 4299 1474 4351 τά
1513 4301 1649 4369 πρὸς
1672 4299 1753 4352 ol-

170 4383 322 4436 κείαν
343 4384 644 4440 ἀπώλειαν.

1868 1925 2129 1981 conditur
2158 1932 2218 1978 ut
2252 1925 2305 1979 in
2351 1923 2684 1995 quibusdam
2718 1923 2974 1977 alveariis
3012 1920 3333 1975 dulcissima
3359 1934 3454 1972 vc.-

1866 2013 2052 2069 ritatis
2092 2013 2341 2084 cognitio
2372 2013 2642 2068 medicina
2670 2021 2756 2067 est
2779 2013 3007 2065 animm:
3042 2011 3184 2064 hanc
3206 2009 3457 2079 ignoran-

1867 2105 1956 2161 tia».
1980 2105 2222 2161 tenebris
2250 2104 2472 2160 liberat.

1935 2193 2102 2251 Vens.
2129 2194 2221 2249 25.
2252 2191 2388 2248 Sunt
2416 2194 2516 2249 via:
2546 2208 2662 2263 qua:
2687 2192 2928 2247 videntur
2955 2192 3156 2246 homini
3184 2201 3363 2255 rectm,
3402 2202 3453 2243 et

1865 2298 2041 2343 tamen
2081 2286 2377 2340 novissima
2416 2301 2601 2340 eorum
2633 2284 2704 2337 ad
2754 2283 3004 2354 abyssum
3061 2283 3259 2352 inferni
3284 2284 3454 2336 dedu-

1861 2390 2007 2435 cunt.
2038 2381 2352 2434 Occurrunt
2377 2376 2630 2449 qua-dam
2666 2376 2768 2431 via:
2791 2391 2913 2445 quae
2943 2383 3168 2446 propter
3189 2377 3452 2431 caducam

1858 2471 2264 2544 iucunditatem
2316 2479 2371 2526 et
2414 2470 2646 2540 gloriam
2680 2470 2898 2525 cuidam
2936 2468 3147 2523 homini
3189 2475 3452 2538 putantur

1860 2563 2080 2619 evenire
2147 2562 2332 2629 bonae;
2397 2562 2492 2617 sed
2558 2562 2740 2616 exitus
2777 2576 2971 2616 earum
3022 2561 3078 2615 in
3128 2560 3451 2614 barathrum

1861 2651 2185 2722 perditionis
2201 2658 2433 2721 spectat.
2454 2650 2744 2706 Sensualis
2770 2651 2912 2704 enim
2937 2650 3233 2719 voluptatis
3263 2649 3453 2703 termi-

1862 2756 1970 2795 nus
1995 2750 2081 2797 est
2107 2742 2500 2807 conturbatio;
2531 2747 2586 2794 et
2618 2741 2799 2795 inanis
2812 2740 3042 2809 .gloritr,
3069 2739 3448 2808 opprobrium.

1936 2834 2215 2891 νεικείω.
2258 2836 2431 2890 Homo
2474 2836 2727 2891 laborans
2779 2835 2991 2889 laborat
3043 2835 3144 2889 sibi
3195 2847 3452 2903 suamque

1861 2936 2134 2999 extorquet
2157 2908 2529 2998 perditionem.
2564 2927 2741 2983 Homo
2765 2928 2985 2996 quidam
3033 2927 3101 2981 ad
3133 2924 3450 2997 l'ulgendum

1863 3018 2077 3075 laborat
2123 3020 2252 3086 sibi,
2294 3020 2350 3074 in
2388 3019 2578 3074 multis
2625 3020 2905 3075 laboribus
2934 3018 3134 3089 cupide
3169 3019 3451 3072 ditescens

1862 3117 1919 3164 et
1957 3111 2195 3180 superbe
2228 3108 2470 3181 glorians
2503 3127 2516 3164 :
2550 3125 2675 3165 cum
2722 3120 2904 3165 autem
2940 3110 3058 3165 haec
3094 3120 3224 3166 sunt
3255 3108 3454 3163 animm

1863 3199 2204 3269 periculum,
2261 3200 2535 3255 violenter
2603 3200 2695 3255 ille
2754 3215 2909 3254 suam
2974 3200 3206 3253 attrahit
3264 3198 3453 3269 perni-

1861 3286 2024 3342 ciem.

1928 3383 2155 3435 Astutus
2188 3390 2365 3436 autem
2409 3383 2465 3436 in
2499 3399 2590 3438 ore
2618 3400 2715 3438 suo
2740 3384 2878 3453 gerit
2916 3383 3153 3438 ruinam.
3189 3382 3295 3449 Qui
3316 3396 3450 3437 vero

1859 3472 2148 3527 scientiam
2183 3473 2349 3529 habet
2387 3474 2637 3530 dolosam
2673 3485 2730 3531 et
2757 3490 2973 3546 semper
3005 3490 3205 3530 nocere
3233 3476 3443 3537 studet,

1857 3563 1907 3617 ei
1942 3579 2052 3618 non
2088 3564 2263 3619 multo
2293 3580 2433 3636 opus
2465 3574 2551 3622 est
2576 3562 2764 3622 labore
2795 3568 2863 3620 all
2906 3581 3062 3622 suam
3105 3566 3443 3637 perniciem:

1859 3654 1952 3709 sed
1991 3654 2045 3708 in
2081 3669 2177 3710 ore
2205 3656 2431 3726 proprio
2465 3672 2622 3713 suam
2664 3659 2880 3713 ruinam
2915 3660 3079 3728 gerit.
3108 3657 3187 3712 Ex
3222 3658 3289 3713 iis
3322 3673 3448 3727 quae

1857 3745 2042 3803 dicere
2095 3750 2385 3805 consuevit
2429 3748 2535 3804 sibi
2582 3756 2740 3820 parat
2799 3749 3190 3820 perditionem,
3248 3749 3448 3803 anima:

1857 3839 2077 3911 quidem
2117 3842 2262 3911 apud
2308 3841 2500 3906 Deum,
2532 3842 2786 3913 corporis
2819 3856 2999 3899 autem
3034 3844 3177 3914 apud
3212 3857 3308 3898 eos
3349 3842 3446 3913 qui

1857 3932 2024 3989 verba
2052 3933 2228 4004 ipsius
2260 3933 2514 3992 audiunt.

1926 4115 2092 4173 Vens.
2129 4117 2222 4172 27.
2275 4117 2369 4172 Vir
2402 4119 2705 4187 imprudens
2742 4121 2879 4190 {odit
2919 4121 3021 4176 sibi
3062 4123 3227 4178 mala.
3270 4122 3444 4178 llomo

1855 4203 1945 4273 qui
1965 4203 2032 4258 ad
2060 4219 2119 4259 se
2141 4206 2466 4275 pertinentia
2488 4223 2599 4262 non
2624 4218 2928 4278 computat,
2955 4212 3220 4274 adversus
3244 4223 3445 4268 semet-

1855 4294 2032 4363 ipsum
2079 4295 2289 4351 invenit
2343 4298 2559 4362 nociVa,
2604 4301 2935 4371 excogitans
2975 4317 3099 4371 quae
3130 4302 3339 4357 ducunt
3373 4306 3443 4357 ad

1854 4386 2028 4455 ipsius
2061 4386 2300 4440 ruinam.

248 4474 375 4528 Ἐπὶ
426 4471 497 4528 δὲ
531 4469 650 4530 τῶν
677 4471 898 4531 ἑαυτοῦ
955 4474 1207 4545 χειλέων
1232 4472 1575 4545 θησαυρίζει
1602 4477 1743 4547 πῦρ.

1926 4478 1996 4531 Et
2022 4479 2073 4533 in
2098 4479 2259 4533 labiis
2288 4479 2404 4534 suis
2436 4481 2767 4535 thesaurizat
2796 4483 2991 4553 ignem.
3028 4482 3092 4537 Et
3119 4486 3174 4538 in
3210 4498 3307 4539 ore
3337 4500 3439 4540 suo

180 4563 266 4618 Ἐν
289 4567 347 4619 δὲ
373 4566 455 4639 τῷ
506 4567 737 4638 στόματι
777 4568 966 4634 αὑτοῦ,
997 4568 1230 4635 ’συνάγει
1263 4570 1512 4640 ῥήματα,
1550 4572 1753 4624 κακίαν

168 4653 387 4713 ἆπασαν
417 4659 716 4715 ἑκκαίοντα
742 4661 891 4733 παρά
916 4663 1029 4724 τοῖς
1058 4660 1369 4716 ἀκούουσιν.

236 4755 344 4820 κη’.
385 4750 557 4820 Ἀνὴρ
584 4751 857 4826 σκολιὸς,
880 4750 1275 4820 διαπέμπεται
1302 4751 1477 4806 κακά.
1507 4753 1751 4824 Ἀνθρω-

166 4850 266 4902 πος
290 4841 432 4896 κατά
478 4842 708 4914 γνώμην
769 4842 1048 4914 στρεόλὺς,
1070 4843 1435 4914 παραπέμπει
1455 4842 1542 4896 διά
1566 4843 1750 4913 μέσων

165 4929 271 4982 τῶν
286 4931 609 5001 ἐπιτηδείων
622 4935 702 4997 εἰς
719 4934 779 4987 τὸ
791 4935 928 4987 ὑπου
938 4936 1086 5004 ργείν
1106 4935 1175 4988 τά
1195 4930 1361 4988 αὐτοῦ
1383 4933 1745 5003 βουλεύματα,

163 5016 290 5083 τοὺς
315 5021 373 5072 ὲν
407 5024 475 5093 τῇ
516 5022 664 5094 ψυχῇ
712 5021 877 5075 αὐτοῦ
917 5021 1329 5093 μελετωμένους
1381 5020 1567 5084 δόλους
1607 5020 1747 5074 κατὰ

165 5107 272 5161 τῶν
305 5109 645 5177 ἀγαπώντων
684 5111 968 5180 ἀλλήλους.

233 5199 341 5253 Kal
376 5199 699 5269 λαμπτῆρα
741 5199 928 5255 δόλου
971 5200 1307 5269 πυρσεύσει
1353 5199 1594 5267 κακοῖς⁹
1643 5200 1745 5254 καί

166 5284 489 5360 διαχωρίζει
529 5292 768 5360 φίλους.
825 5291 935 5344 Καὶ
986 5290 1132 5345 οὕτω
1182 5292 1390 5363 πυρσὸν
1438 5290 1745 5345 ὑπανάπτει

168 5377 381 5449 ἀπάτης
414 5383 471 5435 ὲν
496 5384 609 5444 τοῖς
663 5381 1058 5455 πειθαρχοῦσιν
1105 5383 1252 5455 αὐτῷ
1294 5384 1589 5455 ὑπουργοῖς
1643 5384 1744 5454 τῆς

168 5468 365 5533 κακίας
384 5487 398 5500 ’
433 5474 528 5525 καὶ
555 5472 644 5526 διὰ
672 5475 899 5540 τούτων,
928 5453 1009 5538 εις
1045 5474 1114 5529 δι’
1139 5453 1390 5548 ὀργάνων
1422 5453 1743 5543 τινῶν,τοῦς

168 5558 480 5627 ἡνωμένους
529 5562 596 5617 δι’
651 5564 875 5636 ἀγάπης
928 5566 1277 5637 εἰλικρινοῦς,
1337 5569 1435 5620 ἀπ’
1497 5567 1741 5639 ἀλλήλων

167 5644 450 5719 διίστησιν,
482 5653 682 5726 ἔχθραν
707 5656 811 5710 ἀνὰ
840 5656 1004 5728 μέσον
1025 5658 1206 5713 αὐτῶν
1236 5658 1512 5725 ἐμϐαλών.

237 5740 338 5797 κθ’.
357 5743 535 5816 Ἀνὴρ
558 5748 904 5818 παράνομος
965 5748 1357 5816 ἀποπειρᾶται
1397 5751 1612 5821 φίλων,
1642 5752 1739 5805 καί

1854 4569 2017 4624 verba
2049 4584 2267 4624 omnem
2288 4571 2552 4625 malitiam
2573 4571 2715 4642 apud
2742 4574 3024 4631 auditores
3056 4576 3434 4641 accendentia,

1852 4656 2083 4727 colligit.

1924 4746 2091 4804 Vsus.
2139 4748 2229 4803 28.
2296 4748 2388 4804 Vir
2444 4760 2654 4806 astutus
2708 4754 2968 4825 dispergit
3026 4756 3193 4810 mala.
3261 4756 3436 4812 Homo

1852 4840 2082 4894 scientia
2120 4840 2369 4904 dolosus.
2403 4842 2547 4897 inter
2602 4843 2856 4900 homines
2891 4846 2959 4900 ad
2990 4844 3282 4902 favendum
3317 4850 3437 4902 suis

1850 4932 2100 4987 consiliis
2142 4933 2391 4997 idoneos,
2417 4949 2557 5003 quos
2591 4935 2647 4989 in
2675 4936 2842 4991 corde
2863 4952 2965 4992 suo
3005 4938 3302 4993 meditatus
3347 4947 3437 4993 est

1847 5023 2027 5088 dolos,
2060 5024 2326 5081 adversus
2357 5034 2604 5082 mutuam
2633 5027 2904 5083 habentes
2919 5028 3433 5096 dilectionem,dis-

1848 5117 2103 5171 seminat.

1917 5205 1991 5259 Et
2012 5207 2185 5276 facem
2225 5208 2442 5263 astutia:
2480 5208 2749 5264 succendit
2795 5213 3074 5280 perversis,
3130 5213 3432 5283 amicosque

1846 5296 2130 5367 disiungit.
2169 5296 2235 5350 Et
2267 5297 2350 5353 sic
2382 5297 2612 5353 fallaciae
2644 5298 2818 5355 facem
2854 5300 2999 5357 inter
3025 5302 3348 5357 obedientes
3378 5305 3431 5357 ei

1846 5388 2226 5456 perversitatis
2254 5389 2537 5457 operarios
2566 5388 2883 5457 succendit;
2916 5400 2971 5446 et
2999 5406 3096 5462 per
3119 5406 3236 5459 eos,
3265 5394 3427 5464 quasi

1846 5492 1941 5547 per
1990 5478 2239 5547 quaedam
2271 5477 2661 5545 instrumenta,
2703 5480 2951 5537 sinceras
2982 5482 3256 5547 homines,
3295 5483 3428 5538 cha-

1844 5567 2009 5622 ritate
2041 5568 2332 5633 adunatos,
2367 5569 2436 5623 ab
2458 5568 2692 5625 invicem
2717 5571 2957 5644 sejungit
2990 5572 3173 5629 medio
3204 5573 3424 5628 illorum

1844 5660 2185 5716 inimicitiam
2216 5661 2537 5731 ingerendo.

1918 5751 2082 5810 Vens.
2110 5753 2202 5810 ‘29.
2251 5752 2344 5809 Vir
2390 5756 2625 5823 iniustus
2659 5760 2859 5817 amicos
2904 5771 3069 5821 tentat
3104 5769 3156 5816 et
3184 5775 3278 5831 per
3308 5759 3424 5815 vias
