3976 6394
189 359 317 426 1393

1183 356 1720 424 COMMENTARII
1783 365 1867 426 IN
1907 368 2363 430 PROVERBIA.

3290 372 3423 437 139i

260 471 360 522 Ἔν
378 463 753 533 δὲὨδελφοῆ·
774 464 1054 520 διελεῖται
1082 466 1258 536 μέρη.
1300 470 1389 523 Ἐν
1410 470 1467 523 δὲ
1493 474 1611 535 ταῖς
1631 489 1698 524 πε
1707 472 1749 543 pl

1934 475 2003 529 Et
2032 478 2169 532 inter
2201 479 2393 546 fratres
2427 477 2619 532 dividet
2644 484 2837 544 partes.
2882 477 2986 533 Sed
3041 479 3182 533 inter
3230 482 3444 536 animae-

182 557 240 610 τὸ
269 552 469 623 ἀγαθὸν
498 551 851 620 ὁμονοούσαις
900 553 1159 626 ψυχικαῖς
1204 556 1503 628 δυνάμεσι,
1531 562 1623 614 τὸν
1653 562 1751 616 ἕνα

177 646 328 714 λόγον
372 644 470 712 τῆς
519 643 720 715 ἀρετῆς
762 647 844 707 εἰς
891 646 1179 718 διαφόρους
1203 649 1404 718 ἀρετὰς
1448 650 1748 722 διαιρήσει,

177 737 377 805 ἑκάστῃ
407 734 634 804 δυνάμει
672 736 963 806 ἀπονέμων
996 736 1096 808 τὴν
1133 738 1481 810 πρόσφορον
1517 735 1654 809 οἷον,
1681 747 1747 815 τῇ

180 825 276 893 μὲν
324 824 715 895 ὲπιθυμητικῇ,
746 826 845 894 τὴν
890 826 1276 897 σωφροσύνην
1303 832 1371 899 τῇ
1415 829 1473 882 δὲ
1518 829 1747 904 θυμικῇ,

175 915 269 985 τὴν
300 912 578 982 ἀνδρείαν·
607 916 672 983 τῇ
722 914 778 968 δὲ
828 912 1133 986 λογιστικῇ,
1167 917 1267 987 τὴν
1318 918 1616 989 φρόνησιν’
1657 923 1751 975 καὶ

172 1007 290 1066 ταῖς
316 1001 486 1068 ὅλαις,
515 1005 616 1073 τὴν
645 1004 997 1075 δικαιοσύνην
1035 1008 1094 1059 ὲν
1131 1006 1211 1077 τῷ
1234 1007 1332 1071 τὰς
1360 1008 1626 1080 ἐλλείψεις
1654 1012 1751 1065 καὶ

157 1094 268 1167 τὰς
305 1093 610 1165 ὑπρὸολάς
648 1095 941 1163 ἐκφεύγειν
976 1096 1087 1150 τῶν
1125 1097 1358 1167 ἀρετῶν.

234 1213 301 1276 γ’.
334 1207 565 1277 Ὠσπερ
594 1206 962 1278 δοκιμάζεται
990 1209 1058 1263 ὲν
1083 1211 1313 1279 καμίνῳ
1349 1208 1607 1281 ἄργυρος
1645 1212 1745 1267 καὶ

166 1298 398 1368 χρυσὸς·
418 1338 433 1363 ,
481 1300 674 1366 οὕτως
719 1300 1000 1353 ἐκλεκταὶ
1049 1300 1288 1368 καρδίαι
1334 1301 1495 1370 παρὰ
1529 1303 1746 1371 Κυρίῳ.

167 1388 436 1460 Καθάπερ
457 1391 490 1460 ἡ
508 1389 602 1442 τοῦ
633 1389 874 1461 ἀργύρου
907 1389 1089 1460 φύσις,
1124 1392 1220 1446 καὶ
1247 1393 1281 1462 η
1306 1392 1401 1446 τοῦ
1431 1392 1661 1464 χρυσοῦ,
1688 1395 1747 1447 αἱ

163 1479 270 1534 τῶν
298 1479 507 1532 λοιπῶν
538 1480 681 1535 ὑλῶν
707 1480 1055 1553 τιμιώτεραι,
1086 1482 1144 1536 ιν
1186 1482 1267 1555 τῷ
1306 1486 1441 1555 πυρὶ
1463 1484 1751 1551 ἐξετάζον·-

159 1587 268 1635 ται,
314 1569 483 1642 εἴπερ
526 1568 637 1624 εῐεν
680 1571 997 1643 ἁκίὸδηλοιο
1026 1575 1456 1644 τοιουτοτρόπως
1501 1576 1596 1631 καὶ
1635 1577 1750 1630 τῶν

160 1661 369 1714 πολλῶν
405 1661 464 1714 αἱ
493 1663 825 1733 προέχουσαι
856 1664 999 1719 κατά
1026 1665 1255 1736 γνώμην
1281 1666 1473 1737 ψυχαὶ,
1494 1667 1646 1739 παρὰ
1669 1667 1748 1739 τῷ

1854 568 2128 637 potentias
2182 571 2246 622 ad
2300 569 2503 624 bonum
2551 569 2958 640 conspirantes,
2994 584 3155 623 unam
3209 571 3424 626 virtutis

1854 660 2120 713 rationem
2167 659 2236 713 ad
2281 660 2463 716 varias
2491 660 2726 715 virtutes
2768 660 3087 725 distribuet,
3127 661 3425 730 unicuique

1855 750 2110 821 potentiae
2145 754 2555 807 convenientem
2603 753 2930 821 assignans;
2980 753 3082 818 sic,
3109 753 3419 822 appetitiva:

1853 840 2288 910 moderantiam;
2316 844 2579 899 animosa;
2607 842 3024 912 fortitudinem;
3051 844 3306 899 rationali
3335 858 3425 899 sa-

1851 931 2145 1003 pientiam;
2175 940 2230 987 et
2258 934 2516 988 omnibus
2543 933 2814 1003 justitiam
2865 934 2933 989 ad
2965 933 3212 989 delectus
3248 940 3302 988 et
3328 948 3423 989 ex-

1850 1035 2040 1077 cessus
2074 1020 2128 1076 in
2158 1020 2455 1075 virtutibus
2485 1021 2829 1077 devitandas.

1919 1222 2085 1279 Vens.
2117 1223 2171 1278 5.
2210 1221 2359 1278 Sicut
2390 1224 2444 1277 in
2481 1222 2696 1293 fornace
2735 1225 3030 1291 probantur
3062 1233 3335 1295 argentum
3375 1232 3424 1274 et

1851 1335 2066 1386 aurum,
2091 1319 2172 1372 ita
2203 1335 2235 1372 a
2271 1318 2380 1371 Deo
2413 1319 2581 1371 electa
2613 1318 2798 1370 corda.
2829 1316 3296 1383 Quemadmodum
3332 1333 3425 1372 ar-

1848 1414 1994 1484 genti
2015 1423 2071 1469 et
2103 1414 2222 1468 auri
2249 1412 2603 1475 substantiae,
2636 1424 2757 1481 quae
2786 1412 2999 1466 caeteris
3024 1413 3268 1468 materiis
3296 1421 3426 1467 sunt

1848 1506 2233 1575 pretiosiores,
2271 1504 2327 1559 in
2359 1504 2489 1575 igne
2511 1508 2823 1568 tentantur,
2853 1518 2923 1557 an
2963 1517 3151 1559 revera
3183 1503 3295 1558 sint
3324 1519 3426 1571 pu-

1847 1611 1944 1662 ηε,
1977 1596 2051 1650 ita
2080 1609 2109 1647 a
2136 1592 2271 1660 Deo,
2299 1593 2550 1647 omnium
2578 1591 2950 1657 dominatore,
2981 1592 3277 1647 multorum
3308 1592 3427 1646 aui-

1847 1703 1949 1743 ma':
1998 1686 2215 1742 ratione
2259 1683 2659 1754 praecellentem
2703 1680 2923 1736 Etenim
2971 1696 3106 1738 vero
3144 1682 3213 1736 de
3263 1696 3329 1736 eo
3373 1688 3428 1735 et

158 1752 267 1807 τῶν
313 1751 460 1808 ὅλων
509 1754 756 1826 Δεσπότῃ
788 1755 931 1825 Θεῷ.
985 1758 1065 1827 Τῇ
1104 1757 1215 1826 γὰρ
1253 1758 1386 1829 περὶ
1435 1758 1604 1813 αὐτοῦ
1649 1762 1746 1816 καὶ

1872 1781 2025 1850 psius
2053 1751 2314 1848 operibus
2346 1774 2604 1830 doctrina
2647 1780 2814 1842 atque
2841 1772 3066 1842 optimis
3112 1771 3233 1840 eius
3274 1786 3430 1824 mau-

159 1844 267 1897 τῶν
298 1842 469 1896 αὑτοῦ
501 1845 825 1913 ποιημάτων
849 1846 1041 1918 ἀληθεῖ
1066 1845 1214 1922 δόξῃ,
1239 1852 1335 1905 καὶ
1357 1854 1478 1915 ταῖς
1500 1854 1749 1921 παναγά-

160 1933 272 1996 Θοις
303 1934 477 1988 αὐτοῦ
503 1935 766 2002 ἐντολαῖς,
793 1938 855 1991 τὸ
881 1938 1026 1991 κατὰ
1053 1940 1257 2007 γνῶσιν
1276 1943 1336 1995 ὲν
1353 1946 1475 2006 ταῖς
1497 1944 1749 2014 λογικαῖς

161 2024 417 2092 βασάνοις
452 2026 610 2098 δίκην
639 2028 842 2098 χρυσοῦ
875 2030 1169 2099 ἀμείωτον,
1187 2035 1282 2086 καὶ
1310 2034 1371 2085 τὸ
1401 2034 1524 2088 κατ’
1547 2034 1751 2105 ἀρετὴν

155 2116 212 2164 ὲν
243 2113 381 2182 βίῳ,
416 2114 576 2184 δίκην
606 2115 848 2187 ἀργύρου
899 2118 1155 2187 διαφανὲς
1200 2121 1296 2175 καὶ
1345 2121 1598 2193 λαμπρὸν
1639 2123 1752 2177 τῶν

154 2203 416 2258 τοιούτων
454 2204 643 2277 ψυχῶν
678 2206 1056 2278 δοκιμάζεται.

219 2315 284 2368 δ’.
325 2318 531 2382 Κακὸς
570 2320 863 2373 ὑπακούει
910 2320 1222 2388 γλώσσαις
1270 2321 1652 2391 παρανόμων.
1685 2321 1746 2374 '0

152 2407 505 2477 κεκτημένος
529 2408 755 2480 γνώμην
786 2411 986 2481 κακὴν,
1018 2414 1138 2474 ταῖς
1173 2411 1530 2482 συμϐουλίαις
1559 2410 1746 2464 πείθε-

150 2513 242 2550 ται
285 2496 400 2551 τῶν
451 2500 527 2570 μὴ
557 2503 915 2571 τηρησάντων
945 2504 1034 2557 τὸν
1064 2503 1222 2573 λόγον
1252 2504 1376 2558 καθ’
1402 2504 1461 2557 ὃν
1490 2503 1747 2573 γεγόνασι

151 2590 252 2659 τῆς
288 2590 571 2660 πονηρίας
609 2594 958 2662 πνευμάτων.

222 2700 474 2767 Δίκαιος
504 2701 572 2754 δὲ
597 2704 669 2757 οὐ
702 2704 991 2774 προσέχει
1020 2706 1252 2774 χείλεσι
1277 2705 1590 2775 ψευδέσιν.
1607 2708 1668 2760 ’0
1692 2706 1751 2760 δὲ

155 2789 322 2854 θείοις
351 2791 549 2860 νόμοις
579 2793 844 2862 ὑπείκων,
873 2798 975 2860 τὰς
1003 2797 1288 2868 ἀπατηλάς
1318 2798 1602 2870 ὑποθήκας
1650 2799 1752 2853 αὐ-

155 2879 267 2935 τῶν
306 2882 373 2934 οὐ
418 2882 730 2952 προσίεται.

226 2999 289 3046 ε’.
331 2993 401 3047 '0
435 2991 785 3063 καταγελῶν
802 2995 1063 3063 πτωχοῦ,
1085 2995 1414 3064 παροξύνει
1447 2996 1553 3050 τὸν
1577 2997 1755 3065 Ποιή-

1850 1870 2018 1934 datis,
2064 1866 2213 1939 quod
2264 1865 2568 1927 secundum
2616 1864 2908 1920 scientiam
2961 1864 3018 1918 in
3071 1862 3439 1918 rationalibus

1849 1957 2206 2016 tentamentis
2252 1956 2403 2012 velut
2447 1970 2643 2011 aurum
2692 1965 2782 2011 est
2824 1955 3128 2025 integrum,
3175 1960 3230 2009 et
3281 1953 3429 2024 quod

1849 2051 2152 2109 secundum
2194 2049 2456 2105 virtutem
2509 2048 2565 2102 in
2598 2046 2711 2102 vita
2757 2044 2903 2103 sicut
2952 2053 3241 2116 argentum
3288 2045 3431 2099 luci-

1848 2144 1978 2203 dum
2021 2140 2479 2213 splendidmnque
2517 2137 2710 2192 talium
2745 2136 3055 2191 animarum
3090 2143 3197 2201 est,
3237 2133 3429 2205 digno-

1849 2234 2047 2292 scitur.

1851 2298 1858 2305 I
1920 2346 2094 2403 Vens.
2125 2346 2183 2401 4.
2213 2342 2395 2398 Malus
2433 2342 2739 2411 iniquorum
2773 2338 2971 2409 linguis
2997 2354 3179 2392 aurem
3209 2335 3428 2406 prabet.

1848 2440 1950 2507 Qui
1995 2438 2190 2495 malam
2224 2435 2388 2491 habet
2422 2439 2686 2495 mentem,
2731 2444 2967 2499 nequam
2999 2427 3291 2495 spirituum
3332 2424 3455 2496 qui.

1850 2530 2125 2586 rationem
2154 2528 2210 2582 in
2243 2539 2352 2596 qua
2390 2523 2504 2578 nati
2531 2530 2689 2578 erant
2726 2537 2836 2576 non
2882 2526 3264 2585 servaverunt,
3292 2532 3437 2575 con-

1850 2622 1990 2676 siliis
2018 2627 2192 2689 paret.

1922 2732 2113 2786 Justus
2147 2736 2319 2782 autem
2344 2724 2502 2780 labiis
2532 2723 2877 2779 mendacibus
2913 2739 3019 2777 non
3048 2718 3296 2776 attendit.
3322 2715 3459 2785 Qui.

1854 2832 2034 2878 autem
2081 2821 2287 2888 legibus
2336 2816 2542 2874 divinis
2571 2823 2758 2887 paret,
2813 2813 3042 2869 fallaces
3079 2826 3270 2869 eorum
3309 2808 3431 2881 opi-

1855 2914 2049 2971 itiones
2080 2927 2192 2967 non
2223 2909 2434 2980 recipit.

1925 3027 2091 3082 Vsus.
2128 3026 2181 3080 5.
2241 3023 2348 3089 Qui
2390 3035 2675 3092 pauperem
2743 3018 2930 3075 irridet
2981 3015 3267 3071 Factorem
3317 3014 3451 3085 ejus.

152 3099 358 3140 σαντα
404 3086 615 3140 αὐτόν.
652 3087 709 3140 ⁸0
741 3085 1037 3152 ὲξουθενῶν
1081 3087 1174 3140 τὸν
1222 3087 1478 3154 πλούτου,
1504 3082 1587 3153 οἷς
1621 3088 1749 3154 Θεὸς

1865 3125 2156 3186 exasperat.
2187 3082 2291 3182 Qui
2344 3082 2553 3184 spera-it
2610 3112 2890 3166 hominem
2941 3107 3174 3172 divitiis,
3226 3082 3461 3175 judicio»

152 3179 464 3232 ἐπίσταται
509 3180 796 3249 κρίμασιν,
829 3180 1383 3247 ὰποπεσόντα,αὐτδν
1429 3181 1521 3236 τὸν
1565 3181 1758 3236 τούτου

149 3272 557 3343 Πλαστουργδν.
584 3272 909 3343 παροργίζει
931 3288 944 3303 ο
971 3274 1053 3327 ὅτι
1088 3272 1164 3342 μὴ
1187 3274 1279 3326 τὸν
1298 3271 1583 3343 ἄνθρωπον
1603 3275 1758 3343 τιμᾷ,

147 3365 213 3415 τὸ
241 3381 297 3417 τι
307 3364 604 3433 μιὼματον
632 3362 751 3430 Θεῷ
780 3364 968 3432 κτῆμα
989 3364 1086 3416 καὶ
1106 3364 1463 3431 οἰκειότατον,
1493 3363 1630 3419 ἀλλὰ
1656 3364 1760 3435 γῆς

146 3459 403 3529 ῥέουσαν
443 3456 578 3527 ὓλην
616 3458 712 3517 καὶ
748 3458 900 3512 κάτω
939 3457 1234 3527 μένουσαν.

233 3639 292 3692 '0
332 3637 411 3703 δὲ
439 3637 764 3706 ἐπικαίρων
786 3638 1199 3709 ἀπολλυμένῳ
1218 3680 1234 3706 ,
1270 3640 1381 3694 οὐκ
1404 3638 1757 3708 ἀθωωθήσε·

141 3752 264 3788 ται.
292 3731 418 3787 Καὶ
442 3734 471 3784 ό
493 3729 809 3799 ἐπεγγελῶν
837 3730 938 3801 τῷ,
958 3731 1071 3785 εἴτε
1101 3731 1241 3785 κατά
1256 3730 1455 3802 ψυχὴν,
1476 3730 1585 3783 εἴτε
1617 3730 1758 3784 κατά

140 3826 318 3893 σῶμα
352 3822 750 3887 κινδυνεύοντι,
768 3823 869 3876 οὑκ
897 3821 1189 3885 ἀνεύθυνος
1216 3820 1424 3885 ἔσεται,
1445 3820 1582 3874 ἀλλά
1603 3821 1759 3884 δίκας

138 3918 259 3970 εἴτε
292 3913 457 3969 κατὰ
482 3913 544 3965 τὸ
567 3912 763 3986 παρὸν,
793 3913 902 3966 εἴτε
933 3912 1074 3966 κατά
1101 3912 1164 3966 τὸ
1196 3912 1755 3983 μέλλον,είσπραχθή-

137 4024 309 4060 σεται
345 4005 513 4075 παρὰ
555 4004 651 4057 τοῦ
692 4004 907 4057 δικαίου
932 4004 1147 4074 κριτοῦ,
1174 4002 1360 4075 ἐπειδὴ
1386 4001 1559 4065 οὕτως
1580 4005 1757 4072 ἀσυμ-

134 4097 346 4161 παθῶς
392 4096 531 4166 περὶ
568 4096 658 4148 τὸν
695 4095 912 4165 δμοφυῆ
949 4094 1188 4162 διετέθη.

222 4189 292 4243 '0
321 4185 402 4241 se
431 4182 1115 4254 ἐπισπλατχνιζόμενος,
1140 4181 1557 4250 ἐλεηθήσει-αι.
1593 4183 1652 4235 '0
1693 4182 1751 4235 δὲ

135 4279 453 4349 σπλάγχνα
488 4276 673 4339 ἐλέους
703 4274 1016 4343 ὑπανοίγων
1046 4272 1217 4343 αὐτῷ,
1265 4273 1359 4327 τὸν
1381 4272 1478 4326 τοῦ
1508 4271 1645 4326 Θεοῦ
1675 4275 1754 4337 είς

129 4371 348 4425 ἑαυτὸν
392 4368 767 4422 ἐπισπάσεται
803 4366 987 4420 ἔλεον·
1030 4364 1275 4435 ὲλεηθεὶς
1309 4365 1385 4429 ὡς
1423 4364 1679 4435 ἠλέησεν.

205 4558 293 4618 ς’.
340 4546 675 4616 Στέφανος.
700 4548 1009 4616 ’γερόντων
1061 4547 1245 4601 τέκνα
1309 4547 1558 4602 τέκνων.
1617 4547 1755 4612 Δόξα

125 4644 341 4710 ὥσπερ
367 4641 496 4702 τοῖς
517 4637 639 4691 καθ’
663 4637 880 4708 ἡλικίαν
900 4638 1317 4710 πρεσϐυτέροις,
1337 4638 1443 4693 υἱοὶ
1464 4639 1574 4695 τῶν
1598 4639 1752 4706 υίῶν,

122 4734 286 4789 οὕτω
336 4734 468 4794 τοῖς
518 4728 663 4782 κατά
695 4728 911 4782 σύνεσιν
943 4732 1215 4803 γηραιοῖς,
1246 4732 1295 4783 oi.
1326 4732 1391 4784 ὲκ
1416 4729 1528 4785 τῶν
1560 4745 1755 4801 γεννη-

124 4827 351 4880 θέντων
411 4821 603 4883 αὺτοῖς
653 4819 741 4874 διὰ
794 4821 895 4891 τῆς
948 4822 1330 4892 πνευματικῆς
1395 4821 1752 4886 διδασκαλίας

119 4913 545 4988 ὁμοιοτρόπως
576 4911 973 4981 ἀποτεχθέντες
994 4928 1009 4943 ο
1037 4912 1172 4966 διότι
1204 4913 1306 4966 οὑκ
1333 4911 1541 4975 ἀτελῶς
1573 4912 1754 4966 ἐδίδα-

120 5010 255 5078 ξαν,
289 5005 424 5060 ἀλλ’
455 5001 665 5072 ἑτέρων
686 5002 1040 5067 διδασκάλους
1068 5004 1195 5068 τοὺς
1232 5003 1469 5067 οἰκείους
1490 5003 1753 5058 ἀποτελέ-

123 5118 223 5154 σαι
272 5096 533 5166 ῐσχυσαν
576 5093 847 5163 μαθητάς.

200 5189 535 5256 Καύχημα
560 5183 630 5236 δὲ
659 5184 909 5250 τέκνων,
929 5185 1182 5252 πατέρες
1210 5186 1430 5240 αὐτῶν.
1472 5186 1749 5258 Καύχημα

117 5284 179 5337 δὲ
213 5280 507 5347 καθάπερ
530 5275 644 5329 τῶν
669 5276 810 5331 κατὰ
838 5277 1015 5349 σάρκα
1038 5278 1195 5341 υίῶν,
1222 5280 1269 5330 oi
1308 5278 1515 5331 τούτων
1548 5280 1747 5346 γονεῖς.

113 5375 221 5427 τὸν
251 5370 444 5426 αὐτὸν
468 5366 670 5436 τρόπον
701 5368 798 5421 καὶ
821 5367 929 5421 τῶν
959 5368 1099 5421 κατά
1126 5367 1344 5437 πνεῦμα
1365 5407 1381 5431 ,
1409 5368 1461 5421 oi
1494 5385 1745 5438 πνευμα-

116 5463 306 5518 τικῶς
360 5457 609 5521 τούτους
654 5458 1043 5524 ἀποτεκόντες·
1081 5459 1176 5513 καλ⁸
1202 5459 1331 5531 ηγάρ
1375 5460 1451 5523 ὡς
1497 5459 1588 5513 ὲπί
1638 5477 1747 5514 τινι

118 5556 355 5623 κλήρῳ,
389 5550 471 5619 τῇ
502 5547 725 5619 εὐκλείᾳ
749 5549 859 5604 τῶν
896 5553 1261 5623 γεννητόρων,
1297 5554 1345 5604 oi
1376 5552 1479 5604 υἱοὶ
1512 5551 1745 5621 ἐναϐρύ-

115 5658 349 5694 νονται.

197 5733 322 5791 Τοῦ
360 5732 622 5799 πιστοῦ,
650 5732 793 5801 ὅλος
826 5737 859 5788 ό
887 5736 1111 5805 κόσμος
1146 5735 1261 5791 τῶν
1283 5735 1621 5807 χρημάτων.
1636 5736 1740 5789 Τοῦ

1862 3209 2008 3280 quod
2038 3208 2179 3262 Deus
2202 3205 2374 3272 novit,
2395 3204 2740 3266 destitutum,
2764 3200 2943 3271 ipsum
2966 3195 3287 3267 huiusmodi
3329 3194 3438 3249 Fa-

1862 3306 2070 3354 ctorem
2108 3295 2322 3361 irritat;
2352 3293 2479 3364 quia
2513 3308 2623 3348 non
2654 3285 3183 3347 bonorathomiuem
3214 3299 3436 3355 posses-

1862 3389 2073 3446 sionem
2117 3385 2229 3442 Deo
2273 3385 2514 3439 maxime
2546 3382 2847 3452 pretiosam
2896 3392 2961 3432 ac
2990 3379 3296 3446 propriam,
3339 3376 3439 3432 sed

1861 3478 2222 3535 substantiam
2250 3493 2281 3533 e
2320 3483 2470 3531 terra
2503 3472 2814 3529 elﬂuentem
2847 3476 2902 3525 et
2942 3467 3177 3523 inferius
3207 3481 3436 3525 manen-

1861 3578 1991 3626 lett).

1932 3658 2002 3714 Et
2031 3658 2122 3730 qui
2152 3657 2317 3713 ruina
2347 3657 2567 3711 (celatur
2597 3653 2839 3718 alterius,
2873 3667 2978 3705 non
2999 3649 3098 3703 erit
3127 3627 3433 3715 impunitus.

1860 3751 1965 3818 Qui
2012 3750 2130 3807 sive
2164 3750 2347 3805 anima
2381 3748 2498 3805 sive
2558 3761 2789 3817 corpore
2844 3742 3252 3813 periclitantem
3306 3737 3436 3791 irri-

1861 3840 1976 3906 det,
2008 3855 2116 3896 non
2148 3839 2256 3895 erit
2288 3838 2621 3911 impunitus,
2656 3833 2749 3890 sed
2779 3832 2895 3887 sive
2918 3830 2971 3884 in
3010 3826 3282 3899 praesenti.
3324 3824 3440 3880 sive

1861 3933 1916 3986 in
1959 3931 2164 3995 futuro,
2200 3929 2347 4000 quod
2380 3943 2595 3997 aequum
2629 3930 3008 3992 est,repos,eet
3036 3920 3104 3974 ab
3139 3918 3232 3973 illo
3257 3916 3465 3987 justus.

1854 4023 2043 4093 judex,
2074 4037 2139 4077 eo
2170 4021 2312 4091 quod
2344 4020 2557 4089 absque
2587 4013 2971 4071 misericordia
3012 4010 3092 4067 sic
3133 4022 3262 4078 erga
3301 4020 3437 4060 con-

1859 4109 2115 4165 tribulem
2149 4124 2210 4163 se
2230 4106 2507 4161 habuerit.

1888 4244 1893 4249 .
1931 4199 2036 4266 Qui
2071 4207 2247 4253 autem
2279 4197 2584 4251 misericors
2605 4201 2683 4248 est
2706 4188 3127 4246 misericordiam
3158 4198 3442 4255 consequo-

1859 4301 1965 4345 tur.
1995 4289 2100 4359 Qui
2133 4299 2314 4345 autem
2347 4290 2396 4344 ei
2432 4289 2646 4343 viscera
2676 4278 3070 4339 misericordiae
3100 4276 3309 4347 pandit,
3344 4273 3436 4329 Dei

1858 4378 2302 4436 misericordiam
2332 4380 2387 4431 in
2419 4393 2479 4433 se
2511 4383 2824 4430 convertet:
2858 4372 3001 4426 sicut
3032 4369 3293 4423 misertus
3330 4370 3451 4425 est,

1786 4460 1833 4518 ι)
1862 4473 1944 4528 sic
1979 4471 2416 4527 misericordiam
2441 4466 2729 4524 obtinebit.

1930 4564 2096 4621 Vens.
2130 4563 2185 4618 6.
2217 4561 2430 4618 Corona
2478 4575 2663 4614 senum
2713 4555 2817 4625 ﬁlii
2854 4553 3119 4621 ﬁliorum.
3163 4543 3438 4613 Quemad-

1857 4658 2080 4713 modum
2113 4655 2285 4728 gloria
2340 4655 2733 4723 longaevorum,
2788 4645 2882 4700 lilii
2916 4643 3178 4705 ﬁliorum,
3222 4638 3298 4691 ita
3341 4650 3435 4728 sa-

1855 4748 2061 4820 pientia
2107 4725 2300 4801 senum
2343 4741 2541 4812 gloria,
2578 4739 2692 4794 nati
2725 4752 2789 4791 ex
2823 4734 2903 4789 eis
2939 4745 3080 4803 quos
3116 4728 3223 4798 ipsi
3272 4725 3441 4796 spiri-

1854 4838 1989 4894 tuali
2035 4836 2323 4905 disciplina
2364 4837 2698 4902 genueram.
2748 4824 2961 4881 Etenim
3011 4837 3125 4877 non
3166 4827 3449 4890 perpetuo

1854 4931 2184 4995 docuerunt,
2207 4925 2303 4980 sed
2329 4923 2625 4994 magiStros
2654 4920 2889 4975 aliorum
2913 4927 3046 4972 suos
3073 4912 3328 4983 proprios
3356 4908 3437 4965 di-

1853 5019 2095 5088 scipulos
2123 5016 2385 5088 perlicere
2416 5014 2728 5070 valuerunt.

1922 5189 1993 5244 Et
2021 5189 2192 5261 gloria
2226 5189 2461 5260 ﬁliorum
2496 5196 2675 5257 patres
2702 5204 2906 5242 eorum.
2941 5186 3096 5243 Sicut
3130 5186 3432 5243 carnalium

1851 5282 2086 5337 ﬁliorum
2113 5281 2312 5350 gloria,
2345 5281 2585 5348 ipsorum
2622 5280 2919 5349 genituras,
2947 5280 3026 5335 sic
3055 5279 3244 5334 eodem
3274 5281 3436 5335 modo

1849 5372 2220 5443 spiritualium
2236 5378 2490 5425 natorum
2509 5369 2680 5424 decus
2698 5377 2827 5424 sunt
2849 5369 2941 5439 qui
2962 5369 3324 5439 spiritualiler
3335 5384 3432 5426 eos

1847 5472 2177 5536 genuerunt.
2198 5462 2334 5516 Nam
2364 5471 2421 5515 ut
2447 5462 2513 5517 de
2539 5460 2773 5532 quadam
2799 5460 3135 5530 haereditate,
3160 5461 3226 5516 de
3257 5462 3463 5531 gloriae

1846 5564 2066 5627 patrmu
2100 5554 2196 5609 lilii
2230 5555 2562 5623 gloriantur.

1919 5734 2000 5788 Arl
2042 5734 2247 5804 ﬁdelem
2285 5736 2603 5792 universitas
2640 5735 3033 5798 thesaurorum.
3067 5733 3168 5799 Qui
3207 5731 3421 5787 firmam
