3976 6434
579 447 717 514 i395
1888 451 2236 511 PBOCOPII
2277 451 2517 510 (ἰΑΖίΕί
3651 461 3747 528 1396

572 557 626 611 in
650 560 819 612 lteum
845 556 1074 627 adeptus
1105 564 1189 614 est
1225 556 1408 621 fidem,
1443 557 1613 627 ipsius
1644 564 1728 613 est
1761 563 1873 610 tota
1914 557 2136 612 divitia-

2174 569 2210 626 Α
2243 557 2471 626 βεϐαίαν
2498 557 2578 620 εἰς
2611 555 2743 610 Θεὸν
2779 555 3118 626 κεκτημένου
3145 555 3349 620 πίστιν,
3369 551 3500 611 ἅπαν
3525 559 3575 613 τὸ
3593 563 3744 636 πλῆθός

575 667 693 706 rum
736 651 1047 714 multitudo,
1079 661 1266 722 utpote
1296 652 1391 723 qui
1429 653 1674 706 omnium
1707 650 2053 708 Fabricatori
2083 668 2145 709 ac

2251 651 2368 702 ἐστι
2396 647 2505 701 τῶν
2536 649 2835 719 χρημάτων
2854 686 2869 711 ,
2902 646 3051 717 αῦτῷ
3087 647 3165 716 τῷ
3192 649 3504 718 Δημιουργῷ
3529 651 3619 705 τῶν
3649 657 3747 712 ὅλων

570 744 843 812 provisori
867 758 927 798 se
960 743 1270 797 committet
1301 754 1350 797 et
1382 743 1582 798 exinde
1615 758 1777 797 omne
1807 742 2140 799 desiderium

2250 740 2344 794 καὶ⁸
2374 741 2645 810 προνοητῇ
2677 738 2869 790 ἑαυτὸν
2906 737 3273 802 ἀνατιθέντος,
3306 739 3537 792 κακείθεν
3563 741 3746 816 πληρου.

570 835 822 903 complet.
858 832 958 889 llic
988 834 1156 897 enim,
1183 833 1320 889 nihil
1346 836 1507 890 etiam
1533 835 1758 900 habens,
1789 835 1975 890 outnia
2001 851 2130 906 pos-

2251 832 2416 901 μένου
2470 831 2570 902 τὴν
2623 831 2845 901 χρείαν·
2900 829 2981 882 διὸ
3031 823 3212 897 οὗτος,
3242 830 3334 882 καὶ
3382 831 3532 901 μηδὲν
3558 833 3750 904 ἐχων,τὰ

571 926 735 981 sidet.
1211 942 1216 946 '

1211 942 1216 946 ·
2249 923 2430 977 πάντα
2466 922 2709 991 κατέχει.

641 1039 724 1093 Ad
751 1039 1018 1108 inﬁdelem
1060 1057 1178 1094 vero
1227 1040 1503 1110 nequidem
1539 1040 1746 1096 obolus.
1771 1041 1926 1097 Illius
1959 1049 2142 1096 autem

2321 1032 2432 1088 Τοῦ
2464 1031 2534 1085 δὲ
2562 1033 2848 1095 ἀπίστου,
2890 1031 3032 1086 οὐδὲ
3075 1032 3309 1097 ὀϐολός.
3349 1021 3451 1085 Τοῦ
3494 1033 3546 1087 δὲ
3581 1036 3674 1106 Θεῷ
3700 1039 3751 1108 μὴ

567 1131 660 1196 qui
703 1131 810 1185 Deo
857 1145 964 1185 non
1000 1131 1249 1197 conlidit,
1295 1147 1396 1186 nec
1428 1148 1572 1187 unus
1618 1141 1704 1187 est
1741 1132 1953 1197 obolns,
2008 1133 2137 1188 nihil

2247 1121 2620 1188 πιστεύοντος,
2647 1122 2755 1175 οὐδ’
2780 1121 2965 1185 ὀϐολός
2997 1124 3145 1175 ἐστιν
3180 1119 3260 1184 εἷς
3283 1160 3298 1183 ,
3331 1122 3486 1192 μηδὲν
3512 1126 3672 1179 πιστὸν
3690 1144 3767 1196 κει,

570 1221 737 1275 ﬁdum
770 1230 824 1276 et
848 1223 1044 1278 stabile
1090 1223 1403 1294 possidens.
1441 1225 1668 1280 etiamsi
1705 1225 1928 1280 multam
1961 1225 2140 1294 possi-

2245 1212 2523 1282 κτημένου
2559 1214 2654 1267 καὶ
2689 1213 2928 1282 βέϐαιον,
2959 1210 3060 1266 κᾶν
3113 1212 3319 1283 πολλὴν
3363 1205 3510 1276 οὗτος
3551 1216 3753 1288 κέκτηται

574 1313 704 1368 deat
727 1313 1048 1369 divitiarum
1079 1317 1318 1387 copiam.

2243 1306 2570 1377 περιουσίαν
2610 1308 2929 1378 χρημάτων.

639 1425 804 1483 Vens.
833 1428 886 1482 7.
922 1427 1047 1483 Non
1077 1439 1363 1500 congruent
1404 1429 1726 1498 imprudenti
1759 1429 1908 1484 labia
1930 1429 2138 1498 ﬁdelia.

2314 1419 2380 1482 ζ’.
2427 1419 2549 1487 Οὐχ
2580 1419 2830 1487 ἁρμόσει
2856 1419 3070 1488 ἄφρονι
3112 1418 3285 1487 χείλη
3330 1418 3526 1471 πιστά.
3563 1419 3660 1472 Οὐκ
3695 1421 3756 1474 εὐ-

567 1517 648 1572 llli
676 1519 766 1586 qui
790 1520 961 1574 Deum
984 1521 1038 1574 in
1065 1522 1348 1574 cordenon
1376 1521 1534 1590 gerit,
1563 1522 1679 1575 sive
1701 1527 1847 1574 metu
1876 1530 2137 1588 tanquam

2243 1507 2578 1576 παράδεκτοι
2603 1508 2818 1562 ἔσονται
2840 1509 2920 1580 τῷ
2956 1510 3029 1579 μὴ
3060 1509 3413 1579 περιφέροντι
3445 1507 3566 1560 Θεὸν
3588 1511 3637 1560 ὲν
3657 1527 3759 1578 uap-

567 1609 880 1673 Dominum,
900 1611 1014 1665 sive
1035 1626 1224 1666 amore
1245 1620 1502 1680 tanquam
1525 1611 1745 1665 Patrem
1765 1626 1863 1680 per
1885 1612 2137 1679 gratiam,

2241 1595 2360 1666 δίᾳ,
2389 1595 2490 1648 εἷθ’
2518 1596 2594 1659 ὼς
2622 1598 2899 1667 Δεσπότην
2921 1599 3093 1669 φόϐῳ,
3123 1599 3224 1650 εἴθ’
3247 1598 3323 1660 ὡς
3353 1597 3493 1651 κατὰ
3515 1599 3656 1669 χάριν
3676 1602 3761 1653 lla-

567 1700 852 1758 credibilia
876 1716 987 1755 non
1013 1709 1176 1756 erunt
1213 1692 1402 1771 ipsius
1423 1714 1617 1756 sancta
1647 1713 1943 1770 praecepta.

1739 1713 1943 1770 ecepta.
2241 1686 2377 1755 τέρα.
2407 1686 2580 1756 πόθῳ,
2613 1691 2667 1742 αἱ
2705 1689 2856 1756 ἆγιαι
2881 1689 3045 1742 αὑτοῦ
3079 1687 3309 1741 ἐντολαί.

638 1810 751 1865 Nec
767 1812 917 1882 justo
948 1813 1095 1866 labia
1135 1813 1436 1867 mendacia.
1463 1810 1573 1866 Nec
1615 1813 1664 1867 ei
1699 1813 1792 1882 qui
1834 1813 2137 1868 secundum

2313 1795 2468 1850 Οὐδὲ
2495 1795 2702 1861 δικαίῳ
2733 1797 2906 1863 χειλη
2949 1797 3168 1865 ψευδῆ.
3211 1797 3346 1850 Οὐδὲ
3389 1796 3468 1863 τῷ
3505 1797 3612 1850 κατ’
3636 1796 3762 1858 αὑτὰς

565 1903 672 1956 ista
720 1904 872 1967 vivit,
923 1904 1143 1958 fallaces
1173 1904 1374 1958 diaboli
1402 1903 1714 1959 doctrinae:
1758 1904 1944 1960 nullus
1993 1904 2135 1960 enim

2188 1907 2218 1961 Β
2252 1887 2672 1957 πολιτευομένῳ,
2701 1888 2756 1939 αἱ
2803 1887 2895 1941 τοῦ
2925 1887 3170 1942 διαϐόλου
3200 1887 3476 1955 ἀπατηλαὶ
3507 1888 3758 1955 ὑποθῆκαι·

566 1990 678 2047 Deo
703 2002 756 2047 et
781 1991 951 2047 Satan
990 1993 1200 2048 servire
1235 2001 1440 2060 patest.

2248 1979 2425 2044 οὐδεὶς
2461 1981 2571 2048 γὰρ
2608 1979 2729 2048 θεῷ
2767 1982 2862 2033 καὶ
2897 1980 3076 2032 Σατᾶν
3115 1978 3392 2032 δουλεύειν
3426 1978 3648 2033 δύναται.

637 2099 805 2158 Vens.
846 2102 901 2157 8.
942 2099 1144 2158 Merces
1177 2103 1481 2172 gratiarum
1513 2101 1804 2172 disciplina
1850 2101 2141 2156 utentibus.

2317 2099 2386 2163 η’.
2425 2090 2654 2156 Μισθὸς
2679 2091 2958 2159 χαρίτων,
2984 2093 3022 2158 ἡ
3047 2091 3287 2144 παιδεία
3317 2091 3442 2157 τοῖς
3475 2090 3763 2160 χρωμένοις.

564 2193 666 2248 Per
716 2194 972 2248 mandata
1025 2194 1276 2249 mercede
1316 2196 1640 2248 conducunt
1665 2193 1910 2264 Spiritus
1963 2194 2134 2249 sancti

2245 2180 2582 2236 Μισθοῦνται
2608 2181 2696 2234 διὰ
2723 2183 2833 2234 τῶν
2867 2181 3116 2244 ἐντολῶν,
3147 2182 3215 2235 τὰ
3244 2180 3339 2234 τοῦ
3366 2181 3612 2248 παναγίου
3648 2181 3765 2233 Ilvati-

562 2283 703 2338 duua
728 2285 795 2338 ad
825 2285 1188 2340 deducentem
1211 2286 1279 2341 ab
1300 2287 1558 2357 opposito
1583 2285 1637 2340 in
1666 2285 1874 2341 bonum
1896 2296 2132 2340 nostram

2249 2291 2418 2344 ματος
2440 2273 2776 2343 χαρίσματα,
2805 2273 2885 2336 εἰς
2918 2272 3016 2342 τὴν
3042 2274 3385 2343 μετάγουσαν
3414 2272 3515 2326 άπὸ
3541 2271 3624 2324 τοῦ
3652 2273 3766 2323 ἐναν-

561 2382 728 2435 vitam
761 2381 1162 2438 institutionem
1185 2397 1281 2440 eos
1304 2383 1394 2452 qui
1427 2382 1570 2438 hanc
1585 2381 1900 2436 admittunt.
1923 2382 2131 2452 Absque

2244 2366 2361 2417 τίου
2421 2365 2502 2428 είς
2544 2363 2606 2416 τὸ
2656 2363 2861 2431 ἀγαθὸν
2911 2365 3005 2416 τὸν
3055 2365 3324 2435 ἡμέτερον
3361 2363 3474 2434 βίον
3521 2363 3763 2421 παίδευσιν.

561 2474 708 2529 enim
733 2475 963 2544 spiritus
991 2476 1173 2542 donis,
1195 2477 1414 2540 timore,
1451 2475 1700 2546 inquam,
1733 2473 2058 2530 fortitudine
2089 2483 2131 2528 et

2244 2458 2370 2521 τοὺς
2397 2457 2683 2526 μετιόντας
2708 2456 2878 2527 αὑτήν
2899 2471 2914 2487 ’
2945 2455 3076 2509 ἄνευ
3111 2455 3219 2525 γάρ
3245 2455 3358 2508 τῶν
3387 2455 3478 2507 τοῦ
3507 2453 3767 2522 Πνεύματος

561 2566 811 2631 caeteris,
866 2568 1102 2625 neminis
1139 2569 1251 2624 vita
1304 2545 1694 2624 mandatorum
1744 2567 2038 2638 disciplina
2084 2566 2131 2620 in

2243 2549 2620 2620 χαρισμάτων,
2651 2547 2743 2601 τοῦ
2794 2546 2984 2616 φόϐου,
3013 2549 3177 2618 φημὶ,
3211 2548 3305 2599 καὶ
3349 2547 3450 2616 τῆς
3496 2545 3674 2615 ἰσχύος,
3699 2545 3769 2596 καὶ

562 2657 758 2712 melius
800 2667 1061 2714 mutatur.

2239 2641 2350 2693 τῶν
2382 2639 2605 2702 λοιπῶν,
2641 2638 2766 2692 οὐδέ
2791 2655 2939 2700 τινος
2975 2638 3088 2707 βίος
3121 2640 3188 2707 τῇ
3216 2638 3323 2690 τῶν
3355 2636 3576 2689 ἐντολῶν
3611 2650 3768 2700 κατορ·

2241 2730 2406 2783 θώσει
2444 2729 2582 2800 πρὸς
2619 2730 2680 2782 τὸ
2721 2729 2931 2799 βέλτιον
2972 2727 3390 2798 μεταϐάλλεται.

587 2896 598 2908 κ
634 2852 972 2941 Quocumque
997 2871 1052 2911 se
1082 2858 1336 2920 uerterit,
1370 2855 1727 2927 prosperabit.
1758 2853 1905 2910 Bene
1938 2869 2137 2924 proce-

2313 2838 2397 2901 Οὗ
2430 2842 2482 2897 δ’
2510 2843 2588 2897 ἂν
2613 2842 2970 2911 ἐπιστρέψῃ,
3015 2841 3474 2909 εὐοδωθήσεται.
3512 2838 3771 2907 Εὐθυπορή-

559 2931 652 3000 det
680 2946 806 3001 talis
837 2946 1136 3014 institutio,
1167 2949 1252 3003 vel
1290 2949 1344 3003 in
1377 2948 1625 3004 adversis
1661 2964 1676 3001 :
1710 2946 1960 3002 insinuat
2009 2946 2129 3015 qui-

2241 2953 2323 2990 σει
2369 2934 2426 2988 δέ
2476 2935 2510 3005 ἡ
2558 2933 2784 3002 τοιαύτη
2820 2934 3102 2997 παίδευσις
3130 2935 3224 2987 καὶ
3262 2935 3320 2987 ἐν
3374 2935 3486 2996 τοῖς
3515 2931 3767 2991 ἐναντίοις,

561 3036 685 3090 dem
713 3036 769 3091 in
799 3039 1109 3105 alacritate,
1146 3040 1516 3111 jucundorum
1551 3039 1984 3095 moderationem
2013 3055 2028 3103 ;
2081 3037 2131 3092 in

2238 3021 2545 3093 ἐμποιοῦσα
2584 3022 2679 3073 ἐπὶ
2713 3020 2812 3089 μὲν
2842 3023 2964 3082 ταῖς
3005 3021 3294 3090 εὐθυμίαις
3315 3061 3329 3084 ,
3367 3019 3670 3090 ἐγκράτειαν
3691 3016 3770 3067 τῶν

562 3126 858 3183 afﬂictione
881 3139 1084 3192 autem,
1116 3108 1476 3186 inolestorum
1512 3131 1884 3186 tolerantiam.

2235 3115 2438 3187 ἡδέωνο
2472 3114 2563 3166 ἐπὶ
2595 3113 2650 3166 δὲ
2681 3113 2803 3175 ταῖς
2832 3111 3186 3182 δυσθυμίαις,
3209 3111 3489 3181 ὑπομονὴν
3514 3111 3613 3163 τῶν
3633 3108 3773 3176 ἀλγει-

2171 3233 2214 3290 c
2249 3211 2375 3266 νῶν.

634 3318 797 3376 Vnus.
830 3319 883 3374 9.
912 3322 1018 3388 Qui
1047 3322 1184 3377 celat
1212 3323 1429 3388 delicta,
1454 3324 1646 3392 quaerit
1676 3323 1989 3378 amicitiam.
2025 3322 2133 3390 Qui

2311 3325 2376 3379 θ’.
2424 3326 2523 3389 Ὃς
2574 3324 2824 3392 κρύπτει
2868 3321 3236 3388 ἀδικήματα,
3291 3317 3451 3386 ζητεί
3496 3318 3699 3388 φιλίαν.
3733 3313 3772 3365 '0

560 3409 814 3464 scandala
837 3410 906 3465 ab
933 3411 1058 3467 aliis
1085 3412 1189 3468 sibi
1215 3411 1342 3467 data
1371 3413 1686 3468 dissimulat
1710 3453 1726 3478 ,
1755 3427 1878 3468 cum
1904 3413 1983 3469 eis
2000 3414 2130 3467 ami-

2239 3415 2500 3486 παρορῶν
2543 3414 2610 3468 τὰ
2647 3415 2776 3484 παρ’
2799 3413 3004 3484 ἐτέρων
3045 3415 3125 3475 εἰς
3166 3412 3331 3464 αὑτὸν
3361 3411 3613 3480 γινόμενα
3645 3405 3772 3460 σκάν-

559 3500 745 3555 citiam
777 3509 997 3557 nectere
1031 3505 1202 3573 cupit.

2237 3505 2393 3570 δαλα,
2422 3505 2582 3558 ποθεί
2606 3505 2668 3558 τὸ
2698 3503 3082 3574 συμφιλιάζειν
3110 3503 3323 3565 αὐτοῖς.

630 3610 737 3674 Qui
782 3620 958 3665 autem
988 3628 1022 3665 a
1060 3613 1279 3667 celanda
1302 3614 1568 3679 abhorret,
1600 3615 1804 3670 amicos
1835 3623 1886 3669 et
1917 3615 2136 3682 propin-

2314 3617 2419 3681 Ὃς
2447 3615 2517 3667 δὲ
2547 3613 2718 3681 μισεῖ
2735 3615 3041 3681 κρύπτειν,
3069 3612 3341 3680 διίστησι
3372 3614 3587 3681 φίλους
3612 3609 3693 3663 καί
3711 3607 3769 3660 oi-

558 3717 688 3769 quos
732 3700 944 3756 dividit.
993 3702 1098 3768 Qui
1143 3714 1327 3760 autem
1381 3721 1412 3760 a
1457 3705 1668 3762 talibus
1708 3705 2128 3762 dissimulandis

2239 3709 2463 3772 κείους.
2497 3709 2594 3770 Ὃς
2625 3707 2672 3759 δ’
2695 3706 3100 3777 ἀποστρέφεται
3127 3704 3190 3757 τὸ
3215 3703 3655 3775 παραϐλέπεσθαι
3678 3698 3771 3751 ταῦ-

559 3791 845 3860 ubhorret,
895 3793 1099 3848 alienat
1143 3804 1198 3849 et
1246 3795 1536 3865 diligentes
1586 3811 1647 3851 se
1693 3803 1748 3850 et
1782 3795 1888 3851 sibi
1937 3811 2129 3866 genere

2237 3813 2328 3858 τα,
2361 3795 2639 3866 ἐχθραίνει
2689 3794 2818 3858 τούς
2863 3812 2925 3847 τε
2973 3792 3260 3866 φιλοῦντας
3290 3795 3479 3856 αὑτὸν,
3510 3794 3599 3848 καὶ
3623 3790 3771 3849 αὐτοὺς

558 3883 896 3952 propinquos
931 3901 945 3937 :
985 3898 1115 3938 nam
1157 3885 1403 3941 vicissim
1442 3883 1994 3954 factajudicantibus
2027 3885 2128 3940 im-

2237 3888 2364 3951 τοὺς
2393 3887 2537 3941 κατὰ
2565 3887 2721 3955 γένος
2747 3886 3272 3956 προσῳκειωμένους
3321 3885 3506 3957 αὐτῷ·
3553 3885 3657 3944 τοῖς
3694 3880 3773 3946 γὰρ

561 3975 825 4045 possibile
845 3984 928 4031 est
962 3991 1072 4030 non
1105 3977 1338 4032 inveniri
1365 3977 1652 4033 “scandala.

2241 3979 2590 4048 ἀνακρίνουσι
2621 3977 2690 4031 τὰ
2725 3977 2996 4047 ἀλλήλων,
3027 3975 3290 4030 ἀδύνατον
3339 3975 3422 4047 μὴ
3472 3969 3771 4044 εὑρίσκεσθαι

2241 4071 2536 4124 σκάνδαλα.

625 4175 790 4232 Vitas.
820 4177 908 4233 10.
942 4177 1236 4233 Conterunt
1257 4179 1414 4233 mina:
1435 4194 1528 4233 cor
1557 4179 1856 4247 prudentis.
1897 4177 2140 4234 Protcrit

2214 4249 2218 4254 ,
2310 4189 2361 4237 ι’.
2405 4184 2711 4250 Συντρίϐει
2733 4180 2952 4248 ἀπειλὴ
2977 4177 3232 4247 καρδίαν
3254 4177 3572 4247 φρονίμου.
3609 4169 3773 4238 Συνθλᾷ

556 4276 610 4322 et
634 4269 703 4323 ab
734 4268 1094 4324 inclinatione
1137 4271 1192 4324 in
1233 4254 1437 4325 malum
1486 4271 1685 4325 avertit
1712 4270 2001 4340 prudentis
2021 4270 2126 4324 ani-

2239 4276 2336 4330 καὶ
2361 4275 2464 4344 τῆς
2500 4275 2634 4346 πρὸς
2669 4274 2731 4326 τὸ
2759 4273 2928 4326 κακὸν
2953 4271 3132 4342 ὁρμῆς
3164 4267 3490 4323 ἀναστέλλει
3515 4266 3608 4336 τὴν
3637 4261 3774 4331 ψυχὴν

556 4376 704 4416 mam
749 4360 924 4416 solum
975 4362 1139 4417 etiam
1189 4365 1419 4418 verbum
1463 4362 1914 4418 comminativum
1965 4362 2126 4419 :talis

2238 4365 2332 4418 τοῦ
2363 4365 2674 4436 ἐχέφρονος,
2703 4363 2798 4419 καὶ
2841 4364 3000 4435 μόνος
3040 4361 3403 4431 άπειλητικδς
3452 4359 3632 4426 λόγος·
3675 4368 3772 4422 προ·

554 4449 704 4504 enim
749 4453 834 4505 vir
881 4450 1070 4522 fugere
1115 4454 1257 4524 mala
1306 4454 1591 4523 praevenit,
1637 4461 1932 4522 antequam
1974 4469 2037 4509 ea
2066 4455 2124 4510 sit

2240 4457 2432 4527 φθάνει
2458 4458 2569 4526 γὰρ
2606 4456 2634 4507 δ
2679 4456 2921 4519 τοιοῦτος
2949 4455 3090 4526 ἀνὴρ
3123 4453 3221 4523 τὴν
3259 4451 3371 4506 τῶν
3405 4450 3592 4506 κακῶν
3617 4446 3769 4516 φυγὴν.

553 4548 840 4610 expertus.

2165 4559 2211 4613 ι)
2239 4551 2346 4622 πρὸ
2375 4551 2474 4620 τῆς
2506 4549 2706 4621 πείρας
2743 4548 2966 4602 αὐτῶν.’

627 4650 939 4720 Imprudens
970 4665 1147 4709 autem
1173 4654 1498 4724 ﬂagellatus,
1536 4671 1640 4708 non
1683 4654 1977 4710 erudietur.
2029 4657 2136 4708 lm-

2313 4663 2554 4730 ’Ἄφρων
2592 4659 2661 4712 δὲ
2700 4659 3114 4729 μαστιγωθεὶς,
3141 4660 3254 4714 οὐκ
3284 4651 3708 4712 olearii-atauo
3730 4647 3768 4699 δὲ

555 4743 798 4812 prudens
831 4751 1039 4809 autem,
1089 4745 1254 4800 etiam
1291 4757 1413 4814 post
1457 4745 1646 4816 plagas
1696 4755 1918 4816 propter
1961 4746 2125 4815 ipsius

2237 4751 2486 4821 ἀνόητος,
2517 4751 2613 4804 καὶ
2642 4749 2778 4820 μετὰ
2807 4749 2906 4812 τὰς
2934 4749 3381 4819 ἐπενηνεγμένας
3413 4745 3564 4814 αὐτῷ
3587 4738 3755 4810 πληγὰς

555 4831 756 4886 delicta
798 4833 904 4888 sibi
939 4832 1199 4899 inﬂictas,
1242 4850 1414 4902 quare
1441 4835 1808 4890 tentationum
1851 4836 2125 4896 incursus.

2235 4843 2348 4896 τῶν
2380 4842 2932 4912 πεπλημμελημένων
2966 4841 3116 4912 αὑτῷ
3161 4841 3368 4904 ἕνεκεν,
3417 4840 3518 4892 οῦκ
3561 4830 3765 4901 ἐπιγινὼ·

556 4923 924 4994 permissioue
964 4925 1174 4990 divina,
1213 4926 1318 4980 sibi
1345 4925 1676 4992 inferantur,
1707 4943 1814 4980 non
1849 4927 2126 4997 agnoscit;

2239 4950 2358 4986 σκει
2399 4935 2543 4995 τίνος
2587 4933 2749 5002 χάριν
2777 4933 2832 4984 αἱ
2861 4931 2970 4985 τῶν
3001 4931 3329 5002 πειρασμῶν
3358 4928 3652 4998 ἐπιφοραὶ,
3677 4935 3769 4985 συγ·

554 5013 865 5085 exindeqne
897 5014 1061 5068 vitam
1093 5029 1250 5069 suam
1282 5029 1391 5069 non
1424 5013 1714 5070 reformat.

2239 5025 2479 5094 χωρήσει
2523 5023 2668 5094 θείᾳ,
2698 5023 2874 5092 τούτῳ
2905 5022 3202 5091 ἐπάγονται
3226 5038 3239 5051 ο
3288 5019 3591 5075 κάντεῦθεν
3619 5016 3697 5067 τὸν
3719 5012 3769 5062 οἱ·

2240 5116 2383 5167 κείον
2413 5113 2526 5184 βίον
2558 5115 2620 5166 οὐ
2651 5112 2880 5184 διορθοῖ.

632 5221 796 5278 νειιε.
856 5222 943 5277 Η.
989 5221 1390 5278 Controversias
1433 5222 1658 5277 suscitat
1701 5223 1872 5277 omnis
1939 5222 2134 5276 malus.

2313 5223 2402 5277 ια’.
2439 5222 2811 5290 Ἀντιλογίσς
2861 5222 3071 5292 ἐγείρει
3115 5219 3236 5285 πᾶς
3271 5220 3481 5284 κακός.
3525 5210 3770 5273 Ἀντιλὲγει

557 5310 907 5366 Contradicit
951 5311 1044 5368 Dei
1093 5313 1369 5368 mandatis
1413 5314 1599 5368 omnis
1629 5313 1848 5382 quisibi
1877 5314 2127 5383 proponit

2239 5317 2357 5378 ταῖς
2376 5314 2470 5368 τοῦ
2491 5313 2626 5367 Θεοῦ
2657 5314 2921 5377 ἐντολαῖς,
2946 5315 3053 5376 πᾶς
3078 5311 3517 5383 προαιρούμενος
3535 5308 3594 5361 τὸ
3613 5301 3769 5359 κακὸν·

559 5402 785 5467 malum,
813 5418 1089 5462 excusans
1113 5407 1499 5461 excusationes
1528 5407 1582 5460 in
1621 5405 1884 5476 peccatis.

2243 5403 2710 5473 προφασιζόμενος
2741 5401 3041 5472 προφάσεις
3070 5402 3128 5454 ἐν
3161 5399 3485 5470 ἁμαρτίαις.

629 5533 887 5589 Dominus
906 5549 1081 5592 autem
1107 5537 1348 5608 angelum
1399 5539 1861 5593 immisericordem
1898 5539 2144 5591 immittet

2329 5537 2390 5589 '0
2437 5536 2505 5589 δὲ
2545 5537 2757 5603 Κύριος
2807 5535 3064 5606 ἄγγελον
3108 5531 3491 5600 ἀνελεήμονα
3531 5523 3774 5592 ἐκπέμφεί

556 5628 626 5682 ei.
672 5625 1035 5698 Omnipotens
1100 5640 1285 5685 autem
1347 5633 1491 5686 Deus
1533 5631 1781 5685 ultricem
1839 5631 2126 5699 potentian

2244 5627 2424 5698 αὐτῷ.
2468 5628 2524 5681 Ὁ
2549 5628 2605 5680 δὲ
2632 5627 2724 5680 τοῦ
2747 5626 2947 5688 παντὸς
2968 5626 3242 5694 Δεσπότης
3266 5623 3420 5686 Θεὸς,
3443 5611 3773 5689 τιμωρητικῆν

561 5719 824 5774 adversus
862 5735 985 5774 eum
1041 5721 1324 5784 immittet,
1376 5739 1496 5792 qum
1546 5724 1750 5790 justam
1793 5723 1969 5793 ipsius
2006 5722 2131 5774 iram

2246 5721 2474 5788 δύναμιν
2535 5719 2882 5784 ἑξαποστελεῖ
2932 5718 3022 5768 ἐπ’
3069 5715 3230 5769 αὑτὸν
3262 5755 3276 5774 ,
3335 5708 3774 5780 καταγγέλλουσαν

559 5817 752 5865 eontra
793 5809 943 5863 illum
981 5812 1028 5865 ci
1083 5811 1372 5867 dcmmtict
1430 5813 1534 5880 Qui
1575 5815 1720 5869 enim
1769 5817 1832 5870 ad
1884 5813 2129 5869 mandat:

2249 5811 2419 5863 τούτω
2443 5811 2539 5878 τὴν
2567 5812 2682 5862 κατ’
2718 5810 2879 5864 αὑτοῦ
2917 5807 3130 5862 δικαίαν
3159 5806 3344 5860 τούτου
3377 5805 3569 5876 ὀργήν.
3613 5800 3664 5850 ’ὕ
3694 5793 3772 5860 γὰρ
