3976 6420
240 384 373 453 1397

1284 372 1818 435 COMMENTARI]
1862 373 1939 432 HV
1985 368 2440 434 PRUVERBIA.

3369 374 3517 436 1318‘

234 497 481 577 ματαίως
502 466 944 567 προϐαλλόμενος
971 486 1274 559 προφάσεις
1296 525 1312 551 ,
1345 487 1426 577 είς
1444 486 1506 541 τὸ
1538 485 1625 577 μὴν
1645 487 1812 577 ποιεῖν

1934 481 2023 538 Dei
2050 498 2158 538 non
2194 479 2591 553 adimplenda,‘
2628 479 2835 536 frustra
2859 480 3253 537 excusationes
3280 482 3502 554 allegat,

233 574 301 647 ita
332 584 638 641 Δεσποτικὰ
687 578 1114 651 προστάγματα,
1152 576 1512 648 παροργίζων
1541 575 1709 641 Θεὸν,
1737 574 1817 631 δι-

233 681 399 743 καίως
429 673 537 728 τῶν
563 675 694 745 παρ’
721 668 887 726 αὐτοῦ
922 669 1181 742 πειρᾶται
1209 668 1457 740 πληγῶν.

304 768 391 841 ιβ’.
434 764 806 837 Ἐμπεσεῒται
818 763 1076 835 μέριμνα
1094 761 1270 831 ἀνδρί
1289 761 1563 832 νοήμονι.
1581 757 1814 829 Ἐπέλθῃ

233 860 432 936 μελέτη
479 856 736 929 διηνεκὴς
783 854 1005 910 πάντων
1030 854 1139 907 τῶν
1169 852 1380 907 ἐκεῖθεν
1420 850 1811 922 δικαστηρίων,

230 951 502 1026 ἀνθρώπῳ
528 949 787 1019 νουνεχεζ
821 948 1052 1011 καὶτοῖς
1070 945 1430 1017 προσκαίροις
1457 943 1549 997 τὸν
1578 942 1705 997 νοῦν
1739 942 1816 1013 μὴ

230 1038 780 1114 αὶχμαλωτιζομένῳ.

308 1132 373 1186 Οἱ
402 1128 470 1182 δὲ
501 1128 763 1197 ἄφρονες
787 1123 1236 1192 διαλοτιοῦνται
1292 1117 1469 1174 κακά.
1527 1118 1592 1173 Οἱ
1636 1117 1695 1171 δέ
1738 1116 1816 1189 μὴ

230 1219 621 1296 περιφέροντες
670 1216 804 1271 Θεὸν
838 1216 897 1269 ἐν
928 1214 1129 1286 καρδίᾳ
1148 1249 1172 1284 ,
1200 1209 1588 1282 διαλογισμοὺς
1632 1208 1816 1276 ἕξουσι

230 1313 523 1386 πονηροὺς,
549 1311 626 1374 ὡς
661 1310 844 1382 μόνοις
873 1306 1265 1378 προσκείμενοι
1293 1304 1408 1368 τοῖς
1439 1302 1723 1374 φθαρτοῖς.

299 1408 385 1472 ιγ’.
414 1401 523 1466 ⁸ος
551 1397 853 1455 ἀποδώσει
889 1395 1047 1450 κακὰ
1072 1395 1208 1451 ἀντὶ
1238 1392 1499 1464 ἀγαθῶν,
1536 1394 1610 1448 οὐ
1644 1407 1817 1458 κινη-

226 1495 477 1565 θήσεται
502 1491 659 1545 κακὰ
681 1490 751 1544 ἐκ
775 1487 884 1543 τοῦ
910 1488 1083 1542 οἴκου
1102 1485 1314 1541 αὐτοῦ.
1356 1483 1817 1556 Νεκρωθήσονται

226 1588 317 1644 καὶ
340 1581 753 1639 ἁτίοὸαλοῦνται
779 1580 878 1652 τὴν
908 1579 1144 1648 κίνησιν,
1179 1576 1252 1630 τὰ
1276 1574 1427 1647 πάθη
1465 1575 1565 1645 τῆς
1613 1574 1815 1646 σαρκὸς

223 1679 315 1733 τοῦ
363 1674 580 1747 ταύτην
631 1673 1048 1738 ὐπωπιάζοντος
1094 1670 1190 1724 καὶ
1240 1669 1552 1733 θλίϐοντος,
1598 1667 1717 1722 ἀνθ’
1741 1659 1818 1719 ὧν

224 1770 393 1826 ταῦτα
452 1767 736 1840 ἐπεγείρει
785 1764 937 1837 αὐτῷ
988 1762 1268 1836 σαρκικῶν
1313 1758 1660 1833 ἡδυπαθειῶν
1689 1776 1701 1790 ’
1760 1758 1818 1811 αϊ

1923 575 2151 633 irritans
2182 575 2359 633 tleum
2390 575 2460 630 ab
2492 575 2613 647 ipso
2635 573 2787 645 juste
2819 573 2994 647 plagis
3023 582 3269 630 tentatur

1987 756 2154 812 Vens.
2175 757 2259 812 12.
2298 755 2420 812 Viro
2447 757 2692 826 prudenti
2715 756 3013 813 incumbant
3041 772 3205 813 curas.
3233 755 3504 813 Continua

1917 858 2247 904 cunctarum
2301 848 2638 918 iudiciorum
2678 851 2916 920 desuper
2968 865 3102 906 cura
3138 851 3358 907 devenit
3387 851 3506 907 viro

1920 940 2183 1011 prudenti
2209 941 2303 1010 qui
2336 955 2496 996 suam
2532 951 2774 996 mentem
2807 940 2972 997 rebus
3002 941 3373 1012 praesentibus
3389 956 3506 997 scr»

1918 1032 2104 1087 viliter
2138 1032 2381 1087 additam
2404 1048 2514 1088 non
2546 1040 2720 1089 tenet.

1991 1125 2315 1196 Insipientes
2344 1136 2521 1183 autem
2568 1128 2709 1182 male
2748 1128 3151 1199 colloquuntur.
3187 1127 3291 1195 Qui
3321 1137 3505 1184 autem

1919 1218 1976 1272 in
2008 1218 2176 1283 corde
2202 1234 2315 1275 non
2342 1219 2528 1276 ferunt
2554 1221 2722 1276 Deum
2753 1222 3030 1292 colloquia
3067 1222 3349 1278 habebunt
3380 1238 3505 1293 per-

1916 1324 2104 1375 versa,
2131 1322 2396 1380 tanquam
2437 1311 2548 1367 soli
2590 1312 2951 1380 subiacentes
2976 1316 3325 1385 corruptelae.

1988 1400 2158 1459 Vnus.
2212 1403 2303 1458 15.
2347 1402 2453 1469 Qui
2501 1419 2599 1471 pro
2639 1405 2789 1459 bonis
2840 1406 2984 1460 mala
3035 1406 3236 1473 reddet,
3262 1408 3408 1462 illius
3439 1422 3510 1460 ea:

1918 1492 2077 1548 domo
2117 1493 2264 1549 mala
2293 1511 2397 1549 non
2424 1494 2668 1550 exibunt.
2702 1495 3181 1552 Mortiﬁcabuntur
3200 1499 3506 1554 destituen-

1920 1595 2123 1654 turque
2154 1591 2306 1639 motu
2339 1584 2529 1641 carnis
2551 1585 2843 1654 passiones
2879 1585 2936 1640 in
2968 1600 3035 1640 eo
3065 1587 3158 1657 qui
3193 1587 3334 1642 lianc
3368 1588 3506 1642 atlli-

1920 1677 2006 1748 git
2051 1692 2117 1732 ac
2158 1678 2373 1733 cruciat
2417 1692 2519 1747 pro
2552 1678 2871 1734 carnalibus
2910 1679 2981 1735 ab
3010 1679 3135 1736 istis
3165 1672 3269 1734 sibi
3299 1695 3504 1751 suppe-

1920 1764 2113 1820 ditatis
2142 1765 2546 1835 voluptatibus,
2572 1781 2697 1837 quae
2719 1781 2750 1821 a
2779 1768 2975 1823 multis
3003 1777 3276 1824 vocantur
3305 1770 3462 1825 bona:
3487 1789 3503 1826 :

225 1865 333 1926 τοῖς
367 1827 588 1923 πολλοῖς
610 1827 923 1929 νομίζονται
952 1827 1177 1924 ἀγαθαί.
1195 1853 1260 1908 Ἥ
1283 1827 1392 1923 γάρ
1421 1849 1560 1922 σὰρξ
1585 1850 1812 1922 οἰκητή-

1934 1871 2062 1911 caro
2094 1857 2239 1912 enim
2267 1857 2642 1913 habitaculum
2689 1866 2778 1915 est
2816 1859 3035 1922 animae,
3058 1875 3158 1929 per
3191 1876 3382 1929 quam,
3418 1870 3506 1935 ut-

227 1955 339 2027 ριόν
362 1953 484 2005 ἐστι
514 1952 615 2021 τῆς
642 1949 854 2021 ψυχῆς·
889 1948 956 2001 δι’
991 1947 1060 2018 ἣν
1105 1946 1181 2011 ὼς
1221 1944 1449 2015 λογικήν
1482 1958 1545 1996 τε
1579 1942 1674 1995 καὶ
1703 1958 1814 1996 νοε-

228 2044 345 2115 ρὰν,
372 2041 668 2112 ἄνθρωπος
695 2040 790 2093 καὶ
816 2037 932 2091 ἔστι
962 2038 1058 2090 καὶ
1084 2036 1304 2105 λέγεται
1329 2032 1489 2105 ήμῶν
1522 2033 1777 2095 ἕκαστος.

293 2135 374 2189 ιδ’.
411 2131 739 2197 Ἰξξουσίαν
781 2129 993 2183 δίδωσι
1039 2129 1267 2198 λόγοις,
1303 2123 1462 2195 ἀρχὴ
1501 2122 1810 2178 δικαιοσύ-

222 2240 365 2293 νηςο
400 2222 749 2293 προηγεῖται
784 2220 854 2275 δὲ
886 2219 998 2289 τῆς
1030 2210 1291 2285 ἐνδείας,
1314 2215 1535 2283 στάσις
1565 2214 1669 2270 καὶ
1699 2213 1812 2285 μά-

222 2339 318 2391 χη.
360 2316 709 2388 Ἐλευθερίαν
740 2316 973 2385 παρέχει
1001 2315 1118 2376 τοῖς
1145 2312 1346 2381 λόγοις,
1386 2311 1470 2373 είς
1508 2308 1570 2362 τὸ
1613 2309 1812 2378 ἀπερι-

223 2413 519 2477 καλύπτως
544 2409 908 2480 ἀπαγγέλλειν
934 2407 997 2460 τὸ
1017 2404 1241 2478 ἀληθὲς,
1257 2404 1319 2458 τὸ
1342 2405 1409 2457 ἐκ
1431 2403 1531 2472 τῆς
1553 2401 1809 2474 ἐναρέτου

222 2506 500 2566 πολιτείας
522 2503 667 2559 κατά
694 2503 802 2557 τῶν
832 2499 1023 2556 παθῶν
1051 2498 1255 2571 κράτος
1274 2513 1289 2527 ο
1326 2497 1519 2550 ἐπεται
1540 2494 1598 2548 δὲ
1620 2495 1684 2564 τῇ
1710 2492 1810 2563 τῆς

224 2601 423 2672 σαρκὸς
452 2600 594 2669 πρδς
617 2598 677 2651 τὸ
708 2594 948 2666 πνεῦμα,
975 2593 1071 2646 καί⁷
1096 2590 1193 2645 τοῦ
1217 2589 1337 2660 βίου
1366 2587 1504 2661 πρὸς
1532 2587 1625 2640 τὸν
1650 2586 1809 2654 λόγον

222 2690 708 2752 ἁντικαταστάσει,
739 2689 774 2758 ἡ
806 2684 958 2756 παρὰ
991 2683 1156 2755 μέρος
1189 2682 1290 2751 τῆς
1330 2678 1591 2750 ἀληθείας
1638 2676 1809 2731 ἐλλει-

219 2785 343 2853 ψιςο
373 2785 509 2838 ὅταν
538 2781 648 2852 γὰρ
704 2780 780 2850 μὴ
823 2775 901 2848 τῷ
951 2776 1098 2846 λόγῳ
1155 2776 1185 2827 ὁ
1241 2772 1355 2844 βίος
1400 2772 1804 2843 ωμμαρτυρῇν

224 2877 435 2948 ἀνάγκη
480 2873 742 2945 χωλεύειν
771 2867 1008 2924 ἐνταῦθα
1039 2869 1140 2939 τὴν
1169 2866 1449 2936 ἀλήθειαν.

291 2966 375 3023 ιε’.
409 2968 520 3033 Ὃς
561 2964 798 3019 δίκαιον
843 2962 1032 3030 κρίνει
1076 2959 1184 3014 τὸν
1223 2958 1454 3025 ἄδικον,
1488 2958 1701 3013 ἄδικον
1740 2958 1811 3012 δὲ

220 3056 328 3110 τὸν
351 3056 614 3120 δίκαιον,
635 3052 970 3122 ἀκάθαρτος
994 3051 1091 3107 καὶ
1119 3049 1464 3117 βδελυκτός
1483 3051 1642 3120 παρὰ
1663 3049 1806 3116 Θεῷ.

1920 1954 2046 2016 pote
2071 1949 2396 2006 rationalem
2425 1958 2479 2005 et
2508 1950 2926 2021 intelligentem,
2952 1952 3335 2023 unusquisque
3400 1969 3503 2010 no-

1921 2050 2098 2097 strum
2133 2054 2188 2099 et
2223 2054 2308 2100 est
2337 2052 2392 2099 et
2420 2043 2626 2100 dicitur
2644 2042 2832 2099 homo.
3312 2100 3315 2103 ,

1997 2136 2167 2190 Vens.
2204 2133 2292 2188 Η».
2330 2133 2655 2189 Potestatem
2682 2140 2905 2203 prwstat
2956 2135 3285 2189 sermonibus
3322 2144 3505 2189 aucto-

1918 2233 2053 2286 ritas
2077 2230 2291 2285 virtutis
2314 2228 2605 2296 ,‘prtecedit
2635 2235 2813 2281 autem
2829 2226 3092 2296 defectum
3112 2227 3299 2281 seditio
3329 2236 3379 2282 et
3408 2244 3508 2295 pu-

1927 2339 2054 2394 gna.
2082 2320 2418 2376 Libertatem
2457 2319 2662 2387 praebet
2682 2318 3069 2385 sermonibus,
3105 2318 3175 2373 ad
3200 2328 3389 2388 aperte
3413 2336 3505 2374 vc-

1923 2429 2047 2470 rum
2087 2411 2557 2476 annuntiandum,
2585 2425 2710 2481 qua:
2741 2426 2807 2466 ex
2833 2410 2960 2465 vita:
2983 2411 3281 2466 virtutibus
3310 2421 3524 2467 contrai-

1919 2506 2209 2577 passiones
2253 2504 2434 2559 oritur
2471 2510 2740 2573 potestas.
2779 2501 3047 2572 Sequitur
3090 2510 3275 2557 autem
3313 2505 3503 2560 carnis

1920 2597 2188 2652 adversus
2208 2595 2467 2666 spiritum
2496 2602 2552 2648 et
2578 2593 2707 2649 vita:
2742 2601 2938 2649 contra
2970 2594 3239 2650 rationem
3270 2595 3500 2660 luctum,

1922 2704 1950 2740 a
1981 2686 2230 2742 veritatis
2258 2694 2416 2755 parte
2436 2683 2680 2759 defectio
2714 2702 2728 2738 :
2765 2700 2891 2739 cum
2927 2686 3073 2757 enim
3103 2686 3301 2740 rationi
3345 2686 3502 2740 testi-

1918 2779 2165 2835 monium
2202 2778 2314 2833 vita
2363 2792 2473 2832 non
2514 2775 2713 2841 reddit,
2737 2775 2936 2831 exinde
2969 2776 3255 2832 veritatem
3288 2779 3500 2832 claudi—

1915 2888 2044 2928 care
2090 2887 2321 2929 necesse
2360 2880 2469 2928 881..

1990 2965 2157 3022 Vnus.
2188 2966 2275 3021 15.
2309 2965 2415 3031 Qui
2445 2963 2706 3034 injustam
2725 2962 2937 3033 judicat
2957 2964 3180 3031 iustum,
3197 2963 3501 3033 iustumque

1915 3060 2201 3130 injustum,
2221 3059 2475 3114 scelestus
2522 3066 2572 3112 et
2604 3056 2981 3111 abominabilis
3021 3068 3144 3111 ante
3177 3057 3366 3112 Deum.
3395 3059 3497 3124 Qui

225 3149 323 3210 Ὃς
353 3146 567 3220 νομίζει
592 3146 684 3200 τὸν
713 3147 813 3217 μὲν
844 3143 1257 3218 παραϐαίνοντα
1277 3144 1378 3207 τὰς
1409 3142 1559 3207 θείας
1589 3143 1809 3209 ἐντολὰς

1934 3152 2107 3206 livina
2150 3150 2413 3205 mandata
2458 3149 2955 3220 transgredientem
2990 3158 3152 3204 vocat
3190 3149 3394 3204 bonum
3431 3153 3500 3204 ad

221 3237 452 3305 ἀγαθὸν,
483 3238 560 3302 ὡς
588 3237 872 3308 ἀπατῆσαι
922 3237 1019 3290 καὶ
1075 3235 1279 3307 βλάψαι
1313 3236 1568 3306 ἰσχυρόνο
1620 3235 1713 3289 τὸν
1757 3236 1812 3289 δὲ

1934 3240 2303 3312 iecipiendam
2379 3237 2904 3308 impediendamque
2980 3246 3353 3307 potestatem;
3409 3239 3539 3292 illa”

220 3329 428 3394 ταύτας
457 3328 730 3401 τηροῦντα
749 3369 765 3394 ,
813 3329 986 3382 κακὸν
1013 3327 1090 3391 ὡς
1124 3328 1465 3395 ἀνεξικάκως
1501 3327 1572 3381 τὰ
1602 3328 1822 3399 λυπηρὰ

223 3420 488 3491 φέροντα,
524 3420 622 3475 καὶ
650 3420 729 3490 τῷ
758 3420 1020 3487 ἐπάγοντι
1067 3419 1218 3490 αὐτῷ
1246 3418 1423 3474 ταῦτα
1471 3419 1550 3490 μὴ
1602 3420 1821 3473 ἀντιπί-

223 3528 454 3576 πτοντα,
489 3512 747 3584 ἐμπαθὴς
792 3513 941 3565 ἐστιν
990 3514 1020 3565 ὁ
1068 3510 1337 3574 τοιοῦτος’
1378 3512 1473 3565 καὶ
1519 3511 1608 3565 διὰ
1660 3510 1822 3565 τοῦτο

225 3604 380 3675 παρὰ
398 3605 520 3675 Θεῷ
536 3604 616 3677 τῷ
633 3603 857 3669 ἀπαθεῖ,
881 3603 1132 3675 μισητός.
1156 3623 1174 3656 ι
1195 3603 1336 3658 Οὐαὶ
1348 3603 1457 3676 γὰρ
1471 3606 1583 3668 τοῖς
1594 3604 1820 3675 λέγουσι

224 3695 286 3750 ab
317 3698 561 3769 πονηρὸν
587 3695 770 3763 καλὸν,
797 3697 892 3750 καὶ
920 3696 982 3749 τὸ
1010 3696 1175 3751 καλὸν
1205 3697 1464 3768 πονηρόν.
1498 3716 1517 3748 ι

295 3817 397 3876 ις’.
435 3812 560 3867 Ἵνα
579 3811 637 3865 τί
655 3810 892 3879 ὑπῆρξε
906 3809 1185 3880 χρήματα
1204 3809 1459 3880 ἅφρονι;
1479 3809 1819 3878 κτήσασθαι

225 3901 336 3970 τὰρ
365 3903 594 3971 σοφίαν
634 3900 921 3970 ἀκάρδιος
966 3901 1040 3955 οὐ
1086 3895 1437 3970 δυνήσεταιζ
1478 3901 1576 3965 Τίς
1603 3903 1639 3973 η
1670 3902 1819 3955 αίτία

224 3989 320 4043 τοῦ
350 3989 660 4062 κτήσασθαι
692 3990 945 4055 πλοῦτον,
999 3991 1092 4044 τὸν
1129 3990 1206 4061 μὴ
1244 3992 1302 4043 ἐν
1335 3991 1532 4063 καρδίᾳ
1559 3991 1694 4046 Θεὸν
1723 4009 1820 4045 πε-

225 4082 558 4153 ριφέροντα;
605 4082 824 4155 Ἐπειδὴ
848 4083 923 4154 μὴ
945 4079 1057 4136 οἶδε
1088 4077 1271 4147 καλῶς
1306 4082 1457 4155 αὒτῷ
1486 4085 1815 4156 χρήσασθαι.

234 4171 294 4224 Ὁ
315 4174 431 4246 γὰρ
467 4174 704 4228 ἐνταῦθα
731 4175 806 4246 μὴ
824 4174 1141 4247 περιφέρων
1171 4174 1335 4229 αὐτὸν
1354 4215 1370 4240 ,
1401 4175 1518 4244 φῶς
1545 4175 1677 4229 δντα
1703 4193 1820 4229 νοε-

225 4261 341 4330 ρὸν,
376 4268 528 4337 σχεῖν
573 4265 848 4336 διάκρισιν
896 4267 998 4338 τὴν
1044 4266 1363 4338 διαιροῦσαν
1409 4267 1472 4321 τὸ
1514 4270 1697 4339 χεῖρον
1722 4266 1818 4321 τοῦ

226 4357 541 4424 κρείττονος
574 4360 677 4413 οὐκ
709 4358 939 4430 ίσχύσει.

300 4470 410 4538 Ὃς
442 4472 691 4541 ὑψηλὸν
714 4471 874 4527 ποιεῖ
901 4472 1011 4527 τὸν
1034 4471 1254 4529 ἑαυτοῦ
1284 4469 1474 4539 οἷκον,
1493 4473 1654 4543 ζητεῖ
1670 4490 1818 4531 συν-

223 4561 467 4630 τριϐήν·
501 4566 535 4617 ὁ
573 4561 643 4616 δὲ
674 4559 1011 4623 σκολιάζων
1054 4562 1162 4617 τοῦ
1188 4562 1426 4634 μαθεῖν,
1471 4564 1818 4635 ἐμπεσεῖται

223 4652 312 4716 είς
348 4653 532 4710 κακά.
567 4656 664 4719 Ὃς
695 4653 824 4725 ὕψοϊ
849 4655 910 4707 τὸ
944 4653 1075 4708 ῐδιον
1121 4653 1343 4724 σκῆνος,
1375 4654 1457 4719 είς
1485 4655 1545 4709 τὸ
1578 4656 1680 4726 τῆς
1711 4656 1818 4727 ψυ-

224 4740 328 4809 χῆς
360 4743 823 4815 κατεπαίρεσθαι,
851 4742 1009 4797 ποθεῖ
1034 4742 1134 4815 τὴν
1160 4744 1297 4798 ἰδίαν
1329 4744 1636 4799 ἀπώλειαν·
1671 4748 1768 4801 καὶ
1788 4750 1818 4802 δ

223 4828 484 4887 ἐντεῦθεν
507 4832 595 4888 διὰ
616 4834 717 4906 τὴν
738 4833 843 4905 τῆς
868 4834 1190 4906 σωματικῆς
1213 4835 1818 4909 ἀλογίαςιέπικράτειαν

223 4917 656 4997 ἐμποδιζόμενος
683 4925 890 4993 γνῶναι
920 4927 984 4980 τὸ
1017 4925 1187 4992 δντως
1216 4927 1403 4993 καλὸν,
1435 4933 1817 5003 περιπεσεῖται

223 5012 336 5075 τοίς
367 5014 721 5086 φθοροποιοῖς
752 5016 1006 5072 πάθεσιν.

297 5124 386 5189 ιζ’.
429 5133 537 5196 Εἰς
558 5131 759 5186 πάντα
785 5131 996 5200 καιρὸν
1013 5133 1192 5203 φίλος
1216 5133 1533 5203 ὑπαρχέτω
1554 5150 1675 5192 σοι.
1696 5136 1816 5208 Θεῷ

224 5221 534 5293 προσφιλὴς
563 5222 704 5279 εἶναι
727 5223 995 5290 σπούδαζε
1015 5265 1031 5291 ,
1054 5223 1113 5288 ὃς
1135 5226 1313 5279 πάντα
1331 5226 1424 5280 τὸν
1444 5229 1637 5297 χρόνον
1660 5228 1815 5284 ἔσται

227 5318 311 5357 σοι
349 5309 591 5382 ἀρωγός,

312 5420 589 5498 Ἀδελφοί
615 5429 687 5482 ἐν
709 5428 1001 5497 ἀνάγκαις
1030 5430 1315 5501 χρήσιμοι
1337 5431 1619 5488 ἔστωσαν
1636 5453 1648 5466 υ
1673 5437 1814 5491 τού-

230 5522 337 5564 του
369 5515 483 5585 γὰρ
512 5519 691 5588 χάριν
719 5519 1063 5589 γεννῶνται.
1104 5524 1167 5576 ΟΞ
1200 5522 1257 5576 δὲ
1294 5524 1382 5577 διὰ
1418 5527 1512 5595 τὴν
1544 5528 1812 5602 ὁμοφυῒαν

231 5604 324 5694 ttat
347 5607 407 5662 τὸ
428 5610 488 5665 ἓν
515 5615 597 5678 είς
623 5614 714 5669 τὸν
735 5614 870 5669 Θεὸν
900 5615 1065 5680 σέϐας
1087 5616 1325 5686 ἀδελφοὶ,
1356 5617 1583 5688 θάτερος
1600 5620 1813 5694 θατέρῳ

233 5692 499 5765 βοηθείτω
529 5708 588 5762 ἐν
621 5707 1007 5776 περιστάσεσιο
1039 5708 1231 5762 τούτου
1279 5709 1387 5781 γὰρ
1435 5711 1622 5765 ἕνεκεν
1671 5692 1812 5768 κατά

229 5798 287 5837 τε
314 5789 410 5863 τὴν
437 5797 599 5867 φύσιν
624 5800 717 5855 καὶ
746 5801 846 5872 τὴν
878 5800 1038 5873 χάριν
1062 5801 1123 5856 τὸ
1151 5802 1412 5873 συγγενὲς
1446 5803 1659 5876 ἔχουσιν
1686 5820 1699 5837 '
1732 5807 1809 5859 ἶν’

1918 3346 2052 3385 vero
2084 3330 2513 3392 custodientem,
2564 3328 2769 3384 malum
2800 3367 2816 3392 ,
2867 3335 3053 3398 utpote
3094 3329 3365 3398 patienter
3389 3342 3515 3383 tuo--

1920 3424 2059 3478 lesta
2107 3422 2402 3486 ferentem,
2451 3429 2507 3476 et
2540 3419 2619 3474 illi
2661 3420 2757 3489 qui
2790 3420 3043 3490 congerit
3088 3420 3193 3474 ista
3235 3420 3340 3473 sibi
3392 3437 3502 3473 non

1921 3513 2294 3577 resistentem,
2332 3511 2460 3567 talis
2512 3511 2741 3565 libidine
2771 3526 2951 3566 caecus
2984 3520 3090 3576 est,
3119 3520 3173 3565 ct
3205 3510 3327 3563 ideo
3360 3513 3501 3579 apud

1920 3601 2090 3658 Deum
2112 3602 2207 3673 qui
2232 3601 2492 3673 passione
2508 3615 2617 3655 non
2642 3607 2895 3655 movetur
2926 3600 3169 3654 odiosus.
3197 3619 3215 3652 ι
3240 3599 3327 3653 Va.-
3355 3603 3521 3656 enim»

1919 3692 2173 3763 iniquum
2207 3692 2525 3749 dicentibus
2554 3692 2782 3757 bonum,
2819 3699 2873 3746 et
2896 3690 3099 3746 bonum
3130 3693 3353 3745 malum.
3392 3713 3408 3743 ι

1994 3803 2160 3860 VEns.
2184 3804 2273 3859 16.
2311 3802 2379 3858 Ut
2402 3804 2531 3874 quid
2563 3803 2882 3857 obvenerunt
2907 3804 3230 3872 imprudenti
3260 3806 3460 3860 divitiis
3484 3808 3513 3858 ἵν

1918 3898 2113 3952 Amans
2136 3898 2276 3951 enim
2314 3897 2636 3963 sapientiam
2658 3910 2972 3963 comparare
3006 3913 3108 3950 non
3131 3902 3341 3964 poterit.
3374 3897 3507 3963 Quae

1920 4003 2088 4045 causa
2141 3989 2363 4043 divitias
2404 3986 2727 4057 possidendi
2779 3986 2827 4041 ei
2884 3988 2980 4057 qui
3033 3988 3198 4043 Deum
3236 3989 3290 4041 in
3342 3990 3518 4043 corde

1921 4096 2027 4135 non
2053 4081 2270 4151 gestat?
2308 4079 2595 4150 Siquidem
2621 4081 2860 4136 eishcne
2900 4081 2977 4134 uti
3003 4080 3199 4134 nescit.
3232 4079 3335 4145 Qui
3359 4081 3504 4134 enim

1920 4164 2123 4227 ibidem
2147 4189 2259 4228 non
2282 4182 2460 4243 gestat
2494 4172 2671 4240 illum,
2711 4171 2806 4241 qui
2842 4171 3028 4226 lumen
3052 4180 3140 4227 est
3172 4172 3504 4242 prudentiae,

1915 4262 2183 4332 judicium
2230 4264 2373 4335 quod
2410 4263 2569 4337 pejus
2599 4279 2629 4318 a
2662 4264 2891 4319 meliore
2946 4263 3217 4319 discernit
3253 4264 3506 4318 obtineri:

1919 4372 2031 4413 non
2068 4357 2294 4429 poterit.

1997 4473 2106 4541 Qui
2135 4470 2305 4526 altam
2334 4471 2466 4541 facit
2498 4471 2712 4525 domum
2732 4469 3086 4541 suamqua’rit
3111 4470 3511 4533 contritionem:

1924 4574 1977 4621 et
2008 4566 2099 4633 qui
2121 4563 2190 4618 ad
2216 4561 2556 4631 disciplinam
2584 4577 2687 4616 non
2710 4570 2849 4615 recte
2880 4558 3045 4614 tendit
3076 4561 3132 4613 in
3161 4560 3303 4613 mala
3328 4560 3502 4616 cadet.

1919 4655 2027 4724 Qui
2056 4670 2221 4712 suum
2269 4654 2479 4709 exaltat
2515 4645 3059 4719 tabernaculum,‘ut
3094 4655 3341 4724 insurgat
3383 4655 3507 4708 ani—

1921 4762 2035 4810 ma,
2069 4759 2227 4802 suam
2273 4742 2553 4800 desiderat
2591 4743 2847 4811 ruinam;
2886 4753 2944 4800 et
2986 4744 3083 4817 qui
3119 4745 3342 4809 exinde,
3375 4761 3504 4800 car-

1919 4837 2031 4893 nali
2062 4837 2300 4892 amentia
2322 4835 2676 4907 pmvalente,
2708 4849 2741 4889 a
2774 4836 3163 4906 cognoscendo
3190 4852 3319 4893 vere
3357 4838 3515 4894 bono

1918 4930 2239 5003 impeditur,
2264 4928 2320 4985 in
2360 4929 2628 4985 exitiosae
2655 4931 2970 5000 passiones.
2990 4928 3217 4986 incidet.

1990 5138 2154 5194 Vsus.
2205 5137 2295 5193 i7.
2343 5135 2410 5192 In
2458 5152 2611 5192 omne
2660 5145 2861 5207 tempus
2900 5138 3108 5192 amicus
3141 5138 3209 5191 sit
3237 5138 3349 5192 tibi.
3391 5138 3502 5193 Deo

1915 5232 2151 5288 dilectus
2186 5246 2312 5287 esse
2352 5232 2546 5295 stude,
2610 5230 2703 5300 qui
2753 5231 2905 5284 omni
2948 5239 3197 5300 tempore
3242 5233 3359 5286 erit
3400 5232 3499 5287 tibi

1917 5324 2230 5380 auxiliator.

1991 5437 2216 5494 Fratres
2238 5442 2295 5493 in
2333 5437 2739 5494 necessitatibus
2778 5437 2941 5492 utiles
2967 5439 3074 5493 sint
3101 5454 3119 5492 :
3146 5439 3220 5493 ad
3230 5438 3337 5492 'Itoc
3359 5439 3499 5493 enim

1916 5530 2031 5583 nati
2053 5541 2197 5585 sunt.
2220 5531 2324 5596 Qui
2351 5531 2839 5601 consanguinitate
2859 5530 3165 5600 eademque
3182 5547 3309 5602 erga
3331 5531 3498 5585 Deum

1916 5621 2187 5692 religione
2223 5631 2356 5678 sunt
2404 5622 2606 5680 fratres
2656 5622 2711 5679 in
2768 5624 3201 5681 necessitatibus
3234 5623 3498 5677 auxilium

1915 5731 2063 5771 unus
2099 5716 2257 5771 alteri
2301 5718 2605 5787 praestent:
2639 5718 2708 5772 ad
2746 5718 2848 5774 hoc
2877 5718 3025 5773 enim
3063 5728 3261 5773 natura
3290 5718 3499 5788 gratia-

1914 5808 2022 5879 que
2062 5807 2458 5881 consanguinei
2500 5818 2655 5881 sunt,
2703 5820 2783 5877 ut,
2849 5811 2993 5869 sicut
3040 5814 3203 5867 unius
3250 5809 3507 5867 membra
