3976 6412
478 374 616 438 1399

1694 364 1697 367 λ
1725 409 1733 417 -
1774 371 2133 436 PROCOPII
2166 370 2411 436 GAZ/EI
2430 398 2443 408 ο

3611 375 3730 442 ιιω

471 486 756 559 corporis,
818 492 984 558 caput
1030 485 1289 542 habentis
1348 483 1669 549 Christum,
1718 483 1781 540 in
1833 492 2071 556 tempore

2184 487 2260 550 ὼς
2282 486 2401 550 ἑνὸς
2432 486 2568 556 μέλη
2605 485 2880 557 σώματος,
2900 483 3142 556 κεφαλὴν
3169 481 3385 555 ἔχοντος
3404 458 3733 559 τὸν’Χριστδν

472 577 824 634 necessitatis
851 577 957 632 sibi
981 584 1177 631 mutuo
1204 574 1565 631 auxiliantur.

547 667 709 722 Vsus.
743 667 831 722 18.
864 665 955 719 Vir
983 666 1240 735 insipiens
1267 663 1479 733 plaudit
1505 661 1906 732 congaudetque
1935 662 2057 727 sibi,

472 768 533 813 ut
553 759 644 831 qui
663 758 944 829 sponsione
966 756 1246 826 spopondit
1280 772 1382 825 pro
1402 755 1575 809 amico
1610 767 1719 809 suo.
1763 751 1939 809 Homo
1965 755 2060 825 qui

473 865 579 906 nec
614 865 713 907 sua
745 864 846 905 nec
878 850 1112 904 aliorum
1141 846 1431 903 commoda
1453 847 1599 916 sapit
1626 886 1641 911 ,
1669 844 1759 901 sui
1796 858 1989 901 amans
2005 852 2063 900 et

474 957 587 998 non
630 941 740 999 Deo
788 941 1067 1012 placitus,
1106 938 1320 1011 plaudit
1369 938 1592 1009 quidem
1638 946 1695 993 et
1754 935 2064 1008 eongaudet

476 1035 583 1091 sibi
618 1035 686 1090 de
720 1034 789 1090 iis
828 1049 952 1105 quae
978 1033 1114 1089 dicit
1141 1039 1199 1088 et
1248 1030 1396 1104 agit:
1437 1028 1906 1101 quemadmodum
1953 1028 2062 1084 sibi

475 1130 786 1197 gratulatur
834 1125 905 1181 de
957 1125 1241 1195 voluptate
1282 1123 1473 1178 carnis
1523 1135 1640 1177 suae
1681 1120 1919 1185 dilectae,
1961 1120 2061 1190 qui

472 1218 618 1273 lianc
665 1215 885 1271 tandem
919 1217 975 1270 in
1019 1222 1202 1270 actum
1244 1213 1596 1277 tradendam,
1630 1219 1693 1265 ut
1723 1212 1936 1267 virtute
1965 1210 2061 1267 de-

471 1309 673 1372 bitum,
716 1306 971 1379 spondet.
1007 1321 1108 1361 nec
1139 1304 1208 1359 ad
1231 1303 1619 1360 mandatorum
1650 1304 2058 1360 exsecutionem

474 1413 596 1454 eam
625 1399 893 1454 stimulat.

547 1578 616 1635 Et
668 1597 827 1652 super
868 1582 1017 1636 labia
1049 1598 1151 1636 sua
1191 1581 1408 1652 viasque
1434 1596 1563 1636 snas
1595 1581 1769 1653 ignem
1797 1578 2063 1633 thesauri-

477 1685 590 1729 τοι.
624 1672 691 1728 Et
712 1673 898 1729 verbis
935 1682 991 1729 et
1021 1673 1297 1737 moribus,
1331 1686 1429 1742 per
1452 1681 1624 1727 totam
1656 1671 1837 1742 ipsius
1863 1671 2056 1734 vitam,

478 1767 663 1833 ignem
708 1773 977 1821 cternum
1011 1764 1116 1819 sibi
1164 1764 1526 1828 tltesauriaat,
1566 1764 1671 1819 etsi
1711 1762 1781 1819 de
1824 1763 1894 1819 iis
1936 1774 2062 1833 quas

479 1858 601 1926 ipse
623 1863 844 1927 reputat
864 1858 1007 1911 bona
1036 1855 1271 1910 laetetur.

555 2036 722 2093 Vsus.
758 2036 846 2092 i9.
883 2036 989 2103 Qui
1008 2039 1238 2107 peccatis
1263 2038 1585 2103 delectatur,
1616 2035 1814 2107 gaudet
1846 2034 2066 2105 iurgiis.

480 2128 864 2185 Perversitatis
893 2142 1085 2183 amans
1116 2142 1391 2198 perversae
1410 2142 1680 2184 sensuum
1702 2126 1840 2198 legis
1869 2125 2070 2181 adver-

481 2235 578 2275 sus
626 2221 855 2290 spiritus
916 2221 1091 2292 legem
1160 2221 1470 2277 rebellione
1514 2221 1721 2293 gaudet
1779 2221 2073 2290 ipsamque

478 2312 697 2384 peccati
727 2311 1134 2381 instigatricem
1162 2312 1608 2378 sensualitatem,
1633 2311 1837 2382 spiritu
1869 2309 2071 2365 fortio-

477 2420 595 2460 rem
631 2404 893 2471 reddens,
928 2419 1085 2460 suam
1115 2406 1417 2476 perniciem
1441 2404 1663 2476 quaerit.

554 2628 660 2695 Qui
707 2629 912 2683 exultat
951 2631 1144 2681 ostium
1192 2643 1375 2695 suum,
1404 2627 1597 2696 qua’rit
1640 2625 1877 2680 ruinam.
1918 2623 2077 2678 Sicut

482 2723 631 2776 enim
660 2719 1014 2790 voluptarius
1039 2734 1069 2772 a
1099 2716 1208 2773 Deo
1239 2729 1467 2789 propter
1484 2718 1672 2773 carnis
1697 2716 1928 2772 delicias
1957 2715 2077 2770 dis—

481 2812 652 2877 cedit,
677 2811 751 2865 ita
782 2818 838 2863 et
871 2809 1166 2878 superbus,
1206 2817 1433 2878 propter
1465 2806 2072 2875 animaeignorantiam,

481 2904 656 2958 Deum
701 2899 973 2955 bonorum
1003 2898 1251 2953 omnium
1287 2906 1574 2953 auctorem
1615 2911 1741 2952 esse
1790 2894 2073 2961 nesciens,

485 2993 721 3061 ideoque
744 2991 850 3045 sibi
885 3003 1116 3060 magnos
1138 3003 1436 3044 successus
1469 2986 1820 3042 adscribens.

561 3103 726 3157 Vens.
751 3100 843 3155 20.
876 3100 981 3167 Qui
1012 3099 1149 3154 dnro
1187 3098 1346 3167 corde
1374 3108 1481 3165 est,
1508 3115 1614 3154 non
1637 3096 1870 3155 occurrit
1898 3095 2074 3151 bonis.

2171 577 2421 650 βοηθοῖεν
2454 575 2709 649 ἀλλήλοις
2746 578 2804 632 ἐν
2841 578 3033 648 χρείας
3071 575 3270 649 καιρῷ.

2242 668 2333 741 ιη’.
2368 668 2541 739 Ἀνὴρ
2565 668 2772 740 ἄφρων
2813 668 3120 736 ἐπικροτεῖ
3161 667 3258 722 καί
3297 669 3594 738 ἐπιχαίρει
3617 670 3735 726 δαυ-

2167 763 2268 830 τῷ,
2293 765 2373 831 ὡς
2402 764 2500 819 καί
2529 763 2906 834 timme
2931 762 3119 833 ἐγγύῃ
3149 760 3257 816 τὸν
3278 762 3503 817 ἐαυτοῦ
3551 765 3733 832 φίλον.

2172 858 2497 929 Ἄνθρωπος
2524 858 2553 909 ὁ
2590 855 2666 927 μὴ
2691 855 2910 927 φρονῶν
2935 856 3007 909 τὰ
3040 853 3226 925 ἑαυτῷ
3248 854 3342 907 καὶ
3376 853 3585 926 ἑτέροις
3616 871 3738 928 cup»

2170 951 2428 1022 φέροντα,
2460 950 2806 1021 αὐτάρεσκος
2857 949 3122 1021 ὑπάρχων
3169 946 3268 1002 καὶ
3323 947 3402 1018 μὴ
3445 947 3736 1018 θεάματος,

2169 1042 2538 1111 ἐπικαυχᾶται
2571 1040 2669 1113 μὲν
2697 1040 2793 1093 καὶ
2822 1040 3178 1111 εὐφραίνεται
3210 1038 3415 1107 ἐαυτῷ,
3447 1036 3536 1107 ἐφ’
3561 1032 3640 1101 οἷς
3663 1038 3741 1090 λέ-

2168 1148 2256 1201 γει
2296 1148 2358 1185 τε
2406 1131 2502 1186 καὶ
2548 1133 2732 1196 ποιεῖ,
2790 1130 3045 1203 καθάπερ
3089 1129 3495 1198 ἐπαγγέλλεται
3528 1130 3593 1199 τῇ
3636 1129 3741 1199 ἠδυ-

2167 1223 2372 1299 παθείᾳ
2389 1222 2484 1277 τοῦ
2505 1220 2839 1294 προσφιλοῦς
2860 1220 3031 1276 αὐτοῦ
3055 1221 3308 1293 σαρκίον,
3325 1220 3426 1274 καὶ
3440 1217 3646 1274 δ’τοῦτο
3664 1220 3744 1274 ἐπὶ

2166 1315 2312 1370 τέλει
2361 1314 2655 1369 ἀποδοῦναι
2684 1314 2827 1368 κατά
2860 1312 3064 1383 πρᾶξιν
3108 1313 3171 1367 τὸ
3217 1312 3382 1384 χρέος
3413 1310 3517 1382 τῆς
3560 1310 3742 1383 ἀρετῆς

2168 1402 2540 1476 ἐγγυώμενος,
2569 1403 2666 1457 καὶ
2699 1403 2777 1474 μὴ
2801 1400 3124 1474 διερεθίζων
3150 1402 3285 1456 αὐτὸ
3312 1401 3455 1472 πρὸς
3500 1401 3743 1471 ἐργασίαν

2167 1493 2279 1547 τῶν
2315 1493 2570 1549 ἐντολῶν.
2755 1506 2762 1512 “

2252 1580 2386 1635 Ἐπί
2415 1582 2486 1636 δὲ
2508 1582 2630 1636 τῶν
2660 1581 2882 1637 ἑαυτοῦ
2909 1579 3163 1652 χειλέων
3194 1580 3294 1635 καί
3327 1579 3491 1636 ὁδῶν
3514 1580 3633 1649 πῦρ
3655 1581 3746 1648 θη-

2168 1670 2452 1739 σαυρίζει.
2489 1671 2581 1724 Ἐν
2620 1671 2679 1724 δὲ
2722 1672 2836 1735 τοῖς
2860 1669 2993 1742 παρ’
3014 1669 3144 1741 ὃλην
3176 1669 3344 1724 αὐτοῦ
3371 1670 3477 1740 τὴν
3505 1668 3646 1739 ζωὴν
3671 1668 3746 1722 λό·

2167 1779 2288 1832 γοις
2316 1777 2377 1815 τε
2408 1760 2503 1814 καὶ
2531 1760 2956 1833 ἐπιτηδεύμασι,
2985 1761 3050 1814 τὸ
3077 1760 3299 1815 αἰώνιον
3327 1761 3747 1832 ἀποθησαυρίζει

2099 1855 2144 1911 Β
2172 1854 2291 1925 πῦρ
2319 1851 2532 1924 ἑαυτῷ,
2565 1852 2670 1906 κᾶν
2699 1856 2866 1926 χαίρῃ
2908 1853 3005 1907 ἐπὶ
3040 1852 3252 1917 τούτοις
3279 1852 3356 1917 ὡς
3388 1853 3747 1925 νομιζομένοις

2172 1944 2323 2017 αὐτῷ
2360 1946 2612 2013 ἀγαθοῖς.

2247 2034 2333 2088 ιθί.
2373 2036 2850 2105 Φιλαμαρτήμων
2872 2034 3067 2104 χαίρει
3081 2033 3325 2104 μάχαις.
3357 2035 3422 2088 ὐ
3443 2035 3545 2106 τῆς
3569 2033 3747 2098 κακίας

2172 2125 2408 2197 ἐραστὴς
2457 2128 2888 2198 ὲπευφραίνεται
2940 2129 3063 2189 ταῖς
3114 2126 3234 2181 κατ’
3257 2126 3439 2197 αὐτὴν
3477 2126 3571 2182 τοῦ
3600 2127 3744 2197 νόμου

2171 2218 2274 2289 τῆς
2302 2217 2611 2288 αἰσθήσεως
2640 2218 2777 2291 πρὸς
2808 2218 2902 2272 τὸν
2948 2218 3119 2289 νόμον
3151 2217 3247 2271 τοῦ
3292 2218 3423 2281 νοὸς
3472 2220 3747 2272 ἀντικατα-

2176 2310 2453 2375 στάσεσιν,
2485 2309 2582 2363 καὶ
2628 2309 2803 2381 αὐτὴν
2855 2310 2956 2380 τὴν
3002 2310 3108 2380 τῆς
3154 2309 3439 2380 ἁμαρτίας
3466 2310 3745 2378 είσαγωγδν

2175 2400 2429 2470 αἴσθησιν
2472 2399 2947 2470 ὲπικρατεστέραν
2989 2400 3164 2453 ποιῶν
3201 2399 3297 2453 τοῦ
3327 2399 3479 2466 νοὸς,
3520 2400 3748 2471 ἐπιζητεῖ

2174 2492 2275 2564 τὴν
2317 2491 2453 2547 ἰδίαν
2490 2491 2794 2547 ἀπώλειαν.

2258 2602 2466 2676 Ὑψῶν
2492 2608 2682 2675 θύραν
2709 2607 2952 2674 ἑαυτοῦ,
2997 2605 3162 2675 ζητεῖ
3177 2606 3536 2675 συντριϐήν.
3559 2606 3746 2677 Ὥσπερ

2176 2701 2284 2773 γὰρ
2328 2702 2358 2753 ὁ
2400 2699 2717 2770 φιλήδονος,
2746 2698 2889 2753 Θεοῦ
2914 2699 3206 2768 ἀφίσταται
3252 2698 3343 2753 διὰ
3395 2699 3598 2771 σαρκὸς
3634 2698 3747 2769 ἡδυ-

2179 2792 2413 2846 πάθειαν
2437 2808 2451 2823 ·
2485 2791 2628 2845 οὓτω
2649 2791 2744 2845 καὶ
2765 2793 2794 2845 ὁ
2822 2791 3190 2861 αὐτάρεοκος,
3223 2790 3312 2845 διὰ
3341 2791 3527 2862 ψυχῆς
3550 2790 3749 2859 ἄγνοιαν

2182 2883 2259 2957 μὴ
2288 2882 2444 2946 εἰδὼς
2474 2883 2609 2937 Θεὸν
2639 2877 2780 2937 εἶναι
2812 2883 3036 2936 πάντων
3060 2881 3170 2936 τῶν
3195 2881 3388 2937 καλῶν
3412 2884 3615 2950 αἴτιον,
3636 2882 3749 2934 κάν-

2177 2975 2369 3029 τεῦθεν
2408 2975 2586 3045 ἑαυτῷ
2624 2974 2950 3045 ἐπιγράφων
2987 2974 3057 3028 τά
3089 2972 3522 3046 κατορθώματα.

2248 3096 2318 3144 κ’.
2356 3088 2418 3142 '0
2448 3087 2518 3142 δὲ
2557 3086 3040 3159 σκληροκάρδιος
3060 3127 3076 3152 ,
3105 3089 3177 3142 οὑ
3199 3085 3483 3154 συναντᾷ
3507 3085 3745 3157 ἀγαθοῖς.

487 3189 593 3256 Qui
620 3188 921 3244 secundum
957 3190 1199 3242 animam
1230 3187 1312 3243 sic
1339 3187 1648 3243 indurescit
1677 3194 1733 3242 et
1757 3194 1953 3241 contra
1983 3184 2071 3240 di-

2184 3182 2244 3238 Ὀ
2271 3182 2315 3236 δ’
2336 3180 2479 3236 οὕτω
2502 3181 2644 3235 κατὰ
2667 3180 2848 3252 ψυχὴν
2880 3179 3342 3252 σκληρυνόμενος,
3374 3181 3475 3233 καὶ
3508 3180 3637 3250 πρὸς
3659 3178 3746 3242 τὰς

487 3281 647 3336 vinas
673 3280 823 3351 leges
845 3280 1186 3345 recalcitrat,
1215 3278 1567 3335 obvenientia
1600 3278 1769 3350 justis
1792 3278 1936 3333 bona
1958 3292 2072 3333 non

487 3370 779 3424 obtinebit.

572 3479 663 3533 Vir
698 3480 879 3551 lingua
916 3480 1205 3543 versatilis,
1252 3480 1451 3534 incidet
1495 3482 1551 3534 in
1593 3481 1764 3537 mala.
1795 3480 1901 3547 Qui
1940 3496 2073 3536 suas

489 3585 617 3625 cum
650 3568 761 3625 Deo
792 3570 1211 3634 conventiones,
1246 3570 1302 3624 in
1337 3579 1657 3625 sanctorum
1693 3571 1876 3642 ipsius
1916 3587 2075 3625 man-

492 3662 748 3717 datorum
787 3661 1175 3718 observatione
1224 3671 1562 3731 constantes,
1598 3670 1801 3727 mutat,
1848 3663 1904 3718 in
1949 3679 2077 3735 pas-

493 3753 682 3808 siones
708 3752 1025 3823 ignominiae
1053 3752 1294 3809 decidet.

564 3864 731 3921 Vens.
764 3863 858 3919 21.
912 3862 1020 3922 Cor
1055 3876 1237 3921 autem
1265 3867 1568 3936 insipientis
1602 3866 1704 3921 erit
1750 3867 2072 3937 possidentis

491 3956 630 4012 illud
664 3957 945 4013 maestitia.
979 3957 1179 4012 Anima
1212 3957 1334 4028 ejus
1349 3959 1445 4029 qui
1468 3958 1637 4014 Deum
1666 3972 1771 4013 nec
1801 3958 1954 4012 timet
1974 3970 2079 4010 nec

491 4046 672 4117 diligit
703 4047 939 4116 ideoque
965 4047 1113 4101 circa
1140 4047 1399 4103 mandata
1429 4048 1669 4119 superba
1687 4047 2081 4118 dedignatione

493 4145 603 4201 est,
635 4136 919 4191 continuis
958 4138 1314 4194 conscientiae
1335 4122 1874 4209 exprobrationibus,
1903 4136 2080 4207 ipsius

494 4228 667 4282 ultrix
702 4226 835 4281 erit.

569 4338 697 4393 Non
734 4338 952 4393 [celatur
991 4352 1143 4407 pater
1177 4342 1241 4395 de
1271 4342 1388 4411 [ilio
1418 4341 1841 4410 indisciplinato.
1870 4341 2082 4414 Impru-

493 4430 647 4486 denti
694 4429 1129 4488 ratiocinatione
1170 4449 1281 4488 non
1327 4436 1534 4506 gaudet
1576 4436 1817 4503 animus,
1857 4437 1987 4507 quia
2015 4452 2079 4492 ex

2177 3273 2331 3338 θείας
2360 3271 2670 3328 ἀντιτυπῶν
2708 3271 2964 3336 ὲντολάς,
2994 3270 3103 3324 τῶν
3133 3271 3517 3342 ἀποκειμένων
3544 3273 3652 3333 τοῖς
3682 3270 3749 3323 δι⁸

2176 3369 2355 3433 καίοις
2392 3369 2496 3422 οὐκ
2532 3368 2796 3439 ἐπιτυχὴς
2832 3366 3044 3437 γίνεται
3080 3365 3325 3436 ἀγαθῶν.

2260 3481 2441 3552 Ἀνὴρ
2483 3480 2889 3551 εὐμετάϐολος
2931 3479 3184 3550 γλώσσῃ
3212 3520 3226 3543 ,
3281 3476 3628 3548 ἐμπεσεῖται
3675 3477 3746 3541 εἰς

2177 3572 2354 3631 κακά.
2390 3573 2451 3627 '0
2499 3572 2738 3636 εὐκόλως
2785 3571 3015 3626 ἀλλοιῶν
3064 3570 3164 3633 τὰς
3215 3572 3296 3635 είς
3333 3571 3472 3625 Θεὸν
3501 3568 3746 3639 συνθήκας

2176 3664 2362 3732 αὐτοῦ,
2393 3664 2451 3718 αἳ
2482 3663 2741 3736 τηρήσεις
2772 3663 2882 3717 τῶν
2926 3663 3098 3732 ἁγίων
3134 3662 3306 3717 αὐτοῦ
3337 3664 3483 3717 είσιν
3520 3659 3743 3723 ἐντολῶν,

2178 3755 2411 3810 πάθεσιν
2445 3756 2674 3826 ἀτιμίας
2711 3758 3119 3827 περιπεσεῖται.

2251 3875 2356 3924 κα’.
2397 3868 2624 3936 Καρδία
2672 3866 2741 3920 δὲ
2785 3867 3070 3939 ἄφρονος,
3104 3867 3293 3935 ὀδύνη
3318 3867 3402 3934 τῷ
3433 3863 3745 3936 κεκτημένῳ

2181 3960 2395 4029 αὐτήν.
2436 3961 2501 4013 Ἡ
2533 3959 2682 4031 ψυχὴ
2710 3958 2806 4014 τοῦ
2834 3959 2909 4030 μὴ
2939 3959 3102 4029 φόϐον
3137 3958 3282 4015 θεῖον
3312 3960 3645 4031 κεκτημένου
3665 3957 3742 4010 καὶ

2181 4052 2346 4108 πόθον
2365 4093 2382 4119 ,
2420 4051 2717 4108 κάντεῦθεν
2743 4052 3236 4125 καταφρονητικῶς
3266 4052 3609 4123 διακειμένου
3633 4048 3743 4119 περὶ

2179 4145 2280 4210 τὰς
2308 4145 2549 4211 ἐντολὰς,
2580 4147 2821 4217 τιμωρὸς
2847 4144 2998 4200 ἔσται
3026 4144 3195 4199 αὐτοῦ
3220 4147 3334 4210 τοῖς
3353 4144 3449 4198 τοῦ
3474 4142 3741 4202 συνειδότος

2184 4236 2487 4299 ἀνενδότοις
2527 4235 2791 4307 ἐλέγχοις.

2258 4350 2381 4403 Οὐκ
2425 4349 2805 4418 εὐφραίνεται
2864 4347 3062 4417 πατὴρ
3122 4347 3221 4400 ἐπὶ
3262 4346 3374 4413 υιῷ
3410 4345 3736 4407 ἀπαιδεύτῳ.

2185 4441 2262 4495 Οὐ
2296 4439 2475 4511 χαίρει
2504 4439 2631 4503 νοῦς
2671 4441 2765 4493 ἐπὶ
2809 4439 3058 4512 λογισμῷ
3119 4440 3388 4510 ἀσυνέτῳ,
3440 4441 3523 4494 ὅτι
3573 4440 3631 4491 ὲκ
3658 4436 3739 4505 τῆς

495 4521 867 4597 sensualitate
894 4521 1208 4591 subadjuva
1242 4523 1489 4593 spuriam
1523 4524 1739 4594 sibique
1780 4525 2071 4582 absimileu

2194 4532 2516 4605 ὕπηρέτιδος
2552 4531 2741 4585 τούτου
2783 4532 3112 4604 αἰσθήσεως,
3142 4532 3298 4587 νόθον
3335 4534 3429 4586 καὶ
3470 4530 3640 4600 ἐαυτῷ
3662 4530 3737 4583 ἀν-

494 4608 648 4664 illam
669 4609 886 4680 genuit.

571 4737 751 4794 Filius
790 4751 969 4795 autem
1000 4742 1214 4810 sapiens
1248 4757 1400 4795 suam
1426 4749 1651 4797 matrem
1679 4743 1951 4812 laetiﬁcat.
1981 4740 2082 4796 Ju-

497 4830 702 4885 dicium
746 4840 931 4886 autem
976 4832 1246 4901 prudens,
1283 4833 1547 4902 operibus
1578 4832 1807 4903 iustitiae
1842 4832 2085 4888 laetiﬁcat

400 4968 405 4973 .
498 4919 1011 4991 sapientiamque,
1035 4936 1101 4975 ex
1136 4920 1323 4975 animo
1369 4933 1657 4986 consorte,
1689 4922 1849 4989 illud,
1871 4936 2078 4992 praece-

495 5018 591 5079 pta
616 5009 795 5079 ipsius
826 5010 1014 5064 omnia
1044 5009 1353 5081 complens,
1388 5011 1619 5081 peperit.

568 5211 739 5269 Vsus.
766 5212 856 5267 22.
889 5210 996 5269 Car
1027 5211 1213 5267 laetum
1247 5210 1424 5267 valere
1452 5210 1605 5280 facit.
1645 5212 1841 5267 Anima
1866 5225 2083 5281 semper

498 5303 621 5358 laeta
639 5311 902 5373 tanquam
932 5302 1313 5358 tndesinenter
1329 5317 1496 5358 orans
1527 5310 1590 5356 ut
1621 5317 1732 5356 non
1768 5318 1948 5368 suam,
1984 5301 2081 5357 sed

499 5394 676 5450 solam
713 5393 807 5449 Dei
858 5395 1196 5451 voluntatem
1240 5401 1489 5463 quaerat,
1540 5393 1776 5464 ideoque
1820 5393 1877 5447 in
1930 5393 2081 5447 omni

498 5485 943 5550 circumstantia,
968 5496 1022 5539 et
1050 5486 1096 5539 si
1121 5485 1303 5542 tristis
1329 5493 1498 5550 esset,
1523 5484 1729 5557 gratias
1759 5492 1906 5555 agat,
1924 5484 2080 5540 vale-

498 5576 746 5637 tudinem
780 5577 896 5633 suis
918 5577 1179 5647 potentiis
1207 5579 1441 5633 confert.

574 5781 817 5837 Hominis
853 5792 1027 5835 autem
1086 5782 1252 5835 tristis
1296 5782 1637 5837 emittantur
1690 5799 1836 5839 assa.
1881 5780 2077 5838 Mentis

2187 4622 2378 4693 όμοιον
2402 4620 2594 4676 τοῦτον
2628 4622 2921 4674 ἀπέτεκεν.

2264 4733 2400 4799 Υἱὸς
2434 4733 2505 4787 δὲ
2558 4734 2867 4804 φρόνιμος,
2925 4734 3233 4804 εὐφραίνει
3278 4735 3509 4805 μητέρα
3554 4730 3733 4787 αὐτοῦ.

2186 4823 2464 4895 Δογισμὸς
2491 4824 2536 4878 δ’
2569 4824 2842 4895 ἐχέφρων,
2870 4826 3068 4897 τέρπει
3087 4825 3177 4880 διὰ
3204 4825 3315 4880 τῶν
3351 4827 3451 4896 τῆς
3482 4821 3731 4880 δικαιοσύ-

2185 4933 2281 4984 νης
2319 4915 2498 4986 ιργων
2551 4916 2655 4986 τὴν
2709 4916 3087 4972 ἀποτεκοῦσαν
3136 4916 3327 4972 τοῦτον
3380 4918 3618 4973 σύνοικον
3658 4910 3734 4967 τοῦ

2184 5004 2277 5058 νοῦ
2331 5006 2560 5074 σοφίαν,
2614 5006 2715 5070 τὰς
2767 5008 3057 5079 ὑποθήκας
3120 5010 3335 5081 ταύτης
3387 5010 3565 5073 πάσας
3614 5007 3734 5075 πλη-

2191 5113 2320 5168 ρων.

2256 5214 2361 5284 κβ’·
2407 5215 2632 5284 καρδία
2653 5219 3118 5289 εὐφραινομένη,
3147 5222 3416 5277 edens-air
3446 5209 3614 5276 ποιεῖ.
3632 5218 3734 5271 Ψυο

2184 5306 2255 5379 χὴ
2299 5308 2531 5361 πάντοτε
2561 5310 2847 5381 χαίρουσα,
2870 5310 2948 5374 ὡς
2965 5311 3328 5377 ἀδιαλείπτως
3353 5308 3729 5382 προσευχομένη

2183 5396 2352 5452 διὰτὸ
2382 5397 2456 5470 μὴ
2493 5399 2554 5453 τὸ
2589 5399 2743 5464 ἴδιον,
2771 5400 2908 5455 ἀλλά
2941 5402 3100 5473 μόνον
3150 5403 3213 5457 τὸ
3250 5403 3346 5457 τοῦ
3387 5401 3519 5458 Θεοῦ
3572 5397 3732 5468 ζητεῖν

2184 5487 2400 5559 θέλημα
2425 5507 2439 5521 ·
2465 5490 2761 5545 κάντεῦθεν
2793 5495 2851 5547 ἐν
2874 5495 3040 5549 παντὶ
3069 5496 3462 5567 συναντήματι,
3487 5493 3581 5547 κᾶν
3599 5492 3730 5545 ἀνια-

2188 5582 2281 5649 ρύν
2320 5581 2404 5652 εἴη
2433 5582 2800 5653 εὐχαριστεῖν,
2843 5585 3118 5639 ἀπάθειαν
3170 5588 3290 5649 ταῖς
3354 5585 3549 5652 ἑαυτῆς
3598 5594 3730 5648 περιε

2186 5675 2419 5726 ποιεῖται
2445 5674 2734 5743 δυνάμεσι.

2270 5782 2501 5852 Ἀνδρος
2530 5785 2597 5838 δὲ
2617 5788 2895 5853 λυπηροῦ
2937 5787 3281 5859 ξηραίνεται
3328 5786 3493 5846 ὀστᾶ.
3546 5782 3642 5839 Τοῦ
3679 5778 3725 5833 δὲ
