3976 6384
272 364 399 438 1401

1366 362 1911 430 COMMENTARII
1951 362 2036 426 IN
2075 362 2535 425 PROVERBIA.

3403 365 3542 429 1402

266 483 668 563 προσκειμένου
698 483 821 547 νοὸς
844 480 1236 555 ’προσκαίροις,
1282 480 1379 536 καὶ
1423 482 1520 535 ἐπὶ
1546 483 1614 552 τῇ
1642 478 1846 533 τούτων

1962 477 2325 548 praesentibus
2387 477 2731 548 subjacentis
2771 486 2828 534 et
2870 480 2939 536 de
2978 494 3171 537 eorum
3238 480 3543 538 amissione

265 578 567 649 ἀνιωμένου
591 576 788 647 φθορᾷ,
812 575 883 629 τὰ
909 576 1096 644 διανοὴ
1107 590 1280 644 ματα,
1306 573 1345 628 ἃ
1364 573 1524 645 δίκην
1551 572 1729 627 ὀστῶν
1752 572 1853 626 αῦ-

265 673 356 726 τδν
378 668 749 741 ὑπερείδουσι,
781 667 884 738 τῆς
907 666 1182 736 ζωογόνου
1208 664 1592 736 πνευματικῆς
1642 662 1851 726 νοτίδος

265 762 608 833 ἐστέρηνται.

333 874 439 942 κγ’.
472 870 806 941 Λαμόἀνων
836 867 998 939 δῶρα
1022 870 1094 924 ἐν
1117 870 1325 936 κόλπῳ
1340 869 1580 936 ἀδίκως,
1602 870 1676 924 οὐ
1706 883 1851 923 κατ-

262 965 580 1023 ευοδοῦται
606 965 674 1018 ἐν
727 962 892 1029 ὁδοῖς
915 978 930 993 ·
961 962 1225 1017 ἐκκλίνει
1262 962 1373 1033 γὰρ
1408 961 1591 1028 ὁδοὺς
1630 960 1852 1015 δικαιο-

262 1060 478 1125 σύνης.
520 1056 580 1111 '0
626 1056 1081 1128 παραλαμϐάνων
1146 1056 1287 1127 μετὰ
1348 1053 1736 1126 περιχαρείας,
1771 1051 1851 1117 ὥς

258 1165 381 1203 τινα
410 1146 579 1217 δῶρα,
620 1146 680 1199 ἐν
717 1145 799 1217 τῷ
826 1144 972 1199 κατά
1004 1143 1247 1200 διάνοιαν
1275 1143 1492 1215 ταμείῳ
1535 1145 1637 1214 τῆς
1669 1143 1849 1214 ψυχῆς

260 1239 592 1310 ἀδιακρίτως
628 1239 730 1302 τὰς
764 1238 877 1293 τῶν
915 1239 1189 1311 δαιμόνων
1225 1237 1514 1308 ἅπατηλὰς
1539 1236 1846 1307 ὑποθήκας,

260 1333 359 1402 οὐχ
385 1331 635 1402 εὑρίσκει
668 1332 725 1383 ἐν
755 1334 876 1396 ταῖς
916 1329 1087 1385 αὑτοῦ
1133 1330 1367 1401 πράξεσι
1401 1330 1558 1394 τέλος
1608 1331 1673 1383 τδ
1705 1329 1850 1397 αγα-

261 1425 382 1479 θὸνο
410 1425 715 1494 ἐπειδήπερ
778 1422 1153 1495 άπολιμπάνει
1211 1424 1312 1488 τὰς
1353 1422 1702 1493 δικαιοτέρας
1750 1419 1849 1475 τοῦ

257 1516 392 1571 Θεοῦ
437 1516 696 1582 ἐντολάς,
724 1516 782 1571 αῖ
832 1516 973 1587 πρὸς
1019 1516 1186 1571 αὑτὸν
1232 1516 1457 1585 ἄγουσιν
1500 1514 1578 1579 ὡς
1617 1513 1849 1586 ἐσχατον

257 1607 506 1675 ὀρεκτόν.

324 1721 424 1779 κδ’.
474 1723 813 1799 Πρόσωπον
857 1723 1142 1787 συνετόν,
1196 1722 1420 1792 ἀνδρὸς
1480 1720 1699 1792 σοφοῦ.
1736 1721 1848 1776 Τοῦ

1952 568 2195 625 dolentis
2241 569 2649 638 cogitationes,
2702 584 2827 641 quae
2858 570 3010 626 velut
3045 585 3175 627 ossa
3218 572 3543 627 sull'ulciunt

1952 660 2125 727 illam,
2158 660 2471 716 viviﬁcante
2503 661 2735 732 spiritus
2762 661 2996 719 humore
3032 663 3432 719 destituuntur.

2014 868 2192 924 Vatis.
2215 870 2307 924 23.
2333 878 2402 923 In
2423 871 2546 925 sinu
2575 887 2798 926 munera
2832 872 3086 944 colligens
3113 874 3331 943 injuste,
3350 874 3407 928 in
3440 874 3540 929 viis

1952 979 2060 1018 non
2087 974 2446 1033 prosperatur
2476 980 2495 1019 :
2524 967 2758 1020 declinat
2786 968 2926 1021 enim
2970 985 3003 1022 a
3036 970 3133 1022 uiis
3151 969 3400 1038 justitiat.
3433 969 3539 1036 Qui

1950 1070 2077 1110 cum
2099 1055 2477 1111 exsultatione
2490 1056 2639 1111 velut
2664 1058 2912 1126 qumdam
2931 1060 3074 1112 dona
3091 1054 3147 1112 in
3174 1059 3539 1113 intellectuali

1950 1145 2152 1201 anima:
2202 1145 2518 1199 conditorio
2554 1145 2781 1201 fallaces
2829 1146 3095 1203 daemonis
3142 1148 3538 1202 instructiones

1952 1237 2254 1294 indiscrete
2282 1237 2502 1308 recipit,
2530 1238 2588 1292 in
2623 1239 2889 1308 operibus
2931 1242 3050 1295 suis
3079 1256 3188 1295 non
3219 1241 3429 1296 invenit
3458 1242 3539 1295 l'e-

1950 1328 2112 1384 licem
2138 1328 2348 1385 exitum
2375 1346 2391 1397 ;
2420 1329 2697 1398 siquidem
2725 1332 3420 1403 transgrediturjustiores
3446 1333 3540 1388 Dei

1951 1421 2100 1491 leges
2149 1435 2274 1491 quae
2310 1422 2377 1475 ad
2421 1420 2581 1476 illum
2618 1428 2883 1492 tanquam
2919 1422 2988 1478 ad
3017 1424 3388 1480 desideratum
3429 1432 3541 1479 ter-

1950 1513 2162 1566 minum
2191 1511 2424 1567 ducunt.

2022 1712 2193 1769 Vens.
2242 1714 2337 1771 24,
2395 1713 2647 1771 Hominis
2688 1718 2950 1783 sapientis
2994 1719 3164 1788 facies
3215 1723 3534 1794 intelligens.

257 1813 471 1883 ἔχοντος
494 1813 589 1865 τὸν
612 1811 706 1865 τοῦ
737 1811 875 1865 Θεοῦ
903 1812 1100 1882 Λόγον,
1129 1811 1230 1884 τὴν
1259 1813 1595 1880 αὐτοσοφίαν
1610 1811 1843 1879 ἕνοικον,

1962 1805 2102 1862 lllius
2123 1806 2215 1876 qui
2238 1805 2335 1862 Dei
2361 1807 2628 1872 Verbum,
2660 1810 2989 1880 sapientiam
3024 1812 3222 1882 ipsam,
3257 1815 3312 1868 in
3340 1825 3539 1872 semet-

257 1903 691 1975 συνεσταλμένος
713 1905 744 1956 ό
775 1904 889 1975 βῖος
908 1920 926 1937 ο
959 1903 1017 1968 ὃς
1052 1904 1154 1977 τὴν
1180 1906 1362 1975 ἀφανῆ
1386 1904 1488 1973 τῆς
1517 1904 1700 1974 ψυχῆς
1743 1920 1846 1974 χα-

259 1998 584 2072 ρακτηρίζει
618 1996 901 2050 διάθεσινο
944 1996 1234 2067 ἐγκρατῶς
1289 1997 1390 2067 μέν
1441 1998 1558 2059 τοῖς
1606 1992 1846 2064 παροῦσι

253 2084 571 2155 χρωμένου,
606 2083 716 2136 τῶν
738 2082 797 2135 δὲ
827 2081 1138 2153 μελλόντων
1178 2084 1379 2149 ὀλικῶς
1410 2085 1599 2155 τυχεῖν
1643 2085 1846 2152 ἀγωνι-

253 2174 513 2246 ζομένου.

314 2293 380 2345 ΟΖ
414 2288 488 2347 δὲ
519 2287 818 2359 ὀφθαλμοί
841 2289 951 2344 τοῦ
984 2287 1271 2359 ἄφρονος,
1297 2290 1393 2344 ἐπ’
1420 2289 1577 2359 ἄκρα
1605 2290 1740 2361 γῆς.
1775 2292 1843 2346 At

249 2381 294 2437 δ’
320 2381 476 2450 ὄψεις
510 2382 605 2434 τοῦ
645 2381 722 2451 μὴ
765 2380 900 2433 Θεὸν
940 2381 1335 2453 περιφέροντος
1392 2384 1451 2436 ἐν
1501 2382 1722 2454 καρδίᾳ,
1775 2381 1845 2436 τὰ

250 2473 473 2546 πέρατα
522 2471 879 2526 διασκοποῦσι
946 2473 1052 2543 τῆς
1102 2475 1238 2543 γῆς,
1270 2476 1318 2527 εί
1364 2473 1588 2528 δυνατὸν
1641 2473 1847 2545 ταύτην

250 2565 598 2637 περιλαϐεῖν,
626 2568 722 2620 καὶ⁹
752 2565 936 2636 πάσης
964 2567 1229 2621 δεσπόσαι
1266 2568 1462 2637 αὐτῆς.

319 2686 422 2734 κε’.
468 2678 650 2748 Ὀργὴ
684 2679 886 2747 πατρὶ,
930 2679 1062 2745 υίὸς
1100 2679 1327 2748 ἄφρων.
1377 2678 1453 2732 Τὸ
1492 2678 1613 2733 κατ’
1646 2677 1844 2733 ἐπιθυ-

253 2772 382 2843 μίαν
417 2773 794 2843 ὑφιστάμενον
830 2773 1103 2843 διανόημα
1128 2772 1541 2843 ἐκ-παραλόγου
1592 2771 1687 2825 τοῦ
1719 2771 1844 2835 νοὸς

253 2865 391 2935 μετὰ
427 2865 534 2934 τῆς
558 2862 863 2931 αἰσθήσεως
894 2862 1239 2933 συμπλοκῆς,
1273 2861 1424 2932 αὐτῷ
1480 2862 1580 2932 μὲν
1620 2860 1700 2931 τῷ
1742 2860 1843 2927 νοῒ,

248 2955 324 3018 ὡς
370 2955 593 3026 πατρὶ,
661 2955 954 3026 παραίτιον
1013 2954 1227 3022 γίνεται
1271 2954 1423 3017 θείας
1476 2953 1681 3023 ὀργῆς*
1723 2953 1847 3024 ἣτις

249 3045 522 3118 ἀνακωχὴ
552 3045 653 3116 τῆς
683 3044 951 3116 χορηγίας
988 3044 1100 3099 τῶν
1145 3045 1537 3115 πνευματικῶν
1575 3042 1850 3115 χαρισμά-

252 3154 363 3191 των
389 3137 568 3191 ἐστίν.

324 3248 440 3304 Kal
476 3248 663 3315 ὀδύνη
684 3246 757 3317 τῇ
770 3249 1035 3317 τεκούσῃ
1063 3249 1273 3303 αὐτόν.
1302 3249 1381 3319 Τῇ
1408 3247 1465 3301 δὲ
1494 3245 1844 3318 ἀποτεκούσῃ

253 3336 421 3394 τοῦτο
450 3340 723 3410 αἰσθήσει,
752 3335 841 3393 οἶα
868 3342 1060 3410 μητρὶ,
1083 3339 1277 3410 ὀδύνην
1302 3342 1673 3409 περιποιεῖται
1702 3352 1715 3365 ·
1742 3338 1845 3391 πό-

253 3449 371 3495 νοις
404 3430 684 3493 άκουσίοις
714 3430 1103 3499 δαμαζομένης
1127 3430 1231 3501 τῆς
1262 3429 1487 3500 σαρκὸς,
1519 3430 1663 3483 κατὰ
1693 3429 1847 3483 θείαν

255 3520 614 3593 συγχώρησιν
643 3522 721 3584 ὼς
763 3523 830 3576 ἂν
869 3522 1167 3590 ἐπιγνῶσιν
1220 3521 1411 3592 ἄμφω,
1443 3523 1472 3576 ὅ
1503 3539 1565 3575 τε
1590 3523 1715 3586 νοῦς
1751 3522 1848 3576 καὶ

252 3616 289 3685 ἡ
323 3614 601 3683 αἴσθησις,
634 3614 708 3684 μὴ
729 3615 1063 3684 παρανόμως
1111 3614 1367 3684 ἀλλήλοις
1406 3613 1844 3685 συμπλέκεσθαι,

253 3708 353 3763 καὶ
382 3708 507 3761 ἀντὶ
542 3709 746 3780 ἀρετῆς
776 3707 979 3761 κακίαν
1007 3708 1336 3779 ἀπογεννᾷν.

324 3818 445 3882 κς’.
476 3817 744 3887 Ζημιοῦν
774 3817 967 3886 ἄνδρα
989 3818 1244 3886 δίκαιον,
1278 3820 1352 3873 οὐ
1381 3820 1594 3873 καλόν.
1618 3816 1693 3871 Τό
1708 3818 1848 3873 ἀπο-

253 3911 476 3981 στερεῖν
514 3909 721 3980 ἀρετῆς
746 3908 839 3961 τὸν
885 3907 1093 3977 ταύτης
1137 3909 1595 3981 ἐπιμελούμενον,
1637 3909 1733 3963 καὶ
1767 3910 1845 3973 είς

247 4005 322 4058 τὰ
346 4003 475 4056 κατ’
516 4001 754 4070 ἔλλειψιν
786 4001 957 4070 αὐτῆς
1006 4002 1364 4072 περιτρέπειν
1398 4001 1571 4073 πάθη,
1601 4001 1703 4055 οὐκ
1729 4000 1846 4055 ἔστι

250 4096 447 4160 καλὸν,
485 4094 592 4147 κᾶν
616 4093 705 4147 διὰ
738 4093 799 4146 τὸ
828 4093 972 4146 λεῖον
1001 4092 1105 4163 τῆς
1134 4093 1329 4164 ἡδονῆς
1371 4091 1515 4146 οὔτω
1546 4092 1701 4164 δοκῇ.

327 4225 491 4281 Οὐδὲ
524 4223 698 4278 ὅσιον
726 4224 1148 4279 ἐπιϐουλεύειν
1198 4222 1530 4289 δυνάσταις
1569 4222 1844 4290 δικαίοις.

248 4320 362 4373 Οὐδ
394 4318 546 4371 ὅσιον
576 4317 832 4387 ὑπάρχει,
884 4317 946 4369 τὸ
980 4316 1104 4370 καθ’
1140 4317 1448 4388 ὑπερϐολὴν
1498 4319 1599 4387 τῆς
1645 4318 1847 4387 ἀρετῆς

247 4411 433 4473 πάθος
453 4408 797 4461 ἐπιτίθεσθαι
824 4409 939 4470 τοῖς
974 4408 1077 4478 τὴν
1133 4408 1436 4478 ἐπιθυμίαν
1470 4408 1580 4462 τῶν
1610 4410 1731 4463 κατ’
1761 4408 1848 4463 αῖ-

1947 1899 2070 1968 ipso
2115 1898 2303 1964 habet,
2356 1900 2705 1970 compositus
2746 1910 2834 1957 est
2885 1902 3107 1958 vivendi
3150 1905 3383 1971 modus,
3441 1907 3540 1978 qui

1948 1992 2286 2048 invisibilem
2338 1991 2539 2047 anim
2583 1999 2789 2049 statum
2847 1996 3218 2052 manifestat:
3253 2000 3538 2056 moderate

1947 2083 2169 2155 quidem
2221 2081 2395 2139 utitur
2453 2084 2821 2153 praesentibus
2849 2125 2866 2151 ,
2911 2087 3009 2143 sed
3053 2088 3305 2146 obtinere
3351 2090 3540 2146 futura

1947 2175 2178 2231 omnino
2207 2175 2517 2231 contendit.

2021 2285 2178 2342 Oculi
2206 2294 2388 2341 autem
2415 2287 2567 2342 stulti
2586 2287 2655 2340 ad
2689 2297 2931 2345 extrema
2961 2298 3136 2346 terra.
3166 2288 3323 2346 Oculi
3350 2298 3536 2346 autem

1947 2379 2071 2448 ejus
2100 2378 2197 2447 qui
2237 2375 2410 2433 Deum
2433 2379 2490 2433 in
2526 2385 2753 2447 pectore
2788 2394 2899 2433 non
2940 2389 3141 2449 gestat,
3179 2379 3317 2438 ﬁnes
3350 2391 3535 2446 terrae,

1948 2486 2018 2524 an
2044 2469 2308 2540 possibile
2340 2467 2415 2526 sit
2442 2484 2562 2525 eam
2622 2471 3094 2541 comprehendere
3123 2474 3280 2544 eique
3310 2473 3410 2529 toti
3439 2474 3540 2529 do-

1947 2563 2171 2629 minari,
2216 2563 2695 2634 perspeculsutur.

2038 2675 2201 2732 Vens.
2224 2676 2318 2731 25.
2351 2675 2446 2730 Ira
2462 2677 2604 2744 patri
2646 2676 2794 2745 ﬁlius
2818 2677 3040 2735 stultus.
3085 2677 3335 2733 Errantis
3365 2677 3538 2732 animi

1948 2769 2234 2839 cogitatio,
2254 2770 2546 2826 desideriis
2571 2771 2895 2840 subjacens,
2926 2770 3284 2825 concurrenti
3305 2783 3537 2825 sensua-

1947 2860 2126 2923 litate,
2156 2860 2260 2930 ipsi
2289 2860 2511 2930 quidem
2543 2862 2751 2927 animo,
2786 2869 3050 2930 tanquam
3097 2860 3264 2930 patri,
3293 2858 3537 2913 divinam

1950 2951 2190 3021 inspirat
2222 2951 2385 3017 iram,
2417 2964 2547 3022 quae
2594 2953 2745 3008 velut
2770 2952 3018 3007 anchora
3042 2951 3216 3022 jacta,
3247 2949 3539 3023 dirigenti-

1949 3042 2056 3099 bus
2084 3042 2319 3113 spiritus
2345 3043 2531 3112 donis,
2557 3046 2810 3115 quaedam
2844 3044 3011 3100 statio
3035 3053 3141 3099 est.

2020 3265 2091 3320 Et
2122 3266 2281 3322 dolor
2316 3268 2365 3322 ei
2385 3283 2503 3340 qua:
2529 3270 2711 3340 genuit
2748 3284 2893 3322 eum.
2929 3266 3045 3322 Hoc
3088 3274 3269 3323 autem
3304 3283 3539 3324 sensua-

1947 3357 2087 3412 litati
2128 3358 2391 3428 parienti,
2428 3368 2488 3412 ut
2522 3359 2709 3423 matri,
2744 3372 3038 3413 maerorem
3089 3358 3375 3426 producit:
3425 3358 3539 3413 Deo

1950 3449 2305 3519 permittente
2352 3464 2573 3504 carnem
2628 3449 2819 3504 invitis
2864 3449 3149 3504 laboribus
3205 3448 3441 3517 domari,
3478 3461 3539 3505 ut

1948 3547 2256 3609 agnoscant
2283 3540 2469 3605 ambo,
2498 3540 2716 3595 animus
2729 3541 2948 3596 scilicet
2976 3550 3031 3595 et
3051 3541 3406 3607 scnsualitas,
3429 3557 3535 3596 non

1947 3629 2236 3698 illegitimo
2285 3629 2540 3698 amplexu
2614 3629 2968 3686 commisceri
3026 3643 3129 3684 nec
3159 3629 3279 3685 loco
3319 3633 3536 3688 virtutis

1948 3718 2280 3790 pravitatem
2311 3732 2600 3789 generare.

2024 3830 2193 3887 Vens.
2221 3832 2314 3888 26.
2343 3832 2564 3889 Laedere
2590 3836 2805 3905 justum
2835 3852 2940 3891 non
2977 3845 3056 3891 est
3082 3836 3296 3891 bonum.
3330 3838 3376 3890 A
3423 3836 3539 3891 vir-

1950 3932 2070 3978 tute
2094 3924 2333 3980 avellere
2358 3926 2453 3995 qui
2479 3927 2672 3983 virtuti
2703 3928 2911 3995 studet,
2949 3945 3194 3999 eumque
3218 3928 3285 3982 ad
3318 3932 3535 3998 passio-

1952 4027 2050 4069 nes
2077 4013 2171 4068 ubi
2197 4014 2375 4070 virtus
2410 4016 2595 4071 delicit
2625 4016 2902 4073 deducere
2947 4033 3059 4073 non
3098 4026 3184 4073 est
3214 4020 3441 4086 bonum,
3470 4019 3538 4073 li-

1950 4112 2039 4161 cet
2063 4105 2137 4163 ob
2167 4105 2521 4164 dulcedinem
2549 4109 2851 4179 voluptatis
2877 4111 2958 4167 sic
2979 4111 3253 4166 videatur.

2024 4242 2138 4299 Nec
2172 4254 2376 4300 rectum
2410 4246 2581 4317 justis
2612 4249 2944 4318 principibus
2988 4249 3263 4305 insidiari.
3294 4249 3414 4304 Non
3453 4260 3541 4307 est

1949 4351 2165 4407 :rquum
2201 4328 2370 4395 onera
2402 4342 2627 4395 virtutis
2651 4356 2819 4411 supra
2848 4342 3070 4397 modum
3096 4343 3205 4398 illis
3231 4343 3538 4413 imponere,

1951 4429 2050 4497 qui
2101 4433 2443 4486 scnsualium
2476 4433 2825 4502 voluptatum
2861 4433 3138 4489 desideria
3185 4436 3438 4488 vicerunt
3484 4444 3540 4489 et

248 4500 453 4573 σθησιν
488 4498 666 4564 ἡδέων
717 4498 997 4569 νικήσασι,
1057 4499 1151 4555 καὶ
1209 4499 1690 4554 καθυποτάσσουσι
1745 4498 1846 4572 τὴν

1962 4534 2174 4576 carnem
2208 4537 2366 4577 suam
2401 4498 2628 4592 spiritui
2648 4525 2715 4578 ad
2748 4524 3009 4578 mandata
3041 4524 3133 4579 Dei
3187 4525 3537 4595 adimplenda

247 4593 442 4664 σάρκα
486 4590 566 4659 τῷ
598 4588 873 4658 πνεύματι
902 4588 971 4642 δι’
1007 4590 1276 4661 ἐργασίας
1302 4590 1412 4644 τῶν
1438 4591 1532 4644 τοῦ
1573 4590 1708 4644 Θεοῦ
1755 4593 1847 4646 ἐν-

244 4682 430 4737 τολῶν
456 4697 471 4713 ·
509 4668 744 4752 λαθραία
791 4682 902 4751 γάρ
953 4682 1102 4735 ἐστιν
1152 4681 1366 4753 ἐχθρῶν
1404 4681 1513 4736 ἀπὸ
1551 4681 1734 4748 δεξιᾶς
1784 4683 1846 4737 τὸ

243 4773 499 4829 τοιοῦτον
539 4772 806 4835 ἐπίθεσις.
851 4772 1013 4825 Ἀλλὰ
1056 4772 1223 4834 καλὸν
1259 4773 1357 4843 μὲν
1407 4772 1627 4837 πάντως
1670 4773 1843 4839 ἐστὶν,

245 4863 341 4922 οἷα
367 4867 601 4930 δίκαιον,
628 4866 691 4920 τὸ
724 4867 865 4921 κατὰ
895 4866 986 4921 τὸν
1016 4866 1246 4935 φυσικὸν
1275 4868 1439 4938 νόμον
1470 4867 1564 4920 καὶ
1588 4869 1680 4921 τὸν
1709 4884 1847 4937 γρα-

246 4961 411 5025 πτὸν,
454 4964 630 5015 ποιεῖν
656 4979 779 5015 τινα
808 4964 889 5025 εἰς
920 4962 1167 5032 ἑτέρους,
1201 4960 1229 5014 ὃ
1259 4963 1355 5016 καὶ
1381 4962 1463 5026 εἰς
1493 4963 1686 5017 ἐαυτὸν
1709 4963 1841 5033 παρ’

246 5052 486 5108 ἐκείνων
512 5053 760 5123 γίνεσθαι
787 5053 954 5121 θέλει,
995 5056 1092 5109 καὶ
1121 5055 1346 5127 ἀγαπᾷν
1386 5055 1481 5110 τὸν
1509 5054 1739 5127 πλησίον
1764 5056 1840 5119 ὡς

244 5145 448 5201 ἑαυτόν
472 5162 487 5177 ·
514 5148 662 5201 δσιον
685 5146 742 5200 δὲ
780 5147 843 5200 τὸ
876 5148 1022 5202 κατὰ
1050 5147 1142 5201 τὸν
1169 5147 1546 5218 πνευματικὸν
1580 5147 1738 5212 αὖθις
1754 5146 1844 5201 νό-

248 5254 377 5309 μον,
408 5237 633 5310 ἀγαπᾷν
661 5238 789 5303 τοῦς
836 5238 1091 5310 ἐχθροὺς,
1132 5240 1229 5293 καὶ
1267 5239 1450 5303 καλῶς
1493 5241 1669 5293 ποιεῖν
1728 5240 1843 5303 τοῖς

249 5328 511 5401 μισοῦσιν
530 5329 693 5385 αὐτόν
714 5345 729 5362 ’
766 5330 862 5384 καὶ
887 5328 1061 5394 οῦτως
1081 5329 1362 5399 διαμένειν
1396 5330 1687 5398 ἄτρεπτον.
1716 5330 1843 5383 Πει-

248 5420 479 5491 σθῶμεν
510 5421 691 5476 τοίνυν
725 5420 849 5493 Θεῷ
890 5420 968 5494 τῷ
1006 5420 1183 5476 ταῦτα
1216 5422 1664 5494 νομοθετήσαντι,
1695 5421 1845 5484 ὅπως

246 5511 585 5585 κληρονόμοι
614 5515 716 5583 τῆς
748 5512 914 5565 αὑτοῦ
963 5510 1246 5582 βασιλείας
1286 5510 1606 5583 γενώμεθαο
1637 5512 1734 5565 καὶ
1767 5510 1845 5583 μὴ

245 5609 658 5683 ῦπακούσωμεν
680 5610 757 5681 τῷ
793 5609 1053 5681 διαϐόλῳ,
1086 5613 1380 5683 ἐκτρέπειν
1421 5611 1569 5683 ἡμᾶς
1598 5611 1845 5680 ἐπειχει-

250 5700 440 5774 ροῦντι
468 5705 567 5773 τῆς
593 5703 796 5775 αρετῆς
826 5706 905 5767 είς
947 5706 1017 5759 τὰ
1062 5707 1184 5759 κατ’
1212 5704 1455 5773 ἔλλειψιν
1497 5702 1706 5772 ταύτης
1747 5700 1843 5754 καὶ

1950 4614 2331 4669 submiserunt
2362 4631 2377 4668 :
2418 4615 2524 4669 hoe
2556 4616 2704 4669 enim
2763 4616 3118 4670 inimicorum
3151 4633 3179 4669 a
3214 4617 3423 4672 dextris
3459 4620 3537 4671 la-

1949 4713 2073 4760 tens
2099 4711 2187 4761 est
2216 4703 2399 4761 dolus.
2425 4704 2563 4759 illud
2604 4713 2788 4759 autem
2815 4714 2901 4760 est
2925 4706 3145 4775 quidem
3176 4709 3404 4761 omnino
3431 4708 3533 4760 bo-

1950 4810 2103 4860 num,
2129 4794 2276 4851 sicut
2303 4795 2538 4864 justum,
2581 4795 2728 4865 quod
2753 4796 2879 4866 quis
2905 4796 3064 4867 juxta
3102 4798 3273 4868 legem
3303 4806 3534 4852 natura-

1950 4885 2057 4942 lem
2094 4894 2151 4943 et
2182 4887 2355 4957 legent
2393 4887 2660 4956 scriptam
2692 4888 2748 4943 in
2783 4888 2924 4945 alios
2954 4897 3079 4960 agat
3114 4888 3260 4958 quod
3299 4891 3369 4945 ab
3413 4891 3538 4944 aliis

1952 4978 2060 5035 sibi
2097 4978 2213 5034 ﬁeri
2245 4979 2419 5048 cupit,
2443 4991 2497 5035 et
2526 4980 2842 5050 proximum
2871 4983 3021 5037 sicut
3061 4982 3300 5051 seipsum
3321 4983 3534 5050 diligat;

1951 5079 2205 5127 sanctum
2230 5080 2438 5135 autem,
2458 5073 2604 5141 quod
2625 5074 2775 5143 quis,
2792 5072 2944 5141 juxta
2974 5073 3321 5158 spiritualem
3341 5074 3537 5141 legem,

1951 5162 2211 5217 inimicos
2241 5162 2437 5233 diligat
2461 5172 2514 5218 et
2543 5162 2864 5219 odientihus
2889 5180 2949 5219 se
2976 5161 3319 5227 benefaciat;
3355 5170 3412 5217 ut
3457 5161 3564 5216 sic'

1950 5259 2278 5308 constanter
2333 5262 2674 5322 permaneat.
2714 5253 3011 5309 Pareamus
3060 5254 3229 5324 igitur
3284 5253 3393 5308 Deo
3434 5252 3537 5307 ista

1950 5340 2335 5411 praecipienti,
2385 5351 2445 5396 ιιι
2503 5342 2750 5398 ἣξει-θύος
2798 5344 2920 5413 ejus
2974 5345 3127 5415 regni
3174 5345 3351 5399 simus
3386 5358 3537 5397 :nou

1953 5439 2137 5485 autem
2179 5433 2526 5499 praebeamus
2560 5448 2748 5489 aurem
2766 5435 2987 5490 diabolo
3024 5435 3120 5506 qui
3151 5451 3253 5491 nos
3280 5451 3308 5488 a
3334 5436 3540 5489 vit-tute

1954 5519 2010 5574 in
2055 5521 2346 5590 passiones
2384 5523 2475 5578 tibi
2512 5533 2647 5579 sunt
2679 5523 2905 5579 virtutis
2931 5524 3186 5581 defectus
3216 5525 3302 5578 vel
3342 5539 3540 5579 exces-

1954 5626 2074 5674 sus,
2108 5621 2360 5667 avertere
2396 5621 2657 5678 conatur,
2698 5629 2765 5669 ne
2804 5615 2858 5669 in
2889 5615 3073 5686 ignem
3108 5614 3212 5685 ipsi
3245 5623 3299 5668 et
3330 5612 3542 5679 angelis

1952 5703 2072 5770 ejus
2101 5713 2354 5770 paratum
2391 5705 2769 5763 demittantur.

246 5790 563 5864 ὑπερϐολὴν
608 5794 754 5867 πάθη
787 5812 799 5826 ⁸
875 5798 960 5850 ἵνα
1011 5813 1085 5868 μη
1131 5796 1623 5868 παραπεμφθῶμεν
1654 5797 1755 5858 ,εἰς
1797 5792 1908 5865 πῦρ
1960 5795 2019 5847 τὸ
2067 5796 2476 5869 ἡτοιμασμένον
2516 5798 2664 5869 αὐτῷ
2707 5799 2802 5853 καὶ
2864 5802 2975 5863 τοῖς
3029 5798 3276 5867 ἀγγέλοις
3350 5792 3517 5851 αὐτοῦ
3582 5812 3585 5815 ‘
