3976 6386
491 372 628 438 1403

1798 374 2151 436 PROCOPII
2195 377 2440 436 GAZIEI

3578 378 3699 445 lilii
3715 383 3717 385 ’

565 480 732 536 Vens.
769 479 860 534 27.
906 479 1010 545 Qui
1040 481 1188 533 timet
1217 494 1280 532 ne
1314 493 1390 531 ιιι
1405 478 1522 530 bum
1558 478 1752 531 durum
1781 478 2048 544 adhibeat,

2228 482 2331 544 κζ’.
2363 485 2466 548 ⁸⁸ος
2509 483 2773 551 φείδεται
2810 484 2975 552 ῥῆμα
3011 485 3376 552 προελέσθαι
3427 490 3696 556 σκληρὸν,

485 573 698 641 sapiens
749 581 849 625 est.
885 569 986 636 Qui
1018 578 1176 624 cavet
1226 583 1295 624 ne
1329 569 1452 624 loco
1483 569 1756 624 sermonis
1805 585 1904 624 cer
1937 571 2056 639 pla-

483 664 666 719 rantis
695 676 1005 717 sermonem
1033 661 1162 715 illud
1196 666 1613 729 exasperantem
1646 659 1927 724 adhibeat,
1955 659 2058 714 bu-

487 759 706 804 manam
750 748 1122 802 inﬁrmitatem
1196 747 1370 801 novit.
1418 745 1492 799 Ea
1547 745 1769 800 indutos
1816 745 2056 814 dejicere

484 857 597 896 non
623 841 738 895 vult
774 839 868 894 sed
901 838 1120 893 fulcire.
1169 837 1297 893 Ilios
1342 846 1526 920 autem
1561 851 1591 891 a
1631 835 1835 906 quibus
1861 843 2055 890 contra

486 948 546 987 se
601 931 868 1000 quispiam
916 930 1164 983 irritatur
1197 937 1250 983 et
1283 927 1389 982 sibi
1425 926 1707 982 molestias
1750 925 1916 981 infert
1961 941 2055 997 pa-

485 1024 687 1077 tienter
711 1022 969 1076 sustinet.
1429 1039 1431 1042 ·

568 1131 659 1184 Vir
687 1140 859 1185 autem
876 1131 1195 1200 ionganimis
1221 1136 1488 1184 sensatus.
1518 1129 1692 1182 Homo
1714 1137 1800 1184 est
1829 1129 1921 1197 qui
1945 1145 2055 1184 non

486 1223 701 1289 ignorat
741 1221 908 1274 Deum
964 1236 1088 1276 esse
1126 1222 1350 1275 cuilibet
1375 1219 1722 1274 occurrentia
1757 1219 2054 1288 disponen-

485 1321 614 1374 tem,
654 1318 708 1364 et
738 1310 860 1364 ideo
899 1311 1317 1363 contristantem
1342 1323 1422 1373 se,
1456 1310 1604 1362 velut
1630 1322 1660 1360 a
1695 1308 1862 1362 Satan
1892 1325 2055 1383 vexa7

484 1413 619 1461 tum,
656 1401 976 1461 miseretur,
1009 1409 1062 1454 et
1103 1401 1172 1454 ab
1219 1401 1326 1455 ista
1350 1400 1641 1454 vexatione
1673 1413 1797 1454 eum
1827 1398 2056 1454 omnino

484 1503 717 1546 conatur
755 1493 1012 1547 avellere.

557 1713 722 1767 Vsus.
763 1712 857 1767 28.
918 1710 1246 1778 Imprudenti
1299 1710 1624 1779 sapientiam
1659 1706 2051 1778 interroganti,

2157 571 2518 642 ἐπιγνώμων.
2565 575 2624 627 '0
2658 575 3120 645 ὑποστελλόμενος
3149 575 3257 646 πρὸ
3279 575 3374 628 τοῦ
3399 575 3700 644 λειαίνοντος

2157 663 2388 734 καρδίαν
2416 664 2598 733 λόγου,
2627 665 2846 720 ἑλέσθαι
2881 665 2972 719 τὸν
2994 665 3203 735 ταύτην
3240 667 3587 737 τραχύνοντα,
3616 671 3701 740 τὴν

2156 754 2504 826 ἀνθρωπίνην
2523 751 2663 809 οἶδεν
2677 755 2967 811 ἀσθένειαν
2991 775 3005 788 ο
3029 759 3124 811 καὶ
3147 759 3272 822 τοὺς
3299 766 3702 830 περικειμένους

2156 844 2345 916 αὑτὴν,
2375 847 2435 898 οὑ
2483 845 2735 916 βούλεται
2795 848 3177 913 καταϐάλλειν,
3227 849 3364 904 ἀλλὰ
3399 850 3701 919 βαστάζεινο

2155 937 2184 989 ὀ
2219 936 2264 988 δ’
2280 937 2366 1005 ἐφ’
2388 933 2470 1001 οἷς
2491 955 2575 1000 τις
2594 938 2840 1003 ὀξύνεται
2863 941 2984 993 κατ’
3009 939 3199 1006 αὑτοῦ,
3223 939 3318 994 καὶ
3340 939 3529 1004 ὀδύνας
3551 942 3704 1013 τούτῳ

2111 1041 2114 1045 ’
2155 1029 2374 1098 ἐπάγει,
2405 1030 2768 1095 ἀνεξικακῶν.

2223 1141 2619 1210 Μακρόθυμος
2681 1142 2750 1196 δὲ
2805 1142 2983 1211 ἀνὴρ,
3051 1143 3358 1211 φρόνιμος.
3407 1143 3706 1213 Ἄνθρωπός

2155 1230 2304 1282 ἐστιν
2337 1229 2492 1293 εἰδὼς
2513 1231 2594 1284 ὃτι
2620 1230 2737 1284 ἐστι
2775 1231 2929 1297 Θεὸς,
2972 1230 3080 1284 τῶν
3130 1233 3345 1301 ἑκάστῳ
3401 1234 3706 1303 πεπραγμὲο

2155 1337 2261 1374 νων
2294 1321 2608 1392 ἐξεταστὴς,
2651 1323 2942 1376 κάντεῦθεν
2980 1324 3071 1377 τὸν
3109 1322 3388 1376 λυποῦντα
3426 1325 3607 1387 αὑτὸν,
3645 1326 3711 1388 ὡς

2157 1411 2262 1464 ὑπὸ
2288 1410 2381 1464 τοῦ
2411 1412 2628 1466 Σατανᾶ
2655 1413 3098 1484 ἐπηρεαζόμενον
3141 1412 3281 1466 ἐλεεῖ
3309 1430 3325 1444 ⁸
3359 1415 3454 1466 καὶ
3489 1415 3585 1483 τῆς
3604 1415 3712 1468 τούν

2154 1520 2248 1555 του
2288 1503 2573 1573 ἐπηρείας,
2609 1503 2967 1575 πολυτρόπως
3002 1504 3190 1559 τοῦτον
3219 1505 3588 1560 ἀπαλλάττειν
3604 1509 3710 1560 επις

2156 1610 2352 1663 χειρει.

2231 1712 2338 1775 κη’.
2383 1707 2646 1775 Ἀνοήτῳ
2672 1707 3118 1776 ἐπερωτήσαντι
3145 1708 3391 1776 σοφίαν,
3421 1707 3604 1775 σοφία
3624 1710 3715 1760 .10-

484 1805 747 1870 sapientia
788 1803 1139 1870 reputabitur.
1173 1801 1425 1872 Ignarus,
1465 1815 1573 1854 una
1610 1799 1844 1868 sapienti
1887 1799 2048 1852 inter-

2156 1799 2527 1896 ’πεισθήσεταιἲ
2586 1799 2644 1852 '0
2667 1799 2907 1869 ἀμαθὴς,
2960 1797 3127 1866 σοφὸς
3176 1798 3594 1868 νομισθήσεται,
3633 1815 3711 1850 σου

487 1895 770 1963 rogatione
818 1893 999 1958 facta,
1052 1892 1399 1962 reputabitur
1476 1890 1720 1960 sapiens.
1775 1888 2048 1943 Putabunt

2159 1889 2264 1959 φὴν
2303 1887 2675 1959 ποιησάμενος
2707 1889 2867 1959 μόνον
2917 1889 3187 1960 ἐρώτησιν
3211 1906 3224 1920 ·
3259 1887 3476 1953 δόξουσι
3535 1887 3637 1956 γὰρ
3670 1890 3713 1941 οἱ

485 1983 631 2034 enim
692 1981 980 2036 audientes
1027 1980 1179 2035 illum
1217 1980 1484 2036 scientem
1528 1979 1676 2050 quod
1730 1979 2048 2049 interrogat,

2159 1979 2471 2046 ἀκούοντες,
2511 1983 2594 2034 ὃτι
2623 1981 2780 2045 εἰδὼς
2802 1982 2831 2034 ὃ
2862 1982 3062 2052 ἐρωτᾷ,
3097 1981 3384 2051 δοκιμάζει
3426 1982 3552 2044 τοὺς
3591 1981 3714 2050 ἐρω-

486 2073 855 2144 interrogatos
885 2083 1097 2130 tentare
1138 2089 1206 2129 an
1242 2074 1534 2144 quaesitum
1571 2074 1772 2130 sciant.

2155 2072 2454 2142 τωμένους,
2497 2073 2544 2124 εί
2570 2072 2632 2125 τὸ
2659 2071 3012 2143 ἐρωτώμενον
3044 2070 3272 2125 οἴδασιν.

557 2185 662 2251 Qui
683 2196 856 2240 autem
874 2203 928 2241 se
945 2198 1146 2242 mutum
1172 2187 1374 2256 fecerit,
1406 2185 1638 2255 prudens
1662 2202 1772 2240 esse
1791 2183 2048 2238 credetur.

2237 2184 2485 2239 Ἐννεὸν
2509 2183 2575 2237 δέ
2607 2201 2698 2248 τις
2739 2183 2957 2237 ἑαυτὸν
3003 2182 3288 2250 ποιήσας,
3319 2183 3490 2247 δόξει
3529 2184 3714 2252 φρόνι-

485 2277 588 2342 Qui
639 2286 820 2334 autem
877 2281 1292 2336 occurrentibus
1342 2294 1401 2334 se
1449 2279 1705 2334 silentem
1751 2293 1814 2330 ac
1843 2285 2048 2330 mutum

2151 2293 2266 2346 μσς
2292 2273 2464 2330 εἶναι.
2515 2277 2575 2329 Ὀ
2599 2276 2655 2328 δὲ
2683 2273 2958 2344 σιωπηλὸν
3000 2275 3098 2326 καὶ
3130 2273 3314 2328 ἔννουν
3335 2276 3451 2338 τοῖς
3481 2291 3712 2346 nugatu-

485 2369 813 2433 ostenderit,
849 2370 1162 2440 Opinionem
1208 2371 1318 2426 illis
1358 2370 1622 2440 praebebit
1689 2369 1755 2423 de
1800 2383 1880 2432 se,
1910 2365 2048 2438 quod

2156 2370 2310 2440 χοῦσι
2342 2369 2522 2436 δείξας
2553 2368 2767 2432 ἐαυτὸν,
2798 2365 3067 2435 ὑπόληψιν
3095 2365 3306 2430 τούτοις
3339 2364 3568 2436 παρέξει
3600 2365 3713 2435 περὶ

487 2459 728 2528 prudens
763 2471 846 2516 est
873 2481 887 2517 :
916 2462 1254 2517 verebuntur
1281 2463 1428 2517 enim
1459 2461 1624 2516 istum
1656 2471 1716 2516 ut
1752 2462 2048 2530 sapientem

2157 2460 2351 2515 ἐαυτοῦ
2372 2461 2448 2524 ὡς
2486 2459 2733 2530 ἐχέφρων
2757 2458 2905 2511 ἐστίν
2925 2473 2940 2487 ·
2978 2457 3449 2526 ὑποσταλήσονται
3477 2457 3584 2526 γὰρ
3604 2456 3714 2509 τοῦ·

486 2564 598 2603 non
639 2551 889 2607 valentes
929 2561 1151 2623 propter
1195 2553 1316 2624 ejus
1360 2552 1640 2609 silentium
1672 2552 1950 2624 quomodo
1996 2567 2048 2607 se

2155 2571 2243 2605 τον
2264 2552 2339 2616 ὡς
2355 2551 2602 2620 νουνεχῆ,
2643 2550 2717 2619 μὴ
2755 2549 3034 2619 ἰσχύοντες
3052 2548 3140 2602 διὰ
3167 2548 3265 2619 τὴν
3290 2547 3460 2602 αὑτοῦ
3497 2545 3710 2618 σιωπὴν,

486 2639 685 2696 babeat
711 2642 1140 2713 deprehendere.

1081 2796 1236 2854 CAP.
1271 2797 1456 2855 XVIII.

555 2944 718 3002 Vens.
763 2947 815 3000 1.
851 2947 1172 3004 Occasiones
1199 2949 1392 3020 quaerit
1435 2949 1527 3020 qui
1569 2949 1678 3003 vult
1717 2947 1957 3003 recedere
1985 2946 2051 3001 ab

483 3039 681 3090 amico.
722 3038 1202 3107 (lpportuuitatem
1242 3041 1438 3109 (ιιιιετὶι
1462 3040 1556 3108 qui
1588 3039 1704 3095 vult
1752 3040 2050 3093 amicitiam

2154 2645 2308 2708 ὅπως
2335 2645 2469 2713 ἔχει.
2507 2640 2854 2697 καταλαϐεῖν.

2746 2794 2998 2855 ΚΕΦᾹΛ.
3052 2801 3162 2854 IH'.

2223 2956 2292 3011 α’.
2327 2955 2664 3025 Προφὰσεις
2697 2954 2857 3022 ζητεῖ
2881 2954 3039 3023 ἀνὴρ
3077 2953 3461 3023 βουλόμενος
3505 2950 3712 3022 χωρίζε⁹

2153 3051 2294 3102 σθαι
2318 3047 2437 3102 ἀπὸ
2460 3048 2674 3116 φίλων.
2707 3045 2988 3117 Ἀφορμάς
3017 3044 3355 3115 πανταχόθεν
3393 3043 3554 3114 ζητεῖ
3578 3045 3604 3096 ὀ
3631 3043 3711 3096 θέ-

483 3140 760 3196 rumpere,
787 3143 910 3182 cum
927 3129 1111 3183 nullus
1140 3129 1211 3183 sit
1230 3130 1575 3185 rationabilis
1603 3137 1900 3199 praeteritus
1920 3130 2048 3184 abo-

2153 3139 2263 3192 λων
2299 3138 2550 3192 διαλῦσαι
2606 3137 2788 3206 φιλίαν
2810 3154 2822 3166 ’
2858 3137 2980 3189 ἐπεὶ
3028 3136 3270 3208 μηδεμία
3304 3136 3457 3188 ἐστὶν
3511 3133 3710 3199 εὔλογος

482 3218 631 3273 Iendi
673 3221 1000 3275 cliaritatem
1051 3236 1170 3291 qua:
1194 3221 1532 3276 dominicum
1575 3221 1893 3275 mandatum
1951 3237 2050 3276 ex-

482 3311 651 3366 sistit.

555 3440 715 3495 Omni
745 3451 976 3511 tempore
1012 3444 1112 3499 erit
1159 3445 1568 3513 exprobrabilis.
1603 3445 1762 3502 Omni
1808 3455 2053 3518 tempore

480 3541 864 3587 eontemnetur
901 3535 1022 3599 iste,
1066 3535 1138 3590 ab
1189 3536 1509 3591 hominibus
1547 3538 1770 3606 quidem
1797 3538 1868 3605 in
1913 3541 2049 3605 vita,

479 3633 671 3692 utpote
700 3624 752 3678 in
787 3627 1026 3681 amicitia
1059 3628 1335 3683 instabilis
1358 3669 1372 3693 ,
1415 3643 1445 3682 a
1491 3627 1602 3684 Deo
1650 3640 1829 3684 autem
1863 3631 1916 3684 in
1944 3647 2051 3687 sae-

478 3715 604 3767 culo
639 3715 846 3781 futuro,
892 3718 1019 3786 quia
1059 3719 1385 3774 charitatem
1421 3735 1544 3789 qum
1582 3721 1916 3792 praecipuum
1966 3732 2051 3779 est

479 3805 625 3861 inter
645 3807 737 3864 Dei
781 3809 1038 3864 mandata
1069 3812 1294 3868 omnino
1328 3813 1587 3884 neglexit.

548 4017 712 4073 Vens.
752 4018 808 4072 2.
849 4019 969 4074 Non
1004 4037 1134 4089 opus
1170 4023 1326 4078 habet
1355 4025 1620 4093 sapientia
1664 4029 1710 4082 is
1737 4029 1827 4098 qui
1849 4028 2048 4100 indiget

476 4110 634 4164 corde
661 4125 678 4162 :
715 4111 886 4179 magis
912 4113 1050 4164 enim
1079 4113 1297 4168 ducitur
1326 4117 1659 4184 insipientia.
1684 4118 1787 4185 Qui
1818 4122 2048 4189 pruden-

476 4200 553 4251 tia
584 4206 755 4259 caret,
795 4216 900 4254 non
939 4204 1149 4271 appetit
1193 4205 1519 4274 sapientiam
1561 4208 1688 4276 quia
1733 4209 1915 4263 anima
1961 4225 2047 4264 ra-

481 4290 671 4344 tionali
709 4292 1080 4350 irralionalem
1112 4311 1338 4350 carnem
1383 4314 1490 4351 non
1517 4301 1751 4369 subigit;
1780 4301 2044 4357 mundum

477 4380 712 4450 diligens
735 4381 902 4438 Deum
932 4400 1040 4439 non
1065 4393 1232 4440 amat.
1261 4387 1438 4445 Corde
1462 4389 1833 4461 insipientiam
1871 4394 2045 4464 magis

476 4489 636 4540 quam
672 4479 940 4531 rationem
971 4478 1238 4547 sequitur.

546 4689 710 4746 Vens.
747 4692 800 4745 5.
832 4691 1055 4762 Impius,
1092 4713 1210 4750 cum
1250 4699 1303 4752 in
1330 4700 1654 4770 profundum
1693 4706 1894 4758 venerit
1919 4720 2044 4773 pec-

473 4780 736 4846 catorum,
782 4788 1108 4850 contemnit;
1144 4788 1235 4842 sed
1269 4793 1506 4860 sequitur
1525 4810 1644 4847 eum
1667 4797 1962 4865 ignominia
1994 4806 2046 4850 et

471 4871 835 4940 opprobrium.
869 4875 1101 4940 Quando
1150 4877 1218 4933 de
1259 4881 1438 4934 salute
1469 4899 1568 4936 sua
1605 4884 1920 4954 desperavit
1947 4891 2040 4956 qui

471 4961 631 5018 bonis
655 4964 916 5033 operibus
955 4965 1124 5020 Deum
1153 4984 1260 5022 non
1288 4971 1442 5036 colit,
1475 4972 1728 5027 timorem
1773 4976 1949 5045 ipsius
1971 4993 2041 5032 ex

472 5057 694 5125 prepria
732 5058 912 5111 anima
956 5060 1181 5114 omnino
1225 5061 1491 5131 expellit;
1540 5072 1594 5118 et
1627 5065 2044 5135 deprehendunt

470 5159 594 5197 cum
644 5148 928 5214 passiones
974 5149 1286 5219 ignominiaa
1315 5159 1369 5205 et
1414 5160 1638 5222 propter
1662 5168 1756 5210 eas
1794 5157 2040 5211 omnium

367 5302 382 5308 _
471 5247 835 5306 contemptus.

543 5366 703 5423 Vens.
729 5372 782 5425 4.
822 5374 974 5443 Aqua
1008 5376 1274 5446 profunda
1300 5396 1473 5435 sermo
1505 5382 1558 5434 in
1591 5383 1747 5437 corde
1769 5387 1891 5440 viri.
1919 5385 2038 5442 Mo-

471 5473 584 5513 rem
613 5459 775 5516 habet
803 5479 956 5536 aqua:
994 5469 1438 5538 profundissinta:
1471 5475 1559 5528 Dei
1585 5481 1810 5530 verbum
1835 5479 1887 5533 in
1922 5481 2041 5534 ani-

470 5571 556 5606 ma
596 5552 717 5620 ejus
754 5554 847 5624 qui
903 5572 1167 5626 generose
1211 5575 1402 5618 contra
1458 5567 1745 5636 passiones
1776 5569 2036 5626 luctatur.

469 5645 742 5712 Abyssum
785 5647 1031 5704 scientia:
1068 5664 1248 5706 mente
1287 5656 1586 5727 vestigans,
1644 5659 2037 5728 imperseruta-

467 5733 632 5788 bilem
674 5740 998 5806 sapientiam
1031 5742 1256 5797 invenit.

2158 3229 2430 3299 πρόφασις
2462 3232 2540 3294 είς
2585 3230 2644 3282 τὸ
2682 3230 2781 3298 τὴν
2826 3227 3050 3298 ἀγάπην
3110 3227 3343 3292 ἀθετεῖν,
3389 3224 3711 3295 Δεσποτικὴν

2156 3311 2510 3392 ὑπάρχουσαν
2545 3321 2792 3391 ἐντολήν.

2237 3456 2339 3511 Ἐν
2365 3454 2548 3510 παντὶ
2585 3455 2654 3509 δὲ
2711 3455 2893 3524 καιρῷ
2946 3453 3356 3518 ἐπονείδιστος
3403 3450 3597 3506 ἔσται.
3632 3449 3710 3502 Ἐν

2153 3549 2314 3601 παντὶ
2350 3547 2405 3599 δὲ
2426 3546 2604 3617 καιρῷ
2630 3545 3123 3616 ἐξουδενωθήσεται
3143 3546 3172 3597 ὀ
3191 3542 3602 3612 τοιοῦτος,παρ“
3627 3541 3709 3594 ἀν-

2152 3641 2386 3712 θρώπων
2423 3640 2551 3712 μὲν,
2597 3640 2740 3695 κατά
2790 3641 2851 3693 τὸ
2881 3640 3078 3711 παρὸν,
3117 3641 3194 3702 ὡς
3232 3639 3301 3692 τὰ
3349 3637 3490 3708 πρὸς
3539 3635 3707 3706 φιλίαν

2151 3733 2440 3796 ἁϐἐϐαιος’
2472 3732 2628 3804 παρὰ
2652 3733 2708 3785 δὲ
2733 3731 2868 3786 Θεοῦ
2925 3731 3067 3786 κατά
3115 3731 3178 3785 τὺ
3230 3729 3445 3801 μέλλον,
3490 3729 3564 3793 ὡς
3620 3726 3707 3796 τῆς

2149 3823 2522 3896 γενικωτάτης
2547 3825 2659 3877 τῶν
2680 3823 2844 3877 αὑτοῦ
2868 3823 3097 3878 ἐντολῶν
3118 3823 3218 3892 τῆς
3245 3823 3468 3891 ἀγάπης
3507 3823 3706 3880 πάντως

2150 3915 2253 3967 ὑπε
2263 3914 2442 3986 ριδών.

2506 3982 2535 3993 δ

2221 4045 2286 4116 β’.
2319 4049 2402 4100 Οὐ
2433 4047 2641 4115 χρείαν
2703 4047 2831 4116 ἔχει
2875 4047 3118 4116 σοφίας.
3177 4045 3390 4111 ἐνδεὴς
3446 4039 3700 4113 φρενῶν·

2143 4137 2384 4208 μᾶλλον
2417 4140 2529 4208 γὰρ
2551 4139 2754 4208 ἄγεται
2789 4141 3129 4208 ἀφροσύνῃ.
3177 4139 3234 4192 '0
3266 4141 3584 4208 φρονήσεως
3607 4133 3704 4186 λεια

2149 4229 2404 4298 πόμενος,
2442 4229 2530 4282 διὰ
2557 4230 2619 4281 τὸ
2651 4229 2726 4300 μὴ
2751 4232 2818 4300 τῇ
2839 4229 3028 4300 λογικῇ
3055 4230 3200 4299 ψυχῇ
3233 4227 3331 4298 τὴν
3367 4226 3561 4293 ἄλογον
3589 4225 3704 4290 adp-

2149 4335 2220 4372 κα
2243 4317 2701 4384 καθυποτάσσειν,
2735 4321 2834 4373 οὑκ
2870 4319 3124 4390 ὀρέγεται
3160 4319 3352 4387 σοφίας
3377 4331 3390 4346 ο
3422 4317 3505 4368 ὅτι
3529 4313 3700 4383 φιλόῦ-

2149 4409 2242 4474 λος
2270 4409 2365 4476 ὢν,
2400 4411 2498 4480 οὑχ
2552 4411 2788 4481 ὑπάρχει
2837 4411 3084 4478 φιλόθεος
3109 4427 3122 4440 ·
3155 4411 3248 4462 καὶ
3312 4407 3420 4478 γὰρ
3479 4407 3634 4460 πλέον
3678 4403 3702 4453 ὀ

2076 4499 2123 4555 D
2149 4500 2389 4564 τοιοῦτος
2419 4505 2486 4571 τῇ
2519 4503 2733 4573 ἀλογίᾳ,
2763 4502 2797 4573 ἢ
2841 4502 2920 4573 τῷ
2963 4503 3108 4573 λόγῳ
3144 4501 3341 4554 ἐπεται
3386 4499 3530 4553 κατὰ
3576 4495 3703 4566 γνώο

2151 4607 2281 4662 μηνο

2215 4730 2284 4790 γ’.
2311 4724 2498 4777 Ὅταν
2517 4725 2665 4792 ἔλθῃ
2687 4725 2914 4791 ἀσεϐὴς
2948 4727 3034 4790 εὶς
3062 4724 3258 4790 ,βάθος
3281 4722 3503 4786 κακῶν,
3533 4736 3699 4774 κατα·

2145 4815 2382 4883 φρονεῖ·
2407 4814 2718 4885 ἐπέρχεται
2765 4817 2835 4868 δὲ
2871 4817 3032 4882 αὑτῷ
3068 4817 3272 4885 ἀτιμία
3319 4815 3419 4868 καὶ
3459 4807 3699 4876 ὄνειδος.

2157 4905 2350 4958 Ὁπότε
2375 4905 2599 4977 ἀπογνῷ
2628 4907 2728 4976 τὴν
2772 4907 3048 4977 σωτηρίαν
3084 4907 3280 4960 ἐαυτοῦ
3310 4907 3339 4958 ὀ
3370 4904 3444 4976 μὴ
3475 4905 3541 4957 δι’
3574 4904 3700 4969 ἀγα-

2146 4996 2270 5070 θῶν,
2286 4996 2464 5069 ἔργων
2493 4998 2667 5068 τιμῶν
2693 4997 2785 5052 τὸν
2815 4997 2970 5063 Θεὸν,
2997 4997 3089 5050 τὸν
3117 4997 3281 5065 φόϐον
3311 4996 3477 5049 αὑτοῦ
3517 5008 3700 5048 παντε-

2144 5087 2252 5150 λῶς
2281 5088 2535 5142 ἐκϐάλλει
2584 5090 2682 5158 τῆς
2747 5088 2883 5151 ἰδίας
2923 5088 3136 5158 ψυχῆςο
3165 5089 3258 5140 καὶ
3308 5085 3698 5155 καταλαμϐάνει

2144 5175 2306 5229 αὑτὸν
2337 5175 2408 5229 τὰ
2439 5175 2587 5246 πάθη
2614 5177 2711 5246 τῆς
2737 5176 2982 5247 ἀτιμίας,
3011 5178 3105 5228 καὶ
3135 5177 3168 5246 ή
3214 5176 3365 5244 παρὰ
3404 5175 3615 5228 πάντων
3639 5170 3697 5223 δι’

2144 5266 2281 5318 αὑτὰ
2305 5263 2670 5335 ἐξουθένησις.

2211 5395 2274 5450 δ’.
2311 5395 2495 5464 Ὕδωρ
2529 5396 2715 5460 βαθὺ,
2738 5397 2921 5465 λόγος
2942 5397 3012 5450 ἐν
3031 5397 3246 5465 καρδίᾳ
3273 5397 3506 5465 ἀνδρός.
3540 5395 3692 5460 Δίκην

2143 5483 2332 5549 ὓδατος
2359 5485 2661 5554 βαθυτάτου
2689 5487 2924 5556 ὑπάρχει
2950 5486 3152 5549 Maio;
3181 5487 3338 5555 λόγος
3369 5491 3426 5540 ἐν
3455 5488 3519 5555 τῇ
3558 5485 3692 5553 ψυχῇ

2141 5575 2235 5628 τοῦ
2275 5576 2529 5644 γενναίως
2558 5576 2627 5629 τὰ
2655 5575 2804 5648 πάθη
2827 5577 3335 5640 καταπαλαίσαντος
3359 5595 3371 5608 ·
3401 5577 3492 5646 τὴν
3537 5575 3692 5628 ἄϐυσ-

2145 5684 2234 5718 σον
2272 5669 2371 5735 τῆς
2411 5668 2662 5733 γνώσεως
2705 5666 2869 5718 αὑτοῦ
2903 5667 3232 5737 ἐρευνῶν-τος
3265 5668 3406 5720 κατά
3445 5666 3687 5726 διάνοιαν,

2143 5757 2235 5809 καὶ
2271 5757 2698 5827 ἁνεξηρεύνητον
2737 5758 2941 5828 ταύτην
2991 5760 3357 5831 εὑρίσκοντος.
