3976 6430
343 392 509 491 1405
1419 416 1953 485 COMMENTARII
1981 416 2067 478 IN
2099 410 2559 477 enormem.
3470 411 3609 476 uno

427 534 702 603 Ποταμὸς
729 533 798 587 δὲ
815 530 1142 599 ἀναπηδῶν
1159 528 1257 584 καὶ
1281 520 1445 599 πηγὴ
1476 529 1643 598 ζωῆς.
1678 528 1775 583 Ἐκ
1810 528 1930 582 στό-

2106 522 2328 578 Flumen
2363 531 2539 577 autem
2570 514 2864 578 scaturiens
2887 531 2938 578 et
2954 524 3072 592 fons
3097 525 3238 578 vim.
3265 521 3345 577 Ex
3380 538 3475 579 ore
3505 539 3606 577 au-

346 642 533 697 ματος
569 625 627 678 δὲ
650 623 743 678 τοῦ
775 623 1063 694 εἰρημένου
1099 620 1314 692 ἀνδρὸς,
1348 615 1503 685 οὗτος
1530 622 1558 673 ό
1587 620 1744 688 λόγος
1772 618 1930 689 δίκην

2056 629 2146 670 .οω
2172 614 2383 686 praefati
2398 615 2499 669 viri
2525 615 2613 669 bic
2625 629 2806 671 sermo
2821 615 2886 669 ad
2902 615 3212 670 doctrinam
3227 616 3607 685 progrediens,

343 713 605 785 ποταμοῦ
659 711 1137 785 πλημμυροῦντος,
1191 712 1287 764 καὶ
1355 710 1466 763 τῶν
1527 708 1723 763 ἐαυτοῦ
1766 707 1933 778 ὁρίων

2056 704 2307 759 watttrire
2331 702 2461 759 facit
2492 704 2761 758 viviﬁcam
2785 705 2896 758 vim
2930 704 3232 768 felicitatis,
3252 704 3609 775 quemadmo-

344 806 852 874 ὑπερεκχεομένου,
887 807 981 856 καὶ
1006 803 1108 873 τὴν
1134 800 1661 873 συμπαρακειμένην
1691 798 1796 869 γῆν
1831 797 1933 866 ἄρ-

2056 795 2166 849 lum
2194 794 2393 850 ﬂumen
2421 793 2565 865 quod
2586 803 2869 862 exaestuat,
2889 803 3043 851 extra
3064 796 3278 849 alveum
3310 795 3609 850 effunditur

341 896 539 959 δοντος
567 895 662 949 καὶ
705 894 1051 966 καρποφόρον
1095 891 1506 955 ἀποτελοῦντος,
1528 887 1931 951 διδασκαλικῶς

2056 902 2356 957 .erramque
2390 887 2732 958 adjacentem
2786 887 3025 958 irrigans
3052 885 3285 941 fertilem
3315 886 3498 942 eﬁcit.

346 987 783 1063 προερχρμνος,
835 986 1072 1054 πηγάζει
1118 980 1178 1039 εὖ
1228 981 1369 1039 εἶναι
1419 983 1655 1052 ζωτικὴν
1679 982 1933 1048 δύναμιν.

432 1083 494 1131 ε’.
535 1077 845 1147 Θαυμάσαι
896 1077 1223 1145 πρόσωπον
1272 1075 1552 1141 ἀσεϐοῦς,
1600 1075 1672 1128 οὐ
1721 1073 1932 1126 καλόν.

352 1171 530 1239 "Od/tv
555 1169 973 1239 καταπλαγῆναι
1000 1168 1282 1231 δυνάστου,
1312 1167 1444 1220 Θεὸν
1470 1166 1546 1237 μὴ
1576 1164 1845 1235 τιμῶντος
1865 1162 1933 1215 δι’

344 1259 753 1329 ἀγαθοεργίας,
780 1260 879 1313 οὑκ
907 1260 1054 1312 ἔστιν
1082 1258 1394 1313 ἐπαινετόν.

434 1351 590 1406 οὐδὲ
619 1351 793 1406 ὅσιον
819 1352 1122 1406 ἐκκλίνειν
1139 1351 1206 1404 τό
1235 1350 1471 1415 δίκαιον
1492 1348 1562 1402 ἐν
1587 1347 1802 1415 κρίσει.
1830 1345 1936 1398 Οὐ-

343 1442 411 1495 δὲ
439 1443 589 1496 ὅσιον
617 1443 704 1496 διὰ
735 1442 826 1496 τὸν
855 1441 913 1509 ἐξ
956 1443 1121 1495 αὑτοῦ
1182 1440 1370 1509 φόϐον,
1410 1442 1468 1493 ἐν
1514 1437 1694 1508 κρίσει
1736 1434 1933 1505 ἐκτρέ·

343 1532 560 1586 πεσθαι
602 1532 698 1585 τοῦ
728 1531 963 1599 δικαίου,
992 1531 1094 1585 κᾶν
1125 1531 1220 1584 τοῦ
1260 1529 1402 1584 κατὰ
1443 1529 1534 1581 τδν
1572 1526 1801 1597 φυσικὸν
1844 1525 1934 1579 νό-

2105 1068 2275 1126 Vsus.
2312 1069 2365 1124 5.
2402 1068 2599 1123 Mirari
2625 1084 2900 1138 personam
2928 1071 3078 1139 impii
3107 1111 3122 1137 ,
3153 1087 3256 1125 non
3284 1079 3361 1124 est
3391 1070 3604 1123 bonum.

2038 1160 2114 1215 De
2144 1161 2296 1215 vultu
2325 1160 2593 1229 potentis‘,
2628 1160 2790 1215 bonis
2842 1163 3103 1230 operibus
3143 1177 3249 1216 non
3290 1162 3608 1215 honorantis

2038 1252 2207 1306 Deum
2243 1249 2636 1317 obstupescere
2677 1264 2784 1303 non
2813 1258 2898 1304 est
2929 1249 3225 1305 laudabile.

2058 1340 2063 1347 ’
2109 1341 2292 1412 Neque
2314 1348 2555 1395 sanctum
2575 1340 2838 1394 declinare
2858 1341 3066 1408 justum
3094 1343 3145 1395 in
3165 1341 3392 1410 judicio.
3421 1340 3611 1410 Neque

2037 1443 2288 1489 sanctum
2330 1433 2401 1487 ob
2442 1432 2683 1502 potentis
2712 1439 2960 1503 metum,
2993 1432 3044 1485 in
3092 1433 3302 1501 judicio
3329 1433 3610 1487 declinare

2037 1527 2259 1597 ajusto,
2292 1524 2509 1580 etiamsi
2558 1523 2626 1577 de
2649 1522 2805 1593 justo
2861 1522 3161 1576 secundum
3189 1524 3357 1593 legem
3386 1534 3608 1577 natura-

345 1639 468 1692 μου
491 1623 725 1688 δικαίου,
757 1625 790 1693 ἡ
813 1623 957 1677 κατὰ
993 1624 1085 1675 τὸν
1115 1620 1485 1690 πνευματικὸν
1519 1620 1683 1689 νόμον
1717 1617 1933 1686 ὁσιότης

2057 1632 2141 1671 em
2174 1623 2391 1686 agatur.
2434 1612 2710 1668 Sanctitas
2744 1614 2891 1667 enim
2930 1615 3233 1667 secundum
3268 1614 3439 1684 legem
3496 1614 3608 1683 spi-

340 1713 684 1784 ὐπέρκειται
710 1711 926 1783 φύσεως
964 1712 1101 1783 πρὸς
1129 1713 1200 1765 τὰ
1232 1711 1372 1779 ὑπὲρ
1410 1709 1572 1779 φύσιν
1615 1706 1935 1775 ἐξιστῶντος

2056 1707 2288 1761 ’ἰιυοιειη
2328 1696 2851 1774 ρι’ωειιιῑήεῑιιτσω,
2880 1703 3079 1771 spiritu
3125 1718 3246 1758 eam
3279 1704 3346 1758 ad
3385 1719 3449 1759 ea
3486 1719 3609 1775 qum

333 1801 458 1856 τοῦ
488 1802 819 1872 πνεύματος.

2056 1811 2206 1866 mpra
2240 1804 2494 1850 naturam
2532 1802 2663 1849 sunt
2712 1793 3100 1848 transferente.

418 1898 510 1956 ς’.
538 1870 723 1959 Χείλη
759 1890 1041 1959 ἄφρονος,
1095 1891 1353 1960 ἄγουσιν
1397 1885 1584 1940 αὑτὸν
1623 1887 1711 1950 εἷς
1755 1881 1929 1937 κακά.

2110 1884 2275 1940 Vsus.
2310 1884 2363 1939 6.
2421 1882 2595 1937 Labia
2650 1883 2806 1937 stulti
2868 1882 3073 1936 ducunt
3138 1897 3257 1936 eum
3320 1882 3377 1933 in
3433 1881 3603 1935 mala.

347 1983 426 2035 ἸΙ
460 1980 728 2051 ἐπιθυμία
767 1982 862 2033 καὶ
893 1983 922 2033 ό
946 1981 1118 2050 θυμὸς
1168 1978 1262 2032 τοῦ
1300 1979 1375 2047 μὴ
1411 1977 1554 2046 λόγῳ
1601 1974 1778 2028 ταῦτα
1828 1973 1931 2025 ἐπ-

2056 1976 2329 2046 lppetitus
2358 1973 2811 2041 concupiscibilis
2878 1981 2934 2027 et
2978 1974 3254 2051 appetitus
3318 1971 3608 2025 irascibilis

343 2073 600 2143 έχοντος,
631 2045 746 2125 αλλ’
774 2045 1042 2140 ἀγομένου
1067 2069 1159 2123 ὑπ’
1188 2045 1374 2123 αὐτῶν.
1398 2045 1718 2134 ἀλογίστως,
1751 2065 1845 2116 καὶ
1865 2063 1933 2115 δι’

2056 2045 2159 2135 :jns
2193 2066 2286 2134 qui
2311 2065 2522 2118 ratione
2546 2065 2670 2119 illas
2724 2079 2836 2118 non
2867 2045 3135 2123 continet.
3164 2063 3257 2117 sed
3282 2063 3350 2116 ab
3378 2064 3486 2117 illis
3514 2063 3610 2116 ab-

341 2164 542 2219 αὺτῶν
565 2163 640 2226 ὡς
667 2162 755 2217 διὰ
782 2162 1009 2231 χειλέων
1040 2161 1101 2214 τὸ
1149 2158 1467 2229 παρατυχὸν
1511 2156 1658 2210 ἆπαν
1686 2154 1933 2218 ἀσπαζο-

2056 2156 2261 2212 lucitur
2289 2164 2343 2208 et
2374 2170 2474 2224 per
2508 2154 2628 2208 illos
2665 2154 2818 2223 quasi
2874 2168 2969 2224 per
3042 2152 3184 2207 labia
3238 2153 3608 2222 quodcunque

344 2256 549 2326 μένου,
586 2256 666 2318 είς
693 2254 874 2307 πᾶσαν
908 2252 1165 2323 φέρουσιν
1202 2250 1365 2305 αὐτὸν
1393 2248 1692 2319 ἁμαρτίαν.
1808 2236 1819 2245 ’

2056 2262 2163 2305 sors
2192 2246 2379 2300 tulerit
2408 2244 2792 2314 ampleCtitur,
2836 2245 2895 2301 in
2954 2259 3117 2300 omne
3166 2261 3290 2300 eum
3341 2245 3608 2299 inducunt

2040 2351 2352 2410 peccatum.

2113 2429 2183 2483 Et
2213 2445 2270 2482 os
2318 2427 2433 2496 ejus
2476 2430 2658 2481 audax
2691 2437 2911 2481 mortem
2941 2427 3176 2481 invocat.
3237 2426 3418 2493 Hujus
3469 2425 3608 2479 ima.

2044 2519 2254 2590 ginatio
2283 2557 2299 2583 ,
2327 2519 2473 2573 sicut
2497 2533 2561 2573 os
2594 2532 2858 2587 praeceps,
2904 2533 3026 2586 quae
3053 2526 3219 2572 recta:
3239 2518 3440 2573 rationi
3476 2532 3607 2572 con-

2043 2611 2234 2666 formis
2276 2618 2357 2664 est
2393 2610 2706 2679 opinionem
2743 2625 2851 2664 non
2880 2609 3063 2665 ferens
3095 2648 3113 2674 ,
3152 2611 3248 2664 sed
3303 2612 3424 2663 sine
3454 2608 3607 2678 judi-

2041 2704 2129 2759 cio
2163 2718 2227 2757 ac
2249 2703 2460 2758 delectu
2490 2702 2698 2771 aliquid
2724 2701 2951 2756 laudare
3000 2712 3094 2756 aut
3131 2703 3442 2772 vituperare
3470 2715 3610 2771 prae-

2049 2793 2285 2863 judicat,
2343 2791 2410 2846 ad
2468 2806 2528 2846 se
2586 2792 2719 2846 totis
2763 2791 2997 2848 viribus.
3035 2793 3263 2847 attrahit
3324 2800 3605 2861 peccatum

2041 2883 2187 2953 quod
2217 2897 2368 2936 mors
2392 2888 2476 2937 est
2501 2883 2717 2936 animae.

423 2430 505 2485 Τὸ
531 2428 600 2483 δὲ
622 2430 816 2497 στόμα
843 2427 1033 2482 αὑτοῦ
1061 2426 1125 2480 τὸ
1157 2424 1350 2495 θρασὺ
1370 2464 1384 2488 ,
1422 2423 1684 2477 θάνατον
1727 2421 1936 2474 ἐπικα-

341 2519 569 2575 λεῖται.
606 2518 673 2571 Ἦ
717 2518 774 2571 δέ
814 2516 1006 2571 τούτου
1043 2514 1336 2584 φαντασία,
1381 2514 1414 2582 ἡ
1463 2512 1618 2579 δίκην
1669 2510 1935 2579 στόματος

344 2607 670 2681 προπετοῦς
694 2648 710 2674 ,
752 2607 852 2678 τὴν
903 2606 1044 2660 κατὰ
1092 2605 1331 2659 διάνοιαν
1379 2603 1605 2674 λογικὴν
1648 2601 1807 2667 δόξαν
1858 2600 1934 2671 μὴ

341 2704 458 2756 ἀνα
466 2700 728 2771 μένουσα,
755 2698 893 2752 ἀλλὰ
916 2694 1523 2769 προκαταλαμϐάνουσα
1551 2696 1795 2747 ἐπαινεῖν
1824 2709 1876 2746 τι
1900 2691 1934 2763 ἢ

340 2792 571 2861 ψέγειν,
601 2790 677 2854 ὡς
735 2788 925 2859 ἔτυχεν
947 2828 963 2853 ,
1008 2789 1306 2841 ἐπισπᾶται
1361 2786 1462 2856 τὴν
1511 2784 1635 2838 κατ’
1657 2783 1937 2854 ἐνέργειαν

334 2882 655 2953 ¹ἁμαρτίαν,
685 2880 720 2950 ἢ
757 2879 935 2950 ψυχῆς
973 2881 1088 2932 ἐστι
1125 2877 1374 2939 θάνατος.

424 2974 501 3039 ζ’.
542 2972 739 3041 Στόμα
753 2971 1032 3040 ἄφρονος,
1052 2967 1345 3037 συν-τριϐὴ
1368 2964 1529 3031 αὐτῷ
1546 2980 1563 2998 ο
1584 2964 1656 3020 τὰ
1669 2962 1739 3018 δὲ
1759 2964 1935 3033 χείλη

346 3062 570 3126 αὐτοῦ,
589 3061 769 3131 παγίς
791 3061 867 3129 τῇ
888 3059 1062 3130 ψυχῇ
1087 3058 1294 3114 αὑτοῦ.
1331 3057 1396 3111 Ἡ
1420 3056 1529 3127 γὰρ
1552 3054 1821 3124 φαντασία
1840 3052 1936 3106 τοῦ

354 3156 437 3224 μὴ
486 3153 577 3207 τὸν
602 3152 698 3211 τοῦ
727 3150 864 3206 Θεοῦ
897 3151 1061 3221 φόϐον
1094 3152 1153 3203 ἐν
1181 3147 1384 3218 καρδίᾳ
1426 3146 1706 3215 φέροντος,
1740 3141 1939 3211 συνθλᾷ

615 3205 697 3306 εἰς
721 3241 828 3312 γῆν
858 3205 1197 3295 κατασπῶσα
1222 3205 1286 3291 τό
1313 3205 1479 3290 αῦτόῦ
1501 3205 1761 3305 ιρρόνημα
1779 3245 1793 3261 ·
1826 3234 1861 3302 ή
1883 3205 1940 3284 δέ
1966 3205 2009 3262 C

352 3334 628 3404 ἐπιθυμία
667 3331 858 3386 τούτου
905 3332 1000 3385 καὶ
1043 3333 1072 3384 ὁ
1100 3330 1292 3399 θυμὸς,
1317 3329 1420 3398 τὴν
1462 3324 1630 3381 αὑτοῦ
1661 3323 1838 3395 ψυχὴν
1866 3323 1944 3386 ὣς

356 3441 475 3479 τισι
512 3423 803 3494 θηράτροις
832 3419 1128 3491 ἀπατηλῶς
1164 3422 1273 3482 τοῖς
1305 3416 1665 3487 προσκαίροις
1693 3414 1943 3467 συνδέου-

359 3532 472 3567 σιν.
685 3544 691 3549 ’

432 3606 508 3671 η’.
556 3599 872 3667 Ὀκνηροὺς
901 3596 1261 3660 καταϐάλλει
1287 3597 1471 3664 φόϐος
1488 3610 1501 3624 ⁸
1526 3593 1721 3662 ’ψυχαί
1749 3592 1817 3645 δὲ
1838 3593 1944 3647 ἀν-

358 3693 691 3761 δρογύνων,
706 3690 1127 3743 πεινάσουσιν.
1151 3689 1285 3750 Τοὺς
1305 3682 1825 3756 καταρᾳθυμοῦντας
1845 3683 1942 3753 τῆς

356 3785 475 3838 τῶν
505 3783 663 3835 θείων
690 3780 917 3834 ἐντολῶν
941 3777 1223 3849 ἐργασίας,
1259 3779 1292 3847 ἠ
1320 3777 1524 3845 ταύτης
1548 3775 1810 3845 ἐργασίας
1832 3773 1943 3826 δει-

282 3902 285 3905 -
358 3873 456 3926 λία
485 3871 850 3924 καταπίπτειν
886 3868 1061 3921 ποιεῖ·
1086 3868 1141 3920 αἱ
1173 3866 1230 3919 δὲ
1251 3866 1422 3935 ψυχαὶ
1464 3864 1594 3929 τῶν,
1621 3864 1697 3926 ὡς
1735 3862 1943 3932 ἀνδρῶν

362 3962 469 4030 μὲν
499 3958 911 4030 θρασυνομένων
938 3958 996 4010 ἐν
1021 3956 1135 4018 τοῖς
1184 3954 1476 4025 μοχθηροῖς
1503 3953 1706 4025 ἔργοις,
1730 3954 1824 4006 καὶ⁹
1847 3950 1941 4005 τοῦ

364 4053 502 4104 ἰδίου
530 4049 775 4103 κινδύνου
805 4045 1296 4116 κατατολμώντων,
1326 4046 1403 4109 ὡς
1435 4044 1709 4114 γυναικῶν
1749 4043 1805 4096 δέ
1833 4043 1945 4097 δει-

341 4142 697 4211 ·λαινομένων
727 4143 785 4194 ἐν
810 4141 923 4203 τοῖς
949 4136 1158 4202 καλοῖς,
1186 4137 1281 4190 καὶ
1313 4136 1451 4209 πρὸς
1475 4137 1575 4206 τὴν
1602 4136 1738 4189 ἰδίαν
1771 4151 1945 4205 σωτη-

362 4236 490 4306 ρίαν
508 4232 917 4286 ὰποκνευόντων
925 4228 1071 4303 [cet].
1089 4226 1539 4302 ἀποκναιόντων],
1551 4231 1618 4300 τῇ
1632 4226 1725 4282 τοῦ
1737 4225 1943 4297 ἀγαθοῦ

358 4324 546 4395 ἐνδείᾳ.
567 4321 917 4394 λιμὼξουσιν.

440 4414 508 4469 θ’.
545 4414 610 4468 '0
642 4412 729 4484 μὴ
769 4411 1015 4483 ίώμενος
1034 4411 1223 4467 αὑτὸν
1255 4411 1326 4466 ἐν
1352 4409 1479 4476 τοῖς
1499 4410 1699 4481 ἔργοις
1726 4411 1934 4478 αὐτοῦ,

2116 2973 2281 3028 Vens.
2322 2974 2375 3027 7.
2418 2971 2492 3027 0s
2534 2971 2883 3038 imprudentis
2943 2973 3183 3026 eontusio
3223 2972 3318 3037 ei,
3368 2980 3418 3025 et
3463 2970 3608 3022 labia

2042 3062 2235 3130 ipsius,
2264 3060 2486 3128 laqueus
2541 3060 2736 3113 anima:
2777 3060 2916 3128 ejus.
2958 3059 3274 3131 lmaginatio
3330 3060 3451 3130 ejus
3515 3060 3608 3131 qui

2047 3149 2142 3204 Dei
2169 3151 2418 3202 timorem
2453 3148 2507 3201 in
2555 3147 2723 3202 corde
2755 3162 2865 3201 non
2892 3130 3102 3215 servat,
3133 3130 3608 3220 conquassateum

2045 3241 2112 3295 ad
2154 3247 2359 3294 terram
2418 3239 2704 3294 attrahens
2729 3239 3092 3309 cogitationes
3126 3240 3267 3308 ejus.
3322 3240 3610 3309 Appetitus

2044 3331 2499 3400 concupiscibilis
2528 3341 2709 3386 autem
2742 3332 2893 3387 illius
2919 3346 2982 3386 ac
3011 3332 3288 3402 appetitus
3312 3332 3610 3385 irascibilis

2044 3421 2202 3489 quasi
2228 3420 2555 3490 quibusdam
2581 3422 2792 3491 laqueis
2820 3422 3056 3476 animam
3084 3424 3256 3493 ipsius
3280 3423 3445 3477 rebus
3471 3432 3610 3476 tem-

2044 3514 2325 3582 poralibus
2363 3513 2703 3567 devinciunt.

2119 3601 2282 3657 Vsus.
2324 3602 2376 3656 8.
2418 3602 2640 3673 Pigrum
2702 3599 2884 3670 dejicit
2928 3605 3130 3658 timor:
3192 3604 3386 3657 animae
3435 3611 3610 3657 autem

2042 3695 2465 3765 eﬁ'eminatorum
2495 3695 2748 3750 esurient.
2781 3695 2908 3749 lllus
2950 3696 3042 3764 qui
3094 3694 3373 3764 negligant
3396 3693 3611 3747 divino-

2044 3804 2167 3843 rum
2216 3788 2601 3842 mandatorum
2644 3787 3045 3858 operationem,
3080 3786 3229 3841 illius
3272 3785 3611 3854 operationis

2045 3875 2312 3932 timiditas
2346 3876 2599 3931 decidere
2630 3876 2781 3929 facit.
2815 3877 3024 3930 Anima:
3052 3884 3231 3928 autem
3279 3887 3468 3927 eorum
3514 3874 3610 3942 qui

2042 3975 2106 4020 ut
2152 3968 2255 4021 viri
2287 3967 2509 4037 quidem
2554 3977 2687 4020 sunt
2740 3965 2979 4018 audaces
3030 3962 3096 4016 ad
3147 3977 3310 4031 opera
3352 3963 3491 4015 mala
3518 3971 3613 4026 ,et

2045 4058 2112 4113 ad
2140 4059 2423 4129 proprium
2473 4056 2781 4125 periculum
2831 4054 3164 4113 adeundum,
3217 4052 3376 4121 quasi
3412 4050 3611 4105 mulie-

2045 4159 2136 4200 res
2187 4152 2367 4198 autem
2418 4143 2593 4197 timidi
2629 4153 2756 4197 sunt
2804 4143 2856 4195 in
2913 4142 3073 4196 bonis
3127 4141 3387 4210 cperibus
3441 4148 3497 4195 et
3539 4139 3611 4195 ad

2043 4237 2320 4309 propriam
2362 4237 2593 4293 salutem
2624 4236 2787 4308 pigri,
2828 4236 3009 4304 inepta
3039 4234 3168 4289 boni
3199 4235 3467 4289 esurient.

2113 4417 2281 4474 Vsus.
2329 4419 2384 4473 9.
2427 4419 2531 4485 Qui
2579 4434 2682 4472 non
2704 4422 2943 4472 medetur
2967 4417 3069 4471 sibi
3115 4417 3172 4471 in
3203 4415 3448 4485 operibus
3475 4416 3612 4477 suis,

360 4507 631 4574 ἀδελφός
675 4504 807 4559 ἐστι
852 4502 963 4558 τοῦ
1005 4501 1446 4572 λυμαινομένου
1490 4501 1726 4557 ἑαυτόν.
1758 4502 1820 4555 '0
1864 4503 1939 4573 μὴ

2056 4510 2213 4569 frater
2236 4522 2315 4567 est
2362 4510 2628 4578 perdentis
2683 4511 2934 4576 seipsum.
2998 4507 3102 4575 Qui
3157 4523 3254 4577 per
3304 4520 3468 4576 opera
3502 4507 3613 4559 vir-

361 4598 455 4652 Gtit
486 4595 596 4651 τῶν
626 4596 803 4665 ἔργων
844 4595 944 4663 τῆς
980 4594 1179 4665 ἀρετῆς
1214 4591 1573 4648 ἀπαλλάττων
1606 4591 1801 4647 ἐαυτὸν
1829 4591 1939 4646 τῶν

2056 4604 2182 4659 tutis
2216 4619 2323 4658 non
2352 4603 2548 4657 liberat
2579 4617 2640 4655 se
2664 4609 2934 4670 quantum
2976 4606 3157 4669 potest
3205 4614 3234 4651 a
3263 4596 3612 4668 passionibus

363 4689 490 4743 καθ’
515 4686 630 4752 ἐξιν
677 4687 776 4756 τῆς
819 4685 1092 4756 ἁμαρτίας
1132 4683 1345 4749 παθῶν,
1376 4683 1580 4754 ἀδελφὰ
1633 4686 1821 4755 φρονεῖ
1865 4682 1945 4754 τῷ

364 4778 488 4832 καττ
510 4777 790 4847 ἐνέργειαν
811 4774 1021 4845 ταύτης
1043 4774 1245 4845 μᾶλλον
1263 4775 1459 4829 ἑαυτὸν
1484 4774 1942 4830 καταϐλάπτοντι.

361 4870 429 4922 Ei
466 4866 543 4938 μὴ
579 4867 691 4937 γὰρ
717 4866 811 4920 καὶ
839 4869 940 4936 τὴν
973 4868 1115 4919 κατὰ
1157 4865 1396 4919 διάθεσιν
1438 4866 1593 4936 ῥίζαν
1620 4865 1719 4934 τῆς
1746 4864 1945 4930 κακίας

367 4957 598 5013 σπεύσει
625 4958 898 5011 ἐκσπάσαι
923 4973 1008 5020 τις
1024 4996 1039 5021 ,
1072 4956 1299 5019 κλάδους
1330 4957 1549 5019 πάντως
1575 4957 1829 5026 πονηρῶν
1853 4957 1944 5010 λο-

367 5047 585 5119 γισμῶν
614 5046 994 5116 ἀναθαλλήσει,
1011 5047 1212 5100 καὶτὸν
1240 5048 1436 5118 πικρὸν
1460 5043 1615 5110 αὖθις
1641 5047 1740 5116 τῆς
1764 5048 1945 5118 ἁμαρ⁴

367 5138 488 5199 τίας
527 5133 647 5188 κατ’
678 5134 962 5204 ἐνέργειαν
1002 5134 1348 5207 προσενέγκῃ
1383 5135 1615 5205 καρπόν.

441 5230 494 5280 ι’.
532 5227 634 5279 Ἕκ
658 5225 1096 5294 μεγαλωσύνης
1120 5226 1357 5294 ισχύος,
1383 5224 1648 5294 φανερὸν
1666 5224 1734 5279 τὸ
1757 5224 1945 5294 ὄνομα

371 5317 611 5384 Κυρίου.
645 5304 742 5369 Ἕκ
782 5318 880 5386 τῆς
905 5317 1322 5389 κηρυττομένης
1352 5317 1459 5370 ὑπὸ
1490 5317 1671 5385 πάσης
1697 5316 1797 5386 τῆς
1826 5317 1945 5369 κτί-

370 5428 507 5474 σεως
536 5411 776 5482 μεγάλης
796 5410 1076 5479 δυνάμεως
1098 5411 1190 5464 τοῦ
1211 5404 1483 5464 Δεσπότου
1505 5409 1612 5463 τῶν
1632 5409 1770 5463 ὅλων
1784 5408 1940 5475 Θεοῦ,

372 5501 583 5572 φανερὰ
618 5503 653 5571 ἡ
688 5499 880 5554 τούτου
920 5500 1121 5569 γνῶσις
1160 5500 1522 5571 καθέστηκεν.

441 5608 609 5676 Αὐτῷ
637 5609 708 5663 δὲ
733 5610 1220 5681 προσδραμόντες
1239 5612 1476 5678 δίκαιοι,
1499 5612 1819 5680 ὐψοῦνται.
1861 5615 1940 5685 Τῇ

376 5698 431 5751 δέ
463 5704 680 5771 τοιαύτῃ
712 5700 911 5769 γνώσει
941 5703 1332 5773 προσελθόντες
1355 5703 1444 5756 διὰ
1474 5704 1708 5766 πίστεως
1739 5708 1831 5758 καὶ
1854 5707 1942 5772 φό-

376 5790 487 5854 ϐου,
509 5794 558 5846 οἱ
588 5790 647 5845 τό
675 5792 844 5856 ὅντως
887 5793 1112 5858 ἀγαθὴν,
1132 5794 1223 5848 τοῦ
1246 5794 1602 5859 νομιζομένου
1624 5797 1942 5868 προκρίνον-

736 5921 767 5939 κ

2044 4694 2276 4765 peccati,
2314 4692 2516 4748 similia
2548 4693 2754 4757 cogitat
2779 4702 2847 4743 ac
2892 4688 2985 4742 ille
3018 4687 3114 4756 qui
3166 4688 3409 4755 seipsqu
3440 4684 3612 4739 laedit.

2042 4783 2178 4839 Nam
2220 4783 2327 4838 nisi
2363 4783 2489 4852 quis
2549 4795 2648 4849 pro
2685 4778 2830 4832 virili
2883 4787 3038 4848 parte
3082 4777 3307 4830 malitia:
3372 4774 3609 4828 radicem

2042 4874 2335 4929 extrahere
2404 4869 2651 4933 studeat,
2686 4869 2953 4922 tnalarutu
2980 4867 3379 4938 cogitationum
3429 4879 3617 4918 ramos

2043 4965 2268 5018 omnino
2311 4962 2587 5017 virescere
2623 4959 2752 5014 facit
2796 4973 3127 5028 amarosque
3160 4957 3360 5012 iterum
3403 4952 3614 5024 peccati

2042 5053 2255 5110 fructus
2301 5055 2432 5108 totis
2466 5052 2675 5107 viribus
2735 5047 2967 5118 profert.

2118 5231 2478 5289 Vens.l0.Ea:
2510 5231 2904 5301 magnificentia
2923 5229 3257 5300 fortitudinis
3285 5243 3474 5282 nomen
3501 5225 3612 5280 Do-

2044 5325 2176 5378 mini
2198 5322 2596 5391 manifestatur.
2621 5322 2697 5374 Ex
2734 5335 2928 5391 magna
2968 5319 3210 5390 potentia
3236 5316 3609 5382 Dei,outnium

2042 5412 2385 5480 Domini,ab
2444 5414 2700 5468 universa
2748 5413 3025 5467 creatione
3070 5410 3387 5482 pradicata,
3436 5410 3610 5464 mani-

2045 5506 2181 5562 festa
2207 5507 2417 5561 exstitit
2465 5504 2586 5574 ejus
2618 5505 2877 5575 cognitio.

2118 5618 2182 5671 Ei
2210 5628 2388 5671 autem
2414 5626 2746 5670 accurrentes
2768 5616 2907 5685 justi
2925 5617 3257 5672 exaltantur.
3284 5604 3385 5684 Qui
3419 5628 3604 5672 autem

2042 5709 2108 5763 ad
2143 5711 2291 5763 illam
2326 5708 2695 5777 cognitionem
2725 5716 3025 5760 accurtuut
3053 5722 3151 5774 per
3183 5707 3341 5760 Iidem
3376 5714 3431 5759 et
3489 5722 3606 5761 uie-

2043 5811 2179 5855 tutu.
2220 5808 2274 5853 et
2309 5811 2493 5852 verum
2534 5795 2737 5850 bonum
2770 5794 2822 5850 ei
2866 5796 3008 5865 quini
3040 5796 3343 5851 aestimatur
3403 5797 3606 5849 bonum
