3976 6426
409 378 545 444 1ιοῖ

1705 369 2062 433 PROCOPII
2102 369 2347 431 GAZEI

3532 366 3659 437 litis

407 490 791 557 anteponunt,
822 496 851 538 a
883 480 1203 540 carnalibus
1242 480 1590 552 terrenisque
1618 480 1686 537 ad
1734 481 1989 552 spiritua-

2117 498 2202 548 ιες,
2223 480 2516 550 ἀνάγονται
2535 479 2645 535 ἀπό
2667 480 2777 537 τῶν
2796 481 3078 553 σαρκικῶν
3104 480 3202 536 καὶ
3220 481 3424 553 γηίνων
3451 484 3581 555 πρὸς
3596 488 3659 541 τΞι

406 579 478 634 lia
533 594 598 633 ac
641 575 886 633 caelestia
931 572 1361 630 transferuntur.

476 669 645 725 Vens.
686 669 776 724 tt.
820 654 1141 723 substantia
1186 663 1364 719 divitis
1410 665 1511 720 uiri
1594 664 1717 718 urbs
1757 664 1985 719 munita.

405 759 731 817 Substantia
786 772 980 813 eorum
1023 756 1118 824 qui
1163 755 1425 810 virtutem
1486 770 1552 810 ac
1618 754 1990 824 cognitionem

406 850 700 921 possident
751 846 996 902 caelestis
1066 851 1157 901 est
1215 844 1542 914 metropolis
1595 843 1816 898 insidiis
1879 858 1990 898 non

411 951 625 1010 patens,
669 936 1110 1009 inexpugnabilis
1142 954 1158 1002 ;
1189 950 1380 991 eorum
1421 935 1514 1004 qui
1544 935 1727 989 omnia
1752 949 1993 1004 praesen-

412 1033 487 1097 tia
530 1038 890 1085 contemnunt
951 1037 1012 1083 ut
1060 1028 1214 1081 illius
1261 1026 1508 1081 civitatis
1543 1027 1693 1097 cives
1727 1027 1883 1082 liant.

484 1118 671 1174 Gloria
700 1128 877 1172 autent
924 1117 1039 1186 ejus
1098 1131 1413 1186 magnopere
1464 1115 1766 1169 obumbrat.
1802 1113 1992 1170 Gratia

413 1221 600 1266 autem
665 1209 1005 1266 sanctissimi
1072 1208 1338 1279 Spiritus,
1374 1222 1498 1277 qua:
1542 1207 1697 1261 illius
1754 1207 1993 1262 civitatis

414 1310 499 1358 est
517 1302 713 1372 gloria,
743 1316 887 1370 quos
922 1299 1086 1365 hujus
1128 1300 1280 1354 cives
1313 1298 1513 1367 dignos
1555 1297 1749 1353 habuit
1774 1299 1876 1354 hac
1898 1315 1996 1370 per

412 1393 644 1464 gratiam
688 1391 1053 1456 deificatione,
1077 1391 1307 1445 multum
1353 1390 1408 1444 in
1454 1390 1561 1445 hac
1599 1390 1707 1444 vita
1760 1392 1997 1464 protegit

417 1492 609 1539 contra
640 1482 911 1537 maculam
934 1496 967 1536 a
995 1480 1395 1550 cupiditatibus
1420 1480 1763 1549 adspersam.

491 1575 655 1632 Vens.
723 1575 808 1630 η.
854 1576 1148 1644 Antequam
1194 1584 1520 1637 conteratur,
1579 1574 1848 1629 exaltatur
1905 1592 1999 1630 cor

417 1663 665 1728 hominis,
705 1672 755 1717 et
788 1672 1071 1731 antequam
1091 1662 1439 1733 gloriﬁcatur,
1468 1663 1999 1722 humiliatur.Causa

416 1753 617 1806 animae
661 1753 852 1820 lapsus
897 1752 1022 1821 ejus
1050 1759 1137 1807 est
1176 1752 1445 1807 exaltatio
1479 1794 1495 1818 ,
1529 1753 1995 1823 quemadmodum

2091 569 2442 642 πνευματικά
2478 570 2572 625 καὶ
2610 571 2865 642 οὐράνια.

2163 662 2577 731 ια¹.⁹Υπαρξις
2604 663 2955 730 πλουσίων,
2989 663 3168 730 πόλις
3200 662 3411 733 ὀχυρά.
3451 666 3663 735 Περιου-

2093 754 2183 807 σία
2206 754 2315 808 τῶν
2341 753 2440 827 τὴν
2468 751 2675 827 ἀρετὴν
2705 755 2800 809 καὶ
2832 754 2931 826 τὴν
2959 755 3165 824 γνῶσιν
3198 755 3669 829 πεπλουτηκότων,

2090 847 2128 917 ἠ
2157 847 2269 903 ἀνω
2299 848 2418 900 ἐστὶ
2450 846 2864 918 μητρόπολις,ή
2890 846 3318 918 ἀνεπιϐούλητος
3354 848 3448 901 καὶ
3472 849 3668 904 ἀνάλω-

2088 951 2217 1002 τος·
2246 939 2425 993 πάντα
2449 939 2793 1011 προϊεμένων
2835 939 2908 993 τά
2948 939 3199 1010 παρόντα
3217 982 3233 1008 ,
3268 940 3345 1004 ὡς
3374 940 3443 995 ἂν
3468 942 3667 1015 ἐκείνης

2090 1030 2307 1084 πολῖται
2339 1031 2625 1099 γένωνται.

2180 1121 2241 1176 Ἠ
2284 1121 2356 1175 δὲ
2398 1122 2549 1188 δόξα
2587 1123 2781 1193 αὐτῆς
2801 1122 2958 1194 μέγα
2989 1123 3347 1186 ἐπισκιάζει.
3382 1125 3448 1179 Ἠ
3491 1126 3547 1180 δὲ
3584 1127 3669 1181 τοῦ

2092 1210 2361 1275 παναγίου
2391 1210 2710 1281 Πνεύματος
2745 1212 2907 1283 χάρις
2926 1252 2943 1277 ,
2971 1212 3119 1283 ἤπερ
3151 1215 3303 1268 ἐστὶν
3331 1214 3547 1285 ἐκείνης
3582 1217 3673 1285 τῆς

2092 1301 2303 1365 πόλεως
2330 1302 2572 1369 εὔκλεια,
2599 1304 2675 1369 ὡς
2706 1305 2835 1369 τοὺς
2858 1306 3064 1376 ταύτης
3084 1306 3310 1371 πολίτας
3331 1306 3559 1373 ἀξιοῦσα
3582 1308 3675 1379 τῆς

2093 1391 2238 1446 κατά
2265 1393 2427 1463 χάριν
2453 1394 2704 1460 θεώσεως
2722 1436 2738 1462 ,
2767 1397 2830 1450 ού
2864 1397 3080 1468 μικρῶς
3110 1397 3395 1452 κάνταῦθα
3427 1398 3675 1466 φυλάττει

2093 1481 2202 1536 ἀπὸ
2241 1484 2338 1554 τῆς
2378 1484 2471 1538 τοῦ
2515 1486 2763 1558 φλογμοῦ
2803 1487 2914 1541 τῶν
2951 1488 3145 1543 παθῶν
3187 1489 3578 1561 μελανὼσεως.
3681 1549 3695 1564 ,

2170 1573 2260 1644 ιβ’.
2301 1574 2423 1643 Πρὸ
2467 1575 2798 1646 συεντριϐἢς
2852 1577 3116 1647 ὑψοῦται
3165 1578 3386 1648 καρδία
3430 1579 3677 1649 ἀνδρὸς,

2095 1665 2195 1718 καί
2224 1666 2338 1734 πρὸ
2368 1666 2556 1736 δόξης
2581 1669 2990 1726 ταπεινοῦται.
3028 1671 3189 1725 Δίτία
3214 1671 3311 1726 τοῦ
3336 1672 3479 1726 κατά
3508 1672 3685 1744 ψυχὴν

2097 1755 2392 1827 πτώματος
2416 1761 2449 1829 ή
2481 1760 2686 1832 ταύτης
2713 1763 2861 1816 ἐστὶν
2902 1762 3156 1834 ἔπαρσις,
3198 1763 3399 1833 ὥσπερ
3430 1763 3500 1817 αὖ
3530 1766 3679 1834 ἠτα-

414 1841 703 1897 humilitas
728 1856 897 1896 causa
939 1851 1024 1897 est
1052 1842 1279 1897 honoris
1333 1843 1481 1913 apud
1535 1842 1733 1900 Deum.
1797 1843 1989 1900 Omnis

2117 1851 2494 1923 τεινοφροσύνη
2516 1853 2617 1922 τῆς
2648 1853 2801 1925 παρά
2833 1854 2953 1925 Θεῷ
2988 1854 3157 1926 τιμῆς
3176 1871 3192 1887 ·
3220 1857 3333 1918 πᾶς
3357 1854 3469 1926 γὰρ
3488 1856 3517 1908 6
3539 1854 3677 1925 ὑψῶν

416 1935 567 1989 enim
600 1934 695 2005 qui
736 1949 796 1990 se
826 1934 1031 1989 exaltat
1090 1934 1481 1988 ltumiliabitur
1505 1973 1522 2000 ,
1556 1935 1651 2005 qui
1697 1945 1880 1991 autem
1933 1951 1995 1992 se

421 2027 673 2081 lutmiliat
705 2025 1069 2080 exaltabitur.‘

495 2117 655 2172 Vens.
700 2116 787 2170 l5.
830 2116 936 2179 Qui
990 2118 1141 2186 prius
1194 2114 1472 2185 respondet
1533 2132 1694 2186 quam
1734 2115 1992 2183 audierit,

419 2206 638 2260 stultum
665 2223 720 2260 se
740 2221 851 2260 esse
879 2205 1228 2269 demonstrat,
1263 2215 1312 2259 et
1334 2207 1727 2274 vituperatione
1751 2207 1993 2278 dignum.

417 2296 523 2363 Qui
553 2311 673 2352 sese
700 2295 945 2351 defendit
972 2298 1299 2366 priusquam
1328 2296 1557 2353 auribus
1587 2298 1827 2368 accipiat
1846 2297 1998 2369 quod

415 2387 524 2457 ipsi
550 2386 789 2452 dicitur,
847 2386 1105 2442 amentiae
1139 2386 1387 2442 defensio
1451 2387 1573 2458 ejus
1624 2388 1999 2445 manifestatio

416 2478 623 2541 evadit,
647 2479 776 2550 quia
802 2493 915 2533 non
937 2478 1421 2549 intelligitdictum
1444 2488 1506 2534 ut
1534 2479 1615 2534 illi
1641 2481 1998 2550 respondeat.

417 2571 546 2626 ideo
575 2581 633 2625 et
674 2569 1055 2626 contemnitur
1099 2569 1168 2626 ab
1202 2571 1459 2626 omnibus
1495 2571 1698 2642 quibus
1729 2573 2002 2646 colloqui-

419 2671 529 2716 tur.

496 2751 660 2808 Vens.
703 2751 792 2806 H.
835 2750 1095 2807 Furor-em
1124 2751 1227 2806 uiri
1262 2751 1477 2823 mitigat
1516 2768 1700 2808 servus
1743 2752 1999 2825 prudens.

418 2843 559 2898 Iram
593 2844 833 2900 hominis
884 2846 1039 2901 sedat
1097 2844 1342 2914 prudens
1409 2843 1651 2903 famulus
1702 2847 2003 2904 solertibus

416 2935 625 2990 verbis.

491 3027 902 3083 Pusillaniment
933 3035 1116 3083 autem
1162 3026 1446 3082 dominum
1491 3027 1537 3082 si
1565 3030 1690 3099 quis
1738 3032 1999 3096 sustinet,

421 3120 793 3176 admiratione
835 3119 1060 3189 dignus.
1090 3117 1245 3174 Solet
1273 3121 1419 3174 enim
1452 3119 1545 3175 ille
1567 3121 1730 3178 irasci
1763 3123 1820 3177 in
1849 3124 2000 3178 omni

421 3212 739 3277 occasione,
770 3211 815 3265 si
847 3209 1065 3264 accidat
1100 3219 1159 3264 ut
1200 3209 1410 3279 aliquid
1442 3225 1555 3266 non
1607 3212 1768 3281 juxta
1835 3214 2006 3269 bene-

422 3303 686 3375 piacitum
734 3300 1057 3370 perficiatur
1102 3316 1172 3356 ex
1218 3301 1533 3372 ignorantia
1580 3305 1727 3360 servi
1772 3303 2005 3359 manda-

423 3405 541 3450 tum
591 3408 702 3448 non
760 3393 1145 3461 adimplentis,
1177 3394 1268 3448 eui
1310 3408 1455 3463 saepe
1498 3394 1802 3452 inhumane
1838 3395 2005 3467 ﬂagra

422 3484 621 3552 infigit.

498 3572 664 3629 Vsus.
707 3574 795 3629 15.
835 3573 943 3629 Cor
984 3572 1263 3643 prudentis
1292 3573 1532 3642 possidet
1593 3589 1833 3629 sensum.
1874 3573 2009 3628 Ani-

424 3681 516 3722 ma
562 3665 686 3735 ejus
728 3664 824 3736 qui
878 3663 1052 3721 Deum
1103 3676 1286 3720 mente
1341 3663 1573 3735 profert,
1624 3664 1828 3735 accipit
1888 3663 2008 3720 dis-

426 3758 728 3814 cretionem
757 3771 882 3827 quae
909 3770 939 3809 a
965 3755 1153 3826 pejore
1199 3754 1403 3810 melius
1426 3755 1738 3825 distinguit;
1777 3756 2010 3811 manda-

366 3870 374 3878 ·
426 3859 484 3904 ta
543 3848 640 3905 Dei
710 3846 1014 3917 adimplere
1068 3846 1238 3917 cupit,
1288 3854 1415 3901 ‘tum
1477 3862 1541 3902 ea
1604 3861 1727 3917 quae
1778 3861 1810 3901 a
1863 3847 2009 3903 malo

427 3948 731 4005 avertunt,
763 3946 878 3994 tttm
924 3952 990 3994 ea
1026 3952 1149 4006 quae
1191 3937 1261 3993 ad
1312 3937 1571 3995 virtutem
1617 3939 2007 3997 adhortantur.

499 4140 671 4195 Aures
737 4149 915 4194 autem
989 4140 1312 4208 sapientium
1390 4149 1633 4209 quaerunt
1688 4139 2008 4195 doctrinam.

427 4231 667 4286 Auditus
699 4237 884 4285 autem
923 4244 1115 4285 eorum
1149 4230 1245 4300 qui
1276 4229 1450 4285 divini
1491 4231 1643 4286 verbi
1712 4241 1844 4286 sunt
1884 4247 2014 4304 par-

438 4322 659 4390 ticipes,
705 4334 813 4374 non
879 4319 1002 4374 Solo
1051 4317 1145 4373 Dei
1179 4320 1347 4374 verbo
1394 4331 1526 4375 sunt
1576 4324 1858 4388 contenti,
1915 4323 2012 4381 sed

430 4427 530 4481 per
564 4410 981 4465 meditationem
1034 4416 1357 4467 scrutantur
1386 4413 1551 4465 etiam
1620 4413 1784 4482 hujus
1860 4416 2011 4471 verbi

2096 1943 2291 1998 ἑαυτὸν
2313 1946 2847 2018 ταπεινωθήσεται,ό
2868 1950 2925 2003 δὲ
2950 1950 3228 2004 ταπεινῶν
3253 1949 3452 2003 ἑαυτὸν
3475 1948 3680 2020 ὑψωθή-

2096 2051 2269 2092 σεται.

2169 2134 2260 2197 ιγν.
2292 2130 2389 2195 “Oc
2418 2130 2809 2198 ἀποκρίνεται
2829 2133 3018 2201 λόγον
3043 2131 3189 2202 πρὶν
3208 2132 3499 2197 ἀκοῦσαι,
3517 2132 3682 2201 ἀφρο-

2097 2220 2260 2289 σύνη
2300 2221 2473 2275 ἐστὶν
2511 2222 2674 2287 αὐτῷ
2713 2222 2812 2277 καί
2845 2221 3099 2289 ὄνειδος.
3140 2222 3232 2293 Τῷ
3263 2224 3680 2294 ἀπολογουμένῳ

2100 2311 2232 2382 πρὶν
2264 2314 2375 2374 τοῖς
2399 2311 2502 2365 ὠσὶ
2529 2311 2782 2377 δέξασθαι
2806 2313 2868 2367 τὸ
2898 2314 3051 2386 παρά
3076 2331 3221 2377 τινος
3248 2314 3430 2385 τούτῳ
3459 2315 3679 2383 λεγόμε-

2103 2421 2215 2468 νον,
2257 2403 2448 2469 ἀνοίας
2480 2406 2516 2475 ἡ
2563 2405 2795 2473 τοιαύτη
2847 2407 3114 2476 ἀπολογία
3163 2407 3461 2477 παραίτιος
3485 2407 3681 2476 γίνεται

2102 2493 2189 2565 ὅτι
2221 2494 2295 2564 μὴ
2328 2493 2542 2564 συνίησι
2570 2493 2630 2547 τὸ
2667 2494 2964 2565 λεγόμενον
2984 2536 3000 2561 ,
3038 2497 3126 2550 ἵνα
3155 2496 3294 2568 πρὸς
3332 2497 3472 2550 αὐτὸ
3513 2497 3680 2565 φθέγ-

2105 2581 2295 2652 ξηται·
2341 2583 2594 2638 ἐντεῦθεν
2638 2584 2694 2638 δὲ
2743 2586 2837 2638 καὶ
2887 2586 3291 2654 ὲξουδενώσεως
3341 2587 3499 2659 παρὰ
3550 2588 3676 2641 πᾶσι

2102 2676 2217 2737 τοῖς
2245 2675 2686 2745 ἐντυγχάνουσιν.

2177 2764 2261 2819 ιδ’.
2303 2764 2506 2834 Θυμὸν
2531 2765 2756 2834 ἀνδρὸς
2786 2768 3036 2836 πραΰνει
3076 2767 3357 2836 θεράπων
3383 2768 3677 2838 φρόνιμος.

2117 2855 2319 2927 Ὀργὴν
2360 2855 2653 2927 ἀνθρώπου
2696 2858 3051 2914 καταστέλλει
3086 2861 3350 2932 νουνεχὴς
3390 2862 3675 2933 ὑπηρέτηςο

2105 2946 2297 3013 δεξιῶς
2328 2947 2494 3001 αὐτὸν
2527 2940 2955 3021 μετερχόμενος.

2178 3040 2531 3110 Μικρόψυχον
2559 3041 2605 3094 δ’
2628 3042 2915 3112 ἄνθρωπον
2943 3042 3001 3096 εί
3018 3060 3103 3108 τις
3128 3044 3450 3113 ὐπενέγκει,
3478 3045 3678 3116 θαύμαο

2106 3147 2196 3195 τος
2230 3130 2380 3194 ἄξιος
2399 3147 2415 3163 ο
2450 3131 2608 3185 εἴωθε
2638 3132 2748 3204 γάρ
2774 3128 2931 3198 οὗτος
2955 3135 3273 3206 ὀργίζεσθαι
3299 3139 3400 3191 καὶ
3424 3139 3504 3200 είς
3523 3137 3581 3190 τὸ
3603 3153 3680 3190 τυ-

2106 3221 2220 3291 χδν,
2251 3224 2301 3274 εί
2335 3223 2517 3294 συμϐῇ
2551 3224 2625 3294 μὴ
2655 3224 3089 3295 ἀποτελεσθῆναι
3114 3228 3256 3282 κατά
3293 3229 3358 3282 τὸ
3387 3228 3535 3298 αύτῷ
3566 3230 3707 3307 βου-ι

2106 3311 2287 3384 λητὸν,
2314 3313 2377 3379 ἐξ
2406 3316 2631 3383 ἀγνοίας
2655 3315 2751 3368 τοῦ
2781 3314 2856 3386 μὴ
2881 3317 3041 3371 τοῦτο
3064 3319 3475 3391 πληρώσαντος,
3499 3317 3541 3390 ᾧ
3563 3320 3677 3375 πολ-

2107 3402 2267 3467 λάκις
2292 3405 2540 3474 ἀνηλεῶς
2571 3404 2842 3475 ἐπιφέρει
2876 3407 2970 3461 καὶ
2996 3409 3289 3479 μάστιγας.

2182 3568 2265 3616 ιε’.
2303 3561 2529 3631 Καρδία
2547 3565 2838 3634 φρονίμου
2881 3565 3090 3623 κτᾶται
3107 3568 3425 3635 αἴσθησιν.
3462 3569 3524 3623 Ἦ
3547 3568 3679 3640 ψυχὴ

2109 3656 2203 3710 τοῦ
2230 3658 2622 3730 περιφέροντος
2655 3661 2786 3735 Θεὸν
2816 3660 2958 3714 κατά
2984 3659 3245 3727 διάνοιαν,
3281 3659 3678 3731 προσλαμϐάνει

2109 3748 2383 3820 διάκρισιν
2415 3751 2513 3822 τὴν
2539 3751 2854 3823 διαιροῦσαν
2888 3751 2948 3805 τὸ
2977 3754 3224 3823 κρεῖττον
3255 3753 3369 3806 ἀπὸ
3393 3752 3485 3807 τοῦ
3513 3752 3676 3823 χείρο-

2111 3852 2232 3902 νος·
2266 3841 2376 3894 τῶν
2406 3841 2835 3913 ἀποτρεπουσῶν
2866 3841 2967 3911 μὲν
2997 3841 3092 3895 τοῦ
3119 3841 3322 3907 κακοῦ,
3355 3860 3679 3915 προτρεπου-

2115 3926 2225 3979 σῶν
2275 3928 2346 3981 δὲ·
2382 3929 2522 3999 πρὸς
2555 3930 2616 3983 τὸ
2645 3929 2810 3985 καλὸν
2839 3929 3071 3986 ἐντολῶν
3105 3930 3293 3999 αὐτοῦ,
3330 3933 3475 3989 κατά
3500 3931 3679 4006 πρᾶξιν

2113 4019 2556 4094 ἀντιποιουμένη.

2187 4106 2336 4167 Ὦτα
2365 4114 2434 4169 δὲ
2463 4117 2676 4184 σοφῶν
2710 4115 2871 4186 ζητεῖ
2906 4118 3169 4175 ἔννοιαν.
3211 4121 3278 4175 Δί
3311 4119 3358 4173 δ’
3381 4121 3540 4175 ἀκοαὶ
3583 4116 3680 4171 τῶν

2116 4209 2499 4278 μετασχόντων
2539 4208 2636 4264 τοῦ
2669 4210 2816 4266 θείου
2865 4211 3047 4280 λόγου,
3078 4214 3180 4267 οὐκ
3220 4212 3519 4283 ἀρκοῦνται
3551 4210 3678 4281 μόνῳ

2113 4295 2193 4366 τῷ
2220 4297 2412 4351 τούτου
2449 4300 2623 4370 ῥητῷ,
2651 4301 2766 4353 ἀλλ’
2788 4303 3122 4371 ἀνερευνῶσι
3161 4303 3304 4356 κατά
3344 4302 3573 4373 Θεωρίαν
3599 4300 3679 4352 καὶ

2114 4388 2177 4442 τὸ
2200 4389 2369 4443 αὑτοῦ
2388 4393 2599 4461 νοητὸν,
2636 4393 2739 4457 ἓως
2761 4392 2830 4449 ἂν
2855 4394 3136 4464 φθάσωσιν
3159 4397 3242 4458 εἰς
3262 4395 3324 4448 τὸ
3344 4395 3532 4449 τούτου
3555 4393 3678 4460 ὑπὲρ

431 4517 678 4565 sensum,
720 4502 898 4556 donec
965 4502 1294 4572 perveniant
1366 4502 1433 4555 ad
1469 4501 1523 4556 id
1574 4481 1718 4574 quod
1774 4513 1898 4574 est,
1951 4517 2004 4563 ut

2117 4481 2441 4553 κατάληψιν,
2482 4484 2557 4548 ὼς
2596 4483 2757 4541 Θεοῦ.

433 4593 603 4656 Deus,
645 4607 814 4661 supra
845 4592 1048 4646 mentis
1089 4589 1532 4661 conceptionem.

501 4684 666 4740 Vens.
692 4685 779 4739 l6.
817 4684 1027 4739 Donum
1071 4684 1300 4738 hominis
1335 4683 1531 4738 dilatat
1590 4701 1731 4750 eum,
1789 4694 1840 4740 et
1870 4685 2013 4753 apud

429 4777 690 4846 principes
718 4776 898 4830 sedere
925 4776 1056 4844 facit
1104 4793 1244 4832 eum.
1285 4777 1525 4847 Spiritus
1584 4781 1762 4833 sancti
1807 4778 2013 4833 donum

433 4871 577 4939 quod
614 4868 814 4939 accipit
845 4870 1032 4933 homo,
1067 4870 1221 4924 ducit
1245 4871 1461 4923 eum‘in
1486 4855 1804 4925 mensuram
1834 4871 2014 4926 aetatis

431 4960 786 5031 plenitudinis
803 4958 1027 5013 Christi.
1045 4956 1179 5013 Cum
1200 4959 1363 5012 homo
1386 4973 1415 5011 a
1439 4959 1631 5011 timore
1650 4957 1837 5012 divino
1869 4959 2019 5012 ince-

434 5055 515 5125 pit
554 5063 607 5109 et
642 5053 769 5109 aliis
815 5051 1017 5107 exinde
1038 5051 1205 5106 donis
1232 5051 1429 5115 crevit,
1452 5051 1606 5104 illttm
1631 5050 1941 5105 consolidat
1961 5057 2018 5105 et

436 5145 629 5201 sedere
661 5143 795 5198 facit
820 5158 943 5200 cum
980 5145 1050 5199 iis
1073 5142 1168 5214 qui
1191 5141 1491 5213 participes
1517 5149 1651 5196 sunt
1678 5140 2016 5210 perficientis

436 5237 717 5305 sapientia:
746 5253 869 5307 quae
896 5236 992 5291 dat
1023 5237 1194 5291 robur
1228 5235 1296 5290 ad
1327 5232 1666 5305 subigendos
1725 5233 2016 5304 pravitatis

438 5326 690 5395 spiritus,
731 5327 1009 5382 mendacii
1061 5336 1341 5382 auctores.
1386 5324 1545 5379 lllum
1579 5339 1609 5378 a
1662 5324 2017 5394 passionibus

436 5416 811 5490 puriﬁcatum,
843 5427 899 5474 et
926 5433 1024 5489 per
1054 5419 1468 5475 meditationem
1494 5416 1864 5471 illuminatum
1923 5429 2017 5469 co-

438 5510 700 5581 gnitione,
753 5509 1056 5580 perfectum
1106 5510 1160 5565 in
1201 5510 1488 5566 soliditate
1521 5508 1752 5564 virtutis
1801 5507 2016 5564 consti-

439 5602 564 5657 tuit.

514 5776 686 5834 νεεδ.
725 5782 806 5836 l7.
842 5780 1033 5836 Justus
1065 5792 1341 5836 accusator
1373 5783 1456 5836 sui
1498 5782 1550 5835 in
1585 5780 1851 5849 principio
1904 5795 2013 5834 scr-

2189 4675 2283 4734 ις¹.
2344 4671 2507 4738 Δόμα
2550 4670 2868 4739 ἀνθρώπου
2910 4670 3273 4725 ἐκπλατύνει
3322 4670 3543 4732 αὐτὸν,
3590 4666 3675 4719 καί

2116 4762 2277 4830 παρὰ
2294 4760 2625 4828 δυνάσταις
2646 4762 2941 4823 καθιᾰὶνει
2970 4765 3178 4818 αὐτόν.
3218 4763 3281 4815 Ἡ
3305 4761 3400 4815 τοῦ
3429 4758 3677 4827 παναγὼυ

2118 4853 2437 4925 Πνεύματος
2468 4854 2667 4925 δωρεὰ,
2702 4855 2769 4926 ἢν
2801 4854 3072 4924 λαμϐάνει
3099 4855 3407 4925 ἄνθρωπος,
3435 4855 3553 4921 ἀγει
3578 4847 3680 4903 τοῦ·

2116 4963 2209 4999 τον
2228 4950 2309 5010 εἰς
2328 4947 2531 5018 μέτρον
2556 4947 2775 5018 ἡλικίας
2798 4946 2891 5000 τοῦ
2917 4946 3284 5018 πληρώματος
3307 4947 3403 5000 τοῦ
3426 4941 3646 5015 Χριστοῦ
3663 4957 3674 4971 ·

2117 5039 2227 5093 ἀπὸ
2255 5039 2423 5108 φόϐου
2441 5040 2597 5119 θείου
2622 5041 2944 5111 ἀρχόμενον,
2967 5041 3062 5093 καὶ
3082 5043 3195 5104 τοῖς
3218 5041 3345 5109 ἑξῆς
3367 5038 3677 5109 χαρίσμασιν

2119 5131 2569 5202 ὲπεκτεινόμενον
2617 5134 2712 5186 καὶ
2758 5132 2900 5202 μετὰ
2926 5130 3036 5184 τῶν
3071 5131 3449 5202 μετασχόντων
3474 5131 3569 5198 τῆς
3603 5141 3678 5177 τε·

2120 5222 2391 5277 λειοποιοῦ
2422 5224 2639 5292 σοφίας,
2668 5223 2770 5294 τῆς
2798 5222 3157 5293 ἐνισχυούσης
3185 5222 3376 5277 τοῦτον
3402 5223 3483 5285 είς
3510 5219 3568 5273 τὸ
3590 5233 3678 5269 κα-

2121 5317 2537 5370 ταδυναστεύειν
2575 5317 2687 5370 τῶν
2729 5316 2799 5370 τά
2838 5316 3009 5387 ψευδῆ
3040 5314 3444 5383 ὑποτιθεμένων
3472 5314 3565 5381 τῆς
3593 5323 3684 5362 ποι

2120 5407 2318 5480 νηρίας
2359 5409 2715 5479 πνευμάτων,
2761 5390 3143 5476 ἐγκαθιδρύει·
3176 5406 3317 5478 μετά
3357 5404 3418 5459 τὸ
3462 5402 3677 5471 καθᾶραι

2121 5503 2310 5557 παθῶν
2350 5502 2494 5557 κατά
2539 5503 2759 5574 πρᾶξιν,
2792 5502 2889 5555 καὶ
2935 5500 3172 5570 φωτίσαι
3204 5496 3518 5568 γνωστικῶς
3559 5490 3679 5547 κατά

2121 5592 2376 5665 θεωρίαν,
2392 5593 2604 5647 τέλειον
2628 5591 2792 5647 αὐτὸν
2812 5590 3025 5646 ἀποκαο
3035 5590 3241 5645 ιστῶσα
3260 5592 3329 5660 τῇ
3346 5590 3401 5642 ὲν
3416 5586 3492 5657 τῷ
3511 5577 3680 5651 ἀγαθῷ
3712 5651 3724 5669 ⁸

2121 5685 2186 5737 ἀτ
2195 5684 2374 5756 ρεψίᾳ.

2198 5778 2285 5841 ιζ’.
2326 5778 2560 5843 Δίκαιος
2590 5777 2809 5833 ἑαυτοῦ
2841 5774 3174 5844 κατήγορος
3196 5775 3265 5828 ἐν
3314 5764 3676 5841 apum-107'?-
