3976 6410
434 288 611 378 ἰ-ιιι

1781 325 2136 389 PROCOPII
2169 282 2417 393 GAZrEI

3587 348 3697 421 ιιιε

476 420 658 493 ιὶἰιιίε,
707 435 764 484 et
810 425 1018 485 donum
1076 430 1318 489 timoris.
1370 433 1601 505 Accepit
1649 443 1831 492 autem
1879 454 1911 493 a
1954 438 2039 495 Dei

2169 442 2229 495 τὸ
2258 442 2352 497 τοῦ
2379 442 2779 512 φόϐου.⁹Ελα6ε
2807 444 2866 500 δὲ
2899 447 3053 519 παρὰ
3084 446 3229 504 Θεοῦ
3264 448 3445 519 ὑγείαν
3471 461 3597 513 κατά
3617 463 3700 533 qm.

478 517 774 575 sanitatem
824 520 1047 587 animae,
1105 522 1459 593 puriﬁcatus,
1501 525 1843 585 illuminatus
1892 537 2059 602 atque

440 667 452 679 ς
478 610 786 679 perfectus.

553 698 723 756 Vens.
759 702 852 757 25.
890 703 997 768 Qui
1022 705 1238 774 expellit
1269 708 1544 764 mulierem
1583 712 1803 780 bonam,
1842 714 2063 783 expellit

449 791 696 861 .bonum.
740 792 841 859 Qui
870 804 1095 864 propter
1126 795 1386 854 allectum
1418 800 1483 855 ad
1518 803 1831 870 sensibilis,
1876 805 2064 874 rejicit

481 881 934 939 intellectualium
970 887 1292 959 sapientiam
1329 890 1381 945 in
1425 900 1721 965 semetipso
1750 895 2063 952 inhabitan-

478 980 586 1029 tem
624 991 746 1045 quae
780 975 970 1030 talium
1017 993 1185 1035 causa
1237 989 1322 1037 est
1356 981 1648 1049 honorum,
1694 987 1880 1043 omnia
1922 988 2059 1044 bona

477 1083 600 1137 qua:
626 1083 693 1123 ex
729 1068 823 1124 illa
847 1071 1153 1139 procedunt
1190 1075 1357 1130 simul
1388 1092 1517 1133 cum
1551 1094 1615 1134 ea
1650 1081 1860 1151 dejicit.

550 1158 657 1224 Qui
690 1170 867 1216 autent
888 1172 1023 1217 tenet
1051 1165 1592 1236 adulteram,stultus
1624 1184 1673 1228 et
1704 1176 1920 1245 impius.
1953 1177 2057 1245 Qui

477 1246 807 1316 sapientiam
860 1249 1112 1319 \dimittit
1166 1270 1506 1329 sensumque
1563 1276 1858 1320 conservat
1911 1266 2061 1321 falla-

477 1349 596 1389 cem
632 1375 648 1399 ,
681 1352 784 1392 nec
810 1337 980 1395 Deum
1018 1342 1074 1397 in
1116 1345 1285 1402 corde
1310 1347 1546 1419 profert,
1584 1353 1867 1409 necillum
1892 1355 2060 1426 justi-

432 1422 437 1427 '
475 1425 566 1481 tiae
594 1429 856 1498 Operihus
881 1433 1033 1490 colit.

1122 1616 1233 1671 AP.
1292 1618 1437 1676 XIX.

1122 1616 1233 1671 AP.
1292 1618 1363 1674 XI
1422 1661 1437 1676 .

545 1696 715 1757 Vens.
746 1701 800 1756 5.
842 1616 1218 1773 Intprudfntia
1255 1618 1579 1769 uirixt'astnt
1610 1716 1722 1773 vias
1755 1719 1892 1789 ejus.
1917 1718 2053 1792 Ejus

470 1788 566 1859 qui
607 1790 673 1844 ad
712 1791 882 1848 Deum
940 1812 1052 1852 non
1100 1801 1344 1870 respicit,
1396 1806 1489 1860 sed
1548 1822 1735 1864 amore
1775 1781 2053 1883 decipitur
2082 1781 2124 1837 Β

472 1883 884 1954 temporalium,
932 1888 1272 1977 irrational'bs
1319 1904 1402 1950 est
1458 1906 1663 1955 motus.
1707 1899 1854 1956 Nihil
1894 1905 2052 1973 proti-

470 1970 624 2026 ciunt
664 1973 838 2043 ipsius
864 1980 1073 2046 studia,
1106 1970 1255 2053 quia-
1279 2000 1402 2040 cum
1466 1970 1923 2061 corruptibilibus
1970 1996 2050 2052 si-

467 2067 581 2121 mul
604 2075 913 2139 transeunt.

533 2159 761 2215 Accusat
779 2174 955 2217 autem
982 2163 1147 2220 Deum
1173 2168 1226 2221 in
1248 2171 1405 2225 corde
1430 2188 1548 2227 suo.
1567 2172 1661 2230 Ille
1677 2190 1743 2231 ex
1771 2175 2047 2233 dementia

463 2258 573 2298 non
604 2260 832 2316 pravum
885 2265 1046 2306 suum
1078 2252 1350 2324 judicium
1382 2272 1633 2327 accusat,
1662 2265 1808 2333 quod
1836 2281 1962 2321 vera
1992 2276 2047 2323 et

462 2341 841 2407 permanentia
906 2354 1268 2423 contemnens
1320 2350 1374 2404 in
1410 2355 1798 2424 corruptibilis
1827 2373 2043 2413 omnem

460 2430 707 2486 ostendit
735 2433 1013 2500 ardorem,
1059 2438 1154 2493 sed
1185 2439 1351 2494 Deum
1381 2458 1395 2494 :
1433 2444 1564 2513 quia
1610 2458 2046 2518 corrumpuntur

458 2536 523 2575 ea
556 2539 680 2592 qua:
712 2534 841 2579 sunt
873 2529 1218 2598 corruptioni
1249 2531 1514 2591 obnoxia.

532 2612 701 2669 Vens.
749 2613 803 2669 4.
851 2615 1060 2672 Diuitia:
1103 2620 1308 2676 addunt
1348 2626 1550 2679 amicos
1601 2627 1820 2684 multos.
1870 2629 2045 2700 Spiri-

459 2705 634 2761 tuales
668 2707 875 2765 divitia:
905 2710 1122 2768 virtutis
1157 2722 1211 2768 et
1247 2715 1517 2782 scientiae,
1559 2718 1683 2775 illas
1733 2721 2041 2790 possidenti

456 2799 752 2854 conferunt
781 2817 905 2856 cum
938 2804 1214 2862 charitate
1264 2807 1319 2861 in
1359 2808 1530 2863 Deum
1584 2820 1638 2866 et
1683 2814 1739 2867 in
1790 2815 2042 2870 homines

455 2891 805 2968 oharitatetn.
834 2894 972 2948 Nam
1011 2896 1288 2953 charitate
1320 2899 1375 2953 in
1408 2901 1662 2959 homines
1696 2905 1944 2963 charitas
1981 2909 2039 2962 in

457 2982 629 3038 Deum
659 2984 1053 3041 manifestatur
1092 2998 1256 3059 atque
1283 2992 1576 3061 probatur.

2168 533 2291 604 χὴν,
2334 535 2634 607 καθαρθείς
2671 554 2730 591 τε
2770 538 2866 593 καὶ
2903 541 3193 609 φωτισθεὶς
3233 543 3327 598 καὶ
3362 545 3653 619 τελειωθείς.

2238 706 2343 779 κγ’.
2376 714 2513 787 Ὃς⁸
2525 712 2807 769 ἐκϐάλλει
2864 715 3101 786 ἀγαθὴν
3138 718 3418 789 γυναῖκα,
3461 723 3704 784 ἐκϐάλλει

2162 793 2373 865 ἀγαθά.
2406 799 2502 863 Ὃς
2528 791 2622 853 οὖν
2646 800 2946 871 ἀπελαύνει
2978 804 3041 870 ἐξ
3062 804 3250 873 αὑτοῦ,
3271 808 3362 862 διά
3387 810 3482 881 τὴν
3505 815 3628 884 πρὸς
3649 819 3704 871 τὰ

2163 887 2398 957 αίσθητά
2433 890 2646 960 σχέσιν,
2673 892 2774 964 τὴν
2806 894 2950 949 κατά
2977 895 3040 949 τὸ
3063 896 3438 971 νοερδνφαὺτῷ
3466 906 3706 960 συνοικοῦ-

2165 993 2284 1039 σαν,
2317 980 2412 1031 καὶ
2460 981 2718 1047 τοιούτων
2770 984 2994 1053 ἀγαθῶν
3040 987 3223 1041 αἰτίαν
3274 990 3485 1060 σοφίαν,
3531 1010 3705 1050 συναπ-

2162 1067 2382 1123 ελαύνει
2419 1072 2558 1143 αὐτῇ
2598 1076 2694 1128 καὶ
2730 1074 2801 1130 τὰ
2836 1077 2895 1143 ὲξ
2933 1078 3344 1149 αὐτῆς,ἀγαθά.

2248 1159 2310 1211 '0
2339 1158 2408 1211 δὲ
2448 1161 2718 1231 κατέχων
2738 1166 3105 1234 μοιχαλίδα,
3135 1167 3344 1238 ἄφρων
3368 1172 3463 1228 καί
3492 1174 3706 1246 ἀσεϐής.

2172 1251 2232 1304 ‘U
2260 1251 2317 1304 δὲ
2345 1251 2551 1322 ταύτην
2582 1254 2683 1323 μὲν
2715 1257 2972 1312 ἀπολύων
2992 1298 3008 1323 ,
3036 1258 3137 1331 τὴν
3166 1260 3212 1315 δ’
3232 1263 3515 1335 ἀπατηλὴν
3543 1267 3709 1339 αἴσθηη

2160 1359 2247 1396 σιν
2294 1346 2737 1417 παρακατέχων,
2771 1349 2834 1404 ού
2879 1352 3168 1423 περιφέρει
3215 1355 3276 1408 ἐν
3326 1357 3520 1430 καρδίᾳ
3559 1361 3707 1414 Θεόν·

2157 1432 2285 1487 οὔτε
2342 1436 2450 1507 μὴν
2500 1436 2590 1491 διὰ
2638 1438 2750 1493 τῶν
2801 1441 2904 1512 τῆς
2953 1442 3305 1518 δικαιοσύνης
3341 1447 3517 1520 ἔργων
3550 1455 3711 1506 τοῦτον

2159 1527 2317 1597 τιμᾷ.

2746 1621 3005 1679 ΚΕΦΑΛ.
3045 1625 3153 1681 ΙΘ’.

2232 1710 2300 1772 γ’.
2350 1706 2696 1779 Ἀφροσύνη
2743 1711 2968 1781 ἀνδρὸς
2997 1716 3362 1786 ,λυμαίνεναι
3424 1722 3526 1788 τὰς
3560 1722 3712 1789 ὁδοὺς

2151 1794 2359 1851 αὐτοῦ.
2381 1797 2489 1851 Τοῦ
2518 1798 2594 1871 μὴ
2613 1800 2752 1872 πρὸς
2780 1802 2913 1859 Θεὸν
2928 1807 3273 1879 ἀφορῶντος,
3295 1811 3435 1866 ἀλλά
3459 1816 3525 1884 τῇ
3555 1815 3712 1885 σχέσει

2149 1887 2260 1939 τῶν
2293 1891 2647 1962 προσκαίρων
2676 1891 3056 1967 ἠπατημένον,
3085 1901 3119 1970 ὴ
3150 1900 3440 1971 ἀλόγιστος
3484 1906 3678 1977 κίνησις
3697 1924 3709 1938 ο

2149 1980 2230 2043 είς
2254 1981 2317 2033 τὸ
2345 1982 2514 2053 μηδὲν
2544 1987 2690 2038 ποιεῖ
2711 1991 3028 2060 προχωρεῖν
3058 1991 3128 2046 τά
3150 1993 3344 2047 τούτου
3374 1996 3714 2070 ἐπιτηδεύμα-

2149 2088 2241 2136 τα,
2282 2072 2358 2138 ὡς
2395 2078 2512 2140 τοῖς
2549 2077 2812 2148 φθαρτοῖς
2852 2083 3354 2155 συναφανιζόμενα.

2226 2165 2339 2218 Τὸν
2363 2165 2432 2219 δὲ
2466 2166 2618 2221 Θεὸν
2649 2169 2907 2227 αἰτιᾶται
2949 2172 3028 2242 τῇ
3075 2174 3292 2245 καρδίᾳ
3320 2178 3524 2233 αὐτοῦ.
3563 2180 3712 2245 Αὐτὸς

2146 2250 2195 2305 δ’
2218 2253 2283 2319 ἐξ
2304 2253 2495 2319 ἀνοίας
2521 2256 2920 2329 ἐπιμέμφεται,
2949 2262 3074 2333 οὐχὶ
3104 2266 3170 2335 τῇ
3207 2265 3395 2339 φαύλῃ
3419 2269 3710 2340 προαιρέσει

2146 2342 2313 2395 αὑτοῦ
2333 2383 2348 2407 ,
2384 2343 2420 2415 ἢ
2449 2343 2517 2398 τὰ
2550 2345 2682 2400 ὄντα
2718 2347 2812 2401 καὶ
2841 2349 3074 2420 μένοντα
3104 2352 3484 2423 καταλείψασα
3515 2358 3709 2429 περὶτὰ

2147 2433 2365 2503 φθαρτά
2390 2436 2573 2489 πᾶσαν
2602 2438 2841 2511 σπουδὴν
2868 2441 3272 2510 ἐπιδείκνυται,
3302 2446 3442 2501 ἀλλά
3468 2447 3581 2518 Θεῷ
3602 2464 3614 2477 ·
3641 2450 3708 2503 ὅτι

2147 2523 2461 2595 φθείρονται
2503 2526 2573 2579 τά
2613 2529 2776 2597 φύσει
2817 2530 3057 2600 φθαρτά.

2213 2615 2275 2669 δ’.
2331 2617 2604 2684 Πλοῦτος
2646 2621 3012 2689 προστίθησι
3056 2623 3278 2692 φίλους
3330 2628 3613 2693 πολλούς.
3657 2628 3706 2680 '0

2143 2706 2265 2759 κατ’
2291 2707 2496 2779 ἀρετὴν
2548 2711 2642 2762 καὶ
2685 2710 2886 2778 γνῶσιν
2935 2715 3311 2785 πνευματικὸς
3361 2717 3602 2784 πλοῦτος,
3641 2712 3713 2786 τῷ

2142 2798 2476 2870 κτησαμένῳ
2526 2801 2719 2866 αὐτὸν,
2752 2803 3085 2873 προστίθησι
3128 2808 3194 2877 τῇ
3234 2809 3321 2872 είς
3361 2807 3494 2863 Θεὸν
3538 2810 3717 2887 ἀγάπῃ,

2141 2891 2236 2943 καὶ
2282 2890 2379 2961 τὴν
2425 2891 2566 2962 πρὸς
2596 2894 2807 2958 πάντας
2840 2893 3166 2965 ἀνθρώπους
3189 2913 3204 2927 ·
3236 2899 3272 2969 ή
3296 2899 3409 2969 γὰρ
3439 2903 3569 2972 πρὸς
3596 2896 3717 2983 τού-ξ

2139 3000 2265 3047 τους
2304 2984 2497 3055 ἀγάπη
2525 3024 2540 3050 ,
2582 2984 2683 3056 τῆς
2722 2985 2860 3057 πρὸς
2901 2984 3036 3040 Θεόλν
3074 2989 3223 3041 ἐστιν
3259 2990 3486 3062 ἀγάπης
3522 2993 3715 3053 ἀπόδει·,

2142 3072 2252 3139 ξιςο

527 3167 690 3239 Inops
727 3181 908 3225 autem
946 3180 998 3226 et
1030 3172 1097 3227 ab
1133 3176 1304 3231 amico
1347 3194 1499 3247 quem
1545 3180 1700 3236 habet
1752 3183 2036 3245 deseritur.

2153 3131 2170 3139 '
2201 3131 2287 3216 7’0
2314 3162 2382 3216 δὲ
2409 3164 2647 3234 πτωχὸς
2696 3165 2796 3220 καί
2828 3167 2948 3222 ἀπὸ
2992 3168 3101 3224 τοῦ
3132 3167 3517 3239 ὑπάρχοντος
3543 3173 3704 3242 φίλου

2144 3251 2435 3278 ,,,,,,,-,,,,
2500 3257 2557 3278 η.
2612 3256 2664 3278 ,ι
3075 3259 3161 3278 η-
3333 3261 3347 3277 .
3538 3263 3554 3278 ς
3609 3264 3620 3278 .

454 3259 557 3326 Qui
575 3260 998 3319 divitiistalibus
1014 3267 1269 3322 consulto
1294 3279 1467 3335 caret,
1493 3286 1525 3325 a
1557 3271 1666 3328 Deo
1695 3274 2036 3346 disceditqui

2144 3251 2459 3323 χωρίζεται.
2500 3257 2558 3308 Ὁ
2608 3256 2667 3309 δὲ
2720 3258 3023 3330 πτωχεύων
3069 3259 3164 3313 τοῦ
3198 3261 3451 3317 τοιούτου
3498 3263 3703 3316 πλούτου

2144 3347 2277 3367 .-μ-Ἀ
2312 3345 2628 3367 _____!__-,,.
2706 3366 2731 3367 ,,
2774 3351 2788 3367 ι
2876 3352 2889 3367 0
2971 3350 2996 3362 ο
3046 3353 3059 3367 1
3123 3352 3135 3367 ν
3432 3355 3457 3366 ο
3599 3355 3619 3367 ο

455 3355 592 3407 adeo
639 3351 830 3409 dilexit
854 3370 978 3410 cum
1013 3364 1072 3412 ut
1111 3374 1219 3412 non
1239 3361 1402 3415 modo
1424 3377 1548 3417 eum
1581 3380 1611 3419 e
1638 3365 1812 3421 nihilo
1847 3367 1914 3421 ad
1941 3382 2036 3422 ex-

2144 3347 2280 3400 κατά
2308 3345 2630 3419 προαίρεσιν
2657 3388 2674 3416 ,
2702 3351 2797 3403 καὶ
2830 3350 3000 3404 αὐτοῦ
3035 3352 3337 3421 ἀφίσταται
3364 3355 3460 3408 τοῦ
3488 3355 3703 3409 τοιοῦτον

2144 3438 2525 3464 2.-.....ι-......--
2576 3441 2737 3464 ..1-ὶ-.
2768 3443 2903 3464 ΔΑ--
2982 3445 3048 3464 1,,
3141 3446 3153 3464 I
3261 3446 3275 3464 1
3404 3448 3418 3464 ο
3573 3448 3596 3458 ο
3680 3448 3688 3464 I

453 3444 760 3500 sistentiam
798 3449 1072 3513 eduxerit,
1125 3451 1348 3523 vitaque
1397 3455 1688 3512 donaverit
1721 3473 1787 3513 ac
1821 3463 2035 3517 ratione

2144 3438 2525 3509 ἀγαπήσαντος
2571 3441 2738 3495 αὐτὸν
2767 3443 2927 3508 Θεοῦ,
2976 3445 3053 3509 ὡς
3094 3446 3169 3517 μὴ
3209 3446 3372 3515 μόνον
3400 3448 3467 3501 ὲκ
3509 3448 3598 3501 τοῦ
3641 3448 3702 3518 μὴ

451 3538 711 3607 omnique
751 3540 859 3593 alia
914 3555 1096 3596 rerum
1123 3544 1285 3614 copia
1325 3546 1551 3617 dignum
1587 3550 1909 3635 habueritk
1938 3554 2034 3609 sed

2144 3531 2288 3595 ὗντος
2313 3533 2395 3595 είς
2427 3532 2489 3586 τὸ
2515 3528 2657 3589 εἶναι
2685 3538 3035 3606 παραγαγεῖν
3061 3537 3342 3642 καὶὶζωῆς
3367 3540 3699 3642 μεταδοῦναι,

451 3628 618 3682 etiam
650 3629 995 3701 unigenitum
1037 3632 1240 3691 Filium
1274 3654 1435 3694 suum
1471 3654 1571 3710 pro
1608 3641 1705 3697 illo
1731 3628 2035 3699 morti‘tra-

2144 3624 2229 3677 καὶ
2259 3623 2404 3695 λόγῳ
2448 3627 2718 3695 τιμῆσαι,
2757 3603 2863 3682 καὶ.
2898 3603 3081 3699 πάσης
3120 3603 3549 3700 ἄλλης-ἀέιῶσαι
3593 3649 3701 3702 προ-

449 3716 673 3773 diderit.

520 3894 689 3952 Vens.
738 3897 792 3952 5.
832 3896 1004 3953 Testis
1038 3898 1215 3969 falsus
1267 3918 1374 3957 non
1405 3905 1508 3958 erit
1550 3905 1865 3974 impunitus.
1907 3907 2033 3960 Dia-

449 3987 607 4044 holus
650 3990 747 4060 qui
788 3991 992 4045 malum
1043 3993 1383 4050 mendaciter
1429 3995 1621 4050 laudat
1667 4006 1723 4053 et
1775 3998 1841 4054 ad
1895 3998 2030 4054 illud

447 4086 792 4149 operandnm
819 4082 1071 4138 hortatur
1101 4084 1405 4150 hominem,
1439 4089 1665 4144 malitia:
1689 4104 1903 4160 poenas,
1930 4105 2030 4161 pro

445 4185 532 4234 eo,
573 4185 602 4224 a
631 4171 783 4239 justo
814 4171 1008 4242 judice
1054 4174 1286 4232 subibit.

515 4354 621 4420 Qui
656 4362 831 4409 autem
860 4366 1078 4411 accusat
1125 4359 1325 4430 inique,
1370 4377 1475 4415 non
1513 4363 1748 4434 eﬁ'ugiet.
1788 4362 1893 4429 Qui
1932 4377 2025 4419 au-

2132 3716 2303 3780 νοίας,
2328 3717 2467 3772 ἀλλά
2493 3718 2589 3772 καὶ
2630 3719 2722 3771 τὸν
2765 3719 3033 3792 μονογενῆ
3066 3721 3236 3775 αὐτοῦ
3268 3721 3400 3776 my
3436 3723 3570 3795 ὑπὲρ
3596 3724 3699 3777 τού⁶

2129 3819 2224 3856 του
2263 3804 2446 3859 δοῦναι
2485 3808 2570 3868 είς
2607 3805 2858 3864 θάνατον.

2203 3901 2264 3949 ε’.
2305 3895 2551 3966 Μάρτυς
2580 3897 2839 3966 ψευδὴς,
2878 3900 2992 3954 οὐκ
3041 3900 3417 3971 ἀτιμώρητος
3455 3900 3697 3958 emat.“

2129 3986 2189 4038 τὸ
2226 3987 2400 4040 κακὸν
2430 3988 2643 4058 ψευδῶς
2671 3990 2911 4045 ὲπαινῶν
2952 3990 3186 4061 δαίμων,
3218 3996 3315 4048 καὶ
3365 3996 3503 4065 πρὸς
3550 3998 3696 4065 ἐργα-

2129 4076 2253 4131 σίαν
2293 4078 2488 4133 τούτου
2531 4080 2625 4133 τὸν
2655 4080 2945 4154 ἄνθρωπον
2972 4084 3402 4155 ἐκκαλούμενος,
3433 4087 3583 4159 δίκας
3609 4087 3695 4155 ὐφο

2127 4168 2239 4235 ἐξει
2264 4170 2396 4242 περὶ
2421 4171 2520 4241 τῆς
2552 4173 2821 4243 πονηρίας
2850 4218 2853 4221 ς
2882 4175 3050 4232 αὐτοῦ
3077 4177 3297 4246 ἕνεκεν,
3329 4181 3483 4253 παρά
3512 4181 3601 4235 τοῦ
3629 4180 3693 4234 δι-

2127 4260 2285 4313 καίου
2323 4262 2533 4332 κριτοῦ.

2206 4355 2271 4407 ’0
2300 4354 2353 4408 δ’
2374 4356 2650 4424 ἐγκαλῶν
2673 4359 2917 4428 ἀδίκως,
2941 4365 3015 4416 οὐ
3038 4362 3443 4433 διαφεύξεται.
3482 4362 3538 4418 Ὀ
3559 4363 3694 4433 δ’ἐφ⁹

443 4455 549 4499 tem
581 4446 651 4501 de
692 4447 760 4502 iis
815 4462 938 4518 qua:
985 4449 1207 4505 admisit
1265 4451 1443 4521 ipsum
1495 4454 1776 4509 diabolum
1824 4464 2022 4525 praeter

2144 4443 2208 4510 ιῖς
2241 4448 2548 4520 ἁμαρτάνει
2592 4452 2758 4507 αὐτὸν
2800 4453 2892 4507 τὸν
2924 4454 3161 4527 δαίμονα
3189 4456 3514 4529 αἰτιώμενος
3542 4475 3693 4527 παρα·

438 4535 708 4590 rationem
742 4548 991 4600 accusat,
1025 4554 1135 4593 non
1166 4540 1370 4596 exinde
1396 4558 1616 4599 omnem
1655 4543 1880 4616 eﬂ‘ugiet
1904 4561 2024 4614 pte-

440 4641 566 4680 nant
605 4618 738 4698 Quia
765 4626 986 4685 diabolo
1020 4647 1129 4686 non
1173 4633 1402 4688 obedire
1453 4635 1656 4705 potuit.
1710 4635 1928 4692 Reddet
1969 4646 2026 4691 et

438 4720 556 4788 ipse
595 4722 876 4792 rationem
900 4723 1031 4792 quia
1082 4725 1340 4780 mandata
1359 4725 1641 4784 Crca‘oris
1690 4729 2023 4798 contempsit

434 4825 501 4864 ac
540 4810 720 4879 paruit
749 4811 881 4865 mali
917 4814 1380 4884 suggestionihns.

502 4985 669 5044 Vens.
712 4988 766 5044 6.
808 4988 968 5044 Multi
993 4990 1170 5045 colunt
1200 5006 1482 5060 personam
1525 4995 1682 5064 regis.
1736 4992 1890 5049 Multi
1922 4982 2027 5048 eo:

384 5131 392 5139 ,
433 5094 551 5133 ram
592 5081 817 5152 regibus
850 5081 920 5136 ad
960 5082 1210 5153 ipsorum
1257 5084 1545 5139 servitium
1596 5087 1775 5142 zelum
1829 5094 2018 5142 osten-

390 5184 391 5189 ‘
427 5170 601 5239 dunt;
637 5188 783 5244 pone
811 5182 993 5230 autem
1039 5177 1288 5232 sentiunt
1312 5177 1618 5233 contraria.

502 5344 687 5401 Omnis
727 5357 902 5402 autem
935 5350 1111 5406 malus
1135 5352 1198 5422 ﬁt
1254 5352 1595 5423 opprobrium
1634 5355 1764 5412 viro.
1817 5355 2012 5416 Omnis

427 5446 607 5492 autem
639 5439 721 5493 sic
758 5440 898 5494 male
937 5444 1206 5512 sentiens,
1242 5460 1271 5499 a
1309 5455 1456 5503 recte
1499 5449 1762 5505 sentienti
1810 5458 1872 5506 ut
1901 5451 2008 5506 im-

424 5538 615 5599 postor
646 5531 1043 5587 contemnitur.

497 5619 659 5678 Vens.
696 5623 749 5678 7.
781 5623 1087 5694 Quicunque
1126 5628 1349 5696 fratrem
1420 5632 1625 5701 inopem
1672 5634 1805 5700 odit,
1846 5637 2008 5690 etiam

425 5710 490 5767 ab
514 5715 755 5768 amicitia
778 5714 929 5785 longe
950 5719 1073 5775 erit.
1106 5720 1211 5786 Qui
1238 5721 1467 5778 fratrem
1492 5739 1558 5781 ex
1593 5726 1777 5781 anima
1819 5729 2002 5800 repel-

2127 4540 2323 4608 λόγως,
2355 4541 2446 4595 διὰ
2475 4542 2538 4597 τὸ
2569 4542 2832 4599 δύνασθαι
2865 4547 2940 4617 μὴ
2975 4545 3276 4602 ὑπακούειν
3315 4548 3486 4620 αὐτῷ,
3515 4550 3607 4602 οὐκ
3626 4549 3691 4600 ἐν·

2123 4628 2314 4682 τεῦθεν
2350 4632 2433 4693 είς
2474 4631 2620 4686 ἇπαν
2646 4634 2862 4707 ἐκφύγῃ
2890 4636 2988 4707 τὴν
3017 4637 3272 4692 κόλασινο
3300 4638 3571 4693 ἀποδώσει
3597 4638 3693 4707 γὰρ

2123 4717 2313 4783 λόγους
2344 4720 2440 4774 καὶ
2467 4716 2623 4786 οὗτος
2642 4762 2658 4786 ,
2693 4723 2726 4795 ἢ
2758 4725 2903 4779 κατά
2939 4726 3002 4779 τὸ
3037 4728 3217 4798 παρὸν
3246 4728 3279 4799 ἢ
3319 4729 3462 4787 κατά
3488 4730 3548 4783 τὸ
3576 4728 3687 4800 μέλ-

2122 4811 2234 4876 λον,
2259 4814 2340 4867 ὃτι
2373 4814 2471 4878 τὰς
2502 4817 2725 4881 ἐντολὰς
2772 4816 2866 4871 τοῦ
2900 4819 3144 4873 Κτίστου
3192 4823 3685 4894 παραὸλεψάμενοςο

2121 4905 2240 4965 ταῖς
2280 4905 2585 4977 ὑποθήκαις
2621 4909 2853 4981 ἐπείσθη
2890 4909 2989 4963 τοῦ
3028 4911 3299 4984 Πονηροῦ.

2190 5001 2265 5061 ς’.
2305 4998 2533 5052 Πολλοί
2582 5002 2986 5069 θεραπεύουσι
3033 5004 3326 5072 πρόσωπα
3372 5003 3680 5071 βασιλέως.

2118 5087 2182 5140 Οί
2211 5088 2396 5141 πολλοὶ
2418 5088 2539 5144 κατ’
2564 5091 2687 5163 ὄψιν
2713 5091 2822 5147 τῶν
2846 5092 3115 5165 βασιλέων
3141 5097 3270 5167 περὶ
3288 5096 3387 5169 τὴν
3410 5093 3682 5169 θεραπείαν

2116 5177 2323 5233 τούτων
2354 5181 2754 5246 σπουδάζουσιν
2774 5199 2789 5213 ⁸
2821 5184 3050 5240 ὄπισθεν
3074 5186 3153 5254 δὲ,
3182 5188 3448 5243 τάναντία
3478 5182 3680 5258 φρονοῦ-

2116 5285 2221 5325 σιν.

2182 5362 2310 5430 Πᾶς
2336 5363 2405 5418 δὲ
2428 5366 2463 5420 ὁ
2494 5365 2679 5434 κακὸς
2725 5368 2950 5439 γίνεται
3004 5369 3237 5438 ὄνειδος
3268 5370 3465 5441 ἀνδρί.
3507 5371 3613 5433 Πᾶς
3636 5366 3675 5420 δ’

2111 5452 2141 5504 ὁ
2167 5450 2353 5515 κακῶς
2377 5453 2519 5506 οὕτω
2545 5456 2778 5524 φρονῶν,
2817 5456 2963 5526 ποιρά
2986 5457 3065 5527 τῷ
3091 5458 3575 5530 σταθερογνώμονι
3602 5455 3675 5521 ἐξ·

2110 5543 2408 5597 ουθένωται
2445 5544 2519 5608 ὡς
2556 5546 2833 5601 ἀπατεὼν.
3204 5608 3219 5617 κ

2182 5635 2246 5701 ζ’.
2286 5634 2414 5703 Πᾶς
2444 5636 2513 5704 ὃς
2550 5638 2819 5708 ἀδελφὸν
2843 5642 3084 5710 πτωχὸν
3111 5640 3307 5711 μισεῖ,
3340 5641 3438 5695 καὶ
3484 5640 3672 5709 φιλίας

2103 5729 2343 5798 μακρὰν
2387 5729 2579 5787 ἔσται.
2620 5731 2678 5784 '0
2729 5732 2794 5784 ἐκ
2843 5731 3019 5804 ψυχῆς
3075 5732 3549 5805 ἀντιστρεφόμενος
3589 5730 3669 5783 τὸν
