3976 6392
248 353 376 420 1413

1265 348 1807 416 COMMENTARII
1848 351 1928 414 IN
1966 349 2420 415 PROVERBM.

3355 344 3506 409 i'tliv

244 468 482 544 ὁμοφυῆ,
513 467 667 540 ἐνδεῆ
701 467 832 523 ὄντα
856 468 964 522 τῶν
993 467 1072 538 τῷ
1107 469 1325 538 σώματι
1358 471 1670 539 ἀναγκαίων
1699 469 1732 539 ἢ
1764 469 1829 540 τῇ

1979 479 1996 524 ι
2047 470 2381 524 necessariis
2431 465 2652 536 corpori
2709 463 2828 520 sive
2889 461 3089 517 anima;
3145 462 3513 533 indigentem,

243 562 408 631 ψυχῇ,
434 561 528 612 καὶ
561 560 635 629 μὴ
668 560 956 630 οἰκτείρων
977 559 1163 624 αὑτὸν,
1185 559 1282 613 καὶ
1313 563 1477 630 χεῖρα
1506 561 1685 630 τούτῳ
1709 559 1831 628 ὀρέ-

243 669 355 720 γων
383 649 458 712 ὼς
484 649 731 715 δυνατὸν,
760 651 829 704 τὰ
859 652 1021 720 ὃμοια
1059 651 1311 704 πείσεται
1348 652 1444 704 καὶ
1493 651 1678 715 αὐτὸς,
1729 653 1833 722 τῆς

245 740 379 795 Θεοῦ
434 740 850 811 φιλανθρωπίας
899 742 1201 811 διαστήσας
1252 743 1540 814 πόρρωθεν
1597 742 1828 796 ἐαυτὸν.

248 836 461 902 Ὥσπερ
498 833 609 902 γάρ
631 833 793 895 αὐτὸς
839 833 1052 902 διετέθη
1102 835 1234 904 περὶ
1264 834 1356 887 τὸν
1384 835 1630 905 ὁμοφυῆ,
1659 834 1834 896 οὕτως

246 924 395 993 αὐτῷ
435 926 613 996 κρίσει
651 924 837 995 δικαίᾳ
873 925 1256 994 διατεθήσεται
1296 926 1390 979 καὶ
1429 926 1581 989 Θεός.

320 1019 562 1070 "Errata
607 1016 798 1086 ἀγαθὴ
841 1017 965 1082 τοῖς
993 1017 1226 1070 εἰδόσιν
1282 1016 1479 1086 αὐτὴν
1515 1017 1715 1087 ἐγγιεῖ.
1771 1019 1833 1070 Ἡ

247 1110 393 1180 ἁπλῆ
425 1110 555 1180 περὶ
587 1108 724 1162 Θεοῦ
751 1109 973 1176 γνῶσις,
1003 1109 1037 1180 ή
1070 1109 1338 1179 κρείττων
1369 1110 1488 1162 ἐστὶ
1518 1109 1702 1179 πάσης
1726 1109 1836 1161 τῶν

250 1205 390 1276 μετά
415 1203 548 1257 Θεὸν
575 1204 854 1270 γνώσεως,
887 1205 1002 1266 τοῖς
1035 1205 1178 1256 κατά
1216 1203 1405 1256 πίστιν
1431 1203 1720 1274 μυηθεῖσιν
1741 1203 1840 1256 αὑ-

242 1297 343 1366 τὴν
393 1295 716 1366 πλησιάσει,
756 1295 947 1366 πόρρω
995 1295 1216 1349 πάντων
1257 1296 1367 1349 τῶν
1433 1296 1682 1350 ἀπίστων
1729 1296 1838 1364 ἀφ·

243 1389 538 1456 εστηκυῖα.

323 1480 498 1548 Ἀνὴρ
531 1479 600 1532 δὲ
645 1479 931 1548 φρόνιμος
965 1479 1213 1546 εὑρήσει
1255 1477 1468 1545 αὐτήν.
1522 1478 1731 1549 Πεῖραν
1780 1475 1839 1528 δὲ

241 1571 456 1640 ταύτης
491 1570 723 1640 λήψεται
770 1568 972 1638 διαρκῆ
1007 1568 1035 1619 ὁ
1067 1568 1330 1636 γενναίως
1370 1567 1442 1620 τὰ
1485 1567 1632 1636 πάθη
1664 1583 1841 1619 κατα-

237 1662 545 1725 παλαίσας,
585 1660 853 1715 καὶκατὰ
891 1660 1050 1727 λόγον
1081 1659 1179 1729 τὴν
1221 1658 1405 1728 σχέσιν
1445 1657 1692 1729 περάσας
1732 1656 1842 1708 τῶν

241 1753 448 1808 ὑλικῶν
472 1771 488 1786 ο
517 1749 604 1807 οἷα
639 1754 818 1807 πάντα
848 1751 1040 1814 διαϐὰς
1065 1751 1136 1804 τὰ
1169 1751 1272 1803 ὑπὸ
1306 1751 1498 1820 χρόνον
1527 1749 1622 1802 καὶ
1649 1748 1835 1817 φύσιν,

1931 562 2139 633 quique
2179 561 2328 615 nulla
2371 561 2425 613 in
2466 573 2591 612 eum
2641 563 2824 610 motus
2882 553 3258 608 misericcrdia
3291 570 3514 608 manum

1931 652 1981 706 ei
2045 664 2154 704 non
2221 651 2481 721 porrigit,
2547 663 2673 702 cum
2743 650 2959 715 potest,
3023 643 3211 696 eadem
3277 651 3331 698 ct
3399 644 3518 712 ipse

1933 738 2174 806 patietur
2215 737 2345 807 quia
2393 751 2515 791 sese
2555 750 2584 788 a
2622 733 2718 787 Dei
2780 731 3163 786 misericordia
3219 743 3513 802 separant.

1933 828 2408 894 Quemadmodum
2438 827 2584 882 enim
2629 826 2750 896 ipse
2785 823 2942 877 fratri
2976 823 3127 888 fecit,
3166 824 3240 877 ita
3277 834 3332 878 et
3371 824 3518 879 Deus

1932 921 2085 990 justo
2119 921 2330 990 judicio
2363 920 2524 975 faciet
2564 919 2634 973 ei.

2008 1012 2275 1082 Cogitatio
2341 1012 2479 1066 bona
2541 1012 2823 1066 scientibus
2878 1027 2997 1064 eam
3057 1005 3517 1076 appropinqtmbit.

1939 1105 2181 1174 Simplex
2251 1104 2344 1158 Dei
2402 1105 2667 1174 cognitio,
2723 1105 2875 1158 omni
2931 1115 3124 1157 eorum
3185 1114 3308 1168 qua:
3362 1108 3520 1151 extra

1938 1196 2109 1250 Deum
2175 1204 2304 1250 sunt
2356 1195 2672 1264 cognitione
2749 1192 3084 1264 pretiosior,
3141 1190 3210 1244 iis
3277 1188 3369 1257 qui
3426 1203 3522 1257 per

1940 1289 2101 1342 Iidem
2138 1288 2243 1357 ipsi
2276 1295 2404 1340 sunt
2454 1286 2655 1339 initiati
2693 1284 3191 1355 appropinquabit;
3230 1282 3298 1335 ab
3343 1280 3523 1335 omni-

1941 1380 2046 1434 bus
2082 1387 2263 1434 autem
2295 1377 2612 1433 inﬁdelibus
2643 1379 2804 1447 longe
2832 1385 2964 1432 stat.

2021 1470 2118 1525 Vir
2155 1470 2384 1540 prudens
2429 1471 2653 1524 inveniet
2699 1487 2837 1523 eam.
2905 1467 3082 1538 Hujus
3137 1475 3319 1522 autem
3361 1480 3524 1534 expc--

1943 1563 2196 1634 rieutiam
2231 1561 2591 1615 suﬂicienteut
2628 1560 2852 1614 habebit
2903 1559 2996 1627 qui
3034 1572 3300 1626 generose
3330 1555 3527 1609 adver-

1945 1670 2040 1710 sus
2065 1655 2350 1724 passiones
2375 1652 2689 1719 _rc|uctans,
2717 1651 2876 1720 juxta
2905 1651 3175 1703 rationem
3215 1649 3526 1701 mundanus

1947 1745 2226 1817 Superavit
2272 1744 2540 1809 affectus,
2583 1744 2677 1814 qui
2727 1743 2908 1796 omnia
2961 1740 3284 1810 temporalia
3323 1752 3387 1791 ac
3422 1752 3526 1791 na-

242 1848 340 1900 κα“ι
377 1846 521 1917 πρὸς
547 1845 710 1899 αὑτὸν
753 1844 934 1914 ἁγνῶς
975 1841 1307 1914 ἀναδραμὼν
1355 1843 1447 1894 τὸν
1486 1842 1627 1911 ὑπὲρ
1657 1841 1835 1895 πάντα

1974 1838 2134 1892 tralia
2200 1835 2476 1890 transiens
2501 1874 2516 1898 ,
2547 1834 2614 1887 ad
2647 1848 2771 1886 eum
2824 1839 3015 1886 sancte
3043 1840 3372 1900 progressus
3423 1835 3528 1889 est,

241 1934 402 1989 Θεόν.

327 2028 392 2082 '0
427 2027 634 2083 πολλὰ
670 2027 1012 2083 κακοποιῶν
1051 2028 1464 2096 τελεσιουργεῒ
1499 2025 1735 2079 κακίαν.
1777 2023 1834 2078 Ὀ

242 2121 386 2174 πάνυ
419 2118 780 2190 ἁμαρτάνων,
816 2120 876 2170 οὐ
910 2117 1034 2172 καθ’
1069 2117 1183 2182 ἕξιν
1217 2117 1378 2186 μόνον
1403 2116 1504 2187 τὴν
1531 2115 1834 2186 ἁμαρτίαν,

241 2211 380 2264 ἀλλά
407 2211 512 2263 καὶ
532 2209 652 2264 κατ’
678 2209 966 2279 ἐνέργειαν
1004 2208 1234 2262 ἐκτελεῖ.
1699 2245 1715 2253 -

319 2303 424 2367 ’ος
454 2299 526 2354 δὲ
547 2299 780 2368 ἐρεθιζει
808 2301 1016 2369 λόγοις
1039 2339 1053 2362 ,
1083 2301 1154 2352 οὐ
1185 2297 1646 2363 διασωθήσεται.
1696 2297 1754 2350 '0
1783 2296 1838 2348 δὲ

241 2396 331 2450 διὰ
354 2395 470 2448 τῶν
502 2394 812 2464 αἰσθήσεων
847 2395 974 2457 τοὺς
1020 2393 1292 2463 ἐμπαθεῖς
1342 2392 1508 2445 αὐτοῦ
1543 2391 1840 2461 λογισμοὺς

241 2488 560 2556 διεγείρων,
587 2485 648 2538 οὐ
668 2483 1174 2553 διαφυλαχθήσεται
1200 2481 1342 2535 κατὰ
1369 2481 1551 2552 ψυχὴν
1573 2480 1839 2548 ἀϐλαϐής.

250 2602 269 2634 ι
321 2581 382 2633 'U
421 2581 537 2653 γὰρ
558 2578 838 2649 ἐμϐλέψας
861 2578 1085 2646 γυναικὶ
1117 2577 1253 2646 πρὸς
1285 2576 1346 2628 τὸ
1379 2575 1720 2644 ἐπιθυμῆσαι
1750 2573 1846 2626 αὐ-

241 2675 367 2743 τῆς,
399 2673 510 2742 ήδη
544 2671 866 2741 ἐμοίχευσεν
898 2668 1070 2738 αὐτὴν
1095 2669 1153 2721 ἐν
1179 2669 1244 2738 τῇ
1281 2667 1484 2738 καρδίᾳ
1515 2665 1704 2719 αὑτοῦ.
1747 2684 1764 2716 ι

317 2771 394 2834 η’.
449 2763 506 2814 Ὁ
542 2761 841 2831 κτώμενος
890 2761 1214 2830 φρόνησιν,
1263 2755 1466 2827 ἀγαπᾷ
1509 2757 1748 2810 ἑαυτόν,
1789 2756 1847 2809 '0

243 2853 705 2926 προσλαμϐάνων
745 2853 1010 2922 φρόνησιν
1039 2853 1106 2920 τῇ
1145 2849 1360 2920 αἱρέσει
1385 2846 1480 2900 τοῦ
1511 2847 1845 2918 κρείττονος,

243 2946 345 3001 τοῦ
375 2944 582 3000 ἐαυτοῦ
614 2942 962 3014 ἐπιμελεῖται
1013 2941 1422 3010 συμφέροντος·
1469 2940 1551 2991 ὅτι
1595 2940 1666 2991 τὰ
1703 2939 1848 3007 ψυχῇ

244 3041 347 3094 καὶ
387 3038 610 3108 σώματι
642 3037 890 3108 σωτήρια
923 3035 1232 3103 οἰκονομεῖν
1256 3028 1397 3084 οἶδεν
1439 3032 1472 3100 ἡ
1505 3030 1790 3101 φρόνησις.

325 3133 442 3197 Ὃς
470 3129 779 3199 φυλάσσει
813 3129 1136 3196 φρόνησιν,
1169 3123 1420 3192 εὑρήσει
1449 3122 1660 3190 ἀγαθά.
1709 3121 1769 3174 '0
1799 3121 1855 3173 δὲ
1882 3159 1926 3216 C

244 3224 448 3296 τηρῶν
492 3221 702 3290 ταύτην
750 3218 872 3272 κατ’
918 3217 1207 3288 ἐνέργειαν
1252 3214 1348 3269 τοῦ
1397 3213 1589 3279 καλοῦ,
1636 3213 1746 3267 τῶν
1797 3212 1856 3264 ἐν

246 3311 626 3382 ἐπαγγελίαις
662 3308 887 3376 ἀγαθῶν
922 3305 1293 3368 ἐπιτεύξεται.

323 3408 392 3458 0'.
419 3401 662 3470 Μάρτυς
685 3398 940 3468 ψευδὴς,
962 3399 1073 3450 οὐκ
1107 3395 1475 3464 ἀτιμώρητος
1491 3394 1684 3446 ἔσται.
1728 3391 1786 3444 Ὀ
1799 3391 1858 3444 δέ

244 3498 355 3567 τὴν
391 3495 533 3565 πρὸς
564 3493 633 3546 τὰ
671 3491 1008 3561 φθειρόμενα
1037 3486 1222 3556 σχέσιν
1270 3483 1426 3554 ἡμῶν
1467 3481 1707 3536 ἐπαινῶν
1742 3481 1859 3533 δαί-

250 3605 404 3658 μων,
445 3587 507 3638 τδ
528 3581 936 3654 ἡτοιμασμένον
970 3577 1118 3649 αὐτῷ
1142 3576 1239 3631 καὶ
1267 3573 1378 3638 τοῖς
1407 3573 1663 3643 ἀγγέλοις
1689 3569 1856 3625 αὑτοῦ

248 3678 377 3748 πῦρ
413 3675 518 3728 οὐκ
543 3672 897 3743 ἐκφεύξεται.

331 3773 450 3834 ’⁸ος
474 3767 528 3820 δ’
559 3765 636 3820 ἂν
674 3763 948 3830 ἑκκαὺσῃ
983 3761 1226 3827 κακίαν,
1266 3755 1577 3812 ἀπολεῖται
1621 3754 1722 3806 ὑπ’
1751 3753 1858 3805 αὑ·
1936 3788 1939 3790 -

246 3863 390 3932 τῆς.
447 3859 506 3911 '0
544 3858 602 3911 δὲ
637 3857 729 3909 τὸν
769 3853 1110 3925 ἐμϐληθέντα
1143 3854 1203 3905 ἐν
1239 3853 1306 3921 τῇ
1344 3848 1508 3901 αὑτοῦ
1558 3847 1706 3916 ψυχῇ
1761 3845 1861 3913 τῆς

247 3953 504 4026 ἀνομίας
530 3948 738 4020 πυρσὸν
765 3945 916 4017 παρὰ
946 3942 1042 3997 τοῦ
1065 3942 1315 4012 φθορέως
1350 3940 1550 4002 Σατᾶν,
1581 3938 1724 3990 κατὰ
1742 3935 1862 3988 διά-

249 4052 416 4104 θεσιν
451 4041 743 4110 ὑπανάψας
790 4039 888 4093 καὶ
933 4034 1157 4106 πρᾶξιν,
1189 4030 1725 4103 ἀποτεφρωθήσεται
1769 4028 1862 4080 ὑπ’

249 4137 437 4197 αὐτοῦ
472 4136 572 4204 τὴν
611 4133 709 4203 τῆς
738 4131 916 4200 ψυχῆς
950 4127 1188 4192 εὐεξίαν.

331 4237 388 4284 ι’.
434 4228 522 4280 Οὐ
547 4223 840 4293 συμφέρει
874 4219 1091 4289 ἄφρονι
1122 4215 1344 4285 τρυφὴ,
1369 4214 1468 4268 καί
1496 4213 1604 4268 ἐὰν
1627 4211 1866 4278 οἰκέτης

249 4320 531 4392 ἄρξηται
577 4314 707 4384 μεθ’
765 4312 988 4379 ὕϐρεως
1048 4306 1466 4361 δυναστεύειν.
1537 4301 1867 4370 Ἀσυντελής

247 4389 416 4467 ἐστιν
440 4409 477 4478 ἡ
500 4409 599 4475 τῆς
625 4402 862 4472 φυσικῆς
885 4399 996 4451 τῶν
1023 4395 1240 4467 ὁρατῶν
1270 4393 1506 4463 θεωρίας
1532 4389 1868 4462 ἐντρύφησις

247 4506 334 4576 τῷ
377 4498 692 4566 ἀλογίστως
727 4495 912 4555 αὐτοῖς
942 4489 1290 4543 ἐπιϐάλλοντι
1315 4503 1328 4517 ·
1360 4488 1484 4548 ταῖς
1517 4483 1630 4554 γὰρ
1657 4481 1868 4535 τούτων

247 4569 628 4662 ἐπιφανείαις
667 4582 1034 4651 ἐναπομένει⁶
1084 4580 1158 4650 μὴ
1207 4577 1509 4646 δυνάμενος
1550 4572 1760 4635 ταύτας
1806 4569 1876 4623 δι’

248 4680 593 4756 ἀφροσύνην
620 4676 883 4747 περάσαι,
923 4673 1019 4726 καὶ
1049 4672 1176 4733 τοὺς
1211 4668 1638 4740 κεκρυμμένους
1659 4665 1874 4718 τούτων

247 4755 470 4845 λόγους
501 4767 832 4824 καταλαϐεῖν
853 4782 867 4795 ·
919 4764 1172 4832 καθάπερ
1203 4762 1354 4814 ἐστὶν
1392 4759 1542 4824 αὺτῷ
1579 4755 1875 4818 ἀσυντελές

249 4871 358 4924 καὶ
393 4865 462 4918 τὸ
513 4860 766 4915 ἐντεῦθεν
811 4855 1136 4926 συμϐαῖνον,
1183 4851 1426 4924 ὁπηνίκα
1468 4851 1528 4904 τὸ
1559 4847 1875 4919 ὑποχείριον

127 4949 148 4960 ’
248 4964 324 5032 τῇ
369 4957 534 5028 ψυχῇ
570 4952 752 5021 σῶμα,
782 4948 1115 5018 ἐπιχειρήσῃ
1164 4943 1252 4997 διὰ
1279 4943 1389 4996 τῶν
1433 4941 1649 5010 ἀτίμων
1681 4937 1873 4992 παθῶν

251 5049 485 5118 ταύτης
519 5040 1038 5107 κατεξανίστασθαι.

208 5157 246 5210 ει
338 5143 440 5192 ια’.
495 5129 805 5200 Ἐλεήμων
831 5129 988 5196 ἀνὴρ
1031 5126 1434 5197 μακρόθυμος.
1483 5122 1541 5174 'U
1579 5118 1877 5190 συμπαθὴς

213 5208 581 5300 τᾶνθρωπος
628 5221 864 5292 ὑπάρχει
909 5219 1004 5272 καὶ
1025 5216 1368 5284 ἀνεξίκακος,
1400 5213 1709 5268 ἀδικεῖσθαι
1745 5208 1878 5282 μᾶλ-

259 5304 362 5377 λον
404 5313 744 5386 αἱρούμενος
773 5311 806 5382 ἢ
835 5310 1070 5365 ἀδικεῖν.

347 5409 432 5465 Τὸ
459 5404 534 5459 δὲ
566 5405 848 5472 καύχημα
894 5399 1082 5455 αὐτοῦ
1115 5397 1433 5467 ἐπέρχεται
1485 5394 1873 5462 παρανόμοις.

352 5503 422 5556 '0
453 5498 517 5552 δέ
563 5497 686 5551 κατ’
738 5493 1022 5564 ἀλήθειαν,
1070 5492 1139 5546 δι’
1189 5491 1255 5562 ἢν
1303 5489 1418 5560 ἔχει
1470 5485 1879 5558 μακροθυμίαν,

1946 1929 2041 2000 qui
2078 1943 2245 1998 super
2285 1927 2473 1981 omnia
2529 1933 2656 1987 stat,
2702 1923 2898 1976 Deum.

2010 2016 2184 2071 Multa
2215 2015 2557 2084 malefaciens
2575 2056 2589 2078 ,
2609 2012 2835 2079 explebit
2857 2010 3141 2063 malitiam.
3165 2009 3268 2074 Qui
3296 2011 3530 2064 multum

1939 2115 2160 2176 peccat,
2193 2120 2300 2158 non
2326 2105 2489 2156 modo
2521 2118 2616 2172 per
2645 2099 2897 2154 alit-ctum
2930 2107 3212 2168 peccatum
3244 2099 3396 2163 facit,
3433 2100 3530 2154 sed

1938 2197 2103 2249 etiam
2139 2195 2268 2246 totis
2303 2192 2510 2246 viribus
2545 2206 2639 2259 per
2661 2199 2863 2244 actum.

2013 2286 2118 2352 Qui
2144 2283 2410 2338 contendit
2442 2281 2632 2346 verbis,
2683 2297 2788 2333 non
2827 2277 3143 2333 salsubitur.
3197 2278 3305 2343 Qui
3349 2286 3531 2331 autem

1941 2392 2040 2446 per
2073 2388 2274 2429 sensus
2319 2373 2524 2426 excitat
2571 2368 2942 2438 cogitationes
2996 2381 3127 2420 suas
3177 2364 3534 2433 passiouibus

1944 2467 2186 2528 deditas,
2211 2465 2394 2518 anima
2424 2462 2545 2528 eius
2584 2476 2691 2514 non
2725 2457 3033 2512 servabitur
3060 2455 3250 2509 illtesa.
3289 2474 3307 2506 ι
3339 2453 3536 2506 Omnis

1945 2563 2092 2615 enim
2130 2558 2221 2628 qui
2261 2555 2564 2626 inspexerit
2601 2553 2891 2605 mulierem
2927 2549 2990 2601 ad
3028 2545 3533 2617 concupiscemlum

1947 2670 2092 2716 eam,
2121 2654 2233 2722 jam
2269 2649 2578 2703 tumebatns
2598 2653 2682 2700 est
2711 2661 2830 2699 eam
2861 2643 2916 2696 in
2957 2641 3122 2695 corde
3159 2654 3261 2694 suo
3297 2639 3341 2691 ".
3382 2656 3401 2689 ι

2019 2746 2186 2799 Vens.
2220 2743 2275 2798 8.
2307 2742 2412 2807 Qui
2434 2739 2665 2808 possidet
2691 2736 3055 2802 prudentiam,
3083 2731 3259 2800 diligit
3283 2730 3533 2798 seipsum.

1951 2837 2054 2903 Qui
2083 2834 2433 2905 prudentiain
2469 2829 2720 2899 adjungit
2753 2827 2943 2896 optimi
2985 2821 3268 2886 electioni,
3313 2819 3381 2873 de
3413 2833 3539 2887 pro-

1955 2927 2072 2998 pria
2114 2926 2351 2979 utilitate
2393 2931 2587 2989 curat;
2644 2920 2777 2990 quia
2814 2913 3297 2971 conservationem
3344 2911 3542 2964 animae

1955 3035 2019 3073 ac
2049 3017 2300 3086 corporis
2333 3028 2638 3085 procurare
2669 3013 2823 3065 novit
2851 3005 3167 3077 prudentia.

2029 3111 2133 3175 Qui
2160 3107 2394 3161 custodit
2425 3105 2765 3175 prudentiam
2806 3099 3028 3154 inveniet
3075 3097 3232 3150 bona.
3273 3093 3374 3160 Qui
3412 3092 3546 3146 totis

1959 3203 2175 3255 viribus
2215 3199 2364 3253 illam
2407 3199 2546 3252 bene
2585 3203 2792 3258 servat,
2840 3192 2985 3245 bona
3039 3197 3368 3256 assequctur
3414 3199 3544 3254 pro-

1961 3307 2155 3346 mISSil.

2030 3380 2196 3435 Vsus.
2227 3379 2278 3433 9.
2317 3377 2483 3432 Testis
2507 3375 2679 3444 falsus
2718 3389 2820 3427 non
2849 3371 3145 3440 impunitus
3181 3367 3306 3419 erit.
3339 3361 3546 3416 Diabo-

1959 3473 2047 3527 lus
2085 3470 2338 3524 ali‘ectum
2360 3476 2612 3522 nostrum
2637 3464 2703 3518 ad
2740 3478 2804 3517 ca
2827 3478 2946 3531 qua:
2965 3469 3392 3526 corrumpuntur
3424 3455 3546 3508 latt-

1960 3565 2098 3620 dans
2126 3575 2238 3615 non
2266 3557 2493 3628 eﬂ‘ugiet
2516 3557 2695 3626 ignem
2725 3554 2835 3633 ipsi
2867 3561 2922 3608 et
2955 3552 3169 3622 angelis
3197 3548 3314 3618 ejus
3339 3563 3548 3617 pra‘pa-

1963 3665 2168 3711 ratum.

2036 3745 2141 3812 Qui
2165 3739 2460 3796 accenderit
2487 3737 2711 3801 malum,
2748 3734 2941 3800 peribit
2990 3734 3044 3786 in
3096 3748 3176 3787 eo.
3233 3730 3550 3799 lniquitatis

1963 3839 2143 3908 ignem
2181 3835 2238 3889 in
2270 3832 2512 3886 animam
2542 3843 2572 3882 a
2615 3827 2892 3898 perditore
2921 3823 3125 3878 Satana
3159 3822 3421 3890 injectum
3458 3821 3550 3888 qui

1965 3927 2166 3982 ali‘ectu
2189 3923 2478 3981 succendit
2512 3928 2568 3975 et
2597 3927 2746 3982 actu,
2771 3917 2844 3972 ab
2873 3932 2939 3972 eo
2969 3917 3172 3971 anima:
3199 3915 3319 3984 ejus
3342 3914 3552 3968 sanitas

1965 4018 2251 4074 exinanita
2297 4013 2513 4070 evadet.

2040 4199 2210 4254 Vens.
2240 4196 2326 4250 10.
2370 4192 2492 4247 Non
2522 4198 2741 4261 prosunt
2767 4185 2934 4241 stulto
2969 4179 3198 4245 deliciw,
3253 4180 3352 4234 etsi
3382 4179 3567 4248 fantu-

1969 4290 2053 4343 lus
2071 4285 2290 4354 incipiat
2308 4299 2432 4337 cum
2452 4278 2772 4336 contumelia
2795 4274 3083 4329 dominari.
3111 4271 3353 4343 Physica:
3377 4283 3558 4324 rerum

1969 4378 2275 4434 visibilium
2308 4370 2794 4442 contemplationis
2818 4367 3034 4422 delicia:
3068 4363 3408 4433 imperfectae
3431 4370 3563 4416 sunt

1903 4493 1945 4546 ι)
1974 4474 2024 4528 ei
2071 4469 2167 4540 qui
2201 4469 2325 4523 illas
2357 4464 2526 4521 stulte
2567 4459 2934 4516 COusiderat:
2977 4472 3164 4510 earum
3203 4456 3346 4509 enim
3397 4466 3565 4521 appa-

1975 4565 2174 4621 rentiis
2209 4563 2558 4619 immoratur,
2589 4569 2698 4608 non
2725 4552 2914 4606 valens
2955 4547 3300 4617 superliciem
3338 4552 3563 4613 praetcr-

1973 4657 2126 4727 gredi
2161 4663 2214 4709 et
2240 4651 2487 4707 occultas
2521 4660 2710 4700 earum
2748 4640 3034 4711 percipere
3057 4637 3323 4690 rationes.
3357 4635 3566 4700 Quem-

1973 4724 2266 4803 admodum
2319 4740 2459 4795 nihil
2496 4737 2571 4790 illi
2614 4733 2831 4805 prolicit
2878 4729 3099 4801 quando
3160 4727 3363 4782 accidit
3416 4724 3561 4794 quod

1973 4853 2176 4907 corpus
2231 4835 2429 4888 animae
2467 4829 2845 4898 mancipatum
2887 4825 3155 4878 adversus
3196 4822 3343 4876 illaut
3385 4817 3564 4886 turpi-

1975 4931 2184 4986 tudinis
2217 4924 2571 4998 passionibus
2605 4923 2895 4990 insurgere
2923 4919 3154 4972 nitatur.

2052 5111 2221 5166 Vens.
2253 5108 2343 5162 H.
2383 5102 2694 5159 Misericors
2728 5100 2806 5154 vir
2836 5096 3155 5168 longanimis
3205 5103 3302 5146 est.
3352 5088 3574 5144 Patiens

1980 5212 2068 5261 est
2107 5202 2192 5256 vir
2237 5195 2615 5268 compatiens;
2654 5189 2985 5260 injustitiam
3034 5186 3143 5257 pati
3175 5198 3340 5254 quam
3390 5178 3574 5234 facere

1984 5295 2214 5353 mavult.

2062 5387 2128 5442 Et
2183 5385 2437 5458 gloriatio
2492 5383 2606 5453 ejus
2655 5389 2732 5433 est
2789 5375 2969 5445 iniqua
3025 5365 3392 5438 praeter-gredi.
3438 5360 3575 5418 Vera

1990 5491 2171 5536 autem
2208 5481 2329 5534 laus
2358 5477 2480 5548 ejus
2513 5489 2619 5546 qua
2661 5467 3136 5541 longanimitatcm
3172 5462 3338 5516 habet
3391 5458 3445 5511 in
3483 5470 3578 5509 eos

377 5545 418 5556 ν
456 5545 515 5552 ’ν
564 5545 664 5551 ⁷⁷⁷⁷
742 5545 1022 5564 ”ί““Ιή⁷ή”⁷ν
1081 5545 1088 5546 '
1211 5545 1222 5562 ο
1335 5545 1366 5560 η
1470 5545 1482 5558 ι
1591 5545 1602 5557 ι
1729 5545 1742 5556 υ

262 5597 515 5652 ἔπαινος
546 5586 735 5654 αὐτοῦ,
771 5589 880 5650 τοῖς
908 5584 1098 5638 τοῦτον
1132 5582 1282 5656 παρὰ
1326 5580 1426 5652 τὴν
1463 5579 1614 5633 θείαν
1661 5575 1850 5644 ἐντολὴ

1991 5575 2084 5646 qui
2119 5580 2311 5628 contra
2365 5545 2459 5626 Dei
2499 5545 2824 5624 mandatum
2879 5560 3031 5615 illum
3073 5553 3276 5626 injuria
3329 5545 3578 5604 alliciunt

345 5771 368 5805 ⁷
413 5766 611 5822 Matth.
651 5781 715 5832 ν,
746 5764 836 5818 ‘23.
