3976 6416
235 365 361 432 ΗΠ

1283 342 1819 413 COMMENTARU
1866 338 1949 407 IN
1990 337 2422 405 PROVEHBIA

3357 324 3491 387 HR.

229 486 322 554 τὴν
342 472 536 531 ἑαυτοῦ
562 471 738 543 ψυχὴν
764 471 872 527 ἀπὸ
898 470 1008 524 τῶν
1031 467 1497 523 ἐπιῦουλευόντων
1528 466 1700 536 ταύτῃ
1720 464 1808 518 διὰ

1953 474 2058 515 tam
2092 471 2246 513 suam
2293 452 2535 509 custodit
2565 467 2594 505 a
2628 448 2811 521 pravis
2852 446 3141 520 spiritibus
3180 446 3274 517 qui
3309 446 3359 500 ei
3400 462 3495 516 per

230 569 487 629 ποικίλων
517 563 727 628 παθῶν,
758 563 859 632 τῆς
888 560 1153 631 πονηρίας
1182 557 1531 627 πνευμάτων.

310 665 362 714 '0
392 658 460 711 δὲ
493 652 886 724 καταφρονῶν
928 651 1049 705 τῶν
1087 648 1303 703 ἑαυτοῦ
1334 644 1513 711 ὁδῶν,
1561 643 1806 699 ἀπο.ὶεῖ-

229 772 340 813 tat.
388 751 446 802 ἰ)
472 748 518 801 δ’
549 745 770 818 ἀμελῶς
806 746 937 816 περὶ
964 741 1062 807 τὰς
1093 741 1245 803 θείας
1278 738 1499 802 ἐντολὰς
1532 738 1812 808 διακείμε-

229 863 342 909 νος,
380 840 437 896 αἲ
469 839 626 910 δίκην
646 836 783 892 ὁδῶν
809 836 1037 903 ἄγουσιν
1064 833 1228 887 αὑτὸν
1266 832 1403 902 πρὸς
1421 830 1578 896 Θεὸν,
1617 830 1810 883 τούτου

230 936 545 994 ἑκπεσεῐται
597 929 693 984 τοῦ
747 926 1029 998 πανταχοῦ
1078 925 1344 997 παρόντος
1374 924 1471 978 καὶ
1521 922 1590 978 τὰ
1632 923 1813 977 πάντα
1852 999 1871 1005 _

232 1030 335 1099 πλη
346 1025 585 1099 ροῦντος.

305 1114 390 1183 ιζ’.
432 1112 694 1179 Δανείζει
745 1110 868 1177 Θεῷ
902 1110 935 1164 ὁ
967 1106 1157 1163 ἐλεῶν
1195 1106 1454 1174 πτωχόν.
1500 1105 1560 1157 '0
1596 1101 1815 1173 συμπά-

231 1212 379 1266 θειαν
410 1205 554 1261 κατὰ
599 1204 662 1258 τὸ
696 1203 875 1274 παρὸν
905 1202 985 1265 εἰς
1025 1198 1117 1253 τὸν
1147 1197 1379 1253 πλούτου
1413 1193 1815 1250 ἐκπεπτωκότα

231 1298 701 1368 ἐπιδεικνύμενος,
734 1297 827 1349 τὸν
858 1293 991 1348 Θεὸν
1016 1292 1303 1364 χρεώστην
1333 1292 1497 1344 ποιεῖ.

299 1390 462 1450 Κατὰ
510 1390 577 1443 δὲ
609 1389 677 1442 τὸ
732 1388 886 1456 δόμα
922 1382 1112 1439 αὑτοῦ
1170 1378 1586 1435 ἀνταποδώσει
1630 1376 1811 1443 αὐτῷ.

245 1482 649 1543 Ἀνταποδὼσει
673 1481 729 1535 δὲ
754 1476 911 1542 οὗτος
927 1476 1078 1547 αὐτῷ
1102 1476 1160 1528 ὲν
1183 1476 1248 1545 τῇ
1270 1475 1474 1543 φρικτῇ
1497 1469 1663 1524 αὑτοῦ
1682 1487 1819 1541 παρ·

229 1577 409 1646 ουσία,
464 1573 650 1640 ἀξίους
695 1570 796 1639 τῆς
840 1567 1007 1624 αὑτοῦ
1048 1568 1131 1651 είς
1174 1566 1265 1617 τὸν
1320 1560 1478 1630 ἐνδεῆ
1521 1559 1819 1622 διαθέσεως

232 1668 354 1729 τοὺς
390 1662 643 1733 μισθούς.

304 1765 394 1829 ιη’.
428 1756 682 1811 ιΙαίδευε
702 1755 837 1809 υἱόν
859 1765 996 1806 σου⁶
1022 1750 1209 1815 οὓτως
1228 1747 1339 1817 γὰρ
1359 1749 1531 1803 ἔσται
1546 1747 1815 1811 εὔελπις.

1912 549 2100 604 varias
2130 546 2421 617 passiones
2452 541 2813 599 insidiantur.

1985 639 2093 706 Qui
2131 647 2307 693 autem
2348 636 2561 708 negligit
2594 651 2723 689 suas
2756 634 2893 697 vias,
2918 630 3131 702 peribit.
3169 627 3273 697 Qui
3313 638 3494 683 autem

1916 731 1970 785 in
2025 729 2418 786 observatione
2455 726 2550 782 Dei
2585 726 3000 789 mandatorum,
3037 738 3161 795 quat
3197 720 3358 792 quasi
3396 719 3500 773 via:

1914 833 2038 874 eum
2073 819 2282 874 ducunt
2318 817 2387 873 ad
2420 817 2609 882 Deum,
2645 815 2928 887 negligens
2960 821 3064 879 est,
3086 812 3298 869 deliciet
3327 826 3356 864 a
3392 807 3500 862 Deo

1916 911 2009 981 qui
2041 911 2250 981 ubique
2284 923 2527 997 presens
2554 916 2641 965 est
2672 914 2726 962 et
2754 904 2943 962 omnia
2971 903 3180 973 implet.

1989 1088 2155 1143 Vens.
2191 1088 2278 1143 i7.
2322 1087 2620 1143 Feneratur
2664 1087 2891 1143 Domino
2933 1086 3023 1156 qui
3054 1085 3328 1139 miseretur
3367 1097 3501 1150 pau-

1915 1181 2078 1249 peris.
2107 1181 2285 1235 Homo
2316 1194 2465 1234 nunc
2498 1179 2935 1236 misericordiam
2969 1177 3269 1233 ostendens
3298 1176 3348 1231 in
3376 1192 3501 1231 eum

1925 1271 2023 1344 qui
2055 1270 2281 1326 fortuna
2310 1271 2536 1337 excidit,
2568 1272 2901 1326 creditorem
2934 1270 3067 1326 facit
3105 1271 3296 1325 Deum.

1991 1362 2293 1420 Secundum
2320 1361 2510 1417 datum
2538 1363 2651 1431 ejus
2675 1363 2926 1417 retribuet
2951 1364 3017 1417 ei.
3054 1362 3197 1419 Deus
3229 1375 3414 1419 autem
3449 1366 3503 1418 in

1920 1457 2155 1513 terribili
2184 1471 2284 1512 suo
2314 1457 2554 1511 adventu
2574 1455 2798 1526 dignam
2815 1454 2901 1511 sui
2926 1454 3152 1512 aﬂ'ectus
3178 1455 3234 1511 in
3254 1465 3503 1527 egentem

1920 1551 2114 1607 reddet
2151 1550 2482 1607 mercedem.

1993 1734 2159 1787 Vens.
2187 1731 2275 1786 l8.
2321 1729 2495 1785 Erudi
2519 1732 2695 1802 [ilium
2721 1742 2901 1798 tuum;
2931 1734 3008 1787 sic
3042 1735 3182 1789 enim
3221 1736 3321 1789 erit
3359 1735 3509 1790 bona:

233 1820 497 1924 Παραίνει
528 1850 594 1904 τὰ
617 1848 806 1900 δέοντα
831 1843 910 1914 τῷ
946 1840 1165 1912 φυσικῷ
1194 1842 1307 1894 εἴτε
1338 1841 1433 1895 καὶ
1460 1839 1540 1910 τῷ
1567 1855 1818 1909 πνευμα-

1953 1822 2054 1893 psi.
2089 1822 2271 1879 Edoce
2291 1838 2411 1893 quae
2435 1823 2639 1878 decent
2666 1823 2859 1883 lilium
2881 1832 3038 1879 tuum
3080 1825 3509 1881 sive-carnalem

231 1944 365 2013 τικῷ
396 1960 494 1995 σου
524 1939 627 2011 υἱῷ
649 1957 663 1972 ·
700 1935 956 1991 ἐντεῦθεν
985 1933 1096 2005 γὰρ
1128 1932 1282 2004 παρὰ
1314 1931 1450 1985 Θεοῦ
1484 1928 1819 2000 κομίσασθαι

232 2035 447 2091 ἐλπίσει
472 2031 542 2087 τὰ
565 2029 748 2099 ἀγαθά
766 2046 780 2060 ·
812 2030 884 2082 τὰ
908 2024 1028 2097 Θεῷ
1049 2026 1324 2097 εὐάρεστα
1349 2024 1603 2095 μυηθεὶς,
1633 2022 1729 2076 καὶ
1754 2023 1820 2091 τῇ

234 2128 509 2199 φιλοπόνῳ
535 2124 743 2179 τούτων
771 2119 1033 2193 ἐργασίᾳ,
1059 2119 1129 2173 τὰ
1164 2122 1222 2172 ὲν
1253 2114 1610 2185 ἐπαγγελίαις
1640 2110 1824 2183 ἀγαθὰ

234 2221 351 2275 ὲκδε
359 2220 421 2291 χό
431 2233 595 2289 μενος
605 2259 618 2271 .

298 2315 404 2377 Εἰς
437 2309 510 2363 δὲ
535 2309 703 2377 ὓϐριν
736 2306 821 2375 μὴ
867 2304 1118 2373 ἐπαιζρου
1148 2301 1223 2370 τῇ
1267 2300 1443 2370 ψυχῇ
1473 2314 1614 2355 σου.
1651 2300 1744 2363 Εἰς
1765 2298 1825 2351 δὲ

234 2405 294 2458 τὸ
317 2401 578 2475 ἡγεῖσθαι
602 2399 764 2453 αὖτδν
787 2396 983 2461 κακὸν,
1016 2395 1112 2448 καὶ
1132 2393 1242 2448 ἀπὸ
1270 2391 1367 2446 σοῦ
1400 2390 1714 2455 ἐκκόπτειν,
1749 2389 1825 2459 μὴ

234 2497 473 2565 διέγειρε
504 2492 603 2563 τὴν
628 2491 811 2562 ψυχήν
845 2506 940 2542 σου
975 2490 1036 2542 ἐν
1068 2486 1144 2557 τῷ
1188 2484 1513 2555 συμϐαίνειν
1540 2481 1825 2536 λυπεῖσθαι

236 2591 316 2651 εἰς
343 2586 546 2642 αὐτόν·
581 2584 668 2637 ἵνα
704 2584 780 2654 μὴ
804 2582 1025 2645 πάντως
1057 2578 1322 2650 μισόπαις
1356 2575 1716 2646 κατακριθῇς.

303 2680 388 2734 ιθθ.
428 2678 764 2747 Κακόφρων
804 2674 984 2741 ἀνὴρ,
1027 2672 1229 2725 πολλὰ
1276 2668 1725 2741 ζημιωθήσεται.
1769 2668 1827 2721 'O

237 2776 305 2830 τὰ
335 2776 532 2831 δέοντα
568 2773 645 2845 μὴ
692 2770 911 2842 φρονῶν
949 2768 1259 2840 ἅνθρωπος,
1293 2763 1387 2819 τοῦ
1434 2763 1666 2818 πλούτου
1720 2762 1829 2816 τῶν

240 2867 455 2941 ἀρετῶν
508 2865 906 2937 στερηθήσεται
930 2877 943 2890 '
972 2861 1055 2914 ὅτι
1090 2859 1166 2928 μὴ
1208 2856 1433 2925 διαιρῶν
1473 2854 1535 2907 τὸ
1580 2856 1831 2925 κρεῖττον

186 3024 187 3027 η
242 2960 347 3014 ἀπὸ
370 2957 473 3013 τοῦ
519 2956 787 3029 χείρονος,
824 2954 986 3023 θεοιεῖ
1010 2950 1086 3014 ὡς
1122 2948 1279 3018 ἔτυχε
1318 2947 1377 2999 τὸ
1405 2946 1603 3015 κακὸν,
1626 2945 1832 3016 ζημίαν

243 3052 614 3121 ὑφιστάμενος
641 3047 736 3101 τοῦ
763 3045 953 3099 καλοῦ.

317 3143 465 3198 Ἐὰν
479 3140 547 3194 δὲ
563 3140 934 3209 λοιμεύηται,
956 3135 1057 3189 καὶ
1078 3134 1191 3202 τὴν
1206 3131 1420 3201 ψυχὴν
1438 3130 1628 3185 αὑτοῦ
1647 3136 1834 3224 προσ·
1862 3159 1910 3224 c

244 3234 439 3302 θήσει.
491 3233 548 3286 Ὀ
570 3232 630 3285 δὲ
664 3231 753 3286 διὰ
785 3228 1054 3299 πονηρίας
1104 3227 1449 3298 περιουσίαν,
1484 3226 1584 3294 τῆς
1634 3222 1835 3292 φθορο-

245 3328 403 3380 ποιοῠ
434 3323 602 3379 αὑτοῦ
638 3322 839 3384 κακίας
867 3322 958 3374 καὶ
984 3320 1192 3388 ἑτέροις
1222 3316 1557 3387 μεταδιδοὺς,
1591 3314 1836 3385 προσθή-

245 3435 331 3470 σει
391 3417 453 3470 τδ
497 3415 595 3468 καὶ
655 3413 828 3482 αὐτὴν
882 3412 987 3481 τὴν
1048 3411 1185 3463 ἰδίαν
1239 3408 1589 3480 ζημιωθῆναι
1651 3405 1833 3476 ζωήνο

246 3504 667 3575 ἑκκοπτομένης
694 3502 861 3557 αὑτοῦ
886 3503 990 3571 τῆς
1018 3500 1201 3571 ψυχῆς
1232 3499 1342 3569 πρὸ
1380 3498 1551 3570 ὥρας,
1586 3496 1728 3551 ὥστε
1762 3497 1837 3567 μὴ

248 3601 521 3670 ὑπάρχειν
544 3599 625 3661 εἰς
658 3596 864 3668 βλάϐην
893 3593 1129 3650 πολλῶν.

318 3690 393 3743 κ’.
466 3690 709 3750 Ἀκουε,
742 3685 859 3749 υἱὲ,
886 3684 1171 3738 παιδείαν
1205 3683 1433 3751 πατρός
1453 3697 1593 3745 σου,
1626 3681 1726 3735 ἵνα
1766 3674 1836 3734 εὖ

247 3796 347 3834 σοι
365 3780 610 3849 γένηται
629 3780 723 3833 ἐπ’
738 3777 1015 3847 ἐσχάτων
1033 3791 1170 3830 σου.
1190 3775 1469 3846 Εὑπειθὴς
1491 3774 1605 3840 ἔσο,
1624 3774 1834 3837 τέκνον,

247 3873 370 3933 ταῖς
401 3868 538 3941 ἐμοῦ
559 3868 656 3922 τοῦ
690 3867 1018 3922 διδασκάλου
1060 3883 1153 3919 σου
1197 3865 1504 3928 νουθεσίαις
1527 3883 1543 3898 ο
1570 3865 1839 3947 ἴνασμετὰ

247 3961 311 4015 τὺ
352 3961 701 4033 καθαρθῆναι
738 3958 933 4013 παθῶν
958 3958 1056 4012 καὶ
1089 3956 1374 4029 φωτισμὸν
1406 3956 1668 4023 δέξασθαι
1694 3957 1838 4025 γνώ-

252 4070 415 4121 σεως,
446 4054 618 4126 εὕρῃς
644 4055 705 4106 ὲν
732 4052 811 4124 τῷ
838 4052 939 4122 τῆς
972 4050 1242 4123 κινήσεώς
1273 4067 1369 4103 σου
1396 4050 1565 4113 τέλει,
1588 4051 1650 4104 τὸ
1674 4050 1842 4121 ἐσχαι

249 4162 343 4200 τον
369 4148 620 4219 ὀρεκτὸν,
645 4145 735 4199 διὰ
772 4144 834 4198 τὸ
862 4142 989 4197 νοῦν
1022 4144 1261 4213 περᾶσαι
1291 4143 1471 4197 πάντα
1493 4143 1563 4196 τὰ
1592 4142 1721 4196 ὄντα
1745 4142 1841 4196 καὶ

251 4240 330 4302 εἰς
365 4242 459 4293 τὸν
503 4239 713 4293 τούτων
752 4236 948 4304 αἴτιον,
980 4237 1075 4290 καὶ
1120 4235 1264 4307 ὑπὲρ
1297 4234 1471 4289 ταῦτα
1502 4235 1839 4307 ὑπάρχοντα,

221 4371 238 4387 .
252 4332 595 4402 καταντῆσαι
624 4327 780 4383 Θεόν.

1924 1917 2039 1972 sive
2065 1915 2429 1985 spiritualem.
2482 1913 2622 1971 lliuc
2654 1915 2801 1971 enim
2840 1930 2871 1970 a
2910 1914 3024 1973 Deo
3052 1926 3339 1987 reportare
3368 1918 3510 1972 bona

1924 2006 2190 2076 sperabit.
2228 2006 2298 2061 lis
2335 2021 2459 2075 quae
2507 2004 2620 2059 Deo
2648 2005 2855 2075 placita
2910 2015 3039 2061 sunt
3092 2007 3378 2071 initiatus,
3419 2023 3514 2075 per

1924 2100 2244 2171 diligentem
2286 2112 2478 2154 eorum
2517 2098 2988 2170 adimpletionem,
3047 2102 3190 2156 bona
3235 2102 3511 2171 promissa

1925 2193 2179 2262 accipiet.

1998 2282 2082 2337 Ad
2119 2283 2492 2338 contumeliam
2523 2291 2703 2337 autem
2741 2299 2805 2339 ne
2820 2284 3047 2339 eieceris
3077 2284 3257 2338 animo
3309 2295 3419 2338 tuo.
3456 2284 3511 2337 Si

1929 2375 2146 2432 accidat
2179 2385 2240 2432 ut
2290 2391 2389 2447 per
2427 2390 2553 2431 eum
2590 2375 2785 2431 dolore
2827 2374 3106 2443 aﬂiciaris,
3151 2390 3222 2431 ne
3266 2375 3511 2429 animum

1932 2475 2088 2523 tuum
2114 2467 2324 2523 excites
2356 2467 2424 2523 ad
2458 2466 2772 2523 ducendum
2813 2467 2969 2522 illum
3016 2467 3249 2531 malum,
3278 2482 3515 2536 eumque

1932 2568 2036 2616 ate
2057 2560 2449 2631 separandum,
2474 2575 2544 2616 ne
2561 2574 2790 2631 prorsus
2810 2560 2993 2616 odisse
3011 2574 3240 2630 puerum
3264 2561 3517 2628 arguaris

2004 2651 2141 2707 Ven.
2173 2652 2259 2707 i9.
2296 2651 2445 2707 Male
2475 2653 2715 2723 cogitans
2737 2652 2817 2706 vir
2843 2632 3014 2706 multa
3034 2651 3232 2706 damna
3256 2653 3511 2721 patietur.

1940 2742 2217 2799 Virtutum
2247 2744 2458 2801 divitils
2496 2745 2747 2813 carebit,
2774 2745 2870 2816 qui
2903 2761 3024 2816 qua:
3046 2744 3243 2800 decent
3276 2760 3385 2799 non
3422 2731 3516 2800 co-

1937 2835 2104 2906 gitat.
2161 2834 2302 2902 Quia
2352 2850 2383 2890 a
2431 2839 2677 2907 pessimo
2710 2851 2823 2893 non
2868 2836 3160 2908 distinguit
3201 2838 3470 2907 optimum
3500 2878 3517 2901 ,

1935 2927 2176 2992 malum,
2251 2938 2310 2982 ut
2355 2929 2668 3000 contingit,
2729 2937 3016 2999 operatur,
3066 2928 3332 2985 damnum
3388 2929 3518 2984 boni

1937 3018 2169 3088 patiens.

2016 3107 2078 3164 Si
2104 3118 2276 3164 autent
2301 3110 2612 3179 corruperit,
2647 3119 2697 3164 et
2731 3110 2967 3165 animam
2998 3126 3151 3165 suam
3195 3111 3374 3165 addet.
3416 3112 3521 3178 Qui

1942 3208 2125 3256 autem
2157 3202 2228 3256 ob
2257 3202 2547 3273 gravitatis
2590 3217 2877 3258 excessum
2906 3188 3071 3259 'alios
3113 3205 3341 3259 malitia:
3401 3223 3517 3262 sua:

1941 3294 2309 3364 corruptricis
2352 3295 2651 3366 participes
2692 3295 2912 3362 effecit,
2962 3295 3127 3351 addet
3176 3300 3342 3352 etiam
3392 3318 3521 3371 pro-

1939 3387 2115 3455 priam
2160 3387 2391 3457 perdere
2437 3389 2632 3444 vitam.
2692 3390 2889 3444 Anima
2939 3387 3061 3458 ejus
3118 3398 3247 3446 ante
3303 3401 3520 3465 tempus

1938 3477 2246 3545 excidetur,
2280 3495 2350 3536 ne
2380 3481 2569 3537 multis
2598 3491 2814 3538 noceat.

2013 3655 2180 3712 Vnus.
2206 3657 2298 3713 20.
2342 3658 2519 3724 Audi,
2563 3661 2681 3729 ﬁli,
2723 3662 3066 3732 disciplinam
3105 3668 3278 3733 patris
3313 3668 3425 3729 tui,
3462 3679 3518 3719 ut

1942 3750 2153 3815 sapiens
2187 3748 2262 3801 sis
2312 3748 2368 3801 in
2416 3750 2721 3804 novissimis
2776 3755 2903 3808 tuis.
2949 3752 3151 3810 Docilis
3191 3765 3347 3819 esto,
3402 3757 3477 3810 [ili
3505 3800 3521 3824 ,

1943 3838 2420 3894 admonitionibus
2467 3840 2605 3896 meis
2649 3855 2790 3911 quas
2826 3844 3087 3915 praecipio
3116 3844 3240 3912 tibi,
3285 3856 3345 3900 ut
3371 3861 3526 3916 post-

1942 3946 2107 4000 quam
2168 3945 2199 3984 a
2255 3931 2608 4000 passionibus
2694 3932 2866 3991 fueris
2933 3936 3258 4004 purilicatns
3327 3939 3523 4006 cogni-

1942 4023 2223 4095 tionisque
2292 4025 2475 4080 lumen
2566 4027 2888 4097 acceperis,
2971 4029 3223 4084 invenias
3285 4029 3341 4083 in
3421 4032 3528 4084 line

1943 4122 2127 4171 motus
2190 4117 2301 4181 tui,
2357 4116 2686 4188 novissima}
2720 4118 3151 4186 desiderabilia,
3205 4126 3265 4174 ut
3316 4118 3526 4173 scilicet

1943 4207 2126 4261 omnia
2175 4207 2467 4276 praesentia
2519 4219 2701 4265 mente
2750 4209 3227 4281 prmtergredieus,
3277 4210 3388 4266 Deo
3432 4214 3526 4281 qui

1945 4298 2141 4352 horum
2173 4312 2339 4354 causa
2387 4308 2473 4355 est
2498 4306 2552 4355 et
2575 4300 2669 4370 qui
2703 4316 2868 4372 super
2900 4301 3015 4358 lucc
3046 4302 3233 4358 omnia
3285 4306 3524 4367 exsistit,

1945 4404 2231 4446 occurras.

322 4517 434 4566 κα’.
471 4509 697 4566 Πολλοὶ
727 4506 1020 4578 λογισμοὶ
1057 4508 1126 4559 ἐν
1178 4505 1393 4573 καρδίᾳ
1441 4504 1681 4571 ἀνδρός.
1730 4501 1834 4572 Τὴν

2018 4501 2193 4559 Vena.
2222 4503 2311 4560 2i.
2381 4504 2572 4561 Multa:
2607 4508 2955 4578 cogitationes
3001 4508 3056 4563 in
3085 4507 3244 4564 corde
3276 4511 3396 4566 viri.
3435 4510 3528 4566 Dt-
3564 4484 3574 4491 ’

250 4601 494 4657 διάνοιαν
514 4603 609 4657 τοῦ
632 4601 924 4673 ἀνθρώπου
942 4598 1190 4667 διάφοροι
1212 4594 1548 4666 διαδέχονται
1572 4593 1839 4663 λογισμοί’

252 4691 387 4744 ποτὲ
410 4693 456 4746 δ’
477 4690 678 4760 ὲκείνῳ
705 4686 1159 4760 προστιθεμένου,
1197 4686 1290 4739 καὶ
1313 4687 1380 4756 τῇ
1403 4684 1512 4737 τῶν
1535 4681 1845 4761 ἀλλοιωτῶν

252 4780 542 4837 ἀλλοιώσει
578 4779 1092 4849 συναλλοιουμένου.

334 4874 398 4930 Ἠ
432 4875 505 4931 δὲ
527 4873 736 4941 ,ϐουλὴ
761 4870 871 4926 τοῦ
899 4871 1129 4939 Κυρίου
1161 4872 1249 4937 εις
1290 4870 1401 4924 τὸν
1437 4869 1624 4924 αιῶνα
1651 4868 1843 4938 μένει.

253 4962 329 5017 Τὸ
355 4967 399 5021 δ’
429 4970 527 5025 ἐπὶ
547 4969 685 5022 πᾶσι
717 4966 859 5020 θεῖον
888 4965 983 5018 καὶ
1022 4962 1356 5018 Δεσποτικδν
1386 4962 1619 5033 θέλημα,
1637 4963 1846 5032 ἀμετα-

256 5057 477 5129 κίνητον
505 5064 586 5125 εἰς
612 5060 705 5115 τὸν
729 5059 949 5115 ἅπαντα
975 5056 1225 5128 διαμένει
1241 5056 1445 5110 αἰῶνα·
1476 5056 1598 5109 ὅθεν
1623 5057 1652 5109 δ
1670 5056 1846 5125 τούτῳ

257 5156 626 5225 προσερείσας
655 5153 718 5206 τὸ
749 5153 851 5221 τῆς
894 5149 1077 5220 ψυχῆς
1120 5149 1295 5219 ὄμμα,
1329 5147 1427 5201 καὶ
1469 5148 1572 5218 τῆς
1612 5147 1722 5201 τῶν
1755 5164 1847 5201 κι-

256 5245 538 5313 νουμένων
574 5245 848 5316 ὑπεριδὼν
898 5243 1289 5314 ματαιότητος,
1320 5243 1516 5310 γέγονε
1559 5242 1655 5295 καὶ
1683 5241 1847 5305 αὐτὸς

257 5334 528 5405 ἄτρεπτος
570 5342 638 5410 τῇ
686 5336 976 5392 ἀλλοιώσει
1024 5337 1133 5390 τῶν
1171 5335 1483 5390 ἀλλοιωτῶν
1527 5334 1604 5405 μὴ
1651 5334 1846 5388 συναλ-

257 5425 401 5482 λοιού
400 5449 590 5500 μενος.
1666 5490 1676 5505 I

330 5521 439 5589 1,3'.
467 5521 706 5592 Καρπὸς
731 5521 900 5590 ἀνδρὶ
924 5520 1329 5588 ἐλεημοσύνη.
1349 5520 1707 5589 Καρποφορεῖ
1727 5517 1847 5588 Θεῷ

259 5607 566 5681 ἄνθρωπος,
620 5616 721 5683 τὴν
750 5614 887 5682 πρὸς
925 5613 1051 5675 τοὺς
1089 5613 1353 5681 ὁμοφυεῖς
1406 5610 1784 5678 συμπάθειαν*
1808 5609 1845 5679 ἡ

260 5699 378 5754 ἔστι
422 5706 576 5772 τέλος
623 5707 732 5760 τῶν
782 5703 1014 5775 ἀρετῶν,
1068 5705 1141 5766 ὼς
1194 5703 1361 5773 νόμου
1411 5702 1508 5757 καὶ
1550 5700 1846 5773 προφητῶν

261 5798 552 5872 πλῄρωμα,

575 5893 845 5953 ΡΛτιιοι..
881 5890 927 5949 G
942 5908 998 5947 ιι.
1042 5889 1206 5950 LXX
1225 5891 1264 5947 Χ
1282 5886 1408 5947 ΥΠ.

1946 4611 2120 4652 versae
2169 4597 2226 4651 in
2269 4609 2455 4652 mente
2500 4598 2741 4654 hominis
2786 4598 3152 4670 cogitationes
3189 4600 3292 4656 sibi
3334 4616 3528 4657 succe-

1947 4687 2106 4743 dunt.
2159 4688 2476 4759 Aliquando
2522 4696 2705 4744 autem
2737 4690 2867 4745 huic
2898 4690 2976 4746 rei
3012 4692 3248 4746 intendit
3282 4694 3527 4748 animum

1946 4789 2001 4835 et
2029 4782 2195 4836 modo
2221 4782 2571 4838 mutabilium
2602 4784 2906 4839 mutatione
2937 4768 3281 4840 immutatur.

2018 4871 2317 4928 Consilium
2379 4883 2557 4930 autem
2607 4874 2823 4929 Domini
2889 4875 2945 4929 in
3012 4876 3267 4930 swculum
3328 4884 3526 4929 manet.

1948 4967 2129 5036 Super
2155 4967 2415 5022 universa
2450 4976 2633 5022 autem
2671 4966 2765 5022 Dei
2818 4981 2883 5023 ac
2922 4966 3138 5023 Domini
3172 4967 3430 5023 voluntas
3472 4968 3528 5021 in

1948 5060 2131 5112 omnia
2162 5059 2361 5113 sarcula
2393 5066 2681 5129 permanet
2717 5058 2966 5114 immOta.
3001 5057 3159 5115 Unde
3195 5057 3291 5130 qui
3332 5058 3529 5112 anima:

1947 5149 2167 5204 oculum
2203 5149 2333 5205 huic
2369 5149 2561 5216 aﬁixit,
2595 5161 2645 5205 et
2670 5165 2858 5207 eorum
2906 5166 3028 5221 quae
3058 5159 3352 5206 moventur
3394 5164 3528 5203 con-

1948 5243 2173 5311 tempsit
2203 5243 2533 5308 vanitatem,
2574 5242 2751 5299 evasit
2777 5254 2832 5299 et
2861 5246 2982 5314 ipse
3021 5244 3285 5298 immotus
3307 5282 3322 5307 ,
3355 5249 3532 5297 muta-

1949 5332 2099 5387 tione
2132 5334 2479 5389 mutabilium
2509 5348 2620 5389 non
2654 5335 3008 5389 immutatus.

2024 5513 2187 5571 Vens.
2231 5515 2320 5570 22.
2353 5514 2588 5571 Fructus
2622 5517 2732 5571 viro
2760 5516 3117 5586 eleemosyna.
3162 5512 3273 5568 Deo
3302 5510 3535 5569 fructiﬁ-

1949 5616 2039 5661 cat
2072 5610 2165 5678 qui
2215 5609 2268 5662 in
2303 5603 2587 5678 proximos
2615 5608 2862 5665 ostendit
2904 5605 3363 5663 misericordiam.
3408 5598 3537 5653 Haec

1948 5709 2033 5754 est
2063 5687 2329 5768 perfectio
2353 5700 2637 5765 virtutum,
2665 5707 2719 5765 et
2742 5698 2877 5766 legis
2902 5712 2964 5754 ac
2989 5701 3381 5768 prophetarum
3420 5689 3536 5758 pic-

1950 5789 2165 5847 nitudo.
3456 5798 3461 5811 ‘

3105 5874 3177 5933 45
