3976 6392
474 317 609 383 Ηὶο

1772 313 2127 377 PROCOPII
2165 315 2409 381 GAZ.’EI

3592 328 3705 393 149.3

546 423 739 478 Melior
777 428 956 476 autem
995 434 1194 491 pauper
1232 420 1412 492 justus
1444 436 1600 494 quant
1631 424 1859 478 mendax
1885 426 2050 480 dives.

2229 430 2548 496 Ιιζρείσσων
2569 430 2638 484 δὲ
2670 431 2908 501 πτωχὸς
2936 431 3189 500 δίκαιος,
3289 438 3569 507 πλούσιος
3587 446 3710 510 ψεύ-

476 516 665 570 Melior
713 523 797 569 eat
851 511 943 582 qui
1008 514 1239 567 scientia
1293 525 1447 569 caret
1477 524 1532 570 et
1588 515 1873 602 inculpate
1927 517 2062 570 vivit

477 627 642 680 quam
679 610 724 667 is
755 610 848 680 qui
893 608 1125 666 scicntia
1163 607 1317 664 dives
1354 623 1462 663 non
1499 607 1837 678 inculpatum
1891 624 2058 680 quam

476 722 511 777 p
543 703 730 760 Omisit
759 701 870 759 Deo
896 701 1377 758 conversationem
1412 698 1682 757 ostendit.

548 877 718 933 Vens.
749 877 840 933 23.
887 875 1073 933 Timor
1104 874 1321 931 Domini
1350 875 1420 928 ad
1448 876 1612 930 vitam
1651 874 1785 930 uiro.
1835 872 1939 940 Qui
1992 873 2064 927 ob

481 971 697 1025 Domini
733 970 987 1025 timorem
1015 969 1199 1024 divina
1229 968 1552 1037 exsequitur
1586 964 1870 1029 mandata,
1902 965 1955 1019 in
1981 966 2063 1020 eis

477 1062 685 1117 invenit
715 1061 880 1116 vitam
911 1060 1364 1132 spiritus,lumen
1393 1058 1605 1115 scilicet
1631 1056 1989 1130 cognitionis.

550 1239 751 1296 Carene
803 1246 979 1293 autem
1027 1237 1217 1291 timore
1249 1236 1617 1300 ,‘morabitur
1677 1237 1736 1291 in
1790 1237 1919 1293 iocis
1971 1236 2062 1291 ubi

480 1351 583 1389 non
608 1333 849 1404 invigilat
892 1332 1134 1386 scientia.
1166 1329 1272 1396 Qui
1299 1340 1481 1384 autem
1523 1329 1621 1385 Dei
1654 1329 1855 1384 timore
1889 1336 2063 1394 caret,

485 1412 796 1494 requiescet
824 1423 876 1489 in
909 1422 979 1478 iis
1006 1435 1129 1492 quae
1159 1435 1270 1475 non
1300 1421 1516 1476 ratione
1540 1420 1845 1476 secundum
1877 1423 2063 1477 scien-

481 1518 611 1569 tiam
639 1515 1047 1571 examinantur.
1074 1514 1167 1568 sed
1198 1513 1253 1567 in
1283 1513 1543 1582 operibus
1575 1512 1906 1583 iniquitatis,
1933 1529 2067 1586 0pc-

481 1606 656 1669 rihus,
706 1612 766 1658 ut
803 1604 1103 1674 contingit,
1136 1603 1559 1658 occurrentibus
1600 1618 1832 1674 quorum
1865 1620 2064 1677 opera-

2164 528 2338 586 στης.
2366 521 2613 576 Καλλίων
2644 523 2703 577 δέ
2737 525 2887 578 ἐστιν
2928 524 3115 597 ἐνδεὴς
3154 526 3410 595 γνώσεως
3434 529 3708 601 ἀμέμπτως
3802 566 3805 569 -

2164 611 2609 684 πολιτευόμενος,
2647 613 2789 686 ὑπὲρ
2833 614 2927 669 τὸν
2981 615 3319 673 πλουτοῦντα
3366 621 3504 675 κατὰ
3537 625 3710 691 γνῶσιν

2163 703 2260 757 καὶ
2284 703 2384 775 τὴν
2421 705 2714 777 ἄμεμπτον
2755 706 3060 775 πολιτείαν,
3088 710 3156 780 ἣν
3186 710 3315 783 ,Θεῷ
3349 712 3622 786 ὑπέσχετο,
3651 724 3713 793 μὴ

2163 793 2634 866 ἐπιδεικνύμενον.

2234 887 2341 949 κγ¹ι
2375 883 2565 951 Φόϐος
2610 887 2854 956 Κυρίου,
2888 890 2978 956 είς
3020 887 3177 959 ζωὴν
3211 891 3404 962 ἀνδρί.
3443 894 3502 947 'O
3533 895 3604 966 τῷ
3636 898 3717 952 Δε-

2166 974 2415 1046 σποτικῷ
2465 976 2617 1048 φόϐῳ
2642 978 2744 1043 τὰς
2794 979 2943 1044 Θείας
2982 982 3172 1054 τηρῶν
3219 984 3461 1051 ἐντολὰς,
3499 988 3718 1057 εὑρίσκει

2164 1063 2225 1115 ἐν
2248 1065 2444 1130 αὐταῖς
2467 1066 2568 1140 τὴν
2588 1068 2737 1142 ζωὴν
2763 1072 2858 1126 τοῦ
2883 1073 2999 1141 νοῦ,
3023 1076 3243 1140 πάντως
3260 1075 3352 1131 τὸν
3370 1079 3469 1150 τῆς
3494 1077 3719 1149 γνώσεως

2166 1158 2479 1227 φωτισμόν.

2248 1246 2312 1299 '0
2343 1247 2412 1300 δὲ
2444 1249 2669 1340 ᾇφοϐος
2717 1253 3160 1324 αὐλισθήσεται
3184 1257 3254 1311 ἐν
3273 1258 3501 1340 τόποις,
3525 1254 3609 1327 οἷς
3629 1265 3725 1317 οὐκ

2164 1335 2492 1391 ἐπισκοπεῖ
2513 1339 2755 1408 γνῶσις.
2804 1342 2865 1399 Ὀ
2900 1343 2958 1397 δὲ
2990 1345 3086 1399 τοῦ
3132 1346 3281 1420 θείῳ
3319 1335 3486 1417 φόϐου
3524 1351 3726 1421 ἑστερη-

2170 1427 2353 1498 μένος,
2386 1430 2910 1506 ἐπαναπαυθήσεται
2945 1439 3061 1501 τοῖς
3092 1436 3168 1510 μὴ
3201 1436 3346 1509 λόγῳ
3380 1439 3521 1494 κατὰ
3548 1441 3729 1510 γνῶσιν

2166 1519 2605 1595 ἐξεταζομένοις,
2656 1527 2775 1582 ἀλλ’
2815 1529 2892 1593 ὡς
2925 1528 3085 1601 ἔτυχε
3135 1532 3524 1605 προϐαίνουσιν
3567 1534 3729 1605 ἔργοις

2165 1615 2264 1684 τῆς
2294 1615 2547 1687 ἀνομίας,
2581 1616 2617 1672 ἃ
2650 1626 3174 1694 περιγεγραμμένον
3199 1625 3338 1698 μόνῃ
3366 1629 3433 1701 τῇ
3465 1627 3652 1700 πράξει
3678 1627 3730 1683 τὸ

483 1698 562 1751 tio
642 1696 865 1767 quidem
925 1697 1258 1766 voluptatem
1314 1693 1670 1749 inlia‘rentem
1722 1694 1909 1763 habet,
1964 1699 2059 1754 sed

2173 1704 2266 1776 ἡδὺ
2299 1707 2598 1779 κέκτηνται
2643 1713 2764 1780 μετ’
2793 1693 3104 1787 αὐτὴνῦπδ
3146 1693 3247 1788 aii;
3512 1693 3727 1791 διαδεχόο

483 1803 607 1859 qua:
642 1788 896 1859 sequitur
932 1786 1109 1842 dolor.
1139 1785 1294 1844 Finis
1327 1786 1474 1841 enim
1511 1798 1775 1841 sensuum
1810 1789 2063 1861 volupta-

2173 1814 2309 1868 μενοι
2329 1816 2344 1832 ο
2377 1801 2530 1868 τέλος
2567 1804 2677 1877 γὰρ
2718 1806 2818 1876 τῆς
2848 1785 2968 1862 κατ’
3006 1785 3263 1881 αἴσθησιν
3308 1785 3559 1883 ήδονῆςὴ
3589 1785 3726 1884 ὀδό-νη

485 1879 558 1935 tis
588 1878 769 1934 dolor.

556 1970 720 2025 Vsus.
754 1968 843 2024 24.
897 1968 1002 2035 Qui
1043 1969 1317 2024 abscondit
1361 1971 1418 2025 in
1460 1972 1637 2027 sinum
1682 1989 1837 2027 suum
1876 1989 2067 2029 manus

483 2063 700 2137 injuste,
722 2078 883 2133 neque
896 2062 979 2115 ori
997 2059 1206 2132 quidem
1224 2062 1519 2118 admovebit
1542 2081 1657 2120 eas.
1672 2064 1780 2132 Qui
1793 2067 1863 2121 ob
1879 2068 2068 2123 carnis

482 2154 722 2209 laborem
741 2154 794 2207 in
810 2153 1042 2208 colenda
1066 2153 1570 2224 virtute,practicas
1584 2158 1780 2212 animae
1793 2158 2068 2227 potentias

482 2247 652 2304 stulte
682 2238 972 2303 abscondit
1001 2261 1105 2303 nec
1137 2246 1262 2302 illas
1290 2248 1531 2317 explicat
1559 2247 1628 2303 ad
1658 2248 1953 2321 implenda.
1969 2248 2069 2306 Dei

483 2340 782 2407 mandata,
826 2340 1070 2394 fructum
1109 2340 1332 2396 virtutis
1375 2356 1406 2396 e
1461 2356 1630 2395 carne
1680 2349 1903 2398 terrena
1955 2358 2065 2398 non

478 2429 727 2500 colliget,
755 2444 935 2501 neque
963 2430 1071 2484 hoc
1102 2429 1215 2499 ipsi
1230 2429 1643 2499 jucundissimo
1669 2430 1849 2486 fructu
1877 2443 2069 2503 pascet

485 2521 756 2576 animam:
781 2535 911 2576 caro
930 2522 1077 2577 enim
1099 2535 1220 2591 qua:
1245 2519 1474 2590 iustitiae
1495 2521 1760 2593 operibus
1786 2524 1854 2577 ab
1879 2524 2065 2577 anima

484 2627 596 2669 non
625 2612 898 2669 addicitur
924 2628 1102 2683 neque
1140 2612 1455 2683 adjuvatur,
1488 2613 1609 2668 loco
1643 2612 1858 2670 fructus
1888 2615 2067 2670 virtu-

486 2706 580 2773 tis,
638 2705 747 2776 ipsi
784 2703 994 2776 profert
1042 2706 1363 2776 ignominiae
1410 2706 1698 2776 passiones
1748 2723 1871 2777 qua:
1916 2707 2068 2763 velut

484 2799 654 2870 spina:
685 2799 832 2854 illam
865 2799 1227 2854 conscientia:
1251 2798 1495 2855 stimulis
1523 2809 1795 2871 pungunt.

558 3060 844 3118 “antiis.
909 3060 1198 3119 Pestilente
1250 3065 1524 3135 ﬂagellato
1571 3065 1768 3120 stultus
1834 3069 2067 3122 astutior

484 3153 570 3224 ﬁt.
597 3152 736 3209 Cum
767 3154 857 3210 ille
885 3155 983 3225 qui
1014 3131 1380 3227 corruptricis
1426 3157 1718 3226 pravitatis
1764 3159 2067 3231 participes
2097 3131 2139 3188 C

483 3247 625 3303 alios
670 3245 895 3315 en‘ecit,
945 3247 1038 3302 dat
1065 3263 1297 3321 pinnas,
1349 3251 1551 3304 melior,
1578 3250 1636 3304 tit
1668 3252 1760 3320 qui
1789 3268 1913 3323 quae
1960 3269 2069 3309 non

482 3339 682 3395 decent
713 3340 1014 3409 cogitabat,
1036 3341 1103 3396 ab
1139 3341 1552 3397 irrationalibus
1590 3343 1777 3397 anima
1810 3345 2069 3414 appetiti-

482 3433 588 3486 bus
614 3432 931 3502 abstractus
958 3431 1026 3487 ad
1061 3433 1286 3488 meliora
1322 3433 1632 3489 contendit.

555 3522 620 3579 Si
656 3533 834 3578 autem
870 3524 1188 3593 corripueris
1220 3526 1392 3579 uirum
1417 3526 1727 3594 prudentem
1751 3568 1767 3593 ,
1813 3529 2066 3598 cogitabit

484 3629 719 3670 sensum.
774 3613 834 3670 Si
902 3625 1085 3670 autem
1151 3615 1363 3672 homini
1423 3617 1659 3687 sapienti
1717 3618 2069 3675 demonstras

482 3720 610 3760 eum
632 3720 755 3775 quae
777 3720 889 3760 non
919 3706 1211 3775 Oportebat
1242 3707 1539 3765 admisisse
1564 3750 1579 3774 ,
1624 3710 1828 3766 bonum
1861 3726 1891 3765 ο
1923 3712 2069 3765 man

485 3801 634 3847 recta
660 3793 1003 3850 discretione
1028 3795 1337 3866 distinguet
1363 3799 1890 3869 exprobrationibus
1918 3801 2070 3857 exci-

485 3890 637 3938 tatus
663 3884 729 3938 ad
768 3884 1174 3956 exquirendum
1209 3903 1334 3958 quae
1362 3888 1550 3947 facere
1581 3891 1761 3948 debet.

558 4057 727 4116 Vens.
758 4060 853 4116 26.
895 4060 1001 4129 Qui
1041 4063 1329 4119 inhonorat
1370 4076 1582 4136 patrem
1615 4077 1664 4123 et
1703 4069 1918 4136 expellit
1959 4086 2071 4123 ma.

488 4161 624 4207 trem
657 4168 832 4220 suam,
877 4154 1231 4225 confundetur
1270 4167 1319 4212 et
1363 4160 1749 4229 exprobrabitis
1783 4164 1904 4218 erit.
1964 4165 2066 4233 Qui

484 4245 772 4300 caelestem
847 4242 1069 4302 Patrem
1129 4250 1435 4305 secundum
1508 4257 1746 4322 gratiam
1804 4259 2067 4325 cperihus

412 4333 419 4343 ’
480 4336 715 4407 justitia:
756 4353 866 4393 non
924 4338 1156 4395 honorat
1205 4350 1261 4396 et
1306 4341 1431 4411 ejus
1466 4359 1590 4413 quae
1619 4343 1674 4398 in
1696 4347 1864 4401 vitam
1912 4350 2067 4404 illum

485 4429 675 4498 genuit
731 4428 977 4484 divinam
1018 4430 1331 4486 doctrinam
1381 4432 1632 4503 repellit,
1682 4435 1750 4490 ab
1808 4439 2067 4497 omnibus
2103 4466 2147 4521 ι)

487 4522 797 4590 repelletur,
827 4528 1019 4592 utpote
1043 4524 1137 4593 qui
1169 4524 1446 4580 caelestem
1473 4523 1689 4581 Patrem
1728 4531 1953 4584 mutavit
1974 4547 2071 4599 pro

486 4613 703 4670 diabolo
739 4629 904 4686 quem
937 4617 1069 4670 colit
1096 4631 1191 4688 per
1220 4616 1510 4687 passiones
1540 4618 1884 4690 ignominiae.

560 4839 725 4895 Vsus.
762 4839 856 4895 27.
893 4837 1070 4894 Filius
1117 4842 1364 4896 amittens
1406 4842 1674 4899 custodire
1723 4844 2067 4914 disciplinam

2169 1891 2338 1948 ἐστίν.

2240 1986 2342 2042 κδ’.
2386 1987 2441 2041 Ὀ
2464 1988 2815 2059 ἐμρύπτων
2841 1996 2929 2061 εἰς
2956 1995 3065 2049 τὸν
3084 1996 3326 2051 κόλπον
3344 1997 3531 2051 αὐτοῦ
3554 1997 3732 2067 χεῖρας

2167 2077 2409 2147 ἀδίκως,
2435 2081 2579 2137 οὐδὲ
2600 2084 2680 2152 τῷ
2699 2087 2949 2156 στόματι
2971 2089 3043 2142 οὐ
3057 2087 3146 2157 μὴ
3167 2090 3524 2161 προσαγάγῃ
3546 2091 3728 2158 αὐτάς.

2179 2171 2240 2225 '0
2281 2172 2369 2227 διὰ
2404 2173 2467 2227 τὸ
2511 2175 2655 2229 κατὰ
2699 2179 2881 2249 σάρκα
2928 2180 3187 2234 ἐπίπονον
3232 2181 3332 2251 τῆς
3370 2182 3588 2253 ἀρετῆς,
3621 2183 3732 2255 κρύ-

2168 2280 2322 2317 πτων
2352 2266 2498 2321 κατᾶ
2548 2268 2729 2340 ψυχὴν
2768 2268 3074 2339 ἀλογίστως
3117 2271 3221 2335 τὰς
3262 2274 3576 2342 πρακτικὰς
3601 2275 3732 2328 δυνά-

2173 2375 2295 2428 μεις
2330 2360 2525 2431 αὐτῆς,
2562 2362 2656 2416 καὶ
2704 2364 2778 2435 μὴ
2829 2364 3091 2418 ἐκτείνων
3134 2364 3339 2429 ταύτας
3383 2369 3464 2430 εἰς
3498 2368 3733 2438 ἐργασίαν

2168 2447 2276 2501 τῶν
2304 2449 2399 2503 τοῦ
2431 2449 2572 2506 Θεοῦ
2600 2453 2853 2520 ἐντολῶν,
2885 2458 2945 2508 οὐ
2977 2454 3239 2526 δρέψεται
3272 2457 3371 2510 τὸν
3406 2457 3527 2510 κατ’
3555 2460 3732 2530 ἀρετὴν

2169 2539 2382 2608 καρπὸν
2423 2541 2629 2613 γηῖνης
2651 2543 2873 2614 σαρκὸς,
2911 2536 3168 2618 καιίμὴ]
3200 2545 3298 2619 τὴν
3334 2547 3536 2601 ἑαυτοῦ
3567 2547 3733 2619 θρέψει

2166 2630 2345 2702 ψυχὴν
2383 2632 2462 2703 τῷ
2496 2634 2700 2705 ἡδίστῳ
2731 2636 2870 2707 αὐτῇ
2904 2636 3093 2707 τοιῷδε
3132 2636 3332 2709 καρπῷ
3362 2655 3376 2668 ·
3412 2640 3445 2710 ἡ
3473 2638 3577 2709 γὰρ
3615 2639 3733 2709 σὰρξ

2167 2722 2353 2795 ἔργοις
2398 2725 2766 2796 δικαιοσύνης,
2816 2728 2922 2782 ὑπὸ
2966 2729 3068 2800 τῆς
3110 2729 3291 2801 ψυχῆς
3321 2729 3400 2801 μὴ
3436 2729 3734 2799 φιλο-πονου-

2171 2814 2333 2886 μένη,
2360 2817 2480 2869 ἀντὶ
2504 2817 2597 2870 τοῦ
2629 2819 2749 2871 κατ’
2772 2818 2975 2891 ἀρετὴν
3006 2820 3247 2891 καρποῦ,
3269 2820 3557 2875 ἀνατέλλει
3582 2820 3730 2892 ταύτῃ

2167 2906 2393 2976 ἀτιμίας
2421 2907 2599 2976 πάθη,
2632 2908 2788 2978 δίκην
2820 2910 3070 2963 ἀκανθῶν
3099 2911 3178 2982 τῷ
3210 2912 3427 2983 ἐλέγχῳ
3459 2912 3550 2966 τοῦ
3579 2930 3734 2967 συντι-

2168 2997 2319 3061 5510;
2350 3000 2794 3054 κατακεντοῦντα
2824 3003 3014 3073 αὐτήν.

2243 3098 2341 3147 κε’.
2378 3093 2602 3162 Λοιμοῦ
2627 3094 3137 3164 μαστιγουμένου,
3175 3095 3387 3165 ἄφρων
3424 3098 3731 3167 arar-armti

2172 3201 2342 3254 τερος
2375 3186 2620 3257 γίνεται.
2656 3186 2763 3240 Τοῦ
2794 3186 2893 3257 τῆς
2924 3187 3254 3259 φθοροποιοῦ
3279 3187 3486 3252 κακίας
3516 3191 3605 3244 καὶ
3633 3191 3732 3244 ὲιέ-

2175 3292 2291 3346 ροις
2339 3277 2739 3346 μεταδιδόντος,
2778 3279 3218 3350 τιμωρουμένου,
3273 3279 3582 3351 βελτιοῦται
3616 3284 3642 3336 ὁ
3674 3283 3731 3335 τὰ

2176 3370 2252 3440 μὴ
2288 3369 2481 3426 δέοντα
2523 3373 2760 3443 φρονῶν,
2789 3373 3219 3443 συστελλόμενος
3256 3375 3371 3429 ἀπὸ
3416 3376 3526 3430 τῶν
3579 3377 3735 3445 ἀλογὶ-

2175 3478 2317 3518 στων
2341 3465 2553 3535 ὁρμῶν,
2579 3468 2671 3520 καὶ
2699 3467 3154 3536 ἐπεκτεινόμενος
3189 3466 3328 3539 πρὸς
3350 3468 3424 3523 τὰ
3449 3468 3732 3538 κρείττονα.

2225 3626 2227 3630 γ
2255 3558 2396 3612 Ἐὰν
2417 3557 2486 3610 δὲ
2500 3556 2760 3628 earnm
2775 3556 2968 3627 ἄνδρα
2982 3558 3296 3635 φρόνιμον,
3312 3559 3534 3629 νοήσει
3554 3559 3735 3626 alcon-

2172 3666 2295 3705 σιν.
2342 3649 2471 3704 Ἐὰν
2500 3650 2557 3703 δὲ
2586 3650 2883 3720 δηλοποιῇς
2921 3649 2991 3703 τὰ
3030 3647 3106 3721 μὴ
3138 3648 3353 3715 δέοντα,
3407 3650 3732 3720 πραττόμενα

2170 3739 2448 3812 ἀνθρώπῳ
2485 3741 2762 3813 ἐχέφρονι,
2806 3741 3093 3812 καταλάϐῃ
3136 3740 3439 3812 διάκρισιν,
3488 3741 3584 3813 τὴν
3617 3741 3733 3795 διαι-

2174 3833 2378 3907 ροῦσαν
2415 3833 2476 3888 τδ
2505 3838 2751 3905 κρεῖττον
2783 3833 2892 3888 ἀπὸ
2922 3833 3017 3887 τοῦ
3049 3835 3319 3907 χείρονος,
3352 3838 3476 3899 ταῖς
3500 3835 3733 3905 ἐπιτιμή-

2174 3942 2293 3979 σεσι
2328 3925 2732 3997 διεγειρὸμενος
2762 3925 2900 3996 πρὸς
2932 3924 3032 3998 τὴν
3072 3927 3185 3980 τῶν
3207 3926 3343 3998 παρ’
3380 3926 3548 3981 αὑτοῦ
3580 3926 3731 3998 πράτ-

2169 4017 2363 4072 τεσθαι
2392 4018 2697 4088 μελλόντων
2726 4017 2997 4083 ἐξέτασιν.

2243 4116 2358 4174 κς⁹.
2392 4110 2453 4163 Ὀ
2477 4107 2768 4179 ἀτιμάζων
2790 4110 3039 4180 πατέρα,
3071 4110 3171 4166 καί
3198 4114 3620 4182 ἀπωθούμενος
3638 4128 3731 4181 μη·

2172 4201 2313 4269 τέρα
2338 4201 2546 4267 αὐτοῦ,
2572 4202 3190 4271 καταισχυνθήσεται.
3221 4204 3318 4258 καὶ
3341 4205 3731 4268 ἐπονείδιστος

2171 4294 2363 4349 ἔσται.
2409 4296 2468 4348 Ὀ
2499 4294 2593 4347 τὸν
2621 4296 2680 4348 ἐν
2721 4296 2969 4367 οὐρανοῖς
3012 4295 3155 4349 κατὰ
3201 4296 3366 4368 χάριν
3398 4298 3631 4368 Πατέρα,
3669 4294 3729 4367 μὴ

2170 4388 2258 4444 διὰ
2288 4387 2396 4442 τῶν
2434 4388 2535 4457 τῆς
2563 4387 2912 4458 δικαιοσύνης
2949 4387 3128 4459 ἔργων
3159 4390 3359 4458 τιμῶν,
3387 4392 3485 4444 καὶ
3511 4389 3605 4459 τὴν
3629 4403 3729 4457 γεν⁸

2175 4478 2354 4532 νῶσαν
2384 4476 2547 4530 αὐτὸν
2570 4477 2649 4540 είς
2678 4476 2848 4548 ζωὴν,
2871 4477 3022 4533 θείαν
3052 4477 3300 4533 παιδείαν
3327 4479 3389 4544 ἐξ
3432 4479 3621 4533 ἑαυτοῦ
3644 4480 3730 4531 ἁπ-

2175 4569 2437 4637 ελαύνων,
2471 4570 2881 4641 ἐντραπήσεται
2922 4570 3077 4641 παρὰ
3109 4572 3297 4625 πᾶσιν·
3324 4571 3404 4636 ὡς
3445 4569 3540 4625 τοῦ
3564 4573 3632 4651 ’ἐν
3652 4574 3729 4623 οἰ-

2052 4678 2073 4697 κ
2178 4665 2362 4733 ρανοίς
2402 4663 2614 4734 Πατρὶς
2673 4661 3151 4734 ἁνταλλαξάμενος
3205 4665 3300 4719 τὸν
3352 4665 3621 4732 διάϐολον,
3656 4662 3730 4717 καὶ

2175 4754 2406 4839 πᾲθεσιν
2436 4755 2662 4825 ἀτιμίας
2689 4754 3016 4825 θεραπεύων
3048 4756 3235 4811 αὐτόν.

2244 4845 2348 4913 κζ’.
2388 4845 2520 4913 Υἱὸς
2536 4847 3016 4917 ἀπολειπόμενος
3042 4847 3310 4918 φυλάξαι
3337 4849 3614 4904 παιδείαν
3638 4862 3733 4900 πα-

482 4933 650 4990 vatria
676 4931 1022 4987 meditabitur
1046 4931 1258 5002 eloquia
1283 4933 1450 4988 mala.
1473 4934 1578 5000 Qui
1604 4950 1700 5005 per
1727 4936 1885 4991 tidem
1908 4953 1937 4991 a
1964 4938 2064 4993 Deo

2173 4939 2331 5008 τρὸς,
2356 4939 2679 5009 μελετήσει
2701 4938 2919 5007 ῥήσεις
2945 4938 3157 5007 κακός.
3202 4940 3262 4996 '0
3279 4942 3369 4997 διὰ
3384 4943 3616 5005 πίστεως
3631 4939 3732 5010 Θεῷ

483 5024 785 5078 secundum
816 5023 1048 5094 gratiam
1089 5024 1144 5077 in
1172 5023 1342 5078 tilium
1384 5025 1698 5097 ad0ptatus,
1740 5029 1946 5084 omittit
1971 5029 2073 5084 ob-

484 5131 708 5172 servare
746 5114 841 5170 Dei
880 5124 937 5172 et
984 5118 1156 5188 patris
1183 5120 1441 5175 mandata
1508 5135 1631 5190 quae
1660 5122 1917 5178 decenter
1968 5139 2071 5178 no-

2174 5030 2319 5085 κατὰ
2347 5030 2510 5102 χάριν
2542 5031 2901 5101 υἱοθετηθεὶς,
2933 5030 3255 5088 καταλιπὼν
3276 5033 3339 5087 τὸ
3387 5035 3623 5105 τηρῆσαι
3647 5030 3728 5091 τὰς

2173 5123 2325 5185 θείας
2357 5122 2575 5185 ἐντολὰς
2606 5122 2665 5177 αἳ
2690 5122 2784 5177 τὸν
2816 5124 3086 5195 ἡμέτερον
3119 5123 3234 5194 βίον
3286 5124 3517 5188 δεόντως
3560 5119 3731 5196 ῥυθμίο

483 5215 655 5261 stram
702 5208 873 5262 vitam
916 5209 1299 5276 moderantur,
1357 5212 1637 5267 contraria
1658 5212 1947 5283 cogitabit.
1987 5213 2064 5268 Ad

2174 5214 2348 5281 ζουσι,
2383 5214 2752 5283 διαλογίσεται
2773 5215 2843 5269 τὰ
2871 5216 3094 5271 ἐναντία
3112 5232 3129 5248 ’
3158 5216 3195 5271 ἃ.
3221 5215 3412 5271 τοῦτον
3453 5215 3728 5288 προτρέπει

482 5297 597 5353 haec
612 5297 864 5354 facienda
884 5300 1036 5355 illum
1056 5300 1290 5373 impellit
1308 5305 1401 5373 qui
1415 5320 1541 5361 eum
1558 5306 1787 5377 perdere
1806 5314 2064 5374 conatur,

2173 5308 2436 5377 πράττειν
2498 5309 2528 5361 ὁ
2582 5307 2879 5379 ἐπιχειρῶν
2911 5308 3180 5363 ἀπολέσαι
3204 5308 3389 5377 αὐτὸν,
3435 5308 3618 5380 ἐχθρὸς
3639 5304 3728 5358 τῶν

485 5389 748 5447 inimicus
777 5393 1087 5447 animarum
1122 5403 1461 5452 nostrarum.

2173 5400 2458 5472 ἡμετέρων
2497 5400 2705 5471 ψυχῶν.

553 5479 720 5536 Vens.
751 5482 844 5538 28.
871 5483 977 5550 Qui
1005 5486 1223 5553 spondet
1249 5505 1469 5556 puerum
1497 5492 1879 5560 imprudentem
1902 5532 1916 5558 ,
1942 5509 2064 5549 con-

2247 5499 2354 5563 κη’.
2399 5495 2451 5546 ⁸0
2493 5491 2871 5563 ἐγγυώμενος
2903 5493 3089 5549 παῖδα
3122 5493 3378 5563 ἄφρονα,
3426 5490 3727 5556 καθυϐρίζει

483 5575 704 5630 tumetia
739 5573 927 5646 aﬂiciet
944 5576 1417 5646 justiﬁcationem.
1449 5580 1556 5649 Qui
1608 5599 1810 5655 corpus
1867 5585 2064 5640 animae

2173 5582 2481 5653 δικαίωμα.
2527 5584 2584 5637 '0
2613 5585 2674 5637 τὸ
2706 5584 3028 5649 ὑπεξούσιον
3045 5586 3111 5655 τῇ
3130 5585 3298 5656 ψυχῇ,
3324 5585 3416 5639 καὶ
3448 5582 3566 5637 καθ’
3588 5585 3727 5636 ἐαυτο

484 5665 851 5735 mancipatam
894 5681 961 5721 ac
1012 5683 1109 5735 per
1155 5684 1216 5725 se
1265 5672 1589 5729 irrationale
1620 5677 1672 5730 in
1720 5676 1826 5732 tine
1849 5678 2064 5734 virtutis

2173 5674 2367 5743 ἄλογον
2397 5675 2580 5745 σῶμα,
2610 5676 2706 5729 ἐπὶ
2729 5676 2876 5728 τέλει
2918 5675 3215 5730 ἀποδοῦναι
3265 5675 3407 5730 κατὰ
3454 5675 3643 5749 πρᾶξιν
3676 5672 3725 5724 ti

482 5756 873 5822 perfectionem
925 5766 1276 5826 Operaturum
1311 5765 1592 5833 .spondct,
1638 5782 1737 5824 nec
1768 5768 1900 5827 illud
1942 5768 2064 5823 data

2173 5750 2327 5829 τέλος
2356 5766 2456 5836 τῆς
2488 5766 2691 5838 ἀρετῆς
2713 5766 3086 5838 ἐγγυώμενος,
3120 5766 3219 5822 καὶ
3274 5767 3351 5840 μὴ
3382 5767 3525 5822 κατὰ
3554 5767 3611 5819 τὸ
3640 5781 3728 5817 πα·
