3976 6392
263 394 388 460 1421

1293 381 1832 450 COMMENTARII
1875 381 1954 442 IN
1999 379 2448 443 PROVERBIA.

3389 381 3525 444 19:2

264 510 362 577 ρὸν
413 497 547 570 πρὸς
591 495 690 569 τὴν
743 497 837 552 τοῦ
866 496 1033 553 καλοῦ
1062 496 1326 569 ἐργασίαν
1359 495 1644 565 διεγείρων
1679 490 1834 556 αὐτὸ,

1973 489 2096 558 ορὶιι
2163 493 2230 543 ad
2275 489 2402 544 boni
2442 489 2817 560 operationem
2847 491 3086 557 excitat,
3135 507 3242 547 non
3298 493 3534 547 honorat

259 594 321 648 ού
369 590 502 662 τιμᾷ
542 589 634 642 τὸν
669 589 981 644 δικαιοῦντα
1010 590 1154 644 θεῖον
1181 589 1346 660 νόμον
1375 588 1503 650 τοὺς
1535 583 1838 654 τηροῦντας

263 682 444 744 αὐτὸν,
459 680 532 745 ὼς
549 681 618 734 τά
633 682 690 733 έν
709 681 886 753 τούτῳ
903 681 1332 752 ἀπηγορευμένα
1351 676 1836 748 διαπραττόμενος.

330 775 540 840 Στόμα·
572 771 643 824 δὲ
671 771 911 826 ἀσεϐῶν
945 773 1296 826 καταπίεται
1344 771 1602 839 κρίσεις.
1655 767 1697 818 Τ
1705 765 1764 828 ἀς
1797 763 1840 816 δ’

261 865 556 934 ἀπολογίας
585 864 768 928 πάσας
806 865 915 919 τῶν
952 867 1029 936 μὴ
1062 865 1129 918 δι’
1158 863 1527 936 ἀγαθοεργίας
1556 861 1842 932 τιμώντων

263 959 416 1022 Θεὸν,
447 957 788 1010 οἰκειώσεται
821 959 853 1028 ἡ
887 960 1029 1010 κατὰ
1055 957 1116 1010 τὸ
1153 955 1347 1027 μέλλον
1402 953 1844 1023 ἀπαραλόγιστος

264 1051 442 1123 κρίσις
495 1048 685 1113 αὑτοῦ,
733 1049 876 1103 κατά
931 1050 992 1102 τὸ
1020 1049 1291 1118 διελέγξαι
1323 1047 1526 1111 ταύτας
1560 1049 1639 1109 εἰς
1671 1046 1844 1100 κατά-

262 1161 442 1216 κρισιν
483 1140 593 1194 τῶν
630 1140 1090 1213 προϐαλλομένων
1145 1139 1338 1207 αὐτὰς,
1389 1139 1485 1193 καὶ
1538 1136 1843 1192 καταλῦσαι

219 1254 222 1261 '
262 1237 479 1290 ἅπασαν
507 1232 804 1303 πρόφασιν.
1720 1230 1726 1234 ’

333 1326 438 1379 κο’.
501 1322 928 1394 Ἐτοιμάζονται
981 1323 1348 1388 ἀκολάστοις
1375 1322 1687 1392 μάστιγες,
1743 1319 1842 1373 καὶ

262 1418 524 1488 τιμωρίαι
555 1417 777 1485 ὁμοίως
806 1416 1091 1484 ἄφροσιν,
1125 1413 1554 1486 Εὑτρεπίζονται
1576 1415 1690 1476 τοῖς
1723 1413 1844 1464 κατ’

262 1511 550 1580 ἐνέργειαν
582 1509 964 1578 ἁμαρτάνουσι
997 1508 1314 1578 σωματικαὶ
1348 1505 1557 1559 ὀδύναι·
1590 1506 1682 1558 καὶ
1739 1504 1844 1574 ψυ-

259 1603 407 1672 χικα“ι
427 1598 696 1662 ὡσαύτως
726 1599 916 1664 λύπαι,
952 1601 1064 1662 τοῖς
1093 1599 1236 1652 κατά
1275 1599 1517 1652 διάνοιαν
1549 1597 1801 1650 πταίουσι
1828 1612 1842 1626 ·

260 1693 400 1749 κατά
433 1694 534 1765 μὲν
552 1693 610 1745 τὸ
637 1693 832 1762 παρὸν,
867 1695 1002 1764 πρὸς
1033 1693 1380 1762 ἐπιστροφὴν
1401 1694 1495 1744 καὶ
1514 1688 1803 1762 διόρθωσιν
1828 1704 1842 1719 ·

260 1785 400 1841 κατὰ
431 1784 493 1839 δὲ
518 1784 733 1856 μέλλον,
761 1785 839 1848 είς
867 1783 1244 1838 ἀνταπόδοσιν.
1323 1801 1328 1806 ‘

863 1915 1118 1969 ΚΕΦΔΛ.
1152 1915 1236 1967 Κ’.

326 2037 393 2086 α’.
441 2030 830 2094 Ἀκόλαστον,
859 2025 1052 2094 οἶνος·
1087 2026 1573 2095 καίῠϐριστικὸν,
1601 2023 1850 2094 μέθη.’0

256 2119 589 2187 οἷνος,ὲπιθυ
599 2123 737 2192 μιῶν
754 2124 900 2174 ἐστιν
914 2117 1211 2185 ἀλογίστων
1229 2118 1535 2188 παραίτιος,
1551 2117 1650 2187 τὴν
1669 2118 1848 2187 σάρκα

257 2215 637 2285 ὲκθερμαίνων
668 2211 779 2266 τῶν
823 2211 898 2281 μὴ
959 2207 1265 2281 χρωμένων
1321 2206 1472 2278 αὐτῷ
1531 2203 1842 2276 ἐγκρατῶς,

258 2308 348 2360 καὶ
387 2305 682 2377 διεγείρων
748 2302 970 2364 τούτους
1017 2297 1154 2370 πρὸς
1220 2298 1396 2368 μίξεις
1425 2296 1695 2367 αἰσχράς·
1754 2295 1850 2348 καὶ

257 2397 582 2468 ἁτιμοποιὸς
616 2394 911 2466 ὑπάρχειή
968 2392 1130 2462 μέθη,
1193 2387 1617 2459 ἀπεργαζομένη
1666 2386 1848 2458 παρά.

223 2534 230 2538 .
258 2507 429 2563 φρονα
459 2489 552 2542 τὸν
583 2486 874 2558 μεθύοντα.

327 2582 460 2648 Πᾶς
485 2581 554 2652 δέ
581 2582 788 2650 ἄφρων
813 2577 1106 2641 τοιούτοις
1134 2572 1568 2643 συμπλέκεται.
1620 2571 1735 2634 Πᾶς
1792 2569 1852 2624 δὲ

258 2677 363 2740 ζῶν
397 2673 730 2743 ἀλογίστως,
759 2672 871 2734 τοῖς
899 2668 1104 2740 ὁμοίως
1123 2666 1454 2738 βλάπτουσιν
1486 2662 1852 2734 ὲμπεριστρέ-

258 2783 440 2837 φεται.

330 2859 394 2931 β’.
417 2861 509 2913 Οὐ
532 2855 795 2924 διαφέρει
812 2853 1034 2921 ἀπειλὴ
1049 2849 1362 2918 ,βασιλέως
1377 2846 1569 2918 θυμοῦ
1579 2845 1849 2910 λέοντος.

264 2954 489 3006 Ἔοικεν
535 2953 568 3022 ἡ
625 2947 827 3020 ἀπειλὴ
884 2945 977 3000 τοῦ
1048 2941 1448 3014 παμϐασιλὲως
1499 2936 1636 2992 Θεοῦ
1696 2935 1853 3008 θυμῷ

259 3043 497 3108 λέοντος,
548 3041 714 3112 φόϐον
754 3038 987 3093 θανάτου
1021 3037 1303 3104 ἐπάγοντι.

341 3137 408 3190 '0
443 3136 510 3188 es
559 3133 921 3201 παροξύνων
965 3127 1175 3193 αὐτὸν,
1230 3122 1557 3194 ἁμαρτάνει
1602 3122 1692 3186 εἰς
1736 3117 1852 3186 τὴν

1944 579 2116 650 legem
2149 581 2388 634 divinam
2412 594 2534 650 quae
2567 579 2926 637 observantes
2949 598 3068 638 eam
3097 582 3383 652 justillcat,
3405 589 3532 653 quia

1943 683 2065 740 quae
2093 669 2455 739 prohibentur
2483 671 2551 726 ab
2584 671 2677 726 illa
2703 683 2982 742 operatur.

2016 761 2088 816 Os
2117 773 2294 816 autem
2318 763 2904 832 impiorum-devorat)“
2933 766 3168 832 judicia.
3202 767 3409 822 Omnes
3438 783 3534 821 ex-

1944 848 2256 904 cusationes
2284 865 2474 904 eorum
2499 851 2592 921 qui
2621 852 2780 907 bonis
2803 855 3064 923 Operibus
3095 854 3260 930 Deum
3296 871 3401 910 non
3436 858 3536 911 lio-

1947 947 2166 1005 norant,
2199 942 2437 1012 excipiet
2460 944 2762 1014 aliquando
2809 946 3094 1004 inl‘allibile
3123 950 3240 1018 ejus
3265 949 3532 1016 judicium

1945 1030 2012 1084 ad
2064 1031 2500 1102 redarguendum
2541 1051 2636 1090 eas
2678 1037 2732 1091 in
2791 1039 3306 1095 condemnationem
3344 1056 3532 1096 eorum

1945 1122 2038 1191 qui
2077 1123 2363 1191 proferunt
2405 1141 2500 1182 eas
2546 1136 2602 1182 et
2661 1128 2730 1184 ad
2775 1129 3079 1185 tollendum
3122 1147 3339 1187 omnem
3392 1148 3531 1203 prze-
3570 1157 3593 1203 .;

1949 1223 2180 1269 textum.

2017 1303 2183 1361 Vens.
2239 1307 2331 1363 29.
2357 1306 2632 1363 Parantur
2676 1310 3148 1381 intemperantibus
3205 1314 3446 1385 ﬂagella,
3481 1325 3530 1369 et

1946 1398 2210 1467 supplicia
2241 1401 2489 1454 similiter
2511 1403 2950 1473 imprudentibus.
2988 1404 3259 1462 Parantur
3288 1412 3536 1478 corporis

1947 1489 2166 1543 dolores
2199 1501 2329 1545 actu
2376 1493 2752 1561 peccantibus,
2773 1494 2915 1548 sicut
2958 1502 3013 1550 et
3053 1496 3219 1550 animi
3272 1513 3538 1552 maerori-s-

1947 1580 2016 1634 iis
2054 1579 2147 1651 qui
2187 1590 2369 1637 mente
2422 1581 2736 1650 offendunt,
2787 1583 2842 1639 in
2887 1593 3134 1655 tempore
3173 1589 3425 1657 praesenti
3471 1591 3536 1641 :ut

1950 1670 2368 1725 conversionem
2399 1681 2452 1727 et
2477 1674 2939 1741 emendationem,
2961 1675 3017 1728 in
3048 1675 3232 1732 futuro
3265 1688 3446 1732 autem
3471 1679 3538 1732 ad

1949 1759 2388 1815 retributionem.

2595 1893 2748 1948 CAP.
2781 1892 2901 1948 XX.

2025 2004 2196 2061 Vens.
2232 2005 2284 2059 1.
2321 2003 2627 2058 Luxuriosa
2659 2020 2743 2058 res
2765 2043 2780 2070 ,
2817 2005 3017 2072 vinum,
3058 2014 3110 2060 et
3159 2007 3542 2062 contumeliosa

1951 2097 2201 2151 ebrietas.
2231 2095 2431 2151 Vinum
2458 2111 2682 2151 carnem
2711 2095 3114 2152 excalefaciens
3141 2098 3540 2154 irrationaliuin

1953 2202 2122 2243 causa
2152 2197 2238 2244 est
2272 2189 2613 2258 appetituum
2659 2187 2714 2241 in
2747 2187 2815 2241 iis
2851 2186 2946 2256 qui
2986 2187 3079 2242 illo
3117 2203 3227 2243 non
3260 2191 3542 2244 moderate

1953 2288 2209 2344 utuntur,
2245 2279 2480 2349 illosque
2507 2278 2711 2334 excitat
2751 2277 2820 2334 ad
2850 2286 3043 2349 turpes
3074 2281 3404 2337 concubitus
3435 2299 3447 2334 :
3487 2292 3540 2336 et

1953 2372 2356 2427 contumeliosa
2425 2378 2512 2427 est
2552 2370 2819 2440 ebrietas,
2873 2370 3012 2444 quia
3051 2356 3321 2429 amen'tem
3378 2374 3542 2430 cilicii

1952 2464 2194 2520 ebrium.

2030 2555 2218 2611 Omnis
2240 2564 2418 2610 autem
2451 2556 2706 2624 insipiens
2740 2556 2936 2612 talibus
2964 2566 3326 2614 conversatur.
3351 2555 3543 2612 Omnis

1957 2661 2145 2704 autem
2181 2649 2574 2706 irrationaliter
2605 2650 2831 2717 vivens,
2871 2649 3124 2706 similiter
3157 2649 3544 2721 insipientibus

1952 2740 2274 2795 delectatur.

2024 2827 2188 2883 Vens.
2221 2829 2276 2883 2.
2328 2827 2454 2885 Non
2497 2829 2677 2899 differt
2719 2832 3063 2886 comminatio
3101 2834 3238 2902 regis
3281 2848 3315 2886 a
3362 2831 3542 2901 furore

1955 2918 2140 2972 leonis.
2179 2917 2386 2975 Similis
2424 2929 2508 2978 est
2537 2921 2683 2990 regis
2712 2936 2901 2992 regum
2940 2921 3035 2978 Dei
3070 2924 3425 2979 comminatio
3458 2923 3546 2980 fu-

1962 3007 2075 3060 rori
2112 3007 2317 3073 leonis;
2353 3023 2479 3062 nam
2511 3009 2764 3067 timorem
2794 3011 2986 3066 mortis
3013 3011 3242 3066 inducit.

2030 3097 2136 3165 Qui
2173 3110 2423 3168 provocat
2461 3117 2602 3167 eum,
2635 3111 2816 3172 peccat
2849 3104 2905 3156 in
2949 3104 3186 3158 animam
3224 3121 3400 3160 suam.
3441 3105 3544 3172 Qui

263 3185 505 3281 ἑαυτοιῖ-
516 3185 750 3295 ψυξῦξνῖ
772 3185 844 3277 νὈ
880 3221 926 3275 δ’
957 3219 1118 3273 αὑτὸν
1158 3185 1520 3270 τδν’πάντων
1575 3210 1851 3281 Δεσπότην

1973 3185 2130 3242 Deum
2157 3191 2404 3244 omnium
2430 3188 2724 3244 Dominum
2748 3191 2956 3256 irritat,
2982 3191 3236 3262 quamvis
3265 3206 3410 3260 saepe
3437 3208 3549 3246 non

265 3316 398 3370 Θεὸν
453 3313 826 3386 παροργίζων,
881 3309 988 3362 κάν
1043 3307 1119 3378 μὴ
1154 3303 1478 3372 κινδυνεύσῃ
1519 3300 1664 3354 κατά
1696 3298 1855 3368 σῶμα

171 3463 176 3470 ,
267 3406 552 3467 πολλάκις.
579 3403 653 3465 ὡς
681 3404 709 3455 ὀ
743 3400 850 3453 ὑπὸ
878 3397 973 3450 τοῦ
1001 3395 1299 3466 εἰρημένου
1341 3393 1506 3462 θηρὸς
1549 3388 1854 3459 βιϐρωσκό-

270 3513 457 3566 μενος,
488 3492 611 3548 κατ’
645 3491 814 3560 αὐτὴν
835 3486 1138 3542 κινδυνεύει
1173 3481 1270 3553 τὴν
1296 3481 1431 3534 ἰδίαν
1466 3478 1667 3548 ψυχὴν,
1719 3476 1856 3530 Θεοῦ

267 3589 368 3656 τῆς
401 3588 554 3650 ὄντος
580 3584 724 3652 ζωῆς
755 3577 1202 3650 στερισκόμενος.

339 3686 411 3748 γ’.
435 3679 593 3740 Δόξα
611 3673 807 3741 ἀνδρὶ,
841 3667 1333 3736 ἀποστρέφεσθαι
1356 3661 1682 3728 λοιδορίας.
1708 3657 1857 3748 Τιμὴ

265 3747 650 3842 τῷίάνορώπῳ
683 3763 822 3830 ἐστὶ,
854 3762 914 3816 τὸ
944 3761 1124 3831 μισεῖν
1149 3757 1248 3820 τὰς
1296 3755 1418 3809 κατ’
1451 3751 1635 3842 ἄλλων
1671 3747 1854 3842 διαϐο-

265 3841 696 3927 λάςοὲπαινετὸς
718 3856 826 3925 γάρ
859 3850 1052 3905 ὲστινό
1077 3847 1338 3909 τοιοῦτος,
1366 3844 1442 3908 ὡς
1479 3842 1564 3895 διά
1592 3841 1654 3895 τὸ
1679 3841 1858 3910 μισεῖν

265 3957 367 4020 τὰς
401 3954 545 4022 κατά
573 3950 668 4006 τοῦ
699 3944 930 4016 ἀδελφοῦ
961 3941 1248 4014 λοιδορίας,
1281 3937 1376 3991 τὸν
1404 3935 1633 4004 ἀδελφὸν
1655 3935 1731 4006 μὴ
1767 3950 1854 4002 μι-

271 4050 412 4103 σῶν·
441 4048 632 4115 ὥσπερ
660 4039 728 4098 αὖ
749 4037 949 4113 ψεκτός
983 4039 1135 4090 ἐστιν
1155 4034 1183 4085 ὁ
1207 4030 1296 4086 διὰ
1330 4029 1392 4083 τὸ
1427 4027 1502 4100 μὴ
1536 4027 1718 4099 μισεῖν
1759 4023 1860 4087 τὰς

268 4141 390 4192 κατ’
423 4137 589 4194 αὑτοῦ
613 4133 879 4203 λοιδορίας
911 4127 1099 4182 τοῦτον
1138 4121 1331 4196 μισῶν.

339 4231 467 4299 Πᾶς
489 4229 557 4283 δὲ
585 4229 790 4298 ἄφρων
803 4223 1096 4283 τοιούτοις
1126 4214 1564 4284 συμπλέκεται.
1591 4210 1688 4263 Διά
1704 4207 1863 4262 τοῦτο

267 4325 324 4377 δὲ
354 4327 463 4388 πᾶς
494 4326 523 4376 ὀ
549 4322 623 4392 μὴ
655 4317 970 4384 κατὰλόγον
1000 4309 1274 4377 ἐξετάζων
1300 4307 1370 4360 τά
1396 4303 1614 4369 ἑαυτοῦ,
1647 4303 1743 4356 καλ⁸
1763 4299 1862 4370 τὴν

267 4417 424 4471 δοκὸν
487 4414 692 4468 οἰκείου
732 4404 1016 4478 ὀφθαλμοῦ
1085 4403 1341 4456 ἐκϐαλεῖν
1379 4397 1656 4459 σπεύδων,
1701 4409 1862 4463 περι-

272 4513 501 4564 σκοπεῖν
530 4507 730 4561 ἐθέλων
755 4503 816 4556 τὸ
849 4503 906 4554 ὲν
933 4498 1012 4569 τῷ
1037 4494 1306 4566 ὀφθαλμῷ
1328 4492 1423 4546 τοῦ
1462 4488 1692 4558 ἀδελφοῦ
1719 4485 1856 4554 κάρ-

271 4616 390 4668 φος,
413 4600 513 4654 καὶ
529 4598 704 4665 τούτῳ
724 4591 1053 4662 ὲπεγγελᾷν,
1084 4589 1200 4648 τοίς
1223 4584 1491 4645 τοιούτοις
1518 4577 1852 4649 ἀνθρώποις,

269 4690 582 4745 διαδολεῠσι
608 4688 848 4751 πάντως,
878 4678 1398 4749 συναναστρέφεται.

342 4803 408 4860 δ’.
453 4798 919 4868 Ὀνειδιζόμενος
961 4790 1243 4859 ὀκνηρὸς,
1304 4789 1418 4842 οὐκ
1471 4783 1859 4852 αἰσχύνεταιυ

272 4897 564 4961 ὡσαύτως
595 4894 694 4947 καί
742 4894 774 4946 ὁ
804 4883 1215 4955 δανειζδμενος
1247 4879 1423 4935 σῖτον
1443 4878 1514 4932 έν
1537 4873 1764 4944 ἀμητῷ.
1805 4869 1863 4923 '0

279 4985 523 5056 ῥᾴθυμος
551 4985 681 5054 περὶ
707 4981 806 5052 τὴν
836 4979 945 5033 τῶν
971 4975 1183 5048 ἀρετῶν
1211 4971 1493 5043 ἐργασίαν,
1529 4967 1617 5021 διά
1645 4965 1707 5056 τδ
1733 4962 1863 5029 τού-

274 5089 387 5126 των
419 5055 700 5138 έπίπονον,
725 5069 1065 5138 ὲλεγκτικοῖς
1097 5064 1278 5133 λόγοις
1319 5060 1424 5114 ὑπὸ
1479 5056 1576 5111 τοῦ
1615 5055 1868 5109 διδασκαο

277 5163 395 5222 λίου
423 5167 773 5238 βαλλόμενος,
797 5165 899 5218 οὐκ
914 5161 1181 5214 αἰδεῖται·
1207 5151 1521 5214 ἀκολούθως
1551 5149 1610 5202 δὲ
1644 5147 1741 5201 καὶ
1763 5145 1791 5197 ὀ
1809 5147 1867 5199 ὲν

280 5259 360 5330 τῷ
393 5261 644 5332 μέλλοντι
671 5255 852 5320 αἰῶνι,
886 5252 1009 5307 καθ’
1035 5251 1096 5305 ὃν
1125 5253 1181 5302 ἐν
1204 5244 1523 5317 ἀγαλλιάσει
1549 5239 1869 5307 συλλέγουσι

281 5351 412 5404 τῶν(
419 5353 642 5407 οἰκείων
669 5350 851 5404 πόνων
879 5348 1008 5410 τοὺς
1040 5344 1291 5416 καρποὺς
1326 5341 1376 5394 oi
1410 5337 1553 5392 κατά
1580 5335 1672 5390 τὸν
1728 5350 1870 5405 παρ-

282 5440 417 5499 όντα
449 5450 506 5500 ὲν
535 5445 770 5515 δάκρυσι
823 5440 1165 5510 σπείροντες,
1207 5437 1307 5505 τῆς
1339 5431 1473 5503 παρ’
1513 5429 1719 5498 ἑτέρων
1749 5427 1867 5479 ἐπι-

288 5537 516 5605 κουρίας
529 5535 804 5606 δεόμενος,
829 5530 970 5584 ὥστε
987 5529 1090 5600 τὴν
1113 5524 1492 5596 λιμώττουσαν
1519 5521 1628 5574 τῶν
1651 5516 1872 5586 ἀγαθῶν

293 5620 431 5678 ἰδίαν
463 5626 662 5697 ψυχὴν,
685 5626 799 5687 τοῖς
830 5621 1054 5674 ἐκείνων
1075 5616 1276 5691 θρέψαι
1293 5615 1428 5684 πονή
1439 5628 1594 5684 μασι,
1617 5606 1761 5662 κατά
1779 5607 1870 5660 τὸν

283 5709 355 5763 ἀν
375 5714 732 5787 Εὑαγγελίοις
763 5713 1042 5778 πλούσιον,
1073 5711 1169 5764 καὶ
1189 5708 1290 5771 τὰς
1323 5705 1512 5780 μωρὰς
1543 5699 1869 5774 παρθένους,

294 5802 583 5879 ἀνηνύτοις
620 5807 916 5880 ἐπιχειρῶν
947 5805 1048 5858 οὐκ
1073 5800 1420 5872 αἰσχύνεταιο
1460 5799 1486 5851 ὀ
1541 5794 1650 5866 γὰρ
1679 5795 1737 5845 ὲν
1793 5787 1872 5859 τῷ

1959 3293 2188 3349 corpore
2213 3281 2574 3350 periclitetur,
2608 3289 2668 3337 ut
2694 3281 2784 3336 ille
2811 3283 2907 3351 qui
2934 3298 2962 3335 a
2988 3281 3216 3352 prafata
3245 3284 3421 3340 bestia
3452 3286 3550 3340 de-

1961 3380 2207 3436 voratur,
2238 3374 2419 3426 anima
2457 3375 2578 3442 ejus
2597 3374 2960 3442 periclitatur,
2994 3375 3124 3444 quia
3155 3374 3407 3444 privatur
3439 3376 3550 3432 Deo

1956 3465 2052 3534 qui
2090 3477 2222 3518 vera
2255 3464 2361 3518 vita
2387 3475 2493 3520 est.

2029 3639 2196 3696 Vsus.
2229 3641 2286 3694 5.
2330 3643 2515 3694 Honor
2555 3650 2635 3696 est
2673 3640 2877 3696 homini
2923 3650 3252 3698 contemnere
3297 3644 3546 3714 injurias.

1958 3739 2149 3795 Honor
2176 3746 2259 3794 est
2286 3737 2530 3804 homini,
2561 3737 2746 3795 odisse
2774 3738 3006 3792 aliorum
3045 3739 3371 3798 calumnias.
3400 3740 3547 3797 Lau-

1957 3833 2176 3889 dandus
2204 3832 2350 3888 enim
2376 3839 2462 3887 est
2485 3831 2610 3886 talis
2627 3831 2758 3902 quia
2779 3846 2905 3886 cum
2933 3830 3123 3888 fratris
3154 3832 3384 3903 injurias
3405 3835 3541 3898 Odit,

1959 3924 2183 3980 fratrem
2195 3931 2377 3978 tamen
2390 3937 2502 3978 non
2517 3921 2651 3977 odit.
2668 3922 3138 3988 Quemadmodum
3154 3923 3551 3994 vituperandus

1958 4027 2044 4075 est
2072 4019 2165 4089 qui
2194 4019 2323 4074 dum
2373 4031 2484 4074 non
2507 4015 2698 4072 fratris
2718 4014 2835 4070 odit
2865 4015 3121 4086 injurias,
3148 4014 3374 4072 fratrem
3409 4016 3546 4071 odit.

2040 4197 2225 4253 Omnis
2264 4204 2439 4249 autent
2479 4192 2729 4262 insipiens
2768 4189 3033 4244 similibus
3073 4190 3388 4259 congaudet.
3423 4189 3549 4245 Ideo

1962 4292 2144 4348 omnis
2183 4290 2276 4360 qui
2300 4295 2463 4343 rectas
2509 4285 2708 4340 rationi
2733 4298 2888 4338 suam
2913 4285 3387 4338 conversationem
3439 4298 3548 4336 non

1964 4385 2278 4443 conformat
2307 4394 2408 4434 nec
2437 4377 2621 4434 studet
2665 4391 2730 4431 ex
2757 4375 2918 4431 oculo
2950 4390 3050 4429 suo
3088 4374 3295 4429 trabem
3330 4390 3544 4440 eruere,

1965 4475 2094 4530 dum
2120 4473 2237 4528 vult
2271 4469 2606 4536 redarguere
2625 4465 2884 4534 stipulam
2905 4463 2958 4517 in
2987 4464 3148 4518 oculo
3169 4462 3374 4528 fratris,
3398 4480 3551 4520 eum-

1963 4583 2071 4639 que
2105 4564 2360 4626 irridere,
2397 4559 2600 4615 talibus
2649 4557 2964 4612 hominibus
3004 4555 3230 4610 omnino
3285 4557 3547 4610 crimina-

1964 4659 2179 4715 toribus
2207 4659 2590 4711 conversatur.

2036 4775 2206 4831 Vens.
2222 4774 2278 4829 4.
2299 4770 2670 4840 Επρτοὺνοίιιε
2692 4766 2839 4837 piger
2866 4781 2971 4820 non
2997 4759 3377 4834 confunditur;
3401 4767 3551 4821 simi-

1967 4870 2088 4924 liter
2115 4877 2165 4923 et
2197 4866 2287 4937 qui
2324 4864 2520 4934 [tenore
2549 4861 2741 4930 accipit
2772 4859 3094 4929 frumentum
3140 4857 3193 4911 in
3231 4873 3414 4916 messe.
3448 4857 3552 4926 Qui

1969 4961 2248 5032 negligens
2283 4963 2368 5012 est
2400 4956 2457 5010 in
2490 4953 2649 5024 praxi
2681 4951 2949 5006 virtutum
2989 4956 3214 5020 propter
3245 4963 3434 5004 earum
3477 4952 3556 5004 la-

1968 5056 2180 5115 borem,
2207 5046 2601 5118 redargutoriis
2634 5043 2881 5115 magistri
2915 5041 3094 5096 verbis
3126 5041 3414 5098 lacessitus
3445 5057 3555 5096 non

1970 5141 2279 5200 erubescit:
2319 5138 2512 5194 eodem
2544 5135 2708 5190 modo
2737 5133 2832 5203 qui
2874 5132 2928 5186 in
2961 5138 3208 5201 tempore
3246 5131 3458 5197 futuro,
3498 5134 3552 5201 in

1970 5250 2084 5306 quo
2114 5248 2238 5289 cum
2269 5228 2636 5287 exsultatione
2668 5224 2916 5279 laborum
2943 5237 3168 5277 suorum
3195 5221 3407 5278 fructus
3439 5225 3553 5278 coi-

1972 5330 2150 5400 ligunt
2187 5325 2282 5396 qui
2314 5324 2369 5378 in
2419 5319 2678 5391 lacrymis
2711 5319 2764 5372 in
2807 5328 3056 5388 tempore
3093 5318 3350 5386 presenti
3389 5320 3558 5372 senii.

1973 5426 2139 5484 nant,
2194 5414 2403 5470 auxilio
2447 5425 2638 5468 eorum
2681 5407 2888 5479 indiget
2922 5415 2980 5461 ut
3028 5421 3222 5462 eorum
3275 5407 3557 5463 laboribus

1975 5524 2131 5567 suam
2163 5500 2764 5562 animamesurientem
2794 5497 3058 5563 enutriat,
3086 5506 3147 5550 ut
3173 5497 3226 5550 in
3268 5495 3559 5566 Evangelia

1975 5603 2151 5659 maius
2183 5599 2336 5653 dives
2381 5605 2438 5650 et
2473 5592 2638 5647 fatuae
2671 5590 2943 5660 virgines,
2980 5587 3340 5659 impossibilia
3373 5596 3560 5658 petens

1977 5710 2042 5750 ac
2074 5695 2352 5748 incassum
2399 5687 2642 5750 enitens,
2691 5698 2800 5737 non
2834 5681 3217 5738 confunditur.
3265 5681 3369 5747 Qui
3413 5679 3557 5756 enim

1979 5797 2225 5855 tempore
2257 5774 2638 5837 retributionis
2676 5775 2955 5831 erubescit
2984 5773 3143 5830 bonis
3186 5773 3438 5843 indigens
3484 5772 3568 5828 in-

3563 1221 3592 1284 i"

3588 1259 3592 1272 Α

3588 1259 3594 1272 Ι
