3976 6392
377 394 515 462 ΗΞῦ

1439 402 1979 464 ΟΟΜΜΕΝΤΑΒΙΙ
2023 403 2102 464 1N
2145 402 2593 464 PROVERBIA.

3509 394 3642 455 13:26

373 507 569 564 τόῦντα
602 511 848 582 τούτους,
876 517 1052 586 μεκρα
1072 515 1126 569 δὲ
1152 514 1334 581 αὑτὸν,
1369 515 1666 570 κάντεῦθεν
1702 517 1797 588 τὴν
1827 517 1954 585 μίαν

2095 517 2236 586 μεῐιιε
2271 527 2548 571 auctorem
2584 521 2637 569 ct
2667 513 3035 585 lcgislatorem
3061 511 3389 582 impingere,
3426 520 3642 567 utrum-

376 601 539 671 φύσιν
565 605 830 676 μερίζειν,
865 608 956 661 καὶ
981 607 1126 661 οὕτω
1161 607 1297 679 πρὸς
1330 607 1422 661 τὸν
1451 607 1656 678 ταύτης
1682 610 1954 680 Δημιουρ-

375 693 473 760 γδν
497 695 588 748 καὶ
617 697 916 768 νομοθέτην
953 701 1334 771 προσκρούειν,
1363 699 1632 770 βδελυκτά
1661 701 1766 754 εἰσι
1805 701 1958 772 παρὰ

375 783 456 854 τῷ
481 783 590 838 τῶν
625 787 760 840 ὅλων
792 789 1040 860 Δεσπότῃ
1062 789 1154 843 καὶ
1183 790 1471 862 ἀμφότερα
1491 807 1504 821 ·
1563 793 1658 845 καὶ
1707 791 1736 843 ὁ
1786 789 1958 844 ταῦτα

379 878 867 949 διαπραττόμενος,
897 881 956 934 ὲν
989 883 1110 946 ταῖς
1137 880 1414 946 τοιαύταις
1451 881 1617 934 αὐτοῦ
1677 882 1940 945 ἐπινοίαις

2063 624 2168 678 que
2205 607 2574 664 abominabilc
2606 617 2687 662 est
2723 605 2867 678 apud
2908 605 3156 661 omnium
3197 602 3512 656 Dominum.
3541 601 3644 666 Qui

2065 699 2194 754 facit
2240 715 2308 755 ex
2350 700 2586 771 propriis
2627 699 3116 755 adinvcntiimibus
3153 695 3548 768 implicabitur.
3583 693 3644 746 ln

2069 791 2434 862 quibuscnim
2458 793 2598 849 alios
2633 791 2868 860 iudicat,
2899 792 3144 860 scipsum
3197 789 3550 845 condemnat.
3588 783 3647 840 ln

2069 865 2175 954 qua
2210 899 2468 940 mensura
2529 885 2774 944 metitur,
2807 883 3126 936 r'bmctictur
3156 881 3228 935 ei.

380 970 700 1038 προσκόψει·
725 974 784 1025 ὲν
813 967 894 1036 οἷς
927 972 1036 1044 γὰρ
1062 973 1280 1046 ἑτέρους
1311 974 1513 1046 κρίνει,
1553 972 1745 1026 ἑαυτὸν
1784 975 2138 1047 κατακρίνει⁶
2172 977 2266 1030 καὶ
2293 969 2338 1044 ᾧ
2369 977 2554 1048 μέτρῳ
2587 975 2794 1048 μετρεῖ,
2833 972 3254 1044 μετρηθήσεται.

458 1061 796 1128 Νεανίσκος
808 1064 957 1130 μετὰ
979 1065 1175 1129 ὁσίου,
1199 1063 1296 1119 καί
1315 1063 1514 1120 εὐθεῖα
1527 1063 1568 1133 ἡ
1593 1062 1734 1129 ὁδὸς
1749 1065 1960 1120 αὑτοῦ.

383 1148 446 1202 Ei
475 1151 504 1203 ὁ
523 1150 642 1214 νέος
659 1153 764 1206 ὑπὸ
787 1153 1104 1208 διδάσκαλον
1121 1155 1358 1227 ὑπάρχει
1386 1154 1772 1226 πνευματικὸν,
1795 1153 1970 1226 ὀρθῶς

382 1241 481 1313 τὴν
505 1245 623 1298 κατ’
652 1245 851 1317 ἀρετὴν
873 1248 1010 1318 πρὸς
1043 1247 1176 1302 Θεὸν
1219 1249 1492 1320 φέρουσαν
1522 1247 1709 1319 τρίϐον
1739 1247 1965 1318 βαδίζει,

384 1333 478 1386 ὑπ’
512 1335 677 1388 αὐτοῦ
697 1337 923 1400 δεόντως
951 1339 1492 1412 παιδαγωγούμενος.

458 1422 547 1494 ιβ’.
582 1423 704 1493 Οὗς
722 1427 954 1492 ἀκούει,
973 1429 1074 1484 καί
1093 1431 1402 1502 ὀφθαλμὸς
1425 1431 1554 1504 δρᾷ,
1580 1437 1800 1504 Κυρίου
1823 1434 1968 1504 ἔργα

385 1514 486 1568 καὶ
519 1517 846 1587 ἀμφότερα.
872 1519 1031 1592 Παρὰ
1081 1521 1176 1574 τοῦ
1210 1523 1490 1576 Δεσπότου
1532 1524 1641 1579 τῶν
1668 1527 1806 1580 ὅλων
1831 1524 1966 1578 Θεοῦ

389 1605 568 1669 πάσας
600 1607 698 1670 τὰς
729 1608 1011 1680 αἰσθήσεις
1033 1609 1292 1680 εἴληφας,
1360 1612 1646 1685 ἄνθρωπε·
1705 1611 1816 1670 οἷον
1869 1616 1968 1682 τὴν

385 1697 720 1769 ἁκουστικήν
752 1717 812 1752 τε
847 1701 940 1754 καὶ
956 1701 1191 1772 όπτικὴν
1219 1703 1316 1758 καὶ
1352 1705 1588 1778 καθεξῆς
1613 1707 1712 1772 τὰς
1741 1707 1965 1771 λοιπάς⁶

2145 1067 2211 1121 Et
2245 1067 2550 1122 adolescens
2585 1083 2702 1122 eum
2751 1077 2956 1127 sancto,
2996 1074 3044 1117 et
3102 1073 3247 1117 recta
3296 1059 3382 1114 via
3421 1059 3557 1128 ejus.
3589 1055 3646 1110 Si

2071 1157 2398 1215 adolescens
2427 1158 2530 1214 sub
2559 1157 2822 1228 magistro
2848 1155 3094 1226 sapiente
3129 1150 3462 1207 sulIicientcr
3493 1147 3562 1202 ab
3583 1161 3649 1202 eo

2071 1249 2236 1306 fuerit
2264 1251 2566 1307 instructus
2595 1248 2663 1307 ad
2697 1259 2844 1305 recte
2875 1246 3216 1318 sequendum
3249 1243 3394 1300 viam
3427 1239 3664 1312 virtutis.

2069 1356 2190 1413 quae
2219 1341 2372 1396 ducit
2407 1340 2473 1400 ad
2512 1341 2702 1400 Deum.
3157 1323 3168 1335 ’

2145 1432 2310 1489 Vens.
2343 1432 2430 1486 19..
2463 1431 2660 1486 Aurem
2691 1430 2988 1484 audientem
3015 1439 3065 1484 et
3108 1429 3319 1485 oculum
3369 1425 3668 1490 videntem,‘

2075 1521 2336 1577 Dominus
2375 1523 2501 1592 fecit
2534 1531 2832 1592 utrumque.
2887 1519 3090 1576 Omnes
3125 1536 3155 1575 a
3205 1519 3315 1576 Deo
3370 1518 3655 1573 universo-

2078 1630 2198 1669 rum
2232 1612 2467 1671 Domino
2516 1628 2718 1672 sensus
2752 1613 3038 1680 accepisti,
3063 1611 3248 1673 homo,
3273 1608 3470 1680 quales
3501 1606 3655 1661 audi-

2078 1715 2215 1774 tum,
2241 1709 2421 1762 visum
2447 1713 2503 1760 et
2551 1690 2800 1760 caeteros.
2857 1703 3091 1774 Oportet
3139 1701 3305 1773 igitur
3351 1709 3404 1756 te
3439 1700 3528 1756 liis
3553 1698 3656 1795 uti,

385 1787 508 1840 δέον
571 1789 664 1844 οὖν
705 1807 764 1844 σε
821 1793 1058 1864 χρῆσθαι
1113 1795 1368 1866 ταύταις,
1399 1796 1476 1863 ὡς
1527 1800 1562 1869 ἡ
1595 1797 1716 1853 θεία
1777 1797 1973 1871 ἐντολὴ

2095 1797 2220 1853 ιίουι
2251 1795 2499 1868 ριωείρίι
2535 1794 2631 1851 Dei
2657 1795 3002 1850 mandatum.

387 1881 632 1938 ἀπαιτεῖ.

461 1976 550 2038 ιγ’.
586 1971 684 2038 Μὴ
715 1971 918 2041 ἀγάπα
943 1976 1330 2044 καταλαλεῒν,
1345 1979 1542 2049 ἵναμὴ
1572 1979 1851 2049 ἐξαρθεῖς.
1882 1978 1974 2050 Μὴ

389 2064 640 2127 ἀσπάζου
672 2065 732 2118 τὸ
759 2065 938 2134 λέγειν
977 2069 1119 2124 κατά
1145 2087 1313 2134 τινος,
1345 2071 1443 2124 καὶ¹
1478 2071 1680 2126 διδόναι
1734 2075 1800 2144 τῇ
1835 2073 1972 2143 ἀκοῇ

389 2154 486 2206 τοῦ
504 2156 798 2224 φιλοψόγου
829 2157 928 2229 τὴν
957 2159 1214 2227 γλῶσσάν
1250 2178 1366 2216 σου·
1401 2163 1486 2216 ἵνα
1515 2162 1591 2233 μὴ
1619 2163 1694 2227 ὡς
1724 2163 1976 2234 βλάπτων

397 2247 495 2299 σὺν
519 2247 789 2318 αὐτῷκαὶ
819 2249 1064 2322 ἑτέρους,
1110 2252 1462 2324 ἀνάρπαστος
1521 2253 1678 2328 γένῃ,
1732 2253 1976 2318 ὑποστὰς

390 2336 659 2404 αἰφνίδιον
687 2338 930 2411 ὄλεθρον.

412 2487 426 2505 ι
462 2425 778 2491 Διὰνοιξον
803 2429 872 2482 δὲ
903 2429 1045 2496 τοὺς
1077 2431 1424 2503 ὀφθαλμούς
1447 2450 1586 2497 σου,
1631 2435 1726 2489 καὶ
1745 2435 1976 2505 ἐμπλή-

391 2519 568 2581 σθητι
593 2517 811 2586 ἄρτων.
831 2521 1197 2578 Ἀναπέτασον
1220 2525 1276 2578 δὲ
1297 2525 1438 2596 πρὸς
1481 2525 1614 2579 Θεὸν
1637 2526 1736 2590 τὰς
1763 2525 1978 2598 θεωρη-

392 2607 553 2670 τικὰς
585 2608 685 2678 τῆς
741 2611 922 2682 ψυχῆς
956 2630 1050 2668 σου
1083 2615 1362 2686 δυνάμεις,
1387 2615 1604 2671 καὶτῶν
1633 2618 1836 2690 ταύτην
1857 2635 1981 2690 τρε-

394 2699 605 2767 φόντων
653 2700 849 2770 λογίων
901 2703 1066 2758 αὐτοῦ
1103 2707 1421 2775 γνωστικῶς
1469 2708 1844 2782 ὲμφορήθητι·
1887 2709 1980 2764 τοῦ

393 2792 576 2859 λέγειν
616 2789 823 2859 κακῶς,
855 2795 916 2849 τδ
953 2797 1247 2867 μανθάνειν
1276 2799 1482 2865 καλῶς,
1515 2801 1966 2873 προαιρούμενος.

467 2884 959 2952 Κακολογοῦντος
983 2885 1211 2956 πατέρα
1229 2889 1267 2958 ἢ
1287 2888 1538 2958 μητέρα,
1569 2893 1981 2961 σϐεσθήο-εται

390 2974 700 3043 λαμπτὴρ.
744 2977 787 3027 Τ
789 2975 818 3028 δ
843 2977 944 3048 τῆς
967 2977 1302 3048 θεογνωσίας
1329 2981 1512 3052 νοερὸν
1565 2983 1684 3053 φῶς
1741 2986 1984 3039 ἀποσϐε-

2147 1967 2308 2024 Vens.
2353 1969 2437 2024 15.
2476 1967 2606 2024 Noli
2636 1968 2856 2039 diligere
2880 1967 3284 2031 detractionem,
3315 1981 3378 2019 ne
3423 1963 3660 2022 telluris.

2076 2054 2199 2110 Noli
2229 2070 2415 2112 amare
2443 2073 2779 2128 quemquam
2806 2056 3118 2124 detrahere,
3138 2069 3238 2111 nec
3261 2055 3394 2110 dare
3419 2055 3662 2126 linguam

2079 2156 2226 2204 tuam
2264 2149 2475 2204 auditui
2511 2149 2861 2215 dctractoris,
2891 2164 2960 2210 ne
2987 2163 3108 2202 cum
3141 2147 3238 2202 illo
3267 2147 3406 2202 alios
3455 2145 3663 2203 laedens

2079 2235 2396 2306 abripiaris,
2423 2237 2774 2308 repentinam
2809 2235 3110 2309 perniciem
3145 2234 3453 2292 subeundo.

2153 2417 2311 2488 Operi
2341 2418 2521 2474 oculos
2567 2426 2702 2486 tuos,
2729 2427 2778 2473 et
2807 2419 3022 2490 implere
3071 2415 3319 2488 panibus.
3353 2415 3572 2488 Explica
3609 2417 3664 2472 in

2080 2511 2252 2568 Deum
2287 2513 2566 2583 potentias
2615 2513 2814 2568 anima:
2865 2519 2973 2568 tute
3031 2511 3420 2582 spcculatiws,
3449 2517 3504 2565 et
3567 2524 3666 2579 per

2082 2603 2370 2658 scientiam
2396 2603 2625 2674 implere
2649 2601 2772 2674 ejus
2791 2603 3026 2673 eloquiis
3057 2616 3180 2674 qua:
3209 2615 3330 2656 eam
3353 2599 3666 2662 enutriunt,

2084 2695 2223 2750 bene
2247 2695 2462 2750 discere
2494 2709 2660 2766 quam
2703 2696 2846 2751 male
2889 2696 3075 2750 dicere
3106 2695 3290 2766 potius
3325 2693 3585 2774 liabens._

2155 2871 2322 2928 Vsus.
2358 2873 2448 2926 20.
2499 2873 2601 2938 Qui
2641 2873 2908 2928 maledicit
2947 2875 3092 2940 patri
3143 2889 3237 2928 suo
3264 2881 3314 2927 et
3353 2872 3538 2938 matri,
3571 2887 3669 2926 ea:-

2087 2964 2392 3036 stinguetur
2425 2965 2642 3020 lucerna
2699 2966 2839 3036 ejus.
2872 2965 3084 3019 Lumen
3137 2965 3515 3020 intellectuale
3572 2963 3667 3018 Dei

394 3062 660 3132 σθήσεται
685 3064 780 3119 τοῦ
831 3067 1302 3140 βλασφημοῦντος,
1335 3072 1445 3125 είτε
1491 3074 1572 3138 είς
1605 3075 1694 3129 τὸν
1725 3075 1860 3130 Θεὸν
1891 3077 1975 3132 καῖ

2095 3058 2424 3128 cognitionis
2454 3059 2841 3130 ex-tinguetur
2865 3060 2919 3114 in
2955 3073 3022 3114 eo
3051 3057 3144 3128 qui
3179 3057 3668 3128 blaspltematsivc

393 3155 440 3208 ll
451 3117 614 3226 ατέρα
634 3173 646 3187 ·
674 3157 733 3211 ἐν
753 3117 1153 3233 τῷΓτολμῖηιρ-ῶς
1183 3117 1386 3232 λέγειν,
1425 3165 1502 3236 μὴ
1528 3117 1665 3232 ait»;
1695 3162 1833 3224 εἶναι
1851 3117 1975 3224 Θεδν

2095 3147 2146 3203 in
2168 3147 2336 3205 Deum
2357 3159 2411 3205 et
2431 3157 2640 3220 patrem
2668 3149 2904 3206 dicendo
2933 3149 3198 3206 audacter
3220 3164 3329 3204 non
3353 3163 3478 3204 esse
3501 3149 3670 3205 Deum

390 3247 491 3300 τοῦ
526 3249 726 3313 παντὸς
754 3251 962 3306 αίτιον·
1001 3254 1114 3306 εἴτε
1147 3255 1230 3319 είς
1257 3255 1354 3324 τὴν
1393 3257 1761 3313 ἐνυπόστατον
1819 3261 1984 3314 αὐτοῦ

391 3339 616 3408 σοφίαν,
665 3342 733 3395 δι’
801 3337 872 3413 ἦς
917 3344 1133 3416 ὑπέστη
1186 3363 1246 3399 τε
1303 3349 1396 3403 καὶ
1445 3349 1543 3420 τῆς
1595 3351 1987 3424 προσηκούσης

393 3428 646 3492 ἀξιοῦται
719 3433 977 3502 προνοίας
1029 3433 1092 3487 τὸ
1153 3437 1297 3501 πᾶν,
1356 3439 1414 3492 ὲν
1468 3437 1549 3508 τῷ
1609 3439 1987 3510 ἀναισχύντως

395 3523 652 3592 φάσκειν,
704 3527 780 3598 μὴ
827 3527 1058 3594 δεόντως
1109 3529 1274 3584 τοῦτο
1304 3531 1398 3586 ὑπ’
1442 3533 1613 3588 αὐτοῦ
1657 3515 1793 3590 Θεού
1842 3536 1987 3602 atas-

399 3617 658 3685 ἁγεσθαι.

459 3713 531 3765 Αἱ
556 3711 624 3764 δὲ
643 3713 813 3782 κόραι
837 3713 956 3768 τῶν
975 3716 1300 3787 ὀφθαλμῶν
1339 3719 1530 3775 αὐτοῦ
1565 3719 1818 3789 ὄψονται
1841 3725 1988 3779 σκό-

393 3821 520 3870 τος.
561 3806 628 3856 Ai
649 3805 695 3858 δ’
723 3806 1064 3878 ὀπτικαὶτῆς
1101 3809 1284 3880 ψυχῆς
1347 3811 1512 3866 αὐτοῦ
1566 3812 1846 3884 δυνάμεις,
1894 3816 1986 3870 τὸν

395 3895 595 3960 σκότος
637 3897 766 3952 ὄντα
826 3901 922 3954 καὶ
949 3900 1064 3971 φῶς
1097 3897 1238 3956 εἶναι
1275 3903 1706 3976 ὑποκρινόμενον
1731 3906 1982 3978 δαίμονα,

394 3989 543 4045 κατὰ
574 3990 783 4062 πλάνην
811 3991 888 4056 ὼς
916 3993 1034 4062 φῶς
1057 3993 1445 4062 ὑποδέξονται·
1484 3997 1780 4053 κάντεῦθεν
1807 4001 1985 4071 ἐμπε-

397 4083 572 4135 σεῖται
603 4085 632 4136 ό
659 4082 902 4148 τοιοῦτος
924 4087 1006 4150 εἰς
1040 4086 1272 4156 ἀγνοίας
1310 4089 1614 4162 κρημνοὺς,
1643 4094 1738 4151 καὶ
1784 4094 1987 4159 κακίας

395 4173 673 4246 βάραθρα.
947 4222 952 4226 .

468 4272 577 4319 na’.
603 4266 782 4334 Μερίς
807 4267 1366 4342 ἐπισπουδαζομένη
1387 4272 1458 4327 ἐν
1477 4273 1753 4345 πρώτοις,
1775 4277 1844 4332 ἐν
1861 4275 1985 4346 τοῖς

389 4359 763 4425 τελευταίοις
815 4361 928 4414 οὐκ
966 4363 1462 4432 εὐλογηθήσεται.
1539 4367 1602 4421 Ἡ
1649 4372 1782 4440 παρ’
1825 4371 1984 4441 ἡμῶν

2092 3239 2338 3296 universi
2365 3241 2726 3312 principium,
2751 3241 2870 3296 sive
2897 3239 2954 3296 in
2979 3238 3402 3296 substantialem
3433 3239 3554 3310 ejus
3577 3253 3672 3294 sa-

2090 3332 2356 3402 pientiam
2385 3347 2507 3403 qua:
2534 3331 2786 3388 condidit
2813 3332 3082 3388 universa
3111 3340 3165 3386 et
3189 3331 3518 3405 congruenti
3545 3347 3675 3402 pro-

2089 3421 2330 3477 videntia
2349 3437 2536 3493 regere
2559 3423 2836 3494 dignatur,
2861 3422 2981 3478 sine
3008 3420 3220 3493 pudore
3255 3421 3490 3478 dicendo
3512 3437 3677 3476 mun-

2091 3513 2223 3568 dum
2258 3513 2582 3569 universum
2619 3529 2728 3572 non
2781 3513 3126 3571 suﬂicienter
3175 3512 3246 3570 ab
3299 3513 3419 3585 ipso
3446 3511 3674 3571 ordina-

2091 3612 2228 3660 tum.

2161 3695 2394 3763 Pupilla:
2423 3704 2600 3750 autem
2635 3694 2915 3750 oculorum
2961 3696 3077 3764 ejus
3112 3696 3360 3752 videbunt
3407 3697 3672 3753 tenebras.

2091 3787 2303 3842 Anima:
2336 3794 2519 3842 autem
2539 3788 2664 3857 ejus
2695 3787 2926 3844 visionis
2961 3789 3222 3856 potentiae
3252 3789 3532 3844 diabolum
3578 3791 3674 3860 qui

2089 3879 2334 3934 tenebrat
2381 3887 2466 3934 est
2519 3885 2576 3934 et
2613 3879 2795 3934 lumen
2851 3893 2912 3935 se
2965 3892 3090 3935 esse
3149 3879 3411 3946 simulat,
3448 3897 3546 3952 per
3589 3896 3677 3937 er-

2089 3987 2267 4027 rorem
2298 3981 2360 4027 ut
2387 3973 2571 4026 lumen
2600 3971 2890 4042 accipient.
2915 3969 2978 4028 Et
3001 3971 3199 4028 exinde
3225 3973 3490 4030 cadetille
3519 3974 3576 4030 in
3597 3974 3678 4046 ig-

2090 4065 2362 4120 norantia:
2393 4065 2784 4136 praecipitium,
2817 4076 2874 4122 et
2908 4065 2962 4122 in
2991 4065 3113 4122 vitii
3149 4067 3432 4141 abyssum.

2157 4253 2327 4311 Vens.
2355 4255 2448 4310 21.
2483 4254 2618 4309 Pars
2655 4254 2912 4324 festinata
2945 4255 2999 4310 in
3021 4257 3244 4334 primis,
3277 4257 3332 4318 in
3371 4257 3673 4320 novissimis

2087 4366 2192 4404 non
2244 4351 2597 4406 benedicatur.
2641 4349 2908 4424 Voluptas
2948 4367 3112 4428 quam
3151 4353 3206 4406 in
3257 4353 3550 4424 juventute
3603 4355 3675 4416 ob

335 4453 339 4457 ’
387 4449 676 4520 ἐπιμελῶς
707 4449 1014 4524 ζητουμένη
1049 4453 1136 4506 διὰ
1163 4456 1464 4527 νηπιότητα
1500 4457 1736 4530 φρενῶν,
1769 4461 1831 4513 ἐκ
1865 4440 1975 4516 νεό-

2095 4440 2368 4500 mentium'
2387 4442 2675 4498 infantiam
2709 4459 2834 4498 cum
2861 4443 3058 4499 ardore
3087 4447 3408 4518 qumrimus,
3434 4463 3552 4502 eam
3579 4463 3677 4518 per

384 4558 558 4612 τητος
579 4541 762 4613 ἡδονὴ,
791 4543 1126 4617 μεριζομένη
1159 4547 1268 4600 ἀπὸ
1295 4547 1394 4618 τῆς
1423 4549 1618 4620 ὀδύνης
1643 4553 1766 4604 κατ’
1788 4551 1984 4624 αἴσθη-

389 4649 506 4696 σιν,
525 4632 621 4685 καὶ
640 4635 1052 4705 προαιρουμένη
1073 4633 1169 4687 τοῦ
1195 4635 1462 4690 ἐπιπόνου
1485 4637 1585 4708 τῆς
1615 4637 1820 4709 ἀρετῆς
1843 4641 1984 4694 κατᾶ

385 4721 622 4793 γνώμην
652 4722 832 4794 ἡμῶν,
867 4723 1006 4795 πρὸς
1044 4725 1106 4779 τὸ
1137 4726 1290 4792 τέλος
1345 4727 1562 4800 ὁρώσης
1617 4729 1850 4802 ταυτησὶ
1881 4730 1985 4801 τῆς

390 4815 673 4884 ἡμετέρας
707 4813 881 4885 ζωῆς,
925 4816 1026 4870 οὐκ
1055 4817 1479 4889 ἐπαινεθήσεται
1511 4818 1618 4872 ὑπὸ
1669 4819 1764 4872 τοῦ
1796 4819 1980 4888 λόγου,

385 4907 780 4978 ἀνδρωθέντος,
810 4907 905 4961 καὶ
935 4907 996 4960 τὸ
1024 4909 1196 4974 ὅντως
1227 4909 1393 4965 καλὸν
1443 4911 1552 4964 ἀπὸ
1607 4910 1705 4965 τοῦ
1759 4913 1982 4984 νομιζο-

392 5001 562 5070 μένου
588 5001 892 5072 διακρίνειν
919 5001 1282 5073 δεδυνημένου
1301 5023 1314 5035 ·
1349 5003 1871 5076 κατηγορηθήσεται
1923 5006 1980 5058 δὲ

395 5090 620 5162 μᾶλλον,
660 5091 850 5163 ἐπειδὴ
890 5091 1156 5163 κέκτηται
1185 5092 1361 5158 τέλος,
1400 5094 1502 5164 τὴν
1552 5093 1982 5166 περιποιητικὴν

387 5185 494 5251 τῆς
515 5183 708 5253 ὀδύνης
730 5182 941 5254 φθοράν
959 5199 974 5215 °
997 5186 1092 5238 nat
1113 5183 1409 5257 ἄγκιστρόν
1448 5188 1564 5240 ἐστι
1587 5185 1682 5240 τοῦ
1709 5185 1978 5254 διαϐόλου,

388 5272 531 5344 πρὸς
573 5273 848 5327 ἀπώλειαν
864 5273 1040 5330 ἕλκον.

465 5366 568 5439 κβκ
613 5371 708 5438 Μὴ
735 5371 942 5440 εἴπῃς·
974 5373 1218 5444 Τίσομαι
1254 5373 1362 5427 τόν
1392 5373 1644 5442 ἐχθρόν·
1665 5371 1806 5427 ἀλλ’
1831 5371 1974 5426 1536'-

385 5477 599 5531 μεινον
629 5461 734 5515 τὸν
754 5464 997 5532 Κύριον,
1033 5465 1134 5518 ἵνα
1167 5481 1266 5520 σοι
1295 5463 1607 5534 βοηθήσῃ.
1651 5463 1742 5535 Μὴ
1781 5462 1978 5534 βουλη-

391 5555 496 5625 θῇς
527 5554 949 5626 τιμωρήσασθαι
980 5554 1070 5610 τὸν
1099 5557 1420 5627 λυπήσαντά
1459 5573 1518 5609 σε
1554 5556 1698 5610 κατά
1725 5570 1814 5608 τι·
1841 5554 1978 5609 ἀλλὰ

389 5648 486 5699 τὸν
533 5644 602 5698 δι’
645 5645 812 5700 αὐτοῦ
869 5663 928 5700 σε
988 5647 1357 5702 παιδεύσαντα
1393 5647 1528 5718 πρὸς
1571 5645 1860 5715 διόρθωσιν
1880 5644 1976 5699 τού

390 5737 599 5800 παντὸς
652 5737 958 5810 Δεσπότην,
1012 5739 1307 5812 ὑπόμεινον
1367 5741 1707 5811 εὐχαρίστως
1739 5757 1751 5769 ·
1781 5740 1866 5793 ἵνα
1893 5757 1976 5792 σοι

383 5827 605 5902 ἀρωγὸς
639 5829 860 5900 γένηται
895 5831 1034 5886 κατᾶ
1057 5833 1164 5887 τῶν
1193 5832 1555 5904 ἐνοχλούντων
1593 5851 1668 5885 τοι
1705 5832 1769 5884 δι’
1805 5833 1966 5886 ἀκου-

2089 4553 2288 4594 sensus
2308 4553 2337 4593 a
2357 4538 2548 4594 dolore
2562 4547 2887 4610 separantes
2917 4539 3207 4610 laborique
3245 4541 3466 4596 virtutis
3491 4551 3675 4602 mente

2089 4639 2498 4701 praeponentes,
2535 4639 2798 4700 vergente
2843 4631 2911 4687 ad
2944 4630 3106 4686 linem
3163 4631 3268 4686 hac
3310 4633 3424 4688 vita
3457 4643 3670 4699 nostra,

2086 4739 2195 4778 non
2232 4723 2550 4779 laudabitur
2572 4738 2600 4778 a
2639 4725 2854 4781 ratione
2877 4723 2991 4800 jam
3021 4723 3164 4780 virili
3201 4725 3416 4792 ellccta,
3450 4743 3672 4789 verum.-

2085 4831 2194 4886 que
2221 4815 2426 4869 bonum
2461 4815 2622 4872 abeo
2672 4815 2819 4887 quod
2865 4825 3126 4874 censetur
3171 4816 3520 4889 distinguere
3569 4835 3671 4874 va-

2085 4909 2251 4963 lente.
2290 4905 2712 4976 Vituperabitur
2753 4908 2938 4980 potius
2985 4909 3205 4978 quando
3240 4909 3366 4964 ﬁnis
3393 4908 3670 4976 adveniet,

2085 5000 2372 5070 corruptio
2407 5015 2531 5070 quae
2573 4999 2820 5054 dolorem
2853 5000 2994 5070 parit
3029 5007 3084 5056 et
3127 5001 3324 5058 bantus
3351 5009 3435 5058 cst
3463 5001 3670 5059 diaboli

2091 5091 2159 5146 ad
2195 5083 2560 5166 perditionem
2591 5093 2906 5160 attraltens.

2154 5360 2326 5415 Vsus.
2349 5359 2440 5413 29..
2471 5357 2552 5411 Ne
2581 5355 2822 5410 dixeris:
2851 5353 3096 5408 Ulciscar
3115 5353 3410 5415 mimicum,
3445 5351 3536 5408 sed
3555 5371 3672 5407 ansa

2083 5459 2190 5512 tiae
2259 5453 2540 5508 Dominum
2575 5460 2632 5503 ut
2665 5448 2759 5502 tibi
2794 5447 3002 5504 auxilio
3033 5447 3124 5504 sit.
3159 5445 3236 5500 Ne
3266 5447 3552 5503 inediteris
3583 5448 3667 5500 ul-

2083 5549 2220 5606 cisci
2253 5563 2376 5602 cum
2410 5546 2502 5614 qui
2533 5553 2584 5600 te
2615 5542 2805 5598 dolore
2858 5541 2941 5595 vel
2963 5540 3166 5612 injuria
3186 5539 3390 5594 aﬂ‘ccit.
3416 5537 3522 5617 Sed
3549 5555 3670 5592 οιιι-

2082 5645 2232 5698 nium
2271 5641 2559 5696 Dominum
2589 5637 2680 5708 qui
2732 5644 2785 5692 te
2811 5651 2909 5706 per
2940 5649 3065 5690 eum
3099 5633 3165 5688 ad
3220 5633 3664 5688 emendationem

2081 5737 2335 5806 castigat,
2355 5740 2610 5803 exspecta
2633 5745 2756 5784 cum
2775 5729 3078 5798 gratiarum
3093 5727 3327 5790 actione,
3353 5734 3410 5778 ut
3430 5726 3544 5793 ipse
3567 5723 3662 5780 tibi

2080 5827 2222 5882 ultor
2241 5825 2468 5881 exsistat
2492 5825 2542 5877 iu
2568 5838 2763 5894 pravos
2789 5821 3010 5891 spirit-ns
3031 5819 3120 5888 qui
3144 5835 3240 5887 per
3258 5816 3668 5873 involunLtriai
