3976 6440
446 347 579 413 1427

1735 353 2093 419 PROCOPII
2128 355 2371 419 (ΞΑΖᾹΞῘ

3570 356 3693 424 1428

441 461 734 531 passiones
770 460 865 517 tibi
905 472 1031 520 sunt
1055 463 1294 522 molesti.
1321 464 1822 525 lnvoluntariarum
1858 471 2006 526 enim

2144 466 2245 522 ιίων
2258 467 2466 534 παθῶν,
2483 468 2583 539 τῆς
2605 468 2866 539 πονηρίας
2886 468 3229 538 πνευμάτων·
3249 468 3410 541 ἡγὰρ
3424 468 3538 523 τῶν
3558 470 3697 526 ἀκου-

443 553 765 623 pas‘sionum
796 554 1089 610 tolerantia
1121 572 1150 610 a
1181 558 1515 614 voluntariis
1550 560 1771 617 liberat.

519 645 686 703 Vens.
719 646 811 702 23.
845 647 1185 703 Abominatio
1211 660 1289 705 est
1323 651 1463 719 apud
1496 649 1780 706 Dominum
1815 651 2018 720 pondus

442 744 491 787 et
536 735 763 803 pondus,
794 737 1217 793 staterudolosa
1272 756 1377 795 non
1412 750 1491 796 est
1536 742 1671 797 bona
1702 758 1883 798 coram
1934 759 2017 797 eo.

2122 558 2251 612 σίων
2270 559 2458 615 παθῶν
2479 558 2746 631 ὑπομονὴ,
2765 560 2874 614 τῶν
2892 559 3154 614 ἑκουσίων
3168 560 3466 632 ἀπαλλαγὴ
3481 562 3697 631 γίνεται.

2192 648 2302 720 κγ’.
2329 651 2646 721 Βδέλυγμα
2706 652 2922 722 Κυρίῳ,
2962 651 3188 706 δισσὸν
3235 655 3576 724 σταθμῶν
3612 656 3701 711 καὶ

2126 743 2305 816 ζυγὸς
2336 745 2542 811 δόλιος
2592 746 2664 798 οὐ
2716 744 2910 798 καλὸν
2948 743 3209 801 ἐνώπιον
3235 745 3457 802 αὐτοῦ.
3493 747 3702 821 Μισητὴ

444 826 679 882 0dibilis
711 827 821 883 Deo
850 830 1049 885 animm
1098 829 1396 903 dispositio
1430 831 1649 888 diversa
1685 833 1808 901 ejus
1844 834 1936 902 qui
1962 832 2020 886 in

2144 836 2198 908 ςῷ
2232 835 2371 906 Θεῷ,
2399 837 2434 905 ἡ
2459 837 2581 890 κατ’
2616 835 2917 906 ἐπιθυμίαν
2959 836 3056 891 καὶ
3096 836 3270 907 θυμὸν
3319 836 3586 909 διάφορος
3613 837 3705 912 ἧς

443 920 686 988 appetitu
713 921 1135 991 concupisribili
1164 932 1220 979 et
1279 925 1334 980 in
1368 925 1613 996 appetitu
1650 925 1913 980 irascibili
1948 925 2021 981 ob

2144 928 2300 999 φυχῆς
2328 927 2569 992 διάθεσις
2598 928 2694 982 τοῦ
2732 928 2820 983 διὰ
2854 927 2955 998 μὲν
2983 928 3082 999 τὴν
3114 928 3254 1000 πρὸς
3286 930 3359 985 τὸ
3392 930 3533 985 εδιον
3561 931 3706 1002 σῶμα
3782 925 3787 929 ’

444 1027 685 1065 amorem
720 1012 942 1083 quidem
979 1015 1188 1086 praprii
1213 1018 1486 1087 corporis,
1516 1016 1765 1087 jucunda
1791 1017 1896 1073 sibi
1929 1034 2020 1072 ar-

2144 1021 2330 1092 ριλίαν,
2362 1019 2542 1092 ἐαυτῷ
2573 1019 2644 1074 τά
2678 1019 2811 1091 ἡδέα
2859 1021 3331 1091 περιποιουμένου
3362 1038 3378 1056 ο
3414 1022 3507 1076 διὰ
3532 1023 3589 1077 δὲ
3617 1025 3711 1095 τὴν

443 1111 620 1173 negat,
659 1105 1009 1175 tyrannidem
1058 1118 1240 1161 autem
1287 1108 1342 1163 in
1398 1107 1622 1173 fratres,
1649 1109 1880 1164 molesta
1913 1110 2022 1167 illis

2144 1113 2265 1167 ιατὰ
2318 1111 2428 1166 τῶν
2471 1110 2732 1182 ὁμοφυῶν
2769 1111 3089 1183 τυραννίδα,
3143 1110 3213 1166 τὰ
3263 1113 3478 1185 ἀνιαρά
3503 1113 3709 1179 τούτοις

374 1220 377 1223 ς
445 1194 746 1249 meditatur
778 1215 791 1249 :
823 1196 897 1251 ita
928 1197 1072 1251 enim
1108 1199 1253 1254 male
1287 1200 1560 1269 ponderat
1597 1216 1719 1269 qua:
1767 1217 1864 1256 sua
1894 1211 2024 1257 sunt

2144 1203 2512 1274 ιπινοουμένου
2534 1221 2548 1235 ο
2575 1204 2670 1258 καὶ
2698 1200 2841 1256 οῦτω
2871 1202 3060 1267 κακῶς
3095 1204 3168 1259 τὰ
3205 1203 3303 1258 τοῦ
3327 1203 3571 1274 πλησίον
3621 1209 3713 1260 καὶ

443 1295 498 1339 et
532 1301 654 1356 quae
684 1295 815 1343 sunt
843 1290 1099 1358 proximi.
1119 1289 1357 1347 0dibiiis
1384 1292 1593 1362 pariter
1624 1292 1888 1364 cegitatio
1923 1308 2021 1364 ap-

2144 1296 2193 1350 τὰ
2225 1294 2419 1349 ἑαυτοῦ
2452 1294 2877 1360 ταλαντεύοντος
2901 1312 2915 1325 ·
2943 1297 3041 1352 καὶ
3084 1298 3113 1351 ὁ
3160 1295 3261 1368 τὴν
3288 1295 3599 1366 ἐπιθυμίαν
3622 1301 3710 1352 καὶ

446 1376 678 1444 petitum
732 1378 1231 1449 concupiscibilem
1263 1389 1318 1434 et
1352 1381 1652 1451 appetitum
1685 1381 2021 1437 irascibilem

2144 1387 2218 1440 τὸν
2245 1385 2719 1459 θυμὸνμσταθμῶν
2764 1387 3030 1459 λογισμὸς
3077 1388 3173 1442 τοῦ
3227 1390 3709 1460 ἐγκρατευομένου

448 1470 762 1538 pouderans
803 1471 926 1541 ejus
957 1472 1048 1541 qui
1083 1486 1146 1527 se
1178 1472 1451 1543 quidema
1484 1472 1857 1542 voluptatibus
1888 1488 2024 1528 con-

2144 1479 2229 1532 ιὲν
2251 1478 2360 1532 τῶν
2383 1479 2577 1551 ἡδέων,
2605 1479 2970 1550 ὑπομένοντος
3002 1480 3059 1534 δὲ
3102 1481 3172 1535 τά
3208 1481 3489 1553 ὀδυνηρὰ”,
3530 1481 3607 1553 μὴ
3632 1482 3711 1538 διά

444 1563 581 1615 tinet
601 1570 654 1615 et
675 1563 909 1618 molesta
933 1564 1195 1628 sustinet,
1218 1577 1330 1617 non
1356 1571 1416 1618 ut
1443 1561 1553 1618 Deo
1580 1562 1674 1618 sed
1703 1563 2026 1619 hominibus

2144 1568 2262 1622 θεοῦ
2310 1569 2692 1640 εὐαρέστησιν,
2742 1570 2881 1625 ἀλλὰ
2928 1570 2997 1623 δι’
3047 1568 3359 1642 ἀνθρώπων
3399 1571 3709 1642 ἀρέσκειαν,

449 1655 680 1717 placeat,
717 1660 770 1707 et
804 1654 876 1708 ob
918 1668 1117 1708 vanam
1158 1653 1412 1725 gloriam.
1450 1652 1578 1708 Inde
1624 1654 1887 1707 virtutum
1926 1670 2027 1724 pu-

447 1747 665 1799 ritatem
701 1747 1013 1818 corrumpit
1041 1755 1095 1802 et
1119 1746 1372 1816 quamvis
1401 1745 1584 1801 bonus
1604 1745 1926 1801 hominibus
1944 1746 2024 1800 vi-

2128 1662 2222 1715 καὶ
2244 1660 2452 1715 οἰκείαν
2487 1659 2799 1726 κενοδοξίαν
2820 1676 2833 1691 ·
2875 1660 3175 1717 κάντεῦθεν
3215 1662 3278 1716 τὸ
3311 1661 3570 1732 καθαρὸν
3614 1661 3711 1714 τῶν

2131 1753 2339 1824 ἀρετῶν
2361 1751 2799 1823 κιϐδηλεύοντος,
2850 1753 2953 1807 κᾶν
2987 1751 3192 1820 ἀγαθὸς
3233 1752 3377 1825 παρ’
3409 1751 3711 1823 ἀνθρώποις

446 1840 645 1893 deatur
673 1855 779 1894 non
817 1840 943 1897 talis
973 1848 1060 1897 est
1089 1856 1276 1897 coram
1308 1839 1418 1896 Deo
1446 1840 1536 1911 qui
1574 1840 1761 1894 omnia
1796 1851 1855 1895 ut
1895 1848 2025 1896 sunt

2144 1810 2285 1916 Ξοκῇ,
2318 1844 2433 1897 ἀλλ’
2474 1810 2561 1898 ἐπ’
2598 1843 2720 1913 ὕψει
2873 1844 2948 1908 ὡς
2980 1810 3270 1914 ἔέουσι-τὰ
3309 1810 3498 1899 πάντα

446 1929 756 1995 cognoscit.

524 2022 687 2079 Vens.
747 2022 837 2077 24.
896 2026 938 2079 Α
994 2023 1226 2080 Domino
1279 2024 1587 2097 diriguntur
1636 2041 1845 2097 gressus
1905 2024 2027 2078 viri.

451 2115 699 2170 Mortalis
754 2126 930 2172 autem
989 2119 1250 2190 quomodo
1318 2121 1627 2192 cogitaverit
1687 2120 1798 2175 uias
1859 2116 2031 2173 suas?

450 2211 491 2261 A
543 2209 651 2264 Deo
700 2211 1087 2266 universorum
1141 2210 1378 2268 Domino
1426 2213 1742 2282 diriguntur
1793 2210 2030 2268 hominis

448 2302 551 2356 viae
604 2301 658 2355 in
706 2302 989 2368 virtutem,
1020 2304 1095 2358 ita
1143 2313 1205 2359 ut
1251 2321 1430 2376 neque
1483 2307 1538 2360 in
1596 2293 1888 2377 passiones
1935 2318 2031 2375 per

449 2394 724 2448 defectum
762 2394 988 2450 virtutis
1022 2394 1283 2463 declinet,
1314 2412 1495 2468 neque
1527 2398 1580 2452 iu
1615 2398 1902 2468 passiones
1933 2411 2032 2466 per

449 2499 763 2540 excessum.
814 2486 972 2540 Enim
1026 2500 1158 2540 vero
1200 2488 1398 2543 timore
1444 2488 1538 2544 Dei
1595 2489 1887 2558 passiones
1934 2502 2033 2559 per

450 2576 727 2631 defectum
783 2577 1004 2633 virtutis
1064 2577 1299 2651 effugit;
1348 2579 1624 2637 desiderio
1669 2589 1852 2637 autem
1899 2595 2030 2651 pas-

452 2665 640 2721 siones
674 2682 770 2738 per
807 2684 1119 2726 excessum.
1166 2668 1271 2726 Per
1308 2669 1417 2728 hoc
1450 2671 1787 2729 desiderium
1826 2672 2030 2728 bonum

450 2767 737 2828 operatur.
795 2759 1252 2831 Quandoquidem
1316 2763 1426 2818 nisi
1490 2763 1697 2820 divinis
1757 2763 2035 2819 mandatis

454 2853 597 2906 bona
628 2860 683 2907 et
723 2852 869 2907 mala
902 2855 1249 2924 cognoverit,
1280 2855 1387 2910 nisi
1421 2870 1453 2911 a
1496 2855 1641 2911 malo
1672 2856 1898 2927 quidem
1941 2872 2063 2927 per'

454 2944 712 3000 timorem
769 2946 1264 3002 comminationum
1322 2954 1624 3012 avertatur,
1682 2954 1738 3003 et
1789 2948 1857 3002 ad
1906 2948 2037 3003 boni

454 3039 837 3106 operationem
886 3040 1135 3110 erigatur
1182 3055 1279 3111 per
1327 3038 1665 3095 desiderium
1707 3041 2037 3111 promissio-

2130 1936 2287 2001 Θεοῦ,
2318 1936 2379 1995 οὑ
2413 1935 2656 2000 τοιοῦτός
2687 1920 2859 1998 ἔστιν,

2203 2031 2301 2086 κδλ.
2343 2029 2509 2098 Παρὰ
2542 2029 2764 2098 Κυρίου
2803 2029 3117 2083 εὐθύνεται
3142 2029 3219 2083 τὰ
3247 2026 3590 2096 διαδήματα
3616 2026 3710 2082 dr-

2130 2125 2228 2194 δρί
2245 2142 2259 2156 ·
2299 2122 2519 2190 θνητὸς
2550 2120 2619 2174 δὲ
2654 2120 2778 2187 πῶς
2792 2118 2868 2175 ἂν
2889 2120 3113 2189 νοήσαι
3143 2118 3254 2186 τὰς
3283 2118 3476 2195 ὁδοὺς
3505 2120 3708 2186 αὐτοῦς

2132 2213 2292 2286 Παρὰ
2323 2211 2419 2266 τοῦ
2451 2211 2725 2265 Δεσπότου
2774 2209 2885 2264 τῶν
2928 2210 3067 2265 ὅλων
3121 2209 3257 2264 Θεοῦ
3287 2209 3636 2281 διορθοῦνται
3659 2212 3708 2265 at

2139 2307 2263 2362 κατ’
2290 2305 2494 2376 ἀρετὴν
2541 2306 2761 2375 πορεῖαι
2810 2303 2888 2373 τῷ
2927 2296 3231 2373 ἀνθρώπῳ,
3259 2301 3338 2366 ὡς
3363 2303 3507 2374 μήτε
3547 2303 3627 2367 είς
3647 2303 3709 2357 τά

2132 2397 2253 2452 κατ’
2286 2394 2524 2465 ἔλλειψιν
2549 2393 2757 2464 ταύτης
2782 2392 2952 2463 πάθη,
2985 2392 3125 2463 μήτε
3172 2393 3254 2456 είς
3281 2391 3354 2446 τὰ
3394 2391 3523 2446 καθ’
3548 2392 3706 2462 ὑπερ-

2133 2488 2296 2560 ϐολὴν
2349 2484 2819 2559 περιτρέπεσθαι·
2879 2484 2973 2538 κοιλ⁸
3021 2481 3130 2554 γάρ
3157 2482 3237 2554 τῷ
3291 2482 3397 2553 μὲν
3444 2481 3595 2552 φόϐῳ
3622 2480 3705 2534 τοῦ

2132 2580 2294 2642 Θεοῦ,
2323 2578 2393 2634 τὰ
2420 2579 2547 2632 κατ’
2577 2575 2816 2646 ἔλλειψιν
2849 2575 2951 2644 τῆς
2984 2574 3191 2645 ἀρετῆς
3227 2572 3498 2642 ἐκφεύγει
3531 2572 3670 2641 πάθη
3691 2589 3704 2602 ·

2132 2672 2210 2744 τῷ
2234 2672 2290 2726 δὲ
2316 2670 2467 2741 πόθῳ
2515 2669 2586 2723 τὰ
2623 2667 2748 2723 καθ’
2797 2666 3107 2738 ὑπερδολήν
3125 2681 3141 2697 ο
3167 2665 3238 2718 δι’
3266 2665 3439 2718 αὑτὸν
3466 2666 3525 2716 τὸ
3555 2663 3706 2716 καλὸν

2134 2763 2507 2837 ἐργαζόμενος
2527 2778 2541 2794 ⁸
2567 2759 2872 2832 ἐπειδήπερ
2894 2760 2943 2812 εἰ
2968 2757 3045 2829 μὴ
3074 2759 3198 2821 ταῖς
3253 2755 3431 2820 θείαις
3455 2754 3702 2820 ἐντολαῖς,

2133 2856 2205 2910 τὰ
2233 2854 2375 2910 καλά
2400 2851 2625 2922 διαγνῷ,
2658 2851 2756 2906 καὶ⁵
2789 2849 2859 2904 τὰ
2889 2848 3134 2915 ἐναντία,
3163 2847 3260 2903 καὶ
3284 2847 3401 2901 τῶν
3424 2847 3522 2918 μὲν
3538 2846 3705 2902 κακῶν

2136 2944 2547 3019 ἀπόσχηταιτῷ
2569 2942 2720 3015 φόϐῳ
2770 2940 2879 2995 τῶν
2910 2939 3170 3002 ἀπειλῶν,
3219 2938 3361 3010 πρὸς
3390 2939 3438 2992 δ’
3465 2936 3705 3011 ἐργασίαν

2137 3039 2246 3094 τῶν
2275 3037 2498 3106 ἀγαθῶν
2539 3036 2799 3106 διαναστῇ
2856 3032 2933 3104 τῷ
2982 3032 3135 3103 πόθῳ
3200 3030 3312 3086 τῶν
3355 3029 3702 3099 ὲπαγγελιιῖιν,

458 3147 625 3193 imm,
674 3130 955 3202 quomodo
1011 3132 1179 3186 homo
1236 3149 1334 3202 per
1385 3134 1722 3203 voluptatem
1777 3147 2033 3196 nascens,

2144 3134 2261 3196 πῶς
2301 3131 2366 3185 ἂν
2397 3128 2760 3200 ὑποκείμενος
2785 3129 2848 3198 τῇ
2874 3125 3000 3180 καθ’
3031 3125 3227 3197 ἡδονὴν
3260 3123 3505 3194 γενέσει,
3538 3122 3625 3177 καὶ
3647 3122 3701 3192 τῇ

457 3221 699 3278 moriens
735 3238 831 3293 per
866 3223 1142 3288 dolorem,
1178 3223 1333 3278 brevi
1377 3223 1572 3279 vivens
1616 3231 1883 3293 tempore,
1920 3222 2036 3278 vias

2144 3227 2262 3285 κατ’
2280 3222 2472 3296 ὀδύνην
2494 3221 2688 3294 φθορᾷ,
2708 3218 3007 3274 κάντεῦθεν
3029 3217 3376 3291 πρόσκαιρον
3397 3215 3537 3287 ἔχων
3555 3214 3703 3284 ζωὴν,

455 3329 582 3381 quae
627 3313 833 3371 ducunt
882 3330 1008 3370 eum
1050 3315 1106 3369 in
1156 3315 1390 3371 salutem
1436 3315 1614 3387 capiet
1647 3315 2037 3375 abstinendoa

451 3406 713 3476 jucundis
741 3408 1081 3483 molesteque
1111 3408 1474 3469 sustinendo?

533 3587 691 3644 Vens.
718 3588 808 3643 '25.
834 3588 1076 3660 Laqueus
1100 3592 1213 3646 viro
1241 3592 1344 3646 cito
1365 3591 1493 3663 quid
1511 3608 1577 3647 ea:
1589 3592 1819 3663 propriis
1841 3592 2040 3647 sanrti-

459 3685 642 3751 licere.
698 3681 892 3737 Postea
937 3684 1078 3738 enim
1134 3700 1293 3754 quam
1339 3687 1533 3741 voverit
1578 3687 1715 3741 venit
1766 3687 2034 3756 paenitere.

539 3775 767 3846 Capitur
808 3777 1053 3849 propriis
1102 3778 1286 3833 verbis
1331 3787 1392 3833 ut
1433 3778 1488 3834 in
1539 3778 1761 3849 laqueo,
1800 3778 1893 3848 qui
1943 3794 2040 3848 per

460 3870 837 3938 abreptionem
873 3870 1156 3941 pollicitus
1190 3881 1274 3928 est
1319 3872 1634 3928 sacriﬁcare
1667 3872 1782 3928 Deo
1828 3872 2039 3942 aliquid

458 3978 526 4017 ex
559 3963 826 4033 propriis.
867 3962 1165 4033 Postquam
1209 3963 1356 4018 enim
1399 3962 1633 4025 voverit.
1669 3979 1813 4034 saepe
1855 3964 2039 4019 evenit

459 4065 520 4111 ut
565 4056 803 4128 negligat
846 4056 1094 4128 implere,
1122 4067 1177 4112 et
1219 4072 1330 4112 non
1363 4059 1541 4129 possit
1569 4056 1711 4116 solvi
1748 4071 1780 4110 a
1820 4056 2045 4112 vinculo

457 4145 592 4200 voti.

529 4235 700 4291 Vens.
730 4235 823 4292 26‘.
887 4235 1190 4292 Ventitator
1234 4236 1520 4307 impiorum
1576 4253 1672 4293 rex
1720 4237 1951 4306 sapiens,
1990 4247 2042 4292 et

460 4326 708 4381 immittet
754 4326 866 4380 illis
912 4338 1108 4381 rotam.
1153 4325 1254 4394 Qui
1300 4327 1589 4399 passiones
1629 4341 1762 4382 suas
1801 4328 2037 4400 subegit,

460 4424 682 4486 separat
724 4416 1092 4489 cogitationes
1139 4432 1260 4488 quae
1311 4416 1485 4472 Deum
1529 4418 1806 4473 honorant
1853 4417 1921 4472 ab
1970 4417 2040 4473 iis

2140 3316 2423 3388 καταλάϐῃ
2450 3315 2548 3378 τὰς
2601 3313 2671 3367 δι’
2723 3310 3054 3382 ἐγκρατείας
3086 3309 3186 3382 μὲν
3215 3309 3327 3364 τῶν
3353 3309 3549 3380 ἡδέων,
3588 3307 3705 3360 ὑπο-

2143 3411 2310 3485 μονῆς
2341 3409 2395 3463 δὲ
2430 3407 2539 3464 τῶν
2596 3405 2875 3479 ὀδυνηρῶν
2909 3403 3185 3479 φερούσας
3217 3401 3386 3456 αὑτὸν
3418 3403 3501 3466 είς
3545 3416 3703 3470 σωτη-

2141 3504 2266 3576 ρίαν
2297 3501 2451 3564 ὁδούς
2474 3519 2489 3568 ;
3362 3569 3373 3575 _

2212 3592 2309 3649 κε’.
2345 3594 2530 3662 Har-lc
2559 3592 2754 3663 ἀνδρὶ,
2786 3591 2939 3662 ταχύ
2977 3602 3034 3644 τι
3082 3588 3202 3643 τῶν
3228 3587 3398 3642 ιδιων
3444 3584 3700 3657 άγιάσαιο

2135 3687 2288 3759 μετὰ
2321 3685 2432 3758 γὰρ
2460 3685 2530 3741 τὸ
2575 3685 2890 3751 εὔξασθαι,
2933 3678 3253 3752 μετανοεῖν
3286 3679 3537 3749 γίνεται.
3584 3674 3705 3730 Ἀλίο

2142 3797 2327 3836 σκεται
2345 3777 2420 3849 τῷ
2438 3777 2551 3849 ἰδίῳ
2567 3776 2731 3846 λόγῳ,
2747 3776 2822 3839 ώς
2846 3777 2904 3828 ἐν
2932 3772 3140 3842 παγίδι,
3158 3772 3187 3825 ό
3209 3769 3351 3825 κατὰ
3374 3765 3703 3839 συναρπαγὴν

2141 3872 2572 3943 ὑπισχνούμενος
2625 3865 2966 3939 καθιερῶσαί
3016 3883 3069 3917 τι
3120 3863 3239 3935 Θεῷ
3294 3863 3410 3918 τῶν
3471 3861 3699 3916 οίκιίωνο

2145 3965 2282 4036 μετὰ
2307 3967 2415 4034 γὰρ
2444 3964 2506 4016 τὸ
2542 3959 2903 4030 ὑποσχέσθαι,
2931 3956 3224 4028 συμᾶαίνει
3256 3954 3525 4017 πολλάκις
3572 3947 3701 4019 αὑτῷ

2145 4055 2611 4127 μεταμεληθῆναι,
2642 4046 2738 4107 καὶ
2766 4050 2967 4123 δεσμοῦ
3014 4050 3112 4119 τῆς
3137 4047 3488 4120 ὑποσχέσεως
3525 4042 3701 4100 ἀπολυ-

2142 4147 2302 4218 θῆναι
2330 4148 2404 4219 μὴ
2420 4146 2721 4201 δύνασθαι.

2162 4272 2172 4281 -
2213 4246 2326 4309 xg'.
2356 4240 2669 4313 Λικμήτωρ
2727 4235 2984 4302 ἀσεϐῶν,
3024 4231 3329 4301 βασιλεὺς
3370 4230 3580 4301 σοφὸς,
3616 4223 3698 4279 καὶ

2141 4331 2415 4389 ἐπισαλεῖ
2437 4331 2640 4398 αὐτοῖς
2670 4328 2908 4401 τροχόν.
2935 4328 3266 4398 ’Λφοριστής
3298 4327 3450 4378 ἐστιν
3488 4323 3561 4377 ὥς
3583 4317 3697 4389 ἀχύ-

2146 4443 2254 4497 ρων
2286 4424 2394 4478 άπδ
2425 4424 2575 4478 σίτου
2634 4422 2744 4476 τῶν
2794 4421 2871 4492 μὴ
2920 4420 3057 4474 Θεὸν
3097 4418 3388 4490 τιμώντων
3424 4411 3696 4484 λογισμῶν.

458 4525 583 4578 qna:
634 4524 745 4564 non
801 4509 1108 4575 honorant,
1154 4516 1215 4564 ut
1267 4507 1480 4581 paleam
1534 4523 1565 4564 a
1607 4508 1904 4563 frumento.
1944 4508 2038 4562 Sa-

2148 4515 2256 4570 ἀπδ
2278 4514 2387 4568 τῶν
2416 4513 2705 4586 τιμώντων
2732 4511 2917 4577 αὑτὸν,
2941 4511 2971 4563 ό
3001 4510 3110 4564 τῶν
3140 4508 3330 4563 παθῶν
3348 4508 3693 4574 αὐτοκράτωρ·

460 4601 678 4672 pientiae
707 4602 888 4659 verbis
925 4603 1073 4674 quod
1106 4610 1365 4658 censetur
1411 4602 1617 4658 bonum
1666 4616 1695 4656 ο
1734 4600 1880 4656 bono
1912 4615 2044 4656 vero

461 4696 762 4763 discernit;
819 4696 914 4767 qui
964 4697 1135 4753 etiam
1184 4697 1346 4767 longe
1387 4696 1457 4749 ab
1507 4695 1628 4765 ipso
1672 4693 1820 4749 sicut
1868 4700 2042 4747 rotam

460 4788 715 4843 devolvet
739 4787 879 4844 tales
909 4803 1109 4858 pravas
1139 4786 1527 4860 cogitationes.

531 4879 703 4937 Vens.
745 4879 837 4936 27.
882 4879 1006 4935 Lua:
1043 4880 1262 4936 Domini
1300 4879 1627 4948 spiraculum
1667 4873 1918 4943 hominis,
1954 4876 2047 4949 qui

461 4982 737 5030 scrutatur
765 4982 970 5030 secreta
997 4973 1218 5029 ventris.
1270 4971 1479 5027 Lumen
1511 4970 1828 5028 indeﬁciens
1857 4971 2045 5043 cogni—

462 5066 636 5123 tionis
685 5065 830 5122 Solis
846 5063 1081 5135 iustitia
1123 5065 1242 5120 vita
1292 5070 1379 5120 est
1422 5063 1805 5119 conservatrix
1851 5077 2043 5118 eorum

461 5158 557 5226 qui
588 5159 643 5215 in
676 5159 832 5214 illum
870 5160 1177 5231 respiciunt
1214 5168 1277 5214 ut
1322 5158 1378 5214 in
1412 5156 1772 5227 archetypum
1813 5155 1909 5226 qui
1951 5170 2048 5226 per

464 5246 913 5315 :ulimpletionem
969 5255 1288 5306 sanctarum
1345 5249 1467 5316 ejus
1514 5247 1861 5302 voluntatum
1914 5246 2045 5301 illud

465 5353 561 5406 per
595 5337 1012 5395 similitudinem
1063 5346 1289 5397 servant
1331 5339 1625 5411 integrum.
1670 5335 1804 5392 Nam
1845 5337 2047 5394 mentis

464 5430 576 5483 vita
610 5430 791 5485 lumen
823 5433 1157 5503 cognitionis
1181 5432 1290 5501 ,Dei
1318 5433 1412 5504 qui
1458 5438 1740 5488 scrutatur
1772 5430 2045 5504 profunda

466 5520 819 5594 rogitationis
861 5538 985 5594 quae
1030 5524 1098 5579 ad
1150 5524 1325 5579 instar
1371 5525 1608 5589 ventris,
1649 5523 1806 5580 cibos
1850 5523 2048 5578 animae

467 5617 717 5687 recipere
768 5623 948 5686 potest
1003 5616 1119 5672 sive
1181 5616 1473 5675 nutribiles
1528 5618 1639 5675 sint
1695 5616 1809 5674 sive
1862 5614 2049 5686 perui—

466 5708 627 5761 sinsi.

543 5798 707 5854 Vms.
748 5799 837 5854 ‘28.
881 5798 1258 5853 Misericordia
1296 5813 1338 5854 c!
1386 5801 1577 5856 veritus
1623 5802 1786 5855 ιιιιιίιι
1824 5800 1929 5871 ηῃὶ
1956 5815 1970 5852 .·
2000 5808 2046 5852 et

2153 4607 2345 4675 σοφίας
2376 4606 2557 4674 λόγοις
2588 4603 2693 4658 τοῦ»
2730 4603 2904 4665 ὅντως
2954 4599 3186 4669 ἀγαθοῦ,
3235 4599 3330 4653 τδν
3368 4597 3697 4668 νομιζόμενον

2150 4697 2484 4770 ἁποδιαιρῶν
2511 4714 2525 4729 ·
2585 4696 2644 4759 ὃς
2702 4695 2797 4751 καὶ
2850 4694 3008 4763 δίκην
3058 4691 3255 4762 τροχοῦ
3290 4690 3419 4754 τοὺς
3451 4685 3695 4744 τοιούτους

2151 4791 2422 4862 πονηροὺς
2451 4788 2748 4858 λογισμοὺς
2786 4785 3064 4844 ὲκκυλίσει
3099 4782 3316 4855 μακράν
3340 4781 3401 4849 ἐξ
3429 4776 3606 4834 αὑτοῦ.

2355 4880 2485 4947 Φῶς
2515 4879 2758 4948 Κυρίου,
2800 4878 2956 4944 πνοὴ
3005 4875 3321 4944 ἀνθρώπου
3345 4889 3362 4904 ⁸
3405 4871 3473 4938 ὃς
3508 4859 3695 4936 ἐρευνᾷ

2152 4972 2652 5042 ταμεῒαεκοιλίας.
2704 4967 2777 5021 Τὸ
2830 4966 3131 5037 ἀνέσπερον
3181 4963 3298 5034 φῶς
3328 4964 3429 5034 τῆς
3471 4956 3696 5028 γνώσεως

2151 5064 2248 5120 τοῦ
2268 5065 2370 5136 τῆς
2400 5060 2751 5129 δικαιοσύνης
2788 5059 2995 5125 Ἠλίου,
3030 5056 3321 5127 συνεκτική
3347 5056 3462 5108 ἐστι
3480 5049 3585 5121 ζωὴ
3603 5046 3692 5136 τῶν

2157 5135 2466 5229 βλεπόντων
2492 5154 2629 5223 πρὸς
2664 5152 2831 5208 αὑτὸν
2851 5149 2928 5213 ὡς
2961 5149 3269 5222 ἀρχέτυπον
3295 5163 3309 5176 ·
3339 5147 3432 5200 καὶ
3453 5144 3562 5205 ταῖς
3590 5135 3692 5229 καθ’

2154 5227 2417 5319 όμοίωσιν
2461 5244 2747 5318 ἐργασίαις
2794 5243 2902 5297 τῶν
2927 5241 3265 5308 παναγάθων
3293 5235 3459 5293 αὑτοῦ
3487 5227 3691 5319 θελημάέ

2152 5314 2284 5402 των,
2340 5336 2402 5390 τὸ
2455 5314 2784 5391 κατ“είκόνα
2835 5330 3224 5403 φυλασσόντων
3266 5327 3529 5400 άμείωτον
3552 5337 3567 5352 ·
3599 5314 3690 5383 ζωὴ

2152 5431 2264 5503 γὰρ
2288 5429 2383 5483 τοῦ
2399 5427 2515 5494 νοῦ,
2537 5430 2566 5483 ὁ
2587 5425 2868 5498 φωτισμός
2898 5426 3014 5478 ἐστι
3042 5423 3141 5493 τῆς
3167 5421 3425 5492 γνώσεως
3450 5415 3538 5470 τοῦ
3556 5409 3686 5503 Θεοῦ.

2153 5501 2213 5590 ὃς
2237 5501 2491 5590 νὲξετάζει
2516 5520 2584 5575 τά
2612 5518 2752 5591 βάθη
2791 5517 2891 5588 τῆς
2925 5515 3186 5580 διανοίας,
3220 5512 3320 5583 τῆς
3342 5511 3491 5579 δίκην
3517 5501 3689 5591 κοιλίας

2155 5615 2469 5688 χωρητικῆς
2490 5612 2597 5667 τῶν
2613 5589 2769 5667 κατὰ
2792 5610 2969 5681 ψυχὴν
2995 5606 3251 5679 βρώσεων
3267 5621 3280 5633 ·
3311 5603 3423 5659 εἴτε
3438 5589 3690 5672 θρεπτικαὶ

2157 5708 2360 5777 ταύτης
2391 5702 2520 5768 εἷεν,
2553 5705 2660 5758 εἴτε
2692 5701 3049 5773 λυμαντικαί.

2229 5796 2333 5866 κη’.
2377 5798 2439 5850 Ἐ
2462 5794 2790 5863 ίεημρσίψη
2823 5791 2916 5845 καὶ
2969 5790 3237 5859 ἀλήθεια,
3287 5781 3685 5858 φινλαιιὴβασιο
