3976 6418
318 366 456 431 1229

1387 369 1928 435 COMMENTARII
1970 372 2053 432 IN
2091 374 2550 437 PROV’ERBIA.

3446 370 3582 441 1430

310 482 444 540 ,πεῖο
499 479 600 533 καὶ
657 480 1225 548 περικυκλώσουσιν
1273 483 1344 537 ἐν
1391 484 1744 554 δικαιοσύνῃ
1789 486 1899 541 τὸν

2018 490 2297 545 :irruibunt
2344 493 2400 545 in
2440 492 2661 562 justitia
2697 492 2893 547 solium
2939 492 3076 561 ejus.
3121 492 3495 552 Misericordia
3527 496 3581 549 in

315 573 536 643 θρόνον
563 573 775 627 αὐτοῦ.
822 574 886 626 'H
932 573 1067 643 πρὸς
1096 574 1223 638 τοὺς
1267 577 1525 646 ὁμοφυεῖς
1558 579 1893 648 συμπάθεια,

315 666 411 718 καὶ
441 665 475 732 ἡ
511 665 649 734 πρὸς
685 666 820 719 Θεὸν
838 666 1044 738 ἀληθὴς
1078 669 1281 735 πίστις,
1315 670 1645 740 φυλακτικαί
1672 674 1776 726 εἰσι
1801 670 1897 726 τοῦ

314 759 426 811 τῶν
452 757 642 812 παθῶν
671 759 1002 829 κρατοῦντος
1029 760 1321 833 ἀνθρώπου
1345 779 1357 793 ·
1389 764 1484 817 καὶ
1506 763 1899 835 περιλήψονται

314 851 377 910 τὸ
403 850 634 919 ἀρχικὸν
652 852 816 906 αὑτοῦ
843 853 941 907 καὶ
965 852 1334 920 αὐτεξούσιον,
1362 857 1580 919 πάντως
1599 856 1662 909 τὸ
1681 856 1895 927 νοερόν·

315 942 377 995 ὲν
409 935 454 1010 ᾧ
489 942 832 1012 προκάθηται
879 943 987 997 τῶν
1033 947 1127 998 ἐπὶ
1178 947 1281 1015 γῆς
1313 947 1372 999 ἐν
1413 948 1547 1019 ὀρθῇ
1577 947 1760 1018 κρίσει
1789 950 1900 1004 τῶν

199 1085 206 1091 ,
316 1032 462 1087 κατὰ
488 1031 720 1104 θεωρίαν
751 1034 847 1087 καὶ
876 1035 1074 1106 πρᾶξιν
1096 1037 1388 1107 νοημάτων
1420 1054 1482 1090 τε
1503 1040 1599 1092 καὶ
1632 1041 1900 1112 πραγμά-

315 1141 455 1178 τωνο
496 1124 572 1196 μὴ
632 1126 992 1199 συγχωρούσῃ
1044 1129 1186 1183 κατὰ
1234 1129 1333 1199 μὲν
1362 1129 1621 1200 θεωρίαν,
1655 1134 1735 1196 εἰς
1767 1133 1900 1187 Θεὸν

313 1214 416 1283 τὴν
446 1214 626 1268 κτίσιν
654 1219 1123 1289 παραγνωρίζειν,
1148 1219 1288 1283 κατὰ
1309 1219 1365 1273 δὲ
1394 1221 1595 1292 πρᾶξιν
1616 1222 1901 1293 λατρεύειν

313 1303 487 1373 ταύτῃ
517 1305 669 1375 παρὰ
700 1305 791 1358 τὸν
820 1306 1118 1362 κτίσαντα.
1894 1294 1901 1301 ’

384 1392 491 1448 κθ’.
547 1395 788 1466 Κόσμος
843 1398 1133 1465 νεανίαις,
1194 1402 1417 1472 σοφίασ
1482 1402 1634 1468 δόξα
1680 1404 1749 1459 δὲ
1804 1408 1901 1460 καὶ

312 1499 382 1554 πί
397 1487 757 1555 εσϐυτέρων,
782 1492 986 1547 πολιὰ.
1020 1491 1343 1564 Εὐπρὲπεια
1384 1494 1497 1558 τοῖς
1556 1494 1809 1560 νεάζουσι
1833 1501 1899 1569 τῇ

314 1578 617 1649 καινοποιῷ
640 1578 733 1632 τοῦ
764 1580 1084 1645 Πνεῦματος
1105 1582 1313 1653 χάριτι,
1332 1584 1365 1652 ἡ
1393 1584 1488 1636 τοῦ
1506 1583 1596 1637 νοῦ
1627 1586 1743 1640 ἐστι
1769 1587 1902 1658 πρὸς

278 1669 446 1723 ,Θεὸν
478 1671 723 1742 ἄτμητος
749 1673 944 1737 ἔνωσις
968 1691 982 1705 ’
1009 1674 1166 1739 κλέος
1206 1675 1265 1729 δὲ
1301 1676 1411 1729 τῶν
1466 1676 1904 1751 πολιτευομένων

2002 582 2289 651 proximos
2340 591 2394 638 et
2436 599 2575 640 vera
2623 584 2755 641 fides
2800 586 2854 640 in
2906 586 3099 650 Deum,
3149 585 3407 642 custodes
3455 596 3585 643 sunt

2003 671 2245 728 hominis
2306 674 2400 743 qui
2448 675 2801 745 passionibus
2861 676 3094 747 imperat
3129 696 3142 731 :
3176 687 3231 732 et
3269 677 3584 733 circuibunt

2003 762 2148 832 quod
2185 764 2240 818 in
2275 765 2396 836 ipso
2444 766 2701 835 imperat,
2746 767 3102 824 voluntatem
3136 769 3349 825 scilicet
3392 784 3457 826 ac
3496 771 3582 824 in-

2005 850 2304 916 tellectum,
2343 866 2452 924 quo
2494 869 2665 924 super
2694 855 2879 910 omnia
2917 840 3132 912 terrena
3164 857 3318 913 sedet
3345 857 3400 912 in
3431 866 3579 912 recta

2001 938 2339 997 discretione
2375 944 2771 1014 cogitationum
2828 945 2884 1000 in
2936 945 3167 1012 theoria,
3199 954 3255 1001 et
3301 942 3580 1000 actionum

2004 1032 2057 1085 in
2091 1033 2269 1101 praxi.
2315 1033 2583 1091 Diseretio
2628 1036 2745 1091 haec
2796 1052 2906 1092 non
2950 1037 3220 1107 permittit
3266 1036 3320 1092 in
3370 1036 3580 1091 theoria

2001 1123 2225 1193 quidem
2268 1134 2578 1181 creaturam
2622 1143 2735 1198 prae
2780 1127 2893 1185 Deo
2930 1142 3287 1200 cognoscere,
3321 1129 3374 1184 in
3424 1129 3580 1199 praxi
3624 1142 3627 1145 ·

2004 1224 2187 1272 autem
2219 1228 2530 1273 creaturam
2564 1236 2675 1291 prae
2704 1221 2965 1279 Creatore
2992 1223 3243 1278 adorare.

2074 1387 2240 1444 Vens.
2271 1389 2361 1444 29.
2399 1388 2635 1445 Ornatus
2674 1392 3097 1449 adolescentibus
3136 1396 3401 1465 sapientia
3425 1413 3444 1462 ;
3468 1396 3581 1466 glo-

2005 1480 2087 1534 ria
2119 1489 2296 1535 autent
2328 1483 2599 1536 seniorum
2646 1484 2886 1539 canities.
2937 1484 3180 1543 Ornatus
3218 1487 3583 1556 iuvenescenv

2006 1571 2154 1627 tibus
2194 1572 2367 1643 gratia
2413 1574 2699 1631 novatrice
2745 1574 2992 1646 Spiritus
3032 1578 3230 1642 sancti,
3266 1580 3581 1637 arctissima

2005 1674 2092 1720 est
2136 1667 2269 1720 unio
2315 1665 2383 1720 ad
2439 1665 2632 1721 Deum.
2679 1665 2865 1723 Gloria
2911 1677 3091 1725 autem
3134 1673 3581 1727 conversantium

312 1761 455 1817 κατὰ
491 1763 551 1816 τὸ
577 1763 807 1818 παλαιοῦ
818 1782 977 1834 μενον
999 1765 1161 1838 ῥητὸν
1186 1767 1284 1838 τῆς
1313 1768 1560 1839 Γραφῆς,
1588 1770 1620 1840 ή
1659 1770 1900 1842 ἀποϐολή

2018 1757 2309 1811 secundum
2349 1759 2689 1828 antiquatum
2729 1759 3028 1831 Scriptura:
3063 1762 3311 1826 verbum,
3346 1763 3583 1834 abjectio

311 1855 427 1907 ἐστι
446 1853 561 1906 τῶν
614 1828 948 1927 σωματίκῶν
996 1828 1194 1913 παθῶν
1688 1863 1762 1927 ,τὸ
1793 1828 1903 1937 γὰρ

2018 1857 2089 1904 ast
2143 1849 2446 1920 nigredinis
2503 1853 2756 1921 corporis
2816 1828 3165 1923 passionum.
3221 1828 3583 1925 Antiquatum

311 1944 716 2017 παλαιούμενον
747 1950 1012 2021 γράμμα,
1069 1952 1198 2016 τοὺς
1228 1944 1350 2006 κατ’
1371 1953 1504 2008 αὐτὸ
1546 1954 1901 2029 πολιτευομέ-

309 2053 437 2100 νους
489 2039 598 2092 τῶν
648 2040 767 2093 κατ’
800 2041 1090 2113 ἐνέργειαν
1115 2044 1306 2099 παθῶν
1344 2045 1679 2117 ἀπαλλάττει
1705 2066 1718 2080 ·
1756 2049 1817 2103 τὸ
1844 2049 1904 2104 δὲ

310 2130 630 2185 καινοποιὸν
664 2130 913 2203 Πνεῦμα,
936 2135 1026 2189 τὸν
1045 2134 1168 2189 νοῦν
1205 2136 1387 2205 λόγοις
1415 2139 1608 2208 σοφίας
1638 2140 1745 2194 ἀπὸ
1768 2141 1905 2197 πάν-

309 2239 417 2277 των
442 2222 560 2286 τῶν
591 2226 913 2295 ποιημάτων
960 2228 1097 2299 πρὸς
1137 2228 1229 2282 τὸν
1274 2230 1511 2303 Ποιητὴν
1546 2233 1900 2305 ἐπιστρέφον,

307 2312 651 2367 ἀπαλλάττει
679 2317 773 2369 καὶ
801 2315 910 2369 τῶν
944 2318 1086 2372 κατὰ
1108 2318 1373 2375 διάνοιαν.
1657 2337 1666 2346 ·

377 2400 442 2456 λ’.
494 2401 764 2457 ’Υπώπια
793 2405 891 2459 καὶ
919 2408 1339 2477 συντρίμματα
1370 2411 1645 2480 συναντᾷ
1672 2413 1899 2482 κακοῒςν

306 2494 546 2558 πληγαί
591 2493 660 2547 δὲ
720 2497 808 2561 εὶς
851 2496 1058 2566 ταμεῖα
1093 2499 1347 2566 κοιλίας.
1390 2500 1513 2555 ’Υπ’
1537 2503 1661 2573 ὄψιν
1692 2503 1904 2577 ἀνθρώ-

309 2601 457 2649 πων,
493 2585 759 2657 τιμωρίαι
804 2589 1139 2658 σωματικαὶ,
1168 2591 1263 2644 καὶ
1310 2593 1542 2662 ἀφανεῖς
1572 2594 1751 2667 ψυχῆς
1779 2613 1903 2650 συν-

308 2677 524 2746 τριὸαὶ,
585 2677 654 2732 δι’
702 2680 975 2734 ἀκουσίων
1017 2681 1196 2737 πόνων
1240 2684 1537 2755 ἐπιφορᾶς,
1571 2688 1901 2759 ἐπέρχονται

307 2772 421 2833 τοῖς
484 2769 928 2842 πολιτευομένοις
962 2774 1183 2838 κακῶςο
1236 2775 1449 2847 ἔλεγχοι
1478 2777 1535 2832 δὲ
1575 2780 1898 2849 συνειδότος,

311 2862 393 2926 εἰς
429 2862 506 2925 τὰ
533 2862 673 2935 βάθη
696 2867 796 2936 τῆς
823 2865 1066 2928 διανοίας
1093 2868 1295 2922 αὐτῶν.

899 2959 1146 3013 ΚΕΦΑΛ.
1183 2960 1316 3015 KA'.

389 3044 463 3102 α’.
487 3047 717 3117 ’Ὠσπερ
774 3049 925 3119 ὁρμὴ
981 3051 1201 3118 ὕδατος
1230 3052 1447 3121 καρδία
1494 3054 1804 3123 βασιλέως
1831 3056 1902 3110 ὲν

2005 1939 2149 1994 enim
2196 1940 2463 2010 scriptum
2496 1958 2591 1999 eos
2617 1944 2712 2014 qui
2753 1943 3054 2000 secundum
3086 1946 3220 2001 illud
3247 1961 3585 2003 conversan-

2007 2042 2097 2088 tur
2143 2049 2173 2088 a
2216 2036 2574 2106 passionibus
2627 2038 2757 2094 totis
2810 2038 3021 2095 viribus
3060 2048 3297 2095 amovet.
3348 2039 3585 2111 Spiritus

2006 2134 2187 2183 autem
2227 2128 2500 2187 innovatis
2547 2133 2832 2203 sapientia:
2871 2132 3058 2189 verbis
3097 2133 3487 2204 cogitationem
3533 2143 3586 2187 ct

2005 2226 2187 2273 actum
2228 2233 2258 2273 a
2296 2221 2571 2278 creaturis
2620 2222 2817 2278 avertit
2865 2231 2919 2279 et
2971 2222 3039 2278 ad
3090 2220 3405 2279 Creatorem
3453 2236 3588 2277 con.

2004 2307 2192 2363 vertit.
3066 2312 3093 2391 ί

2076 2399 2245 2456 Vens.
2277 2400 2366 2456 50.
2402 2400 2616 2459 Livores
2657 2412 2707 2459 et
2752 2405 3097 2460 contritiones
3137 2410 3424 2460 occurrunt
3468 2419 3585 2456 ma-

2005 2492 2115 2547 lis:
2144 2493 2318 2565 plaga:
2365 2504 2539 2548 autem
2580 2496 2635 2549 in
2673 2506 2879 2551 secreta
2922 2498 3134 2553 ventris.
3173 2495 3426 2553 Visibilia
3458 2510 3586 2551 cor-

2005 2585 2157 2654 poris
2194 2585 2465 2657 supplicia
2512 2594 2567 2641 et
2612 2587 2916 2644 invisibiles
2960 2589 3160 2645 anima:
3198 2587 3589 2651 contritiones,

2005 2690 2102 2745 per
2130 2677 2567 2733 voluntariorum
2595 2679 2845 2736 laborum
2881 2681 3165 2751 impetum,
3187 2679 3586 2752 superveniunt

2005 2767 2149 2822 male
2196 2769 2676 2824 conversantibus.
2734 2768 2953 2829 Stimuli
3003 2778 3186 2828 autem
3234 2770 3591 2835 conscientia

2005 2856 2060 2911 in
2090 2855 2362 2928 prolunda
2394 2857 2748 2929 cogitationis
2781 2875 2999 2915 eorum.

2629 2949 2787 3012 CAP.
2829 2949 2969 3013 XXI.

2077 3033 2243 3092 Vsus.
2293 3036 2346 3091 ί.
2403 3036 2555 3092 Sicut
2603 3038 2827 3101 impetus
2866 3055 3039 3110 aquw,
3072 3041 3150 3095 ita
3212 3057 3302 3096 cor
3347 3042 3481 3112 regis
3535 3042 3591 3095 in

320 3140 472 3208 χειρὶ
496 3139 645 3194 Θεοῦ
666 3156 680 3171 °
710 3136 784 3197 οὗ
814 3140 924 3196 ἐὰν
953 3142 1101 3212 θέλῃ
1136 3144 1352 3200 νεῦσαι
1399 3144 1641 3201 ἔκλινεν
1686 3148 1900 3216 αὐτήν.

2018 3143 2173 3181 manu
2204 3127 2339 3193 Dei;
2391 3145 2700 3201 quocunque
2741 3131 2964 3185 voluerit
3007 3132 3245 3199 innuere,
3276 3132 3404 3187 illuc
3438 3133 3594 3190 inchi-

324 3231 539 3301 ’Ὠσπερ
565 3231 666 3304 τὴν
707 3232 801 3287 τοῦ
833 3222 1026 3298 ὕδατός
1087 3236 1262 3307 φορὰν
1282 3239 1309 3290 ὁ
1334 3238 1594 3309 ὀχετηγὸς
1627 3239 1751 3308 ἄγει
1773 3242 1904 3296 ἔνθα

321 3322 418 3374 καὶ
449 3320 718 3391 βούλεται,
759 3323 906 3377 οὕτω
939 3325 1036 3378 κοιλ⁵
1067 3328 1100 3396 ή
1136 3330 1616 3401 παντοκρατορικὴ
1640 3331 1733 3386 τοῦ
1766 3333 1901 3387 Θεοῦ

320 3411 577 3483 δύναμις,
613 3414 711 3486 τὴν
733 3414 910 3486 ψυχὴν
939 3417 1034 3469 τοῦ
1066 3416 1439 3486 βασιλεύοντος
1466 3420 1567 3473 εἴτ’
1596 3422 1903 3493 ἀνθρώπων

322 3500 436 3554 εἴτε
461 3504 673 3569 παθῶν,
702 3506 859 3577 φέρει
887 3507 964 3571 ὼς
1019 3508 1168 3579 αὐτῷ
1189 3509 1308 3579 Θεῷ
1342 3510 1600 3579 βουλητόν
1623 3529 1638 3544 ο
1674 3514 1773 3583 τὴν
1803 3515 1904 3586 μὲν

320 3592 417 3647 τοῦ
443 3595 771 3666 κρατοῦντος
783 3598 880 3652 άνθ
890 3600 1108 3671 ρώπων,
1131 3602 1212 3662 εἰς
1226 3601 1387 3655 τινῶν
1409 3602 1509 3673 μὲν
1538 3605 1900 3675 συμπάθειαν,

323 3688 530 3758 ἑτέρων
542 3690 599 3742 δὲ
628 3691 897 3762 τιμωρίαν
918 3690 1143 3746 κινοῦσα
1160 3707 1173 3722 ·
1211 3693 1348 3761 πρὸς
1371 3693 1432 3747 τὸ
1461 3698 1740 3767 συμφέρον
1767 3698 1904 3752 πάν-

320 3795 431 3842 τως
485 3781 720 3852 ἑκάστῳ,
777 3782 880 3837 κᾶν
935 3783 1009 3855 μὴ
1070 3785 1207 3856 πρὸς
1233 3785 1392 3839 τοῦτο
1423 3787 1554 3850 ἴσως
1593 3788 1622 3839 ὁ
1651 3787 1904 3858 βασιλεὺς

320 3869 497 3924 ταῦτα
517 3875 668 3942 ποιῇ,
701 3872 819 3927 ἀλλ’
847 3875 982 3929 ’ὑπὸ
1011 3875 1224 3940 εὐνοίας
1274 3878 1309 3948 ἢ
1352 3877 1545 3947 μίσους
1574 3877 1864 3950 ἑλκόμενος
1886 3896 1901 3912 ο

319 3960 423 4033 τὴν
468 3963 524 4017 δὲ
576 3963 673 4017 τοῦ
732 3963 923 4021 παθῶν
973 3968 1355 4039 κυριεύοντος,
1410 3969 1722 4042 ποδηγοῦσα
1768 3971 1906 4041 πρὸς

322 4056 452 4119 τοὺς
504 4054 923 4122 λυσιτελοῦντας
971 4057 1124 4130 αὑτῷ
1171 4057 1388 4128 λόγους,
1448 4057 1482 4130 ἢ
1535 4060 1772 4132 τρόπους
1795 4059 1905 4117 τῶν

321 4147 555 4219 ἀρετῶν.

396 4240 461 4310 β’.
488 4241 615 4307 Πᾶς
645 4243 804 4312 ἀνὴρ
834 4244 1109 4313 φαίνεται
1133 4243 1326 4310 ἐαυτῷ
1393 4244 1649 4311 δίκαιος·
1695 4261 1907 4301 κατευ-

225 4349 230 4353 ·
320 4331 488 4387 θύνει
524 4333 593 4387 δὲ
620 4333 870 4402 καρδίας
899 4337 934 4389 ὁ
961 4335 1198 4403 Κύριος.
1232 4337 1330 4399 Ὃς
1360 4335 1427 4389 ἂν
1458 4335 1569 4389 τῶν
1599 4335 1907 4407 ἀνθρώπων

321 4421 424 4495 τὴν
451 4425 593 4478 κατὰ
664 4427 862 4496 νόμους
920 4425 1099 4490 θείους
1134 4426 1344 4498 ⁴ἕληται
1371 4427 1671 4491 πολιτείαν,
1712 4427 1906 4494 ὁρᾶται

2012 3234 2140 3272 nare
2180 3218 2338 3273 illud.
2381 3218 2858 3285 Quemadmodum
2901 3236 3058 3293 aquae
3099 3222 3297 3278 ductor
3329 3224 3592 3294 impetum

2013 3325 2168 3381 aqua:
2214 3310 2303 3365 ubi
2345 3312 2459 3365 vult
2505 3312 2714 3383 dirigit,
2759 3314 2829 3367 ita
2874 3326 2927 3369 et
2972 3315 3320 3386 omnipotens
3352 3315 3446 3370 Dei
3488 3316 3591 3375 vis.

2013 3404 2250 3458 animam
2286 3404 2527 3474 regentis
2564 3405 2685 3460 sive
2718 3406 2998 3471 homines,
3030 3406 3146 3463 sive
3180 3407 3490 3477 passiones,
3528 3407 3593 3460 nd

2012 3493 2110 3550 Dei
2155 3495 2556 3564 beneplacitum
2611 3497 2906 3566 gubernat,
2941 3499 3184 3551 animam
3235 3498 3458 3568 quidem
3510 3515 3603 3555 περ.

2013 3586 2194 3656 gentis
2245 3586 2518 3653 homines,
2564 3588 2632 3645 ad
2679 3588 3105 3647 miserationem.
3144 3591 3477 3659 aliquortun,
3527 3592 3597 3653 agt

2011 3692 2233 3748 penam
2279 3679 2512 3734 aliorum
2559 3679 2855 3744 movendo,
2888 3680 2958 3737 ad
3005 3682 3283 3752 propriam
3329 3682 3595 3744 uniuscu-

2008 3769 2212 3840 jusque
2243 3770 2556 3838 utilitatem,
2596 3773 2848 3843 quamvis
2882 3773 3022 3828 forte
3050 3774 3192 3828 hanc
3226 3790 3318 3833 rex
3360 3790 3471 3828 non
3509 3776 3595 3829 in-

2014 3860 2219 3927 tendat,
2248 3861 2342 3916 scd
2378 3871 2503 3933 agat
2524 3861 2930 3930 benevolentia,
2954 3864 3039 3918 vel
3070 3864 3198 3919 odio
3225 3873 3444 3931 motus;
3477 3866 3591 3919 ani-

2013 3964 2157 4004 mam
2193 3958 2375 4011 autem
2408 3953 2763 4022 passionibus
2800 3954 3143 4009 dominantis
3184 3953 3497 4011 inducendo
3540 3957 3597 4011 in

2014 4055 2298 4099 sermones
2328 4052 2423 4098 aut
2455 4045 2721 4100 virtutum
2755 4044 3004 4111 instituta
3040 4046 3143 4118 ipsi
3169 4046 3488 4125 profutura.

2092 4222 2253 4278 Vsus.
2290 4224 2346 4278 2.
2390 4222 2577 4280 Omnis
2627 4225 2707 4280 vir
2750 4226 2961 4283 videtur
3008 4229 3115 4283 sibi
3153 4229 3369 4300 justus;
3415 4232 3598 4306 dirigit

2016 4323 2193 4369 atatem
2229 4314 2394 4369 corda
2427 4315 2711 4375 Dominus.
2740 4316 2933 4375 Omnis
2964 4319 3127 4376 homo
3155 4324 3246 4390 qui
3267 4322 3425 4390 juxta
3452 4324 3599 4394 leges

2015 4405 2233 4462 divinas
2292 4408 2797 4465 conversationem.
2832 4419 2920 4465 est
2988 4411 3318 4481 amplexus,
3378 4414 3599 4469 videtur

326 4516 428 4586 μὲν
456 4517 770 4590 ἀνθρώποις
814 4521 943 4591 παρ’
986 4520 1164 4589 ἐαυτῷ
1193 4496 1484 4591 ἄμεμπτος
1507 4535 1523 4551 ⁶
1541 4523 1571 4574 ὁ
1598 4520 1657 4574 δὲ
1690 4521 1903 4575 πάντων

2018 4496 2238 4568 quidem
2280 4496 2600 4552 hominibus
2644 4512 2679 4555 ει
2720 4499 2905 4568 seipso
2938 4501 3271 4570 inculpatus.
3313 4500 3459 4557 Deus
3496 4517 3595 4558 au-

321 4609 604 4681 Δεσπότης
624 4610 778 4676 Θεὸς,
802 4611 1059 4683 προνοίας
1075 4610 1256 4680 λόγοις
1277 4613 1372 4666 καὶ
1390 4613 1648 4684 κρίσεως,
1666 4614 1911 4685 ἀπαρεγ-

321 4701 526 4767 κλίτως
554 4702 691 4774 πρὸς
711 4702 773 4756 τὸ
800 4702 1006 4773 ἀγαθὸν
1053 4702 1262 4761 ὁδεύειν
1285 4703 1701 4775 παρασκευάζει
1727 4707 1908 4761 πᾶσαν

319 4790 501 4866 ψυχὴν
519 4792 618 4865 τὴν
639 4794 854 4859 τούτοις
873 4794 1168 4851 ἐθέλουσαν
1192 4795 1445 4861 ἕπεσθαι.

391 4886 465 4955 γ’.
498 4887 700 4941 Ποιεῖν
721 4886 946 4952 δίκαια,
972 4887 1073 4941 καὶ
1101 4887 1445 4955 ἀληθεύειν,
1477 4887 1704 4956 ἀρεστὰ
1748 4889 1913 4958 παρὰ

324 4976 449 5043 Θεῷ
480 4964 738 5047 μᾶλλον,
780 4980 819 5048 ἢ
853 4977 1083 5033 θυσιῶν
1110 4975 1276 5049 uasa.
1303 4979 1377 5032 Τὸ
1400 4978 1662 5050 πράττειν
1681 4980 1782 5044 τὰς
1812 4981 1909 5035 τοῦ

322 5068 460 5127 Θεοῦ
499 5071 743 5138 ἐντολὰς,
797 5071 893 5127 καὶ
919 5071 981 5125 τὸ
1028 5072 1335 5142 προσάγειν
1380 5069 1557 5145 τούτῳ
1617 5071 1910 5142 ὁμολογίαν

323 5160 524 5233 ἀληθῆ,
554 5163 827 5234 εὐάρεστά
855 5165 993 5216 εἰσιν
1019 5163 1169 5235 αὐτῷ
1199 5164 1340 5235 ὑπὲρ
1367 5162 1429 5216 τὸ
1460 5163 1704 5233 νομικῶς
1738 5181 1910 5236 προσ-

324 5257 591 5327 αγόμενον
616 5258 748 5328 παρ’
784 5256 1056 5312 Ἰουδαίων
1077 5252 1218 5327 αἷμα
1246 5255 1353 5310 τῶν
1377 5255 1597 5311 θυσιῶν⁹
1673 5258 1909 5329 ιῘΕλεον

222 5404 245 5416 ,
322 5348 453 5419 γὰρ,
486 5350 639 5421 φησὶ,
671 5350 828 5415 θέλω,
857 5350 951 5403 καὶ
968 5351 1030 5404 οὐ
1063 5350 1279 5405 θυσίαν,
1310 5369 1328 5402 ι

394 5519 457 5575 δ’.
484 5525 894 5593 Μεγαλόρρων
936 5525 1029 5593 ἐφ’
1085 5525 1267 5594 ὕϐρει,
1325 5525 1787 5597 θρασυκάρδιος.
1849 5527 1908 5580 '0

326 5611 468 5680 μέγα
501 5618 836 5688 κεκτημένος
860 5616 1137 5691 φρόνημα,
1171 5621 1230 5672 ὲν
1256 5619 1334 5690 τῷ
1361 5621 1638 5692 ὑπερορᾷν
1673 5620 1773 5692 μὲν
1797 5620 1907 5675 τῶν

396 5793 415 5822 ³
445 5793 606 5852 Osce.
640 5811 711 5861 vi,
739 5795 803 5861 6;
838 5795 1029 5849 Matth.
1064 5811 1161 5864 xu,
1192 5797 1239 5848 7.

2011 4596 2119 4647 tem
2176 4591 2559 4646 universorum
2605 4591 2891 4658 Dominus,
2938 4593 3231 4663 prudentia
3277 4603 3332 4650 et
3381 4596 3594 4652 ἀίξαι-ετ

2010 4685 2159 4745 tione
2203 4700 2419 4745 omnem
2465 4685 2705 4739 animam
2743 4685 2811 4742 iis
2847 4686 3078 4755 obsequi
3123 4687 3399 4745 volentem
3437 4701 3598 4761 parat

2011 4777 2078 4834 ad
2112 4791 2259 4834 recte
2290 4778 2691 4834 ambulandum
2726 4779 2781 4834 in
2816 4779 2901 4836 via
2934 4781 3178 4836 virtutis.

2081 4871 2248 4927 Vsus.
2293 4871 2347 4926 5.
2404 4870 2609 4926 Facere
2646 4872 2802 4943 justa
2847 4884 2898 4928 et
2947 4890 3186 4929 ueracem
3227 4891 3359 4944 esse,
3393 4876 3600 4946 placita

2011 4976 2134 5030 sunt
2170 4968 2310 5036 apud
2347 4967 2519 5022 Deum
2557 4969 2728 5040 magis
2773 4986 2935 5039 quam
2974 4970 3311 5029 victimarum
3356 4974 3592 5044 sanguis.

2013 5057 2267 5115 Mandata
2298 5059 2392 5115 Dei
2435 5061 2684 5131 implere,
2723 5060 2914 5132 illique
2954 5077 3139 5118 veram
3175 5062 3422 5132 proferre
3464 5080 3598 5119 con-

2013 5151 2349 5219 fessionem,
2405 5154 2580 5223 magis
2639 5153 2793 5225 apud.
2831 5169 2957 5211 eum
3010 5154 3209 5225 placita
3253 5162 3384 5211 sunt
3430 5171 3595 5225 quam

2012 5248 2361 5304 victimarum
2418 5250 2673 5318 legalium
2727 5250 2953 5320 sanguis
3003 5264 3032 5303 a
3090 5248 3295 5307 Judaeis
3349 5252 3593 5309 oblatus.

2010 5339 2154 5394 Dicit
2193 5341 2335 5396 enim
2375 5359 2388 5395 :
2426 5359 2443 5392 ι
2475 5341 2910 5398 Misericordiam
2952 5342 3099 5409 volo,
3132 5351 3188 5397 et
3228 5358 3336 5398 non
3377 5346 3593 5407 sacriti:

2011 5432 2157 5491 cium
2189 5434 2230 5486 ².
2272 5451 2291 5486 ι

2084 5524 2257 5582 Vens.
2302 5526 2356 5581 4.
2408 5525 2606 5596 Magna
2653 5527 2861 5597 sapiens
2910 5528 2964 5582 in
3007 5527 3366 5593 contumelia,
3416 5528 3599 5588 audax

2010 5619 2183 5675 corde.
2228 5619 2330 5687 Qui
2363 5635 2622 5693 maguum
2652 5620 2813 5677 habet
2842 5620 3087 5677 animum
3128 5619 3259 5675 dum
3296 5618 3423 5681 vilia
3467 5616 3600 5690 qui-
