3976 6394
559 348 698 413 ιιςιε
777 324 784 330 ’

1862 349 2217 413 pnocoru
2265 326 2508 418 eam

3645 366 3749 431 1426

556 458 673 516 Deo
705 478 949 532 manere,
984 479 1147 534 quam
1175 479 1300 520 cum
1335 465 1519 520 rixosa
1550 464 1868 520 Grrecorum
1921 465 2130 533 sapien.

2244 465 2354 518 τῶν
2384 466 2555 521 ὄντων
2588 467 2880 538 γινομένῳ,
2933 466 2965 534 ἧ
3009 466 3278 520 συνοικεῖν
3317 469 3381 537 τῇ
3414 470 3671 543 φιλονείκῳ
3698 486 3766 537 και

554 561 630 606 tua
660 568 783 622 qua:
813 555 1213 624 intempestivis
1267 556 1542 611 institutis
1588 556 1854 612 velociter
1892 556 1958 610 ad
1997 556 2135 609 iram

556 652 760 700 movet.

639 734 795 792 Vens.
837 737 926 793 20.
975 738 1276 793 Theseum:
1306 737 1672 794 desiderabilis
1698 740 1993 811 requiescet
2048 757 2139 795 su-

551 844 648 897 per
671 845 728 883 os
751 829 1029 899 sapientis.
1072 829 1474 887 Desiderabiles
1511 830 1900 904 mysteriorum
1933 830 2025 887 Dei
2057 832 2138 884 di-

553 920 701 975 vitia:
730 937 853 987 qiue
872 922 1293 976 absconduutur
1324 923 1377 976 in
1415 921 1548 987 Deo,
1580 924 1815 979 libenter
1842 933 2139 979 occurrent

554 1011 610 1064 in
642 1013 932 1066 doctrittali
977 1028 1235 1068 sermone
1271 1012 1394 1084 ejus
1433 1014 1531 1084 qui
1582 1015 1767 1070 divina
1829 1017 2133 1086 cognoscit.

551 1093 934 1168 indigentibus
973 1103 1042 1158 ab
1076 1103 1168 1158 illo
1213 1104 1469 1160 revelata;
1506 1104 1673 1159 etiam
1719 1105 1912 1175 inopes
1960 1105 2138 1161 ditare

552 1192 757 1250 valent.

622 1283 991 1352 Imprudentes
1033 1298 1213 1343 autem
1257 1288 1361 1342 viri
1405 1287 1733 1343 devoralmnt
1783 1288 1957 1343 illum.
2030 1287 2135 1354 Qui

549 1379 730 1427 autem
778 1373 1106 1443 insipienter
1136 1383 1547 1431 couversantur
1601 1377 1859 1447 praefatos
1912 1375 2138 1431 divitias

544 1480 674 1519 eum
705 1468 1020 1536 acceperint
1042 1484 1072 1522 a
1102 1476 1458 1538 praeceptore,
1481 1466 1769 1523 destruent
1792 1483 1861 1523 ne
1886 1467 2135 1539 aliquan-

546 1558 723 1610 tulum
753 1560 973 1628 quidem
1005 1574 1099 1614 eas
1132 1560 1394 1615 colendas
1424 1566 1708 1615 curantes.

618 1649 787 1706 Vens.
827 1650 918 1704 2i.
967 1651 1069 1706 Via
1113 1652 1345 1721 justitia:
1391 1661 1440 1706 et
1486 1650 1870 1708 misericordia:
1913 1650 2136 1704 inveniet

546 1740 710 1793 vitam
746 1749 797 1794 et
831 1741 1081 1811 gloriam.
1130 1740 1361 1796 ﬂectunt
1398 1740 1666 1810 judicium
1705 1749 1759 1795 et
1794 1741 1849 1794 in
1879 1741 2135 1801 homines

2244 555 2382 625 πρὸς
2411 556 2583 628 ὀργὴν
2616 555 2783 621 ὀξέως
2816 555 3043 625 κινούσῃ
3082 555 3204 618 ταῖς
3231 555 3476 627 ἀκαίροις
3506 561 3769 622 ἐνστάσεσιν

2256 647 2550 720 Ἑλληνικῇ
2583 649 2769 722 σοφίᾳ.

2312 745 2383 793 κ’.
2412 739 2731 810 Θησαυρύς
2752 739 3117 809 ἐπιθυμητὰς
3136 742 3542 797 ἀναπαύσεται
3558 745 3641 798 ἐπὶ
3664 750 3767 803 στό-

2234 845 2425 898 ματος
2457 830 2677 899 σοφοῦ.
2719 830 2779 885 '0
2807 829 2866 882 ὲν
2893 828 3013 899 Θεῷ
3031 830 3543 903 ἀποκεκρυμμένος,
3569 834 3771 905 alipi-

2241 938 2401 991 σμιος
2438 922 2671 983 πλοῦτος
2704 922 2815 975 τῶν
2852 921 3173 993 μυστηρίων
3207 921 3398 986 αὑτοῦ,
3443 924 3773 999 ἐμφιλοχωρή.

2241 1029 2326 1064 σει
2351 1012 2428 1082 τῷ
2454 1011 2823 1084 διδασκαλικῷ
2850 1012 2998 1084 λόγῳ
3021 1011 3117 1066 τοῦ
3154 1011 3224 1066 τά
3254 1014 3374 1067 θεῖα
3405 1014 3592 1081 σοφοῦ⁹
3617 1016 3676 1069 δι’
3702 1019 3774 1071 αὐ-

2238 1104 2332 1159 τοῦ
2378 1107 2492 1169 τοῖς
2537 1103 2846 1177 χρῄζουσιν
2892 1104 3437 1176 ἀνακαλυπτόμενος,
3487 1106 3576 1160 καὶ
3619 1109 3777 1175 ἐνδεεῖς

2238 1197 2423 1263 ὅντας,
2458 1198 2763 1263 πλουτίζων
2794 1197 3017 1261 αὐτούς.

2314 1291 2611 1361 Ἀφρονες
2636 1290 2705 1344 δὲ
2736 1290 2975 1358 ἄνδρες,
3027 1290 3422 1345 καταπίονται
3453 1291 3645 1344 αὐτόν.
3673 1293 3768 1345 Οίδ

2239 1381 2546 1451 ἀλογίστως
2578 1380 2824 1452 βιοῦντες
2855 1381 3156 1454 ἄνθρωποι,
3178 1381 3271 1435 τὸν
3289 1380 3574 1452 εἰρημένον
3595 1381 3777 1437 πλοῦτον

2240 1474 2392 1544 παρὰ
2434 1472 2530 1527 τοῦ
2558 1473 2882 1527 διδασκάλου
2925 1472 3236 1544 δεξάμενοι,
3282 1472 3603 1542 ἀφανίσουσι
3632 1472 3777 1527 τοῦτον

2242 1566 2367 1638 μηδ’
2393 1564 2645 1619 ὁπωσοῦν
2677 1566 2845 1619 αὐτὸν
2868 1564 3232 1637 βουληθέντες
3263 1564 3672 1636 ἐπεργάσασθαι.

2310 1662 2416 1710 κα’.
2460 1655 2639 1722 Ὁδὸς
2663 1656 3062 1724 δικαιοσύνης
3095 1656 3198 1709 καὶ
3218 1657 3630 1725 ὲλεημοσὺνης
3647 1659 3779 1727 εὑρή-

2240 1745 2639 1816 σειζωὴνεκαὶ
2679 1746 2890 1813 δόξαν.
2933 1747 3007 1800 Τὸ
3042 1750 3111 1802 τὰ
3155 1749 3458 1820 πράγματα
3492 1747 3679 1820 κρίνειν
3709 1751 3777 1818 ὀρ·

548 1833 929 1889 misericordia
966 1835 1088 1890 illos
1119 1829 1213 1905 qui
1248 1834 1580 1906 cogitatione
1606 1842 1661 1888 ct
1691 1844 1817 1889 actu
1851 1834 2128 1904 propriam

2241 1838 2374 1902 θῶς.
2420 1813 2601 1892 καὶτὸ
2636 1838 2775 1910 πρὸς
2810 1837 3137 1910 ἀνθρώπους
3161 1813 3469 1910 συμπαθῶς
3501 1813 3774 1907 διακεῖσθαι,

544 1924 715 1978 vitam
756 1925 837 1981 his
875 1926 1214 1983 conformem
1248 1927 1512 1991 efﬁciunt,
1545 1927 1752 1983 ducent
1781 1936 1837 1981 et
1867 1926 1933 1980 ad
1967 1928 2133 1982 vitam

544 2021 761 2067 mentes
795 2015 849 2068 in
884 2014 1112 2085 Spiritu,
1145 2016 1210 2070 ad
1238 2018 1423 2072 lumen
1457 2016 1674 2073 scilicet
1702 2016 1968 2082 scientiae,
1995 2023 2049 2071 et
2078 2017 2134 2071 in

543 2101 709 2158 vitam
746 2118 846 2174 per
872 2105 1015 2161 bona
1050 2121 1216 2178 opera
1244 2108 1449 2164 claram
1490 2108 1920 2181 gloriosamqne.

615 2278 785 2336 Vens.
815 2282 905 2338 29..
939 2281 1193 2341 Civitates
1227 2287 1464 2342 munitas
1496 2287 1768 2359 ingressus
1798 2297 1875 2342 est
1898 2288 2132 2355 sapiens,

543 2372 773 2429 Animas
818 2376 1063 2433 munitas
1120 2378 1333 2448 ﬁdeque
1373 2379 1426 2432 in
1476 2379 1648 2432 Deum
1686 2378 2008 2443 custoditas,
2038 2378 2134 2435 Dei

541 2458 794 2523 verbum,
830 2463 1237 2531 sapientissime
1275 2465 1398 2534 ejus
1435 2465 1782 2536 providentia
1812 2481 1875 2521 ac
1902 2466 2134 2537 judicio,

539 2560 625 2604 est
667 2551 1010 2618 ingressum,
1044 2555 1168 2611 illas
1217 2554 1348 2612 huic
1391 2556 1557 2612 verbo
1602 2556 1911 2628 subjiciens
1955 2572 2028 2613 ne
2080 2557 2134 2613 in

542 2640 842 2696 Stultitiam
873 2642 1255 2701 deﬂectantur.

614 2730 684 2785 Et
712 2731 879 2788 diruit
919 2737 1267 2793 munitionem
1308 2738 1499 2809 inqua
1529 2740 1721 2810 conﬁsi
1763 2749 1917 2800 erant
1964 2742 2135 2811 impii.

541 2822 609 2877 Et
650 2824 878 2880 sustulit
921 2825 992 2880 ah
1026 2827 1107 2883 eis
1157 2830 1438 2884 carnalem
1487 2832 1876 2902 cogitationem
1926 2833 1979 2885 in
2027 2848 2135 2902 qua

544 2915 769 2970 malitia:
820 2917 1054 2987 spiritus
1105 2918 1276 2976 Deum
1320 2937 1429 2976 non
1478 2930 1836 2990 reverentes,
1885 2925 2033 2979 velut
2080 2926 2135 2980 in

542 3007 833 3076 pravitatis
880 3008 1121 3079 quodam
1169 3012 1513 3069 munimento
1572 3028 1793 3069 omnem
1861 3014 2137 3071 habebant

542 3099 865 3160 audaciam.
901 3101 972 3156 ob
1015 3103 1200 3158 carnis
1241 3103 1600 3161 indolentiam
1647 3106 1887 3162 animam
1927 3106 2136 3164 doloris

543 3186 918 3255 impatientem
956 3195 1303 3250 sednccntes.

621 3278 783 3336 Vens.
810 3282 900 3338 25.
937 3282 1045 3348 Qui
1078 3287 1312 3342 custodit
1345 3282 1403 3343 es
1429 3305 1584 3344 suum
1616 3300 1666 3346 et
1696 3291 1964 3363 linguam,
2009 3309 2132 3349 cus-

543 3370 678 3425 todit
719 3389 753 3426 a
802 3374 1152 3433 tribulatione
1198 3381 1436 3434 animam
1478 3400 1652 3444 suam,
1697 3384 1801 3451 Qui
1862 3386 1915 3440 in
1947 3386 2130 3443 verbis

540 3465 835 3522 continens
859 3474 965 3533 est,
997 3478 1157 3524 caute
1182 3486 1351 3541 pauca
1376 3472 1857 3543 dicens,-custodit
1886 3477 2126 3533 animam

541 3571 697 3612 suam
737 3559 1035 3614 immunem
1076 3565 1334 3620 maeroris
1359 3580 1427 3621 ex
1465 3577 1667 3624 temere
1700 3567 1970 3625 dictorum
2010 3583 2129 3640 pte-

541 3648 778 3705 nitentia

616 3848 781 3907 Vsns.
806 3851 897 3909 ει.
932 3854 1128 3909 Audax
1152 3862 1204 3911 et
1248 3873 1507 3927 arrogans
1569 3867 1621 3914 et
1671 3868 2000 3930 ostentator,
2034 3878 2128 3934 pe-

541 3942 728 3997 stilens
758 3953 996 4002 vocatur.
1031 3944 1134 4013 Qui
1164 3946 1320 4003 fratri
1363 3964 1471 4004 non
1529 3953 1731 4020 parcit,
1791 3953 1886 4009 sed
1967 3954 2123 4010 illum

544 4034 702 4104 punit
732 4036 853 4092 sine
883 4036 1286 4107 misericordia,
1326 4048 1382 4096 et
1403 4050 1717 4113 contempta
1746 4044 1883 4116 legis
1921 4047 2127 4104 divina:

543 4127 907 4196 prohibitione
934 4129 1085 4184 illum
1112 4133 1399 4190 detrahere
1453 4135 1639 4201 audet,
1671 4149 1863 4192 contra
1896 4138 2123 4196 fratrem

541 4216 836 4291 insurgens
882 4235 1119 4290 eumque
1148 4225 1302 4292 parvi
1358 4223 1590 4291 iaciens,
1628 4228 1926 4297 pertlitoris
1954 4232 2123 4287 sorti-

540 4319 634 4365 tur
663 4325 860 4367 nomen
887 4320 1076 4383 utpote
1091 4314 1184 4385 qui
1214 4314 1403 4381 verbo,
1421 4331 1605 4388 opere,
1630 4318 1908 4391 animique
1923 4322 2120 4379 atl‘ectu

541 4404 848 4472 proximum
874 4405 1070 4462 laedere
1086 4417 1342 4462 conatur.

612 4599 715 4666 Qui
747 4612 923 4659 autem
958 4604 1286 4676 injuriarum
1316 4624 1515 4665 memor
1567 4620 1667 4679 est,
1722 4613 1958 4685 iniquus.
2016 4617 2122 4683 Qui

537 4701 724 4749 autem
758 4711 966 4752 memor
990 4702 1352 4757 estmteroris
1402 4719 1513 4774 quo
1545 4705 1615 4760 ab
1662 4706 1847 4776 aliquo
1886 4718 1966 4763 est
1990 4707 2123 4763 εσθ-

534 4793 687 4849 ctus,
755 4800 935 4857 neque
976 4789 1033 4844 in
1092 4791 1247 4845 illum
1299 4808 1495 4862 puram
1555 4807 1741 4854 servat
1795 4798 2122 4866 amicitiam,

532 4879 794 4946 quamvis
821 4879 1034 4934 nullum
1063 4881 1111 4936 ei
1148 4882 1342 4937 afferat
1384 4886 1672 4952 damnum,
1712 4890 2126 4961 transgreditur

537 4968 633 5024 Dei
671 4970 991 5027 mandatum
1021 4988 1133 5043 quo
1172 4975 1487 5046 proximum
1523 4994 1683 5035 suum
1719 4982 2123 5055 sicutseipsum

532 5058 1026 5131 diligerejubetur.

608 5170 774 5228 Vens.
810 5173 904 5230 25.
933 5174 1212 5234 Desideria
1241 5178 1491 5235 occidunt
1512 5183 1742 5254 pigrum.
1765 5182 2125 5244 lrrationales

532 5264 876 5320 sensualium
940 5268 1282 5340 voluptatum
1332 5267 1611 5343 appetitus
1668 5277 2008 5347 negligentis
2067 5281 2121 5335 in
2168 5260 2207 5298 "

532 5350 901 5424 adimplendis
929 5356 1024 5414 Dei
1046 5361 1319 5418 mandatis
1334 5364 1594 5420 occidunt
1618 5366 1882 5422 animam.

612 5549 739 5607 Non
765 5554 905 5609 enim
925 5557 1123 5628 eligunt
1146 5577 1335 5615 utanus
1390 5562 1504 5632 ejus
1559 5564 1849 5635 quidquam
1889 5566 2122 5635 operari.

539 5642 751 5698 Animae
768 5643 931 5715 hujus
952 5651 1211 5717 practicm
1235 5653 1511 5721 potentiae,
1537 5654 1875 5711 vanitatibus
1898 5654 2120 5723 deditae,

443 5730 448 5735 ’
544 5742 650 5789 non
687 5737 894 5807 eligunt
924 5740 1054 5808 quid
1106 5742 1230 5797 boni
1289 5748 1539 5815 operari:
1598 5757 1886 5817 propterea
1933 5749 2116 5806 auium

2236 1928 2355 1996 ἄξει
2381 1930 2525 1984 κατά
2548 1929 2781 2001 θεωρίαν
2800 1930 2896 1984 καὶ
2937 1930 3137 2001 πρᾶξιν
3163 1930 3265 1991 τὸν
3303 1930 3451 1984 οὕτω
3489 1931 3584 1998 τὴν
3619 1933 3777 1985 οἰκείαν

2235 2018 2382 2089 ζωὴν
2412 2019 2754 2089 διεξάγοντα,
2807 2019 2890 2086 εἰς
2922 2038 2984 2073 τε
3014 2020 3113 2091 τὴν
3140 2022 3197 2077 ὲν
3229 2020 3516 2090 Πνεύματι
3545 2018 3677 2090 ζωὴν
3706 2023 3775 2076 τοῦ

2236 2110 2352 2175 νοῦ,
2382 2110 2475 2164 τὸν
2504 2104 2608 2179 τῆς
2643 2110 2903 2180 γνώσεως
2934 2112 3241 2183 φωτισμὸν,
3273 2114 3368 2166 καὶ
3399 2113 3481 2176 είς
3515 2113 3570 2165 τὸ
3594 2112 3675 2166 τοῦ
3688 2112 3777 2183 βίον

2235 2203 2302 2257 δι’
2337 2204 2698 2275 ἀγαθοεργίας
2732 2204 2984 2275 λαμπρὴν
3016 2203 3111 2257 καὶ
3134 2203 3404 2271 ἐπίδοξον.
3489 2244 3493 2247 Α

2308 2292 2412 2364 κβ’.
2446 2294 2665 2360 Πόλεις
2701 2294 2926 2363 ὀχυρὰς
2955 2293 3139 2360 ἐπέϐη
3173 2294 3393 2361 σοφός.
3449 2293 3569 2348 Ἐπὶ
3594 2293 3682 2358 τὰς
3709 2311 3777 2348 τεο

2238 2384 2653 2455 θεμελιωμένας
2711 2385 2809 2438 καλ¹
2860 2383 3395 2455 κατησφαλισμένας
3437 2386 3505 2456 τῇ
3561 2384 3634 2447 είς
3676 2383 3779 2439 Θιδν

2238 2476 2421 2530 πίστει
2450 2476 2651 2546 ψυχὰς,
2681 2477 2709 2529 ὀ
2734 2474 2830 2528 τοῦ
2859 2473 2997 2528 Θεοῦ
3026 2474 3209 2542 λόγος,
3243 2476 3310 2544 τῇ
3346 2475 3622 2546 σοφωτάτῃ
3646 2471 3778 2527 αὐτοῦ

2237 2567 2468 2640 προνοίᾳ
2492 2568 2589 2622 καὶ
2618 2567 2820 2639 κρίσει,
2851 2566 3081 2637 ἀνῆλθεο
3110 2565 3502 2632 καθυποτάξας
3521 2563 3657 2637 αὑτῷ
3675 2563 3779 2619 tati-

2234 2676 2359 2723 τας,
2395 2657 2538 2711 ὥστε
2570 2656 2644 2728 μὴ
2674 2658 2754 2721 είς
2778 2658 3004 2725 ἀλογίαν
3030 2656 3354 2728 τρέπεσθαι.

2309 2749 2419 2802 Καὶ
2444 2746 2685 2801 καθεῖλε
2711 2747 2780 2800 τὸ
2802 2747 3101 2815 ὀχύρωμα,
3129 2746 3222 2815 ἐφ’
3245 2739 3296 2814 ᾦ
3317 2746 3720 2803 ἐπεποίθεισαν
3736 2752 3778 2805 οι

2236 2835 2497 2900 ἀσεϐεῖς.
2529 2836 2639 2889 Καὶ
2663 2834 2939 2906 περιεῖλεν
2960 2833 3019 2898 ἐξ
3046 2833 3227 2887 αὐτῶν
3254 2833 3316 2887 τὸ
3338 2835 3440 2904 τῆς
3469 2835 3655 2904 σαρκὸς
3672 2839 3777 2906 φρό-

2235 2944 2387 2999 νημα
2408 2927 2494 2994 ἐφ’
2523 2917 2569 2994 ᾧ
2598 2925 2670 2979 τά
2700 2925 2777 2996 μὴ
2803 2924 3053 2994 τιμῶντα
3078 2923 3213 2978 Θεὸν
3238 2923 3341 2995 τῆς
3370 2925 3626 2995 πονηρίας
3653 2924 3778 2978 meti.

2240 3035 2408 3090 ματα.
2444 3016 2522 3081 ὥς
2546 3034 2655 3071 τινι
2689 3016 2891 3079 κακίας
2932 3014 3284 3086 ὀχυρώματι,
3332 3015 3398 3068 ab
3433 3014 3575 3070 ἅπαν
3613 3015 3779 3085 eapse;

2235 3110 2536 3181 ἐκέκτηντο
2563 3109 2653 3164 διὰ
2680 3109 2779 3179 τὴν
2806 3108 3078 3163 ἀπάθειαν
3107 3107 3209 3178 τῆς
3249 3106 3478 3178 σαρκὸς,
3510 3106 3603 3177 τὴν
3634 3104 3777 3175 ψυχὴν

2239 3204 2495 3260 πείθοντα
2522 3202 2799 3275 δυσπαθῆ.

2306 3302 2413 3365 κγ’.
2448 3297 2546 3361 Ὃς
2599 3292 2913 3365 φυλάσσει
2962 3292 3030 3347 τὸ
3079 3293 3278 3363 στόμα
3333 3288 3524 3346 αὐτοῦ
3565 3287 3651 3343 καί
3689 3286 3779 3358 τὴν

2232 3385 2546 3458 γλῶσσαν,
2576 3385 2844 3454 διατηρεῖ
2856 3385 2926 3439 ἐκ
2947 3385 3215 3453 θλίψεως
3230 3383 3348 3453 τὴν
3376 3381 3589 3453 ψυχὴν
3606 3378 3775 3435 αὑτοῦ.

2243 3479 2303 3534 '0
2349 3480 2408 3532 ὲν
2444 3479 2628 3548 λόγοις
2671 3477 3185 3549 ἐγκρατευόμενος,
3250 3474 3393 3547 μετά
3446 3472 3775 3546 περισκέψεως

2233 3570 2441 3644 βραχέα
2470 3569 2868 3641 φθεγγόμενος.
2903 3566 3171 3636 φυλάσσει
3210 3565 3310 3637 τὴν
3350 3564 3490 3619 ιδιαν
3516 3564 3679 3636 ψυχὴν
3702 3560 3776 3628 τῆς

2232 3664 2299 3717 ὲκ
2347 3660 2714 3733 μεταμελείας
2759 3659 2870 3714 τῶν
2917 3660 2995 3724 ὡς
3044 3657 3205 3729 ἔτυχε
3264 3656 3597 3728 λεγομένων,
3635 3652 3774 3721 λύπης

2232 3754 2537 3824 ἀνέπαφον.

2298 3864 2398 3922 κδ’.
2440 3866 2679 3937 Θρασὺς
2715 3866 2817 3921 καὶ
2861 3863 3134 3932 αὐθάδης
3165 3861 3265 3917 καί
3312 3859 3566 3927 ἀλαζών,
3606 3855 3774 3926 λοιμὸς

2228 3955 2518 4011 καλεῖται.
2558 3955 2617 4010 Ὁ
2651 3954 2744 4009 τοῦ
2780 3954 3016 4023 ἀδελφοῦ
3049 3953 3125 4025 μὴ
3184 3952 3503 4023 φειδόμενος
3525 3991 3540 4013 ,
3578 3949 3679 4004 ἀλλ’
3702 3950 3777 4001 ἐιν⁸

2227 4047 2403 4118 ηλεῶς
2433 4046 2597 4101 αὐτὸν
2615 4045 2897 4119 τιμωρῶν,
2918 4045 3015 4099 καὶ
3037 4045 3216 4114 λέγειν
3235 4044 3355 4097 κατ’
3375 4042 3543 4097 αὑτοῦ
3561 4039 3775 4095 αὐθαδιαο

2227 4138 2476 4211 ἱζόμενος,
2499 4139 2601 4193 κᾶν
2628 4139 2735 4193 ὑπὸ
2750 4138 2918 4208 νόμου
2949 4138 3094 4192 θείου
3130 4135 3269 4208 πρὸς
3302 4135 3463 4191 τοῦτο
3494 4132 3774 4192 κεκώλυται,

2227 4232 2321 4285 καὶ
2345 4231 2439 4284 τοῦ
2468 4229 2745 4300 ὁμοφυοῦς
2778 4228 3275 4299 κατεπαιρόμενος,
3302 4227 3400 4282 καὶ
3430 4222 3775 4286 κατευτελίζων

2225 4323 2411 4387 αὐτὸν,
2443 4322 2682 4393 φθορεὺς
2715 4321 3073 4393 ὀνομάζεται,
3122 4322 3200 4384 ὡς
3228 4320 3378 4392 ἔργῳ
3424 4319 3520 4374 καὶ
3546 4318 3677 4386 λόγῳ
3704 4312 3776 4367 καὶ

2223 4416 2403 4488 ψυχῆς
2428 4415 2691 4480 διαθέσει,
2725 4416 2821 4469 τὸν
2848 4415 3077 4486 πλησίον
3118 4413 3285 4469 αὐτοῦ
3316 4413 3580 4483 βλάπτειν
3609 4412 3774 4478 ἐπιχει-

2150 4500 2207 4563 Ῑ)
2236 4509 2364 4579 ρῶν.

2299 4623 2403 4687 Ὃς
2436 4619 2506 4674 δὲ
2537 4618 2927 4690 μνησικακεῖ,
2968 4618 3340 4690 παράνομος.
3388 4620 3488 4682 Ὃς
3524 4616 3578 4670 δὲ
3603 4625 3770 4685 μνημο-

2223 4713 2370 4767 νεύει
2406 4711 2502 4766 τοῦ
2535 4711 2688 4783 παρά
2720 4728 2867 4776 τινος
2895 4710 3211 4780 συμόἀντος
3246 4709 3397 4782 αὑτῷ
3430 4706 3681 4778 λυπηροῦ,
3705 4702 3773 4755 καὶ

2228 4805 2305 4877 μὴ
2345 4807 2507 4877 τηρεῖ
2533 4805 2756 4875 ἀγάπην
2789 4803 2929 4876 πρὸς
2971 4802 3141 4857 αὐτὸν
3177 4801 3454 4874 καθαρὰν,
3490 4795 3769 4870 παρασαίνει

2226 4897 2322 4950 τὸν
2365 4895 2818 4967 διακελευόμενον
2861 4888 3319 4965 νόμον,ιάγαπᾷν
3352 4893 3444 4947 τὸν
3475 4890 3685 4963 πλησίον
3718 4885 3772 4944 ὡς

2227 4989 2444 5052 ἑαυτὸν,
2474 4991 2523 5042 εί
2544 4987 2639 5042 καὶ
2665 4987 2742 5060 μὴ
2762 4987 2971 5060 βλάϐην
3000 4986 3175 5059 τούτῳ
3204 4987 3404 5056 ἐπάγει
3426 4984 3570 5040 τινά.

2296 5196 2394 5244 κε’.
2442 5172 2780 5261 Ἐπιθίυμίαι
2806 5190 3073 5260 ὀκνηρὸν
3100 5189 3584 5244 ἀποκτείνουσιν.
3610 5183 3666 5238 Ai
3690 5196 3771 5232 πα-

2229 5282 2447 5354 ράλογοι
2472 5283 2584 5338 τῶν
2626 5285 2748 5337 κατ’
2777 5283 3031 5355 αἴσθησιν
3061 5283 3238 5356 ἡδέων
3266 5281 3500 5352 ὀρέξεις,
3534 5272 3773 5352 τὸνβᾴθν·

2228 5390 2330 5444 μον
2382 5375 2522 5445 πρὸς
2563 5374 2661 5447 τὴν
2686 5375 2796 5429 τῶν
2832 5376 2998 5431 θείων
3044 5375 3278 5431 ἐντολῶν
3307 5371 3587 5446 ἐργασίαν,
3617 5363 3773 5435 νεκρδν

2225 5464 2554 5519 ἀποτελοῦσι
2590 5465 2731 5519 κατά
2767 5465 2971 5539 ψυχήν.

2299 5577 2382 5630 Οὐ
2417 5577 2524 5645 γὰρ
2552 5577 2981 5647 προαιροῦνται
3009 5580 3067 5632 αἱ
3092 5575 3286 5646 χεῖρες
3308 5572 3492 5629 αὐτοῦ
3519 5567 3693 5625 ποιεῖν
3717 5581 3771 5617 τι.

2228 5668 2294 5720 ΛΞ
2326 5668 2434 5739 γὰρ
2472 5668 2569 5737 τῆς
2606 5667 2801 5722 τούτου
2845 5669 3026 5740 φυλῆς
3066 5666 3366 5738 πρακτικαὶ
3407 5662 3672 5732 δυνάμεις,
3706 5653 3772 5708 διὶ

2228 5754 2287 5809 τὸ
2333 5759 2444 5821 τοῖς
2492 5757 2743 5827 ματαίοις
2797 5757 3246 5829 ἀπασχολεῖτθαι,
3280 5755 3380 5810 οὐκ
3410 5743 3768 5826 ἐργάζονταίτι
