3976 6428
508 342 645 410 1443

1802 322 2163 392 PROCOPII
2203 320 2448 387 GALEI

3632 323 3744 395 liii

574 454 747 513 Vens.
770 451 860 508 12.
902 450 1057 506 Oculi
1095 447 1309 505 Domini
1360 444 1673 501 custodiunt
1713 458 1947 498 sensum.
1978 439 2090 496 ita-

2266 438 2355 511 ιβ⁹.
2409 434 2727 507 Ὁφθαλμοι
2772 436 2997 507 Κυρίου
3035 431 3432 506 διατηροῦσιν
3465 440 3744 511 αἴσθησιν.

504 549 688 605 tiones
716 553 897 600 autem
935 556 1145 606 rerum,
1167 539 1373 609 quibus
1419 536 1578 607 quasi
1604 532 1937 606 quibusdam
1969 545 2103 587 oeu-

505 640 577 695 lis
616 639 733 708 ipse
759 636 1143 691 universorum
1179 629 1446 684 Dominus
1498 633 1700 681 cuncta
1740 624 1956 686 videns,
2017 636 2103 676 co-

507 744 784 797 gnoscens
809 741 872 782 ea
904 732 1198 793 antequam
1234 722 1365 774 (iant
1387 735 1453 775 ex
1476 716 1770 795 .sapientia
1808 729 1905 785 per
1935 727 2101 783 quam

507 833 566 877 et
627 822 680 875 in
721 832 829 890 qua
856 815 1039 870 omnia
1078 812 1229 877 fecit,
1269 809 1417 865 sicut
1449 807 1591 862 radii
1644 803 1870 890 quidam
1954 800 2102 857 Solis

504 908 744 980 justitite
777 946 793 970 ,
851 901 1211 974 speculalivis
1238 900 1436 954 anima:
1475 895 1736 968 potentiis
1792 893 2106 950 concedunt

510 1004 571 1047 ut
593 992 918 1048 exsisteutia
953 990 1101 1044 sicut
1134 1002 1263 1042 vere
1298 1002 1360 1041 se
1397 986 1600 1039 habent
1634 983 1954 1054 inspiciant,
1976 981 2096 1051 ipsa

510 1085 693 1132 autem
728 1075 1049 1132 exsistentia
1111 1080 1174 1127 ut
1232 1068 1503 1125 continuo
1555 1069 1636 1124 sic
1691 1068 2106 1138 conspiciantur

513 1170 762 1236 faciunt,
793 1167 1154 1235 veritatisque
1181 1163 1473 1220 scientiam
1504 1177 1612 1216 non
1678 1160 1733 1215 in
1783 1157 2104 1231 apparentia

510 1261 817 1317 visibilium
845 1256 1154 1314 secundum
1190 1270 1415 1311 sensum
1447 1259 1683 1325 ponunt.

584 1350 838 1406 Rationes
884 1357 1062 1402 autem
1116 1344 1392 1413 vitipendit
1434 1343 1669 1412 iniquus.
1718 1338 2106 1396 Calumniatur

513 1449 695 1497 autem
728 1436 1233 1499 Providentitejvias
1266 1433 1361 1489 Dei
1385 1433 1772 1488 mandatorum
1794 1438 2105 1499 transgres-

512 1550 628 1600 sor,
661 1532 779 1603 qui,
803 1532 934 1585 dum
974 1529 1197 1601 quidem
1219 1542 1248 1579 a
1284 1525 1664 1596 voluptatibus
1711 1538 1834 1579 sese
1864 1537 1976 1576 non
2009 1521 2105 1576 ab-

512 1629 699 1689 stinel,
734 1625 922 1697 gravia
967 1631 1023 1676 et
1074 1619 1448 1690 importabilia
1504 1617 1640 1673 dicit
1689 1617 1781 1670 illa
1842 1612 2103 1670 salutaria

514 1720 825 1785 mandata;
880 1714 1103 1786 quando
1170 1720 1349 1764 autem
1400 1708 1633 1764 molesta
1683 1708 1958 1762 sustinere
1996 1718 2103 1758 non

2204 530 2269 585 Oi
2289 529 2347 583 δὲ
2378 529 2529 598 λόγοι
2551 528 2660 582 τῶν
2693 526 2884 590 ὄντων,
2910 523 2992 593 οἷς
3023 528 3100 593 ὥς
3123 546 3268 584 τισιν
3295 529 3590 603 ὀφθαλμοῖς
3615 536 3749 603 αὖτις

2203 620 2232 676 6
2265 619 2358 674 τοῦ
2410 614 2611 683 παντὸς
2660 619 2937 690 Δεσπότης
2991 621 3059 674 τὰ
3107 620 3287 675 πάντα
3338 621 3465 693 ὁρᾷ,
3505 622 3751 690 γινώσκων

2202 711 2378 765 ταῦτα
2411 711 2539 784 πρὶν
2565 712 2835 779 γενέσεως
2880 711 3094 776 αὐτῶν,
3124 712 3191 767 ἐκ
3242 713 3343 784 τῆς
3396 714 3584 785 σοφίας
3613 717 3750 772 αὑτοῦ

2203 803 2271 856 δι’
2312 798 2380 875 ἧς
2414 804 2511 857 καὶ
2543 804 2602 856 ἐν
2687 802 2756 857 τὰ
2779 803 2957 858 πάντα
2990 802 3271 873 ἐποίησεν,
3295 799 3388 860 οἷά
3406 822 3550 869 τινες
3570 807 3753 876 ἀκτῖνες

2204 892 2372 947 αὐτοῦ
2389 891 2483 945 τοῦ
2501 893 2602 961 τῆς
2628 890 2977 961 δικαιοσύνης
3007 890 3217 955 Ἡλίου,
3232 894 3357 955 ταῖς
3378 890 3482 963 μὲν
3499 889 3755 964 θεωρικοῖς

2202 980 2306 1054 τῆς
2342 982 2524 1053 ψυχῆς
2549 982 2818 1053 δυνάμεσι
2858 982 2919 1037 τὸ
2941 983 3009 1038 τὰ
3037 981 3167 1037 ὅντα
3195 984 3331 1055 ὁρᾷν
3364 982 3444 1048 ὡς
3470 983 3660 1055 ’ἔχουσι
3678 986 3758 1055 φύε

2206 1090 2345 1137 σεως
2368 1087 2383 1101 ⁸
2412 1073 2600 1136 αὐτοῖς
2624 1069 2683 1126 δὲ
2715 1074 2831 1138 τοῖς
2879 1066 3001 1126 οὖσι
3030 1072 3092 1127 τὺ
3119 1071 3292 1138 οὕτως
3336 1072 3569 1145 ὁρᾶσθαι
3593 1074 3758 1146 διαφυ-

2203 1163 2478 1227 λάττουσι,
2503 1162 2599 1216 καὶ
2630 1163 2706 1236 μὴ
2746 1163 2869 1218 κατ’
2901 1163 3159 1235 αἴσθησιν
3195 1167 3261 1235 τῇ
3286 1165 3400 1219 τῶν
3427 1164 3636 1237 ὁρατῶν
3664 1168 3763 1222 ἐπι-

2205 1254 2406 1327 φανείᾳ
2431 1255 2836 1326 ἐναπμένουσι
2860 1256 2963 1326 τὴν
2989 1256 3193 1325 γνῶσιν
3218 1254 3322 1326 τῆς
3349 1256 3627 1328 ἀληθείας.

2276 1346 2554 1409 Φαυλίζει
2608 1346 2680 1400 δὲ
2709 1348 2938 1417 λόγους
2982 1345 3357 1418 παράνομος,
3408 1348 3684 1405 Διαὸάλλει
3719 1352 3761 1407 δὲ

2205 1441 2334 1504 τοὺς
2372 1441 2474 1512 τῆς
2503 1440 2769 1512 Προνοίας
2809 1438 3004 1508 λόγους
3040 1442 3073 1494 6'
3112 1440 3211 1505 τὰς
3254 1441 3354 1495 τοῦ
3401 1441 3538 1496 Θεοῦ
3578 1442 3762 1508 ἐντολὰς

2202 1532 2587 1604 ,παρασαίνωιδ
2625 1533 2830 1587 ὁπόταν
2868 1531 2969 1603 μὲν
2999 1531 3109 1585 τῶν
3138 1518 3312 1605 ἡδέων
3350 1534 3428 1606 μὴ
3461 1536 3762 1608 ἐγκρατεύηο

2205 1642 2319 1691 ται,
2352 1622 2579 1697 βαρείας
2607 1625 2702 1680 καὶ
2731 1621 3210 1696 δυσκατορθώτους
3241 1625 3540 1680 ἀποκαλῶν
3568 1627 3657 1692 τὰς

2205 1715 2492 1786 τηριώδεις
2520 1715 2615 1770 τοῦ
2640 1715 2777 1770 Θεοῦ
2817 1715 3040 1779 ἐντολάς
3063 1731 3078 1745 ·
3124 1715 3223 1770 καὶ⁸
3266 1716 3371 1787 οὐχ
3412 1715 3626 1784 ἐαυτὸν,
3655 1718 3762 1774 ἀλλὰ

514 1823 716 1885 petest,
746 1783 1025 1880 seinj'uste
1059 1803 1167 1877 pati
1199 1801 1351 1867 dicit,
1373 1816 1483 1856 non
1510 1801 1783 1872 seipsum,
1804 1798 1898 1854 sed
1931 1796 2102 1854 Deum

2213 1783 2341 1865 Θεδν
2377 1807 2728 1881 αἰτιώμενος.

517 1918 813 1959 accusans.

588 1994 753 2049 Vens.
788 1994 876 2049 15.
902 1990 1315 2047 Excusationem
1347 1987 1593 2057 σῇσι-ηπ
1628 1983 1758 2038 dicit
1786 1983 1975 2054 piger:
2000 1980 2106 2037 Leo

514 2087 577 2141 in
608 2086 726 2140 viis.
762 2084 868 2151 Qui
900 2082 1185 2154 negligens
1214 2089 1300 2136 est
1354 2079 1425 2145 ad
1475 2076 1851 2146 Operationem
1920 2081 1976 2128 et
2030 2074 2106 2128 ad

518 2172 963 2233 meditationem,
994 2169 1392 2225 excusationes
1421 2176 1688 2220 causatur
1720 2164 1915 2218 dicens
1948 2179 1962 2215 :
1999 2161 2109 2216 lm-

517 2262 668 2333 pedit
712 2261 966 2315 ardorem
1020 2274 1203 2314 meum
1248 2257 1315 2311 ad
1363 2255 1621 2310 mandata
1682 2250 1776 2307 Dei
1833 2252 2109 2323 implenda

520 2354 716 2418 Satau,
753 2353 820 2405 iis
847 2351 1214 2418 adversando,
1239 2358 1296 2405 et
1322 2348 1465 2404 sicut
1489 2348 1575 2401 leo
1591 2360 1846 2417 quarens
1868 2344 2111 2413 animam

518 2459 695 2499 meam
723 2457 935 2513 rapere.

498 2570 503 2573 -
594 2537 661 2592 Et
686 2535 739 2589 in
763 2535 952 2604 plateis
981 2534 1189 2588 sicarii.
1234 2531 1299 2585 Et
1350 2533 1404 2586 in
1429 2530 1723 2586 latitudine
1758 2527 2111 2598 eorruptrice

522 2630 796 2686 naturalis
831 2627 1132 2684 visibilium
1167 2624 1680 2700 contemplationis,
1709 2622 1859 2693 pravi
1879 2610 2111 2692 spiritus

522 2722 923 2777 latrocinantes
943 2717 1278 2774 ea'tueutem
1305 2732 1481 2771 meam
1512 2715 1847 2769 interimere
1899 2726 2112 2764 conan-

522 2822 637 2877 tur,
668 2827 764 2883 per
807 2824 1071 2867 sensuum
1104 2821 1350 2863 errorem
1376 2805 1445 2860 ad
1476 2802 1806 2876 ignorantia:
1857 2800 2113 2856 tenebras

521 2906 672 2960 illam
704 2906 1013 2969 trahentes.

597 3079 768 3136 Vens.
839 3077 926 3133 M.
963 3073 1139 3130 Fovea
1162 3070 1454 3144 profunda,
1510 3086 1570 3126 os
1602 3071 1793 3141 iniqui.
1863 3066 2110 3123 Consilia
2144 3112 2195 3144 ﬂ,

2140 3127 2187 3187 C

525 3170 818 3234 daemonis,
852 3167 946 3237 qui
974 3165 1078 3220 line
1107 3180 1217 3235 quo
1243 3171 1464 3218 creatus
1496 3170 1581 3217 est
1619 3160 1826 3215 excidit
1857 3173 1912 3215 et
1938 3174 1967 3212 a
2003 3157 2113 3212 Deo

524 3262 752 3326 defecit,
815 3261 986 3314 fovete
1036 3255 1489 3328 profundissimze
1536 3254 1739 3310 similia
1796 3259 1949 3309 sunt.
2009 3250 2113 3319 Qui

526 3352 751 3408 caditin
771 3366 856 3416 ea,
890 3350 945 3404 iu
966 3354 1107 3406 viam
1141 3346 1364 3403 virtutis
1381 3360 1495 3400 non
1520 3354 1725 3400 curret.

601 3615 703 3672 Cui
722 3615 894 3669 iratus
952 3621 1030 3667 est
1079 3609 1357 3675 Dominus,
1396 3607 1594 3663 incidet
1622 3608 1681 3663 in
1728 3625 1867 3664 eam.
1915 3607 2118 3664 Incidit

530 3718 716 3764 autem
744 3708 797 3761 iu
829 3720 893 3761 ea
924 3705 1017 3759 ille
1052 3718 1219 3774 quem
1249 3701 1397 3758 Deus
1441 3703 1698 3772 repellit,
1732 3708 1922 3772 utpote
1964 3715 2118 3755 man-

532 3801 679 3857 datis
704 3801 826 3869 ejus
888 3796 1169 3853 contraria
1237 3805 1675 3865 praeponentem.
1746 3795 1891 3849 Siuit
1962 3794 2116 3848 illum

535 3893 682 3946 Deus
711 3897 910 3958 suapte
942 3895 1093 3940 motu
1118 3886 1173 3939 in
1206 3884 1419 3938 foveant
1457 3885 1669 3954 peccati
1718 3885 1919 3938 cadere
1935 3884 2118 3953 etipsa

533 3983 751 4037 discere
779 3975 1121 4047 experientia
1148 3984 1419 4045 quantum
1464 3976 1538 4028 sit
1597 3976 1803 4029 malum
1868 3973 2120 4029 dillidere

538 4073 651 4128 Deo
698 4085 882 4126 rerum
924 4069 1172 4123 omnium
1224 4067 1594 4137 gubernatore
1624 4074 1679 4121 et
1722 4065 1947 4120 inimico
1983 4065 2119 4120 obe-

536 4167 691 4232 dire,
716 4173 774 4218 ut
803 4162 1005 4217 exinde
1033 4161 1207 4216 discat
1238 4160 1411 4215 Deum
1466 4161 1728 4215 invocare
1763 4168 1822 4213 ut
1876 4159 2116 4213 auxilia-

536 4258 729 4312 tricem
768 4255 818 4309 ei
862 4268 1083 4306 manum
1121 4251 1367 4323 porrigat
1422 4268 1663 4323 euntque
1699 4251 1943 4307 retrahat
1983 4268 2014 4309 e
2047 4250 2122 4310 fo-

538 4361 639 4403 vea
666 4344 1017 4420 perditionis.

606 4539 745 4598 Sunt
793 4540 892 4594 via
946 4538 1106 4593 male
1134 4553 1319 4593 coram
1338 4539 1473 4606 viro,
1501 4547 1683 4593 etnon
1737 4548 1888 4594 amat
1935 4542 2126 4595 reverti

537 4636 607 4688 ab
656 4634 761 4687 eis.
806 4632 1056 4686 Avertere
1086 4642 1265 4685 autem
1292 4647 1347 4685 se
1369 4640 1572 4700 oportet
1606 4648 1638 4685 ιι
1665 4632 1749 4685 οἱα
1777 4647 2025 4701 perversa
2075 4641 2124 4686 et

538 4726 704 4780 mala.
740 4724 1006 4781 Homines
1031 4724 1263 4796 quidam
1285 4724 1471 4780 sciunt
1508 4738 1571 4781 se
1597 4724 1971 4796 cogitationes
2020 4724 2125 4778 ha-

541 4821 672 4875 bere
689 4817 756 4871 ad
778 4819 979 4871 malum
1011 4817 1367 4882 indecentes,
1408 4827 1467 4872 et
1499 4831 1609 4872 non
1641 4824 1849 4881 ainant,
1877 4814 2013 4871 heu!
2034 4815 2127 4872 isti

540 4920 780 4969 tuentem
820 4927 977 4968 suam
1011 4925 1043 4964 a
1070 4909 1221 4967 malo
1257 4911 1325 4966 ad
1349 4910 1555 4964 bonum
1613 4918 1962 4965 convertere.
2019 4906 2129 4964 Ne-

541 5019 701 5059 cesse
720 5014 901 5058 autem
930 5010 1017 5058 est
1047 5000 1323 5056 divertere
1356 5015 1389 5056 a
1425 5000 1652 5056 virtutis
1693 5000 1939 5068 defectu,
1985 5006 2043 5055 et
2096 5014 2128 5056 ε

542 5094 812 5149 vianimis
832 5091 1055 5150 quidem
1095 5105 1126 5145 a
1163 5089 1368 5146 virtute
1396 5090 1691 5157 declinata,
1725 5090 1783 5145 in
1820 5089 2129 5162 pmcipitia

542 5196 724 5243 autem
758 5192 1000 5243 ducente
1032 5199 1096 5240 ac
1133 5185 1190 5240 in
1220 5185 1484 5240 baratbra
1519 5183 1768 5239 malitiae.

619 5473 787 5529 Vens.
830 5477 919 5531 l5.
963 5450 1500 5548 Stultitia'colligata
1534 5476 1701 5531 estin
1744 5472 1903 5529 corde
1959 5475 2130 5545 pueri.

546 5566 865 5639 lnsipientia
899 5569 1104 5636 pendet
1132 5585 1161 5623 a
1189 5570 1357 5625 corde
1389 5570 1511 5639 ejus
1554 5569 1648 5638 qui
1702 5575 1863 5622 aetate
1901 5566 2134 5638 juvene-

546 5661 675 5719 scit.

625 5752 788 5823 Virga
812 5762 986 5809 autem
1017 5762 1063 5806 et
1095 5752 1384 5822 disciplina
1435 5752 1585 5822 longe
1616 5750 1682 5806 ab
1737 5767 1818 5807 eo.
1846 5751 2128 5823 Redargu-

2281 1983 2372 2057 ιγ’.
2406 1980 2841 2055 Προφασίζεται
2870 1981 2969 2036 καί
2995 1978 3163 2051 λέγει
3195 1980 3461 2051 ὀκνηρός
3488 1997 3504 2013 ο
3531 1981 3684 2037 Λέων
3709 1984 3764 2038 ἐν

2205 2080 2337 2144 ταῖς
2366 2077 2550 2145 ὁδοῖς.
2596 2074 2656 2130 Ὀ
2707 2074 2844 2147 πρὸς
2892 2073 3097 2145 πρᾶξιν
3141 2075 3238 2127 καὶ
3288 2071 3528 2146 θεωρίαν
3558 2075 3763 2146 ῥᾴθυμος

2206 2169 2574 2243 προϐάλλεται
2612 2166 2871 2239 ἀφορμὰς
2894 2203 2909 2231 ,
2967 2162 3167 2219 obstes!
3191 2164 3399 2233 λέγων’
3439 2165 3642 2219 κωλύει
3684 2184 3764 2236 μου

2204 2265 2267 2319 τὸ
2296 2262 2583 2336 πρόθυμον
2611 2261 2711 2331 τῆς
2762 2262 2820 2314 ἐν
2862 2261 2981 2323 ταῖς
3018 2259 3264 2321 ἐντολαῖς
3311 2258 3455 2328 πρὸς
3496 2258 3623 2313 Θεδν
3652 2262 3765 2313 κατὰ

2207 2355 2411 2428 πρᾶξιν
2440 2354 2692 2425 πορείας,
2721 2350 3080 2423 παρεδρεύων
3109 2351 3362 2413 ταύταις,
3404 2352 3436 2403 6
3460 2351 3613 2422 δίκην
3647 2350 3767 2406 λέονο

2207 2458 2300 2504 τος
2330 2438 2511 2509 ζητῶν
2540 2438 2791 2511 ἁρπάσαι
2825 2454 2931 2509 μου
2953 2437 3052 2509 τὴν
3083 2437 3264 2509 ψυχὴν
3295 2439 3499 2493 Σατᾶν.

2291 2533 2396 2587 Ἐν
2457 2530 2527 2584 δὲ
2555 2529 2687 2598 ταῖς
2741 2530 3061 2598 πλατείαις
3102 2532 3424 2600 φονευται.
3488 2533 3594 2586 Καὶ
3620 2535 3672 2586 ἐν
3706 2534 3767 2605 τῷ

2210 2624 2353 2679 κατὰ
2374 2623 2474 2693 τὴν
2502 2621 2808 2694 διαφθορὰν
2834 2622 3029 2677 πλάτει
3055 2620 3160 2693 τῆς
3183 2623 3434 2695 φυσικῆς
3456 2625 3560 2678 τῶν
3587 2627 3764 2699 ὁρατῶν

2211 2717 2468 2789 θεωρίας,
2528 2716 2865 2788 λῃστεύοντα
2901 2717 2969 2769 τὰ
3016 2715 3110 2770 ὑπ’
3143 2716 3330 2771 αὐτῶν
3378 2718 3479 2788 τῆς
3538 2721 3768 2791 πονηρῶς

2212 2808 2525 2878 πνεύματα,
2566 2808 2810 2877 ἀναιρεῖν
2845 2822 2949 2875 μου
2992 2806 3340 2877 ἐπιχειροῦσι
3388 2807 3480 2861 τὸν
3525 2809 3658 2871 νοῦν,
3697 2810 3768 2863 διὰ

2212 2901 2310 2971 τῆς
2332 2903 2456 2953 κατ’
2484 2898 2743 2969 αἴσθησιν
2770 2896 3004 2966 πλάνης,
3025 2897 3161 2971 πρὸς
3188 2899 3356 2969 ζόφον
3380 2900 3596 2969 ἀγνοίας
3612 2901 3768 2955 τοῦτον

2216 2990 2514 3045 σπεύδοντα
2538 2990 2854 3059 κατασπᾷν.

2288 3083 2369 3137 ιδ’.
2407 3082 2634 3150 Βόθρος
2664 3081 2889 3148 βαθὺς,
2920 3082 3119 3151 στόμα
3150 3072 3532 3153 παρανόμου.
3561 3084 3657 3137 Τοῦ
3686 3102 3767 3139 παι

2219 3173 2482 3246 ραὸάντος
2529 3173 2786 3244 δαίμονος
2831 3173 2924 3226 τὸν
2975 3173 3134 3242 λόγον
3172 3175 3294 3227 καθ’
3357 3174 3418 3227 ὃν
3452 3174 3650 3243 γέγονε,
3691 3179 3766 3230 καὶ

2215 3264 2351 3319 Θεοῦ
2403 3264 2743 3329 ἀποστάντος
2768 3305 2783 3329 ,
2833 3264 2890 3317 αἱ
2937 3264 3212 3333 ὑποθῆκαι
3266 3264 3465 3337 λάκκῳ
3522 3266 3766 3337 βαθυτάτῳ

2216 3359 2460 3414 ἐοίκασιν
2479 3376 2492 3390 ·
2524 3359 2607 3413 ὅτι
2644 3359 2673 3411 6
2700 3356 2927 3419 ταύταις
2953 3356 3076 3410 κατ’
3107 3356 3402 3426 ἐνέργειαν
3439 3362 3763 3431 περιπίπτων,

2216 3450 2309 3505 τοῦ
2357 3452 2480 3503 κατ’
2518 3448 2805 3522 ἐνέργειαν
2853 3448 3243 3521 περιπίπτων,
3292 3451 3392 3504 τοῦ
3438 3452 3555 3506 κατ’
3600 3454 3765 3525 apati)»:

2217 3542 2454 3596 παύεται
2488 3542 2725 3614 δρόμου.

2297 3632 2364 3689 '0
2415 3633 2485 3688 δὲ
2525 3634 2814 3704 μισηθεὶς
2856 3634 2980 3691 ὑπὸ
3026 3636 3272 3705 Κυρίου,
3318 3636 3655 3709 ἐμπεσεῖται
3697 3641 3765 3703 είς

2217 3726 2423 3782 αὐτόν.
2459 3726 2792 3796 Περιπίπτει
2820 3725 2866 3779 δ’
2891 3726 3110 3791 αὐταῖς,
3131 3726 3191 3781 ὃν
3211 3727 3347 3793 Θεὸς
3367 3731 3763 3802 ἀποστρέφεταιο

2218 3818 2294 3883 ὡς
2317 3817 2386 3871 τὰ
2417 3817 2641 3871 ἐναντία
2683 3819 2811 3881 ταῖς
2839 3818 3085 3881 ἐντολαῖς
3117 3817 3282 3872 αὐτοῦ
3334 3821 3763 3892 προαιρούμενον

2218 3908 2726 3982 ἐγκαταλιμπόινων
2749 3909 2843 3964 τὸν
2861 3911 3108 3964 τοιοῦτον
3142 3910 3223 3976 είς
3250 3912 3344 3966 τὸν
3378 3914 3500 3967 κατ’
3528 3914 3767 3986 ἐνέργειαν

2218 4003 2318 4073 τῆς
2340 4001 2620 4074 ἁμαρτίας
2652 4002 2921 4070 ἐμπεσεῖν
2962 4000 3215 4072 βόθυνονο
3250 4003 3350 4057 καὶ
3389 4004 3578 4075 μαθεῖν
3601 4006 3659 4057 ἐκ
3687 4002 3766 4068 τῆς

2221 4097 2420 4166 πείρας
2444 4094 2615 4164 αὐτῆς
2654 4088 2767 4147 οἷόν
2794 4094 2912 4147 ἐστι
2947 4093 3120 4148 κακὸν
3153 4093 3213 4148 τὸ
3246 4096 3504 4150 ἀπιστεῖν
3529 4093 3663 4165 αὐτῷ
3689 4110 3767 4161 κηι

2219 4186 2406 4257 δεμόνι
2442 4185 2662 4245 πάντων
2692 4185 3017 4256 ὑπάρχοντι,
3054 4185 3149 4239 καὶ
3179 4185 3473 4241 πείθεσθαι
3498 4187 3573 4257 τῷ
3599 4182 3763 4257 ἐχθρῷ.

2221 4277 2517 4332 κάντεῦθεν
2551 4276 2983 4331 ἐπικαλέσασθαι
3027 4277 3240 4342 τοῦτον,
3279 4276 3425 4332 ὥστε
3468 4268 3620 4351 χεῖρα
3670 4276 3767 4347 βοη-

2192 4361 2194 4364 ’
2223 4371 2373 4435 θείας
2407 4370 2595 4442 ὀρέξαι
2642 4370 2814 4442 αὐτῷ,
2849 4370 2947 4424 καὶ
2981 4369 3078 4424 τοῦ
3120 4372 3221 4442 τῆς
3256 4372 3540 4437 ἀπωλείας
3577 4371 3765 4443 βοθύνου

2156 4468 2201 4523 ι)
2228 4461 2541 4529 ἐξαγαγεῖν.

2299 4554 2477 4609 Εἰσὶν
2530 4552 2659 4608 ὁδοὶ
2717 4552 2896 4608 κακαὶ
2949 4553 3219 4610 ἐνώπιον
3260 4555 3517 4627 ἀνδρὸς,
3549 4555 3640 4609 καί
3677 4554 3763 4606 οὐκ

2225 4646 2430 4718 ἀγαπᾷ
2448 4647 2558 4702 τοῦ
2578 4647 2963 4717 ἀποστρέψαι
3000 4646 3105 4703 ἀπ’
3133 4646 3370 4703 αὐτῶνθ
3404 4647 3764 4717 ἀποστρέφειν

2226 4742 2297 4797 δὲ
2318 4741 2417 4797 δεῖ
2446 4741 2566 4797 ἀπὸ
2606 4738 2754 4795 ὀδοῦ
2787 4737 3050 4806 σκολιᾶς
3084 4738 3186 4794 καί
3225 4739 3444 4809 κακῆς.
3476 4741 3761 4811 ’Υπάρχουσι

2227 4832 2577 4903 διαλογισμοὶ
2609 4828 2907 4903 ανθρώπου
2939 4832 3106 4896 τινος,
3141 4834 3223 4896 είς
3253 4832 3483 4903 πράξεις
3512 4831 3693 4894 κακίας
3720 4830 3764 4880 ἐν

2228 4923 2431 4994 γνώσει
2453 4919 2620 4976 αὑτοῦ
2644 4923 2928 4992 φέροντες,
2946 4923 3042 4975 καὶ
3070 4922 3173 4976 οὐκ
3195 4922 3318 4993 ἐρᾷ,
3351 4923 3483 4992 φεῦί
3512 4924 3540 4976 6
3564 4917 3763 4977 τοιοῦτος

2228 5014 2324 5070 τοῦ
2360 5013 2696 5086 ἐπιστρέψαι
2736 5013 2837 5084 τὴν
2890 5014 3134 5069 διάνοιαν
3169 5015 3336 5068 αὑτοῦ
3364 5015 3472 5069 ἀπὸ
3509 5013 3597 5068 τοῦ
3626 4997 3762 5067 κικοῧ

2230 5107 2372 5181 πρὸς
2402 5107 2465 5160 τὸ
2490 5106 2732 5175 ἀγαθόν·
2762 5105 2884 5161 δέον
2917 5106 2975 5161 δέ
3026 5108 3179 5160 ἐστιν
3216 5107 3562 5178 ἐπιστρέφειν
3599 5106 3656 5156 ἐκ
3686 5100 3763 5166 τῆς

2230 5199 2356 5256 κατ’
2385 5197 2624 5267 ἔλλειψιν
2651 5197 2756 5267 τῆς
2805 5197 3009 5268 ἀρετῆς
3047 5198 3145 5251 καὶ
3191 5194 3501 5270 ὑπερϐολὴν
3531 5206 3762 5266 παρεγκε-

2232 5289 2498 5362 κλιμένης
2528 5288 2627 5359 μὲν
2655 5287 2767 5341 ἀπὸ
2789 5287 2886 5340 τοῦ
2919 5286 3132 5355 ἀγαθοῦ
3165 5288 3413 5359 πορείας,
3429 5290 3508 5350 εις
3530 5278 3762 5355 κρημνοὺς

2232 5385 2292 5440 δέ
2322 5381 2526 5444 κακίας
2558 5379 2837 5452 φερούσης
2877 5382 2973 5433 καὶ
3009 5379 3283 5451 βάραθρα.

2307 5480 2389 5527 ιε’.
2431 5472 2635 5526 Ἀνοια
2678 5469 2937 5538 ἐξῆπται
2985 5470 3236 5539 καρδίαν
3288 5469 3449 5526 νέου.
3503 5460 3762 5537 Ἀφροσένη

2235 5566 2534 5638 ἐξήρτηται
2565 5562 2667 5634 τῆς
2706 5561 2890 5633 ψυχῆς
2936 5562 3031 5616 τοῦ
3062 5562 3143 5616 ἐτι
3187 5564 3311 5618 καθ’
3342 5562 3549 5635 ἠλικίαν
3581 5555 3761 5612 νεάεον·

2235 5679 2348 5727 τος.

2321 5750 2568 5819 Ῥἀόδος
2599 5750 2669 5806 δὲ
2707 5751 2807 5807 καὶ
2849 5747 3091 5805 παιδεία
3123 5749 3361 5820 μακρὰν
3388 5748 3488 5804 ἀπ’
3508 5740 3690 5800 αὐτοῦ.
3710 5733 3759 5788 οι
