3976 6422
196 319 332 394 1445

1210 314 1747 382 COMMENTARII
1786 316 1869 380 IN
1901 316 2363 387 PROVERBIA.

3330 331 3472 399 1416

189 392 246 490 δὲ
286 435 615 507 πλήττοντες
648 429 841 486 τοῦτον
889 392 1060 500 δίκην,
1087 426 1288 500 ῥάϐδου
1329 427 1640 495 ὲλεγκτικοὶ
1692 427 1779 481 λόι

1894 427 2026 482 Loria
2053 431 2221 485 verba
2242 445 2366 502 quae
2385 430 2531 487 sicut
2561 431 2715 503 virga
2739 434 3061 505 percutiunt
3094 435 3272 505 illum,
3310 447 3366 494 et
3402 441 3471 492 εισι

191 545 301 598 γοι,
332 528 427 580 καὶ
453 527 502 580 οἱ
532 523 670 595 πρὸς
696 524 756 577 τὸ
782 523 900 576 δέον
927 522 1236 589 ἐνάγοντες,
1271 518 1462 591 πόρρω
1487 521 1580 573 ἀπ’
1615 520 1780 575 αὐτοῦ

191 618 621 681 ἀπελαύνονται,
684 615 761 688 μὴ
813 612 1263 687 παραδεχομένου
1303 613 1633 684 τοπαράπαν
1687 614 1784 670 αὐ-

192 715 344 779 τοὺς,
376 711 470 767 διὰ
499 712 562 766 τὸ
590 712 687 784 τὴν
726 710 966 766 διάνοιαν
1004 707 1169 763 αὑτοῦ
1194 706 1475 779 ἐπιμελῶς
1499 708 1783 778 ἐγκεῖσθαι

193 808 304 868 τοῖς
335 806 621 876 πονηροῖς.

169 897 175 903 ’
265 903 363 963 ιςθ.
425 896 491 951 Ὃ
532 894 937 965 συκοφαντῶν
975 894 1228 964 πένητα,
1275 892 1479 951 πολλὰ
1517 891 1680 947 ποιεῖ
1709 891 1782 949 τὰ

190 975 417 1038 ἑαυτοῦ
446 982 624 1038 κακά.
667 984 727 1036 ’0
757 981 967 1048 ψευδῶς
994 982 1170 1051 λέγων
1194 984 1341 1039 κατά
1369 1001 1512 1049 τινος
1543 981 1780 1055 πενομέ-

191 1092 304 1140 νου,
335 1074 440 1146 τὴν
473 1075 574 1146 μὲν
601 1071 799 1128 ἑαυτοῦ
829 1076 1030 1129 κακίαν
1058 1075 1212 1144 αὔξει
1241 1077 1335 1129 ἐπὶ
1366 1076 1524 1130 πολύ.

259 1166 479 1222 Δίδωσι
510 1165 579 1219 δὲ
617 1169 896 1234 πλουσίῳ
924 1168 1018 1221 ἐπ’
1051 1168 1372 1223 ἐλάσσονι.
1397 1170 1517 1223 Ἐπ’
1557 1170 1779 1227 ἔλαττον

193 1258 251 1313 δὲ
280 1258 381 1331 τὴν
410 1258 502 1313 τοῦ
542 1258 828 1324 πλουσίου,
861 1260 1001 1332 πρὸς
1027 1259 1087 1314 ὃν
1119 1264 1351 1315 κατεῖπε
1386 1263 1482 1318 τοῦ
1506 1264 1742 1337 πένητος
1761 1281 1777 1297 ·

190 1352 272 1405 ὃτι
308 1350 473 1415 αὐτὸς
499 1352 594 1404 καὶ
626 1350 727 1421 τῆς
755 1352 951 1407 τούτου
979 1352 1189 1424 βλάϐης
1223 1354 1397 1418 αἴτιος
1439 1356 1671 1424 γίνεται.

265 1442 350 1508 ις’.
394 1446 612 1514 Λόγοις
646 1444 856 1514 σοφῶν
881 1445 1196 1515 ,παράϐαλε
1228 1447 1346 1501 σὸν
1374 1444 1504 1515 οὖς.
1537 1449 1671 1513 Ταῖς
1703 1450 1781 1503 δι-

189 1536 511 1600 δασκαλίαις
539 1536 649 1589 τῶν
690 1537 846 1601 θείου,
871 1537 1030 1607 λόγου
1097 1539 1525 1611 μετειληφότων,
1573 1540 1667 1594 καὶ
1711 1542 1779 1596 τά

191 1627 313 1680 θεῖα
336 1626 916 1696 φρονούντων,ὑπόθες
943 1627 1042 1699 τὴν
1079 1630 1178 1699 σὴν
1215 1629 1411 1699 ἀκοὴν,
1448 1630 1695 1703 ἑτεροδὸξ
1732 1649 1779 1697 ις

190 1719 326 1780 ὅλως
367 1717 445 1788 μὴ
477 1717 793 1774 ὑπακούων.

1883 534 1948 576 ea
1994 537 2117 591 quae
2167 522 2355 581 facere
2403 533 2625 596 Oportet
2652 526 2948 594 inducunt,
2985 528 3147 600 longe
3176 529 3248 584 ab
3281 545 3347 586 eo
3373 546 3471 586 ex-

1884 613 2185 685 pelluntur.
2223 615 2350 671 Ilaac
2373 618 2603 673 omnino
2626 618 2829 690 rejicit,
2885 621 3017 692 quia
3055 622 3238 678 omnis
3260 625 3468 693 cogita-

1885 704 1962 758 tio
1996 703 2118 773 ejus
2143 703 2209 760 ad
2242 706 2449 761 malum
2487 706 2722 765 intenta.

1954 878 2124 938 Vsus.
2153 882 2240 938 i6.
2267 882 2372 951 Qui
2396 885 2766 942 calumniatur
2790 903 3071 958 pauperem
3122 889 3292 944 multa
3332 889 3467 959 facit

1881 989 1982 1028 sua
2012 973 2180 1030 mala.
2217 974 2322 1042 Qui
2378 979 2723 1035 mendaciter
2785 980 2854 1036 de
2916 995 3162 1052 paupere
3194 984 3465 1053 loquitur,

1882 1066 2115 1121 multum
2142 1082 2298 1122 suam
2323 1081 2486 1141 auget
2516 1073 2804 1128 malitiam.

1949 1158 2116 1214 Dabit
2161 1160 2275 1229 ipse
2327 1161 2539 1228 ditiori,
2587 1173 2639 1217 et
2670 1163 2864 1235 egebit.
2919 1166 3001 1221 Ad
3035 1167 3220 1225 minus
3275 1176 3460 1226 autem

1881 1260 2045 1322 auget
2071 1252 2212 1307 mala
2253 1253 2447 1309 divitis
2478 1256 2621 1326 apud
2682 1272 2846 1326 quem
2913 1259 3278 1317 calumniatur
3327 1278 3466 1334 pau-

1880 1357 2103 1414 perem;
2133 1346 2262 1415 quia
2291 1349 2409 1415 ipse
2434 1344 2555 1416 ejus
2586 1346 2775 1403 damni
2810 1348 2871 1402 ﬁt
2900 1364 3092 1407 causa.

1959 1434 2233 1492 Vsus”.
2270 1437 2617 1493 Sermonibus
2656 1441 2976 1509 sapientium
3026 1444 3227 1497 inclina
3279 1461 3461 1500 aurem

1881 1535 2050 1582 tuam.
2082 1527 2364 1585 Doctrinis
2383 1545 2575 1587 eorum
2603 1533 2697 1602 qui
2734 1531 2906 1589 divini
2967 1533 3131 1590 Verbi
3168 1539 3462 1607 participes

1882 1619 2042 1685 ﬁunt,
2090 1629 2146 1675 et
2192 1620 2379 1676 divina
2432 1624 2700 1691 sentiunt,
2734 1625 2969 1681 admove
3028 1641 3216 1682 aurem
3285 1637 3458 1694 tuam,

1880 1712 2098 1767 caeteris
2129 1721 2309 1767 autem
2344 1730 2413 1769 ne
2440 1729 2656 1785 pareas.

258 1810 365 1863 Καὶ
405 1809 595 1863 ἄκουε
628 1809 790 1879 ἐμῶν
815 1811 1035 1881 λόγων.
1069 1812 1384 1868 Κάντεῦοεν
1427 1814 1595 1885 αὐτῆς
1640 1814 1777 1885 ἐμοῦ

1959 1801 2024 1856 Ει
2049 1803 2176 1858 audi
2194 1821 2336 1860 meos
2360 1823 2647 1863 sermones.
2680 1809 2751 1864 Et
2769 1809 2968 1866 exinde
2992 1811 3282 1884 sapientia:
3313 1828 3463 1868 meos

187 1905 285 1972 τῆς
323 1901 523 1971 σοφίας
548 1902 807 1968 ὲνωτίζου
839 1904 967 1967 τοὺς
994 1904 1216 1973 λόγους·
1246 1905 1335 1958 διά
1366 1906 1548 1978 μέσων
1576 1905 1684 1960 τῶν
1711 1907 1777 1960 τὰ

189 1995 293 2064 ἐμὰ
322 1994 704 2065 μεμυημένων
738 1997 1036 2068 μυστήρια.

262 2086 381 2155 Τὴν
415 2086 489 2139 δὲ
517 2085 638 2155 σὴν
670 2087 928 2156 καρδίαν
957 2088 1321 2157 ἐπίστησον,
1344 2091 1446 2145 ἵνα
1486 2088 1641 2161 γνῷς
1686 2092 1777 2146 ὅτι

188 2178 364 2232 καλοί
394 2179 543 2233 εἱσι.
574 2177 731 2232 Κατὰ
773 2178 830 2232 δὲ
869 2178 968 2251 τὴν
996 2179 1240 2234 διάνοιάν
1272 2197 1367 2235 σου
1405 2181 1668 2253 πρόσχες,
1702 2181 1777 2245 ὡς

186 2271 251 2326 ἂν
278 2272 603 2344 καταλάϐῃς
634 2271 718 2324 ὅτι
743 2271 881 2325 εἰσὶν
919 2271 1138 2341 ἀγαθοί.

257 2369 351 2435 ιη’.
395 2363 510 2418 Καὶ
556 2364 668 2417 ἐὰν
700 2363 969 2433 ἐμϐάλῃς
1003 2363 1200 2434 αὐτὴν
1241 2367 1331 2432 εἷς
1370 2364 1486 2434 τὴν
1525 2366 1778 2435 καρδίαν

186 2472 321 2520 σου,
354 2454 743 2524 εὐφρανοῦσι
775 2471 849 2509 σε
890 2455 1012 2526 ἅμα
1045 2457 1141 2511 ἐπὶ
1178 2457 1315 2524 σοῖς
1344 2459 1636 2527 χείλεσιν.
1667 2460 1776 2513 Καὶ

186 2549 282 2602 ἐὰν
312 2547 624 2620 εἰσαγάγῃς
648 2544 875 2611 τούτους
905 2548 985 2612 είς
1016 2547 1118 2620 τὴν
1145 2547 1327 2620 ψυχήν
1358 2565 1484 2614 σου,
1517 2550 1777 2622 γενήσον-

186 2640 273 2697 ταί
300 2657 395 2694 σου
419 2641 601 2711 χαρᾶς
639 2643 1019 2712 πνευματικῆς
1061 2642 1312 2713 πρόξενοι
1336 2658 1351 2674 ⁸
1401 2642 1519 2714 ἅμα
1551 2647 1618 2716 τῇ
1653 2645 1774 2698 δια-

186 2734 303 2805 νοίᾳ
331 2750 427 2787 σου
465 2733 638 2786 ἐνίοτε
668 2732 1094 2803 περιφερόμενοι
1118 2736 1345 2798 καὶτοῖς
1374 2735 1612 2805 χείλεσιν
1631 2752 1644 2765 ·
1666 2737 1776 2788 εἴτε

187 2825 318 2881 Θεὸν
345 2826 437 2880 διὰ
468 2824 674 2879 τούτων
700 2824 1126 2897 ὑμνολογοῦντός
1158 2841 1274 2893 σου,
1321 2826 1419 2879 εἶτ’
1452 2825 1775 2898 ἀνθρώπους

189 2918 542 2982 διδάσκοντος
570 2918 639 2972 τά
668 2917 1013 2973 συνοίσοντα.

260 3011 346 3066 ιθν.
398 3013 538 3066 Ἵνα
584 3024 703 3064 σου
750 3007 994 3079 γένηται
1048 3007 1147 3062 ἐπὶ
1202 3008 1428 3076 Κύριον
1471 3009 1510 3078 ἠ
1577 3009 1772 3076 ἐλπίς.

191 3102 380 3166 Ὅπως
409 3100 635 3176 ὑπάρξῃ
669 3117 764 3154 σου
787 3101 936 3154 πᾶσα
956 3101 990 3170 ἡ
1021 3098 1176 3162 ἐλπὶς
1206 3099 1300 3153 ἐπὶ
1325 3101 1418 3154 τὸν
1439 3098 1533 3153 τοῦ
1574 3101 1777 3165 παντὸς

189 3194 471 3267 Δεσπότην
510 3193 663 3261 Θεὸν,
702 3192 844 3265 μόνα
877 3191 1205 3262 φρονοῦντος
1232 3191 1329 3246 καὶ
1369 3191 1658 3257 λαλοῦντος
1709 3193 1776 3247 τὰ

190 3285 333 3342 θεῖα.

260 3378 371 3431 Καὶ
425 3374 692 3444 γνωρίσῃ
732 3390 832 3429 σοι
863 3373 972 3440 τὰς
1009 3373 1190 3440 ὀδοὺς
1227 3374 1436 3430 αὑτοῦ.
1493 3376 1603 3428 Καὶ
1631 3392 1777 3443 γνω-

190 3472 322 3532 στάς
352 3485 434 3521 σοι
464 3462 616 3529 οὗτος
646 3466 847 3538 ποιήσῃ
878 3466 977 3528 τὰς
1007 3467 1087 3529 είς
1134 3465 1300 3518 αὐτὸν
1330 3466 1602 3537 φερούσας
1636 3467 1778 3520 κατὰ

188 3561 398 3631 γνῶσιν
441 3559 533 3610 καὶ
561 3556 761 3627 ἀρετὴν
798 3555 1055 3626 πορείαςο
1100 3555 1279 3627 πέρας
1307 3555 1627 3628 ὑπάρχοντα
1667 3556 1778 3609 τῶν

193 3653 295 3723 μὲν
331 3645 613 3720 γνωστῶν,
667 3647 743 3711 ὡς
783 3647 1078 3718 ἀλήθειαν·
1113 3647 1224 3701 τῶν
1257 3648 1313 3701 δὲ
1361 3648 1658 3720 πρακτῶν,
1701 3647 1778 3712 ὡς

191 3741 421 3811 αγαΟόν.

260 3841 330 3890 κ’.
369 3833 478 3888 Καὶ
505 3833 586 3887 σὺ
611 3832 678 3887 δὲ
703 3833 1045 3902 ἀπόγραψαι
1068 3830 1256 3899 αὑτὰς
1272 3830 1467 3899 ἐαυτῷ
1490 3834 1774 3902 τρισσῶς.

193 3927 301 3980 Καὶ
345 3926 508 3989 αὐτὸς
549 3926 609 3980 δὲ
649 3925 967 3979 ὲντύπωσον
998 3926 1123 3989 τοὺς
1160 3924 1438 3990 τοιούτους
1471 3926 1667 3997 λόγους
1718 3931 1779 3983 ὲν

192 4018 413 4090 σεαυτῷ
440 4018 757 4088 τριαδικῶς,
788 4017 931 4072 κατὰ
960 4016 1021 4071 τὸ
1045 4017 1144 4089 τῆς
1167 4017 1348 4091 ψυχῆς
1379 4036 1473 4075 σου
1508 4020 1739 4093 μέγεοος
1760 4042 1774 4055 ·

192 4109 616 4182 ὑφαπλςύμενον
639 4109 719 4173 εἷς
739 4126 800 4164 τε
826 4109 926 4181 τὴν
954 4112 1077 4165 κατ’
1108 4111 1365 4184 αἴσθησιν
1394 4116 1488 4168 καί
1517 4114 1615 4186 τὴν
1636 4116 1781 4169 κατὰ

190 4203 437 4258 διάνοιαν
494 4203 591 4258 καὶ
619 4203 720 4274 τὴν
744 4203 888 4257 κατὰ
914 4203 1041 4258 νοῦν
1078 4203 1314 4275 Θεωρίαν
1334 4225 1348 4237 ·
1372 4207 1445 4271 ὼς
1474 4211 1573 4279 τῆς
1603 4208 1780 4280 ψυχῆς

195 4297 520 4371 ίστορούσης
551 4298 651 4368 μὲν
674 4296 800 4350 κατ’
830 4298 1087 4370 αῐδθησιν
1112 4299 1174 4351 τὸ
1205 4299 1312 4356 τῶν
1351 4302 1660 4373 εἰρημένων
1686 4304 1778 4357 λό-

193 4407 306 4458 γων
336 4391 503 4463 ῥητὸν
531 4390 592 4443 τὸ
643 4389 946 4461 δυνάμενον
979 4392 1189 4457 πάντας
1228 4393 1554 4464 οἰκοδομεῖν,
1593 4393 1682 4448 διὰ
1717 4394 1780 4448 τὸ

1804 3142 1852 3205 C

1848 1894 2112 1963 auribus
2131 1895 2352 1966 percipe
2387 1911 2720 1953 sermones:
2762 1898 2819 1954 in
2887 1901 3073 1957 medio
3132 1917 3327 1959 eorum
3371 1904 3463 1975 qui

1878 1986 2018 2041 meis
2046 1986 2247 2041 initiati
2278 1996 2409 2043 sunt
2431 1991 2736 2062 mysteriis.

1948 2077 2017 2132 Et
2039 2095 2134 2133 cor
2159 2089 2308 2134 tuum
2338 2080 2520 2151 ﬁrma,
2553 2092 2613 2137 ut
2647 2100 2937 2156 cognoscas
2988 2088 3114 2156 quia
3160 2085 3284 2140 boui
3314 2097 3483 2141 sunt.-

1878 2168 1985 2226 [iis
2001 2181 2185 2228 autem
2219 2176 2435 2246 applica
2463 2186 2700 2233 mentem
2740 2186 2799 2234 ut
2820 2180 3101 2251 intelligas
3132 2179 3265 2251 quia
3330 2179 3464 2235 boni

1877 2275 2030 2319 sunt.

1951 2356 2120 2414 Vens.
2151 2359 2239 2416 18.
2273 2358 2338 2415 Et
2362 2363 2408 2416 si
2436 2362 2721 2417 immiseris
2744 2380 2832 2418 eos
2865 2364 2919 2418 in
2948 2381 3039 2419 cor
3069 2372 3240 2430 tuum,
3288 2362 3464 2434 atrii/i-

1878 2451 2075 2506 cabunt
2103 2462 2151 2508 te
2181 2453 2344 2508 simul
2383 2456 2438 2509 in
2469 2457 2574 2509 tuis
2599 2457 2777 2510 labiis.
2812 2455 2876 2510 Et
2932 2457 3100 2512 sieos
3129 2457 3183 2510 in
3222 2458 3462 2511 animam

1877 2554 2028 2600 tuam
2085 2546 2395 2609 induxeris,
2453 2548 2551 2602 tibi
2604 2549 2804 2603 laetitiae
2834 2547 3142 2620 spiritualis
3207 2557 3464 2603 auctores

1876 2647 2070 2704 erunt;
2109 2655 2140 2696 e
2171 2651 2350 2697 tuente
2372 2643 2535 2696 simul
2567 2638 2864 2713 aliquando
2930 2641 3093 2697 labiis
3121 2644 3284 2696 etiam
3338 2657 3466 2713 pro-

1878 2733 2153 2800 feruntur,
2190 2734 2307 2789 sive
2344 2733 2515 2790 Deum
2544 2750 2641 2804 per
2666 2748 2763 2790 eos
2811 2733 3023 2800 laudes,
3051 2733 3166 2789 sive
3211 2735 3463 2790 homines

1878 2827 2014 2900 ipsis
2037 2831 2324 2899 profutura
2351 2829 2573 2886 doceas.

1956 3005 2121 3061 Vsus.
2172 3005 2257 3062 19.
2322 3006 2389 3062 Ut
2424 3017 2515 3061 tua
2553 3008 2653 3077 ﬁat
2683 3021 2840 3076 super
2889 3005 3179 3061 Dominum
3199 3022 3338 3077 spes.
3392 3004 3467 3062 Ut

1880 3100 2158 3165 omnissit
2179 3110 2274 3154 tua
2305 3116 2431 3170 spes
2468 3101 2523 3155 in
2550 3100 2717 3155 Deum
2742 3100 3128 3155 universorum
3145 3101 3466 3166 Dominum.

1880 3187 2010 3243 dum
2037 3188 2222 3244 divina
2257 3198 2478 3263 tantum
2495 3190 2707 3261 cogitas
2739 3197 2795 3245 et
2845 3191 3113 3261 loqueris.

1954 3370 2022 3426 Et
2047 3382 2205 3427 notas
2243 3372 2338 3426 tibi
2371 3372 2537 3427 faciat
2569 3371 2681 3425 vias
2719 3380 2862 3426 tuas.
2900 3369 2967 3424 Et
2988 3380 3148 3426 notas
3180 3370 3277 3426 tibi
3302 3370 3470 3428 faciet

1879 3465 2126 3521 scientiae
2178 3481 2244 3520 ac
2296 3467 2517 3521 virtutis
2574 3468 2693 3519 vias
2751 3480 2875 3535 qua:
2924 3464 2991 3518 ad
3054 3479 3181 3518 eum
3232 3465 3464 3531 ducunt,

1838 3592 1841 3593 ν
1879 3557 2082 3627 quippe
2106 3558 2197 3627 qui
2219 3557 2431 3614 exsistit
2455 3573 2653 3628 scopus
2684 3558 2737 3610 in
2773 3557 3185 3628 cognoscendis,
3203 3559 3334 3627 quia
3368 3573 3466 3613 ve-

1877 3665 1997 3716 rus,
2020 3650 2248 3722 agendis
2273 3661 2480 3720 autem,
2502 3652 2631 3722 quia
2656 3650 2855 3706 bonus.

1950 3827 2123 3885 Vnus.
2188 3829 2280 3886 20.
2338 3828 2404 3885 Et
2450 3840 2506 3886 tu
2528 3831 2768 3889 describe
2810 3851 2900 3890 eos
2931 3836 3029 3890 tibi
3049 3838 3351 3906 tripliciter.
3381 3839 3463 3896 Tu

1881 3933 2064 3979 autem
2092 3923 2423 3995 tibimetipsi
2457 3925 2717 3995 imprime
2748 3927 2851 3983 bos
2908 3943 3198 3985 sermones
3258 3932 3462 4003 triplici

1882 4015 2068 4083 modo,
2100 4016 2404 4071 secundum
2441 4016 2641 4073 animae
2664 4026 2772 4073 tuac
2811 4021 3214 4089 extensionem,
3267 4039 3469 4080 secun-

1884 4106 2015 4162 dum
2047 4106 2283 4174 scilicet,
2308 4108 2505 4162 anima:
2549 4111 2988 4179 speculationem
3017 4113 3329 4168 seusibilem
3349 4116 3470 4186 spi-

1881 4200 2098 4255 ritalem
2145 4207 2202 4255 et
2240 4200 2692 4257 intellectualem.
2744 4203 2943 4257 Anima
3001 4220 3097 4274 per
3138 4208 3460 4265 seusibileut

1882 4291 2310 4362 speculationem
2331 4292 2562 4362 inquirit
2580 4293 2857 4348 «lictorum
2875 4296 3167 4352 verborum
3191 4300 3473 4369 signiﬁca-

1884 4377 2114 4443 tionem,
2160 4392 2306 4447 quae,
2362 4385 2555 4447 utpote
2591 4377 2876 4434 intellectu
2912 4378 3199 4448 facillima,
3236 4395 3472 4441 cunctos

195 4484 294 4553 τῆς
313 4484 525 4546 ἐννοίας
548 4480 715 4537 αὐτοῦ
741 4481 1166 4553 προχειρότατον
1183 4499 1197 4514 ο
1242 4484 1515 4556 ἐχομένης
1545 4485 1602 4538 δὲ
1635 4484 1779 4538 κατὰ

1894 4467 2163 4523 ωάἰῐίοοτο
2193 4477 2394 4540 potest.
2419 4469 2523 4524 Per
2577 4472 3101 4542 contemplationem
3133 4487 3317 4530 autem
3357 4478 3469 4548 spi-

192 4574 434 4631 διάνοιαν
459 4576 562 4646 τῆς
592 4574 703 4629 τῶν
743 4573 1006 4629 τοιούτων
1042 4573 1218 4645 λόγων
1252 4577 1608 4648 ἁναγωγικῆς
1639 4579 1778 4633 θεω-

197 4667 347 4739 ρίας·
406 4668 509 4739 τῆς
538 4666 769 4730 πολλοὺς
803 4667 920 4721 ἀλλ’
950 4668 1012 4720 οὐ
1043 4670 1255 4733 πάντας
1286 4668 1374 4724 διὰ
1410 4671 1470 4723 τὸ
1511 4670 1783 4724 ἐπαναϐε-

195 4760 364 4832 aqua;
398 4757 644 4832 βελτιοῦν
686 4758 1019 4830 δυναμένης,
1065 4759 1162 4811 καὶ
1188 4759 1568 4833 ἀναφερούσης
1612 4762 1780 4816 αὐτοῦ

195 4852 321 4914 τοὺς
350 4852 455 4923 τῆς
485 4850 681 4921 σοφίας
716 4849 911 4920 λόγους
937 4852 1017 4914 είς
1044 4849 1326 4920 θεολογίαν
1350 4852 1489 4906 κατὰ
1513 4853 1656 4920 νοῦν,
1684 4854 1783 4927 τὴν

197 4941 398 5011 ὀλίγοις
432 4944 578 4995 τισὶν
619 4936 788 4995 οὖσαν
820 4941 1111 5014 χωρητὴν,
1151 4944 1247 4996 καὶ
1299 4943 1513 5014 μεγάλα
1558 4934 1783 5011 τούτους

198 5033 428 5101 ὠρελεῖν
457 5033 801 5104 δυναμένηνσ
847 5035 941 5087 καὶ
990 5035 1113 5106 οὐχὶ
1141 5037 1253 5098 τοῖς
1302 5036 1546 5090 πλείοσιν
1592 5036 1628 5109 ἢ
1670 5026 1784 5103 τοῖς

208 5127 358 5193 πᾶσι,
383 5127 472 5180 διὰ
502 5125 564 5178 τὸ
597 5111 1086 5198 ὑπεραναβεϐηκὸς
1126 5127 1297 5199 αὐτῆς
1336 5129 1432 5181 καὶ
1466 5129 1783 5199 κρυφιώτα-

202 5235 313 5273 τον.

279 5309 379 5376 ιείὶς
400 5310 648 5378 βουλὴν
674 5308 772 5363 καί
807 5306 1035 5385 γνῶσιν
1065 5308 1164 5363 ἐπὶ
1188 5308 1254 5364 τὸ
1279 5308 1509 5375 πλάτος
1534 5310 1787 5379 καρδίας

204 5416 341 5456 σου.
375 5402 532 5456 Οὕτω
552 5402 611 5456 δὲ
640 5402 866 5465 τούτους
899 5402 966 5473 τῇ
996 5401 1143 5473 ψυχῇ
1170 5418 1264 5454 σου
1297 5401 1625 5473 ὲγχάραξον,
1651 5404 1788 5473 πρὸς

206 5488 475 5562 διάκρισίν
501 5509 561 5545 τε
591 5490 699 5545 τῶν
734 5490 1016 5562 πρακτῶν,
1046 5492 1142 5545 καὶ
1179 5491 1489 5563 κατάληψιν
1511 5492 1622 5546 τῶν
1649 5494 1784 5547 θεω-

209 5583 387 5653 ρητῶν
407 5601 424 5619 ο
458 5584 635 5657 τούτῳ
668 5583 873 5657 γὰρτῷ
908 5585 1118 5656 τρόπῳ,
1149 5583 1210 5637 τὸ
1248 5583 1418 5649 ὅντως
1442 5584 1648 5654 ἀγαθὸν
1677 5585 1788 5639 ἀπὸ

207 5674 300 5727 τοῦ
330 5678 685 5748 νομιζομένου
731 5678 1057 5751 διακρινεῖςο
1095 5677 1190 5731 καὶ
1222 5675 1408 5749 γνώσῃ
1450 5677 1519 5732 τὰ
1551 5677 1680 5733 ὄντα
1711 5679 1788 5744 ὼς

209 5765 386 5838 ἔχουσι
410 5770 646 5842 φύσεως.

1885 4560 2137 4615 ritualem
2189 4560 2483 4617 verborum
2533 4564 2721 4618 Sensui
2765 4564 3003 4634 mystico
3048 4565 3310 4633 adlueret,
3371 4570 3471 4640 qui

1885 4652 2147 4720 quoniam
2170 4652 2333 4707 altior
2359 4660 2464 4718 est,
2501 4652 2707 4708 multos
2738 4654 2833 4709 sed
2868 4669 2978 4709 non
2993 4670 3190 4712 onmes
3209 4658 3473 4718 meliores

1883 4745 2116 4801 reddere
2146 4753 2359 4817 potest;
2391 4746 2707 4803 intellectus
2753 4747 2977 4803 tandem
3034 4752 3319 4821 sapieiitite
3349 4762 3468 4809 scr.

1884 4850 2079 4893 mones
2109 4837 2175 4892 ad
2210 4837 2542 4909 theologiam
2558 4837 2733 4894 refert
2759 4856 2883 4912 qua:
2907 4844 3099 4912 paucis
3124 4845 3463 4914 quibusdam

1887 4945 2135 4997 accessa,
2172 4947 2428 5004 magnam
2455 4933 2537 4989 eis
2572 4936 2852 4993 utiliatem
2892 4937 3089 4994 aﬂ‘erre
3109 4942 3474 5013 vehunt-que

1887 5034 2017 5074 vero
2047 5021 2303 5090 pluribus
2337 5031 2434 5078 aut
2463 5025 2705 5095 cunctis,
2726 5026 2858 5098 quia
2884 5028 3161 5085 altissima
3199 5042 3254 5087 et
3282 5035 3475 5088 occul-

1886 5113 2103 5169 tissima
2129 5124 2235 5171 est.

1866 5366 1877 5385 ,
1962 5315 2029 5370 In
2065 5317 2293 5372 consitio
2324 5327 2374 5372 et
2401 5317 2625 5373 scientia
2677 5335 2836 5386 super
2895 5310 3240 5377 latitudinem
3296 5328 3474 5381 cordis

1891 5403 1992 5457 tui.
2016 5401 2110 5459 Sic
2132 5415 2314 5461 autem
2339 5408 2441 5462 bos
2469 5422 2759 5464 sermones
2774 5409 2972 5466 anima:
2997 5418 3106 5467 tua:
3128 5413 3381 5484 insculpe
3408 5418 3478 5472 ad

1891 5497 2283 5554 discretionem
2332 5501 2675 5572 agendorum
2737 5515 2793 5559 et
2822 5503 2890 5559 ad
2937 5507 3349 5577 perceptionem
3383 5525 3481 5565 cn-

1890 5592 2358 5660 gnoscencloruiu.
2414 5595 2629 5649 Eteuin.
2662 5595 2767 5651 hoc
2800 5595 2968 5652 modo
3029 5614 3218 5654 verum
3268 5602 3475 5655 bonum

1891 5683 1961 5739 ab
1991 5699 2056 5739 eo
2096 5683 2242 5755 quod
2276 5693 2503 5754 putatur
2530 5686 2732 5742 bonum
2763 5688 3073 5760 discernes,
3107 5707 3304 5764 resque
3327 5695 3474 5749 exsi-

1893 5784 2103 5833 stenles
2127 5783 2184 5831 ut
2221 5792 2350 5833 vere
2374 5787 2497 5833 sunt
2536 5795 2863 5851 cognosces.
