3976 6418
266 312 283 319 ’
334 360 471 428 1449

1410 346 1945 416 COMMENTARII
1987 346 2071 429 Di
2100 345 2556 408 PROVERBIA.

3495 336 3635 402 1450

333 482 558 552 θαρχεῖν
587 479 773 547 θείοις,
806 482 901 535 καὶ
939 480 1179 552 ἐννόμως
1222 473 1582 532 ὲπιστατοῦσι
1626 474 1743 536 τοῖς
1787 469 1928 541 πρά-

2050 482 2156 537 [tlte
2182 466 2306 536 jure
2323 462 2580 520 omnibus
2622 464 2755 515 sunt
2781 454 3120 528 superiores,
3143 463 3197 509 et
3220 468 3327 508 non
3372 451 3631 507 Immanis

334 589 534 642 γμασι,
570 573 665 626 καὶ
699 573 774 644 μὴ
805 572 1171 639 ἀνθρωπίνοις
1195 570 1291 624 καὶ
1334 566 1474 636 πρὸς
1508 562 1774 639 ἐργασίαν
1829 559 1925 615 τοῦ

335 661 499 719 καλοῦ
528 661 619 716 διὰ
679 662 744 715 τὸ
793 663 890 734 τῆς
932 661 1139 732 ἀρετῆς
1196 659 1457 714 ἐπίπονον
1484 655 1876 711 ἀποκναίουσιν
1909 666 1926 683 ·

330 755 481 820 ὅπως
509 757 634 820 ταῖς
652 754 1022 827 θεωρητικαῖς
1052 754 1151 807 καὶ
1173 756 1296 817 ταῖς
1326 751 1666 823 πρακτικαῖς
1690 751 1792 819 τῆς
1825 747 1930 816 ψυ-

332 851 437 922 χῆς
468 848 734 921 δυνάμεσι
772 848 874 918 τὴν
915 847 1117 916 γνῶσιν
1149 846 1246 899 καὶ
1289 845 1385 915 τὴν
1415 842 1616 915 ἀρετὴν
1663 838 1928 912 ἐνεργῶν,

336 943 417 1004 είς
438 939 593 1007 Θεὸν,
627 939 703 1004 ὡς
740 939 1003 1010 ἀλήθειαν
1032 940 1128 993 καὶ
1172 937 1377 1007 ἀγαθὸν
1420 937 1674 1012 φέρηται,
1715 934 1810 988 καὶ⁵
1854 931 1932 1004 μὴ

338 1030 689 1106 μακρύνηται
727 1029 947 1097 τούτου,
974 1032 1044 1102 τῇ
1082 1029 1265 1100 σχέσει
1296 1028 1404 1083 τῶν
1450 1027 1652 1080 ὑλικῶν
1708 1021 1931 1081 ἀπατώο

337 1139 520 1195 μενος,
550 1121 646 1176 καὶ
673 1120 807 1192 περὶ
835 1120 1011 1176 ταῦτα
1049 1120 1185 1190 μόνα
1208 1118 1666 1189 καταγινόμενος.

746 1215 750 1220 ’
919 1214 1173 1266 ΚΕΦΑΛ.
1200 1205 1339 1267 ΚΡ.

406 1307 477 1373 α’,
536 1309 603 1378 β’.
673 1307 811 1361 Ἐὰν
848 1306 1109 1374 καθίσῃς
1160 1300 1431 1359 δειπνεῖν
1477 1301 1578 1356 ἐπὶ
1628 1299 1931 1373 τραπέζης

335 1400 665 1465 δυνάστου,
691 1392 924 1468 νοητῶς
946 1399 1073 1453 νόει
1106 1398 1181 1452 τὰ
1203 1393 1643 1467 παρατιθέμενά
1676 1410 1797 1460 σοι,
1832 1391 1935 1447 καὶ

333 1493 626 1548 ἐπίϐαλλε
659 1491 777 1560 τὴν
810 1490 982 1562 χεῖρὰ
1021 1505 1160 1548 σου.
1205 1489 1334 1543 Ἐἀν
1366 1491 1448 1554 είς
1493 1487 1761 1542 ἀπάθειαν
1790 1484 1934 1556 φθά-

338 1600 462 1655 σῃς,
493 1583 849 1653 παυσάμενος
874 1582 975 1653 τῆς
1010 1582 1150 1654 πρὸς
1206 1580 1411 1635 κακίαν
1444 1581 1733 1649 κινήσεως,
1790 1577 1934 1632 ὥστε

337 1675 434 1728 τοῦ
468 1674 701 1747 οὐρανοῦ
727 1673 1071 1738 καταϐάντος
1107 1673 1275 1746 ἄρτου
1322 1671 1585 1727 δύνασθαι
1651 1670 1934 1742 μεταλαμ-

339 1768 548 1833 ϐἀνειν,
576 1766 670 1820 ἐπὶ
702 1768 815 1831 τοῖς
842 1765 919 1831 ὡς
956 1768 1014 1820 ὲν
1042 1766 1306 1837 τέσσαρσι
1343 1765 1474 1819 ποσὶ⁸
1506 1765 1617 1828 τοῖς
1643 1761 1932 1834 στοιχείοις

2037 565 2095 612 et
2133 556 2203 612 ad
2233 555 2610 628 operationem
2652 550 2781 607 boni
2813 555 3035 620 propter
3050 544 3529 601 virtutislaborem
3549 543 3635 612 pi-

2034 650 2180 722 gris:
2204 655 2264 703 ut
2292 645 2650 718 speculativis
2682 652 2737 698 et
2757 635 3408 697 activisanimaeviribus
3451 634 3639 691 scien-

2037 726 2169 798 tiam
2209 755 2274 797 ac
2302 740 2563 796 virtutem
2578 750 2837 808 operans,
2869 734 2923 788 in
2966 731 3136 787 Deum
3164 737 3225 785 ut
3259 726 3546 784 veritatem
3578 736 3634 786 et

2037 835 2243 893 bonum
2271 832 2498 897 feratur,
2516 845 2697 900 neque
2714 828 2783 883 ab
2805 842 2870 881 eo
2888 827 3051 896 longe
3070 828 3414 883 amoveatur,
3434 818 3633 875 aﬂ'ectu
3680 896 3689 911 ι

2036 936 2384 999 terrenorum
2412 925 2693 996 deceptus,
2724 922 2902 992 iisque
2926 919 3062 975 solis
3093 926 3422 987 occupatus.

2560 1245 2574 1258 ,
2636 1188 2789 1245 CAP.
2845 1184 3039 1240 xxm.

2110 1281 2279 1339 Vens.
2316 1281 2368 1348 Ι,
2399 1281 2456 1335 2.
2498 1279 2561 1336 Si
2597 1282 2798 1335 sederis
2824 1293 3032 1333 caenare
3061 1277 3130 1330 ad
3178 1290 3414 1358 mensam
3450 1284 3635 1338 poten-

2043 1378 2149 1444 tis,
2209 1376 2475 1445 sapienter
2536 1373 2776 1444 intellige
2834 1389 2951 1444 quia
3007 1380 3350 1440 apponuntur
3407 1366 3531 1431 tibi,
3582 1373 3636 1420 et

2041 1469 2194 1524 mitte
2222 1482 2439 1522 manuni
2466 1475 2640 1521 tuam.
2679 1465 2737 1520 Si
2773 1464 2840 1518 ad
2874 1465 3193 1534 passionum
3232 1462 3635 1516 immunitatem

2043 1561 2386 1634 perveneris,
2428 1559 2818 1628 sedaverisque
2858 1556 2926 1612 ad
2952 1558 3153 1611 malum
3182 1552 3636 1625 propensionem,

2043 1656 2120 1711 ita
2153 1663 2214 1710 ut
2258 1655 2421 1726 panis
2451 1652 2547 1724 qui
2571 1652 2640 1707 de
2665 1652 2806 1707 ctrlo
2828 1649 3114 1707 descendit
3143 1649 3326 1720 possis
3359 1648 3476 1701 lieri
3508 1659 3638 1717 paro

2051 1746 2253 1816 ticeps,
2286 1744 2500 1801 scilicet
2542 1742 2636 1800 Dei
2671 1742 3067 1814 omnipotentis
3095 1749 3369 1795 creatura:
3393 1738 3639 1793 elemen-

340 1831 637 1929 ἱσταμένης
659 1857 892 1921 κτίσεως
916 1846 1029 1910 τοῦλ
1046 1831 1461 1927 παντοϐυνάμου
1496 1854 1659 1920 Θεοῦ,
1692 1831 1928 1926 μῆξκαθ

2050 1835 2113 1892 lis
2151 1835 2313 1906 quasi
2348 1842 2587 1905 quatuor
2620 1831 2847 1903 pedibus
2877 1831 3107 1902 stantis,
3149 1832 3252 1886 liae
3301 1845 3372 1886 ne
3406 1843 3641 1886 sensua-

338 1949 595 2020 αἴσθησιν
617 1948 823 2019 ταύτης
850 1947 1090 2002 ἀπόλαυε
1126 1962 1140 1977 ο
1176 1946 1316 2002 ἀλλά
1343 1947 1412 2001 τὰ
1442 1946 1583 2001 κατὰ
1633 1946 1695 1999 ab
1749 1943 1935 2015 φαινό-

343 2043 505 2114 μενόν
545 2059 628 2096 σοι
660 2042 1001 2116 προκείμενα
1025 2041 1141 2113 εῐδη
1165 2040 1396 2113 ταύτης,
1428 2041 1634 2114 νοερῶς
1658 2039 1934 2109 καταλάμ-

338 2134 495 2200 ϐανε,
528 2133 657 2198 τοὺς
685 2132 891 2187 τούτων
919 2133 1115 2203 λόγους
1155 2133 1453 2204 συλλέγων,
1508 2133 1604 2188 καὶ
1663 2133 1786 2188 κατ’
1831 2131 1933 2187 αὐ-

336 2228 466 2290 τοὺς
494 2224 764 2297 ἐπιχείρει
789 2224 1052 2295 πράττειν
1081 2223 1144 2277 τὸ
1173 2223 1398 2295 ἀγαθόν.

409 2317 600 2385 Εἰδὼς
632 2317 721 2371 ὅτι
757 2316 1004 2371 τοιαῦτά
1042 2331 1116 2370 σε
1144 2315 1243 2371 δεῖ
1257 2313 1739 2385 παρασκευάσαι.
1774 2311 1937 2369 Γινώ-

338 2427 488 2466 σκων
511 2412 594 2465 ὅτι
621 2410 911 2481 μιμεῖσθαι
938 2409 1071 2463 Θεὸν
1102 2410 1217 2472 τοῖς
1256 2407 1444 2480 ἔργοις
1496 2407 1758 2477 ὀφείλεις,
1807 2423 1933 2478 κιρ-

336 2501 447 2556 νῶν
471 2501 616 2555 κατὰ
644 2501 873 2573 γνώμην
910 2500 1012 2566 τὰς
1053 2500 1432 2570 ἀναλογούσας
1475 2501 1590 2564 τοῖς
1645 2498 1934 2569 στοιχείοις

336 2594 614 2664 τέσσαρας
647 2594 877 2664 γενικὰς
915 2595 1126 2666 ἀρετάς
1160 2609 1177 2626 ⁶
1227 2594 1324 2648 καὶ
1374 2593 1466 2648 τὸν
1516 2592 1659 2647 κατὰ
1693 2592 1936 2647 διάνοιαν

336 2685 811 2757 θεοπρεπέστατον
833 2687 929 2741 καὶ
957 2687 1120 2751 αὐτὸς
1151 2683 1415 2739 συνιστῶν
1436 2683 1666 2754 κόσμον,
1685 2684 1799 2748 τοῖς
1830 2699 1935 2737 κα-

335 2775 410 2829 τὰ
437 2776 601 2846 μέρος
626 2775 737 2830 τῶν
765 2774 976 2843 ἀρετῶν
998 2774 1198 2829 εῐδεσιν
1232 2789 1246 2805 ⁸
1297 2775 1359 2829 ὲν
1417 2772 1498 2845 τῷ
1544 2772 1806 2845 μετάγειν
1847 2788 1937 2825 σο-

338 2865 459 2936 φῶς
487 2866 555 2920 δι’
574 2865 852 2938 ἐμφεροῦς
877 2865 1219 2938 ὁμοιότητος,
1250 2864 1347 2938 τὴν
1381 2863 1526 2918 κατά
1552 2864 1646 2918 τὸν
1675 2862 1937 2935 αἰσθητὸν

336 2957 514 3011 αἰῶνα
545 2957 819 3030 μυστικὴν
842 2957 1099 3029 θεωρίαν,
1125 2957 1220 3011 ἐπὶ
1247 2957 1341 3010 τὸν
1389 2957 1533 3012 κατά
1588 2955 1831 3009 διάνοιαν
1876 2955 1936 3009 ὲν

336 3043 614 3116 πνεύματι
657 3045 747 3099 διὰ
777 3044 888 3099 τῶν
922 3045 1134 3117 ἀρετῶν
1172 3044 1669 3118 συμπληρούμενον
1706 3046 1933 3115 κόσμον.

210 3166 217 3171 ~
346 3136 351 3141 ’
412 3142 483 3206 γ’.
534 3138 605 3191 Et
655 3136 724 3191 δὲ
772 3139 1229 3208 ἀπληστότερος
1277 3138 1353 3204 ετ,
1384 3138 1469 3208 μὴ
1517 3139 1788 3208 ἐπιθύμει
1815 3137 1936 3192 τῶν

342 3227 689 3297 ἐδεσμάτων
716 3229 926 3283 αὐτοῦ.
968 3230 1029 3282 Ei
1056 3229 1099 3283 δ’
1129 3230 1231 3283 οὐκ
1253 3229 1398 3300 ἀρκῇ
1429 3231 1495 3300 τῇ
1530 3229 1708 3301 τοιᾴδε
1731 3226 1934 3296 γνώσει

339 3320 453 3374 τῶν
482 3319 715 3391 ἀρετῶν,
750 3321 868 3373 ἀλλ’
905 3322 1000 3372 ἐπὶ
1031 3321 1193 3374 πλέον
1231 3321 1375 3373 κατά
1401 3321 1636 3391 θεωρίαν
1694 3319 1933 3390 ὲκτείνῃ,

346 3412 426 3483 μὴ
449 3410 550 3481 ἐρα
588 3410 1034 3481 καταλαμϐάνειν
1059 3412 1130 3465 τὰ
1174 3412 1306 3481 παρ’
1365 3409 1534 3464 αὑτοῦ
1580 3410 1742 3479 μόνου
1796 3410 1934 3464 Θεοῦ

342 3502 730 3573 γινωσκόμενα
753 3503 1030 3574 μυστήρια
1061 3500 1171 3557 οἷον
1188 3503 1270 3567 τὸ,
1297 3504 1448 3566 ὅπως
1478 3504 1544 3557 ὲκ
1572 3503 1666 3555 τοῦ
1700 3503 1935 3573 ἀγεννή-

339 3609 439 3647 του
465 3593 679 3664 Πατρός
709 3594 736 3646 ό
784 3595 1079 3665 μονογενὴς
1124 3594 1293 3648 αὐτοῦ
1352 3595 1448 3648 καὶ¹
1508 3594 1775 3659 συναῖδιος
1806 3595 1935 3659 Υἱὸς

339 3686 620 3756 γεννᾶται,
656 3688 749 3740 καὶ
776 3686 839 3739 τὸ
865 3687 1135 3740 πναῖδιον
1164 3687 1330 3740 αὐτοῦ
1366 3686 1731 3757 ἐκπορεύεται
1763 3686 1936 3740 Πνεῦ-

343 3794 426 3848 μα
451 3795 464 3808 ο
496 3778 591 3831 καὶ
616 3778 762 3842 ὅπως
790 3777 944 3849 παρά
971 3776 1108 3833 Θεοῦ
1141 3778 1378 3850 ήκτίσις
1429 3780 1494 3833 ὲκ
1533 3778 1630 3833 τοῦ
1662 3777 1737 3851 μὴ
1783 3779 1936 3844 ὄντος

341 3870 633 3940 παρήχθῃο
1598 3940 1601 3945 ,

340 3960 343 3963 ’
421 3960 613 4014 Ταῦτα
642 3958 754 4029 γὰρ
787 3959 987 4029 ἔχεται
1028 3959 1180 4028 ζωῆς
1226 3960 1516 4030 ψευδοῦς.
1576 3960 1635 4014 ’0
1692 3959 1803 4031 γὰρ
1866 3960 1935 4015 τὰ

338 4049 592 4115 τοιαῦτα,
622 4049 750 4103 ὄντα
795 4051 1176 4121 ἀκατάληπτα,
1239 4052 1682 4124 καταλαμϐάνειν
1729 4053 1936 4125 ἐπιχει-

340 4142 477 4215 ρῶν,
498 4139 728 4211 ψευδοῦς
755 4142 1039 4212 ἀντέχεται
1057 4143 1332 4213 γνώσεως.

412 4235 475 4290 δ’.
507 4234 605 4304 Μὴ
651 4237 1070 4305 παρεκτείνων,
1115 4237 1306 4305 πένης
1358 4237 1463 4301 ὢν,
1509 4241 1804 4305 πλουσίῳ.
1842 4243 1934 4314 Μὴ

336 4326 436 4385 οὖν
452 4332 480 4385 ὁ
495 4332 756 4397 πλασθεὶς
777 4333 840 4386 ὲκ
857 4333 1001 4404 χοὸς,
1022 4334 1237 4404 καὶτῆς
1258 4332 1410 4397 θείας
1439 4334 1664 4406 χάριτος
1693 4336 1932 4407 ἐπιδεὴς,

335 4424 448 4478 κᾶν
504 4425 740 4496 μετέχῃς
793 4424 952 4491 Θεοῦ,
1002 4425 1298 4498 παρεξίσου
1358 4426 1533 4497 τούτῳ
1586 4429 1809 4495 ἑαυτὸν,
1857 4429 1934 4501 τῷ

2036 1930 2162 1985 liter
2218 1928 2463 1996 fruaris,
2519 1927 2614 1983 sed
2675 1934 3009 2001 apparentes
3065 1924 3188 1996 ejus
3256 1925 3473 1981 oblatas
3536 1923 3639 1978 tibi

2036 2020 2245 2076 formas
2281 2020 2657 2091 intelligenter
2696 2018 2918 2087 accipe,
2955 2017 3152 2071 harum
3194 2018 3439 2073 rationes
3482 2015 3642 2072 colli-

2036 2129 2173 2187 gens
2200 2122 2258 2170 et
2281 2113 2585 2170 secundum
2618 2127 2713 2168 eas
2742 2111 2960 2167 enitens
2984 2110 3188 2167 bonum
3214 2109 3455 2181 operari.

2109 2295 2296 2353 Sciens
2328 2294 2468 2366 quod
2514 2304 2715 2364 oportet
2757 2304 2804 2349 te
2844 2293 2980 2348 talia
3031 2307 3358 2365 prwparare.
3417 2291 3639 2363 Cogno—

2037 2403 2202 2445 scens
2236 2388 2368 2458 quia
2405 2387 2575 2442 Deum
2614 2387 2669 2442 in
2704 2386 2968 2457 operibus
2998 2385 3199 2440 imitari
3233 2384 3401 2440 debes
3427 2397 3640 2453 percn-

2037 2482 2361 2555 gitationem
2422 2481 2665 2537 miscens
2719 2490 2961 2552 quatuor
3013 2480 3248 2537 virtutes
3303 2479 3638 2551 principales

2037 2574 2327 2632 elementis
2382 2568 2832 2631 accommodatas
2894 2582 2951 2631 ct
3002 2583 3267 2630 mundum
3326 2574 3637 2632 secundum

2036 2682 2296 2737 sensum,
2351 2670 2463 2725 Deo
2510 2668 2902 2739 dignissimum
2955 2669 3345 2735 constituens,
3398 2669 3637 2741 singulis

2036 2762 2300 2816 virtutum
2333 2760 2650 2831 speciebus,
2694 2759 2772 2814 ita
2822 2767 2883 2815 ut
2908 2761 3325 2830 comparatione
3360 2761 3634 2825 instituta,

2038 2852 2325 2924 mysticam
2352 2852 2539 2908 saeculi
2567 2851 2850 2908 sensibilis
2878 2852 3378 2908 considerationem
3411 2852 3632 2923 sapien-

2038 2954 2121 3000 ter
2143 2942 2453 2999 transferas
2483 2943 2553 2998 ad
2579 2943 3004 2999 intellectualem
3040 2944 3313 2999 mundum
3337 2942 3433 3015 qui
3464 2943 3635 3015 spiri-

2038 3032 2265 3087 tualiter
2293 3046 2393 3102 per
2424 3032 2661 3088 virtutes
2692 3040 3134 3087 consummatur.

2108 3122 2277 3180 Vens.
2313 3124 2368 3178 5.
2405 3122 2467 3179 Si
2489 3123 2856 3179 insatiabilior
2883 3139 2965 3191 es,
3004 3139 3069 3177 ne
3102 3122 3368 3179 desideres
3402 3122 3467 3178 de
3504 3124 3637 3179 cibis

2037 3217 2175 3288 ejus.
2235 3214 2293 3272 Si
2343 3232 2452 3271 non
2504 3217 2600 3272 tibi
2651 3214 2884 3274 suﬂiciat
2943 3217 3178 3272 scientia
3224 3216 3318 3271 illa
3344 3218 3636 3282 virtutum,

2039 3310 2385 3380 ampliusque
2415 3309 2749 3365 extendatur
2777 3309 3085 3379 speculatio
3120 3318 3233 3375 tua,
3258 3325 3327 3365 ne
3347 3309 3638 3365 desideres

2036 3414 2235 3470 capere
2261 3394 2520 3471 mysteria
2569 3415 2600 3454 a
2652 3398 2763 3454 Deo
2817 3400 2939 3455 solo
2973 3399 3222 3470 cognita,
3255 3400 3442 3469 qualia
3504 3408 3638 3456 sunt

2036 3489 2324 3560 generatio
2369 3490 2636 3561 unigeniti
2681 3499 2738 3545 et
2761 3491 3024 3545 coaeterni
3066 3490 3191 3546 Filii
3224 3508 3254 3546 a
3284 3489 3449 3548 Patre
3481 3492 3637 3563 inge-

2038 3581 2174 3647 nito,
2202 3581 2487 3650 processio
2516 3581 2775 3637 coarterni
2799 3579 3065 3653 Spiritus,
3086 3592 3140 3640 et
3161 3583 3375 3640 creatio
3401 3600 3433 3640 e
3459 3584 3636 3639 nihilo

2039 3685 2071 3725 a
2102 3671 2216 3728 Deo
2250 3671 2419 3728 facta.

2102 3965 2231 4020 Htec
2247 3966 2388 4021 enim
2421 3965 2654 4021 obtinent
2680 3968 2842 4021 vitam
2876 3960 3095 4037 falsam.
3121 3966 3278 4022 Talia
3306 3968 3481 4035 enim,
3506 3985 3633 4025 cum

2038 4057 2161 4128 capi
2195 4072 2303 4112 non
2334 4067 2591 4128 possunt,
2629 4066 2721 4131 qu]
2756 4074 2956 4130 capere
2988 4070 3247 4126 conatur,
3267 4060 3418 4116 falsae
3453 4062 3635 4117 scicn-

2036 4150 2128 4205 tite
2153 4149 2414 4205 adhaeret.

2109 4240 2287 4297 Vens.
2311 4241 2365 4296 4.
2388 4239 2620 4309 Pauper,
2639 4257 2701 4296 ne
2729 4243 2907 4314 erigas
2932 4243 3116 4299 oculos
3144 4251 3261 4299 tuos
3288 4244 3358 4299 ad
3388 4245 3630 4301 divitem.

2037 4330 2162 4389 Noli
2188 4334 2685 4406 igitur,epulvere
2730 4337 3063 4406 plasmatus,
3107 4338 3408 4408 divinaque
3457 4339 3637 4409 gratia

2036 4426 2313 4498 indigens.
2345 4428 2597 4498 quamvis
2634 4428 2726 4483 Dei
2781 4430 3064 4501 particeps
3106 4429 3382 4495 efﬁciaris,
3438 4440 3637 4486 temet-

334 4515 583 4587 ἀκτίστῳ
602 4518 695 4569 καὶ
721 4516 1094 4588 ύπερπλήρει,
1135 4518 1580 4590 καταλαμϐάνειν
1605 4522 1771 4575 αὐτὸν
1805 4525 1929 4576 ἐπι-

2050 4522 2223 4590 ipsum
2262 4521 2357 4576 illo
2388 4522 2637 4576 increato
2668 4537 2732 4576 ac
2769 4522 3047 4578 immenso
3095 4523 3468 4593 aequiparare,
3505 4537 3634 4578 eum

334 4607 569 4678 χειρῶν,
592 4607 669 4671 ὡς
700 4602 843 4661 οἶδεν
868 4609 1033 4672 αὐτὸς
1050 4609 1266 4671 ἑαυτόν.

417 4696 498 4768 Τῇ
536 4699 605 4752 δὲ
633 4697 719 4769 σῇ
747 4699 954 4768 ἐννοίᾳ
985 4699 1291 4770 ἀπέσχου.
1341 4701 1680 4773 Ἀ’πόστησον
1725 4703 1783 4757 δὲ
1831 4703 1933 4774 τὴν

329 4788 577 4843 διάνοιάν
635 4805 728 4843 σου
789 4789 901 4845 ἀπὸ
949 4790 1049 4861 τῆς
1081 4792 1203 4843 κατ’
1244 4790 1435 4845 οὐσίαν
1463 4791 1558 4845 τοῦ
1593 4791 1728 4846 Θεοῦ
1757 4794 1933 4863 Λόγου

331 4882 723 4954 καταλήψεως.

410 4982 472 5030 ε’.
522 4977 666 5053 Ἐὰν
690 4976 1038 5046 ἐπιστήσῃς
1060 4979 1126 5031 τὸ
1158 4978 1278 5032 σὸν
1308 4978 1469 5049 ὄμμα
1518 4979 1674 5049 πρὸς
1717 4980 1927 5045 αὐτὸν,

325 5066 605 5137 οὐδαμοῦ
635 5068 929 5138 φανεῖται.
973 5070 1100 5124 Ἐἀν
1145 5070 1255 5142 γὰρ
1301 5072 1363 5125 τὸ
1390 5071 1574 5142 νοερὸν
1609 5074 1707 5143 τῆς
1753 5071 1930 5142 ψυχῆς

329 5175 437 5212 σου
464 5158 621 5230 ὄμμα
650 5159 869 5232 ὲρείσῃς
895 5161 1031 5232 πρὸς
1064 5162 1230 5216 αὑτὸν
1263 5164 1493 5230 ἀτενῶς,
1518 5164 1609 5217 τὸν
1644 5163 1748 5217 ὑπὸ
1790 5164 1930 5216 πάν-

326 5267 448 5304 των
479 5252 555 5317 ὡς
587 5254 760 5309 αἴτιον
803 5256 1237 5328 κηρυττόμενον,
1269 5259 1327 5311 ὲν
1359 5258 1537 5313 οὐδενὶ
1584 5260 1706 5312 κατ’
1740 5260 1928 5313 οὐσίαν

329 5341 614 5413 εὑρήσεις,
635 5346 711 5410 ὡς
744 5346 1091 5418 ὐπερούσιον.

410 5438 896 5493 Κατεσκεύασται
952 5441 1065 5511 γὰρ
1122 5441 1284 5509 αὐτῷ
1348 5441 1637 5514 πτέρυγες
1724 5442 1927 5511 ὥσπερ

329 5526 538 5581 ἀετοῦ.
564 5527 644 5611 Ὢ
678 5530 787 5600 γὰρ
816 5531 937 5584 κατ’
970 5532 1158 5585 οὐσίαν
1189 5533 1365 5604 μένων
1395 5535 1452 5586 ἐν
1484 5533 1562 5604 τῷ
1585 5523 1798 5600 Πατρὶ,
1830 5526 1943 5587 καὶ’

332 5618 681 5684 ἀδιαστκὶτως
710 5622 792 5686 εἰς
820 5623 912 5676 τδν
939 5624 1145 5696 κόσμον
1185 5625 1545 5697 ἐξερχόμενος
1604 5626 1727 5680 κατ’
1775 5626 1927 5699 ἐνέρ-

332 5724 518 5777 γειαν,
538 5709 614 5774 ὡς
648 5710 715 5764 ἂν
745 5729 921 5782 κηρυτ
934 5716 1210 5800 τοιτορπδ
1235 5717 1344 5770 τῶν
1367 5716 1626 5772 αἰτιατῶν
1657 5720 1724 5789 τῇ
1750 5735 1922 5772 κατα-

336 5800 546 5873 φατικῇ
600 5800 867 5874 θεολογίᾳ,
926 5803 1002 5868 ὡς
1059 5806 1231 5870 αἴτιος
1282 5808 1577 5880 μονογενὴς
1637 5808 1734 5862 τοῦ
1784 5807 1921 5866 Θεοῦ

659 5897 931 5963 ΡΛΤιιοι..
978 5901 1097 5964 Gn.
1129 5904 1503 5968 LXXXVII.

2039 4612 2257 4666 enitens
2281 4612 2750 4681 comprehendere
2782 4614 2933 4668 sicut
2962 4613 3077 4683 ipse
3107 4614 3354 4683 seipsum
3386 4614 3561 4668 novit.

2128 4703 2246 4758 Tua
2277 4712 2455 4758 autem
2487 4704 2912 4760 consideratione
2938 4704 3167 4759 abstine.
3193 4706 3395 4761 Averte
3417 4708 3635 4777 cogita-

2038 4795 2244 4850 tionem
2302 4785 2455 4852 tua'm
2513 4811 2544 4849 a
2606 4796 2703 4852 Dei
2740 4795 2921 4852 Verbo
2968 4795 3276 4853 secundum
3330 4797 3633 4854 essentiam

2035 4891 2579 4962 comprehendendo.

2093 4982 2318 5039 Vens.5.
2338 4981 2399 5039 Si
2416 4984 2703 5039 intenderis
2721 4985 2931 5040 oculum
2950 4994 3097 5040 tuum
3116 4985 3184 5039 ad
3199 4985 3351 5040 illum
3369 5000 3633 5055 nusquam

2035 5078 2333 5146 apparebit.
2376 5077 2432 5133 Si
2472 5079 2617 5133 enim
2659 5080 2883 5137 oculum
2935 5079 3135 5133 animae
3191 5078 3630 5134 intellectualem

2033 5179 2242 5226 attente
2269 5170 2455 5228 ﬂxeris
2485 5171 2540 5226 in
2559 5187 2889 5243 eum,quem
2926 5181 2984 5227 ut
3014 5187 3242 5228 causam
3268 5172 3451 5227 omnia
3482 5187 3633 5241 prae-

2031 5261 2223 5317 dicant
2244 5303 2257 5326 ,
2291 5279 2565 5333 nusquam
2597 5266 2972 5321 essentialiter
3002 5265 3296 5328 invenies,
3329 5265 3422 5336 qui
3461 5279 3631 5335 supra

2030 5369 2249 5410 omnem
2284 5357 2582 5412 essentiam
2627 5359 2843 5427 positus
2876 5367 2982 5414 est.

2102 5443 2322 5501 Parata:
2343 5448 2481 5501 enim
2507 5456 2630 5502 sunt
2653 5449 2702 5502 ei
2729 5450 2832 5513 ala:
2869 5459 3125 5522 tanquam
3163 5451 3382 5521 aquilw.
3420 5449 3630 5522 Unige-

2029 5539 2206 5593 nitnm
2242 5541 2387 5595 enim
2428 5539 2523 5596 Dei
2570 5540 2837 5610 Verbum,
2891 5561 3120 5600 manens
3155 5544 3534 5600 essentiuliter
3570 5545 3628 5601 in

2027 5630 2190 5686 Patre
2221 5645 2286 5686 ac
2320 5632 2442 5689 sine
2474 5638 2821 5705 separatione
2850 5638 2905 5693 in
2933 5637 3199 5694 mundum
3236 5652 3332 5706 per
3363 5637 3626 5691 virtutem

2027 5724 2276 5790 veniens,
2305 5733 2365 5778 ut
2394 5726 2538 5780 sicut
2565 5742 2733 5783 causa
2757 5743 2785 5781 a
2811 5729 3058 5785 causalis
3085 5729 3140 5784 in
3173 5728 3447 5800 theologia
3477 5727 3621 5783 aﬂir-

2025 5815 2231 5871 mativa
2291 5817 2646 5890 praedicetur,
2703 5819 2945 5895 Spiritus
3001 5822 3080 5880 illi
3129 5820 3619 5881 consubstantialia

3130 5916 3214 5983 ιο
