3976 6394
428 315 559 382 1451

1750 321 2109 384 ΡΒΟΟΘΡΠ
2133 323 2377 385 (ἰΑΖΕΙ

3583 309 3704 380 1452

423 427 740 484 vu-tutibus,
793 423 954 494 quasi
1003 423 1376 493 qnibusquant
1431 422 1768 478 altivolantis
1821 425 2013 494 aquilic-

2147 425 2311 496 ιογος,
2335 431 2449 492 ταῖς
2467 423 2563 481 τοῦ
2589 424 2861 497 ὁμοφυοῦς
2883 425 3032 496 αὐτῷ
3057 424 3378 495 Πνεῦματος
3399 423 3706 508 ἐνεργείαις⁸

419 521 640 591 peni-is,
674 535 840 588 supra
876 521 1080 572 mentis
1114 520 1586 587 perspicuitatem
1615 516 1917 571 extollitur.

497 695 560 748 Et
610 695 818 750 rerertit
847 697 904 748 in
929 694 1146 748 domum
1188 694 1436 763 prwsidis
1489 693 1595 748 sui.
1650 691 1895 747 Revertit
1925 709 2020 763 per

426 790 856 843 abstractionem
891 787 1234 842 naturalium
1273 801 1338 840 ac
1378 787 1764 857 temporalium
1813 788 2022 856 quibus

427 880 680 948 negative
712 878 854 933 Deus
889 879 1224 948 praedicatur
1252 878 1318 930 ad
1355 877 1590 948 gloriam
1621 878 1812 948 gratia:
1842 889 1894 930 et
1925 891 2020 931 ve-

425 974 606 1027 ritatis
624 972 992 1042 plenatn,qua
1020 979 1211 1041 utpote
1252 969 1584 1040 Unigenitus
1622 969 1764 1039 apud
1803 969 2020 1024 Patrem

426 1067 652 1120 fruitur.

499 1154 667 1211 Vens.
696 1155 750 1208 6.
797 1154 878 1208 Ne
916 1155 1164 1208 comedas
1198 1169 1319 1207 cum
1360 1151 1570 1207 homine
1599 1151 1801 1205 invido.
1843 1148 1921 1205 Ne
1949 1150 2026 1204 si-

426 1249 540 1302 mul
575 1249 728 1301 vivas
761 1263 884 1300 cum
940 1247 1160 1300 diabolo
1209 1245 1410 1299 auium
1455 1234 1559 1297 tua:
1601 1244 1836 1298 salutem
1882 1241 2024 1295 imi-

427 1339 612 1394 dente.
679 1339 876 1390 Anima
945 1336 1278 1391 distrahitur
1342 1335 1564 1404 quidem
1621 1347 1650 1384 a
1706 1330 1800 1384 Dei
1851 1328 2025 1386 Verbo

426 1431 548 1500 ejus
598 1445 826 1500 sponso,
884 1445 982 1499 per
1025 1428 1276 1481 actiones
1329 1434 1516 1480 autem
1561 1423 1916 1478 irrationales
1958 1438 2026 1478 ac

429 1525 615 1577 virtuti
650 1523 970 1577 contrarias
1023 1521 1182 1590 quasi
1222 1519 1340 1572 viro
1373 1516 1592 1570 cuidam
1643 1516 1861 1568 Satanae
1922 1514 2025 1584 ipsi

426 1622 868 1684 congtutinatur,
901 1618 954 1665 et
985 1611 1066 1663 sic
1125 1624 1250 1663 cum
1291 1609 1413 1676 ipso
1477 1621 1820 1661 convescens
1852 1619 1882 1658 a
1916 1592 2027 1660 Deo

429 1707 661 1759 excutis.

2117 520 2192 582 ὣς
2222 537 2334 573 τισι
2365 522 2588 591 πτεροῖς
2621 517 2918 588 ὑψιπετοῦς
2947 518 3114 571 αὑτοῦ
3144 520 3245 589 (ι),
3298 516 3604 588 ῦψοῦμενος
3661 521 3708 572 ἒν

2117 611 2196 682 τῷ
2217 612 2515 683 διορατικῷ
2546 610 2641 664 τοῦ
2665 609 2957 683 ἀνθρώπου
2985 611 3088 665 νοῒ.

2187 703 2301 756 Καὶ
2331 703 2696 772 ὑποστρέφει
2728 705 2817 768 είς
2849 702 2957 756 τὸν⁸
2987 699 3158 756 οἶκον
3196 703 3305 757 τοῦ
3363 704 3716 771 προεστηκό-

2120 811 2223 859 τος
2256 793 2466 848 αὐτοῦ.
2517 793 2880 866 Ἀποστρέφει
2913 793 3054 846 κατά
3097 795 3199 864 τὴν
3251 793 3366 847 τῶν
3409 793 3518 846 ὑπὸ
3569 793 3717 862 φύσιν

2123 888 2215 941 καὶ
2251 886 2446 958 χρόνον
2493 887 2810 956 ἀφαίρεσιν,
2865 887 3230 956 ἀποφατικῶς
3276 884 3717 955 θεολογούμενος,

2123 978 2260 1049 πρὸς
2288 977 2388 1047 τὴν
2421 977 2600 1048 πλήρη
2627 977 2854 1050 χάριτος
2884 978 2980 1031 καὶ
3001 978 3263 1049 ἀληθείας
3283 978 3362 1043 ὼς
3388 977 3720 1047 Μονογενοῦς

2127 1069 2278 1140 παρά
2313 1068 2526 1138 Πατρὸς
2566 1069 2747 1134 δόξαν.

2196 1164 2270 1223 ς’.
2302 1156 2398 1227 Μὴ
2427 1157 2783 1211 συνδείπνει
2823 1156 2999 1226 ἀνδρὶ
3048 1157 3373 1222 βασκάνῳ.
3451 1157 3548 1230 Μὴ
3611 1175 3722 1214 συν-

2124 1248 2313 1303 διαιτῶ
2342 1247 2420 1319 τῷ
2447 1246 2731 1318 φθονοῦντί
2766 1265 2848 1300 σοι
2876 1251 2974 1319 τῆς
2999 1249 3278 1319 σωτηρίας
3318 1247 3546 1317 δαίμονι
3568 1264 3581 1278 °
3618 1249 3727 1303 διαδ

2129 1338 2426 1410 σπωμένης
2482 1338 2584 1408 μέν
2638 1354 2731 1390 σου
2766 1337 2865 1408 τῆς
2903 1336 3083 1406 ψυχῆς
3128 1335 3225 1389 τοῦ
3269 1337 3519 1407 νυμφίου
3564 1338 3728 1406 αὐτῆς

2127 1431 2265 1484 Θεοῦ
2295 1431 2489 1499 Λόγου,
2507 1428 2857 1500 κολλωμένης
2880 1429 2934 1481 δὲ
2961 1429 3048 1481 διά
3085 1428 3191 1482 τῶν
3215 1431 3334 1482 κατ’
3360 1427 3606 1498 ἔλλειψιν
3635 1428 3727 1498 τῆς

2127 1524 2327 1594 ἀρετῆς
2364 1521 2690 1594 παραλόγων
2721 1521 2977 1592 πράξεων
2997 1563 3012 1586 ,
3037 1520 3114 1586 ὥς
3145 1538 3256 1575 τινι
3283 1521 3451 1592 ἀνδρὶ
3476 1521 3626 1592 αῦτῷ
3656 1521 3728 1590 τῷ

2130 1615 2346 1688 Σατανᾷ
2375 1633 2388 1648 ·
2423 1613 2718 1670 κάντεῦθεν
2753 1614 3133 1679 συνεσθίοντός
3161 1632 3253 1668 σου
3282 1614 3468 1685 τούτῳ
3495 1613 3595 1686 τὴν
3622 1613 3727 1670 ἀπὸ

2129 1707 2266 1760 Θεοῦ
2301 1707 2596 1761 ἔκπτωσιν.

505 1797 570 1849 Et
597 1813 658 1850 ne
685 1795 952 1848 desidcrt's
988 1792 1134 1846 cibos
1157 1792 1294 1862 ejus.
1331 1791 1409 1846 Ne
1436 1807 1806 1860 concupiscas
1843 1792 2022 1848 varios

2198 1803 2365 1871 Μηδὲ
2416 1803 2690 1872 ἐπιθύμει
2758 1799 2879 1855 τῶν
2935 1799 3269 1870 ,ϐρωμάτων
3315 1798 3534 1854 αὐτοῦ.
3593 1800 3728 1871 Μήτ’

437 1907 556 1959 t‘jttS
597 1893 892 1960 pravitatis
926 1889 1104 1942 cibos,

507 2073 671 2127 Vens.
719 2067 1285 2136 7xQuemadmodum
1343 2065 1485 2120 enim
1519 2064 1718 2134 siquis
1765 2063 2027 2132 deglutiut

429 2169 613 2237 pilum,
648 2167 724 2220 sic
765 2165 992 2218 comedit
1042 2173 1091 2216 et
1128 2162 1282 2215 bibit.
1315 2159 1792 2226 Quemadmodum
1824 2157 2029 2211 etenim

430 2279 522 2333 qui
553 2263 719 2331 pilum
745 2259 1036 2330 deglutivit
1084 2256 1363 2317 anxiatur,
1401 2255 1474 2307 ita
1509 2261 1564 2308 et
1597 2252 1688 2307 ille
1737 2251 1832 2322 qui
1866 2251 2027 2304 mali-

431 2368 560 2409 tiam
594 2352 816 2424 quidem
874 2351 1256 2414 manducavit,
1291 2348 1499 2418 potavit
1552 2354 1734 2400 autem
1770 2346 2030 2416 ignoran-

431 2458 586 2512 tiam,
617 2451 1020 2508 commovetur,
1042 2441 1403 2512 perturbatur
1429 2436 1851 2507 naturalemque
1877 2435 2034 2490 amit-

433 2548 496 2592 tit
529 2536 918 2590 valetudinem.

507 2625 686 2698 Neque
711 2626 779 2680 ad
820 2636 866 2680 te
889 2625 1205 2679 introducas
1236 2638 1354 2678 eum
1383 2633 1432 2676 et
1464 2620 1710 2676 comedas
1739 2618 2030 2674 buccellam

435 2727 579 2770 tuam
635 2732 753 2770 cum
787 2732 868 2770 eo.
915 2714 1106 2786 Neque
1146 2715 1200 2768 in
1233 2714 1303 2768 iis
1339 2711 1545 2782 quibus
1583 2719 1848 2764 virtutem
1895 2724 2031 2779 ope-

435 2810 599 2874 raris,
623 2808 721 2862 des
748 2808 826 2861 illi
848 2805 1172 2861 facultatem
1199 2805 1350 2858 illam
1385 2803 1492 2859 sibi
1518 2813 1700 2858 tecum
1734 2801 2030 2874 arrogandi

433 2902 487 2956 in
520 2901 828 2956 directione
859 2911 1159 2954 conatuum
1192 2898 1340 2968 ejus.

509 2991 673 3047 Vens.
711 2993 763 3047 8.
800 2991 1013 3046 Evomet
1048 2990 1222 3056 illam,
1249 3000 1298 3044 et
1339 2988 1723 3044 contaminabit
1763 3002 2030 3042 sermones

2125 1895 2320 1967 ὀρέγου
2379 1895 2489 1948 τῶν
2537 1894 2800 1949 ποικίλων
2849 1893 3014 1949 αὑτοῦ
3069 1894 3168 1964 τῆς
3223 1891 3434 1957 κακίας
3508 1887 3726 1963 βρωμά-

2125 2005 2253 2044 των.

2200 2079 2268 2146 ζ’.
2304 2081 2406 2134 Ὃν
2435 2081 2660 2148 τρόπον
2691 2078 2802 2149 γὰρ
2838 2077 2895 2133 εἴ
2938 2095 3030 2145 τις
3077 2076 3345 2144 καταπίῃ
3388 2075 3592 2146 τρίχα,
3631 2074 3727 2128 οὕ-

2126 2192 2242 2241 τως
2278 2174 2467 2229 ἐσθίει
2494 2173 2596 2227 καὶ
2628 2175 2808 2227 πίνει.
2838 2170 2978 2226 Καθ’
3005 2171 3063 2224 ὃν
3090 2170 3202 2242 γὰρ
3246 2169 3459 2241 τρόπον
3506 2171 3535 2222 ὁ
3567 2185 3726 2222 κατα-

2129 2263 2405 2329 πεπωκὼς
2438 2265 2624 2336 τρίχα,
2657 2263 2884 2334 ἰλιγγιᾷ,
2915 2261 3060 2316 οῦτω
3078 2265 3172 2316 καὶ
3201 2261 3366 2325 αὐτὸς
3391 2261 3725 2334 τρεφόμενος

2133 2358 2232 2431 μὲν
2255 2357 2355 2430 τὴν
2389 2358 2613 2422 κακίαν,
2645 2357 2744 2429 τὴν
2767 2357 2811 2412 δ’
2846 2356 3071 2425 ἄγνοιαν
3123 2357 3318 2419 πίνων,
3373 2355 3724 2426 ταράττεται,

2132 2448 2230 2503 καὶ
2254 2449 2626 2504 ἀκαταστατεῖ
2662 2449 2759 2520 τὴν
2786 2448 3024 2519 φυσικὴν
3044 2447 3296 2502 ἀπόλλων
3318 2443 3565 2511 εὐεξίαν.

2202 2627 2369 2699 Μηδέ
2428 2628 2580 2698 πρὸς
2635 2631 2712 2684 σὲ
2758 2629 3090 2700 είσαγάγῃς
3119 2627 3330 2693 αὑτὸν,
3379 2628 3482 2683 καί
3535 2625 3723 2697 φάγῃς

2129 2721 2238 2776 τὸν
2263 2722 2476 2790 ψωμόν
2495 2737 2614 2777 σου
2634 2723 2761 2792 μετ’
2786 2723 2992 2777 αὑτοῦ.
3026 2723 3168 2795 Μήτ’
3227 2724 3284 2775 ὲν
3331 2717 3417 2786 οἷς
3479 2720 3725 2790 πράττεις

2130 2815 2230 2885 τὴν
2253 2815 2476 2886 ἀρετὴν,
2501 2813 2606 2884 δῷς
2651 2814 2801 2884 αὐτῷ
2834 2816 3090 2886 πάροδον,
3147 2815 3243 2868 τοῦ
3295 2814 3604 2868 συνεσθίειν
3648 2828 3723 2864 σοι

2134 2906 2304 2976 αὐτὴν
2325 2907 2382 2961 ἐν
2409 2906 2486 2978 τῷ
2516 2907 2880 2978 ὑπαγορεύειν
2921 2908 3021 2972 τὰς
3056 2908 3336 2970 ἐπιτάσεις
3394 2907 3590 2976 αὐτῆς.

2202 3009 2275 3074 η’.
2307 3000 2740 3072 Ἐξεμέσειτὰρ
2770 3001 2980 3069 αὑτὸν,
3022 3001 3123 3055 καί
3168 3001 3530 3070 λυμανεῖται
3584 2997 3718 3064 τοὺς

437 3095 552 3138 tuos
582 3082 764 3136 baiios.
806 3079 930 3134 Mox
960 3082 1165 3135 etenim
1201 3079 1457 3134 virtutem
1491 3087 1836 3140 contemnet,
1865 3092 1891 3130 a
1921 3076 2028 3130 ﬁne

2147 3093 2359 3161 λόγους
2384 3106 2502 3146 σου
2534 3091 2678 3156 τοὺς
2715 3092 2964 3157 καλούς.
3004 3089 3387 3144 Ἀποϐαλεῖται
3445 3089 3556 3162 γὰρ
3601 3087 3723 3142 ταύ-

437 3177 745 3231 sccunduin
785 3174 959 3228 Deum
1001 3180 1218 3228 avertet
1247 3179 1323 3238 te,
1361 3178 1568 3226 rectam
1601 3179 1752 3224 tuam
1779 3182 2032 3223 corrum-

435 3281 528 3341 pet
567 3268 950 3332 intentionem,
986 3267 1084 3320 tibi
1125 3266 1369 3321 suadens
1408 3264 1668 3317 virtutem
1706 3261 1914 3332 tingere
1963 3260 2036 3315 ob

439 3379 639 3419 vanam
676 3362 911 3434 gloriam
946 3361 1013 3413 ad
1049 3373 1245 3413 auram
1305 3360 1638 3428 popularem
1673 3355 2029 3426 captandam.

509 3541 680 3598 νεεδ.
729 3544 778 3600 9.
835 3539 904 3597 In
955 3557 1110 3596 aures
1171 3538 1525 3608 imprudentis
1579 3537 1690 3590 noli
1743 3534 2033 3605 quidquam

437 3638 645 3702 dicere;
703 3653 764 3690 ne
818 3635 954 3706 forte
1001 3635 1227 3688 irrideat
1272 3634 1536 3699 sapientes
1587 3645 1856 3685 sermones
1889 3639 2031 3688 tuos.

437 3730 664 3784 Nullum
718 3731 1088 3800 pretiosorum
1134 3725 1232 3781 Dei
1291 3739 1614 3781 sermonum
1670 3736 1919 3792 propone
1977 3721 2034 3775 in

439 3825 692 3879 auditum
729 3822 1132 3876 irrationaliter
1163 3819 1424 3882 viventis,
1456 3824 1510 3869 et
1544 3815 1694 3870 sicut
1735 3827 1939 3883 porcus
1975 3809 2031 3865 in

440 3933 599 3973 emno
651 3917 992 3986 voluptatum
1048 3927 1107 3967 se
1161 3909 1490 3975 volutantis,
1522 3923 1590 3962 ne
1618 3908 1762 3962 forte
1801 3904 2036 3960 irrideat

441 4025 729 4068 sermones
757 4019 884 4062 tuos
919 4008 975 4060 in
1012 4007 1248 4060 veritate
1271 4004 1636 4057 constitutos.

512 4101 798 4155 VERS.10.
845 4095 928 4152 Ne
954 4095 1256 4164 transferas
1294 4093 1544 4147 terminos
1581 4101 1841 4155 azternos;
1885 4098 1936 4144 et
1979 4089 2032 4142 in

441 4195 823 4266 possessionem
847 4191 1209 4254 orphanorum
1239 4204 1300 4242 ne
1324 4186 1670 4257 ingrediaris.
1697 4183 1774 4239 Ne
1803 4184 2033 4239 submo-

443 4304 574 4343 veas
613 4297 820 4341 interna
853 4281 950 4338 Dei
995 4282 1230 4351 judicia,
1272 4281 1553 4348 abripiens
1591 4278 1868 4348 judicium
1912 4275 2034 4344 ejus

444 4381 591 4452 quod
625 4390 752 4434 autc
782 4389 997 4448 tempus
1048 4374 1154 4430 fuit
1201 4375 1522 4438 decretum;
1556 4379 1609 4425 et
1659 4371 1715 4424 in
1766 4368 2032 4422 malitiam

2137 3202 2236 3256 την
2269 3185 2330 3238 οὐ
2359 3183 2495 3255 μετά
2525 3184 2684 3250 πολὺ,
2720 3181 3026 3250 ἀπαγαγών
3053 3199 3111 3235 σε
3136 3181 3230 3234 τοῦ
3266 3182 3416 3236 κατά
3445 3182 3578 3235 Θεὸν
3609 3195 3721 3234 σκο-

2137 3276 2242 3329 ποῦ
2280 3293 2293 3306 ·
2334 3277 2428 3329 καὶ
2452 3274 2645 3345 φθερεῖ
2675 3274 2802 3338 τοὺς
2833 3274 2920 3328 ἐπ’
2947 3274 3086 3344 αὐτῇ
3127 3273 3364 3342 ἀγαθοὺς
3414 3272 3718 3342 λογισμοὺς,

2137 3365 2340 3420 πείθων
2371 3383 2428 3418 σε
2462 3365 2854 3436 ὑποκρίνεσθαι
2909 3363 3116 3433 ταύτην
3142 3363 3228 3417 διὰ
3263 3361 3575 3428 κενοδοξίαν
3632 3357 3721 3412 καὶ

2137 3461 2687 3532 ἀνθρωπαρὲσκειαν.

2207 3554 2396 3620 θ¹.Εὶς
2421 3549 2542 3608 ὦτα
2573 3551 2839 3622 ἄφρονος
2877 3551 3073 3622 μηδὲν
3115 3550 3278 3620 λέγε,
3341 3549 3578 3621 μήποτε
3611 3563 3721 3614 μυ·

2135 3647 2393 3714 κτηρίσῃ
2446 3645 2586 3712 τοὺς
2633 3643 2936 3708 συνετοὺς
2962 3643 3189 3713 λόγους
3221 3659 3359 3698 σου.
3384 3641 3610 3714 Μηδένα
3627 3637 3722 3690 τῶν

2137 3737 2298 3792 θείων
2333 3738 2426 3790 καὶ
2461 3736 2843 3808 μαργαρωδῶν
2867 3736 3064 3803 λόγων,
3097 3735 3178 3798 είς
3217 3735 3490 3804 ἀκρόασιν
3547 3728 3723 3800 προτίο

2136 3829 2218 3884 θει
2276 3829 2371 3883 τοῦ
2427 3829 2729 3898 ἀλογίστως
2778 3827 3044 3899 βιοῦντος,
3080 3829 3177 3881 καὶ⁵
3231 3826 3389 3898 δίκην
3443 3825 3628 3896 χοίρου
3652 3819 3720 3890 τῷ

2137 3919 2384 3992 βορϐόρῳ
2413 3919 2520 3973 τῶν
2546 3918 2748 3990 ἡδονῶν
2775 3917 3094 3986 ἐγκαλινδου
3104 3917 3268 3986 μένου
3291 3930 3305 3944 ⁸
3377 3918 3588 3986 μήποτε
3632 3913 3722 3964 ὲπο

2134 4013 2406 4084 εγγελάσῃ
2438 4014 2550 4074 τοῖς
2573 4013 2638 4082 τῇ
2666 4009 2895 4080 ἀληθεία
2926 4008 3200 4079 στοιχοῦσι
3226 4008 3407 4076 λόγοις
3431 4023 3550 4061 σου.

2210 4111 2260 4157 ι’.
2283 4104 2381 4172 Μὴ
2397 4101 2659 4173 μεταθῆς
2685 4102 2817 4170 ὅρια
2844 4099 3051 4158 αἰώνια
3079 4117 3092 4130 ·
3121 4102 3208 4165 εὶς
3238 4099 3307 4151 δὲ
3330 4097 3528 4168 κτῆμα
3551 4097 3722 4164 ὀρέξαι

2135 4197 2259 4253 νῶν
2310 4196 2398 4267 μὴ
2453 4194 2758 4262 εἰσέλθῃς.
2819 4193 2912 4265 Μὴ
2968 4192 3253 4263 μετακίνει
3301 4190 3369 4244 τὰ
3406 4191 3513 4260 πρὸ
3538 4187 3719 4247 αἰῶνος

2136 4292 2336 4355 παντὸς
2363 4289 2457 4344 τοῦ
2487 4288 2620 4340 Θεοῦ
2671 4285 2950 4358 κρίματα,
2993 4283 3338 4356 ἀφαρπάζων
3394 4284 3493 4354 τὴν
3551 4283 3718 4354 κρίσιν

2138 4383 2303 4440 αὐτοῦ
2334 4383 2440 4454 πρὸ
2466 4382 2660 4452 καιροῦ
2695 4397 2708 4411 ⁸
2743 4380 2835 4432 καὶ
2862 4380 2942 4441 είς
2965 4378 3065 4448 τὴν
3097 4379 3239 4431 κατὰ
3267 4373 3715 4447 προαίρεσινὲπι-

443 4475 705 4529 consulto
733 4473 1062 4542 acquisitam
1099 4468 1168 4522 iis
1209 4466 1302 4536 qui
1337 4479 1404 4519 ex
1433 4464 1732 4532 adOptione
1757 4461 1852 4514 Dei
1879 4459 2028 4514 exci-

2147 4478 2436 4548 κτηθεῖσαν
2466 4473 2666 4528 κακίαν
2689 4474 2801 4536 τοῖς
2837 4470 3133 4524 ἐκπεσοῦσι
3159 4469 3261 4538 τῆς
3306 4467 3400 4520 τοῦ
3441 4464 3576 4520 Θεοῦ
3620 4462 3716 4514 υἱο-

445 4571 604 4630 dunt,
647 4581 749 4635 per
789 4561 1177 4616 mandatorum
1224 4560 1344 4630 ejus
1400 4555 1926 4626 transgressionem,
1969 4568 2039 4606 ne

445 4661 796 4730 temetipsum
826 4657 1100 4718 inducas,
1141 4654 1404 4724 judicans
1447 4666 1544 4704 eos
1595 4651 1663 4704 de
1716 4649 1784 4702 iis
1836 4647 2041 4718 quibus

445 4770 554 4825 qua
581 4753 834 4806 homines
868 4751 1151 4804 labuntur.

527 4845 694 4901 Vens.
730 4845 820 4898 Η.
861 4843 965 4909 Qui
993 4844 1132 4896 enim
1164 4837 1382 4894 redemit
1398 4853 1490 4892 eos
1538 4835 1798 4890 Dominus
1827 4835 2036 4889 validus

447 4954 550 5008 est,
594 4953 643 4996 et
667 4939 934 5011 judicabit
954 4938 1224 5010 judicium
1261 4951 1445 4990 eorum
1493 4943 1684 4987 tecum.
1720 4933 1863 4987 Deus
1891 4934 2038 4986 enim

449 5039 804 5106 omnipotens
852 5035 979 5089 illos
1011 5032 1233 5103 quidem
1254 5044 1283 5082 a
1309 5027 1522 5082 malitia
1549 5027 1844 5087 liberabit;
1877 5039 2041 5095 super

451 5139 506 5185 te
535 5138 720 5183 autem
756 5125 999 5186 adducet
1024 5123 1302 5195 judicium
1345 5137 1440 5178 eos
1469 5135 1722 5189 manens,
1754 5131 1806 5176 et
1828 5119 2042 5190 judicio

454 5237 564 5291 quo
590 5221 812 5291 judicas
840 5219 982 5274 alios
1009 5215 1376 5290 judicaberis.
1843 5200 1853 5208 ’

530 5395 692 5452 Vens.
727 5397 814 5452 12.
856 5396 941 5450 Da
967 5397 1019 5451 in
1045 5395 1388 5466 disciplinam
1417 5412 1509 5450 cor
1549 5404 1717 5450 tuum.
1756 5394 1904 5450 Oﬂ‘er
1933 5394 2046 5450 Deo

459 5489 796 5544 intellectum
833 5501 1010 5558 tttum,
1061 5502 1121 5546 ut
1169 5488 1376 5546 divinis
1398 5489 1832 5564 cogitationibus
1881 5489 2046 5544 indu-

456 5593 616 5637 catur
646 5582 711 5636 ad
743 5582 988 5637 meliora.

2138 4569 2343 4633 θεσίας,
2377 4567 2464 4620 διὰ
2494 4566 2595 4636 τῆς
2623 4565 2734 4618 τῶν
2759 4562 2991 4618 ἐντολῶν
3027 4560 3193 4614 αὐτοῦ
3219 4560 3610 4631 παραϐάσεως,
3647 4553 3712 4622 μὴ

2138 4660 2336 4714 σαυτὸν
2385 4656 2710 4728 εἰσαγάγῃς,
2767 4651 3118 4722 κατακρίνων
3169 4649 3370 4711 αὐτοὺς
3413 4647 3500 4717 ἐφ’
3533 4639 3609 4708 οἷς
3645 4641 3714 4702 ὡς

2138 4751 2415 4820 ἄνθρωποι
2445 4747 2870 4802 ὀλισθαίνουσιν.

2213 4850 2300 4897 ια’,
2344 4842 2407 4894 Ὀ
2439 4841 2546 4911 γὰρ
2577 4839 2985 4907 λυτρούμενος
3020 4833 3245 4900 αὐτοὺς
3305 4833 3542 4900 Κύριος,
3591 4840 3715 4894 κρα-

2146 4934 2308 4999 ταιός
2331 4933 2462 4985 ἐστι
2483 4947 2496 4960 °
2518 4930 2614 4984 καί
2633 4928 2827 4998 κρινεῖ
2845 4925 2959 4994 τὴν
2976 4927 3183 4994 κρίσιν
3204 4921 3402 4978 αὐτῶν
3419 4922 3568 4992 μετὰ
3589 4911 3708 4970 σοῦ-

2157 5025 2344 5096 ⁹υγάρ
2379 5025 2510 5087 Θεὸς
2535 5019 2622 5078 οἷα
2659 5024 2836 5077 πάντα
2871 5020 3192 5089 δυνάμενος,
3231 5015 3454 5078 τούτους
3494 5013 3592 5085 μὲν
3631 5008 3715 5074 τῆς

2146 5120 2346 5182 κακίας
2377 5116 2677 5184 ἀπαλλάξει
2698 5133 2711 5147 ·
2747 5115 2842 5168 ἐπὶ
2875 5114 2935 5166 σὲ
2969 5113 3013 5166 δ’
3038 5112 3327 5179 ὲπενέγκει
3383 5107 3485 5179 τὴν
3536 5097 3716 5168 ἀναμέ-

2151 5229 2344 5268 νουσαν
2374 5209 2597 5273 τούτους
2618 5209 2966 5278 κατάκρισιν,
2995 5205 3052 5258 ὲν
3073 5196 3118 5272 ᾧ
3147 5202 3379 5275 κρίματι
3402 5200 3586 5270 ἕτερον
3611 5190 3715 5262 κρί-

2153 5323 2264 5369 νεις
2290 5301 2773 5375 κατακρινόμενον.

2233 5397 2318 5470 ιβ’.
2351 5372 2577 5464 Δὸςνείς
2595 5372 2875 5449 παιδείαν
2902 5390 3016 5460 τὴν
3050 5387 3308 5457 καρδίαν
3349 5398 3486 5439 σου.
3547 5372 3714 5470 Περ-ἀ·

2155 5467 2287 5564 σχου
2349 5488 2468 5559 Θεῷ
2501 5488 2561 5540 τὸ
2589 5482 2929 5556 διανοητικόν
2964 5497 3084 5546 σου,
3135 5480 3224 5533 ἵνα
3268 5479 3390 5543 ταῖς
3428 5473 3598 5536 θείαις
3646 5467 3716 5518 ὲν·

2155 5583 2327 5644 νοίαις
2364 5581 2628 5650 ὲνάγηται
2650 5578 2786 5651 πρὸς
2809 5576 2877 5634 τά
2898 5573 3205 5647 κρείττονα.

2050 5698 2282 5758 NOTAE.

530 5771 607 5840 (1)
635 5768 776 5842 Lege
798 5767 998 5825 dero-3;
1016 5771 1172 5826 Eutr.
