3976 6402
296 368 436 437 1453

1347 365 1884 429 COMMENTARII
1919 364 1997 427 ΙΝ
2050 364 2501 429 PROVERBIA.

3426 361 3562 427 liii

359 482 439 536 Τὰ
489 478 558 534 δὲ
583 473 703 535 ὦτά
741 493 858 534 σου
892 479 1215 548 ἑτοίμασον
1261 480 1469 551 λόγοις
1512 480 1867 548 αἰσθήσεως.

2030 479 2199 534 Aures
2218 488 2394 534 autem
2409 488 2530 533 tuas
2547 476 2736 533 adhibe
2753 475 3079 532 sermonibus
3100 476 3566 534 sensus.Faculta~

281 576 399 638 Τὰς
448 573 493 628 δ’
543 570 848 635 ὲπιπειθεῖς
899 571 1044 642 λόγῳ
1069 570 1165 624 τοῦ
1192 571 1497 642 παθητικοῦ
1529 573 1731 644 μέρους
1767 575 1869 645 τῆς

279 664 464 739 ψυχῆς
494 682 587 720 σου
625 666 912 736 δυνάμεις,
944 665 1045 737 τὴν
1073 664 1369 736 ἐπιθυμίαν
1408 668 1502 721 καὶ
1550 669 1642 721 τὸν
1673 668 1863 739 θυμὸν,

282 755 609 826 εὖτρέπισον
660 754 944 824 λογισμοῖς
1005 755 1120 817 τοῖς
1166 753 1502 825 διακρίνουσι
1576 756 1639 810 τὸ
1696 757 1868 821 ὅντως

280 846 488 916 ἀγαθὸν
521 844 630 900 ἀπὸ
652 844 748 899 τοῦ
772 843 1135 915 νομιζομένου
1158 860 1173 875 ο
1194 843 1336 898 ὥστε
1364 845 1463 916 τὴν
1498 846 1617 914 μὲν,
1645 846 1742 900 τοῦ
1780 847 1869 902 δν-

280 953 392 1000 τως
428 936 720 1007 ὀρέγεσθαι
753 932 960 1004 ἀγαθοῦ
992 950 1005 964 ο
1033 933 1128 990 τὸν
1155 934 1235 1002 δὲ,
1263 936 1323 991 τὸ
1348 936 1706 1009 νομιζόμενον
1728 939 1869 995 ἀπο-

283 1028 634 1102 στρέφεσθαι.

354 1189 424 1259 ιγ’
429 1230 443 1245 .
470 1188 570 1258 Μὴ
606 1188 855 1259 ἀπόσχῃ
883 1188 1107 1258 νήπιον
1128 1190 1434 1246 παιδεύειν
1466 1207 1483 1225 ο
1510 1193 1601 1248 ὅτι
1620 1192 1729 1248 ἐὰν
1751 1207 1869 1247 παι

279 1281 473 1350 τάξῃς
495 1280 685 1336 αὐτὸν
704 1281 929 1349 ῥάϐδῳ,
956 1283 1031 1338 οὑ
1070 1280 1158 1353 μὴ
1200 1282 1498 1354 ἀποθάνῃ.
1541 1283 1635 1356 Μὴ
1681 1284 1866 1357 παύσῃ

278 1373 341 1428 τὸ
367 1371 657 1445 νηπιωδῶς
687 1374 940 1443 φρονοῦν,
962 1376 1057 1430 καὶ
1079 1374 1382 1443 ἀλογίστως
1407 1374 1708 1448 φερόμενον
1738 1393 1870 1449 σαρ-

278 1464 400 1520 κίον
431 1480 552 1529 σου,
575 1464 714 1536 πρὸς
734 1465 997 1537 ἐργασίαν
1022 1466 1308 1538 ῥυθμίζειν
1326 1467 1420 1522 τοῦ
1449 1467 1657 1537 ἀγαθοῦ
1679 1484 1694 1498 ο
1716 1468 1871 1522 ἐπει-

277 1555 457 1628 δήπερ
483 1557 533 1610 el
560 1555 639 1620 ὡς
673 1556 732 1610 ἔν
751 1575 859 1611 τινι
885 1558 1092 1629 ῥάϐδῳ,
1131 1558 1277 1631 λόγῳ
1328 1557 1689 1623 ταπεινώσεις
1733 1558 1869 1614 αὐτὸ

279 1644 623 1712 ὑπωπιάζων
650 1649 744 1704 καὶ
771 1648 1157 1718 δουλαγωγῶν,
1187 1649 1248 1704 οὐ
1291 1650 1367 1723 μὴ
1405 1649 1705 1724 διαφθαρῇ,
1762 1651 1870 1706 κᾶν

279 1737 558 1810 ὐποτρέχῃ
593 1755 654 1792 σε
686 1738 851 1808 φόϐος
876 1738 1138 1800 τοιοῦτος.

1972 576 2052 626 tes
2073 575 2258 625 autem
2299 584 2423 639 quae
2440 569 2637 624 animae
2654 569 2793 638 parti
2809 570 3087 622 sensitive:
3103 568 3387 632 obediuni,
3401 585 3566 640 appe-

1971 660 2132 717 titum
2157 660 2878 731 scilicetconcupiscibilem
2898 668 2950 714 et
2971 661 3275 730 appetitum
3304 661 3564 715 il‘ascibi-

1972 750 2105 819 lem,
2132 766 2378 823 praepara
2418 752 2934 809 ratiocinationibus
2967 768 3090 823 quae
3125 767 3317 807 verum
3359 755 3567 810 bonum

1969 842 2295 901 discernunt
2324 846 2392 900 ab
2423 861 2489 901 eo
2508 845 2652 916 quod
2694 852 2958 900 censetur
2987 845 3188 900 bonum
3213 861 3228 909 ;
3263 846 3567 916 appetitum

1971 934 2191 1011 quidem
2215 938 2705 1007 concupiscibilem
2753 945 2814 991 ut
2837 952 3030 1027 verum
3064 937 3265 992 bonum
3295 941 3566 1008 concupi-

1969 1034 2109 1094 scat,
2167 1027 2506 1084 irascibilem
2582 1037 2767 1083 autem
2815 1037 2869 1083 ut
2917 1027 2986 1083 ab
3008 1042 3075 1083 eo
3120 1029 3263 1098 quod
3306 1040 3569 1085 censetur

1967 1118 2174 1174 bonum
2216 1126 2514 1175 avertatur.

2044 1209 2213 1266 Vsus.
2247 1211 2335 1265 13.
2377 1210 2512 1267 Νοίὶ
2541 1211 2853 1269 subtrahere
2913 1231 2945 1268 α
2976 1230 3139 1284 puero
3180 1215 3515 1284 disciplinam
3548 1229 3566 1270 :

1969 1302 2016 1356 εἰ
2063 1302 2206 1357 enim
2251 1301 2573 1371 percusseris
2615 1318 2733 1355 eum
2802 1304 2972 1371 virga,
3024 1318 3126 1357 non
3173 1304 3448 1357 morietur.
3489 1301 3571 1357 Ne

1970 1393 2286 1451 cessaveris
2316 1407 2541 1447 carnem
2568 1393 2806 1462 puerilia
2833 1393 3168 1449 sentientem
3215 1404 3270 1450 et
3313 1396 3380 1449 ad
3430 1396 3571 1450 irra-

1969 1483 2204 1540 tionalia
2238 1484 2565 1553 proclivem,
2596 1482 2836 1551 dirigere
2873 1484 2941 1538 ad
2979 1486 3357 1555 operationem
3400 1487 3567 1553 boni;
3652 1506 3657 1511 ·

1972 1577 2245 1647 siquidem
2300 1575 2450 1631 illam
2509 1576 2730 1631 ratione
2789 1577 2951 1645 quasi
3009 1576 3164 1647 virga
3223 1577 3569 1633 liumiliatam

1972 1667 2283 1738 subjeceris
2313 1674 2369 1723 et
2406 1667 2463 1721 in
2506 1666 2832 1722 servitutem
2865 1665 3167 1737 redegeris,
3217 1682 3327 1723 non
3363 1668 3572 1723 interii-

1975 1759 2175 1825 cietur,
2198 1758 2305 1814 etsi
2332 1758 2497 1815 timor
2527 1760 2656 1815 talis
2687 1758 2743 1813 in
2769 1767 3009 1815 mentem
3033 1759 3133 1816 tibi
3159 1760 3376 1816 subeat.

346 1829 430 1882 ιδ’.
462 1829 546 1884 Σὺ
570 1829 690 1899 μὲν
723 1829 838 1899 γὰρ
867 1828 1160 1897 πατάξεις
1197 1830 1388 1885 αὐτὸν
1413 1830 1636 1900 ῥάϐδῳ,
1663 1830 1781 1900 τὴν
1806 1831 1867 1886 δὲ

2058 1846 2221 1904 Vsus.
2256 1847 2343 1902 Η.
2371 1848 2452 1903 Tu
2478 1847 2688 1921 quidem
2714 1852 2973 1920 percuties
2993 1867 3115 1906 eum
3146 1853 3315 1923 virga,
3332 1856 3572 1908 animam

277 1919 501 1989 ψυχὴν
522 1920 825 1976 αὺτοῦ-ἐκ
867 1920 1131 1976 θανάτου
1154 1922 1347 1990 ῥύσῃ.
1396 1922 1470 1976 Σὺ
1513 1922 1613 1995 μὲν
1639 1923 1770 1996 γὰρ,
1801 1922 1879 1988 ὡς

275 2013 522 2086 εἴρηται,
568 2012 940 2079 ταπεινώσεις
973 2011 1135 2080 αὐτὸ,
1163 2015 1242 2079 ὡς
1271 2014 1339 2070 ἂν
1371 2015 1446 2086 μὴ
1484 2016 1779 2090 παρασύρῃ
1818 2036 1880 2074 σε

272 2108 354 2169 εἰς
370 2105 661 2177 κρημνοὺς
679 2104 879 2170 κακίας
890 2107 986 2160 καὶ
1004 2104 1276 2180 βάραθρα*
1293 2106 1462 2178 τὴνδὲ
1502 2108 1878 2177 ζωογονοῦσαν

271 2196 428 2251 τοῦτο
464 2197 645 2269 ψυχήν
674 2214 791 2263 σου,
826 2197 988 2271 ἐξέλῃ
1021 2199 1115 2254 τοῦ
1149 2197 1273 2254 καθ’
1302 2199 1581 2270 ἁμαρτίαν
1614 2200 1875 2260 θανάτου.

344 2288 427 2355 ιε’,
465 2296 563 2354 ις’.
591 2288 704 2356 Υἱὲ,
755 2290 874 2344 ἐὰν
908 2289 1077 2360 σοφὴ
1128 2289 1375 2361 γένηταί
1415 2306 1535 2347 σου
1562 2292 1602 2360 ἦ
1638 2293 1874 2364 καρδία,

268 2380 603 2449 εὐφρανεῖς
629 2381 730 2435 καὶ
759 2380 878 2451 τὴν
914 2381 1075 2452 ἐμὴν
1106 2382 1366 2451 καρδίαν
1390 2399 1405 2415 ·
1444 2385 1544 2440 καὶ
1583 2385 1876 2455 ἐνδιατρί-

269 2472 371 2541 ψει
397 2470 617 2537 λόγοις
661 2469 735 2525 τὰ
769 2471 853 2526 σὰ
895 2472 1072 2542 χείλη
1103 2473 1255 2543 πρὸς
1302 2472 1377 2528 τὰ
1414 2474 1529 2545 ἐμὰ
1565 2475 1762 2545 χείλη,
1797 2475 1876 2532 ἂν

269 2559 415 2627 ὀρθὰ
464 2558 601 2615 ὦσι.
643 2560 872 2624 Τέκνον,
905 2559 936 2613 ὃ
985 2561 1376 2630 πνευματικῶς
1418 2564 1543 2628 ταῖς
1598 2564 1761 2635 ἐμαῖς
1795 2565 1874 2619 δι-

246 2648 604 2713 δασκαλίαις
645 2649 911 2721 ὠδίνησα,
951 2649 1050 2707 ἐὰν
1092 2650 1254 2722 λόγου
1304 2653 1457 2708 θείου
1494 2654 1744 2730 μετάσχῃ
1778 2672 1871 2711 σου

266 2739 508 2815 ἡψυχὴ,
559 2740 886 2811 ἀγαλλίασιν
927 2743 1025 2797 καὶ
1074 2745 1141 2815 τῇ
1192 2745 1300 2815 ἐμῇ
1328 2743 1477 2819 ψυχῇ
1525 2749 1869 2820 ἐμποιήσεις,

266 2833 459 2889 οἰκεῖά
506 2851 610 2906 μου
666 2834 1024 2906 λογιζομένου
1065 2834 1135 2889 τὰ
1181 2835 1289 2889 σά·
1340 2838 1437 2891 καὶ
1471 2838 1542 2892 τὰ
1578 2838 1736 2908 λόγιά
1777 2856 1871 2895 σου

202 2942 210 2950 ·
266 2925 403 2996 πρὸς
448 2924 516 2979 τὰ
548 2927 658 2997 ὲμά
685 2925 763 2991 ὡς
795 2926 934 2998 πρός
958 2943 1081 2981 τινα
1108 2928 1312 2983 κανόνα
1367 2931 1733 3002 παρασαλεῖς,
1776 2932 1873 2987 καὶ

269 3016 666 3085 ωνεξετάσεις
699 3017 795 3071 ὲάν
819 3018 1151 3091 ὑπάρχωσιν
1175 3018 1377 3092 ἀληθῆ.

347 3108 440 3173 ιζ’,
470 3108 560 3180 ιη’,
581 3108 677 3179 Μὴ
709 3109 973 3179 ζηλούτω
1004 3113 1042 3181 ἠ
1073 3111 1289 3181 καρδία
1309 3127 1430 3168 σου
1456 3113 1870 3184 ἁμαρτωλοὺς,

597 3168 769 3271 φάσω·
808 3168 1040 3271 Κυρίου
1078 3168 1205 3259 labs
1243 3203 1400 3273 ὅλην
1431 3168 1549 3273 diu
1900 3168 1942 3226 ϐ

275 3288 388 3343 ἐῖιν
416 3291 527 3359 γὰρ
551 3289 830 3359 τηρήσῃς
859 3292 1036 3355 αὐτὰ,
1077 3291 1252 3347 ἔσται
1290 3309 1388 3348 σοι
1421 3288 1647 3364 ἔκγονα
1671 3313 1687 3328 ο
1730 3298 1768 3365 ή
1806 3296 1875 3351 δὲ

277 3380 457 3446 ἐλπίς
485 3395 603 3435 σου
654 3382 767 3434 οὐκ
806 3381 1244 3469 ἀποστήσεεαι.
1292 3385 1386 3455 Μὴ
1412 3386 1540 3450 τοὺς
1570 3387 1678 3441 τῶν
1711 3387 1874 3444 θείων

276 3469 513 3525 ἀπολῶν
568 3472 896 3542 παραϐάτας
952 3474 1234 3544 μιμείσθω
1289 3493 1385 3529 σου
1428 3479 1462 3547 ἡ
1516 3477 1684 3549 ψυχὴ,
1733 3479 1873 3534 ἀλλά
1904 3530 1915 3539 ,

279 3561 446 3632 φόϐον
476 3560 567 3631 ἔχε
611 3561 706 3615 τοῦ
752 3561 864 3617 τῶν
904 3562 1041 3617 ὅλων
1080 3564 1357 3619 Δεσπότου
1407 3566 1568 3632 Θεοῦ,
1607 3568 1713 3633 ἕως
1738 3567 1805 3622 ἂν
1838 3571 1870 3640 ή

273 3652 373 3707 τοῦ
417 3652 652 3708 θανάτου
707 3652 805 3719 νὺξ
860 3654 1170 3729 καταλάϐῃ.
1231 3648 1377 3712 Ἐὰν
1416 3657 1522 3730 γὰρ
1579 3658 1870 3731 ἀμφότερα

276 3742 456 3798 ταῦτα
509 3743 798 3818 φυλάξῃς,
860 3745 1005 3810 ἔξεις
1074 3746 1337 3818 μαθητῶν
1399 3749 1694 3821 μαθητὰς,
1741 3753 1870 3817 τοὺς

279 3830 585 3901 ἑπομένους
610 3835 676 3904 τῇ
709 3832 1029 3906 διδασκαλίᾳ
1064 3851 1182 3903 σου,
1214 3839 1312 3891 καὶ
1340 3838 1433 3893 τὸν
1460 3839 1754 3912 ἄμεμπτόν
1777 3860 1870 3898 σου

279 3919 392 3990 βίον
426 3921 746 3992 ζηλοῦντας,
778 3924 874 3979 καὶ
901 3924 1160 3981 οὐδέποτε
1210 3928 1538 3999 ἀπελπίσεις
1568 3931 1668 4004 τὴν
1695 3949 1873 4006 σωτη-

279 4012 405 4084 ρίαν
438 4030 554 4069 sou.

350 4105 436 4159 ιθ’.
473 4107 706 4174 Ἄκουε,
746 4107 861 4176 υἱὲ,
903 4107 1003 4163 καί
1039 4110 1237 4180 σοφὸς
1279 4112 1486 4182 τινουο
1517 4107 1615 4169 καί
1659 4117 1869 4173 κατεύ-

274 4196 421 4250 θυνε
452 4195 699 4252 ἔννοιαν
740 4200 864 4267 σῆς
912 4200 1185 4269 καρδιάςι
1233 4202 1468 4268 Ἀπόθες
1511 4222 1602 4277 μοι
1650 4209 1718 4263 τά
1755 4203 1871 4265 ὦτά

278 4303 395 4353 σου,
423 4287 638 4353 τέκνον,
662 4288 756 4342 καὶ
775 4289 924 4343 θείου
958 4292 1360 4363 μεταλάμϐανε
1389 4296 1573 4366 λόγου,
1607 4302 1702 4354 uel
1728 4303 1869 4357 κατὰ

273 4377 465 4432 τοῦτον
516 4378 813 4434 κατεύθυνε
854 4380 954 4451 τὴν
1002 4382 1228 4456 πρώτην
1274 4387 1418 4442 κατὰ
1478 4388 1602 4443 νοῦν
1650 4391 1868 4462 κίνησιν

275 4469 378 4540 τῆς
406 4470 593 4541 ψυχῆς
627 4487 721 4524 σου
747 4487 761 4500 ·
812 4470 954 4526 ὥστε
1002 4476 1101 4545 τῆς
1148 4475 1424 4546 ἀληθείας
1447 4479 1523 4552 μὴ
1556 4484 1862 4556 παρεκτρέ-

272 4559 495 4616 πεσθαι.

341 4659 413 4708 κ’.
460 4653 560 4722 Μὴ
586 4653 731 4711 ,ισθι
772 4657 1113 4728 οἰνοπότης,
1138 4660 1295 4730 μηδὲ
1324 4662 1594 4720 ἐκτεινου
1633 4668 1859 4738 συμϐο-

268 4745 430 4812 λαῖς,
460 4745 652 4814 κρεῶν
681 4764 749 4802 τε
798 4749 1185 4821 ἀγορασμοῖς.
1221 4755 1316 4824 Μὴ
1348 4756 1465 4827 χρῶ
1489 4760 1555 4830 τῇ
1586 4760 1683 4814 τοῦ
1713 4762 1857 4817 οἴνου

270 4833 431 4888 πόσει
460 4836 714 4908 ἀμέτρως
742 4853 755 4868 ο
790 4856 826 4909 μ
842 4839 933 4911 ἣτε
983 4841 1090 4913 μὴν
1137 4844 1232 4897 ἐπὶ
1280 4845 1418 4900 πολὺ
1452 4850 1573 4913 ταῖς
1628 4850 1859 4921 ἀγοραῖς

269 4925 602 5017 ένδιάτριϐε,
648 4930 718 4985 τά
772 4932 910 5004 πρὸς
969 4933 1272 5005 θεραπείαν
1320 4938 1420 5009 τῆς
1471 4943 1715 5017 γαστρός,
1762 4960 1856 4998 σου

269 5016 600 5091 ὠνούμενος.

338 5116 446 5166 κα¹.
486 5110 614 5178 Πᾶς
667 5113 778 5184 γὰρ
800 5114 1066 5186 μέθυσος
1111 5120 1212 5175 καὶ
1244 5126 1626 5193 πορνοκόπος
1699 5143 1855 5182 πτω-

266 5203 509 5273 χεύσειί,
544 5205 646 5260 καὶ
690 5206 1014 5265 ἐνδύσεται
1054 5210 1449 5284 διερῤηγμένα
1487 5220 1587 5272 καὶ
1611 5218 1853 5287 ῥακὼδη

266 5290 385 5359 πᾶς
418 5295 720 5367 ὑπνώδης.
774 5298 889 5363 Πᾶς
931 5301 1045 5372 γὰρ
1097 5305 1162 5374 τῇ
1206 5305 1374 5378 πολλῇ
1417 5306 1719 5381 οἱνοποσεᾳ,
1757 5308 1852 5361 τοῦ

267 5383 385 5447 νοὸς
428 5384 807 5459 ἐξιστάμενος,
863 5393 959 5445 καὶ
1006 5395 1066 5447 ὲν
1119 5395 1199 5466 τῷ
1246 5398 1346 5469 τὴν
1390 5400 1635 5471 γαστέρα
1689 5400 1852 5471 θεραο

267 5472 478 5543 πεύειν,
505 5481 617 5542 τοῖς
658 5480 1050 5553 ὑπογαστρίοις
1090 5486 1592 5559 ὲκθερμαινὸμενος
1631 5490 1850 5553 πάθεσι,

269 5562 364 5615 καὶ
387 5565 716 5640 ἐκλυόμενος
750 5575 818 5643 τῇ
849 5574 1141 5647 ἀκολασίᾳ,
1171 5580 1495 5636 ἐκπεσεῖται
1533 5580 1631 5634 τοῦ
1661 5599 1719 5635 τε
1749 5599 1854 5635 σω-

272 5654 502 5730 ματικοῦ
534 5659 628 5712 καὶ
661 5665 1038 5733 πνευματικοῦ
1088 5667 1323 5722 πλούτου
1345 5685 1358 5700 ·
1388 5670 1852 5744 καταδαπανήσας

268 5740 366 5798 ml.
397 5745 747 5825 ἀμφοτέρους
805 5757 863 5836 ὲν
922 5759 1035 5823 τοῖς
1084 5760 1182 5832 τῆς
1228 5762 1491 5836 αἰσχύνης
1539 5740 1851 5836 ἔργοις-καὶ

1435 5922 1467 5945 δ

1982 1948 2160 1994 autem
2185 1940 2301 2010 ejus
2340 1957 2375 1994 a
2414 1950 2583 1995 morte
2625 1940 2897 1999 liberabis.
2941 1943 3079 1998 Nam
3112 1953 3172 1999 tu
3213 1946 3463 2016 quidem,
3509 1958 3589 2003 ut‘

1979 2029 2244 2098 diximus,
2273 2031 2599 2089 humiliabis
2641 2047 2762 2089 eam
2789 2043 2851 2089 ut
2880 2049 2991 2090 non
3016 2043 3073 2090 te
3102 2036 3340 2108 abripiat
3367 2040 3420 2093 in
3453 2040 3572 2094 vitii
3606 2020 3615 2039 ’

1979 2120 2343 2193 praecipitium
2372 2129 2428 2177 et
2465 2124 2520 2177 in
2552 2124 2893 2192 perniciem;
2928 2125 3166 2180 animam
3199 2136 3383 2182 autem
3417 2141 3569 2184 tuam

1984 2226 2112 2283 quae
2139 2211 2288 2265 illam
2321 2201 2563 2267 viviﬁcat
2592 2228 2622 2267 a
2655 2222 2831 2270 morte
2866 2217 3074 2286 peccati
3103 2217 3390 2273 liberabis.

2051 2301 2221 2358 Vens.
2253 2302 2342 2371 15,
2372 2303 2461 2365 lli.
2498 2302 2633 2373 Fili,
2678 2306 2726 2360 si
2752 2306 2966 2376 sapiens
2994 2306 3156 2377 fuerit
3179 2311 3389 2366 animus
3419 2322 3565 2376 tuus,

1976 2399 2229 2469 gaudebit
2257 2408 2428 2453 tecum
2469 2415 2563 2454 cor
2598 2416 2797 2468 meum,
2831 2411 2882 2456 et
2910 2403 3334 2459 immorabuntur
3366 2423 3569 2461 sermo—

1976 2492 2129 2547 nibus
2158 2505 2250 2547 tua
2276 2492 2420 2547 labia
2444 2494 2513 2547 ad
2537 2510 2652 2549 mea
2668 2493 2834 2558 labia,
2859 2496 2907 2549 si
2936 2506 3082 2551 recta
3107 2498 3234 2551 sint.
3254 2496 3376 2559 Fili,
3402 2516 3568 2569 quem

1978 2581 2355 2654 spiritualiter
2394 2584 2539 2640 meis
2570 2584 2844 2641 doctrinis
2888 2586 3076 2656 genui,
3125 2588 3172 2642 si
3203 2589 3375 2643 divini
3414 2586 3567 2646 verbi

1976 2672 2163 2727 anima
2187 2683 2277 2728 tua
2300 2672 2579 2745 particeps
2613 2673 2757 2729 facta
2786 2673 2972 2743 fuerit,
3016 2676 3220 2747 gaudio
3250 2688 3305 2734 et
3324 2680 3568 2736 animam

1974 2779 2152 2821 meam
2180 2763 2460 2831 alleceris,
2494 2767 2624 2837 quia
2659 2775 2750 2822 tua
2797 2777 2992 2837 reputo
3037 2785 3199 2825 mea:
3246 2782 3300 2827 et
3346 2774 3570 2843 eloquia

1976 2864 2072 2911 tua
2106 2871 2236 2911 cum
2266 2857 2504 2927 eloquiis
2537 2859 2675 2915 meis
2710 2861 2868 2929 quasi
2899 2861 2968 2915 ad
2997 2862 3289 2931 quamdam
3324 2867 3570 2936 regulam

1975 2948 2251 3016 conl'eres,
2281 2958 2336 3006 et
2376 2958 2562 3006 utrum
2596 2966 2720 3007 vero
2753 2952 2868 3008 siut
2902 2953 3176 3026 inquircs.

2047 3125 2212 3182 Vens.
2246 3126 2333 3193 l7,
2356 3128 2443 3185 l8.
2469 3126 2887 3187 Nontemulelur
2916 3148 3011 3188 eor
3039 3142 3186 3188 tuum
3213 3148 3516 3202 peccatores
3551 3153 3569 3191 :

1976 3216 2067 3271 sed
2098 3218 2154 3271 in
2193 3220 2383 3274 timore
2420 3219 2518 3275 Dei
2559 3233 2671 3279 esto
2699 3232 2812 3279 tota
2841 3223 2950 3280 die.
2985 3223 3131 3280 Nam
3181 3229 3230 3282 si
3263 3228 3568 3286 observave-

1976 3309 2051 3363 ris
2069 3326 2154 3377 ea,
2171 3322 2328 3365 erunt
2352 3312 2449 3367 tibi
2473 3325 2720 3385 nepotes;
2747 3331 2862 3386 spes
2887 3328 3067 3372 autem
3089 3329 3183 3374 tua
3204 3336 3312 3376 non
3341 3324 3561 3378 recedet.

1974 3397 2053 3455 Ne
2084 3401 2399 3458 divinorum
2424 3409 2808 3461 mandatorum
2840 3416 3286 3481 transgressores
3316 3414 3570 3469 imitetur

1975 3490 2162 3546 anima
2214 3499 2335 3557 tua,
2385 3493 2481 3549 sed
2532 3493 2627 3550 Dei
2686 3497 3075 3553 universorum
3120 3499 3344 3556 Domini
3426 3503 3567 3560 habe

1974 3581 2256 3651 timorem,
2286 3585 2464 3640 donec
2500 3587 2699 3644 mortis
2728 3604 2839 3645 nos
2872 3590 3151 3650 adveniat.
3189 3593 3244 3650 Si
3274 3603 3568 3668 utrumque

1973 3672 2388 3741 observaveris,
2420 3677 2648 3734 habebis
2692 3680 3004 3753 discipulos
3038 3678 3440 3756 discipulorum
3470 3694 3566 3762 qui

1972 3763 2284 3822 doctrinam
2334 3774 2483 3822 tuam
2542 3781 2845 3842 sequentur
2897 3787 2962 3827 ac
3020 3774 3565 3846 irreprehensibilem

1976 3866 2123 3913 tuam
2164 3861 2505 3917 aunulabunt
2526 3863 2717 3931 vitam,
2747 3875 2801 3921 et
2836 3881 3120 3938 nunquam
3159 3868 3225 3925 de
3261 3870 3441 3928 salute
3472 3883 3565 3929 tua

1973 3951 2315 4023 desperabis.

2037 4135 2201 4193 Vens.
2241 4139 2328 4196 l9.
2363 4139 2526 4206 Audi,
2559 4142 2640 4212 ﬁli
2666 4143 2762 4207 mi,
2804 4154 2858 4200 et
2894 4158 3017 4201 esto
3047 4150 3366 4219 sapiens;et
3397 4152 3564 4220 dirige

1973 4230 2330 4301 cogitationes
2352 4234 2530 4287 cordis
2551 4235 2648 4287 tui.
2671 4235 2921 4307 Appone,
2946 4238 3044 4304 lili,
3063 4255 3229 4298 aures
3253 4252 3378 4300 tuas
3401 4247 3560 4315 mihi,

1970 4330 2027 4376 et
2076 4323 2247 4377 divini
2290 4334 2410 4380 esto
2458 4330 2740 4397 particeps
2799 4332 2976 4394 verbi,
3006 4342 3061 4387 et
3083 4337 3390 4391 secundum
3425 4339 3560 4394 illud

1970 4412 2200 4468 verbum
2229 4416 2408 4488 dirige
2438 4419 2868 4475 intellectualem
2896 4425 3090 4478 anima:
3115 4437 3220 4481 tuae
3243 4439 3476 4496 motum,
3504 4443 3564 4486 ut

1893 4503 1943 4563 D
1968 4521 1999 4561 a
2028 4510 2262 4565 veritate
2302 4525 2408 4566 non
2440 4513 2731 4568 averteris.
2790 4560 2793 4563 .

2035 4664 2201 4723 Vsus.
2231 4667 2323 4722 20.
2369 4666 2499 4724 Noli
2526 4686 2639 4725 esse
2682 4672 2737 4725 in
2770 4674 3021 4729 conviviis
3069 4686 3379 4744 palatorum
3428 4683 3559 4745 vini,

1961 4771 2054 4811 nec
2083 4756 2138 4808 in
2170 4757 2641 4812 comessationibus
2670 4776 2852 4814 eorum
2901 4762 2993 4831 qui
3026 4780 3212 4818 carnes
3244 4768 3314 4820 ad
3348 4785 3558 4824 vescen-

1960 4846 2087 4899 dum
2115 4846 2413 4920 conferunt.
2459 4844 2535 4902 Nc
2589 4847 2954 4906 immoderate
2995 4851 3108 4907 vini
3159 4865 3291 4925 potu
3343 4863 3556 4927 utaris,

1960 4952 2140 5008 neque
2170 4939 2403 4991 multum
2436 4937 2493 4992 in
2515 4936 2636 4994 l‘oro
2672 4939 2987 4999 immoreris
3008 4943 3079 5000 ad
3106 4948 3399 5003 emendum
3435 4968 3559 5022 qua:

1962 5029 2138 5085 ventri
2176 5040 2272 5083 tuo
2306 5028 2641 5086 inserviunt.

2032 5121 2190 5178 Vsus.
2225 5121 2319 5178 21.
2354 5121 2540 5178 Omnis
2569 5124 2708 5179 enim
2752 5127 2927 5182 ebrius
2972 5136 3023 5182 et
3045 5138 3312 5185 scortator
3354 5133 3559 5188 mendi-

1957 5215 2120 5279 cabit,
2162 5223 2211 5269 et
2248 5215 2499 5269 induetur
2541 5216 2797 5287 disruptis
2840 5230 2891 5275 et
2938 5220 3128 5276 laceris
3161 5223 3354 5291 pannis
3385 5228 3556 5281 omnis

1955 5308 2341 5363 somnolentus.
2383 5309 2577 5365 Omnis
2608 5311 2754 5366 enim
2808 5313 2973 5370 homo
3008 5315 3195 5373 multae
3238 5317 3350 5372 vini
3399 5328 3559 5389 pota-

1956 5398 2093 5453 tioni
2121 5398 2340 5455 deditus
2365 5416 2430 5456 ac
2459 5402 2690 5457 servitio
2722 5405 2956 5470 ventris,
2986 5411 3266 5477 corporeis
3284 5425 3557 5469 accensus

1955 5489 2279 5547 libidinibus
2307 5500 2361 5546 et
2386 5492 2440 5546 in
2475 5493 2934 5551 incontinentiam
2963 5498 3292 5571 dissipatus,
3329 5503 3552 5563 divitiis

1954 5590 2075 5647 tum
2108 5583 2491 5653 corporalibus
2520 5593 2635 5640 tum
2668 5587 3051 5659 spiritualibus
3071 5594 3309 5651 excidet.
3329 5593 3561 5658 Utrum-

1954 5690 2063 5747 que
2094 5677 2240 5731 enim
2282 5676 2564 5747 impendit
2615 5680 2670 5735 in
2706 5683 2970 5753 operibus
3018 5700 3084 5742 ac
3112 5686 3560 5760 cogitationibus

1960 5767 2345 5838 turpitudinis.
2379 5769 2442 5825 Et
2475 5773 2657 5829 omnis
2682 5774 2850 5832 homo
2874 5777 3155 5851 negligens
3185 5788 3240 5838 ct
3266 5781 3322 5838 in
3352 5797 3556 5856 corpo—
