3976 6392
456 349 603 415 Ηὖὸ

1755 343 2106 406 PROCOPlI
2137 341 2379 403 (ΞΑΖΧΕΙ

3584 328 3704 391 1.556

450 464 664 517 raltbus
689 471 741 516 et
769 461 822 515 iu
845 459 1233 531 spiritualibus
1253 458 1511 513 induatur
1533 457 1757 528 quidem
1771 457 2039 529 disruptis

2171 454 2430 524 ,ογισμοτς
2456 470 2470 485 ·
2507 451 2603 505 καὶ
2632 448 3018 522 περιϐαλεῖται
3052 442 3388 517 σωματικῶς
3419 443 3537 514 μὲν,
3564 446 3708 513 χιτῶ-

451 568 503 611 et
525 554 733 610 vilibus
750 554 978 624 pannis;
1013 551 1197 606 anima
1238 562 1419 604 autem
1454 549 1578 619 ejus
1600 548 1920 618 ,involvetur
1944 564 2039 602 eo-

446 648 813 720 gitati’onibus
857 644 1054 701 divisis
1109 643 1254 697 inter
1299 642 1568 712 plurimas
1616 640 2039 695 irrationabiles

453 741 770 810 cupidines,
789 734 1139 800 et‘humiles,
1179 750 1300 803 qua:
1331 733 1397 787 ad
1439 734 1673 806 gloriam
1691 731 1788 790 Dei
1816 733 2041 790 univer-

455 847 645 889 sorutn
688 829 954 887 creatoris
981 827 1287 900 perducere
1318 842 1430 881 non
1458 826 1663 881 valent.

527 1096 693 1152 Vens.
726 1095 816 1150 22.
851 1094 1017 1161 Audi,
1052 1095 1152 1165 ﬁli,
1190 1105 1393 1164 patrem
1431 1103 1580 1147 tuum
1629 1092 1720 1160 qui
1758 1092 1934 1163 genuit
1974 1077 2044 1146 te.

455 1190 647 1255 Obetli,
694 1188 767 1242 tili
829 1187 1161 1257 spiritualis,
1198 1186 1477 1241 mandatis
1513 1183 1636 1254 ejus
1663 1183 1758 1254 qui
1811 1190 1864 1238 te
1898 1181 2046 1239 ado-

456 1283 653 1354 ptavit,
684 1281 988 1338 secundum
1018 1280 1252 1351 gratiam
1288 1294 1385 1348 per
1417 1278 1577 1332 (idem
1607 1275 1703 1332 Dei
1735 1275 1790 1329 in
1826 1290 1973 1329 eum.

530 1375 595 1429 Et
629 1391 690 1430 ne
737 1383 1045 1428 contemnas
1074 1389 1204 1426 cum
1237 1373 1468 1426 senuerit
1516 1378 1689 1423 mater
1731 1377 1845 1421 tua.
1893 1367 2049 1422 Vete-

458 1486 573 1524 rem
607 1470 921 1524 doctrinam
951 1482 1074 1537 qum
1104 1477 1156 1521 te
1180 1465 1449 1520 enutrivit
1482 1479 1551 1517 ne
1568 1470 1894 1517 contemnas
1919 1459 2047 1527 quia

456 1563 678 1615 inﬁrma
734 1560 880 1614 facta
923 1566 1070 1614 sunt
1125 1540 1377 1629 s’ymbola
1406 1557 1559 1625 ejus,
1618 1571 1741 1611 cum
1794 1554 2049 1611 Christus

456 1662 647 1722 typum
681 1666 780 1722 per
807 1651 982 1722 legem
1015 1663 1343 1719 expressum
1373 1662 1499 1703 vere
1528 1646 1796 1719 implevit.

1970 1774 1979 1777 _
2076 1700 2118 1757 B

529 1829 698 1885 Vens.
716 1829 809 1884 24.
836 1829 975 1884 Bene
991 1828 1179 1882 educat
1192 1837 1343 1896 pater
1359 1829 1559 1897 justus.
1582 1823 1883 1894 Commode
1900 1822 2047 1878 enim

435 1937 561 1992 per
593 1923 761 1975 talem
802 1921 1115 1975 doctrinam
1152 1919 1351 1975 educat
1383 1916 1529 1973 Deus
1564 1927 1717 1987 pater
1736 1915 2046 1973 secundum

458 2015 687 2085 gratiam
712 2013 835 2084 ejus
862 2012 952 2082 qui
974 2011 1150 2066 credit
1179 2012 1235 2065 in
1272 2026 1425 2078 eum,
1460 2009 1616 2064 illum
1663 2024 1695 2063 a
1729 2009 1875 2064 malo
1925 2009 2050 2079 qui-

458 2106 580 2161 dem
597 2118 871 2163 aversum.
907 2102 973 2156 ad
1004 2116 1225 2156 omnem
1260 2108 1447 2155 autem
1499 2097 1751 2154 excitans
1786 2098 2048 2154 virtutem

456 2194 788 2267 justissimis
812 2193 938 2264 ejus
969 2192 1267 2247 mandatis.

533 2287 605 2342 Et
644 2290 701 2342 in
733 2286 848 2357 ﬁlio
897 2285 1135 2355 sapiente
1174 2283 1395 2338 laetatur
1426 2282 1611 2336 anima
1662 2280 1797 2351 ejus.
1829 2278 1889 2336 In
1939 2278 2051 2334 lilio

458 2389 640 2433 autem
674 2376 796 2447 ejus
822 2376 1127 2432 secundum
1154 2374 1385 2446 gratiam
1416 2372 1701 2442 sapientiae
1749 2371 1934 2441 pleno,
1967 2384 2053 2424 re-

463 2470 775 2526 focillatur'
806 2474 1035 2525 sanctus
1068 2466 1300 2536 spiritus
1328 2464 1470 2533 ejus,
1495 2462 1625 2517 dum
1659 2462 1832 2533 legem
1864 2461 2051 2532 implet

461 2562 831 2633 spinitualetn,
857 2573 970 2614 non
996 2569 1140 2612 metu
1172 2571 1462 2627 pmnarum
1499 2554 1645 2610 sicut
1697 2568 1913 2619 servus,
1955 2569 2054 2608 ne-

460 2671 569 2721 que
606 2647 1415 2707 desiderioremunerationum
1461 2642 1609 2698 sicut
1654 2642 2051 2705 mercenarius,

462 2746 555 2799 sed
579 2755 630 2798 ut
656 2744 801 2798 tilius
831 2739 1149 2796 mandatum
1180 2736 1357 2809 patris
1379 2731 1711 2806 exsequens,
1738 2735 2054 2805 bonumque

462 2839 589 2905 quia
617 2835 908 2906 pulchrum
945 2830 1180 2886 faciens.

536 3014 707 3068 Vens.
737 3010 828 3067 25.
858 3010 1129 3066 Laztentur
1169 3017 1323 3078 pater
1349 3016 1401 3063 et
1456 3016 1631 3061 mater
1653 3020 1809 3075 super
1862 3012 1953 3068 te;
2002 3013 2053 3059 et

2080 3056 2124 3114 C

2144 567 2240 613 νας
2288 546 2660 618 διερῥωγότας
2701 560 2797 597 και
2842 540 3120 604 εὐτελεῖς*
3165 536 3419 609 ψυχικῶς
3459 538 3532 597 δὲ,
3575 538 3709 602 δόξας

2145 641 2276 713 περί
2303 638 2399 692 τοῦ
2419 636 2621 701 παντὸς
2641 632 3053 707 μεμερισμένας
3064 632 3187 693 ταῖς
3213 631 3343 699 περὶ
3370 627 3443 681 τά
3460 628 3577 681 καθ’
3600 628 3716 682 ἐκα-

2151 749 2276 789 στον
2318 731 2625 799 ἀλογίστοις
2666 724 3009 796 ἐπιθυμίαις,
3070 721 3168 776 καὶ
3215 719 3507 786 ταπεινὰς,
3542 720 3614 783 ὡς
3652 721 3717 794 μὴ

2148 820 2460 888 ἀναγούσας
2490 819 2569 882 είς
2594 814 2752 881 δόξαν
2774 813 2869 868 τοῦ
2892 813 2963 868 τὰ
2979 813 3157 866 πάντα
3195 809 3562 880 πεποιηκότος
3575 808 3718 874 Θεοῦ,

2144 912 2293 976 ἅπας
2353 911 2492 981 πρός
2544 926 2604 962 τε
2671 906 2744 961 τά
2799 903 3091 977 σωματικά
3144 904 3239 958 καὶ
3280 902 3353 957 τὰ
3393 903 3722 973 πνευματικὰ

2147 977 2413 1075 ῥᾴθυμος-
3739 977 3742 980 ’

2220 1095 2326 1164 κβ’.
2363 1084 2757 1157 Ἀκουε,ὐιὲ,
2782 1089 3009 1159 πατρὸς
3053 1085 3160 1142 τοῦ
3199 1083 3619 1156 γεννῆσαν-τός
3638 1099 3724 1141 σε.

2149 1187 2369 1252 Πείθου,
2392 1185 2583 1238 τέκνον
2609 1181 2986 1253 πνευματικὸν
3008 1222 3024 1246 ,
3057 1181 3181 1242 ταῖς
3214 1177 3467 1240 ἐντολαῖς
3502 1174 3597 1228 τοῦ
3624 1176 3726 1229 υἱο-

2154 1275 2529 1347 θετησαμένου
2556 1289 2617 1325 σε
2647 1272 2789 1326 κατά
2805 1271 2966 1341 χάριν
2988 1270 3057 1339 τῇ
3078 1270 3159 1331 είς
3188 1265 3353 1320 αὑτὸν
3383 1264 3567 1317 πίστει
3583 1262 3727 1317 Θεοῦ.

2227 1366 2335 1422 Kal
2371 1364 2458 1435 μὴ
2501 1364 2862 1432 καταφρόνει
2902 1360 2992 1414 ὅτι
3036 1354 3332 1428 γετήρακέ
3378 1369 3502 1408 σου
3525 1354 3728 1423 μήτηρ.
3822 1362 3828 1373 ‘

2151 1460 2265 1514 Kal.
2318 1459 2421 1530 τὴν
2460 1454 2814 1530 θρεψαμένην
2858 1470 2918 1507 σε
2967 1450 3206 1504 παλαιὰν
3253 1446 3612 1502 διδασκαλίαν
3667 1446 3732 1518 μὴ

2152 1550 2473 1623 περιφρόνει
2503 1549 2586 1601 ὅτι
2614 1548 2730 1608 τοῖς
2760 1545 2881 1600 κατ’
2912 1543 3086 1612 αὐτὴν
3116 1538 3414 1610 συμϐόλοις
3436 1536 3698 1607 ἠσθένησε
3716 1553 3730 1569 ο

2153 1643 2261 1714 πλη
2273 1641 2545 1713 ρώσαντος
2570 1638 2747 1694 ταῦτα
2770 1633 3036 1711 Χριστοῦ,
3064 1634 3166 1705 τῆς
3192 1630 3462 1702 ἀληθείας
3489 1626 3581 1681 τὸν
3607 1626 3733 1683 κατά

2147 1734 2315 1805 νόμον
2341 1731 2534 1786 τύπον.

2221 1826 2318 1880 κδ’.
2343 1821 2842 1890 Καλῶςιὲνιτρέφει
2863 1818 3061 1886 πατὴρ
3083 1816 3335 1882 δίκαιος.
3364 1812 3612 1875 Δεόντως
3637 1810 3733 1882 γὰρ

2148 1915 2237 1970 διά
2254 1915 2352 1985 τῆς
2376 1912 2632 1983 τοιαύτης
2642 1909 2994 1973 διδασκαλίας
3012 1907 3208 1975 ἀνάγει
3225 1905 3362 1968 Θεῦς
3383 1905 3414 1956 ὁ
3434 1903 3577 1957 κατά
3594 1904 3735 1973 χάριν

2149 2007 2428 2078 γεννήτωρ
2462 2005 2557 2058 τοῦ
2589 2002 2942 2064 πιστεύοντος
2964 2000 3046 2063 είς
3071 1997 3262 2052 αὐτόν⁸
3297 1994 3631 2066 ἀποτρέπων
3650 1992 3736 2062 μὲν

2148 2100 2339 2154 τοῦτον
2370 2099 2554 2168 πάσης
2586 2096 2809 2162 κακίας,
2846 2093 2986 2165 πρὸς
3024 2092 3083 2146 δὲ
3127 2093 3331 2144 πᾶσαν
3368 2086 3577 2160 ἀρετὴν
3614 2103 3735 2158 προ-

2149 2190 2370 2265 τρέπων
2406 2193 2529 2255 ταῖς
2556 2187 2931 2249 δικαιοτάταις
2964 2183 3134 2239 αὐτοῦ
3166 2181 3440 2244 ἐντολαῖς.

2237 2268 2373 2336 Ἑπῖ
2399 2281 2468 2335 δὲ
2495 2278 2604 2347 υἱῷ
2632 2276 2805 2348 σοφῷ
2834 2275 3218 2345 εὐφραίνεται
3245 2272 3285 2341 ἡ
3318 2268 3502 2340 ψυχὴ
3543 2267 3736 2323 αὐτοῦ.

2163 2374 2288 2428 Ἐπὶ
2342 2373 2401 2428 δὲ
2441 2371 2521 2443 τῷ
2567 2367 2988 2440 πεπληρωμένῳ
3016 2363 3290 2425 συνέσεως
3332 2360 3446 2431 υίῷ
3483 2358 3623 2413 κατά
3650 2356 3740 2427 Xa.

2154 2486 2241 2541 ριν
2264 2466 2482 2530 τούτου,
2513 2464 2575 2519 τδ
2607 2463 2877 2531 πανάγιον
2905 2457 3073 2512 αὑτοῦ
3101 2452 3458 2510 ἀναπαύεται
3487 2450 3697 2520 πνεῦμα
3720 2464 3736 2482 ⁸

2151 2559 2495 2614 τελειωθέντι
2531 2557 2675 2611 κατά
2717 2555 2811 2607 τὸν
2839 2549 3214 2622 πνευματικὸν
3255 2548 3431 2619 νόμον
3456 2560 3472 2576 ⁶
3524 2546 3626 2598 καὶ·
3649 2559 3742 2614 μη·

2128 2653 2273 2707 ’κέτι
2302 2650 2455 2722 φόϐῳ
2484 2649 2592 2703 τῶν
2635 2645 2924 2701 ⁸ιιολόισεων
2973 2636 3065 2696 οἷα
3113 2640 3313 2711 δούλῳ,
3366 2638 3402 2710 ἢ
3445 2639 3595 2707 πόθῳ
3644 2634 3739 2688 τῶν

2157 2742 2507 2811 ἐπαγγελιῶν
2538 2735 2627 2794 οἷα
2658 2738 2880 2810 μισθίῳ,
2930 2732 3050 2789 ἀλλ’
3092 2732 3173 2797 ὼς
3223 2731 3327 2805 υίῷ
3369 2728 3665 2801 πληροῦντι
3687 2727 3742 2780 τδ

2154 2834 2421 2904 πατρικὸν
2456 2832 2693 2903 θέλημα,
2744 2830 2802 2883 ὲν
2848 2825 2929 2898 τῷ
2979 2822 3314 2898 ἐργάζεσθαι
3362 2822 3430 2875 τὸ
3467 2818 3662 2889 ἀγαθὸν
3680 2817 3742 2872 δι’

2156 2926 2288 2982 αὐτὸ
2316 2924 2377 2978 τὸ
2406 2923 2591 2977 καλόν.

2231 3025 2331 3073 κε’.
2350 3013 2776 3086 Εὐρραινέσθω
2801 3015 2835 3067 ό
2852 3007 3157 3080 πατὴρκαὶ
3184 3006 3224 3075 ἠ
3249 3007 3457 3077 μήτηρ
3503 3002 3600 3059 ἐπὶ
3629 3001 3739 3069 σοὶ,

467 3103 696 3177 gaudeat
730 3118 848 3173 qua:
876 3102 1076 3171 peperit
1110 3110 1177 3154 le.
1210 3100 1453 3154 Laetetur
1473 3112 1606 3169 ergo
1626 3112 1793 3166 super
1811 3105 1863 3150 te
1892 3094 2050 3165 quasi

2171 3110 2258 3164 cal.
2297 3106 2607 3178 χαιρέτωή
2658 3101 2924 3158 τεκοῦσὰ
2976 3117 3073 3158 σε.
3120 3098 3506 3168 Ἀγαλλιάσθω
3535 3090 3625 3148 οῦν
3661 3092 3744 3146 ἐπὶ

467 3214 636 3269 διεροτ
663 3197 836 3250 illium
869 3193 1172 3250 secundum
1205 3191 1440 3263 gratiam
1473 3198 1526 3245 et
1548 3189 1692 3245 Deus
1730 3189 1821 3259 qui
1851 3200 1901 3243 te
1919 3187 2052 3242 ado-

466 3290 667 3364 ptavit,
698 3298 752 3344 et
790 3291 909 3356 ipsa
948 3285 1220 3356 legislatio
1249 3293 1409 3339 vetus
1436 3298 1559 3353 quae
1585 3289 1637 3338 te
1667 3280 1972 3353 secundum
1996 3280 2058 3333 ti-

462 3387 595 3437 tlrm
628 3383 683 3436 in
718 3396 842 3436 eum
867 3379 1149 3448 concepit,
1185 3377 1341 3446 quasi
1372 3376 1425 3430 in
1450 3376 1703 3439 matrice,
1736 3376 1788 3428 in
1821 3384 1949 3445 typo
1966 3372 2057 3444 qui

471 3478 757 3529 veritatem
777 3471 1095 3535 obumbrat,
1129 3483 1184 3525 et
1219 3470 1277 3524 in
1317 3483 1429 3538 quo
1456 3467 1779 3538 puriﬁcatus
1804 3482 1865 3520 es
1899 3481 1929 3519 a
1963 3482 2061 3535 po-

445 3565 645 3637 tentia
680 3560 914 3632 peccati.
956 3561 1186 3629 Insuper
1226 3557 1463 3628 gaudeat
1491 3570 1614 3625 quae
1661 3570 1759 3626 per
1807 3569 2059 3609 sanctum

476 3657 815 3726 baptismum
875 3661 928 3707 le
975 3652 1167 3722 genuit
1204 3649 1492 3717 ﬁliumque
1521 3647 1615 3702 Dei
1648 3647 1852 3718 recepit
1890 3648 2063 3716 gratia

476 3757 750 3799 renovans
769 3740 1012 3811 Spiritus
1043 3739 1247 3805 sancti,
1267 3740 1398 3793 dum
1421 3740 1570 3793 clare
1602 3738 1896 3808 perspicis,
1915 3738 2064 3792 nulla

474 3837 736 3908 passione
750 3835 972 3890 oculum
1001 3833 1200 3887 mentis
1216 3829 1567 3894 obfuscante,
1586 3831 1839 3885 veritatis
1860 3829 2063 3893 radios,

478 3929 685 3999 Deique
712 3927 1049 3982 voluntatem
1073 3938 1238 3996 quam
1271 3922 1373 3978 tibi
1405 3920 1675 3993 praecipit,
1710 3929 1770 3976 ut
1796 3920 1944 3977 ﬁlius
1966 3921 2066 3976 im-

475 4025 596 4092 ples
629 4035 756 4076 cum
788 4016 1009 4073 affectu.
1118 4034 1126 4041 ε

552 4312 722 4368 Vens.
751 4310 845 4366 ‘26.
878 4306 1085 4372 Praebe,
1114 4307 1219 4378 ﬁli,
1244 4322 1337 4361 cor
1364 4314 1514 4359 tuum
1537 4304 1668 4359 mihi
1695 4319 1714 4358 :
1736 4312 1788 4358 et
1827 4302 1970 4357 oculi
1994 4302 2071 4357 tui

2161 3201 2249 3255 eoi.
2277 3200 2353 3263 ὼς
2384 3197 2527 3278 κατὰ
2551 3197 2714 3267 χάριν
2736 3193 2864 3265 υἱῷ,
2896 3193 2987 3247 ὅτε
3015 3187 3487 3260 υίοθετησάμενός
3513 3203 3571 3239 σε
3603 3185 3741 3251 Θεὸς,

2160 3294 2255 3348 καὶ
2289 3277 2428 3362 αὑτὴ
2460 3292 2493 3361 ἡ
2529 3289 2671 3344 κατὰ
2702 3289 2804 3359 τὴν
2852 3287 2934 3351 είς
2963 3283 3128 3338 αὐτὸν
3172 3281 3361 3336 πίστιν
3409 3277 3743 3351 βρεφουργή-

2163 3385 2309 3439 σασά
2341 3400 2400 3436 σε
2430 3382 2640 3437 παλαιά
2666 3378 2985 3449 νομοθεσία,
3021 3376 3097 3439 ὡς
3123 3375 3182 3427 ὲν
3234 3373 3427 3443 μήτρᾳ
3474 3369 3553 3439 τῷ
3580 3367 3741 3438 τύπῳ,

2112 3510 2123 3525 ι
2163 3472 2224 3532 οὗ
2248 3476 2402 3539 ἐντὸς
2440 3477 2475 3547 ἡ
2506 3474 2759 3543 ἀλήθεια,
2802 3471 2862 3524 ἐν
2903 3469 2981 3540 τῷ
3006 3465 3255 3538 καθαρόν
3287 3481 3349 3518 σε
3377 3461 3628 3533 γενέσθαι
3656 3460 3745 3529 τῆς

2164 3569 2284 3626 κατ’
2316 3568 2601 3639 ἐνέργειαν
2649 3562 2962 3636 ἁμαρτίας·
3003 3559 3084 3613 ἔτι
3132 3575 3197 3628 γε
3251 3557 3360 3628 μὴν
3387 3550 3745 3624 εύφραινέσθω

2164 3664 2264 3717 καὶ
2299 3660 2443 3734 ήδιά
2488 3657 2582 3713 τοῦ
2629 3658 2790 3727 ἁγίου
2841 3654 3220 3726 βαπτίσματος
3255 3645 3624 3718 ἀποκυήσασά
3670 3658 3743 3704 σε,

2166 3756 2261 3810 καὶ
2278 3754 2408 3808 Υἱὸν
2430 3750 2566 3805 Θεοῦ
2592 3746 2927 3812 ἀναδείξασα
2956 3743 3269 3804 καινοποιδς
3295 3742 3459 3813 χάρις
3480 3740 3571 3793 τοῦ
3596 3735 3747 3791 Πνεύ-

2171 3863 2343 3920 ματος
2367 3888 2383 3913 ,
2443 3841 2830 3904 διαϐλέποντός
2910 3856 3004 3892 σου
3062 3835 3280 3908 τρανῶς
3304 3875 3320 3902 ,
3379 3828 3745 3899 ἀνεπιθολώτῳ

2169 3918 2333 3992 παντὶ
2381 3935 2564 4000 πάθει,
2611 3931 2689 4004 τῷ
2732 3930 2834 4001 τῆς
2871 3926 3110 3990 διανοίας
3161 3923 3459 3995 ὀφθαλμῷ,
3519 3924 3616 3984 τὰς
3657 3918 3746 3989 τῆς

2168 4029 2431 4102 ἀληθείας
2470 4025 2665 4095 αὐγὰς,
2696 4023 2793 4077 καὶ
2823 4018 3163 4089 πληροῦντος
3204 4016 3283 4080 ὡς
3334 4013 3480 4081 υἱοῦ,
3513 4013 3575 4066 τὸ
3605 4010 3747 4079 θέλη-

2175 4141 2251 4194 μα
2287 4121 2381 4176 τοῦ
2437 4120 2571 4173 Θεοῦ
2619 4115 2760 4188 μετά
2810 4111 3132 4175 διαθέσεως,
3175 4108 3235 4172 ὅς
3280 4123 3365 4161 σοι
3402 4107 3534 4161 τάδε
3583 4104 3747 4158 διακε-

2170 4216 2534 4371 legibus
2584 4316 2710 4369 μοι,
2748 4297 2865 4366 υἱὲ,
2914 4294 3042 4364 σὴν
3096 4291 3389 4362 καρδίαν-ο
3448 4292 3505 4345 οι
3554 4287 3620 4342 δὲ
3661 4282 3747 4339 σοι

480 4410 597 4462 vias
628 4421 772 4460 meas
798 4401 1130 4457 custodiant.
1174 4397 1364 4453 Praebe
1404 4397 1563 4461 mihi,
1598 4395 1699 4459 ﬁli,
1726 4410 1966 4449 amorem
2003 4411 2058 4449 ett

2175 4395 2471 4469 ὀφθαλμοὶ
2498 4393 2646 4463 ἐμὰς
2696 4389 2878 4453 ὀδοὺς
2928 4383 3308 4455 τηρήτωσαν.
3352 4378 3607 4452 Πάρασχέ
3650 4390 3744 4444 μοι,

484 4511 596 4557 luta
626 4499 807 4554 anima
833 4506 949 4561 tua,
990 4502 1044 4549 et
1070 4491 1253 4547 omnis
1272 4491 1399 4546 ﬁnis
1419 4497 1548 4544 tuus
1564 4489 1656 4554 sit,
1673 4488 1929 4542 mandata
1954 4503 2072 4542 mea

486 4607 728 4651 scrvare.
766 4590 1039 4646 Virtutem
1095 4577 1215 4640 cole
1248 4597 1413 4653 quam
1451 4579 1801 4651 praecipiunt,
1848 4586 1902 4632 et
1939 4577 2077 4631 nihil

486 4705 551 4743 ex
584 4683 846 4759 perituris
867 4679 1140 4737 charitate
1163 4678 1220 4731 in
1248 4674 1563 4746 proximum
1585 4671 1882 4743 pretiosius
1902 4670 2076 4726 habe:

486 4757 615 4849 quia
653 4794 672 4827 ‹
713 4774 816 4842 Qui
867 4770 1046 4840 diligit
1084 4783 1195 4833 me,
1230 4757 1494 4822 mandata
1532 4778 1654 4819 mea
1684 4763 1930 4818 servabit
1971 4761 2012 4827 ⁸,
2053 4778 2072 4812 ι

487 4883 542 4927 ct
586 4886 601 4924 :
638 4886 656 4919 ι
692 4865 808 4921 Hoc
854 4873 942 4919 est
979 4858 1300 4916 mandatum
1360 4873 1542 4913 meum
1575 4865 1635 4911 ut
1664 4854 1907 4926 diligatis
1941 4853 2081 4908 invi~

489 4977 607 5019 cem
635 4960 678 5015 ⁷.
719 4978 737 5011 ι

564 5155 731 5210 Vsus.
763 5147 1091 5206 27.Dolium
1123 5143 1265 5199 enim
1309 5138 1642 5212 perforatum
1662 5135 1854 5190 domus
1882 5131 2082 5187 aliena.

492 5247 653 5302 Dolio
688 5246 836 5301 enim
870 5239 1156 5313 perforato
1187 5232 1530 5289 assimilatur
1571 5229 1665 5284 ille
1694 5226 1787 5298 qui
1824 5240 1923 5295 per
1953 5239 2085 5294 pas-

474 5342 683 5396 siones
714 5343 927 5390 nalura:
956 5327 1216 5387 rationali
1248 5325 1462 5380 'alienas
1508 5321 1564 5375 in
1619 5335 1678 5375 se
1710 5315 2086 5372 inhabitantes

495 5428 856 5499 intelligentia
880 5425 1134 5489 orbatus,
1155 5418 1415 5475 mandata
1441 5414 1537 5470 Dei
1569 5428 1599 5469 a
1640 5410 1939 5481 semetipso
1969 5423 2086 5464 ser-

498 5541 630 5582 vare
655 5537 764 5577 non
806 5526 1011 5591 potest.

572 5610 638 5666 Et
654 5590 841 5677 puteus
878 5613 1135 5675 angustus
1163 5601 1395 5656 alienus.
1434 5596 1503 5652 Et
1539 5606 1700 5667 puteo
1730 5590 2007 5663 profundo
2034 5598 2091 5644 et

476 5704 686 5759 ‘alieuo
738 5701 947 5756 similis.
989 5694 1200 5764 estqui
1240 5690 1643 5760 temporalibus
1680 5683 2089 5740 circumscribit

576 5843 598 5873 ‘
632 5839 793 5898 Joan.
823 5853 934 5903 xiv,
958 5834 1054 5891 23.
1131 5832 1151 5865 "
1177 5830 1338 5887 Joan.
1370 5845 1459 5896 xv,
1496 5828 1586 5881 12.

2176 4466 2389 4556 τεκνον,
2421 4489 2519 4559 τὴν
2562 4488 2623 4555 ὲξ
2652 4487 2782 4558 ὅλης
2810 4483 2995 4554 ψυχῆς
3033 4498 3124 4533 σου
3160 4479 3441 4548 ἀγάπησιν
3465 4494 3480 4508 ·
3531 4474 3671 4534 ἄπας
3697 4466 3745 4520 δέ

2181 4605 2264 4640 σοι
2318 4582 2542 4646 σκοπὸς,
2586 4580 2723 4652 πρὸς
2766 4579 2828 4630 τὸ
2877 4575 3177 4648 φυλάττειν
3221 4572 3321 4633 τάς
3366 4569 3508 4652 ἑμάς
3552 4562 3748 4622 ὲντολάς

2180 4679 2321 4733 ἔστω
2343 4692 2357 4706 ·
2389 4648 2644 4745 ὲπομένιρ
2667 4670 2899 4733 ταύταις
2924 4667 3048 4721 κατ’
3071 4664 3296 4735 ἀρετὴν,
3332 4662 3429 4715 καὶ
3450 4648 3633 4730 ’μηδὲν
3656 4653 3743 4706 τῦν

2181 4765 2438 4838 φθαρτῶν
2497 4764 2599 4833 τῆς
2651 4760 2746 4814 τοῦ
2803 4757 3037 4828 πλησίον
3088 4755 3317 4824 ἀγάπης
3378 4748 3748 4822 προτιμότερον

2182 4858 2491 4929 ποιουμένῳ
2516 4871 2530 4887 ⁸
2584 4854 2709 4906 ἐπεὶ
2742 4871 2761 4905 ι
2803 4851 2866 4903 Ὃ
2887 4847 3121 4918 ἀγαπῶν
3156 4863 3246 4919 με,
3281 4843 3382 4907 τὰς
3414 4841 3631 4901 ἐντολάς
3665 4849 3747 4904 μου

2180 4952 2468 5022 τηρήσει.»
2493 4976 2562 4988 ——
2587 4967 2605 4997 ι
2631 4944 2779 5014 Αὕτη
2799 4944 2856 4996 δέ
2879 4944 3026 4995 ἔστιν
3048 4942 3082 5012 ἡ
3098 4938 3289 5008 ἐντολὴ
3317 4938 3352 5007 ἡ
3376 4934 3506 5005 ἐμὴ,
3522 4934 3606 4986 ἵνα
3629 4931 3747 4996 ἀγα-

2183 5039 2323 5092 πᾶτε
2351 5034 2635 5105 ἀλλήλους.
2672 5050 2693 5086 ι

2255 5128 2360 5190 κζ’.
2406 5126 2589 5191 Πίθος
2634 5123 2745 5192 γὰρ
2803 5118 3164 5190 τετρημένος
3223 5115 3397 5171 ἐστὶν
3460 5111 3747 5179 ἀλλότριος

2184 5213 2371 5283 οἶκος.
2412 5216 2562 5287 Πίθῳ
2595 5231 2655 5269 τε
2705 5214 2816 5286 γὰρ
2847 5211 3256 5282 τετρυπημένῳ
3290 5208 3472 5261 ἔοικεν
3506 5206 3537 5259 ὀ
3562 5205 3671 5265 τοῖς
3690 5200 3753 5252 oi-

2186 5310 2425 5379 κήσασιν
2454 5308 2511 5359 ὲν
2543 5302 2696 5375 αὐτῷ
2720 5304 2897 5370 ξένοις
2922 5300 3026 5371 τῆς
3071 5299 3300 5369 λογικῆς
3335 5298 3548 5364 φύσεως
3576 5291 3751 5346 πάθεσι

2186 5400 2280 5454 τὸν
2310 5398 2437 5453 νοῦν
2458 5395 2878 5467 διεφθαρμένος,
2904 5392 2979 5456 ὡς
3002 5390 3299 5462 φυλάσσειν
3331 5388 3463 5461 παρ’
3484 5382 3653 5454 ἑαυτῷ
3671 5379 3754 5440 τὰς

2188 5492 2411 5555 ὲντολάς
2445 5490 2519 5562 μὴ
2565 5489 2890 5558 δυνάμενος.

2260 5585 2370 5641 Καὶ
2414 5585 2601 5654 φρέαρ
2638 5580 2862 5636 στενόν
2896 5578 3245 5645 ἀλλότριον.
3281 5574 3394 5629 Καὶ
3436 5570 3623 5642 φρέατι
3654 5579 3759 5617 στεο

2192 5680 2269 5751 νῷ
2318 5680 2416 5734 καὶ
2465 5680 2620 5750 ξένῳ,
2653 5677 2729 5742 ὡς
2764 5677 2877 5739 τοῖς
2914 5669 3281 5746 προσκαίροις
3327 5654 3758 5739 περιγεγραμμέ-
