3976 6382
304 433 328 498 l
344 432 437 495 £57

1351 429 1885 491 COMMENTARII
1926 431 2007 492 IN
2049 433 2514 495 PROVERBlA.

3431 438 3568 503 1453

302 564 400 615 νην
445 542 586 616 ἔχων
635 540 738 612 τὴν
796 543 1000 615 σχέσιν,
1055 541 1150 596 καὶ
1198 543 1315 605 τοῖς
1373 541 1571 610 διψῶσι
1617 543 1717 613 τὴν
1769 542 1878 596 ἀπ-

2019 545 2233 599 ﬂectum
2251 558 2303 601 et
2324 548 2620 617 perniciem
2642 562 2796 604 suam
2832 547 3056 606 haurire
3091 550 3293 619 praebet
3333 551 3572 615 inimicis

303 639 501 692 ώλειαν
527 633 693 691 αὑτοῦ
727 639 937 710 νοητοῖς
961 636 1176 709 ἐχθροῖς
1202 634 1458 708 παρέχων
1495 634 1700 706 ταύτην
1723 635 1887 708 ἀρύε-

307 729 451 783 σθαι.

377 818 483 891 κη’.
528 817 720 887 Οὗτος
746 822 856 893 γὰρ
898 824 1215 893 συντόμως
1246 822 1555 879 ἀπολεῖται
1574 840 1588 856 ο
1617 823 1715 878 καὶ
1769 823 1889 890 πᾶς
1930 794 1935 797 μ

308 911 655 982 παράνομος
683 913 1157 983 ἀναλωθήσεται.
1207 916 1269 970 '0
1304 916 1546 979 τοιοῦτος
1595 915 1705 986 γὰρ
1749 915 1888 985 μετὰ

307 1001 405 1071 τὴν
433 1002 771 1074 πρόσκαιρον
821 1003 990 1075 ζωὴν,
1026 1007 1106 1069 είς
1142 1007 1366 1077 διηνεκῆ
1402 1005 1676 1060 ἀπώλειαν
1711 1024 1889 1078 παραυ

309 1090 733 1160 ιιτεμφθήσεται⁸
784 1094 1078 1149 κάντεῦθεν
1125 1098 1233 1160 πᾶς
1276 1099 1305 1150 ὁ
1346 1096 1444 1161 τὰς
1491 1096 1641 1161 θείας
1669 1080 1888 1175 ἐντολὰς

311 1182 687 1256 παραϐαίνων,
708 1186 799 1241 τὸν
828 1187 951 1241 καθ’
983 1189 1261 1260 ἁμαρτίαν
1298 1188 1398 1260 τῆς
1436 1188 1618 1261 ψυχῆς
1645 1188 1887 1260 ὑποστή-

311 1292 466 1331 σεται
496 1276 617 1330 δλεθ
626 1294 718 1349 ρον

382 1370 486 1427 κθν.
542 1373 664 1427 Τίνι
720 1372 876 1438 οὐαὶ,
915 1374 1035 1430 τίνι
1064 1375 1334 1443 θόρυϐος,
1367 1376 1485 1430 τίνι
1520 1377 1741 1445 κρίσις,
1774 1377 1892 1432 τίνι

309 1461 378 1516 δὲ
414 1463 619 1539 ἀηδίαι
660 1465 763 1519 καὶ
795 1468 1034 1536 λέσχαι,
1071 1468 1189 1520 τίνι
1228 1470 1644 1538 συντρίμματα
1692 1469 1889 1524 διακει

307 1555 445 1625 γῆς,
494 1556 661 1623 τίνος
708 1557 980 1612 πελιδνοὶ
1028 1560 1081 1612 οἱ
1125 1559 1423 1629 ὀφθαλμοί
1436 1577 1457 1625 ;
1505 1560 1622 1613 Τίνι
1661 1560 1893 1624 κοπετὸς

303 1649 536 1715 γοερὸς;
575 1648 682 1702 τίνι
711 1649 970 1714 διένεξιςξ
1007 1652 1111 1704 τίνι
1148 1651 1205 1704 δέ
1229 1652 1573 1724 ἀποστροφαὶ
1602 1652 1710 1706 τῶν
1759 1653 1894 1722 ὁμο-

306 1737 463 1802 φυῶν
496 1739 592 1795 καὶ
639 1740 760 1793 κατ’
794 1739 974 1794 αὐτῶν
1016 1740 1272 1814 φλυαρίαι
1304 1759 1318 1808 ;
1349 1744 1457 1796 τίνι
1507 1744 1893 1813 συμπτώματα

309 1829 401 1882 ἐπὶ
433 1830 674 1902 μηδεμιᾷ
707 1832 945 1905 ὠφελείᾳ
968 1835 1266 1906 γινόμενας
1297 1835 1440 1901 τίνος
1472 1838 1526 1890 αἱ
1558 1837 1782 1891 ὁπτικαὶ
1802 1836 1891 1891 δυ·

262 1956 273 1963 .
306 1918 503 1987 νὰμεις
533 1919 810 1989 ἀσθενεῖς;

375 2008 445 2064 λ’.
480 2014 562 2066 Οὐ
586 2010 704 2067 τῶν
749 2013 1212 2084 ἐγχρονιζόντων
1266 2016 1338 2071 ἐν
1387 2017 1613 2084 οἵνοις;
1660 2020 1732 2072 οὐ
1779 2016 1898 2071 τῶν

308 2104 682 2172 ίχνευόντων
718 2106 836 2161 ποῦ
869 2108 1041 2162 πότοι
1072 2108 1372 2178 γίνονται;
1399 2109 1531 2180 Οὐχὶ
1562 2108 1673 2163 τῶν
1702 2110 1897 2163 ἐναπο-

310 2194 589 2262 μενόντων
638 2198 762 2259 ταῖς
807 2197 1152 2265 ἐπιφανείαις
1181 2197 1291 2251 τῶν
1345 2198 1579 2268 ὁρατῶν,
1636 2199 1805 2270 αἵπερ
1834 2201 1898 2252 ἐκ

305 2284 401 2340 τοῦ
434 2286 581 2341 κατά
616 2287 807 2357 φύσιν,
856 2289 994 2361 πρὸς
1041 2289 1103 2342 τὸ
1145 2290 1300 2363 παρὰ,
1345 2289 1505 2359 φύσιν
1551 2289 1708 2360 δίκην
1752 2291 1898 2345 οῐνου

306 2375 400 2429 τὸν
437 2374 566 2430 νοῦν
614 2377 974 2448 μεθιστῶσιν;
1024 2379 1145 2449 οὐχὶ
1185 2378 1296 2433 τῶν
1324 2379 1740 2450 ἀναζητούντων
1770 2381 1899 2445 ἔνθα

305 2468 462 2523 κατὰ
508 2469 670 2541 κόρον
718 2472 751 2540 ἡ
786 2470 881 2523 τοῦ
932 2469 1157 2542 θολεροῦ
1191 2471 1437 2542 πόματος
1467 2471 1568 2541 τῆς
1624 2473 1901 2543 ἁμαρτίας

302 2559 550 2614 τελεῖται
603 2548 943 2633 μετάληψιςς
994 2563 1093 2615 καὶ
1147 2563 1258 2634 γὰρ
1309 2564 1337 2617 ὁ
1380 2567 1504 2628 ταῖς
1531 2563 1900 2636 θεωρητικαῖς

302 2650 403 2719 τῆς
441 2650 622 2722 ψυχῆς
667 2653 968 2723 δυνάμεσιν
1008 2653 1266 2725 ἀσθενὴς,
1295 2653 1369 2725 μὴ
1421 2653 1720 2724 δυνάμενος
1759 2655 1903 2709 κατά

301 2738 442 2792 νοῦν
474 2741 611 2813 πρὸς
635 2743 761 2806 τοὺς
795 2742 906 2798 τῶν
939 2742 1109 2797 ὄντων
1145 2743 1399 2813 διαϐῆναι
1435 2744 1650 2813 λόγους,
1690 2746 1777 2801 διὰ
1801 2746 1901 2818 τὴν

300 2832 440 2884 κατ’
471 2830 727 2904 αἴσθησιν
752 2835 882 2906 περὶ
909 2835 1010 2900 τὰς
1050 2836 1376 2905 ἐπιφανείας
1402 2837 1581 2892 αὐτῶν
1612 2838 1796 2909 σχέσιν
1833 2843 1900 2912 τῇ

296 2923 525 2978 τούτων
567 2924 786 2980 ἀνιᾶται
822 2927 1001 2999 φθορᾷ
1023 2943 1037 2957 ⁶
1086 2929 1182 2983 καὶ
1233 2929 1434 3000 στῆσαι
1466 2930 1674 3001 ταύτην
1705 2932 1904 3004 ἀνηνύ-

296 3030 407 3078 τως
452 3012 769 3084 ἐπιχειρῶν,
799 3015 1069 3086 ἐμπίπτει
1096 3018 1178 3081 είς
1201 3017 1488 3089 φροντίδας
1514 3019 1777 3090 ὀχλούσας
1804 3021 1902 3075 αύ-

304 3104 398 3159 τδν
423 3105 495 3159 «ού
520 3106 733 3177 μικρῶς
755 3124 770 3140 ο
803 3106 897 3160 καὶ
916 3106 1006 3160 διὰ
1031 3106 1350 3176 πλεονεξίαν
1379 3109 1487 3163 τῶν
1511 3110 1733 3176 ὑλικῶν,
1766 3111 1905 3183 μετὰ

307 3196 421 3250 τῶν
440 3197 703 3265 ὁμοφυῶν
724 3198 1078 3271 διαμάχεταιο
1099 3202 1194 3254 καὶ
1220 3202 1627 3273 ἀποστρέφεται
1652 3203 1899 3271 τούτους,

310 3287 408 3340 καὶ
452 3287 754 3357 διαϐάλλει,
806 3290 902 3345 καὶ
941 3291 1359 3365 συμφθείρεται,
1409 3294 1769 3368 προσκρούων
1800 3297 1900 3351 αὐ-

309 3383 429 3443 τοῖς
471 3380 770 3451 ἀνονήτως.

385 3471 490 3526 λα’.
522 3471 622 3541 Μὴ
666 3474 1051 3542 μεθύσκεσθε
1092 3477 1164 3531 ἐν
1209 3476 1419 3545 οῖνοις,
1455 3479 1595 3533 ἀλλ’
1645 3479 1904 3550 ὁμιλεῖτε
1944 3471 1946 3475 ⁷

311 3560 658 3632 ἀνθρώποις
685 3563 958 3632 δικαίοις,
1000 3566 1096 3620 καί
1144 3567 1403 3637 ὁμιλεῖτε
1430 3569 1501 3622 ἐν
1534 3568 1898 3637 περιπάτοις.

311 3655 409 3709 Διὸ
460 3656 536 3727 μὴ
586 3655 873 3722 ἐξίστασθε
912 3659 1005 3712 τὸν
1053 3658 1180 3713 νοῦν
1227 3660 1284 3713 ἐν
1316 3662 1439 3724 ταῖς
1486 3662 1609 3715 κατ’
1648 3662 1903 3732 αἴσθησιν

313 3746 579 3818 θεωρίαις
608 3747 715 3801 τῶν
748 3749 980 3821 ὁρατῶν,
1017 3751 1227 3820 ἀλόγως
1261 3750 1445 3815 αὐτοῖς
1477 3752 1861 3820 ἐπιϐάλλοντες
1884 3772 1898 3786 θ

310 3840 457 3894 ἀλλὰ
500 3841 883 3905 συναυλίζεσθε
921 3841 1286 3910 διδασκάλοις,
1320 3844 1526 3916 ἑκάστη
1580 3846 1681 3916 τῆς
1724 3847 1903 3918 ψυχῆς

308 3931 545 4002 δυνάμει
575 3934 636 3984 τὸ
666 3932 978 4005 πρόσφορον
1023 3934 1365 4002 ἀπονέμουσι
1390 3950 1405 3964 '
1455 3937 1553 3990 xui.
1582 3938 1903 4001 συναυλίζε-

312 4020 411 4074 σθε
451 4019 664 4084 τούτοις
686 4023 745 4073 ἐν
760 4024 879 4086 ταῖς
912 4021 1051 4077 κατά
1073 4022 1310 4093 θεωρίαν
1333 4021 1443 4079 τῶν
1464 4023 1741 4095 αἰσθητῶν
1766 4027 1906 4099 πρὸς

309 4111 382 4164 τὰ
410 4110 583 4182 νοητά
608 4112 947 4168 διαϐάσεσιν.

396 4201 543 4258 Ἐὰν
571 4204 681 4274 γὰρ
718 4207 807 4271 είς
853 4206 956 4272 τὰς
996 4205 1219 4274 φιάλας
1257 4206 1357 4261 καί
1403 4206 1476 4262 τά
1505 4209 1758 4279 ποτήρια
1788 4209 1906 4277 δῷς

248 4310 257 4313 “
309 4295 462 4362 τοὺς
516 4295 866 4365 ὀφθαλμούς
922 4312 1078 4364 σου,
1146 4299 1410 4368 ὕστερον
1473 4302 1907 4370 περιπατήσεις

308 4387 682 4458 γυμνότερος
714 4387 964 4456 ὑπέρου.
1004 4390 1067 4442 El
1121 4390 1232 4463 γὰρ
1279 4392 1362 4455 είς
1404 4390 1572 4462 μόνας
1594 4394 1704 4457 ητάς
1751 4391 1906 4463 δίκην

311 4476 531 4548 φιαλῶν
559 4477 653 4530 καὶ
688 4478 965 4548 ποτηρίων
988 4480 1243 4545 δεκτικὰς
1274 4481 1370 4535 τοῦ
1415 4485 1516 4554 τῆς
1571 4482 1906 4553 θεογνωσίας

309 4568 563 4639 νάματος
583 4570 905 4639 ἐπιφανείας
948 4570 1057 4625 τῶν
1110 4573 1322 4646 ὁρατῶν
1358 4576 1771 4648 ἀποσχολήσεις,
1809 4578 1904 4631 ὅσ-

310 4677 401 4724 τις
436 4661 505 4714 ἂν
540 4661 634 4715 καὶ
665 4662 805 4729 εἴης,
842 4663 940 4722 τὰς
964 4663 1307 4736 θεωρητικὰς
1341 4667 1440 4736 τῆς
1467 4666 1647 4739 ψυχῆς
1681 4654 1903 4723 σουδυ-

311 4752 539 4823 νάμεις,
585 4752 724 4822 μετὰ
751 4750 928 4806 ταῦτα
967 4755 1239 4827 κινηθήσῃ
1290 4757 1412 4810 κατ’
1454 4757 1754 4829 ἐπιθυμίαν
1782 4759 1910 4813 ἀλό-

312 4858 511 4911 γιστον
562 4842 702 4913 πρὸς
744 4844 1177 4912 συγκαταθέσεις
1226 4848 1443 4911 πάντως
1483 4848 1758 4913 ἀτόπουςο
1812 4851 1911 4919 τῆς

317 4935 477 4998 θείας
520 4936 744 5006 χάριτος
784 4938 1213 5008 γεγυμνωμένος
1258 4940 1424 4994 πλέον
1464 4940 1623 5006 ξύλου
1663 4942 1811 5007 τινὸς
1844 4945 1910 5014 τῇ

244 5024 247 5025 ν
317 5031 541 5097 συνεχεί
588 5028 773 5099 τρίψει
850 5028 944 5084 τοῦ
1022 5032 1423 5104 προστυχόντος
1469 5072 1485 5098 ,
1516 5015 1529 5026 ’

1993 637 2375 708 splritualibus
2414 641 2506 710 qui
2537 656 2662 696 eum
2698 639 2931 712 perdere
2959 643 3171 698 volunt.

2066 817 2237 875 Vens.
2263 818 2355 874 28.
2389 817 2492 874 Hic
2508 793 2647 875 enim
2676 820 2814 876 breui
2837 821 3050 889 peribit,
3072 830 3122 875 et
3154 824 3326 876 omnis
3360 820 3573 892 iniquus

1997 909 2321 968 absumetur.
2356 910 2462 967 Iste
2496 914 2639 968 enim
2686 922 2811 982 post
2839 915 3058 969 brevem
3094 914 3236 968 hanc
3290 915 3479 979 vitam,
3518 918 3573 969 in

1997 1010 2319 1073 perpetuam
2345 1003 2592 1059 mittetur
2617 1004 2938 1075 perniciem.
2966 1005 3294 1076 Quicunque
3317 1007 3575 1060 mandata

1996 1092 2092 1147 Dei
2127 1094 2552 1165 transgreditur,
2614 1094 2805 1154 animae
2861 1111 2957 1166 per
3006 1104 3292 1167 peccatum
3344 1095 3574 1151 exitium

1998 1185 2230 1244 subibit.

2068 1362 2238 1419 Vens.
2292 1362 2382 1422 29.
2418 1363 2519 1419 Cui
2567 1381 2644 1420 va!
2672 1365 2698 1419 7
2741 1365 2826 1419 cui
2865 1366 3157 1421 tumultus?
3200 1365 3287 1420 cui
3326 1365 3593 1436 judicia?‘

1999 1459 2086 1513 cui
2125 1467 2301 1511 autem
2337 1456 2595 1531 molestia:
2635 1467 2685 1512 ct
2730 1460 2917 1513 tricw?
2957 1459 3047 1513 cui
3099 1459 3442 1513 contritiones
3481 1474 3577 1512 su-

1999 1550 2319 1617 pervacuae?
2357 1549 2443 1615 cui
2463 1547 2602 1601 oculi
2637 1547 2790 1601 lividi
2814 1549 2957 1604 ?Cui
2992 1550 3252 1619 planctus
3274 1549 3529 1620 lugubris
3554 1548 3579 1601 ἲ

2000 1641 2090 1696 cui
2139 1639 2429 1694 dissidium
2463 1640 2487 1694 'l
2514 1642 2602 1693 cui
2632 1641 2893 1695 similium
2921 1641 3045 1694 odia
3080 1656 3143 1695 ac
3173 1642 3527 1711 garrulitates
3557 1640 3581 1692 ’ί

2006 1733 2095 1788 cui
2126 1741 2360 1787 eventus
2395 1733 2513 1786 sine
2572 1732 2678 1785 ulla
2717 1733 3007 1787 utilitate?
3065 1734 3152 1788 cui
3211 1734 3353 1787 vires
3397 1733 3583 1786 \isiva:

2003 1822 2211 1878 debiles
2247 1823 2271 1876 ’ί

2071 1998 2236 2054 Vens.
2276 1996 2366 2053 50.
2402 1995 2591 2050 Nonne
2618 1997 2697 2050 his
2744 1997 2835 2067 qui
2865 2004 3268 2050 commorantur
3299 1997 3354 2050 in
3386 1997 3504 2051 vino
3533 2008 3584 2053 et

1998 2091 2207 2147 student
2236 2090 2494 2143 calicibus
2526 2088 2808 2157 epotandis
2841 2092 2865 2143 7
2897 2087 3091 2141 Nonne
3137 2087 3228 2142 his
3257 2087 3349 2156 qui
3387 2087 3587 2143 immo-

1998 2189 2193 2236 rantur
2233 2180 2288 2233 in
2349 2177 2688 2248 apparentiis
2723 2176 3021 2231 visibilium
3059 2188 3179 2244 quae
3216 2175 3359 2229 sicut
3396 2173 3585 2230 vinum

2000 2282 2235 2327 mentem
2265 2287 2328 2327 ex
2373 2281 2521 2326 statu
2561 2270 2801 2324 naturali
2842 2269 2908 2323 ad
2945 2277 3154 2325 statum
3187 2276 3381 2323 ςοηιτιι
3416 2277 3584 2321 natu-

2000 2379 2118 2418 ram
2155 2361 2547 2417 transferunt?
2578 2376 2685 2415 non
2741 2360 2826 2414 bis
2857 2359 2949 2430 qui
3001 2367 3251 2429 quaerunt
3291 2357 3383 2412 ubi
3423 2357 3585 2427 plena

1999 2468 2259 2508 mensura
2280 2453 2338 2506 lit
2369 2451 2601 2506 turbidae
2623 2452 2832 2520 peccati
2867 2450 3167 2521 potationis
3190 2447 3589 2519 participatioj

2001 2544 2214 2599 Etenim
2268 2545 2362 2614 qui
2396 2544 2754 2614 speculativis
2785 2544 2982 2597 anima:
3016 2540 3284 2612 potentiis
3320 2538 3585 2599 inﬁrmus

2001 2644 2107 2703 est,
2130 2651 2242 2691 non
2265 2637 2454 2691 valens
2477 2651 2573 2706 per
2599 2644 2834 2690 mentem
2871 2634 2936 2688 ad
2975 2634 3223 2688 rationes
3244 2647 3427 2687 rerum
3471 2645 3588 2699 per-

2002 2731 2208 2796 venire,
2246 2730 2376 2800 quia
2418 2745 2515 2800 per
2539 2744 2761 2784 sensum
2811 2727 3193 2783 exsistentium
3247 2724 3587 2795 apparenliis

2003 2823 2349 2885 immoratur,
2377 2821 2446 2876 de
2477 2837 2668 2877 eorum
2704 2822 3059 2891 corruptione
3098 2817 3265 2873 dolet.
3302 2817 3438 2871 Cum
3485 2832 3582 2869 au-

2003 2920 2113 2968 tem
2156 2913 2249 2967 illa
2287 2912 2541 2969 stabilire
2573 2911 2777 2967 frustra
2832 2921 3027 2975 lentat,
3067 2909 3257 2964 incidit
3289 2909 3341 2961 in
3375 2909 3578 2977 cogita-

2006 3005 2183 3062 tiones
2212 3019 2543 3075 magnOpere
2573 3020 2697 3059 cum
2729 3005 3109 3060 molestantes.
3146 3003 3211 3055 Et
3237 3001 3307 3054 ob
3339 3014 3584 3054 amorem

2004 3106 2353 3153 terrenorum
2384 3095 2817 3152 cum'similibns
2852 3102 3078 3165 pugnat.
3124 3092 3233 3149 Eos
3278 3099 3587 3158 aversatur,

2005 3190 2354 3257 criminatur,
2391 3200 2446 3245 et
2465 3188 2607 3259 perit
2628 3186 2697 3244 de
2725 3186 2836 3242 illis
2864 3185 3070 3242 frustra
3108 3183 3416 3239 oﬂendcns.
3434 3235 3447 3245 ,

2074 3473 2247 3531 Vens.
2281 3473 2374 3529 5L
2412 3472 2597 3528 Nolite
2638 3472 2894 3528 inebriari
2924 3472 2980 3526 in
3010 3473 3152 3538 vitio,
3175 3470 3269 3527 sed
3303 3488 3587 3527 conversa-

2004 3565 2136 3619 mini
2166 3580 2285 3618 cum
2317 3563 2618 3618 hominibus
2640 3562 2830 3631 justis,
2862 3569 2913 3616 et
2948 3560 3333 3616 conversamini
3366 3560 3420 3613 in
3455 3558 3586 3613 locis

2004 3656 2473 3712 deambulationis.
2522 3654 2648 3710 ldeo
2692 3655 2863 3709 nolite
2921 3668 3194 3724 apponere
3234 3660 3471 3708 mentem
3530 3652 3586 3705 in

2005 3730 2577 3802 sensibili'visibilium
2599 3744 3068 3807 consideratione,
3093 3743 3241 3797 illam
3270 3743 3339 3799 iis
3364 3742 3587 3797 irratio-

2005 3841 2205 3895 naliter
2230 3838 2724 3910 applicantes;sed
2760 3836 3167 3892 conversamini
3215 3851 3340 3891 cum
3384 3849 3590 3905 praece.

2005 3932 2257 4003 ptoribus
2294 3930 2388 4000 qni
2420 3929 2620 3998 cuique
2663 3927 2861 3982 animae
2916 3929 3175 3997 potentiae
3205 3926 3348 3997 quod
3383 3941 3585 3981 conve-

2006 4023 2088 4075 nit
2114 4021 2436 4090 assignant;
2464 4027 2519 4072 et
2537 4034 2661 4072 cum
2682 4018 2794 4072 illis
2833 4016 3240 4072 conversamini
3272 4017 3327 4071 in
3351 4017 3587 4085 transitu

2006 4128 2103 4184 per
2140 4112 2572 4180 speculationem
2602 4125 2633 4166 a
2678 4110 3034 4166 sensibilibus
3063 4109 3130 4165 ad
3167 4109 3587 4165 intellectualia.

2079 4203 2223 4258 Nam
2245 4206 2292 4259 si
2318 4205 2370 4259 in
2418 4203 2628 4273 phialas
2652 4212 2702 4257 et
2744 4202 2937 4272 pocula
2985 4186 3195 4257 dederis
3224 4204 3404 4258 oculos
3446 4214 3589 4270 tuos,

2006 4305 2187 4368 postea
2218 4296 2517 4351 ambulabis
2541 4295 2735 4349 uudior
2760 4295 2988 4365 pistillo.
3026 4295 3084 4351 Si
3115 4297 3260 4353 enim
3286 4298 3590 4366 speculati-

2009 4403 2105 4443 vas
2150 4387 2345 4441 anima:
2376 4393 2483 4439 tuae
2515 4385 2789 4455 potentias
2825 4384 2879 4438 in
2915 4384 3062 4439 solas
3092 4384 3389 4438 visibilium
3417 4399 3592 4454 appa-

2009 4483 2217 4535 rentias
2253 4493 2374 4549 quae
2400 4486 2459 4531 ut
2487 4478 2688 4547 phialae
2732 4485 2786 4532 et
2831 4477 3029 4548 pocula
3067 4476 3313 4547 recipere
3351 4487 3591 4548 possunt

2010 4574 2208 4628 divina:
2244 4570 2488 4626 scientiae
2557 4568 2846 4634 ﬂuentum,
2895 4567 3137 4633 dederis,
3182 4568 3437 4638 quisquis
3489 4572 3588 4634 sis,

2008 4680 2199 4737 poscea
2221 4661 2669 4732 concupiscentia
2695 4668 2787 4714 tua
2816 4660 3159 4715 irrationalis
3196 4662 3506 4715 movebitur
3524 4664 3589 4717 ad

2007 4757 2295 4812 volitiones
2321 4768 2547 4823 prorsus
2563 4751 2852 4807 absurdas.
2876 4749 3066 4806 Gratia
3100 4751 3288 4807 divina
3314 4750 3590 4822 privatus,

2010 4849 2211 4904 nudior
2239 4847 2351 4903 eris
2396 4846 2543 4917 ligno
2572 4844 2716 4916 quod
2749 4844 2895 4900 foliis
2925 4844 3219 4914 spoliatum
3274 4845 3593 4901 indesinen-

2013 4955 2094 5008 ter
2128 4942 2197 4997 ab
2231 4941 2488 4996 omnibus
2519 4941 2737 4994 teritur.
2767 4937 2859 4993 Sic
2890 4937 3288 5008 propemodum
3318 4952 3476 4999 mens
3499 4946 3592 4992 tua
3646 4925 3654 4930 ’

1548 5034 1641 5087 τὸν
1715 5038 1915 5089 οἰκεῖον
2015 5040 2334 5089 conteretur
2368 5040 2716 5087 terrenarum
2743 5037 3023 5085 contactu.

313 5120 771 5193 ἀποϐαλλομένου
847 5122 1032 5195 φλοιόν
1070 5139 1085 5155 °
1139 5125 1216 5190 ὡς
1276 5126 1452 5199 τούτῳ
1513 5123 1919 5201 παραπλησίως
1957 5125 2433 5199 κατατριϐομένου
2484 5123 2579 5178 τοῦ
2619 5121 2741 5188 νοός
2800 5139 2917 5188 σου,
2973 5124 3040 5193 τῇ
3090 5120 3430 5194 ἐνδιατρίψει
3487 5121 3598 5175 τῶν

311 5215 547 5271 ὑλικῶν.

387 5310 492 5380 λβ’.
529 5308 606 5365 Τὸ
641 5310 709 5365 δὲ
752 5312 1039 5381 ἔσχατον,
1082 5311 1286 5383 ὥσπερ
1312 5317 1429 5370 ὑπὸ
1454 5318 1644 5387 ὄφεως
1672 5324 1910 5386 πεπληο

305 5396 435 5468 ὶγὼς
465 5397 812 5465 ἐκτείνεται,
846 5400 946 5454 καὶ
978 5399 1182 5469 ὥσπερ
1206 5402 1323 5457 ὑπὸ
1358 5404 1658 5473 κεράστου
1686 5399 1908 5476 διαχεῖ-

306 5506 408 5544 ται
451 5487 618 5553 αὐτῷ
668 5492 703 5544 ό
748 5491 858 5557 loc.
915 5492 1240 5547 Τελευταίον
1283 5494 1360 5562 δὲ,
1406 5494 1658 5570 καθάπερ
1697 5498 1725 5551 ὁ
1756 5498 1910 5569 δεδη-

305 5576 519 5646 γμένος
573 5578 677 5632 ὑπὸ
722 5578 901 5649 ὄφεως
950 5583 1318 5655 κερασφόρου,
1374 5587 1455 5650 εἰς
1487 5589 1590 5659 γῆν
1639 5586 1909 5641 ἀπλοῦται

307 5667 529 5737 νεκρὸς,
566 5670 663 5723 καὶ
705 5669 826 5724 ὅλον
882 5672 1046 5725 αὐτὸν
1082 5676 1110 5727 6
1156 5675 1236 5738 ἰὸς
1267 5677 1544 5749 διατρέχει
1567 5695 1582 5711 ·
1618 5678 1763 5733 οὕτω
1813 5680 1907 5733 καὶ

307 5759 479 5820 αὐτὸς
515 5759 621 5815 ὑπὸ
650 5763 744 5817 τοῦ
779 5764 1018 5837 πονηροῦ
1057 5767 1387 5839 δεδηγμένος
1430 5771 1793 5845 ἐξαπλωθήση
1827 5777 1908 5837 εἰς

307 5851 409 5922 τὴν
438 5855 740 5927 πολυσχιδῆ
764 5856 856 5911 τοῦ
915 5852 1110 5929 χοϊκοῦ
1143 5866 1491 5934 φρονήματος
1525 5866 1906 5937 ἀμαρτητικὴν

2082 5308 2366 5366 Vens.32.
2400 5306 2700 5363 Nouissime
2748 5314 2924 5362 autem
2973 5315 3230 5385 tanquam
3282 5324 3314 5361 a
3361 5319 3598 5377 serpente

2010 5418 2289 5476 percussus
2313 5400 2638 5461 extenditur,
2665 5408 2717 5453 et
2745 5408 3000 5469 tanquam
3028 5414 3061 5450 a
3087 5405 3291 5452 ceraste
3347 5390 3597 5467 diffundi-

2011 5507 2098 5550 tur
2118 5495 2165 5550 ei
2191 5508 2467 5548 venenum.
2514 5489 2830 5545 Novissime
2868 5495 3081 5553 autem,
3122 5487 3588 5568 quemadmodum

2009 5589 2105 5660 qui
2137 5603 2166 5641 a
2193 5592 2407 5641 ceraste
2435 5597 2736 5654 percussus
2786 5579 2904 5643 fuit,
2935 5580 2989 5634 in
3025 5588 3228 5634 terram
3278 5580 3595 5635 extenditur

2012 5687 2284 5743 mortuus,
2320 5677 2529 5746 totique
2558 5675 2675 5743 ejus
2705 5673 2922 5743 corpori
2952 5670 3276 5728 diffunditur
3300 5685 3593 5736 venenum,

2013 5776 2086 5830 ita
2137 5775 2229 5845 qui
2262 5773 2331 5829 ab
2368 5771 2589 5825 liomiue
2635 5756 3156 5839 perverso-morsus
3204 5756 3311 5831 est,
3350 5762 3594 5831 εκριὶριιι

2015 5866 2166 5922 litur
2197 5867 2250 5919 in
2289 5862 2666 5932 ιιιιιιςὶιιιίςίιετ
2695 5858 3138 5935 peccaminosam
3164 5869 3403 5911 C(enosm
3448 5854 3596 5925 cogi.
