3976 6402
461 381 601 446 1459

1792 388 2152 452 PROCOPII
2191 390 2435 451 GAZEI

3580 387 3696 454 um

455 497 685 553 talionis
716 497 991 555 actionem
1018 513 1141 570 qua!
1159 507 1243 557 est
1270 499 1514 571 perlecta
1541 502 1608 560 ad
1640 503 1849 561 bonum
1877 522 2034 563 mors.

2153 508 2436 580 ἐνέργειαν
2463 525 2477 539 σ
2504 508 2539 580 ἦ
2568 507 2724 573 ἐστιν
2753 504 3006 579 όλοτελὴς
3042 504 3179 577 πρὸς
3207 502 3268 560 τὸ
3299 503 3499 575 ἀγαθὸν
3515 503 3697 578 νέκρω-

456 585 893 661 Spiritualisque
921 593 1192 663 serpentis
1224 594 1314 664 qui
1352 602 1403 650 te
1424 596 1721 652 momordit
1755 598 1964 654 malitia
1990 609 2045 657 te

454 690 628 739 totum
651 685 890 754 invadet,
922 686 1116 742 animae
1150 686 1372 757 quidem
1394 687 1645 756 allectus,
1672 698 1828 748 actus
1858 700 2041 747 autem

456 778 732 846 corporis.

532 867 799 925 Vens.55.
818 869 975 926 Oculi
1000 873 1080 927 tui
1114 889 1235 928 cum
1263 873 1489 929 uiderint
1514 875 1769 942 alienam,
1804 892 1863 931 os
1892 886 2044 931 tuum

455 970 581 1015 tunc
609 960 853 1032 loquetur
899 979 1164 1030 perversa.
1200 964 1354 1022 Mens
1404 973 1495 1021 tua
1548 966 1771 1038 quando
1813 982 2042 1025 cessans

453 1054 677 1123 propria
734 1053 1010 1125 inspicere
1072 1057 1143 1112 ad
1206 1058 1575 1114 sensatiunem
1630 1060 1737 1131 ipsi
1805 1060 2064 1116 alienam

454 1145 748 1214 aspexerit,
787 1155 838 1200 et
868 1148 1012 1218 typis
1042 1164 1106 1204 ac
1140 1151 1534 1221 apparentibus
1558 1151 1850 1221 speciebus
1880 1150 2043 1220 hujus

450 1236 798 1292 sensationis
838 1238 1251 1294 inconsiderate
1277 1239 1620 1304 incubuerit,
1656 1247 1788 1294 tunc
1828 1240 2042 1296 intelle-

453 1334 581 1382 ctus
611 1337 739 1383 tuus
768 1329 1018 1384 veritatis
1048 1330 1347 1395 inclinatas
1368 1330 1663 1401 Opiniones
1679 1315 2038 1400 causabitur;

452 1414 850 1473 irrationaliter
870 1422 1186 1490 apparentia
1216 1419 1459 1476 laudabit
1481 1429 1537 1476 et
1557 1418 1625 1475 ad
1649 1420 2040 1477 intellectualia

452 1523 553 1579 per
585 1511 856 1566 rationem
898 1525 1006 1567 non
1041 1512 1325 1571 ascendet.

524 1685 687 1743 Vens.
731 1689 820 1743 5i.
857 1687 923 1742 Et
939 1689 1147 1759 jacebis
1182 1690 1338 1762 quasi
1368 1691 1425 1744 in
1459 1689 1617 1745 corde
1637 1688 1805 1746 maris
1834 1697 1887 1745 et
1912 1698 2039 1744 tan-

452 1792 610 1846 quam
642 1780 965 1850 gubernator
1003 1781 1058 1835 in
1085 1782 1253 1836 multa
1304 1790 1633 1853 tempestate.
1671 1781 1738 1839 Et
1760 1783 1904 1838 sicut
1936 1784 2039 1838 im-

2147 614 2231 660 σις
2258 614 2272 628 ο
2314 601 2409 652 καὶ
2450 598 2482 669 ἠ
2526 596 2622 651 τοῦ
2670 595 2929 660 δακόντος
2976 611 3038 650 σε
3082 594 3274 666 νοητοῦ
3321 594 3491 666 ὄφεως
3540 598 3699 662 κακία,

2142 687 2264 742 ὅλον
2293 706 2355 742 σε
2389 689 2708 761 περιδράμῃ
2732 704 2745 719 ·
2791 688 2894 760 τὴν
2931 687 3030 758 μὲν
3067 687 3249 758 ψυχήν
3279 704 3397 752 σου,
3431 685 3546 741 καθ’
3586 686 3700 755 ἕξιν,

2144 777 2244 849 τὴν
2284 777 2339 830 δὲ
2373 778 2557 847 σάρκα
2578 794 2696 843 σου,
2737 776 2862 831 κατ’
2894 775 3200 844 ἐνέργειαν.

2214 867 2316 935 λγ’.
2356 869 2420 921 Ol
2458 866 2759 936 ὀφθαλμοί
2802 882 2925 919 σου
2971 864 3116 919 ὅταν
3144 861 3360 917 ἴδωσιν
3384 862 3702 933 ἀλλοτρίαν,

2140 956 2209 1011 τὸ
2242 958 2438 1027 στόμα
2466 973 2583 1012 σου
2611 958 2745 1011 τότε
2779 956 3043 1025 λαλήσει
3082 951 3332 1010 σκολιά.
3374 952 3597 1009 Ὀπόταν
3641 956 3706 1026 τῷ
3768 990 3775 995 -

2139 1050 2224 1104 νοῖ
2254 1066 2349 1103 σου
2380 1049 2581 1123 ἀπίδῃς
2632 1048 2771 1120 πρὸς
2797 1049 2899 1119 τὴν
2928 1045 3105 1118 τούτῳ
3129 1044 3435 1115 ἀλλόφυλον
3458 1044 3707 1118 αἴσθησιν,

2142 1139 2498 1194 καταλιπόντι
2557 1140 2626 1193 τά
2673 1139 2852 1193 οἰκεῖα
2886 1137 3270 1206 περισκοπεῖν,
3322 1135 3417 1189 καὶ
3460 1137 3567 1199 τοῖς
3602 1136 3711 1192 κατ’

2140 1232 2313 1303 αὐτὴν
2334 1232 2528 1297 τύποις
2548 1231 2645 1286 καὶ
2667 1230 3016 1302 φαινομένοις
3044 1228 3301 1284 κάλλεσιν
3315 1228 3711 1299 ἀπερισκέπτως

2141 1321 2510 1389 ὲπιϐάλλοντι,
2536 1320 2660 1375 τότε
2692 1321 2755 1374 τὸ
2794 1317 3137 1390 διανοητικόν
3170 1333 3289 1382 σου,
3342 1317 3445 1389 τῆς
3477 1316 3711 1388 ἀληθείας

2139 1411 2654 1484 παρεγκεκλιμένας
2698 1409 3055 1484 προϐαλεῖται
3098 1408 3259 1474 δόξας
3281 1425 3297 1441 ⁸
3325 1410 3578 1464 ἐπαινοῦν
3601 1408 3711 1464 άλο-

2140 1504 2349 1575 γίστως
2370 1505 2439 1559 τὰ
2472 1504 2800 1576 φαινόμενα,
2836 1504 2932 1560 καὶ
2962 1503 3040 1576 μὴ
3085 1501 3371 1557 διαϐαῖνον
3404 1500 3547 1556 κατά
3571 1500 3713 1573 λόγον

2142 1598 2283 1672 πρὸς
2312 1598 2383 1653 τά
2411 1599 2701 1671 νοούμενα.

2210 1691 2305 1749 λδ’.
2332 1691 2442 1747 Καὶ
2467 1692 2794 1760 κατακείσῃ
2822 1689 3027 1758 ὥσπερ
3052 1687 3126 1743 ἐν
3148 1685 3365 1758 καρδίᾳ
3390 1682 3710 1753 θαλάσσης,

2139 1783 2237 1839 και
2270 1782 2478 1853 ὥσπερ
2510 1781 2886 1852 κυϐερνήτης
2929 1780 2999 1835 ἐν
3028 1778 3239 1845 πολλῷ
3292 1777 3575 1835 κλύδωνι.
3617 1778 3713 1833 Καὶ

453 1870 701 1936 prudens
753 1873 1091 1942 gubernator
1144 1873 1199 1928 in
1250 1873 1419 1928 multa
1475 1881 1821 1944 tempestate,
1871 1873 2034 1930 cades

2142 1876 2456 1948 καταπέσῃς
2528 1875 2605 1939 ὡς
2665 1873 2927 1943 ἀδόκιμος
3000 1868 3349 1941 κυϐερνήτης
3418 1870 3478 1923 ὲν
3547 1867 3711 1939 πολλῷ

448 1959 506 2015 in
564 1961 896 2032 profundum
947 1964 1276 2035 ignorantia:
1305 1970 1359 2020 et
1389 1964 1443 2019 in
1479 1964 1777 2035 procellam
1813 1971 2034 2021 contra-

448 2053 659 2107 riarum
698 2055 1120 2123 cogitationum.

522 2143 687 2200 Vens.
718 2147 806 2201 55.
845 2145 911 2200 Ει
938 2147 1116 2203 dices:
1152 2148 1564 2204 Verberaverunt
1599 2166 1700 2213 me,
1731 2158 1782 2205 et
1805 2166 1910 2205 non
1938 2148 2034 2204 do-

442 2236 524 2291 lui
545 2254 564 2303 ;
589 2248 638 2292 et
665 2238 951 2294 illuserunt
988 2241 1138 2309 mihi,
1170 2258 1265 2313 ego
1300 2254 1477 2297 autem
1507 2259 1609 2298 non
1635 2244 1801 2300 sensi.
1830 2240 2032 2299 Postea

445 2342 624 2385 autem
649 2332 976 2401 pmnitentia
1018 2341 1202 2390 motus
1238 2335 1392 2391 dices
1421 2350 1437 2389 :
1468 2333 1757 2391 Laesa-runt
1790 2349 1879 2390 me
1907 2348 2034 2401 pas-

444 2421 652 2484 siones,
674 2429 728 2476 et
754 2438 864 2477 non
893 2424 1043 2479 sensi
1071 2440 1086 2490 ;
1115 2424 1451 2491 deceperunt
1477 2441 1564 2480 me
1593 2425 1818 2494 maligni
1868 2424 2034 2496 spiri-

443 2520 559 2575 tus,
598 2524 650 2568 et
674 2530 784 2568 non
813 2517 1071 2587 cognovi,
1098 2517 1167 2572 ab
1192 2518 1276 2573 eis
1305 2514 1428 2587 Quae
1444 2518 1749 2573 secundum
1778 2526 2029 2572 naturam

433 2611 574 2656 sient
603 2602 669 2656 ad
699 2618 761 2656 ea
782 2619 905 2675 quae
930 2612 1125 2659 contra
1150 2613 1403 2660 naturam
1436 2605 1726 2678 abreptus,
1755 2606 2031 2663 tenebris-

441 2706 549 2761 que
584 2691 907 2759 ignorantia
933 2693 1211 2751 detentus.

515 2783 744 2851 Quando
783 2789 883 2841 erit
905 2787 1221 2852 diluculum,
1247 2797 1303 2841 ut
1336 2787 1531 2843 vadem
1557 2804 1793 2855 qnwram
1814 2787 2032 2859 quibus-

440 2893 561 2931 cum
592 2880 897 2934 conveniam
923 2882 949 2935 7
994 2878 1070 2939 De
1114 2890 1316 2934 cancro
1351 2878 1576 2950 quando
1594 2879 1927 2935 illuminabit
1943 2894 2031 2935 me

442 2969 626 3025 lumen
655 2970 800 3027 Solis
822 2970 1070 3041 justitiae,
1120 2979 1178 3026 ut
1209 2972 1572 3042 spiritualiter
1623 2988 1925 3028 conversus
1960 2972 2031 3028 ab

441 3059 661 3129 errore,
693 3072 873 3117 mente
892 3075 1206 3134 perscrutor
1229 3080 1388 3121 veras
1423 3063 1728 3120 secundum
1762 3065 2030 3121 rationem

442 3168 629 3208 rerum
664 3154 1048 3211 exsistentium
1085 3155 1343 3212 notiones
1388 3157 1717 3225 quibuscum
1744 3158 1934 3212 vatiam
1963 3156 2030 3213 ad

440 3244 656 3299 beatam
699 3247 1043 3318 spiritualem
1070 3248 1236 3303 vitam
1265 3249 1319 3303 in
1355 3247 1501 3304 Deo?

1035 3427 1186 3484 CAP.
1216 3427 1403 3485 XXIV.

518 3513 814 3586 Vens.l,‘2.
854 3514 987 3586 Fili,
1016 3534 1078 3573 ne
1138 3520 1410 3574 tetnuleris
1452 3519 1593 3574 viros
1656 3520 1855 3581 malos,
1922 3536 2015 3574 nec

440 3608 707 3663 desideres
738 3624 851 3663 esse
878 3625 994 3662 cum
1022 3608 1119 3664 eis.
1160 3606 1322 3666 Falsa
1339 3611 1479 3666 enim
1511 3610 1801 3667 meditatur
1826 3628 2032 3666 careo-

445 3716 586 3767 rum,
621 3711 670 3753 et
698 3700 845 3754 labia
897 3716 1081 3756 eorum
1116 3701 1410 3773 loquuntur
1448 3702 1683 3759 labores.
1720 3701 1821 3758 Fili
1861 3703 2029 3774 spiri-

374 3858 381 3865 .
446 3792 638 3858 tnalis,
674 3791 786 3846 noli
822 3791 1034 3845 imitari
1076 3791 1332 3849 homines
1362 3794 1457 3865 qui
1486 3805 1790 3864 operantur
1829 3793 2033 3865 iniqui-

444 3889 635 3947 tatem,
664 3896 845 3952 neque
873 3881 1159 3938 desideres
1191 3883 1355 3938 simul
1394 3885 1595 3956 degere
1619 3900 1743 3939 cum
1765 3884 1882 3953 eis;
1910 3900 2033 3939 om-

445 3987 545 4026 nes
572 3973 717 4027 enim
752 3974 1118 4045 cogitationes
1151 3990 1345 4030 eorum
1378 3976 1448 4031 ad
1500 3976 1914 4047 decipiendum,
1976 3982 2032 4030 et

444 4064 621 4118 verba
648 4080 770 4136 qua:
820 4064 1108 4136 proferunt
1139 4067 1285 4123 labia
1334 4083 1551 4134 eorum,
1585 4067 1901 4139 percutiunt
1928 4082 2031 4121 au-

445 4156 684 4221 dientes,
708 4164 764 4211 et
792 4169 1099 4229 praeparant
1122 4156 1363 4227 dolores,
1390 4158 1521 4231 quia
1580 4159 1718 4214 nihil
1760 4159 1889 4214 boni
1935 4174 2032 4215 an-

445 4247 733 4301 nuntiant.

518 4430 685 4487 Vens.
714 4431 769 4498 3,
796 4431 849 4486 4.
883 4433 1021 4488 Cum
1066 4433 1331 4503 saptentia
1382 4432 1688 4503 wdiﬁcatur
1742 4433 1950 4501 domus,
1979 4444 2031 4490 et

445 4540 562 4578 cum
583 4524 865 4592 prudentia
891 4523 1166 4596 dirigitur.
1185 4523 1253 4579 In
1286 4524 1535 4580 doctrina
1557 4526 1899 4596 replebantur
1916 4527 2024 4581 cel-
2059 4554 2104 4610 υ

448 4615 609 4678 toria,
648 4615 899 4669 universa
975 4614 1279 4670 substantia
1318 4617 1554 4684 pretiosa
1575 4624 1625 4671 et
1642 4615 2027 4685 pulcherrima.

447 4703 644 4759 Divina
669 4704 838 4759 verbo
879 4714 1176 4761 renovatur
1213 4720 1388 4771 mens,
1427 4705 1549 4776 ejus
1581 4705 1945 4771 domicilium,
1970 4713 2028 4761 et

444 4809 545 4865 per
572 4794 990 4864 dispositionem
1016 4811 1139 4866 qtuc
1168 4795 1439 4866 triplicem
1473 4796 1670 4852 anima:
1711 4795 2027 4851 facultatem

444 4886 510 4939 aul
538 4886 670 4941 illud
704 4886 958 4949 inclinat,
990 4888 1266 4942 excitatur
1289 4901 1357 4942 ex
1393 4887 1715 4957 passionum
1771 4885 2032 4940 omissio-

442 4978 534 5034 nis
564 4993 630 5033 ac
660 4978 1071 5034 commissionis
1113 4977 1338 5033 casibus
1375 4977 1548 5041 :dum
1585 4993 1715 5033 caro
1765 4994 1795 5034 a
1844 4979 2033 5035 labore

444 5071 512 5127 ad
538 5070 951 5141 inquisitionem
984 5071 1100 5126 veri
1132 5070 1266 5125 boni
1297 5069 1812 5135 excitatur,animm
1844 5080 2031 5140 poten—
2060 5099 2065 5103 ~

444 5164 534 5217 tite
586 5163 844 5233 practicae
892 5178 957 5219 ac
1006 5164 1360 5236 spcculativa‘.
1396 5163 1607 5219 divitiis
1653 5164 2033 5234 spiritualibus

446 5258 755 5328 replentur,
813 5261 1044 5316 scientia
1123 5260 1337 5316 scilicet
1396 5274 1461 5315 ac
1519 5261 1745 5328 virtute,
1798 5262 2031 5319 veritate

447 5365 762 5420 quaisupcr
816 5353 1002 5409 omnia
1058 5354 1299 5419 exsistit,
1363 5364 1416 5411 et
1467 5354 1616 5426 quod
1651 5353 1722 5410 ab
1773 5355 2031 5413 omnibus

446 5456 488 5513 p
517 5442 785 5496 animatur
839 5449 983 5499 bono
1011 5488 1027 5513 ,
1071 5444 1216 5518 quod
1274 5454 1359 5503 est
1408 5445 1573 5511 Deus,
1606 5461 1705 5517 per
1736 5447 2030 5503 essentiam

451 5534 835 5600 immutabilis,
867 5536 1148 5594 beneficus
1184 5554 1280 5610 per
1311 5540 1709 5611 operationem.

523 5805 691 5861 νεεδ.
729 5809 780 5863 ὅ.
811 5807 1005 5867 Melior
1027 5819 1105 5863 est
1127 5810 1337 5878 sapiens
1356 5811 1488 5883 [orti
1519 5829 1540 5879 ,'
1594 5822 1649 5871 et.
1672 5815 1753 5870 uir
1791 5814 2028 5884 pruden-

2137 1965 2393 2033 κλύδωνι,
2442 1966 2523 2030 είς
2578 1962 2741 2035 βυθὸν
2791 1961 3016 2033 ἀγνοίας
3085 1959 3181 2014 καὶ
3231 1958 3407 2032 ζάλην
3457 1958 3713 2030 λογισμῶν

2136 2055 2417 2113 ἐναντίων.

2206 2147 2301 2204 λε’.
2349 2147 2530 2216 Ἐρεῖς
2547 2145 2636 2211 δὲ,
2673 2132 2973 2203 Ἐτῦπτόν
3007 2165 3106 2219 με,
3154 2148 3252 2205 καί
3281 2148 3399 2201 οὐκ
3427 2145 3711 2200 ἐπόνεσαο

2134 2237 2233 2292 καὶ
2262 2236 2593 2303 ἐνέπαιξάν
2618 2238 2881 2308 μοι,ὲγὼ
2909 2237 2977 2291 δὲ
3005 2241 3119 2294 οὐκ
3143 2239 3335 2309 ᾔδειν.
3370 2236 3528 2291 Μετά
3555 2235 3714 2290 ταῦτα

2132 2327 2192 2384 δὲ
2246 2328 2674 2400 μεταμεληθεὶς,
2726 2329 2889 2402 εἴπῃς
2932 2330 3078 2385 κατὰ
3124 2330 3188 2383 τὸ
3234 2328 3500 2394 συνειδὸς,
3542 2325 3714 2398 ᾔκιζόν

2137 2436 2207 2490 με
2242 2420 2310 2474 τά
2344 2418 2518 2491 πάθη,
2560 2419 2724 2483 αὐτὸς
2769 2419 2816 2473 δ’
2867 2420 2969 2474 οὐκ
3013 2418 3332 2492 ᾑσθάνθηνο
3388 2418 3484 2472 καὶ
3521 2416 3717 2488 ἠπάτη-

2135 2512 2236 2566 σάν
2292 2528 2361 2582 με
2412 2511 2484 2566 τά
2544 2511 2646 2582 τῆς
2700 2511 2971 2583 πονηρίας
3015 2511 3331 2583 πνεύματα,
3384 2508 3499 2579 ἐγὼ
3542 2508 3587 2563 δ’
3625 2508 3714 2562 οὐκ

2131 2604 2455 2675 ἠπιστάμην
2483 2620 2498 2636 ο
2552 2604 2851 2676 ὲκτρᾳπείς
2903 2620 2966 2657 τε
3015 2602 3111 2658 τοῦ
3167 2603 3311 2658 κατά
3377 2602 3539 2672 φύσιν
3590 2597 3713 2670 πρὸς
3754 2670 3773 2685 ἢ

2132 2693 2194 2749 τὸ
2225 2694 2380 2766 παρά
2417 2692 2603 2765 φύσιν,
2642 2694 2735 2758 καὶ
2769 2692 2920 2764 ζόφῳ
2947 2691 3173 2761 ἀγνοίας
3204 2689 3586 2761 κατασχεθείς.

2204 2789 2358 2841 Πότε
2387 2786 2599 2856 ὄρθρος
2628 2786 2821 2851 ἔσται,
2860 2785 2961 2840 ἵνα
2997 2785 3192 2839 ἐλθὼν
3226 2782 3466 2853 ζητήσω
3488 2782 3611 2853 μεθ’
3636 2772 3713 2835 ὧν

2132 2878 2585 2947 συνελεύσομαι
2610 2891 2632 2941 ;
2666 2876 2870 2931 Λοιπὸν
2898 2876 3032 2931 πότε
3062 2876 3409 2945 καταυγάσει
3436 2892 3505 2947 με
3526 2875 3585 2929 τδ
3611 2874 3713 2944 φῶς

2134 2968 2230 3023 τοῦ
2275 2966 2375 3040 τῆς
2425 2966 2777 3041 δικαιοσύνης
2796 2968 3012 3037 Ἠλίους
3066 2969 3136 3023 ἵν’
3181 2968 3547 3041 ἐπιστραφεὶς
3588 2965 3712 3021 κατὰ

2135 3054 2280 3118 νοῦν,
2317 3056 2426 3110 ἀπὸ
2445 3056 2549 3127 τῆς
2581 3053 2784 3123 ἔξωθεν
2810 3057 3042 3130 πλάνης,
3082 3057 3403 3130 ψηλαφήσω
3434 3057 3574 3111 κατά
3609 3047 3742 3125 διά-ξ

2135 3162 2289 3201 νοιαν
2320 3147 2419 3211 τὰς
2442 3145 2767 3217 κατὰλόγον
2791 3148 2919 3219 περὶ
2945 3148 3054 3201 τῶν
3075 3147 3246 3201 ὄντων
3275 3145 3505 3217 ἀληθεῖς
3534 3143 3708 3212 δόξας,

2137 3239 2237 3292 καὶ
2268 3236 2496 3303 ταύταις
2552 3239 2884 3295 συνεισέλθω
2927 3239 3063 3313 πρὸς
3105 3237 3204 3311 τὴν
3244 3236 3392 3294 κατὰ
3418 3236 3629 3309 πνεῦμα
3660 3238 3709 3291 ἐν

2134 3329 2256 3401 Θεῷ
2288 3330 2566 3403 μακαρίαν
2596 3326 2745 3404 ζωήν
2770 3350 2786 3401 ;
2992 3328 3009 3341 ⁸

2552 3492 2563 3499 _
2722 3426 2973 3482 ΚΕΦΑΑ.
3000 3428 3126 3482 KA'.

2205 3524 2273 3581 α’,
2310 3516 2375 3589 β’.
2443 3517 2558 3584 Υίέ,
2579 3517 2665 3587 μὴ
2720 3516 2995 3589 ζηλώσῃς
3030 3517 3255 3586 κακοὺς
3296 3517 3545 3588 ἄνδρας,
3569 3513 3710 3588 μηδὲ

2132 3608 2517 3679 ἐπιθυμήσῃς
2547 3604 2699 3663 εἶναι
2714 3600 2843 3679 μετ’
2866 3608 3066 3664 αὐτῶν
3091 3627 3105 3640 ο
3140 3607 3340 3678 ψευδῆ
3373 3610 3485 3681 γὰρ
3505 3604 3712 3679 μελετᾷ

2131 3699 2172 3768 ἠ
2224 3700 2441 3771 καρδία
2467 3699 2689 3767 αὐτῶν,
2761 3700 2863 3755 καί
2910 3701 3134 3769 πόνους
3184 3699 3257 3755 τὰ
3300 3702 3478 3771 χείλη
3527 3697 3710 3755 αὐτῶν

2132 3794 2330 3850 λαλεῖ.
2367 3794 2574 3849 Τέκνον
2633 3793 3039 3865 πνευματικὸν,
3064 3793 3338 3866 μηδαμῶς
3367 3795 3581 3866 μιμήσῃ
3622 3792 3707 3845 ἀν-

2135 3885 2391 3957 θρώπους
2422 3885 2830 3959 ἐργαζομένους
2874 3886 2971 3955 τὴν
3010 3886 3263 3956 ἀνομίαν,
3307 3885 3447 3958 μηδὲ
3478 3885 3709 3955 ποθήσῃς

2136 3976 2446 4047 συνδιάγειν
2491 3978 2676 4042 αὐτοῖς
2702 3994 2715 4007 ·
2749 3978 2929 4033 πάντα
2955 3977 3063 4049 γὰρ
3096 3980 3165 4033 τὰ
3193 3978 3329 4050 πρὸς
3363 3979 3581 4049 ἀπάτην
3606 3976 3709 4030 δια-

2132 4069 2413 4139 λογίζεται
2441 4073 2475 4141 ἡ
2504 4069 2713 4125 τούτων
2743 4069 2891 4142 ψυχή
2912 4085 2930 4104 ο
2972 4070 3067 4124 καὶ
3095 4070 3165 4123 τά
3196 4069 3287 4123 διά
3315 4069 3593 4139 στόματος
3620 4065 3707 4120 αὖ·

2131 4165 2241 4219 τῶν
2271 4165 2658 4237 προφερόμενα
2713 4166 2961 4235 ῥήματα,
2992 4164 3290 4235 πλήττουσι
3338 4163 3471 4225 ’τοὺς
3495 4159 3706 4217 ἀκούον-

2130 4272 2254 4319 τας.
2301 4256 2396 4309 καὶ
2427 4254 2719 4309 ὀδυνᾶσθαι
2758 4252 3294 4326 παρασκευάζουσιν,
3338 4252 3532 4325 ἐπειδὴ
3556 4249 3706 4323 μηδὲν

2131 4346 2570 4417 ἀπαγγέλλουσιν
2599 4344 2824 4415 ἀγαθόν.

2203 4445 2276 4507 γ’,
2310 4439 2372 4494 δ’.
2402 4438 2564 4494 Μετὰ
2592 4438 2814 4508 σοφίας
2845 4437 3236 4508 οίκοδομεῒται
3270 4434 3459 4505 οἷκος,
3488 4435 3583 4491 καί
3614 4448 3705 4505 μεθ

2132 4528 2207 4583 τὰ
2227 4529 2537 4595 συνέσεως
2558 4527 2912 4598 ἀνορθοῦται
2940 4546 2955 4561 ο
2993 4530 3147 4599 μετὰ
3182 4529 3524 4596 αίσθήσεως
3552 4524 3704 4597 ἐμπί-

2132 4625 2393 4676 πλανται
2423 4620 2653 4692 ταμιεῖα
2683 4622 2751 4676 ἐκ
2795 4622 3021 4689 παντὸς
3064 4622 3335 4676 πλούτου
3385 4623 3580 4691 τιμίου
3615 4616 3703 4672 καί

2132 4713 2344 4769 καλοῦ.
2386 4712 2544 4785 Λόγῳ
2569 4713 2699 4785 θείῳ
2729 4715 3069 4785 νεουργετται
3096 4713 3159 4766 τὸ
3185 4712 3371 4767 τούτου
3399 4712 3702 4783 οίκητήριον

2133 4807 2349 4870 πάντως
2374 4807 2403 4859 ό
2433 4806 2558 4871 νοῦς
2582 4823 2596 4837 ·
2635 4807 2731 4860 καὶ
2778 4809 2841 4878 τῇ
2890 4806 3033 4861 κατὰ
3073 4805 3317 4861 διάθεσιν
3363 4805 3502 4877 πρὸς
3526 4803 3702 4857 τοῦτον

2134 4900 2436 4963 συννεύσει,
2462 4898 2560 4953 τοῦ
2589 4899 2887 4970 τριμεροῦς
2917 4899 3017 4970 τῆς
3042 4897 3244 4970 ψυχῆς,
3281 4898 3624 4969 ἀνεγείρεται
3643 4897 3701 4948 ὲκ

2132 4990 2241 5044 τῶν
2267 4990 2390 5044 κατ’
2420 4989 2659 5060 ἔλλειψιν
2686 4989 2787 5060 τῆς
2816 4989 3043 5061 ἀρετῆς,
3075 4988 3172 5042 καὶ
3203 4988 3510 5059 ὑπερϐολὴν
3536 4991 3702 5057 ἐμπα-

2133 5078 2244 5136 θῶν
2275 5081 2706 5153 συμπτωμάτων
2725 5098 2739 5111 ·
2773 5081 2869 5135 καὶ
2898 5080 3047 5151 πόνῳ
3072 5081 3279 5150 σαρκὸς
3302 5078 3700 5151 διεγειρομένης

2132 5173 2381 5229 ἐντεῦθεν
2428 5173 2566 5244 πρὸς
2617 5173 2940 5244 ἐπιμέλειαν
2991 5171 3087 5226 τοῦ
3139 5173 3308 5238 ὅντως
3353 5172 3542 5233 καλοῦ,
3574 5171 3700 5239 πλη-

2136 5264 2353 5338 ροῦνται
2402 5267 2459 5319 αἱ
2506 5264 2648 5321 κατά
2688 5264 2867 5337 ψυχὴν
2917 5265 3254 5336 φυλακτικαὶ
3308 5267 3408 5337 τῆς
3459 5264 3698 5335 γνώσεως

2133 5357 2228 5413 καὶ
2255 5358 2354 5430 τῆς
2384 5358 2589 5430 ἀρετῆς
2620 5357 2950 5429 θεωρητικαὶ
2992 5357 3156 5424 ἕξεις,
3181 5356 3290 5411 ἀπὸ
3323 5356 3414 5412 τοῦ
3466 5371 3698 5425 πνευμα-

2132 5447 2287 5503 τικοῦ
2323 5448 2578 5513 πλούτου,
2623 5445 2723 5518 τῆς
2768 5466 2828 5503 τε
2871 5448 3092 5504 πάντων
3136 5449 3541 5523 ὑπερκειμένης
3575 5447 3698 5518 ἀλη-

2134 5539 2305 5604 θείας.
2345 5540 2438 5595 καὶ
2468 5539 2561 5594 τοῦ
2591 5540 2808 5594 πάντων
2840 5541 3260 5613 κηρυττομένου
3289 5541 3495 5611 ἀγαθοῦ
3519 5555 3535 5571 ⁸
3568 5541 3695 5604 άπερ

2134 5631 2282 5687 ἐστὶν
2313 5634 2342 5687 ὁ
2398 5633 2555 5699 Θεὸς,
2601 5632 2678 5697 ὡς
2703 5632 2823 5687 κατ’
2874 5633 3064 5686 οὐσίαν
3112 5631 3406 5705 ἄτρεπτος,
3451 5630 3541 5686 καὶ
3588 5627 3695 5684 κατ’

2133 5725 2421 5794 ἐνέργειαν
2462 5724 2832 5796 εὐεργετικός.

2204 5820 2267 5875 ε’.
2294 5814 2820 5887 Κρείσσιιηίσοφός
2869 5812 3143 5887 ισχυροῦο
3174 5813 3274 5870 καὶ
3304 5813 3461 5885 ἀνὴρ
3482 5810 3692 5882 φρόνη-
