3976 6434
447 435 578 500 H61

1486 434 2022 502 COMMENTARII
2061 442 2144 502 ΙΝ
2176 442 2634 504 PROVERBIA.

3589 428 3734 500 1462

445 565 552 603 σιν
587 549 764 617 ἔχων,
813 548 1095 619 γεωργίου
1137 549 1428 619 μεγάλου.
1483 551 1739 607 Καλλίων
1785 554 1903 608 ἐστὶ
1938 554 2056 615 διὰ,

2169 556 2265 611 iam
2294 556 2489 610 habens
2543 568 2677 624 agro
2724 568 2937 623 magno.
2971 548 3168 607 Melior
3193 556 3277 606 est
3332 563 3401 605 ac
3428 548 3729 619 perfectior

444 640 762 710 τελειότητα
798 640 941 712 βίου,
972 642 1000 694 ὁ
1030 640 1175 710 λόγῳ
1204 640 1399 708 σοφίας
1423 641 1599 696 πάντα
1627 644 1695 697 τὰ
1725 642 1859 697 ὄντα
1884 645 2028 698 κατὰ

2169 649 2231 718 [υἱ
2269 662 2365 718 per
2396 646 2724 719 sapientiam
2760 643 2945 700 omnia
2972 642 3302 698 exsistentia
3338 651 3522 697 mente
3582 656 3727 712 prte-

446 732 573 786 νοῦν
598 731 810 798 διαϐὰς,
844 732 941 786 καὶ
974 734 1030 787 ὲν
1063 731 1185 803 Θεῷ
1211 732 1570 797 καταπαύσας
1593 736 1662 806 τῇ
1691 733 1863 798 ὅντως
1890 734 2027 805 ζωῇ,

2137 739 2501 811 terg‘rcdiens,
2543 738 2599 793 in
2640 735 2755 791 Deo
2793 735 3089 806 requievit,
3123 750 3265 805 quae
3312 743 3397 789 est
3430 749 3558 789 vera
3601 735 3733 799 vita,

449 823 592 895 ὑπὲρ
624 823 718 876 τὸν
769 823 850 876 ἐτι
886 822 1029 877 κατὰ
1069 822 1177 875 τῶν
1221 822 1412 876 παθῶν
1466 823 1906 895 ἀγωνιζόμενον,
1937 828 2034 880 καὶ

2169 835 2233 888 llo
2264 833 2356 903 qui
2389 831 2570 886 adhuc
2598 828 2861 884 adversus
2893 828 3179 899 passiones
3245 827 3509 890 luctatur,
3541 824 3733 895 eisque

448 914 716 984 γενναίως
752 915 935 977 αὐτοῖς
978 913 1371 985 ἀνθιστάμενον
1397 928 1414 948 ⁸
1460 916 1559 970 καὶ
1586 918 1614 970 ό
1652 916 1916 985 γενναίως
1964 917 2034 971 τὰ

2169 939 2404 988 :enerose
2425 921 2636 979 resiStit
2656 938 2671 977 :
2693 932 2748 977 et
2782 921 2873 975 ille
2898 921 2991 991 qui
3026 934 3293 989 generose
3319 919 3586 974 adversus
3611 933 3736 989 pas-

450 1003 601 1076 πάθη
637 1004 1051 1071 καταπαλαίων,
1088 1005 1231 1094 μετὰ
1261 1006 1425 1075 λόγου
1473 1006 1728 1077 πράττων
1766 1006 1867 1078 τὴν
1898 1009 2033 1078 ἀρεο

449 1096 573 1168 τὴν,
614 1097 708 1151 καὶ
740 1098 799 1151 ἑν
847 1100 962 1162 τοῖς
1010 1100 1333 1168 ἀναγκαίοις
1374 1098 1537 1171 μόνον
1581 1100 2038 1168 συγκαταϐαίνων

451 1187 544 1242 διά
572 1187 671 1259 τὴν
709 1188 999 1243 ἀσθένειαν
1044 1192 1111 1261 τῇ
1147 1191 1312 1262 σαρκὶ
1352 1190 1492 1261 πρὸς
1532 1189 1815 1256 σύστασιν,
1850 1191 2039 1263 κρείσ-

456 1294 568 1332 σων
617 1279 737 1333 ἐστὶ
780 1279 876 1333 τοῦ
928 1281 986 1348 ἐξ
1017 1282 1188 1352 αὐτῆς
1230 1281 1398 1337 πολὺν
1431 1282 1605 1354 σωρδν
1655 1284 1866 1355 ἀρετῶν
1899 1282 2043 1337 κατὰ

457 1370 661 1437 πρᾶξιν
708 1372 1057 1441 συνάγοντος,
1109 1374 1205 1427 καὶ
1248 1374 1686 1441 καταϐάλλοντος
1736 1375 1943 1446 ταύτην
1973 1377 2040 1448 τῇ

441 1463 688 1529 ⁸αγωνων
735 1461 1037 1535 ὑπερϐολῇ.
1089 1462 1150 1517 '0
1172 1464 1273 1535 μὲν
1300 1464 1412 1536 γὰρ
1468 1465 1531 1519 οὐ
1581 1465 1746 1535 μόνον
1780 1464 1845 1518 τὸ
1874 1464 2044 1519 κακὸν

429 1551 679 1621 οφεύγει,
712 1553 850 1608 ἀλλὰ
878 1556 973 1609 καὶ
1024 1556 1163 1628 πρὸς
1193 1557 1255 1610 τὸ
1299 1558 1503 1625 ἀγαθὸν
1539 1561 1727 1631 χωρεῖ,
1755 1557 1895 1628 ἔχων
1946 1557 2047 1628 τὴν

464 1644 645 1715 σάρκα
695 1647 958 1716 συνεργὸν
1006 1648 1145 1719 πρὸς
1182 1646 1252 1702 τά
1295 1649 1585 1718 κρείττονα
1615 1665 1630 1680 ο
1677 1650 1706 1703 ὁ
1749 1649 1808 1703 δὲ
1856 1648 2049 1717 φεύγει

465 1732 568 1801 μὲν
595 1733 663 1787 τὰ
687 1738 807 1789 κατ’
854 1736 1093 1809 ἔλλειψιν
1134 1739 1235 1809 τῆς
1282 1736 1488 1810 ἀρετῆς
1522 1739 1691 1811 πάθη,
1724 1739 1825 1793 οὐκ
1848 1737 1962 1810 ἔχει
1991 1737 2049 1792 δὲ

460 1824 569 1878 τίνι
602 1826 852 1897 συνεργῷ
885 1828 1024 1897 πρὸς
1047 1828 1118 1882 τὰ
1145 1828 1412 1883 κάλλιστα
1439 1830 1735 1901 χρήσηται.
1778 1889 1783 1893 _

2140 1017 2327 1072 siones
2344 1016 2605 1077 luctatur,
2625 1011 2966 1067 rationaliter
2980 1012 3236 1066 virtutem
3259 1026 3449 1081 agens,
3479 1016 3533 1064 et
3555 1010 3610 1064 in
3641 1024 3739 1064 nec

2143 1106 2411 1162 cessariis
2447 1112 2658 1159 tantum
2693 1118 2817 1159 sese
2844 1103 3032 1158 carnis
3067 1101 3380 1156 infirmitati
3421 1115 3735 1157 accommo-

2145 1194 2291 1254 dans
2320 1197 2389 1252 ad
2416 1197 2899 1256 sustentationem,
2927 1194 3126 1249 melior
3156 1201 3243 1249 est
3296 1208 3362 1248 eo
3397 1193 3491 1264 qui
3526 1208 3593 1246 ex
3644 1192 3737 1247 illa

2145 1304 2405 1358 magnum
2432 1286 2697 1341 virtutum
2725 1286 3004 1356 operando
3029 1284 3277 1357 congerit
3300 1299 3558 1340 acervum
3585 1298 3738 1339 eam-

2145 1394 2254 1449 que
2292 1376 2479 1445 dejicit
2502 1374 2866 1441 certaminum
2898 1389 3148 1427 exccsm.
3168 1372 3298 1427 Nam
3329 1374 3480 1443 prior
3510 1373 3737 1443 quidem

2147 1485 2256 1526 non
2290 1467 2452 1524 modo
2480 1466 2685 1523 malum
2718 1468 2876 1538 fugit,
2902 1464 2997 1521 sed
3043 1466 3109 1520 ad
3144 1466 3349 1520 bonum
3382 1466 3547 1518 etiam
3606 1450 3738 1535 pro-

2148 1562 2417 1632 greditur,
2447 1576 2671 1616 carnem
2698 1560 2911 1615 habens
2939 1558 3004 1612 ad
3026 1558 3251 1611 meliora
3278 1556 3735 1627 cooperatricem.

2150 1650 2429 1707 Posterior
2456 1664 2589 1703 vero
2636 1648 2777 1717 fugit
2802 1646 3025 1717 quidem
3061 1646 3347 1714 passiones
3387 1643 3738 1707 omissionis.

2153 1744 2359 1800 nullius
2390 1751 2571 1798 autem
2607 1739 2813 1795 auxilio
2848 1740 2914 1793 ad
2950 1739 3159 1809 Optima
3189 1736 3382 1791 utitur.

536 1921 612 1979 ς’.
638 1880 800 1970 Μετά
823 1880 1244 1985 λυέερέρῆσεῴξ
1299 1880 1835 1987 πέιφλεῗᾶι-’ἆιὲζιῖςῇἀμ
1893 1916 2047 1986 ,βοή-

2226 1880 2391 1970 Vens.
2433 1912 2489 1970 6.
2538 1912 2682 1979 Qnia
2751 1927 2873 1965 cum
2925 1910 3271 1977 dispositione
3323 1908 3494 1961 initur
3528 1905 3740 1971 bellum,

465 2002 594 2054 θρια
620 1999 691 2054 δὲ
722 2002 875 2070 μετὰ
925 2003 1179 2072 καρδίας
1224 2005 1660 2075 βουλευτικῆς.
1718 2005 1987 2078 Καθάπερ
2020 2009 2049 2061 ὁ

467 2092 605 2165 πρὸς
636 2093 761 2157 τοὺς
788 2094 1019 2165 ὁρατοὺς
1042 2097 1372 2162 ἀντιπάλους
1397 2098 1658 2169 πόλεμος,
1691 2100 2049 2170 ἐπιστημονι-

464 2184 573 2256 κῆς
601 2184 792 2256 χρῄζει
841 2189 1200 2259 στρατηγίας,
1246 2189 1458 2260 μεγάλα
1480 2190 1538 2245 δὲ
1566 2190 1936 2262 συμϐάλλεται
1969 2190 2049 2262 τῷ

468 2280 678 2351 ἰσχυρῷ
707 2281 1102 2353 στρατεύματι,
1123 2284 1294 2338 καὶτὸ
1312 2283 1403 2339 τὸν
1425 2285 1670 2357 ἡγεμόνα
1698 2285 1844 2344 κατὰ
1867 2284 2048 2357 ψυχὴν

464 2373 537 2425 τά
561 2372 748 2428 δέοντα
779 2375 1267 2444 περισκέπτεσθαιθ
1290 2375 1434 2431 οὕτω
1452 2379 1597 2450 καὶὴ
1626 2378 1770 2432 κατὰ
1790 2377 1899 2433 τῶν
1924 2394 2051 2449 νοηο

466 2462 578 2517 τῶν
608 2463 820 2536 ὲχθρῶν
870 2466 1321 2537 ἀντιπαράταξις,
1351 2468 1489 2539 πρὸς
1505 2469 1563 2523 τὸ
1591 2469 1820 2541 ήττῆσαι
1840 2467 2047 2523 τούτων

467 2555 564 2610 καὶ
593 2556 945 2627 καταϐαλεῖν,
1000 2559 1271 2630 ἔμφρονος
1292 2561 1463 2615 δεῖται
1495 2563 1839 2628 ἐπιστασίας,
1867 2561 2051 2627 καλῶς

466 2647 824 2719 διεξαγούσης
857 2650 957 2715 τὰς
997 2650 1093 2705 τοῦ
1143 2651 1450 2722 παθητικοῦ
1488 2655 1688 2726 μέρους
1721 2654 1821 2724 τῆς
1869 2652 2051 2724 ψυχῆς

2150 2018 2201 2064 et
2219 2008 2317 2063 erit
2350 2005 2499 2062 salus
2533 2005 2622 2058 ubi
2650 2003 2823 2057 multa
2847 2002 3071 2057 consilia
3094 2009 3239 2055 sunt.
3270 1998 3739 2066 Quemadmodum

2149 2100 2417 2156 adversus
2435 2096 2623 2153 hostes
2642 2094 2886 2150 visibiles
2914 2094 3114 2147 bellum
3137 2091 3424 2153 scietitiam
3450 2090 3744 2144 militarem

2149 2192 2347 2262 exigit,
2395 2189 2742 2255 multumque
2780 2190 3017 2255 prosunt
3048 2176 3255 2253 petenti
3287 2180 3553 2236 exercitui
3586 2179 3747 2235 ducis

2150 2279 2444 2352 prudentia
2471 2277 2778 2347 etxperitia,
2801 2274 2882 2329 sic
2905 2274 2959 2328 in
2982 2286 3164 2343 pugna
3189 2270 3458 2325 adversus
3484 2269 3747 2339 spiritua-

2153 2375 2237 2429 les
2288 2373 2499 2435 hostes,
2530 2370 2598 2424 ad
2620 2369 2744 2423 illos
2771 2365 3074 2422 vincendos
3096 2371 3150 2419 et
3191 2362 3533 2433 dejiciendos
3559 2360 3745 2431 requi-

2152 2466 2295 2521 ritur
2332 2464 2573 2537 prudens
2596 2459 3027 2530 circumspectio
3065 2471 3185 2527 quae
3227 2453 3517 2510 facultates
3547 2455 3747 2509 animai

2151 2548 2334 2628 partis
2390 2552 2674 2610 sensibilis
2731 2553 2877 2625 bene
2923 2549 3147 2620 dirigat,
3184 2546 3487 2617 appetitum
3534 2545 3749 2601 scilicet

2152 2646 2642 2718 concupiscibilem
2672 2653 2727 2701 et
2757 2643 3054 2714 appetitum
3074 2639 3404 2697 irascibilem
3437 2648 3489 2693 et
3519 2635 3751 2692 rationis

467 2740 748 2811 δυνάμεις,
776 2744 875 2814 τὴν
897 2744 1193 2815 ἐπιθυμίαν
1221 2747 1318 2801 καὶ
1343 2748 1436 2801 τὸν
1469 2747 1641 2817 θυμόν
1662 2764 1677 2777 ’
1705 2747 1843 2818 πρὸς
1867 2746 1924 2801 δὲ
1949 2746 2044 2801 καὶ

2176 2743 2417 2799 udicium
2476 2740 2624 2813 quod
2670 2741 2936 2812 optimum
2985 2752 3018 2791 a
3050 2737 3290 2808 pessimo
3319 2733 3618 2787 discernat.

378 2892 384 2905 ,
467 2830 694 2905 λογικῆς
734 2836 1059 2908 διακρίσεως
1102 2838 1163 2891 τὸ
1199 2841 1447 2909 κρεῖττον
1484 2838 1799 2910 διαιρούσης
1828 2838 1936 2891 ἀπὸ
1971 2836 2067 2891 τοῦ
2100 2837 2366 2910 χείρονος.
2412 2878 2423 2885 ε

542 2925 609 2992 ζ’.
641 2928 831 2996 Σοφία
860 2928 961 2981 καί
988 2929 1197 2983 ἔννοια
1233 2929 1427 3000 ἀγαθὴ
1456 2930 1526 2984 ἐν
1544 2932 1770 2998 πύλαις
1819 2929 2050 3000 σοφῶν.

484 3018 550 3074 Ἦ
596 3020 895 3089 θεογνωσία
951 3023 1047 3075 καὶ
1089 3022 1256 3092 ἡτῶν
1318 3021 1540 3089 ἀγαθῶν
1592 3021 1771 3095 ἔργων
1829 3022 2053 3093 μελέτη,

470 3112 801 3184 παρεδρεύει
829 3115 888 3167 ὲν
911 3116 1031 3176 ταῖς
1069 3113 1277 3168 τούτων
1305 3115 1637 3184 εἰσαγωγαῖς
1659 3114 1816 3186 δίκην
1836 3112 2044 3180 πυλῶν,

469 3203 763 3275 αἰσθήσεσι
791 3204 901 3259 τῶν
929 3205 1150 3259 τελείων
1193 3207 1426 3278 ἀνδρῶν,
1452 3206 1529 3272 ὡς
1563 3209 1628 3261 ὲκ
1653 3208 1762 3262 τῶν
1805 3208 2050 3276 ποιημά-

2232 2928 2402 2983 VEns.
2442 2927 2496 2981 7.
2535 2924 2812 2994 Sapientia
2836 2932 2886 2979 et
2915 2920 3267 2991 intelligentia
3311 2916 3450 2971 bana
3482 2916 3536 2970 in
3579 2918 3749 2984 portis

2160 3021 2481 3091 sapientum.
2505 3019 2762 3088 Cognitio
2790 3016 2885 3071 Dei
2936 3023 2992 3071 et
3047 3013 3319 3069 bonorum
3352 3026 3580 3081 operum
3615 2994 3750 3065 cura

2156 3112 2357 3167 sedent
2378 3111 2540 3179 (praei
2572 3110 2626 3164 in
2654 3109 2851 3179 portis,
2881 3107 2936 3161 in
2983 3105 3243 3161 sensibus
3304 3103 3517 3158 scilicet
3566 3102 3749 3157 homi~

2156 3218 2289 3258 num
2312 3200 2705 3273 perfectorum,
2742 3199 2834 3270 qui
2866 3214 2935 3254 ex
2969 3196 3172 3252 creatis
3197 3194 3518 3249 Creatorem
3550 3193 3750 3264 depre-

469 3309 582 3347 των
632 3294 723 3347 τὸν
756 3293 998 3366 Ποιητὴν
1047 3295 1623 3367 καταλαμϐανόντων,
1682 3298 1777 3353 καὶ
1827 3299 1887 3352 τὸ
1924 3299 2056 3366 περὶ

2169 3296 2411 3352 hendunt
2440 3302 2494 3349 et
2533 3309 2657 3350 eum
2709 3291 3010 3361 inspiciunt
3035 3289 3127 3359 qui
3163 3302 3330 3357 super
3355 3287 3539 3340 omnia
3587 3283 3754 3339 bene-

476 3384 654 3438 πάντα
670 3384 874 3439 τούτων
899 3386 1249 3457 εὐεργετικὸν
1269 3403 1336 3440 πε
1348 3388 1775 3457 ρισκοπούντων,
1796 3391 1890 3443 καὶ
1916 3389 2057 3443 κατὰ

473 3476 540 3530 τὰ
562 3477 1101 3559 δυνατὸν-μιμεῖσθαι
1132 3479 1584 3550 ἐπιχειρούντων.

544 3566 617 3641 η’.
654 3558 839 3638 Σοφοὶ
898 3571 1011 3625 οὐκ
1051 3569 1451 3626 ἐκκλίνουσιν
1480 3573 1549 3629 ἐκ
1587 3575 1890 3644 στόματος
1942 3580 2059 3633 Κυι

468 3662 634 3732 ρίου,
662 3661 825 3717 ἀλλὰ
866 3660 1200 3732 λογίζονται
1222 3665 1294 3718 ἐν
1322 3665 1689 3735 συνεδρίοις.
1723 3667 1789 3721 Οί
1819 3668 2062 3738 ῳθάσαν-

475 3771 570 3817 τες
599 3756 680 3820 είς
706 3754 1042 3826 τελειότητα,
1084 3756 1337 3827 οὐδαμῶς
1366 3758 1493 3823 τοὺς
1515 3757 1709 3828 λόγους
1734 3758 1829 3815 τοῦ
1857 3761 2062 3815 Δεσπό-

477 3862 574 3900 του
591 3845 699 3900 τῶν
726 3846 863 3901 ὅλων
880 3847 1012 3902 Θεοῦ
1032 3850 1489 3921 παραϐαίνουσιν,
1512 3852 1649 3908 ἀλλὰ
1669 3854 1809 3927 πρὸς
1838 3854 2062 3920 τούτους

478 3936 796 4006 ἀνάγονται.
878 3983 901 4013 ,
1794 4002 1801 4009 _

553 4028 619 4083 θ’.
638 4029 1047 4098 ’Δπαιδεύτοις
1078 4030 1355 4103 συναντᾷ
1376 4033 1653 4102 θάνατος,
1686 4035 2065 4108 ἀποθνήσκει

479 4117 551 4174 δὲ
577 4119 784 4190 ἄφρων
796 4121 866 4176 ἐν
880 4123 1214 4193 ἁμαρτίαις.
1251 4124 1366 4179 Καὶ
1394 4124 1539 4179 κατὰ
1580 4125 1678 4190 τὰς
1697 4127 1929 4197 ἀλόγους
1964 4128 2065 4200 τῆς

477 4210 660 4283 ψυχῆς
687 4212 1028 4285 θεωρητικὰς
1042 4230 1103 4268 τε
1117 4215 1211 4269 καὶ
1234 4216 1546 4288 πρακτικὰς
1561 4216 1842 4288 δυνάμεις,
1863 4218 1962 4282 τὰς
1978 4220 2065 4272 αί-

480 4304 585 4376 σοή
595 4322 709 4369 σεις
725 4307 889 4377 φημὶ,
910 4307 1003 4360 καὶ
1014 4306 1112 4377 τὴν
1128 4307 1429 4379 ἐπιθυμίαν
1446 4307 1542 4361 καὶ
1556 4308 1647 4361 τὸν
1660 4307 1851 4379 θυμὸν,
1870 4311 1929 4363 ὲν
1942 4311 2065 4374 ταῖς

478 4397 690 4451 τούτων
715 4398 854 4470 πρὸς
880 4399 980 4470 τὴν
1002 4399 1230 4469 ἑνότητα
1263 4399 1358 4453 τοῦ
1386 4399 1480 4453 νοῦ
1515 4386 1919 4473 συναθροίσεσι,
1949 4403 2067 4465 τοῖς

484 4488 564 4562 μὴ
600 4489 839 4560 μαθοῦσι
899 4489 1164 4560 θεοφιλῶς
1190 4490 1291 4561 τὴν
1333 4491 1470 4545 ἰδίαν
1520 4491 1668 4562 ζωὴν
1716 4492 2008 4563 διεξάγειν,
2034 4493 2069 4546 ὸ

480 4580 608 4636 καθ’
638 4582 916 4654 ἁμαρτίαν
935 4583 1034 4653 τῆς
1054 4582 1234 4655 ψυχῆς
1257 4583 1575 4653 ἐντυγχάνει
1602 4583 1850 4647 θάνατος.

558 4678 612 4726 ι’.
652 4673 1009 4739 ’Ᾱκαθαρσία
1029 4671 1097 4726 δὲ
1110 4671 1283 4741 ἀνδρί
1304 4672 1513 4741 λοιμῷ,
1536 4672 2064 4742 ἐμμολυνθήσετσι

414 4838 417 4841 ν
480 4763 557 4818 ἐν
580 4763 773 4833 ᾑμέρᾳ
811 4764 1005 4833 κακῇ,
1051 4765 1147 4818 καὶ
1172 4765 1242 4818 ἑν
1273 4764 1465 4834 ἡμέρᾳ
1513 4766 1799 4834 θλίψεως,
1847 4764 1962 4833 ἕως
1994 4765 2074 4821 ἂν

483 4851 731 4922 ἐκλίπῃ.
774 4852 942 4907 Καὶό
970 4853 1273 4923 ἀλογίστως
1331 4854 1484 4924 βιῶν,
1549 4856 1642 4909 καὶ
1690 4856 1954 4921 ἑκουσίως
1994 4857 2071 4929 μὴ

486 4943 687 4998 συνιὼν
717 4947 802 5013 ἐφ’
833 4941 916 5010 οἷς
950 4946 1284 5017 προσκρούει
1329 4946 1469 5017 Θεῷ,
1505 4947 1670 5017 μέχρι
1717 4947 1911 5012 τέλους
1949 4950 2072 5013 ταῖς

486 5037 710 5102 κακίαις
735 5039 966 5109 ἒμμένει
989 5056 1000 5069 ·
1028 5039 1107 5108 τῷ
1132 5039 1179 5092 δ’
1208 5039 1672 5110 ἀπερικαλύπτως
1707 5039 1807 5111 τὴν
1864 5041 2070 5097 κακίαν

487 5129 866 5202 ἐργαζομένῳ,
917 5129 1213 5184 κάντεῦθεν
1242 5130 1338 5184 καὶ⁵
1362 5131 1569 5203 ἑτέροις
1600 5129 1811 5201 ταύτης
1841 5132 2069 5202 μεταδι-

487 5221 655 5286 δόντι,
712 5221 985 5294 ἀνθρώπῳ
1035 5222 1330 5292 ἀπογνόντι
1376 5223 1477 5294 τῆς
1529 5221 1728 5276 ἑαυτοῦ
1760 5221 2068 5293 σωτηρίας,

470 5310 692 5375 ,ὁπόταν
718 5311 902 5365 ὀδύναι
932 5311 1247 5381 σωματικαὶ
1275 5311 1451 5383 τούτῳ
1503 5315 1598 5367 καὶ
1634 5312 1869 5383 ψυχικαὶ
1900 5312 2072 5367 λύπαι

424 5426 431 5431 π
488 5403 814 5468 ἐπέλθωσιν,
841 5404 875 5474 ὴ
910 5403 1144 5475 πονηρία
1171 5404 1333 5470 πλέον
1372 5404 1843 5475 ὲπεκτανθήσεται
1865 5444 1880 5468 ,
1911 5405 2074 5479 ἄχρις

489 5494 558 5549 ἂν
588 5495 650 5548 τὸ
679 5494 831 5558 τέλος
859 5493 959 5564 τῆς
996 5495 1141 5566 ζωῆς
1174 5497 1336 5550 αὐτὸν
1367 5496 1675 5570 καταλάϐῃ.

563 5596 652 5643 ια’.
673 5588 881 5643 Ῥὗσαι
898 5587 1230 5657 ἀγομένους
1245 5591 1332 5656 εἷς
1354 5587 1637 5655 θάνατον,
1658 5590 1756 5644 καὶ
1783 5590 2076 5659 ἐκπριοῦν

490 5682 913 5752 κτεινομένους
927 5681 1014 5751 μὴ
1035 5683 1238 5752 spetam.
1284 5683 1567 5756 Λύτρωσαι
1601 5683 1676 5748 ὡς
1709 5686 1937 5741 δυνατόν
1969 5705 2072 5753 σοι,

488 5774 615 5836 τοὺς
645 5775 1030 5841 ἀπαγομένους
1061 5775 1141 5837 είς
1184 5772 1434 5839 θάνατον,
1485 5775 1595 5829 εἴτε
1630 5777 1722 5829 τὸν
1743 5777 1933 5830 ἄδικον
1968 5794 2075 5829 σω-

492 5865 743 5934 ματικλιν,
795 5866 906 5919 εἴτε
946 5865 1037 5920 τὴν
1073 5864 1196 5919 καθ’
1229 5865 1503 5936 ἁμαρτίαν
1543 5866 1792 5940 ψυχικόν·
1820 5871 1918 5922 καὶ
1946 5871 2071 5932 τοὺς

2164 3387 2304 3441 ﬁcus
2337 3393 2442 3451 est,
2475 3386 2741 3454 illumque
2772 3383 2906 3438 totis
2940 3382 3151 3437 viribus
3182 3379 3393 3434 imitari
3419 3386 3718 3433 conantur.

2237 3569 2405 3626 Vens.
2448 3568 2499 3624 8.
2541 3566 2815 3637 Sapientes
2846 3580 2948 3619 non
2972 3563 3241 3617 declinant
3286 3560 3352 3614 ab
3386 3576 3475 3615 ore
3510 3559 3752 3629 Domini,

2164 3665 2256 3719 sed
2288 3659 2583 3717 deliberant
2614 3660 2670 3713 in
2712 3655 3065 3712 consessibus.
3102 3653 3204 3721 Qui
3243 3651 3310 3706 ad
3354 3651 3751 3722 perfectionem

2166 3764 2558 3828 pervenerunt,
2601 3754 2755 3808 nullo
2787 3749 2953 3805 modo
2985 3748 3078 3803 Dei
3114 3748 3501 3802 universorum
3538 3743 3755 3800 Domini

2164 3849 2654 3922 transgrediuntur
2693 3853 2980 3916 praecepta,
3009 3843 3103 3898 sed
3129 3840 3195 3894 ad
3222 3853 3284 3893 ea
3313 3839 3713 3910 provehunlur.

2241 4031 2408 4088 Vens.
2463 4031 2519 4087 9.
2572 4026 2999 4096 Indisciplinatis
3051 4024 3281 4078 occurrit
3309 4038 3473 4085 mors,
3526 4020 3756 4073 moritur

2172 4136 2349 4182 autem
2382 4122 2690 4193 imprudens
2714 4121 2769 4175 in
2803 4117 3052 4189 peccatis.
3087 4117 3152 4170 Et
3185 4112 3365 4186 quoad
3406 4109 3757 4166 irrationales

2172 4218 2371 4273 animm
2398 4222 2513 4270 tum
2556 4212 2927 4284 speculativas
2972 4216 3091 4263 tum
3135 4206 3410 4278 practicas
3456 4202 3753 4273 potentias,

2174 4326 2371 4367 sensus
2396 4308 2547 4375 dico,
2578 4315 2634 4362 et
2667 4304 2970 4376 appetitum
3002 4299 3496 4371 οοηοιερίεοίιιὶιεηι
3547 4311 3610 4350 ac
3644 4295 3756 4348 ira-

2174 4404 2450 4468 scibilem,
2512 4401 2605 4473 qui
2665 4400 2722 4454 in
2752 4414 2941 4455 earum
2984 4395 3049 4451 ad
3113 4395 3376 4449 unitatem
3445 4389 3759 4445 intellectus

2174 4492 2698 4566 coacerv‘ationibus
2734 4488 3019 4559 propriam
3066 4486 3176 4539 Deo
3233 4494 3443 4552 gratam
3498 4479 3755 4535 nesciunt

2175 4588 2415 4658 dirigere
2452 4586 2643 4644 vitam,
2698 4583 2767 4637 iis
2817 4595 2968 4659 mors
3001 4577 3198 4631 anima:
3233 4582 3460 4645 peccato
3491 4571 3757 4629 occurrit.

2250 4681 2411 4738 Vens.
2454 4678 2541 4734 10.
2594 4672 2945 4730 l‘mnmnditia
2989 4678 3165 4723 autem
3207 4669 3318 4722 viro
3342 4664 3633 4735 pestilenti,
3676 4664 3759 4716 in-

2173 4777 2482 4850 quinabitur
2512 4775 2566 4829 in
2598 4771 2681 4825 die
2708 4769 2855 4824 mala
2885 4777 2934 4823 et
2969 4768 3023 4821 in
3046 4766 3132 4820 die
3166 4761 3549 4826 tribulationis,
3596 4761 3760 4841 donec

2175 4870 2413 4940 deﬁciat.
2452 4866 2517 4919 Et
2556 4866 2651 4919 ille
2699 4862 2793 4932 qui
2838 4858 3244 4915 irrationaliter
3274 4856 3409 4908 vivit
3456 4861 3513 4907 ct
3563 4862 3759 4922 sponte

2175 4978 2288 5017 non
2323 4957 2584 5025 intelligit
2628 4955 2682 5009 in
2734 4954 2936 5024 quibus
2977 4949 3145 5004 Deum
3196 4946 3446 5007 oﬂenzlit,
3484 4959 3655 5010 usque
3689 4944 3755 4994 ad

2176 5055 2343 5110 finem
2381 5054 2435 5107 in
2468 5049 2713 5122 peccatis
2760 5043 3134 5119 permanebit.
3181 5039 3285 5107 Qui
3328 5047 3514 5092 autem
3554 5037 3758 5089 malum

2174 5154 2365 5219 aperte
2386 5144 2542 5207 facit,
2576 5142 2834 5209 aliosque
2859 5133 3121 5207 pervertit
3148 5172 3163 5194 ,
3203 5130 3295 5200 qui
3331 5128 3591 5197 desperat
3629 5140 3759 5197 pro~

2176 5241 2310 5312 pria»
2341 5237 2530 5298 saluti,
2587 5230 2812 5305 quando
2864 5227 3095 5283 veniunt
3128 5221 3380 5292 corporis
3431 5219 3656 5275 dolores
3706 5228 3762 5272 et
3818 5236 3825 5241 '

2176 5310 2375 5386 animae
2431 5340 2720 5387 maerores,
2749 5318 2963 5376 malitia
3016 5316 3138 5387 ejus
3183 5310 3539 5379 extendetur,
3583 5311 3762 5366 donec

2173 5425 2301 5479 vitae
2326 5420 2449 5476 linis
2483 5414 2857 5488 deprehendat
2892 5411 3070 5465 illum.

2244 5599 2415 5654 Vens.
2450 5596 2536 5650 ll.
2591 5592 2730 5648 Erue
2758 5607 2845 5645 eos
2876 5588 2965 5658 qui
2993 5588 3265 5641 ducuntur
3309 5582 3377 5636 ad
3419 5588 3661 5643 mortem,
3710 5589 3761 5632 es

2176 5690 2266 5761 qui
2298 5688 2584 5741 trahuntur
2610 5683 2679 5737 ad
2710 5682 2983 5737 interitum
3020 5681 3245 5733 liberare
3287 5691 3351 5730 ne
3387 5688 3572 5729 cesses.
3621 5670 3763 5723 Erue

2177 5790 2447 5848 quantum
2480 5785 2633 5845 potes
2673 5789 2770 5830 cos
2803 5773 2896 5843 qui
2931 5776 3213 5825 ducuntur
3261 5770 3328 5820 ad
3360 5772 3614 5827 mortem,
3647 5762 3764 5815 sive

2177 5871 2244 5925 ad
2291 5880 2520 5922 mort-un
2587 5866 2847 5934 injustam
2908 5861 3183 5933 corporis,
3234 5859 3348 5914 sire
3407 5854 3473 5910 ad
3532 5862 3763 5909 mortem
