3976 6406
448 377 471 442 1
482 376 583 440 463

1772 382 2123 445 PBOCOPII
2163 385 2431 447 GAZ£I~

3542 397 3667 462 1484.

443 486 643 540 animae
696 494 790 552 per
848 493 1182 559 peccatum;
1241 506 1448 564 eosque
1498 495 1582 551 sic
1651 498 1989 567 periclitante

2093 497 2272 553 ιοῦτω
2325 501 2774 568 κινδυνεύοντας,
2832 504 3155 577 ἐλευθεροῦν
3200 505 3289 562 διὰ
3342 511 3655 583 χρημάτωνῆ

440 573 677 631 liberare
717 578 869 633 omni
942 582 1108 638 modo
1151 598 1372 653 conare,
1414 586 1532 643 sive
1561 602 1696 660 opes
1746 589 1863 647 sive
1900 606 2020 647 Scr-

440 680 635 722 mones
666 668 998 727 adhibendo.

512 753 679 812 Vnus.
727 760 812 815 12.
842 760 903 816 Si
931 772 1109 817 autent
1158 766 1382 832 dixeris,
1435 754 1629 827 Nescio
1673 772 1808 827 hunc
1830 775 2016 838 ,vscito

437 849 684 914 quoniam
710 849 969 908 Dominus
992 856 1154 910 corda
1180 860 1415 914 omnium
1436 866 1724 934 cognoscit,
1741 876 1791 921 et
1809 868 1899 938 qui
1921 867 2015 922 de-

437 937 515 991 dit
553 941 795 1009 spiritum
841 945 1100 1011 omnibus,
1144 951 1253 1018 ipse
1289 954 1430 1006 novit
1462 956 1686 1022 omnia;
1718 937 2013 1029 quireddit

435 1036 714 1106 unicuique
756 1040 1037 1095 secundum
1069 1060 1227 1112 opera
1275 1048 1415 1116 ejus.
1471 1050 1528 1105 Si
1581 1061 1762 1107 autem
1800 1053 2012 1112 dixeris

431 1128 489 1181 in
542 1132 873 1201 temetipso:
923 1123 1018 1189 [lle
1070 1138 1166 1207 qui
1216 1142 1360 1209 perit
1408 1144 1525 1199 sive
1571 1147 1752 1215 quoad
1785 1161 2009 1218 corpus,

431 1220 548 1274 sive
584 1224 762 1291 quoad
795 1225 1059 1292 animam,
1104 1245 1210 1285 non
1240 1240 1413 1289 nutus
1444 1244 1529 1291 est
1572 1237 1747 1303 milli;
1778 1248 1835 1294 et
1862 1242 2010 1310 peri-

430 1312 616 1365 culum
670 1314 723 1369 in
770 1331 883 1385 quo
918 1327 1170 1374 versatur
1212 1328 1638 1396 contempseris,
1685 1330 1827 1385 scito
1882 1333 2009 1401 quia

428 1400 694 1461 Dominus
720 1409 965 1462 omnium
1000 1410 1140 1467 Deus
1174 1414 1546 1483 cogitationes
1591 1400 1913 1491 cognoscit;
1955 1432 2010 1480 et

427 1491 522 1559 qui
558 1492 722 1546 Vitam
757 1497 1018 1554 omnibus
1064 1502 1348 1557 concessit
1385 1504 1729 1573 hominibus,
1761 1510 1883 1580 ipse
1914 1528 2010 1569 ac-

426 1591 619 1639 curate
642 1587 828 1641 omnia
862 1589 1039 1654 novit,
1075 1600 1129 1645 et
1158 1591 1279 1663 ipse
1328 1595 1474 1651 sicut
1520 1596 1874 1667 justissimus
1912 1603 2006 1674 ju-

425 1673 530 1728 dex
566 1676 865 1749 unicuique
900 1682 1079 1737 reddit
1125 1684 1347 1757 dignam
1398 1702 1628 1759 operum
1672 1673 2002 1753 mercedem.

423 1765 727 1837 Propterea
760 1786 789 1824 a
827 1769 938 1828 Deo
975 1775 1410 1834 misericordiam
1458 1797 1568 1838 non
1609 1796 2000 1858 consequetur,

423 1861 551 1929 quia
572 1868 629 1915 et
658 1860 775 1931 ipse
807 1866 1041 1932 proximi
1073 1885 1187 1924 non
1215 1872 1478 1930 misertus
1504 1885 1610 1933 est.
1868 1940 1871 1941 ν

492 1948 662 2006 Vens.
715 1953 803 2006 i3.
840 1953 1069 2010 Comede
1106 1960 1231 2025 mel,
1280 1962 1363 2030 ﬁli
1382 1964 1597 2029 ;bonus
1629 1969 1767 2022 enim
1795 1980 1874 2025 est
1921 1970 2006 2041 fa-

420 2057 536 2106 vus,
566 2052 624 2095 ut
651 2041 919 2100 dulcescat
937 2056 1120 2117 guttur
1147 2058 1313 2106 tuum.
1349 2052 1489 2123 Fili,
1508 2057 1873 2126 spinitualiter
1906 2077 2003 2132 pa»-

419 2148 574 2189 scere
626 2135 939 2192 divinorum
994 2157 1317 2199 sermonum
1381 2146 1679 2206 dulcedine
1730 2170 1746 2207 :
1800 2153 2002 2209 borum

417 2225 564 2280 enim
593 2227 846 2284 doctrina
878 2231 1015 2287 bene
1057 2235 1318 2293 omnibus
1353 2248 1617 2310 aptatur;
1646 2244 1793 2300 sicut
1822 2246 2001 2303 mellis

402 2315 577 2372 favus
628 2317 698 2374 iis
742 2320 838 2391 qui
873 2322 1022 2377 illam
1058 2325 1334 2383 docentur
1363 2338 1489 2401 apte
1519 2336 1996 2393 accommodatur.

414 2406 544 2465 illos
601 2410 821 2480 quidem
882 2414 976 2485 qui
1041 2427 1392 2486 peccatorum
1426 2425 1616 2481 'naavis
1667 2425 1999 2484 sordescunt

414 2502 692 2569 puriﬁcat,
723 2520 820 2561 eos
849 2518 1030 2562 autem
1068 2509 1341 2566 illuminat
1367 2516 1460 2583 qui
1487 2515 1538 2570 in
1576 2519 1819 2576 tenebris
1847 2522 1997 2591 igno-

414 2594 609 2648 rantiae
638 2595 982 2666 detinentur,
1038 2601 1346 2674 virtuteque
1369 2614 1423 2661 et
1452 2608 1683 2665 scientia
1728 2614 1996 2682 praeditos

414 2686 644 2752 perlicit.
675 2687 746 2743 Ut
772 2705 897 2745 cum
928 2691 1019 2746 illa
1062 2693 1316 2751 doctrina
1367 2697 1542 2757 fueris
1590 2703 1847 2773 satiatus,
1899 2723 1996 2764 vo-

411 2777 627 2847 luptate
681 2781 954 2851 spirituali
1004 2786 1280 2856 repleatur
1335 2791 1568 2861 spiritus
1613 2803 1766 2861 tuus,
1805 2813 1836 2852 a
1879 2814 1993 2870 quo

408 2872 568 2946 quasi
615 2887 644 2927 a
692 2882 915 2943 gutture
959 2877 1200 2948 quodam
1255 2881 1573 2951 spirituales
1623 2891 1992 2961 cogitationes

408 2960 607 3016 animae
630 2962 1035 3025 diliunduntur.

483 3051 647 3107 Vens.
684 3054 770 3109 14.
810 3054 900 3110 Sic
947 3060 1146 3141 senties.
1171 3063 1493 3132 sapientiam
1539 3071 1718 3128 animo
1750 3082 1862 3131 tuo.
1895 3074 1989 3136 Sic

2120 594 2391 649 παντοίων
2425 594 2600 664 λόγων
2630 596 2725 650 καὶ
2745 595 2986 669 τρόπων,
3005 598 3099 670 ’μὴ
3124 601 3442 676 ἑκκακίσῃς.

2191 770 2279 841 ιβ’.
2322 770 2458 827 Ἐὰν
2479 772 2547 827 δὲ
2573 773 2771 844 εἴπῃς,
2834 776 2967 855 Οὐκ
2983 773 3119 831 οῖδα
3164 777 3396 842 τοῦτον,
3430 779 3661 849 γίνωσκε

2116 861 2204 916 ὅτι
2231 865 2444 932 Κύριος
2470 862 2720 933 καρδίας
2742 866 2989 921 πάντων
3009 868 3289 938 γινώσκει
3313 884 3332 902 ⁸
3354 871 3448 925 καί
3472 876 3502 927 ὁ
3533 875 3662 929 πλά-

2113 970 2232 1022 σας
2263 957 2465 1024 πνοὴν
2488 957 2699 1022 πᾶσιν,
2732 959 2918 1025 αὐτὸς
2952 957 3080 1014 οἶδε
3116 960 3314 1016 πάντα
3338 979 3354 996 ·
3386 962 3453 1030 ὃς
3477 966 3662 1020 ἀποδί-

2115 1046 2304 1101 δωσιν
2328 1048 2566 1115 ἑκάστῳ
2603 1051 2754 1107 κατὰ
2780 1051 2854 1106 τὰ
2881 1050 3027 1120 ἔργα
3054 1050 3266 1109 αὐτοῦ.
3311 1053 3435 1110 Ἐὰν
3465 1058 3507 1111 δ’
3534 1060 3661 1129 ἐρεῖς

2115 1139 2237 1194 καθ’
2260 1140 2476 1205 ἑαυτὸν,
2511 1142 2587 1205 ὡς
2606 1136 2775 1207 Οὗτος
2793 1145 2822 1196 6
2844 1142 3240 1212 ἀπολλύμενος,
3274 1146 3381 1200 εἴτε
3409 1149 3544 1203 κατά
3572 1148 3642 1204 σῶ

2114 1240 2213 1304 μα,
2245 1232 2356 1287 εἴτε
2410 1236 2550 1288 κατά
2578 1235 2779 1307 ψυχὴν,
2824 1241 3067 1306 γνωστός
3105 1238 3207 1310 μού
3241 1241 3379 1305 ἐστι,
3406 1242 3499 1295 καὶ
3517 1260 3665 1298 κατα-

2112 1327 2388 1400 φρονήσῃς
2447 1327 2612 1381 αὐτοῦ
2680 1329 3086 1396 κινδυνεύοντος
3116 1372 3131 1398 ,
3188 1332 3279 1387 ἔσο
3329 1333 3483 1400 εἰδὼς
3528 1337 3602 1390 ὅτι
3639 1340 3664 1391 6

2108 1393 2391 1489 Δεσπότῆς
2425 1417 2534 1472 τῶν
2579 1418 2717 1474 ὅλων
2771 1421 2904 1486 Θεὸς
2931 1393 3151 1477 πάντων
3169 1424 3267 1487 τὰς
3288 1424 3523 1491 διανοίας
3552 1429 3662 1482 επί-

2110 1523 2305 1563 σταται
2342 1526 2356 1541 ⁸
2392 1510 2487 1564 καὶ
2527 1512 2557 1565 6
2606 1513 2915 1584 παρασχὼν
2967 1514 3116 1587 ζωὴν
3145 1519 3311 1571 πᾶσιν
3352 1519 3661 1590 ἀνθρώποις,

2106 1592 2263 1664 οὗτος
2291 1602 2537 1674 ἀκριϐῶς
2566 1604 2747 1659 πάντα
2777 1605 3060 1674 γινώσκει,
3087 1608 3185 1663 καὶ
3202 1607 3362 1674 αὐτὸς
3377 1604 3463 1663 οἷα
3491 1613 3665 1683 κριτὴς

2104 1688 2461 1757 δικαιότατος,
2511 1692 2669 1758 ἀξίας
2720 1696 2830 1749 τῶν
2858 1695 3036 1766 ἔργων
3060 1698 3293 1752 ἑκάστου
3318 1698 3419 1763 τὰς
3450 1699 3667 1768 ἀμοιϐἀς

2105 1782 2531 1838 ἀποδίδωσι-διὸ
2569 1786 2668 1840 ούκ
2701 1787 2979 1863 ὲλεηθήσῃ
3019 1791 3149 1861 παρ’
3214 1791 3408 1859 αὐτοῦ,
3473 1792 3552 1847 ὅτι
3581 1794 3665 1848 καὶ

2107 1873 2271 1937 αὐτὸς
2293 1873 2384 1928 τὸν
2408 1877 2624 1948 ὁμοφυῆ
2653 1878 2753 1932 οὐκ
2778 1880 3043 1951 ὴλέησας.

2179 1964 2268 2034 ιγ’.
2323 1965 2479 2038 Φάγε
2510 1968 2672 2038 μέλι,
2718 1970 3099 2042 υίέοάγαθὸν
3148 1975 3260 2046 γὰρ
3316 1980 3545 2047 κηρίον,
3572 1982 3663 2038 ἵνα

2103 2056 2419 2127 τλυκανθῇ
2469 2074 2587 2114 σου
2609 2063 2642 2114 ὀ
2669 2061 2929 2134 φάρυγξ.
2989 2065 3247 2138 Τράφηθι
3299 2072 3665 2141 πνευματικῶς

2072 2150 2168 2220 τῇ
2190 2148 2300 2203 τῶν
2332 2148 2493 2205 θείων
2544 2151 2744 2218 λογίων
2768 2154 3092 2228 γλυκύτητι,
3145 2160 3370 2215 τέκνον·
3404 2163 3540 2232 καλὴ
3570 2167 3664 2238 γάρ

2099 2240 2310 2314 ἐστινὴ
2357 2242 2594 2315 ἁρμονία
2636 2246 2738 2316 τῆς
2787 2245 2999 2301 τούτων
3051 2248 3447 2319 διδασκαλίαςο
3488 2257 3663 2328 κηρίον

2102 2333 2316 2404 μέλιτος
2349 2334 2527 2406 δίκην,
2563 2336 2857 2407 προσφυῶς
2883 2342 2995 2403 τοῖς
3017 2340 3429 2415 διδασκομένοις
3448 2346 3665 2417 ἁρμοζο-

2100 2426 2294 2497 μένης,
2320 2426 2397 2490 ὡς
2426 2427 2539 2483 τῶν
2561 2428 2663 2500 μὲν
2695 2430 2914 2502 κηλῖσιν
2948 2432 3369 2507 ἁμαρτημάτων
3428 2438 3664 2510 ὲρῤυπω-

2099 2522 2275 2592 μένων
2313 2521 2688 2594 καθαρτικῆς,
2722 2524 2833 2578 τῶν
2856 2524 2916 2578 δὲ
2946 2526 3130 2580 σκότει
3159 2528 3390 2612 ἀγνοίας
3407 2530 3663 2585 καλυπτο-

2098 2608 2299 2680 μένων,
2348 2612 2719 2683 φωτιστικῆςο
2758 2611 3205 2686 τελειωτικῆςδὲ
3254 2608 3368 2671 τῶν
3412 2618 3662 2689 ὲναρέτων

2094 2700 2189 2755 καὶ
2216 2700 2534 2770 γνωστικῶν
2563 2718 2578 2734 ’
2608 2702 2696 2757 ἵνα
2722 2704 3133 2776 ὲμφορηθὲντος
3162 2722 3256 2760 σου
3280 2707 3389 2777 τῆς
3422 2706 3661 2778 τοιαύτης

2091 2792 2463 2859 διδασκαλίας,
2515 2793 2712 2865 ἡδονῆς
2764 2797 3144 2868 πνευματικῆς
3202 2798 3469 2871 πληρωθῇ
3525 2816 3611 2854 σου
3636 2798 3662 2852 6

2091 2884 2216 2949 νοῦς
2245 2903 2259 2916 ·
2289 2886 2358 2941 δι’
2382 2882 2574 2957 οὗπερ,
2604 2889 2681 2952 ὦς
2707 2905 2856 2953 τινος
2895 2889 3202 2960 φάρυγγος,
3229 2889 3303 2944 τά
3327 2890 3662 2962 πνευματικά

2089 2977 2338 3048 νοήματα
2354 2980 2418 3049 τῇ
2444 2977 2591 3050 ψυχῇ
2619 2979 3106 3050 παραπέμπονται.

2161 3067 2244 3124 ιδ’.
2276 3067 2477 3135 Οὕτως
2502 3068 2770 3139 αίσθήσῃ
2794 3071 3022 3140 σοφίαν
3043 3069 3117 3140 τῇ
3142 3070 3321 3141 ψυχῇ
3345 3086 3483 3128 σου.
3510 3070 3657 3128 Οὕτω

405 3143 553 3198 enim
612 3145 666 3200 in
719 3148 904 3202 anima
961 3152 1248 3221 sapientia;
1308 3158 1659 3218 dulcedinem
1730 3170 1985 3238 senties;

2093 3157 2198 3230 γὰρ
2225 3158 2481 3228 γλυκείας
2513 3158 2855 3239 αίσθανθήσῃ
2893 3162 3036 3216 κατά
3079 3162 3258 3235 ψυχὴν
3282 3162 3391 3234 τῆς
3443 3166 3653 3236 σοφίας·

405 3232 739 3291 dulcissimae
769 3238 914 3293 enim
943 3241 1065 3312 ejus
1093 3245 1401 3316 spiritualis
1425 3252 1856 3321 pulchritudinis
1886 3232 1986 3333 per

2093 3249 2160 3314 ὡς
2186 3249 2280 3304 τοῦ
2328 3250 2468 3306 κατά
2490 3232 2707 3322 πνεῦμα
2735 3251 3073 3322 γλυκυτάτου
3096 3254 3332 3320 κάλλους
3361 3257 3530 3329 αὐτῆς
3555 3273 3661 3310 πει-

403 3324 530 3380 vita:
560 3328 957 3397 perfectionem
988 3337 1311 3404 experieris.

471 3416 531 3472 Si
550 3423 687 3474 enim
717 3422 996 3494 inveneris,
1032 3430 1133 3484 erit
1160 3430 1327 3488 bonus
1354 3433 1551 3502 obitus,
1583 3449 1632 3493 et
1661 3457 1779 3511 spes
1806 3452 1855 3498 te
1879 3460 1984 3500 non

398 3509 623 3567 deseret.
673 3515 730 3570 Si
760 3518 905 3572 enim
939 3523 1345 3590 qumrens'eam
1400 3534 1455 3582 et
1502 3529 1555 3584 in
1591 3509 1898 3604 Scripturis
1927 3543 1984 3592 et

398 3604 454 3657 in
491 3608 792 3672 creatione,
830 3609 1109 3670 inveneris
1142 3630 1262 3671 eam
1285 3626 1477 3688 utpote
1495 3636 1525 3675 a
1550 3625 1755 3680 creatis
1779 3627 1982 3696 praedi-

397 3706 580 3751 catum
609 3716 623 3765 ;
657 3700 837 3758 bonus
861 3704 955 3760 tibi
976 3708 1084 3761 erit
1111 3708 1234 3764 vita:
1259 3709 1405 3778 linis,
1432 3713 1562 3783 quia
1593 3731 1686 3785 per
1713 3731 1834 3772 eam
1866 3734 1982 3774 ma-

397 3802 471 3841 nu
529 3786 753 3847 duceris
801 3792 871 3848 ad
920 3796 1178 3854 salutem.
1228 3797 1526 3872 Propterea
1558 3819 1680 3860 eam
1730 3807 1982 3866 obtinere

396 3895 679 3951 nunquam
704 3883 1050 3956 desperabis.

374 4090 379 4093 -
470 4063 630 4122 Vens.
672 4067 758 4122 iii.
800 4068 926 4124 Noli
948 4071 1218 4140 applicare
1254 4075 1474 4145 impium
1516 4079 1587 4133 ad
1631 4097 1835 4150 pascua
1881 4083 1978 4153 ju-

390 4164 631 4221 storum;
667 4173 828 4227 neque
856 4158 1128 4216 seducaris
1159 4166 1446 4221 saturitate
1493 4171 1714 4226 ventris.
1753 4169 1875 4226 Noli
1902 4172 1980 4227 af-

387 4245 541 4301 ferre
571 4246 623 4305 ei
670 4249 765 4318 qui
827 4264 923 4319 per
983 4250 1128 4305 bona
1186 4268 1354 4322 onera
1405 4271 1516 4311 non
1581 4271 1729 4314 amat
1789 4261 1977 4318 colere

389 4336 588 4404 Deum,
617 4338 929 4397 doctrinam
969 4345 1229 4414 perfectis
1253 4349 1306 4402 in
1337 4349 1542 4407 virtute
1570 4366 1892 4424 congruam,
1919 4364 1973 4411 et

388 4430 665 4501 projicere
706 4436 1041 4505 margaritas
1066 4438 1437 4507 Spiritualium
1492 4442 1588 4500 Dei
1644 4461 1964 4503 sermonum

2087 3343 2283 3414 91051;.
2303 3343 2525 3407 ἱκανῶς,
2553 3344 2645 3398 διά
2680 3344 2800 3416 βίου
2829 3344 3170 3416 τελειότητα.

2166 3432 2303 3486 Ἐὰν
2351 3433 2462 3503 γὰρ
2506 3434 2712 3503 εὕρῃς,
2761 3434 2938 3490 ἔσται
2985 3440 3144 3505 καλὴ
3170 3437 3207 3503 ἠ
3234 3438 3493 3507 τελευτή
3526 3452 3657 3503 σου,

2082 3520 2373 3589 καὶέλπίς
2392 3539 2467 3577 σε
2497 3526 2611 3578 οὐκ
2658 3525 3102 3596 ἐγκαταλείψει.
3145 3528 3273 3582 Ἐἀν
3318 3530 3431 3602 γὰρ
3490 3530 3656 3602 ζητῶν

2081 3612 2289 3683 ταύτην
2317 3616 2375 3669 ὲν
2392 3618 2457 3687 τῇ
2481 3617 2676 3688 Γραφῇ
2699 3618 2795 3671 καὶ
2812 3622 2891 3691 τῇ
2908 3620 3110 3685 κτίσει,
3146 3619 3321 3694 εὕρῃς
3355 3622 3526 3692 αὐτὴν
3549 3616 3655 3676 οἷά-

2083 3720 2191 3775 περ
2220 3705 2326 3759 ὑπδ
2361 3706 2471 3759 τῶν
2517 3704 2898 3781 [κτισμάτων]⁴
2930 3709 3373 3781 κηρυττομένην,
3432 3709 3652 3783 ὑπάρξει

2081 3814 2178 3851 σου
2199 3797 2261 3851 τὸ
2284 3801 2383 3868 τῆς
2410 3798 2557 3869 ζωῆς
2600 3799 2752 3865 τέλος
2774 3800 3002 3868 ἀγαθὸν,
3030 3801 3560 3873 χειραγωγουμένου
3589 3798 3651 3854 δι’

2077 3890 2250 3959 αὐτῆς
2278 3890 2416 3960 πρὸς
2457 3890 2729 3961 σωτηρίαν
2748 3907 2762 3922 ο
2790 3891 3096 3949 κάντεῦθεν.
3113 3891 3420 3961 τεύξασθαι
3451 3891 3647 3964 ταύτης

2078 3979 2330 4051 οὐδαμῶς
2363 3981 2710 4046 ἀπελπίσεις.

2153 4076 2235 4125 ιε’.
2259 4070 2354 4139 Μὴ
2387 4072 2781 4143 προσαγάγῃς
2808 4073 3021 4143 ἀσεϐεῖ
3045 4076 3246 4145 νομὴν
3261 4073 3536 4129 δικαίωνο
3553 4088 3657 4144 μη-

2076 4161 2147 4215 δὲ
2167 4163 2480 4232 ἀπατηθῇς
2503 4166 2798 4234 χορτασίᾳ
2844 4166 3101 4233 κοιλίας.
3156 4166 3263 4238 Μὴ,
3285 4165 3657 4239 προσενέγκῃς

2076 4253 2154 4323 τῷ
2181 4254 2256 4325 μὴ
2281 4255 2347 4308 δι’
2377 4255 2601 4323 ἀγαθῶν
2631 4255 2810 4328 ἔργων
2850 4257 3165 4329 αἱρουμένῳ
3192 4259 3362 4329 τιμᾷν
3383 4262 3477 4312 τδν
3511 4257 3653 4319 Θεὸν,

2073 4346 2424 4402 διδασκαλίαν
2446 4349 2558 4411 τοῖς
2587 4349 2708 4401 κατ’
2731 4348 3183 4420 ἀρετὴντελείοις
3218 4349 3487 4421 ἁρμόδιον
3518 4367 3534 4383 ο
3570 4349 3657 4403 καὶ

2075 4437 2257 4511 ῥίψεις
2287 4439 2410 4502 τοὺς
2467 4439 2853 4510 μαργαρώδεις
2895 4442 3302 4512 πνευματικοὺς
3338 4441 3534 4510 λόγους
3565 4439 3655 4510 ἐμ·

386 4531 516 4576 aute
546 4522 697 4578 illum
735 4524 830 4595 qui
869 4525 1015 4581 sicut
1058 4543 1261 4597 porcus
1292 4546 1455 4587 como
1492 4535 1833 4605 voluptatqu
1872 4553 1962 4593 vo-

2093 4524 2311 4602 τροσθεν
2358 4531 2455 4585 τοῦ
2491 4531 2649 4602 δίκην
2678 4535 2864 4603 χοίρου
2890 4533 2968 4604 τῷ
3022 4531 3268 4605 βορϐόρῳ
3317 4532 3431 4587 τῶν
3461 4531 3655 4605 ἡδονῶν

388 4613 619 4680 lutatur;
644 4631 733 4684 ne,
761 4616 915 4672 illum
935 4618 1189 4676 doctrina
1220 4623 1509 4694 spirituali.
1530 4626 1761 4698 implere
1781 4630 1965 4686 susci-

386 4706 568 4777 piens,
609 4708 918 4765 irridearis.

458 4793 628 4852 Vens.
663 4797 750 4853 t6.
792 4797 992 4867 Septies
1031 4803 1354 4859 enim-cadet
1377 4806 1583 4875 justus,
1620 4819 1669 4864 et
1706 4818 1966 4881 resurget.

385 4886 611 4946 Desinet
671 4891 815 4946 enim
862 4895 1061 4950 cadere
1107 4896 1160 4950 in
1210 4907 1457 4966 peccata,
1511 4902 1605 4970 qui
1660 4902 1969 4959 secundum

382 4981 522 5052 legis
555 4991 772 5040 natura:
815 4985 1265 5057 jurisdictionem
1321 4991 1618 5061 legitimam
1678 4995 1877 5052 anima;
1915 5005 1970 5053 et

385 5079 605 5145 corpori
651 5080 910 5135 retribuit
957 5092 1186 5147 sortem,
1240 5085 1438 5140 animae
1485 5087 1705 5156 quidem
1731 5089 1967 5148 virtutes

385 5167 737 5238 principales,
794 5174 1015 5242 corpori
1070 5182 1255 5230 autem
1306 5176 1463 5233 cibos
1533 5194 1595 5232 ac
1649 5190 1964 5249 tegumenta

383 5260 620 5317 maxime
650 5266 985 5320 necessaria.
1018 5267 1100 5322 Ab
1141 5268 1291 5321 omni
1335 5269 1530 5325 alfectu
1586 5273 1652 5323 ad
1687 5275 1964 5344 superﬂua

380 5357 434 5403 et
474 5363 584 5404 non
618 5356 931 5410 necessaria
986 5357 1127 5413 liber
1155 5360 1432 5416 excitatur
1469 5364 1536 5418 ad
1588 5364 1751 5419 vitam
1802 5369 1963 5437 spiri-

380 5441 580 5496 tualem
601 5442 952 5512 diviniorem,
985 5464 1177 5519 panem
1204 5467 1234 5505 e
1266 5454 1406 5507 cmlo
1434 5454 1861 5513 descendentem
1903 5469 1963 5515 ut

377 5532 563 5588 cibum
613 5534 934 5593 solidiorem
993 5543 1331 5599 manducare
1368 5548 1580 5613 valens,
1630 5559 1746 5619 post
1781 5553 1960 5608 omnis

346 5654 351 5659 ·
377 5627 588 5692 peccati
618 5628 1012 5697 cessationem,
1033 5647 1196 5701 quam
1220 5637 1465 5693 ostendit
1499 5656 1763 5697 numerus
1788 5653 1960 5711 Septe-

377 5730 590 5772 ιιπιιις.

2076 4622 2560 4695 ὲγκαλινδουμένου
2583 4640 2597 4653 ·
2633 4624 2767 4696 μηδὲ
2817 4624 3106 4679 ὑπολαϐὼν
3146 4624 3435 4697 ἐμπλῆσαι
3473 4624 3654 4680 τοῦτον

2075 4713 2426 4778 διδασκαλίας
2455 4719 2854 4786 πνευματικῆς,
2884 4715 3211 4788 χλευασθῇς.

2147 4810 2244 4869 ις’.
2288 4803 2564 4870 Ἑπτὰκις
2588 4804 2697 4875 γὰρ
2742 4806 3013 4861 πεσεῖται
3035 4809 3069 4861 d
3093 4806 3347 4873 δίκαιος,
3382 4805 3486 4861 καί
3514 4806 3652 4860 ἀνα·-

2067 4893 2384 4962 στήσεται.
2408 4894 2774 4949 Καταπαύσει
2809 4893 2920 4966 γὰρ
2940 4895 3035 4949 τοῦ
3071 4895 3435 4969 περιπίπτειν
3472 4896 3650 4966 ἀμαρ-

2069 4987 2543 5059 τήμασιν,όκατά
2576 4973 2676 5058 τὴν
2728 4988 3098 5044 δικαιοδοσίαν
3146 4988 3244 5043 τοῦ
3282 4990 3385 5060 τῆς
3443 4989 3652 5058 φύσεως

2068 5076 2257 5147 νόμου,
2283 5077 2405 5131 κατ’
2426 5076 2584 5145 ἀξίαν
2605 5079 2671 5148 τῇ
2707 5076 2853 5150 ψυχῇ
2879 5078 3046 5132 αὑτοῦ
3086 5078 3182 5132 καὶ
3210 5081 3278 5151 τῇ
3307 5079 3477 5150 σαρκὶ
3511 5078 3647 5131 ἀπο-

2067 5168 2269 5238 νέμωνο
2291 5170 2358 5240 τῇ
2396 5168 2496 5239 μὲν
2526 5168 2625 5232 τάς
2642 5169 2865 5237 γενικὰς
2901 5169 3127 5240 ἀρετὰς,
3172 5173 3239 5242 τῇ
3265 5170 3323 5224 δὲ
3348 5169 3646 5240 διατροφὰς

2067 5256 2161 5310 καὶ
2196 5257 2584 5327 σκεπάσματα,
2607 5256 2676 5311 τά
2705 5257 3310 5333 μόναράναγκαιόταταο
3348 5257 3646 5313 κάντεῦθεν

2064 5349 2359 5414 ἀπολυθεὶς
2398 5349 2579 5421 πάσης
2626 5350 2728 5420 τῆς
2768 5349 2905 5421 πρὸς
2927 5350 2995 5404 τὰ
3022 5338 3308 5422 περιττά,’
3344 5350 3444 5403 καὶ
3504 5350 3638 5416 ὑπὲρ

2063 5442 2165 5514 τὴν
2226 5442 2418 5513 χρείαν
2446 5441 2706 5513 σχέσεως,
2746 5441 3112 5512 ἐγερθήσεται
3136 5442 3220 5505 είς
3249 5442 3348 5514 τὴν
3381 5438 3528 5494 κατά
3556 5438 3645 5492 τὸν
3732 5444 3747 5452 ’

2064 5535 2441 5606 πνευματικὸν
2473 5535 2637 5604 νόμον
2671 5533 2954 5603 θειοτέραν
2986 5532 3163 5605 ζωήν·
3199 5533 3290 5587 τὸν
3327 5536 3386 5588 ὲκ
3422 5531 3520 5584 τοῦ
3551 5531 3641 5583 οὐ·

2064 5627 2230 5699 ρανοῢ
2280 5626 2679 5681 καταϐαίνοντα
2732 5627 2920 5699 ἄρτον,
2982 5621 3071 5680 οἶά
3103 5641 3227 5678 τινα
3259 5622 3638 5692 στερεωτέραν

2059 5720 2267 5791 τροφὴν
2324 5719 2527 5774 ἐσθίειν
2576 5718 2906 5788 δυνάμενος,
2965 5718 3105 5788 μετὰ
3159 5717 3260 5787 τὴν
3310 5716 3417 5771 ἀπὸ
3461 5716 3641 5781 πάσης

2061 5814 2338 5879 ἁμαρτίας
2421 5811 2797 5877 κατάπαυσιν,
2853 5812 3032 5882 ἥνπερ
3065 5809 3093 5863 6
3136 5809 3277 5863 ἐπτά
3318 5807 3470 5878 δηλοῖ
3518 5806 3637 5877 ἀρι-

2061 5903 2217 5979 θμὸς.
