3976 6450
448 448 579 514 1m
610 424 615 429 ’

1778 445 2133 508 PROCOPII
2174 444 2417 504 GAZzEI

3590 418 3712 503 im

445 563 611 618 dibus
666 544 1078 627 custodiuntur,
1130 565 1476 625 evertuntur,
1513 558 1645 614 dum
1699 555 1769 612 ad
1825 556 2031 625 cogita-

2161 552 2332 624 πρᾶξιν
2369 553 2535 619 ἕξεις.
2590 550 3014 623 καθαιροῦνταιο
3073 553 3158 618 είς
3210 553 3461 616 ἀτόπους
3489 544 3715 623 ἐνθυμή-

446 655 632 709 tiones
662 658 717 708 et
743 661 902 707 actus
932 651 1215 721 improbos
1249 650 1491 707 decidis.

522 744 692 799 Vens.
729 744 818 798 52.
869 732 1172 798 Novissime
1215 758 1307 813 ego
1355 742 1717 812 pmuitentiam
1764 738 1869 809 egi.
1916 736 2031 808 Ego

451 843 633 888 autem
665 834 831 887 homo
869 834 949 888 sic
984 834 1344 898 constitutus,
1375 846 1519 901 saepe
1543 831 1599 885 in
1625 831 1734 885 line
1760 827 2033 901 poeniten-

450 927 583 979 tiam
617 924 726 993 egi.

524 1012 766 1080 Respexi,
784 1019 843 1066 ut
873 1012 1117 1083 eligerem
1147 1012 1508 1081 disciplinam.
1532 1011 1771 1081 Scopum
1798 1009 2032 1065 intuitus

451 1116 574 1156 sum
626 1102 700 1155 ita
750 1109 810 1155 ut
864 1101 1487 1157 omnibus‘visibilibus
1540 1107 1927 1169 anteponerem
1978 1107 2036 1153 et

451 1193 690 1245 animam
714 1201 766 1246 et
793 1207 1017 1246 carnem
1048 1194 1114 1246 ad
1146 1193 1349 1247 bonum
1375 1191 1889 1247 accommodantem
1919 1189 2035 1246 elli-

453 1296 639 1336 cacem
677 1282 1061 1336 mandatorum
1098 1282 1188 1337 Dei
1221 1283 1514 1338 theoriam.
1895 1281 1900 1288 ’

523 1373 689 1429 Vsus.
738 1374 827 1428 55.
884 1372 1178 1427 Paululum
1228 1363 1495 1438 dormito,
1538 1376 1817 1443 paululum
1858 1385 2036 1431 autem

455 1482 700 1521 somnum
752 1467 946 1534 capio;
998 1466 1276 1535 paululum
1316 1482 1435 1520 vero
1473 1468 1748 1535 amplexor
1788 1468 2035 1522 manibus

452 1566 689 1626 pectora.
725 1554 863 1610 Cum
894 1571 1025 1611 caro
1058 1571 1155 1624 per
1188 1559 1493 1614 senectutis
1523 1559 1900 1615 inﬁrmitatem
1935 1560 2039 1614 im-

452 1648 668 1703 becillis
704 1648 849 1701 facta
884 1647 977 1713 sit,
1011 1647 1166 1701 brevi
1201 1648 1425 1717 quidem
1461 1649 1606 1704 tacdii
1648 1650 2039 1706 dormitatione

457 1754 580 1794 sum
629 1746 966 1803 contentus;
1013 1737 1167 1794 brevi
1211 1748 1392 1795 autem
1447 1742 1796 1813 negligentiae
1843 1755 2039 1797 somno

456 1830 679 1897 servio;
719 1844 1027 1901 parumque
1053 1844 1204 1884 meas
1250 1831 1527 1914 practicas
1557 1830 1845 1889 facultates
1875 1842 2035 1888 exer-

2133 661 2249 709 σεις
2284 644 2380 698 καὶ
2417 642 2647 713 πράξεις
2676 643 3063 713 ἐμπίπτοντος.

2203 734 2304 806 λβ’.
2329 734 2618 802 Ὕστερον
2666 733 2783 804 ἐγὼ
2838 735 3202 804 μετενόησα.
3255 734 3426 788 Οὕτω
3482 732 3528 787 δ’
3566 733 3596 784 ὁ
3632 735 3719 788 ἄν·

2133 826 2351 896 θρωπος
2408 824 2521 896 ἐγὼ
2580 826 2947 898 διακείμενος,
2981 825 3245 891 πολλάκις
3273 826 3395 881 ἐπὶη
3428 823 3575 878 τέλει
3602 841 3721 892 μετ-

2124 918 2332 987 ἐγνωκι.

2218 1010 2550 1080 Ἁπέϐλεψα
2574 1010 2683 1066 τοῦ
2710 1009 3073 1076 ἐκλέξασθαι
3114 1011 3426 1067 παιδείαν.
3481 1008 3596 1063 Καὶ
3631 1008 3726 1062 ἀπ-

2133 1102 2415 1171 εσκόπησα
2453 1102 2597 1157 ὥστε
2649 1104 2943 1173 προκρῖναι
2997 1101 3218 1155 πάντων
3254 1102 3371 1155 τῶν
3408 1098 3725 1171 ὁρωμένων,

2134 1194 2235 1265 τὴν
2265 1195 2359 1247 καὶ⁸
2393 1193 2572 1265 ψυχὴν
2596 1193 2692 1247 καὶ
2722 1194 2904 1263 σάρκα
2931 1193 3066 1264 πρὸς
3090 1194 3152 1246 τὸ
3197 1194 3414 1262 ἀγαθὸν
3440 1190 3734 1262 ῥυθμίζου-

2139 1302 2240 1340 σαν
2272 1285 2594 1356 ἔμπρακτον
2623 1285 2860 1356 θεωρίαν
2889 1284 3001 1338 τῶν
3030 1283 3127 1337 τοῦ
3157 1284 3293 1338 Θεοῦ
3321 1283 3597 1337 ἐντολῶν.

2209 1377 2312 1446 λγν.
2366 1377 2608 1446 Ὀλίγον
2654 1374 2927 1436 νυστάζω
2948 1389 2963 1403 '
2996 1377 3209 1446 ὀλίγον
3265 1376 3337 1429 δὲ
3403 1372 3730 1429 καθυπνῶ’

2140 1471 2349 1541 ὀλίγον
2378 1467 2449 1523 δὲ
2489 1467 2950 1539 ἐναγκαλίζομαι
3000 1468 3174 1538 χερσὶ
3226 1467 3458 1535 στήθη.
3525 1466 3638 1536 Τῆς
3681 1466 3733 1520 δὲ

2140 1562 2343 1633 σαρκὸς
2398 1560 2697 1632 ἀτονούσης
2733 1560 2823 1615 διὰ
2849 1561 2954 1632 τὴν
3000 1560 3096 1613 τοῦ
3136 1561 3344 1631 γήρους
3403 1556 3733 1621 ἀσθένειαν,

2143 1654 2339 1725 μικρὸν
2374 1653 2472 1725 μὲν
2521 1652 2823 1723 νυσταγμῷ
2854 1653 3105 1722 ἀκηδίας
3146 1652 3495 1722 συνέχομαιο
3546 1649 3734 1721 μικρὸν

2139 1746 2196 1799 δὲ
2217 1744 2372 1815 ὕπνῳ
2407 1744 2683 1816 ῥᾳθυμίας
2710 1743 2948 1797 δουλεύω
2968 1760 2982 1775 ο
3012 1745 3107 1798 καὶ
3145 1743 3321 1815 βραχὺ
3370 1744 3483 1806 τὰς
3515 1758 3738 1811 πρακτιο

2143 1838 2246 1900 κάς
2279 1854 2378 1907 μου
2411 1836 2674 1905 δυνάμεις
2702 1835 2979 1905 ὲνασχολῶ
3000 1838 3113 1900 τοῖς
3129 1834 3240 1889 ἀπὸ
3260 1833 3372 1906 γῆς
3400 1835 3486 1897 είς
3517 1832 3736 1905 καρδίαν

456 1937 557 1978 ceo
603 1923 659 1977 in
704 1920 1134 1992 cogitationibus
1167 1938 1292 1991 quae
1340 1937 1371 1977 a
1418 1929 1567 1978 terra
1614 1924 1672 1980 in
1721 1939 1821 1982 cor
1854 1940 2036 1981 meum

2161 1928 2494 1983 ιναὸαίνουσι
2524 1927 2921 1998 διαλογισμοῖς.

459 2013 792 2069 ascendunt.

532 2104 692 2160 Vens.
722 2105 812 2160 ’54.
846 2104 907 2160 Si
950 2115 1128 2159 autem
1168 2105 1266 2160 hoc
1302 2105 1514 2174 feceris,
1551 2108 1718 2163 veniet
1752 2108 2039 2179 procedens

457 2202 747 2264 paupertas
773 2203 905 2260 tua;
927 2204 975 2248 et
1002 2203 1207 2265 egestas
1237 2205 1330 2248 tua
1359 2205 1614 2263 tanquam
1639 2197 1805 2251 bonus
1829 2213 2039 2251 cursor.

460 2287 520 2343 Si
552 2293 737 2343 autem
766 2288 881 2343 haec
908 2285 1181 2348 feceris,o
1210 2286 1398 2352 homo,
1418 2296 1474 2342 ut
1504 2289 1622 2359 ipse
1652 2290 2041 2359 memetipsum

459 2380 815 2451 redarguam,
851 2380 920 2435 ad
969 2390 1023 2439 te
1066 2382 1248 2439 veniet
1293 2381 1450 2451 plena
1493 2381 1679 2451 inopia
1721 2382 2062 2437 divitiarum.

457 2472 720 2538 virtutis,
765 2474 1133 2546 perditionem
1204 2476 1305 2531 tibi
1362 2474 1681 2541 adducens;
1735 2481 1790 2530 et
1842 2475 2044 2546 imper-

455 2562 628 2619 fectio
670 2549 1058 2622 mandatorum
1112 2566 1204 2622 Dei
1251 2567 1529 2633 scientiae,
1574 2576 1801 2637 propter
1851 2581 2044 2622 eorum

461 2655 844 2723 omissionem,
876 2659 1021 2717 sicut
1051 2674 1248 2716 cursor
1279 2659 1687 2717 velocissimus.

1081 2835 1235 2893 CAP.
1271 2835 1439 2892 XXV.

537 2923 723 2983 Vens-
747 2925 804 2984 ι.
842 2925 948 2985 Har
994 2939 1119 2985 sunt
1171 2917 1473 2999 disciplina!
1531 2929 1842 2986 Salomonis
1902 2930 2049 2985 indi-

464 3018 696 3080 stincte,
728 3033 861 3088 quas
895 3020 1286 3074 transtulerunt
1316 3021 1417 3074 viri
1451 3019 1691 3077 Ezechiae
1718 3023 1853 3091 regis
1879 3022 2048 3077 Juda.

464 3107 780 3165 Praesentes
823 3111 1112 3166 sententiae
1156 3112 1470 3170 Salomonis
1507 3115 1852 3184 sunt;prius
1896 3100 2055 3185 θροις

469 3199 575 3256 sim
615 3198 958 3267 ferebantur,
1023 3202 1211 3258 multis
1250 3204 1562 3275 incognitae.
1598 3206 1750 3272 Quas
1787 3206 2053 3278 colligen-

467 3299 556 3347 tes
588 3300 716 3362 post
742 3302 976 3348 mortem
1007 3293 1154 3363 ejus,
1180 3296 1275 3365 qui
1310 3294 1727 3367 Scripturarutn
1763 3298 2050 3355 sacrarum

468 3383 819 3441 meditationi
854 3385 1128 3440 vacabant
1164 3395 1221 3443 et
1258 3388 1467 3444 idcirco
1496 3391 1661 3445 amici
1701 3398 1862 3446 erant
1904 3391 2052 3461 regis

467 3473 785 3533 Judaeon
831 3475 1102 3547 Ezechiae,
1133 3479 1273 3536 libro
1311 3481 1740 3539 Proverbiorum
1782 3484 2053 3554 adjunxe-

470 3583 535 3624 ru
545 3578 625 3625 nt.

544 3747 709 3804 Vens.
742 3747 798 3804 2.
836 3746 1024 3806 Gloria
1077 3750 1171 3807 Dei
1220 3760 1297 3807 est
1350 3752 1521 3808 celare
1572 3753 1806 3811 verbum.
1863 3736 2059 3812 Gloria.

472 3849 650 3894 autem
696 3842 834 3912 regis
882 3842 1200 3915 inuestigare
1251 3860 1565 3900 sermonem.
1615 3845 1805 3902 Gloria
1854 3846 1949 3902 Dei
1994 3856 2054 3902 ut

470 3932 1064 4000 supersubstantialis,
1119 3930 1415 3991 inelfabilis
1469 3944 1575 4002 est,
1613 3937 1740 4007 quia
1797 3951 2044 4008 compre-

472 4025 638 4081 hendi
683 4027 873 4097 nequit
908 4026 1090 4093 Deus;
1134 4027 1308 4099 gloria
1339 4026 1436 4082 Dei
1468 4037 1530 4084 ut
1557 4030 1818 4086 universa
1859 4045 2056 4095 regen-

471 4119 542 4171 tis
579 4117 775 4173 suadet
803 4133 995 4188 parere
1021 4117 1144 4188 ejus
1164 4119 1457 4188 mandatis,
1475 4121 1546 4176 ob
1571 4120 1916 4188 timorem,et
1941 4135 2055 4177 non

470 4222 534 4263 ea
567 4224 672 4263 con
680 4219 940 4266 temnere.
1514 4257 1522 4262 .

542 4298 711 4356 Vens.
747 4301 803 4356 5.
839 4300 1045 4358 Caelum
1092 4317 1329 4368 sursum,
1348 4311 1399 4358 et
1446 4311 1591 4358 terra
1640 4304 1912 4370 deorsum,
1959 4319 2054 4358 cor

470 4407 652 4446 niuem
687 4393 824 4462 regis
864 4393 1231 4449 inscrutabile.
1271 4392 1743 4461 Quemadmodum
1778 4394 1940 4449 nobis
1966 4401 2054 4449 est

469 4484 1050 4557 incomprehensibilis
1084 4488 1210 4543 coeli
1253 4486 1487 4542 altitudo
1529 4494 1584 4543 et
1627 4494 1788 4542 terra
1820 4487 2054 4557 profun-

2212 2106 2309 2163 λδ⁹.
2378 2108 2522 2162 Ἐὰν
2579 2107 2649 2162 δὲ
2704 2108 2882 2163 τοῦτο
2922 2106 3139 2177 ποιῇς,
3187 2107 3324 2176 ἣξει
3370 2123 3738 2178 προπορευο-

2137 2198 2293 2268 pem
2344 2199 2382 2266 ἡ
2422 2199 2601 2252 πενία
2645 2212 2801 2253 σου·
2864 2198 2966 2253 καί
2995 2201 3033 2268 ἡ
3076 2198 3283 2254 ἔνδειά
3336 2215 3487 2266 σου,
3542 2197 3736 2267 ὥσπερ

2143 2290 2367 2359 ἀγαθὸς
2403 2289 2678 2359 δρομεύς.
2721 2289 2897 2362 Εἴπερ
2927 2291 2984 2345 δὲ
3012 2289 3187 2345 ταῦτα
3223 2294 3427 2358 ποιεῖς,
3460 2291 3733 2363 ἄνθρωπε,

2146 2381 2237 2435 ἵνα
2266 2381 2470 2450 ἐλέγξω
2491 2381 2654 2444 αὐτὸς
2693 2382 2908 2448 ἑαυτὸν,
2933 2381 3215 2436 ἐλεύσεται
3248 2383 3344 2436 ἐπὶ
3375 2384 3441 2437 σὲ
3476 2383 3737 2452 παντελὴς

2145 2474 2350 2545 ἀπορία
2373 2473 2471 2529 τοῦ
2503 2474 2737 2528 πλούτου
2763 2474 2862 2544 τῆς
2894 2475 3101 2547 ἀρετῆς
3122 2492 3138 2508 ·
3182 2474 3623 2546 προοδοποιοῦσά
3661 2491 3736 2527 σοι

2147 2566 2244 2638 τὴν
2265 2565 2568 2621 ἀπώλειαν·
2622 2568 2717 2620 καὶ
2757 2567 2977 2620 ἀτέλεια
3023 2568 3123 2638 τῆς
3177 2567 3286 2620 τῶν
3315 2566 3488 2620 θείων
3516 2565 3736 2620 ἐντολῶν

2147 2657 2427 2728 γνώσεως,
2450 2657 2541 2711 διὰ
2574 2658 2675 2728 τὴν
2702 2658 2978 2729 ἀπραξίαν
3003 2657 3203 2727 αὐτῶν,
3228 2656 3493 2729 καθάπερ
3522 2674 3605 2721 τις
3626 2657 3737 2726 δρο-

2151 2749 2289 2820 μεὺς
2321 2748 2649 2819 ταχύτατος.

2728 2838 2979 2893 ΚΕΦΑΛ.
3021 2837 3152 2894 κε’.

2221 2931 2293 2988 α’.
2332 2928 2521 2989 Λῦται
2554 2934 2616 2987 al
2658 2932 2922 2987 παιδεῖαι
2952 2929 3343 3002 Σολομῶντος
3378 2922 3733 2997 αι’ἀδιὰκρι-

2127 3039 2241 3077 τοι
2261 3065 2276 3090 ,
2306 3023 2382 3089 ἂς
2401 3024 2815 3092 ἐξεγράψαντο
2848 3025 2904 3078 οἱ
2926 3024 3095 3093 φίλοι
3131 3021 3395 3103 Ἐζεκίου
3426 3020 3538 3076 τοῦ
3558 3022 3731 3087 βασι·

2152 3112 2308 3179 λέως
2334 3112 2446 3183 τῆς
2477 3112 2783 3179 Ἰουδαίας.
2825 3113 2893 3166 Al
2942 3111 3219 3183 παροῦσαι
3258 3109 3541 3166 νουθεσίαι
3584 3108 3732 3162 Σολο-

2159 3203 2368 3275 μῶντός
2391 3205 2553 3268 εἰσιν,
2582 3206 2639 3257 al.
2670 3203 2865 3275 πρώην
2895 3203 2974 3266 ὡς
3002 3201 3435 3274 διεσπαρμέναι,
3467 3202 3583 3265 τοῖς
3612 3199 3729 3253 πολ-

2155 3294 2268 3360 λοῖς
2319 3295 2681 3364 ἀδιάγνωστοι
2703 3311 2718 3325 ·
2759 3294 2826 3358 ἃς
2871 3292 3261 3364 συλλεξάμενοι
3320 3292 3466 3365 μετὰ
3518 3292 3730 3347 θάνατον

2154 3387 2318 3442 αὐτοῦ
2344 3430 2359 3456 ,
2390 3391 2440 3442 οἱ
2475 3389 2606 3460 περὶ
2635 3387 2735 3460 τὴν
2768 3386 3003 3458 μελέτην
3029 3385 3142 3440 τῶν
3187 3385 3353 3440 θείων
3388 3384 3731 3458 ἐσχολακόπες

2152 3478 2410 3551 Γραφῶν,
2433 3480 2531 3534 καὶ
2555 3477 2649 3532 διὰ
2675 3478 2838 3533 τοῦτο
2866 3476 3123 3549 συνήθεις
3152 3476 3231 3548 τῷ
3267 3477 3487 3549 βασιλεῖ
3515 3477 3613 3549 τῆς
3637 3475 3732 3529 τῶν

2167 3571 2435 3626 Ἰουδαίων
2466 3569 2653 3642 χώρας
2684 3569 2925 3642 Ἐζεκίᾳ,
2955 3573 3024 3642 τῇ
3054 3569 3166 3625 τῶν
3205 3569 3534 3642 Παροιμιῶν
3581 3566 3730 3641 βίϐλῳ

2152 3662 2462 3717 τελευταῖον
2497 3659 2892 3731 ἐγκατέταξαν.

2227 3753 2294 3824 β’.
2330 3752 2485 3819 Δόξα
2500 3752 2649 3808 Θεοῦ
2668 3752 2914 3821 κρύπτει
2927 3751 3147 3821 λόγον*
3171 3750 3323 3817 δόξα
3343 3750 3413 3805 δὲ
3438 3747 3728 3816 ,Βασιλέως

2152 3843 2294 3917 τιμᾷ
2319 3844 2770 3915 προστάγματα.
2802 3844 2871 3898 Ἥ
2898 3842 2992 3898 τοῦ
3015 3838 3152 3896 Θεοῦ
3180 3843 3329 3910 δόξα,
3354 3843 3434 3907 ὡς
3458 3842 3556 3913 μὲν
3577 3841 3729 3910 ὑπερ-

2153 3938 2361 4005 ουσίου,
2391 3936 2675 4008 ἄφραστός
2702 3936 2821 3989 ἐστι
2864 3933 2953 3988 διὰ
3000 3932 3064 3988 τδ
3108 3933 3275 3988 αὑτοῦ
3310 3934 3721 4002 ἀκατάληπτον·

2152 4029 2230 4094 ὡς
2279 4029 2338 4082 δὲ
2383 4029 2605 4082 πάντων
2631 4025 3005 4090 δεσπόζοντος,
3037 4025 3220 4079 πείθει
3273 4023 3596 4095 πειθαρχεῖν
3622 4022 3728 4083 ταῖς

2153 4121 2320 4177 αὐτοῦ
2362 4121 2630 4184 ἐντολαῖς,
2664 4118 2755 4172 διὰ
2790 4118 2885 4171 τὸν
2928 4115 3099 4172 αὑτοῦ
3132 4116 3317 4185 φόϐον,
3354 4116 3455 4169 καὶ
3504 4114 3578 4187 μὴ
3618 4110 3726 4181 περὶ

2152 4215 2357 4277 ταύτας
2396 4210 2702 4266 διακεῖσθαι
2739 4207 3254 4281 καταφρονητικῶς.

2224 4304 2292 4374 γ’.
2338 4302 2624 4372 Οὐρανός,
2648 4301 2921 4369 ὑψηλός·
2945 4299 3023 4370 γῆ
3051 4300 3140 4365 δὲ,
3166 4298 3385 4364 βαθεῖα
3405 4315 3420 4329 ·
3445 4295 3650 4365 καρδία
3667 4290 3727 4345 δὲ

2148 4393 2456 4463 ,βασιλέως
2479 4432 2494 4453 ,
2560 4388 3018 4458 ἀνεξέλεγκτος.
3074 4390 3289 4460 Ὠσπερ
3359 4386 3724 4454 ἀκατάληπτον
3778 4431 3782 4434 .

2156 4488 2291 4556 ἡμῖν
2328 4484 2391 4538 τό
2426 4501 2485 4537 τε
2524 4482 2658 4552 ὓψος
2691 4481 2785 4536 τοῦ
2808 4480 3068 4552 οὐρανοῦ,
3093 4481 3188 4534 καὶ
3212 4479 3273 4533 τὺ
3302 4478 3471 4550 βάθος
3499 4478 3594 4547 τῆς
3615 4475 3720 4543 γῆς.

470 4581 634 4643 dum,
684 4581 767 4637 sic
812 4579 1300 4636 indiscriminatim
1351 4578 1535 4643 Deus,
1577 4588 1770 4649 utpote
1815 4577 1908 4649 qui
1950 4592 2048 4634 nec

2161 4577 2298 4632 οὕτω
2334 4576 2427 4629 καὶ
2455 4574 2516 4627 τὸ
2540 4573 2684 4626 θεῖον
2716 4571 3101 4644 ἀσυγκρίτως,
3141 4571 3219 4634 ὡς
3264 4570 3505 4639 ἄναρχόν
3546 4582 3603 4619 τε
3643 4561 3723 4615 καὶ

471 4670 690 4726 initium
716 4686 817 4727 nec
838 4671 1000 4726 linem
1024 4669 1380 4726 habet.Circa
1403 4679 1587 4726 autem
1614 4669 1837 4724 modum
1855 4669 2053 4724 futura:

470 4771 676 4818 nostra:
722 4777 819 4834 per
864 4763 1097 4834 gratiam
1151 4761 1542 4827 deiticationis,
1581 4763 1880 4819 consilium
1930 4761 2051 4829 Dei,

465 4856 719 4910 onmium
755 4854 995 4921 Domini,
1033 4854 1190 4910 nobis
1219 4855 1402 4909 adhuc
1433 4856 1710 4910 occultum
1745 4863 1830 4912 est
1860 4872 1873 4909 :
1905 4855 2053 4926 quod

467 4945 715 5002 Joannes
759 4946 1095 5015 evangelista
1135 4944 1435 5001 ostendens
1469 4945 1630 5011 dixit,
1667 4945 1921 5001 Nondum
1954 4962 2055 5016 ap-

469 5042 658 5110 paruit
687 5039 817 5110 quid
853 5038 1081 5094 erimus.

546 5132 711 5186 Vens.
753 5131 810 5185 4.
853 5126 1082 5185 Percute
1106 5139 1386 5201 argentum
1418 5130 1800 5200 improbatum,
1832 5140 1881 5182 et
1903 5145 2056 5183 mun-

469 5226 692 5280 dabiiur
748 5224 1002 5279 mundum
1062 5232 1256 5280 totum.
1295 5219 1466 5279 'Tolle
1519 5224 1885 5294 cogitationes
1945 5221 2056 5275 Deo

472 5316 776 5384 injuriosas
835 5318 909 5373 ab
965 5319 1149 5373 anima
1208 5325 1303 5373 tua
1360 5315 1652 5372 Dominico
1732 5317 2059 5371 charactere

474 5413 770 5478 honorata,
818 5421 877 5468 et
918 5413 1235 5469 intellectus
1272 5412 1395 5483 ejus
1436 5413 1489 5467 in
1523 5425 1634 5481 quo
1671 5409 2056 5464 universorum

475 5502 764 5567 Dominus,
800 5502 944 5560 Deus
987 5504 1141 5574 quasi
1197 5504 1397 5559 throno
1443 5503 1682 5574 quodam
1737 5500 2057 5571 requiescit,

473 5594 548 5649 ob
600 5593 1017 5649 similitudinem
1074 5596 1277 5650 bonum
1333 5595 1688 5665 operabitur,
1743 5609 1851 5647 non
1909 5592 2060 5661 cogi-

477 5686 650 5739 tando
678 5684 823 5754 quod
851 5686 1092 5755 cogitare
1126 5703 1236 5742 non
1270 5694 1506 5757 oportet,
1540 5678 1717 5757 neque
1746 5700 1843 5756 per
1886 5684 2059 5737 virtu-

476 5778 557 5831 tis
590 5776 883 5838 defectum,
926 5792 1101 5847 neque
1147 5794 1245 5849 per
1285 5793 1608 5843 excessum;
1655 5778 1749 5832 sed
1793 5775 2061 5846 sapieudo

488 5865 557 5922 ad
593 5868 968 5923 sobrietatem.

2155 4669 2545 4740 ἀτελεύτητον·
2597 4669 2630 4739 ἡ
2676 4666 2733 4720 δὲ
2761 4668 2894 4739 περὶ
2920 4667 3015 4721 τὸν
3044 4666 3248 4739 τρόπον
3290 4666 3391 4734 τῆς
3443 4659 3724 4734 μελλούσης

2155 4762 2299 4816 κατὰ
2316 4761 2478 4831 χάριν
2502 4759 2753 4821 θεὼσεως
2774 4757 2955 4828 ἡμῶν,
2976 4757 3144 4828 βουλὴ
3166 4755 3336 4809 αὑτοῦ
3358 4754 3455 4807 τοῦ
3474 4751 3718 4806 Δεσπότου

2154 4851 2264 4906 τῶν
2292 4850 2430 4905 ὅλων
2454 4848 2614 4915 Θεοῦ,
2649 4849 2731 4903 ἔτι
2757 4849 2907 4902 ἐστὶν
2956 4850 3090 4917 ἡμῖν
3134 4847 3354 4917 ἀφανής
3378 4862 3395 4878 ο
3429 4845 3564 4915 ὅπερ
3591 4838 3674 4892 καὶ
3696 4834 3722 4887 ό

2156 4941 2547 5012 εὐαγγελιστὴς
2581 4941 2841 5011 Ἰωάννης
2884 4938 3098 5010 δηλῶν,
3149 4939 3395 5010 εἴρηκεν,
3430 4936 3511 4990 ὅτι
3574 4929 3719 4986 Οὔπω

2158 5032 2481 5105 ἐφανερώθη
2519 5032 2573 5085 τί
2618 5030 2885 5102 ἐσόμεθα.

2227 5123 2287 5179 δ’.
2329 5126 2568 5192 Κρύπτε
2593 5124 2887 5192 ἀδόκιμον
2916 5121 3225 5191 ἀργύριον,
3246 5116 3355 5174 ’καί
3384 5109 3718 5185 καθαρισθή-

2159 5232 2331 5273 σεται
2381 5217 2647 5285 καθαρὸν
2685 5215 2869 5271 ἅπαν.
2910 5212 3169 5284 Ἀφάνιζε
3211 5213 3340 5274 τοὺς
3375 5211 3450 5301 μὴ
3476 5206 3719 5301 τιμῶνξας

2158 5305 2294 5363 Θεὸν
2326 5308 2642 5377 λογισμοὺς,
2673 5305 2782 5359 ἀπὸ
2821 5305 2925 5377 τῆς
2969 5303 3048 5375 τῷ
3082 5299 3402 5370 Δεσποτικῷ
3437 5299 3716 5377 χαρακτῆρι

2160 5370 2530 5470 τετιμημένης
2561 5397 2745 5469 ψυχῆς
2775 5370 2893 5460 σου,
2919 5370 3110 5450 καὶττὺ
3141 5393 3332 5464 νοερὸν
3364 5390 3586 5461 ταύτης,
3610 5386 3660 5437 ὲν
3680 5370 3718 5447 ᾧ

2164 5492 2326 5555 αὐτὸς
2355 5494 2383 5545 ὁ
2409 5490 2517 5543 τῶν
2549 5491 2687 5543 ὅλων
2713 5488 2999 5559 Δεσπότης
3032 5478 3293 5548 Θεὸς-,οἶά
3321 5500 3428 5536 τινι
3456 5479 3618 5552 θρόνῳ
3639 5476 3718 5524 ἐπ-

2163 5583 2528 5647 αναπαύεται,
2557 5581 2679 5636 καθ’
2703 5581 2967 5652 ὁμοίωσιν
2991 5579 3183 5633 τούτου
3214 5576 3510 5648 ἐργάσεται
3532 5570 3587 5625 τὸ
3605 5569 3719 5632 ἀγα·

2166 5679 2256 5733 θθιν
2289 5681 2346 5730 ὲν
2371 5677 2448 5746 τῷ
2477 5677 2551 5747 μὴ
2577 5677 2795 5747 φρονεῖν
2828 5672 2958 5744 παρ’
2986 5672 3016 5726 ὃ
3045 5672 3126 5726 δεῖ
3161 5670 3399 5739 φρονεῖν,
3432 5662 3552 5719 κατ’
3573 5659 3717 5747 {lisse

2164 5772 2256 5839 φιν
2310 5743 2550 5830 πάντως-
2726 5743 2951 5834 ἀρετῆς,
2997 5763 3028 5834 ἢ
3068 5760 3190 5816 καθ’
3217 5756 3562 5829 ὑπερδοληνο
3607 5743 3718 5804 ἀλλὰ

2170 5865 2389 5932 φρονεῖν
2429 5863 2506 5923 si;
2547 5861 2606 5911 τὸ
2648 5862 2969 5930 σωφρονεῖν.
