3976 6468
320 343 499 409 “.73

1347 340 1876 401 CUMMENTABII
1917 339 1996 399 IN
2040 336 2500 406 PROVERBIIA.

3509 359 3644 425 1474

410 478 443 513 ε
488 463 574 526 ζ’.
617 459 711 527 Μὴ
759 459 1121 522 ἀλαζονεύου
1170 458 1429 513 ἐνώπιον
1443 457 1788 524 βασιλέως,
1814 454 1943 528 μηδι

2141 455 2300 510 Vsus.
2339 457 2453 511 5-7.
2489 458 2572 514 Ne
2627 461 2858 531 gloriose
2909 474 2956 520 te
3005 477 3231 522 ostentes
3283 486 3461 524 coram
3505 490 3642 543 rege,
3751 499 3758 502 -

313 552 404 606 ἐν
469 557 702 618 τόποις
749 551 1071 607 δυναστῶν
1116 553 1454 620 ὑφίστασο·
1499 551 1792 620 κρεῖσσον
1845 549 1958 620 γάρ

315 657 444 708 οἶοι
473 646 563 697 τὸ
585 642 873 712 ῥηθῆναι,
895 642 1196 696 Ἀνάϐιιινε
1222 643 1373 711 πρός
1393 661 1490 712 με,
1517 643 1555 711 ἣ
1589 643 1958 697 ταπεινῶσαι

317 752 415 788 σε
455 736 546 788 ἐν
581 734 878 803 προσώπῳ
907 734 1236 789 δυνάστου.
1281 735 1372 803 Μὴ
1403 735 1513 788 οἴου
1549 735 1773 789 σεαυτὸν
1801 733 1959 798 ἀξίας

315 824 504 887 τινὸς
546 826 723 890 ἄξιον,
757 825 866 894 πρὸ
909 825 1003 878 τοῦ
1035 824 1337 894 ἀξιωθῆναι
1369 825 1573 894 ταύτης
1603 825 1756 895 παρά
1781 824 1915 878 Θεοῦ
1939 840 1953 855 °

325 917 482 985 μηδ’
520 916 782 986 ὲπίτρεχε
813 918 1031 986 ἀρχαῖς,
1059 917 1434 989 ἁρμοζούσαις
1453 917 1680 988 ἀνδράσι
1712 917 1959 970 καθυπο-

319 1007 628 1061 τάττουσι
655 1009 732 1078 τῷ
761 1010 1074 1078 φρονήματι
1105 1010 1202 1063 τοῦ
1234 1009 1546 1080 πνεύματος
1566 1053 1580 1076 ,
1613 1009 1675 1062 τὸ
1699 1010 1958 1081 φρόνημα

322 1100 449 1168 τῆς
491 1101 711 1171 σαρκός
730 1118 744 1132 ο
777 1101 999 1154 κάλλιον
1026 1101 1135 1172 γάρ
1165 1104 1280 1154 ὲστι
1310 1102 1843 1172 ταπεινοφρονοῦντά
1871 1120 1954 1167 σε,

324 1192 446 1243 καὶ
514 1191 743 1257 ἀνάξιον
794 1192 988 1245 ἑαυτὸν
1033 1192 1291 1262 κρίνοντα
1340 1195 1520 1264 πάσης
1573 1195 1768 1264 ἀρχῆς,
1821 1193 1958 1263 πρὸς

324 1281 580 1353 ταύτην
615 1284 883 1354 κληθῆναι
914 1283 1068 1354 παρά
1094 1284 1252 1348 Θεοῦ,
1279 1285 1311 1354 ἢ
1348 1285 1726 1354 ἐπιτρέχοντα,
1753 1284 1956 1354 ταύτης

324 1374 510 1445 ἀποῤ
519 1375 751 1444 ῥιφῆναι
767 1390 781 1405 ο
807 1374 993 1446 ἑτέρου
1016 1375 1147 1446 παρ’
1171 1374 1334 1429 αὐτοῦ
1362 1375 1795 1447 προσκληθέντος
1817 1376 1956 1445 πρὸς

328 1465 599 1536 ταύτην,
639 1464 734 1517 τοῦ
775 1465 1041 1537 πρότερον
1080 1466 1344 1538 ἄρξαντος
1383 1467 1597 1521 ἑαυτοῦ.

422 1559 505 1610 Ἀ
551 1554 718 1612 εἶδον
754 1561 807 1612 οὶ
843 1559 1140 1626 ὀφθαλμοί
1163 1575 1302 1624 σου,
1331 1559 1489 1628 λέγε.
1522 1561 1701 1629 ’Ἀπερ
1725 1561 1782 1616 αἱ
1817 1559 1953 1614 θεω-

335 1650 595 1719 ρητικαί
618 1667 712 1702 σου
733 1649 996 1719 δυνάμεις
1019 1652 1322 1706 κατέλαϐον
1343 1652 1462 1706 θεῖα
1489 1653 1793 1724 θελήματα,
1819 1655 1924 1708 καθ
1942 1653 1955 1675 ’

329 1741 374 1796 ἃ
429 1741 516 1794 τὰ
565 1742 743 1797 πάντα
786 1743 1066 1812 γεγόνασι,
1101 1743 1284 1813 λόγοις
1315 1762 1377 1798 τε
1406 1746 1500 1800 καὶ
1529 1745 1714 1818 ἔργοις
1744 1747 1950 1810 αὐτοῖς,

331 1832 610 1888 δίδασκε.

417 1921 564 1993 ή-ι’.
606 1923 702 1991 Μὴ
746 1925 1088 1992 πρόσπιπτε
1118 1929 1204 1994 είς
1224 1927 1435 1998 μάχην
1457 1929 1702 1999 ταχέως,
1732 1930 1834 1984 ἵνα
1866 1933 1952 1997 μὴ

327 2017 788 2086 μεταμεληθῇς
811 2019 904 2072 ἐπ’
926 2007 1234 2088 ἐσχάτων)
1268 2021 1451 2088 ἡνίκα
1472 2023 1550 2074 ἄν
1581 2036 1653 2076 σε
1680 2022 1953 2090 ὀνειδίσῃ

333 2111 374 2161 ὀ
418 2109 622 2177 φίλος
651 2125 770 2164 σου
790 2148 805 2174 ,
831 2112 1127 2179 ἁναχώρει
1155 2115 1243 2180 είς
1281 2114 1354 2169 τὰ
1381 2115 1574 2168 ὀπίσω
1597 2131 1611 2145 ο
1643 2114 1729 2184 μὴ
1773 2133 1953 2168 κατα-

332 2198 595 2277 φρόνει,
619 2201 704 2268 μή
740 2215 814 2254 σε
845 2201 1114 2271 ὀνειδίσῃ
1141 2203 1258 2272 μὲν
1294 2207 1327 2258 ὀ
1366 2206 1568 2274 φίλος,
1598 2206 1635 2273 ἠ
1680 2206 1750 2258 δὲ
1786 2205 1950 2275 μάχη

333 2305 472 2343 σου
497 2292 605 2344 καὶ
641 2293 678 2358 ἡ
711 2293 898 2361 ἔχθρα
925 2296 1039 2349 οὐκ
1061 2295 1342 2360 ἀπέσται,
1359 2297 1497 2350 ἀλλ’
1520 2298 1690 2351 ἔσται
1717 2313 1816 2352 σοι
1844 2298 1950 2364 ἴση

332 2380 620 2448 θανάτῳ.
662 2383 754 2454 Μὴ
786 2385 1192 2454 ἀσυλλογίστως
1219 2387 1368 2457 ὅρμα
1394 2388 1530 2458 πρὸς
1558 2387 1778 2458 ἔχθραν,
1803 2387 1949 2452 ὅπως

336 2472 421 2541 μὴ
454 2473 651 2544 ἑαυτῷ
689 2474 984 2548 ὲπιμέμφῃ
1015 2477 1073 2538 ἐς
1101 2475 1362 2547 ὕστερονο
1393 2477 1508 2530 ἀλλ’
1530 2479 1662 2531 ὅταν
1710 2479 1802 2530 ἐπί
1842 2497 1950 2532 τινι

331 2560 494 2631 λόγῳ
532 2562 565 2632 ἢ
588 2562 734 2635 ἔργῳ
762 2565 916 2634 φίλος
942 2582 1022 2619 σοι
1052 2566 1358 2637 μέμψηται,
1381 2567 1490 2622 ἀπὸ
1515 2569 1621 2622 τῶν
1647 2571 1950 2640 ἐπταισμέο

334 2671 452 2706 νων
526 2672 608 2709 σοι
656 2655 872 2709 ἔκκλινε
919 2657 1413 2731 ὲξασφαλιζόμενος
1462 2662 1712 2729 σεαυτὸν,
1751 2663 1949 2734 μηκέτι

329 2748 460 2809 τοῖς
496 2746 721 2815 ὁμοίοις
750 2751 1074 2817 περιπεσεῖν
1097 2763 1109 2778 ·
1142 2751 1235 2803 καὶ
1278 2750 1352 2821 μὴ
1394 2750 1494 2820 τὴν
1522 2753 1657 2821 πρὸς
1694 2753 1783 2806 τὸν
1813 2754 1949 2826 πλη-

334 2836 462 2889 σίον
491 2838 728 2908 ἀγάπην
761 2839 960 2911 μικρὸν
990 2841 1223 2911 πρᾶγμα
1243 2842 1378 2912 ἡγοῦ
1402 2859 1416 2872 ο
1435 2844 1590 2906 ὅπως
1619 2844 1692 2915 μὴ
1727 2844 1948 2914 μέμψη-

328 2946 430 2984 ται
485 2930 601 3000 μέν
654 2948 736 2984 σοι
768 2931 964 2997 αὐτὸς,
992 2932 1078 3000 ἐφ’
1107 2927 1150 3000 ᾦ
1183 2933 1258 3003 μὴ
1287 2934 1532 3001 διετέθῃς
1578 2936 1764 2997 καλῶς
1811 2937 1947 3008 πρὸς

334 3020 545 3083 αὐτὸν,
586 3023 618 3091 ὴ
663 3021 719 3074 δὲ
759 3021 985 3087 διένεξις
1009 3023 1188 3077 καὶτὸ
1225 3027 1402 3093 μῖσος,
1439 3026 1539 3079 οὐκ
1571 3028 1946 3098 ἀποστήσεται

338 3111 458 3163 ἀπὸ
507 3110 608 3178 σού
631 3129 646 3144 ο
682 3112 818 3168 ἀλλά
848 3112 1027 3182 ψυχῆς
1057 3103 1276 3185 ὖπάρεῃ
1313 3133 1395 3169 σοι
1427 3116 1677 3180 Θάνατος.

419 3205 610 3274 Χάρις
640 3206 737 3259 καὶ
765 3206 939 3274 φιλία
971 3206 1310 3276 ἐ.λευθεροῖ’
1349 3207 1422 3274 ἂς
1452 3209 1726 3278 τήρησον
1763 3227 1946 3266 σεαυ-

343 3297 453 3363 τῷ,
511 3298 614 3351 ἵνα
647 3297 734 3366 μὴ
777 3297 1193 3363 ἐπονείδιστος
1237 3297 1417 3369 γένῃ·
1461 3301 1622 3355 ἀλλὰ
1669 3303 1949 3370 φύλαξον

347 3390 458 3452 τὰς
486 3388 673 3454 ὀδούς
706 3405 822 3442 σου
851 3389 1382 3456 εὐσυνάλλάκτως.
1425 3391 1499 3443 Τὸ
1550 3396 1799 3463 χάρισμα
1847 3396 1943 3465 τῆς

347 3481 553 3548 σοφίας
583 3481 678 3532 καὶ
712 3481 744 3550 η
769 3481 955 3552 ἀγάπη
975 3521 988 3544 ,
1019 3481 1244 3550 ἀγνοίας
1275 3483 1678 3537 ἀπαλλάττουσι
1709 3486 1803 3538 καὶ
1841 3503 1943 3538 κα-

312 3617 314 3620 .
348 3571 480 3634 κίας
502 3588 518 3603 ο
561 3571 627 3633 ἃς
660 3571 899 3640 φύλαξον
935 3571 1084 3642 παρὰ
1115 3572 1350 3642 σεαυτῷ,
1384 3574 1533 3638 ὅπως
1570 3575 1644 3646 μὴ
1692 3576 1944 3649 ὑπάρξῃς

347 3663 692 3732 κατάκριτος
715 3679 729 3692 ο
763 3663 900 3715 ἀλλὰ
930 3665 1193 3734 τήρησον,
1214 3664 1492 3734 ἄνθρωπε,
1517 3668 1616 3730 τὰς
1663 3669 1800 3738 πρὸς
1841 3668 1942 3739 τὴν

348 3754 552 3822 σοφίαν
583 3754 680 3807 καὶ
707 3753 806 3824 τὴν
849 3756 1067 3824 ἀγάπην
1115 3755 1458 3828 θεωρητικὰς
1492 3757 1587 3810 καὶ¹
1628 3760 1942 3830 πρακτικὰς

346 3847 583 3916 πορείας
618 3864 735 3912 σου,
767 3847 947 3911 καλῶς
976 3848 1234 3919 ἀλλήλαις
1255 3850 1365 3902 τῶν
1385 3851 1602 3905 οἰκείων
1626 3852 1942 3922 μεταδιδού-

347 3955 483 3999 σας⁹
529 3939 670 3990 αἰτεῖ
708 3938 809 4009 μὲν
841 3939 1120 4010 πρακτικὴ
1150 3941 1249 4012 τὴν
1276 3940 1636 4014 θεωρητικὴν,
1657 3945 1768 3997 τῶν
1799 3946 1942 4000 κατὰ

345 4029 558 4099 γνῶσιν
591 4029 765 4098 λόγων
788 4048 803 4061 ο
837 4032 868 4100 ὴ
897 4030 954 4082 δὲ
988 4031 1299 4104 θεωρητικὴ
1327 4034 1427 4104 τὴν
1459 4036 1803 4108 πρακτικὴν),
1830 4039 1940 4093 τῶν

347 4123 474 4174 κατ’
510 4121 711 4192 ἀρετὴν
737 4122 957 4192 τρόπων
978 4138 993 4154 ο
1040 4123 1182 4176 ὥστε
1210 4123 1513 4194 ψυχοῦσθαι
1552 4126 1650 4195 μὲν
1676 4127 1777 4197 τὴν
1808 4129 1940 4199 ἀρε-

345 4214 446 4284 τὴν
481 4213 626 4267 κατὰ
655 4213 812 4282 λόγον
832 4228 845 4242 ·
881 4215 1267 4285 ωματοῦσθαι
1288 4218 1345 4269 δὲ
1365 4216 1456 4270 τὸν
1481 4217 1639 4286 λόγον
1663 4220 1787 4273 κατ’
1809 4221 1938 4291 ἀρε-

344 4305 471 4374 τήν.

420 4402 517 4449 ια’.
556 4394 768 4464 Μῆλον
807 4399 1083 4466 χρυσοῦν
1115 4399 1186 4452 ἐν
1214 4401 1479 4468 ὀρμίσκῳ
1516 4403 1791 4471 σσρδίου,
1832 4405 1932 4458 οὕ-

2062 562 2222 614 neque
2250 548 2306 600 in
2339 550 2467 603 locis
2495 554 2793 621 principum
2823 559 3056 612 steteris.
3084 558 3279 614 Melius
3312 573 3389 615 est
3415 565 3556 617 enim
3581 575 3638 618 ut

2061 641 2272 691 dicatur
2290 643 2403 703 tibi,
2423 643 2660 698 Ascende
2675 646 2743 698 ad
2761 663 2858 710 me,
2877 659 3109 717 quarunt
3137 651 3434 708 humilieris
3458 671 3639 708 coram

2057 729 2313 797 principe.
2367 730 2446 787 Ne
2504 746 2662 803 putes
2720 739 3070 808 temetipsum
3134 742 3316 810 aliqua
3374 743 3639 814 dignitate

2059 820 2310 888 dignum,
2342 823 2660 894 priusquam
2707 828 2798 880 illa
2838 829 3037 899 dignus
3068 847 3098 884 a
3127 833 3237 886 Deo
3282 833 3454 888 fueris
3487 835 3642 890 habi-

2062 919 2192 979 tus;
2253 928 2431 983 neque
2489 916 2784 985 dignitates
2841 922 3057 989 require
3115 939 3238 992 quae
3305 928 3639 980 conveniunt

2059 1001 2375 1060 hominibus
2433 1010 2718 1076 sapientiae
2771 1013 3002 1080 spiritus
3067 1016 3250 1070 carnis
3314 1019 3637 1086 sapientiam

2059 1095 2583 1152 subordinantibus.
2618 1099 2809 1156 Melius
2852 1111 2936 1158 est
2986 1105 3131 1158 enim
3183 1115 3235 1162 te
3287 1110 3637 1178 temetipsum

2060 1183 2443 1240 humiliantem
2477 1196 2530 1242 et
2564 1188 2846 1256 indignum
2901 1195 3049 1247 omni
3094 1196 3358 1265 dignitate
3398 1207 3449 1250 te
3489 1198 3641 1267 judi-

2060 1284 2278 1330 cantem
2318 1293 2348 1331 a
2389 1279 2502 1332 Deo
2547 1282 2614 1334 a‘d
2661 1281 2832 1350 ipsam
2882 1286 3067 1340 vocari
3111 1303 3274 1356 quam
3325 1300 3636 1344 currentem

2058 1365 2126 1417 ab
2157 1383 2218 1419 ea
2253 1369 2463 1437 repelli,
2486 1369 2615 1422 dum
2655 1372 2796 1426 alius
2831 1373 2924 1442 qui
2968 1375 3121 1443 prius
3163 1369 3492 1447 sibimetipsi
3533 1378 3632 1432 im-

2059 1461 2272 1527 peravit
2303 1460 2368 1513 ad
2403 1460 2551 1514 illam
2584 1473 2812 1517 vocatus
2851 1464 3029 1520 fuerit.

2130 1549 2262 1613 Quae
2312 1551 2554 1606 viderunt
2606 1556 2746 1608 oculi
2793 1557 2899 1621 tui,
2951 1557 3056 1611 die.
3103 1559 3250 1624 Quas
3299 1561 3638 1617 animantum

2058 1645 2412 1712 speculativae
2434 1716 2440 1722 ι
2464 1646 2757 1702 facultates
2787 1649 3004 1706 divinas
3046 1665 3410 1722 perceperunt
3440 1655 3638 1709 volun-

2060 1742 2219 1796 tates,
2255 1736 2456 1805 quibus
2489 1738 2673 1790 omnia
2715 1739 2859 1793 facta
2900 1749 3048 1806 sunt,
3078 1744 3260 1799 verbis
3290 1753 3343 1799 et
3373 1747 3636 1816 operibus

2059 1826 2195 1895 ipsis
2223 1830 2512 1882 annuntia.

2127 1917 2294 1975 Vens.
2336 1921 2489 1976 8-10.
2534 1920 2617 1976 Ne
2664 1940 2952 1993 procurras
2999 1927 3068 1980 ad
3104 1928 3346 1999 jurgium
3390 1933 3636 1996 cito;.ut

2055 2027 2160 2065 non
2195 2022 2242 2066 te
2274 2015 2524 2081 paeniteat
2580 2017 2634 2068 in
2684 2017 2986 2072 novissimis
3025 2033 3044 2072 :
3083 2019 3216 2074 Cum
3257 2031 3305 2077 te
3341 2026 3636 2091 exprobra-

2054 2102 2183 2155 verit
2219 2104 2422 2158 amicus
2459 2115 2600 2169 tuus,
2632 2106 2812 2160 recede
2842 2108 2898 2160 in
2927 2111 3249 2176 posteriora.
3286 2111 3369 2167 Ne
3399 2125 3636 2169 contem-

2054 2208 2174 2259 nas,
2219 2209 2283 2246 ne
2319 2201 2365 2247 te
2402 2194 2610 2264 quidem
2643 2197 2919 2264 exprobret
2953 2200 3180 2265 amicus,
3219 2203 3339 2256 rixa
3375 2214 3546 2257 autem
3582 2215 3633 2258 et

2053 2285 2350 2340 inimicitia:
2402 2303 2504 2340 non
2561 2287 2805 2354 aberunt,
2855 2291 2947 2345 sed
2998 2304 3151 2346 erunt
3206 2295 3303 2348 tibi
3353 2313 3515 2365 usque
3562 2296 3634 2350 ad

2053 2383 2294 2428 mortem.
2346 2374 2427 2430 Ne
2470 2377 2846 2446 imprudenter
2896 2383 3046 2437 irrue
3093 2384 3144 2437 in
3197 2384 3533 2448 inimicitias,
3570 2397 3633 2440 ut

2053 2478 2160 2517 non
2211 2473 2263 2518 te
2310 2466 2576 2533 paeniteat
2630 2465 2684 2520 i'n
2729 2471 3014 2523 extremis.
3069 2471 3174 2525 Sed
3221 2488 3343 2526 eum
3406 2475 3632 2528 verbum

2052 2565 2146 2609 aut
2180 2563 2360 2609 actum
2392 2557 2681 2626 quemdam
2713 2559 2812 2614 tibi
2843 2564 3255 2630 exprobraverit
3299 2566 3532 2630 amicus,
3564 2568 3632 2621 ab

2050 2649 2138 2705 his
2168 2664 2290 2719 quae
2320 2652 2651 2708 commisisti
2697 2653 2912 2709 declina
2959 2655 3186 2712 ﬁrmans
3226 2673 3452 2729 gressus
3484 2670 3630 2724 tuos,

2051 2757 2120 2796 ne
2165 2743 2219 2796 in
2279 2743 2482 2798 similia
2538 2745 2773 2801 incidas.
2821 2746 3160 2804 Cbaritatem
3212 2750 3267 2804 in
3317 2752 3628 2821 proximum

2049 2835 2326 2904 negotium
2372 2851 2601 2904 parvum
2643 2853 2711 2892 ne
2757 2846 3014 2907 reputes;
3059 2848 3116 2893 ut
3167 2855 3276 2896 non
3321 2858 3632 2913 conquera-

2048 2933 2142 2980 tur
2171 2927 2262 2981 ille
2296 2930 2441 2996 quod
2487 2928 2542 2981 in
2591 2929 2770 2998 ipsum
2809 2931 2951 2985 male
2990 2933 3200 3001 egeris;
3229 2934 3502 2989 dissensio
3531 2952 3629 2990 au-

2048 3025 2156 3072 tem
2188 3026 2242 3072 et
2275 3019 2458 3072 odium
2490 3035 2519 3073 a
2551 3026 2604 3074 te
2636 3035 2741 3074 non
2773 3021 3066 3088 recedent;
3105 3023 3201 3077 sed
3243 3039 3392 3078 mors
3435 3027 3633 3081 animae

1972 3129 2016 3188 ο
2051 3117 2103 3164 te
2133 3095 2396 3164 manebit.

2121 3199 2311 3255 Gratia
2351 3210 2401 3256 et
2450 3201 2692 3255 amicitia
2752 3201 3028 3257 liberant:
3059 3204 3154 3258 has
3206 3205 3299 3259 tibi
3358 3224 3506 3262 serva
3569 3225 3633 3264 ne

2049 3293 2299 3362 reprobus
2361 3295 2464 3362 ﬁas
2518 3310 2536 3347 :
2591 3294 2682 3347 sed
2731 3297 2940 3350 custodi
2989 3297 3100 3352 vias
3153 3306 3272 3352 tuas
3319 3302 3627 3368 composite.

2045 3383 2259 3438 Donum
2301 3386 2590 3454 sapientiae
2621 3394 2676 3439 et
2713 3386 2957 3441 Charitas
3003 3389 3072 3443 ab
3121 3389 3432 3459 ignorantia
3475 3407 3631 3447 aver-

2046 3483 2166 3529 tunt
2189 3485 2244 3530 et
2279 3490 2310 3529 a
2341 3476 2587 3542 malitia;
2615 3476 2716 3532 has
2746 3478 2844 3532 tibi
2877 3494 3037 3533 serva
3076 3495 3142 3534 ne
3172 3482 3249 3536 sis
3288 3483 3581 3537 damnatus
3609 3526 3625 3550 ,

2043 3568 2137 3622 sed
2174 3568 2414 3634 custodi,
2444 3584 2478 3623 ο
2517 3569 2704 3636 homo,
2749 3570 2816 3624 ad
2851 3571 3177 3640 sapientiam
3213 3581 3268 3627 et
3298 3574 3625 3631 charitatem

2043 3658 2414 3729 speculativas
2443 3676 2508 3716 ac
2538 3663 2816 3731 practicas
2847 3663 2962 3717 vias
2994 3663 3099 3717 sibi
3137 3663 3369 3719 invicem
3405 3667 3627 3736 propria

2040 3750 2362 3822 largientes.
2411 3750 2604 3808 Praxis
2649 3754 2796 3807 enim
2844 3754 3116 3810 theoriam
3166 3756 3400 3826 requirit
3433 3760 3498 3822 ad
3530 3773 3626 3813 (το-

2039 3844 2390 3912 gnoscendas
2443 3846 2722 3912 rationes;
2772 3846 2985 3901 theoria
3043 3857 3226 3903 autem
3285 3850 3497 3919 praxim
3555 3851 3623 3906 ad

2039 3935 2296 3992 instituta
2330 3937 2596 3991 virtutum
2642 3937 2918 4007 operanda
2950 3938 3066 3995 :ita
3109 3950 3166 3994 ut
3201 3939 3379 3996 virtus
3422 3958 3623 3998 secun-

2041 4027 2169 4082 dum
2199 4029 2470 4084 rationem
2503 4029 2661 4100 quasi
2692 4029 2898 4095 anima,
2931 4032 3071 4088 ratio
3107 4041 3288 4089 autem
3319 4036 3622 4092 secundum

2042 4121 2298 4177 virtutem
2335 4121 2500 4177 veluti
2531 4135 2766 4192 corpore
2801 4121 3091 4177 induatur.

2109 4389 2275 4445 Vsus.
2321 4390 2404 4445 11.
2448 4389 2604 4444 Mala
2636 4406 2799 4444 aurea
2839 4391 2893 4445 in
2934 4392 3120 4446 monili
3152 4393 3324 4448 sardii
3354 4436 3368 4461 ,
3409 4396 3500 4467 qui
3535 4396 3619 4450 lo-

346 4504 463 4552 τως
489 4489 681 4540 είπεῑν
705 4492 893 4557 λόγον
925 4489 1045 4561 [ἐπὶ
1075 4491 1434 4559 ἁρμόζουσιν
1472 4495 1674 4567 αὐτῷ].
1714 4497 1800 4559 Ὠς
1827 4498 1934 4567 μῆ-

2055 4484 2222 4551 ιιιὶιιιτ
2251 4483 2464 4536 verbum
2492 4484 2546 4536 in
2573 4494 2803 4550 tempore
2825 4500 2943 4536 suo.
2985 4486 3459 4549 Quemadmodum
3493 4505 3616 4543 ma-

348 4578 440 4631 λον
489 4579 748 4648 χρυσοῦν,
779 4580 1068 4652 ἐμπρέπον
1119 4584 1530 4655 περιτραχηλίῳ
1580 4587 1789 4656 κόσμῳ,
1825 4590 1932 4640 ἀπὸ

347 4665 504 4719 λίθου
533 4668 774 4736 σαρδίου,
806 4669 983 4734 οὕτως
1026 4671 1087 4723 τὸ
1121 4671 1351 4742 λαλῆσαι
1405 4672 1562 4741 λόγον
1612 4675 1933 4732 διδάσκοντα

351 4761 620 4829 σωτήρια,
649 4762 928 4830 ἐμπρέπει
952 4762 1028 4833 τῷ
1051 4763 1294 4833 κοσμίως
1321 4763 1528 4833 βιοῦντι
1551 4769 1675 4820 κατ’
1693 4770 1895 4840 ἀρετήν
1915 4788 1929 4802 ο

345 4847 426 4915 τῷ
459 4847 558 4918 βίῳ
590 4849 698 4918 γὰρ
730 4851 758 4902 ὁ
785 4850 943 4918 λόγος
974 4850 1469 4922 συναρμοζόμενος,
1505 4854 1706 4925 πολλὴν
1733 4857 1932 4908 ἀποτε-

347 4937 430 4992 λεῖ
464 4942 563 5009 τὴν
604 4943 964 5013 ἐμπρέπειαν.

421 5033 485 5100 ιβ’
553 5035 654 5099 Εἰς
705 5034 950 5087 ἐνώτιον
993 5036 1268 5103 χρυσοῦν
1303 5035 1556 5104 σάρδιον
1595 5040 1932 5106 πολυτελὲς

348 5120 611 5186 δέδεται.¹
644 5125 829 5194 λόγος
885 5129 1108 5194 σοφίας
1149 5131 1236 5193 είς
1273 5127 1535 5194 εὐήκοον
1563 5127 1695 5196 οὖς.
1733 5132 1820 5194 Ὠς
1851 5135 1930 5195 εἰς

347 5215 566 5269 ἐνώτιον
590 5217 822 5285 χρύσεον
849 5217 1067 5287 σάρδιον
1095 5219 1326 5284 δέδεται,
1361 5221 1640 5292 διαφόροις
1671 5223 1929 5293 χρώμασι

350 5308 770 5378 πεποικιλμένον
793 5349 808 5371 ,
839 5307 1012 5370 οὕτως
1041 5311 1122 5373 είς
1160 5311 1331 5381 ἀκοὴν
1359 5315 1425 5382 τῇ
1457 5314 1740 5383 εὐπειθείᾳ
1770 5332 1928 5368 κεκο-

349 5400 655 5470 σμημένην,
684 5400 749 5452 δι’
774 5400 951 5469 ἔργων
977 5403 1314 5473 κεκράτηται
1345 5403 1576 5469 ἀληστος
1597 5445 1610 5467 ,
1648 5408 1676 5458 ὁ
1708 5405 1924 5460 πολυει-

347 5490 441 5559 δὴς
476 5497 586 5556 τοῖς
624 5493 849 5563 τρόποις
887 5493 999 5547 τῶν
1037 5494 1250 5564 ἀρετῶν
1287 5483 1668 5560 διδασκαλικὸς
1707 5497 1884 5568 λόγος.

324 5686 332 5692 ’
418 5678 500 5738 ιγ’.
537 5672 758 5742 Ὠσπερ
785 5673 996 5739 ἔξοδος
1018 5675 1220 5742 χιόνος
1237 5675 1308 5728 ἐν
1327 5675 1530 5744 ἀμητῷ
1553 5677 1705 5731 κατὰ
1723 5679 1922 5747 καῦμα

331 5757 575 5831 ὠφελεῖ,
594 5768 780 5832 οὕτως
806 5766 1058 5837 ἅγγελος
1089 5765 1306 5833 πιστὸς
1328 5767 1452 5834 τοῖς
1479 5769 1917 5827 ἀποστείλασιν

2039 4576 2148 4628 lum
2185 4591 2414 4629 aureum
2453 4576 2684 4644 pulchre
2733 4585 2955 4645 aptatur
2998 4577 3122 4630 colli
3192 4578 3481 4634 muliebris
3523 4595 3618 4634 or—

2037 4668 2188 4721 natui
2222 4683 2286 4721 ex
2333 4667 2514 4736 lapide
2555 4666 2763 4731 sardio,
2809 4668 2891 4721 sic
2921 4669 3067 4736 loqui
3100 4669 3322 4722 verbum
3349 4671 3617 4727 salutaria

2035 4759 2264 4823 docens,
2298 4761 2556 4813 convenit
2587 4760 2636 4815 ei
2679 4761 2773 4828 qui
2827 4759 3089 4815 decenter
3126 4763 3181 4816 in
3215 4763 3416 4817 virtute
3460 4780 3616 4819 com-

2035 4862 2302 4905 moratur.
2355 4851 2589 4906 Verbum
2634 4853 2780 4905 enim
2812 4853 2958 4921 quod
2991 4867 3116 4908 cum
3152 4856 3262 4909 vita
3298 4858 3614 4922 consentit,

2034 4961 2084 4997 m
2097 4945 2261 4997 ultam
2301 4953 2526 5010 praestat
2572 4945 3040 4999 convenientiam.

2105 5033 2272 5089 Vens.
2323 5033 2522 5090 12..1η
2590 5051 2811 5088 auream
2871 5037 3113 5090 inaurem
3166 5038 3328 5091 etiam
3395 5039 3613 5093 sardius

2031 5128 2298 5198 pretiosus
2318 5127 2539 5195 ligatur,
2561 5141 2733 5180 sermo
2753 5129 2966 5194 sapiens
2984 5127 3036 5179 in
3058 5143 3240 5179 aurem
3258 5127 3606 5182 obedientem.

2031 5218 2508 5284 Quemadmodum
2540 5219 2594 5271 in
2617 5232 2838 5272 auream
2861 5217 3108 5272 iuauram
3143 5218 3358 5289 legatur
3390 5221 3610 5276 sardius

2027 5311 2262 5365 diversis
2297 5310 2576 5364 coloribus
2609 5309 2924 5380 variegatus
2950 5347 2966 5374 ,
3005 5312 3087 5365 sic
3134 5309 3187 5363 in
3243 5325 3430 5366 aurem
3459 5314 3609 5367 doci-

2027 5403 2179 5458 litate
2229 5411 2502 5466 ornatam,
2541 5401 2727 5456 varius
2773 5403 3064 5471 multiplici
3107 5401 3284 5457 forma
3339 5404 3615 5478 virtutum

2025 5494 2352 5550 doctrinalis
2378 5507 2558 5549 sermo
2598 5492 2878 5548 detinetur
2907 5509 3007 5564 per
3037 5507 3202 5563 opera
3253 5509 3363 5550 non
3400 5496 3607 5554 oblite-

2025 5588 2247 5642 randus.
3195 5588 3211 5594 ’

2099 5677 2262 5733 Vens.
2309 5679 2394 5732 13.
2439 5675 2588 5732 Sicut
2617 5678 2792 5732 exitus
2829 5677 2964 5731 nivis
3004 5676 3060 5731 in
3088 5692 3256 5732 messe
3285 5691 3377 5747 per
3413 5685 3604 5731 testam

2028 5774 2267 5845 prodest,
2320 5776 2398 5828 sic
2429 5773 2647 5828 nuntius
2683 5773 2856 5844 ﬁdelis
2909 5773 2977 5828 iis
3025 5771 3115 5844 qui
3144 5772 3405 5827 miserunt
3435 5785 3600 5839 eum:
