  <div class='ocr_page' id='page_1' title='image "/cluster/home/n/w/nwhite01/storage/ocr_20150623/87:pt.1/coo.31924054869882/749.png"; bbox 0 0 3976 6410; ppageno 0'>
   <div class='ocr_carea' id='block_1_1' title="bbox 242 297 394 362">
    <p class='ocr_par' dir='ltr' id='par_1_1' title="bbox 242 297 394 362">
     <span class='ocr_line' id='line_1_1' title="bbox 242 297 394 362; baseline -0.033 0"><span class='ocrx_word' id='word_1_1' title='bbox 242 297 394 362; x_wconf 74' lang='grc'><strong>147⁸1</strong></span> 
     </span>
    </p>
   </div>
   <div class='ocr_carea' id='block_1_2' title="bbox 1315 249 2463 358">
    <p class='ocr_par' dir='ltr' id='par_1_2' title="bbox 1315 249 2463 358">
     <span class='ocr_line' id='line_1_2' title="bbox 1315 249 2463 358; baseline 0 -1"><span class='ocrx_word' id='word_1_2' title='bbox 1315 296 1851 358; x_wconf 80' lang='lat' dir='ltr'><strong>COMMENTARII</strong></span> <span class='ocrx_word' id='word_1_3' title='bbox 1892 294 1971 355; x_wconf 73' lang='lat' dir='ltr'><strong>IN</strong></span> <span class='ocrx_word' id='word_1_4' title='bbox 2003 249 2463 358; x_wconf 67' lang='lat' dir='ltr'><strong>morsuum.</strong></span> 
     </span>
    </p>
   </div>
   <div class='ocr_carea' id='block_1_3' title="bbox 3392 299 3534 364">
    <p class='ocr_par' dir='ltr' id='par_1_3' title="bbox 3392 299 3534 364">
     <span class='ocr_line' id='line_1_3' title="bbox 3392 299 3534 364; baseline 0 -1"><span class='ocrx_word' id='word_1_5' title='bbox 3392 299 3534 364; x_wconf 69' lang='lat' dir='ltr'><strong>H78</strong></span> 
     </span>
    </p>
   </div>
   <div class='ocr_carea' id='block_1_4' title="bbox 237 403 1847 484">
    <p class='ocr_par' dir='ltr' id='par_1_4' title="bbox 237 409 1836 484">
     <span class='ocr_line' id='line_1_4' title="bbox 237 409 1836 484; baseline -0.003 -16"><span class='ocrx_word' id='word_1_6' title='bbox 237 413 373 477; x_wconf 76' lang='grc' dir='ltr'>ὅξος</span> <span class='ocrx_word' id='word_1_7' title='bbox 391 412 720 484; x_wconf 81' lang='grc' dir='ltr'><strong>δριμύτατον</strong></span> <span class='ocrx_word' id='word_1_8' title='bbox 739 411 1051 475; x_wconf 81' lang='grc' dir='ltr'>ἀλυσιτελὲς</span> <span class='ocrx_word' id='word_1_9' title='bbox 1084 411 1160 482; x_wconf 86' lang='grc' dir='ltr'><strong>τῷ</strong></span> <span class='ocrx_word' id='word_1_10' title='bbox 1190 411 1491 483; x_wconf 80' lang='grc' dir='ltr'>ἡλκωμένῳ</span> <span class='ocrx_word' id='word_1_11' title='bbox 1522 412 1674 482; x_wconf 81' lang='grc' dir='ltr'>μέλει</span> <span class='ocrx_word' id='word_1_12' title='bbox 1699 409 1836 465; x_wconf 87' lang='grc' dir='ltr'>καθ-</span> 
     </span>
    </p>
   </div>
   <div class='ocr_carea' id='block_1_5' title="bbox 1959 403 3531 484">
    <p class='ocr_par' dir='ltr' id='par_1_5' title="bbox 1959 408 3531 480">
     <span class='ocr_line' id='line_1_5' title="bbox 1959 408 3531 480; baseline 0.003 -18"><span class='ocrx_word' id='word_1_13' title='bbox 1959 420 2153 465; x_wconf 68' lang='lat' dir='ltr'><strong>tet-tum</strong></span> <span class='ocrx_word' id='word_1_14' title='bbox 2190 413 2523 466; x_wconf 85' lang='lat' dir='ltr'><strong>acerrimum</strong></span> <span class='ocrx_word' id='word_1_15' title='bbox 2557 409 2751 464; x_wconf 98' lang='lat' dir='ltr'><strong>inutile</strong></span> <span class='ocrx_word' id='word_1_16' title='bbox 2788 416 2871 463; x_wconf 87' lang='lat' dir='ltr'><strong>est</strong></span> <span class='ocrx_word' id='word_1_17' title='bbox 2917 408 3165 463; x_wconf 87' lang='lat' dir='ltr'><strong>membro</strong></span> <span class='ocrx_word' id='word_1_18' title='bbox 3214 410 3531 480; x_wconf 79' lang='lat' dir='ltr'><strong>vulnerato,</strong></span> 
     </span>
    </p>
   </div>
   <div class='ocr_carea' id='block_1_6' title="bbox 241 502 1843 578">
    <p class='ocr_par' dir='ltr' id='par_1_6' title="bbox 241 502 1843 578">
     <span class='ocr_line' id='line_1_6' title="bbox 241 502 1843 578; baseline -0.003 -18"><span class='ocrx_word' id='word_1_19' title='bbox 241 507 476 578; x_wconf 80' lang='grc' dir='ltr'>έστηκε,</span> <span class='ocrx_word' id='word_1_20' title='bbox 514 505 709 559; x_wconf 82' lang='grc' dir='ltr'>δάκνον</span> <span class='ocrx_word' id='word_1_21' title='bbox 738 504 889 568; x_wconf 79' lang='grc' dir='ltr'>αὐτὸ,</span> <span class='ocrx_word' id='word_1_22' title='bbox 919 502 1065 558; x_wconf 76' lang='grc' dir='ltr'>οὕτω</span> <span class='ocrx_word' id='word_1_23' title='bbox 1094 502 1190 557; x_wconf 77' lang='grc' dir='ltr'>καὶ</span> <span class='ocrx_word' id='word_1_24' title='bbox 1213 502 1292 575; x_wconf 76' lang='grc' dir='ltr'><strong>τῷ</strong></span> <span class='ocrx_word' id='word_1_25' title='bbox 1318 503 1418 575; x_wconf 82' lang='grc' dir='ltr'>τῆς</span> <span class='ocrx_word' id='word_1_26' title='bbox 1444 504 1647 574; x_wconf 83' lang='grc' dir='ltr'>σαρκὸς</span> <span class='ocrx_word' id='word_1_27' title='bbox 1677 502 1843 557; x_wconf 78' lang='grc' dir='ltr'>ἀσθε-</span> 
     </span>
    </p>
   </div>
   <div class='ocr_carea' id='block_1_7' title="bbox 240 593 1844 667">
    <p class='ocr_par' dir='ltr' id='par_1_7' title="bbox 240 593 1844 667">
     <span class='ocr_line' id='line_1_7' title="bbox 240 593 1844 667; baseline -0.002 -15"><span class='ocrx_word' id='word_1_28' title='bbox 240 600 354 664; x_wconf 78' lang='grc' dir='ltr'><strong>νεί,</strong></span> <span class='ocrx_word' id='word_1_29' title='bbox 388 595 643 661; x_wconf 80' lang='grc' dir='ltr'><strong>ἀκούσιος</strong></span> <span class='ocrx_word' id='word_1_30' title='bbox 668 594 979 667; x_wconf 68' lang='grc' dir='ltr'>ὲπισυμόας</span> <span class='ocrx_word' id='word_1_31' title='bbox 1002 593 1332 667; x_wconf 80' lang='grc' dir='ltr'><strong>πειρασμὸς,</strong></span> <span class='ocrx_word' id='word_1_32' title='bbox 1359 594 1604 666; x_wconf 77' lang='grc' dir='ltr'>άνιᾷδιά</span> <span class='ocrx_word' id='word_1_33' title='bbox 1622 593 1683 648; x_wconf 86' lang='grc' dir='ltr'><strong>τδ</strong></span> <span class='ocrx_word' id='word_1_34' title='bbox 1707 610 1844 663; x_wconf 89' lang='grc' dir='ltr'>συγ-</span> 
     </span>
    </p>
   </div>
   <div class='ocr_carea' id='block_1_8' title="bbox 240 686 770 758">
    <p class='ocr_par' dir='ltr' id='par_1_8' title="bbox 240 686 770 758">
     <span class='ocr_line' id='line_1_8' title="bbox 240 686 770 758; baseline 0 -17"><span class='ocrx_word' id='word_1_35' title='bbox 240 687 411 755; x_wconf 81' lang='grc' dir='ltr'>γενὲς</span> <span class='ocrx_word' id='word_1_36' title='bbox 438 686 540 758; x_wconf 78' lang='grc' dir='ltr'>τὴν</span> <span class='ocrx_word' id='word_1_37' title='bbox 568 686 770 758; x_wconf 77' lang='grc' dir='ltr'>ψυχήν.</span> 
     </span>
    </p>
   </div>
   <div class='ocr_carea' id='block_1_9' title="bbox 203 773 1846 848">
    <p class='ocr_par' dir='ltr' id='par_1_9' title="bbox 203 773 1846 848">
     <span class='ocr_line' id='line_1_9' title="bbox 203 773 1846 848; baseline -0.002 -16"><span class='ocrx_word' id='word_1_38' title='bbox 203 845 206 848; x_wconf 8' lang='grc' dir='ltr'><strong><em>ξ</em></strong></span> <span class='ocrx_word' id='word_1_39' title='bbox 320 778 553 847; x_wconf 79' lang='grc' dir='ltr'>’Ὠσπερ</span> <span class='ocrx_word' id='word_1_40' title='bbox 581 778 705 846; x_wconf 79' lang='grc' dir='ltr'>σὴς</span> <span class='ocrx_word' id='word_1_41' title='bbox 734 777 805 831; x_wconf 85' lang='grc' dir='ltr'><strong>ἐν</strong></span> <span class='ocrx_word' id='word_1_42' title='bbox 833 776 1041 847; x_wconf 84' lang='grc' dir='ltr'>ίματίῳ</span> <span class='ocrx_word' id='word_1_43' title='bbox 1064 814 1081 841; x_wconf 88' lang='grc'><strong>,</strong></span> <span class='ocrx_word' id='word_1_44' title='bbox 1111 773 1212 831; x_wconf 81' lang='grc' dir='ltr'><strong>καί</strong></span> <span class='ocrx_word' id='word_1_45' title='bbox 1242 774 1490 844; x_wconf 75' lang='grc' dir='ltr'>σκώληξ</span> <span class='ocrx_word' id='word_1_46' title='bbox 1525 774 1712 843; x_wconf 76' lang='grc' dir='ltr'>ξύλῳ,</span> <span class='ocrx_word' id='word_1_47' title='bbox 1743 774 1846 829; x_wconf 84' lang='grc' dir='ltr'><strong>οὕ-</strong></span> 
     </span>
    </p>
   </div>
   <div class='ocr_carea' id='block_1_10' title="bbox 240 864 1846 937">
    <p class='ocr_par' dir='ltr' id='par_1_10' title="bbox 240 864 1846 937">
     <span class='ocr_line' id='line_1_10' title="bbox 240 864 1846 937; baseline -0.001 -14"><span class='ocrx_word' id='word_1_48' title='bbox 240 885 367 936; x_wconf 79' lang='grc' dir='ltr'><strong>τως</strong></span> <span class='ocrx_word' id='word_1_49' title='bbox 413 869 582 937; x_wconf 77' lang='grc' dir='ltr'>λύπη</span> <span class='ocrx_word' id='word_1_50' title='bbox 612 868 833 937; x_wconf 77' lang='grc' dir='ltr'>ἀνδρὸς</span> <span class='ocrx_word' id='word_1_51' title='bbox 854 867 1119 933; x_wconf 75' lang='grc' dir='ltr'><strong>βλάπτει</strong></span> <span class='ocrx_word' id='word_1_52' title='bbox 1145 866 1415 935; x_wconf 81' lang='grc' dir='ltr'>καρδίαν.</span> <span class='ocrx_word' id='word_1_53' title='bbox 1458 865 1726 936; x_wconf 80' lang='grc' dir='ltr'>Καθάπερ</span> <span class='ocrx_word' id='word_1_54' title='bbox 1750 864 1846 921; x_wconf 84' lang='grc' dir='ltr'>λυ-</span> 
     </span>
    </p>
   </div>
   <div class='ocr_carea' id='block_1_11' title="bbox 242 955 1844 1030">
    <p class='ocr_par' dir='ltr' id='par_1_11' title="bbox 242 955 1844 1030">
     <span class='ocr_line' id='line_1_11' title="bbox 242 955 1844 1030; baseline -0.001 -17"><span class='ocrx_word' id='word_1_55' title='bbox 242 960 538 1026; x_wconf 73' lang='grc' dir='ltr'>μαίνονται</span> <span class='ocrx_word' id='word_1_56' title='bbox 574 961 674 1029; x_wconf 76' lang='grc' dir='ltr'>σὴς</span> <span class='ocrx_word' id='word_1_57' title='bbox 710 959 810 1030; x_wconf 86' lang='grc' dir='ltr'>μὲν</span> <span class='ocrx_word' id='word_1_58' title='bbox 845 960 1048 1030; x_wconf 77' lang='grc' dir='ltr'>ίματίῳ</span> <span class='ocrx_word' id='word_1_59' title='bbox 1069 1000 1085 1024; x_wconf 95' lang='grc'><strong>,</strong></span> <span class='ocrx_word' id='word_1_60' title='bbox 1122 958 1342 1029; x_wconf 81' lang='grc' dir='ltr'><strong>σκώληξ</strong></span> <span class='ocrx_word' id='word_1_61' title='bbox 1370 957 1425 1010; x_wconf 82' lang='grc' dir='ltr'>δὲ</span> <span class='ocrx_word' id='word_1_62' title='bbox 1453 955 1596 1028; x_wconf 82' lang='grc' dir='ltr'><strong>ξύλῳ</strong></span> <span class='ocrx_word' id='word_1_63' title='bbox 1620 997 1634 1021; x_wconf 90' lang='grc'><strong>,</strong></span> <span class='ocrx_word' id='word_1_64' title='bbox 1669 957 1844 1022; x_wconf 77' lang='grc' dir='ltr'>οὕτως</span> 
     </span>
    </p>
   </div>
   <div class='ocr_carea' id='block_1_12' title="bbox 240 1048 1841 1124">
    <p class='ocr_par' dir='ltr' id='par_1_12' title="bbox 240 1048 1841 1124">
     <span class='ocr_line' id='line_1_12' title="bbox 240 1048 1841 1124; baseline -0.002 -18"><span class='ocrx_word' id='word_1_65' title='bbox 240 1056 280 1124; x_wconf 75' lang='grc' dir='ltr'>ἡ</span> <span class='ocrx_word' id='word_1_66' title='bbox 316 1054 474 1123; x_wconf 74' lang='grc' dir='ltr'>παρὰ</span> <span class='ocrx_word' id='word_1_67' title='bbox 497 1051 789 1124; x_wconf 83' lang='grc' dir='ltr'>ἀνθρώπου</span> <span class='ocrx_word' id='word_1_68' title='bbox 814 1051 959 1114; x_wconf 80' lang='grc' dir='ltr'>τινὸς</span> <span class='ocrx_word' id='word_1_69' title='bbox 990 1050 1161 1122; x_wconf 88' lang='grc' dir='ltr'>λύπη,</span> <span class='ocrx_word' id='word_1_70' title='bbox 1188 1048 1426 1121; x_wconf 70' lang='grc' dir='ltr'>τῷπρὸς</span> <span class='ocrx_word' id='word_1_71' title='bbox 1448 1048 1639 1102; x_wconf 69' lang='grc' dir='ltr'>τοῦτον</span> <span class='ocrx_word' id='word_1_72' title='bbox 1672 1048 1841 1121; x_wconf 90' lang='grc' dir='ltr'>μίσει,</span> 
     </span>
    </p>
   </div>
   <div class='ocr_carea' id='block_1_13' title="bbox 243 1140 1392 1215">
    <p class='ocr_par' dir='ltr' id='par_1_13' title="bbox 243 1140 1392 1215">
     <span class='ocr_line' id='line_1_13' title="bbox 243 1140 1392 1215; baseline -0.003 -18"><span class='ocrx_word' id='word_1_73' title='bbox 243 1143 350 1215; x_wconf 80' lang='grc' dir='ltr'>τὴν</span> <span class='ocrx_word' id='word_1_74' title='bbox 392 1142 734 1214; x_wconf 76' lang='grc' dir='ltr'>ἑτοιμοπαθῆ</span> <span class='ocrx_word' id='word_1_75' title='bbox 771 1141 1152 1196; x_wconf 77' lang='grc' dir='ltr'>καταϐλάπτει</span> <span class='ocrx_word' id='word_1_76' title='bbox 1191 1140 1392 1212; x_wconf 75' lang='grc' dir='ltr'>ψυχήν.</span> 
     </span>
    </p>
   </div>
   <div class='ocr_carea' id='block_1_14' title="bbox 319 1228 1841 1304">
    <p class='ocr_par' dir='ltr' id='par_1_14' title="bbox 319 1228 1841 1304">
     <span class='ocr_line' id='line_1_14' title="bbox 319 1228 1841 1304; baseline -0.003 -18"><span class='ocrx_word' id='word_1_77' title='bbox 319 1240 434 1297; x_wconf 70' lang='grc' dir='ltr'>καν,</span> <span class='ocrx_word' id='word_1_78' title='bbox 455 1232 562 1304; x_wconf 85' lang='grc' dir='ltr'>κβ¹.</span> <span class='ocrx_word' id='word_1_79' title='bbox 598 1233 743 1288; x_wconf 86' lang='grc' dir='ltr'><strong>Ἐὰν</strong></span> <span class='ocrx_word' id='word_1_80' title='bbox 760 1230 937 1301; x_wconf 81' lang='grc' dir='ltr'>πεινᾷ</span> <span class='ocrx_word' id='word_1_81' title='bbox 955 1235 988 1286; x_wconf 82' lang='grc' dir='ltr'><em>ὀ</em></span> <span class='ocrx_word' id='word_1_82' title='bbox 1004 1232 1215 1301; x_wconf 81' lang='grc' dir='ltr'>ἐχθρός</span> <span class='ocrx_word' id='word_1_83' title='bbox 1237 1248 1376 1295; x_wconf 86' lang='grc' dir='ltr'>σου,</span> <span class='ocrx_word' id='word_1_84' title='bbox 1395 1228 1613 1300; x_wconf 73' lang='grc' dir='ltr'>ψώμιζε</span> <span class='ocrx_word' id='word_1_85' title='bbox 1632 1230 1841 1283; x_wconf 83' lang='grc' dir='ltr'>αὐτόν’</span> 
     </span>
    </p>
   </div>
   <div class='ocr_carea' id='block_1_15' title="bbox 243 1323 1844 1396">
    <p class='ocr_par' dir='ltr' id='par_1_15' title="bbox 243 1323 1844 1396">
     <span class='ocr_line' id='line_1_15' title="bbox 243 1323 1844 1396; baseline -0.003 -15"><span class='ocrx_word' id='word_1_86' title='bbox 243 1327 359 1381; x_wconf 85' lang='grc' dir='ltr'><strong>ἐὰν</strong></span> <span class='ocrx_word' id='word_1_87' title='bbox 386 1323 571 1396; x_wconf 68' lang='grc' dir='ltr'>διψᾷ,</span> <span class='ocrx_word' id='word_1_88' title='bbox 605 1325 801 1386; x_wconf 81' lang='grc' dir='ltr'><strong>πότιζε</strong></span> <span class='ocrx_word' id='word_1_89' title='bbox 837 1328 1026 1380; x_wconf 84' lang='grc' dir='ltr'>αὐτόν</span> <span class='ocrx_word' id='word_1_90' title='bbox 1051 1344 1064 1359; x_wconf 71' lang='grc' dir='ltr'><strong>ι</strong></span> <span class='ocrx_word' id='word_1_91' title='bbox 1113 1325 1291 1379; x_wconf 84' lang='grc' dir='ltr'>τοῦτο</span> <span class='ocrx_word' id='word_1_92' title='bbox 1329 1325 1438 1395; x_wconf 77' lang='grc' dir='ltr'>γὰρ</span> <span class='ocrx_word' id='word_1_93' title='bbox 1484 1323 1694 1385; x_wconf 82' lang='grc' dir='ltr'>ποιῶν,</span> <span class='ocrx_word' id='word_1_94' title='bbox 1735 1323 1844 1377; x_wconf 79' lang='grc' dir='ltr'><strong>ἄν·</strong></span> 
     </span>
    </p>
   </div>
   <div class='ocr_carea' id='block_1_16' title="bbox 244 1415 1838 1488">
    <p class='ocr_par' dir='ltr' id='par_1_16' title="bbox 244 1415 1838 1488">
     <span class='ocr_line' id='line_1_16' title="bbox 244 1415 1838 1488; baseline -0.003 -14"><span class='ocrx_word' id='word_1_95' title='bbox 244 1424 477 1488; x_wconf 76' lang='grc' dir='ltr'>θρακας</span> <span class='ocrx_word' id='word_1_96' title='bbox 496 1419 688 1488; x_wconf 79' lang='grc' dir='ltr'>πυρὸς</span> <span class='ocrx_word' id='word_1_97' title='bbox 713 1420 1040 1488; x_wconf 81' lang='grc' dir='ltr'><strong>σωρεύσεις</strong></span> <span class='ocrx_word' id='word_1_98' title='bbox 1062 1416 1163 1470; x_wconf 70' lang='grc' dir='ltr'>ἐπὶ</span> <span class='ocrx_word' id='word_1_99' title='bbox 1187 1416 1303 1485; x_wconf 82' lang='grc' dir='ltr'>τὴν</span> <span class='ocrx_word' id='word_1_100' title='bbox 1324 1415 1600 1486; x_wconf 75' lang='grc' dir='ltr'>κεφαλὴν</span> <span class='ocrx_word' id='word_1_101' title='bbox 1619 1415 1805 1470; x_wconf 83' lang='grc' dir='ltr'>αὑτοῦ</span> <span class='ocrx_word' id='word_1_102' title='bbox 1825 1430 1838 1445; x_wconf 92' lang='grc'><strong>·</strong></span> 
     </span>
    </p>
   </div>
   <div class='ocr_carea' id='block_1_17' title="bbox 245 1507 1843 1582">
    <p class='ocr_par' dir='ltr' id='par_1_17' title="bbox 245 1507 1843 1582">
     <span class='ocr_line' id='line_1_17' title="bbox 245 1507 1843 1582; baseline -0.004 -16"><span class='ocrx_word' id='word_1_103' title='bbox 245 1515 281 1566; x_wconf 86' lang='grc' dir='ltr'><strong><em>ό</em></strong></span> <span class='ocrx_word' id='word_1_104' title='bbox 298 1510 377 1564; x_wconf 81' lang='grc' dir='ltr'>δὲ</span> <span class='ocrx_word' id='word_1_105' title='bbox 397 1513 614 1582; x_wconf 84' lang='grc' dir='ltr'>Κύριος</span> <span class='ocrx_word' id='word_1_106' title='bbox 634 1510 1053 1566; x_wconf 83' lang='grc' dir='ltr'>ἀνταποδώσει</span> <span class='ocrx_word' id='word_1_107' title='bbox 1080 1527 1180 1565; x_wconf 89' lang='grc' dir='ltr'><strong>σοι</strong></span> <span class='ocrx_word' id='word_1_108' title='bbox 1202 1509 1414 1579; x_wconf 78' lang='grc' dir='ltr'>ἀγαθά.</span> <span class='ocrx_word' id='word_1_109' title='bbox 1450 1509 1578 1562; x_wconf 76' lang='grc' dir='ltr'><strong>Ἐὰν</strong></span> <span class='ocrx_word' id='word_1_110' title='bbox 1605 1509 1634 1561; x_wconf 87' lang='grc' dir='ltr'><strong>ὁ</strong></span> <span class='ocrx_word' id='word_1_111' title='bbox 1665 1507 1843 1577; x_wconf 85' lang='grc' dir='ltr'>μισῶν</span> 
     </span>
    </p>
   </div>
   <div class='ocr_carea' id='block_1_18' title="bbox 246 1598 1843 1676">
    <p class='ocr_par' dir='ltr' id='par_1_18' title="bbox 246 1598 1843 1676">
     <span class='ocr_line' id='line_1_18' title="bbox 246 1598 1843 1676; baseline -0.003 -19"><span class='ocrx_word' id='word_1_112' title='bbox 246 1621 338 1667; x_wconf 87' lang='grc' dir='ltr'><strong>σε,</strong></span> <span class='ocrx_word' id='word_1_113' title='bbox 360 1603 573 1676; x_wconf 82' lang='grc' dir='ltr'>τροφῆς</span> <span class='ocrx_word' id='word_1_114' title='bbox 618 1606 715 1658; x_wconf 78' lang='grc' dir='ltr'>καὶ</span> <span class='ocrx_word' id='word_1_115' title='bbox 752 1604 1000 1675; x_wconf 72' lang='grc' dir='ltr'>πόματος</span> <span class='ocrx_word' id='word_1_116' title='bbox 1032 1604 1180 1655; x_wconf 76' lang='grc' dir='ltr'>ἐστιν</span> <span class='ocrx_word' id='word_1_117' title='bbox 1207 1601 1390 1672; x_wconf 81' lang='grc' dir='ltr'>ἐνδεὴς</span> <span class='ocrx_word' id='word_1_118' title='bbox 1410 1642 1426 1666; x_wconf 91' lang='grc'><strong>,</strong></span> <span class='ocrx_word' id='word_1_119' title='bbox 1462 1600 1628 1671; x_wconf 81' lang='grc' dir='ltr'>τρέφε</span> <span class='ocrx_word' id='word_1_120' title='bbox 1654 1598 1843 1653; x_wconf 87' lang='grc' dir='ltr'>τοῦτον</span> 
     </span>
    </p>
   </div>
   <div class='ocr_carea' id='block_1_19' title="bbox 246 1690 1844 1766">
    <p class='ocr_par' dir='ltr' id='par_1_19' title="bbox 246 1690 1844 1766">
     <span class='ocr_line' id='line_1_19' title="bbox 246 1690 1844 1766; baseline -0.003 -15"><span class='ocrx_word' id='word_1_121' title='bbox 246 1699 348 1752; x_wconf 77' lang='grc' dir='ltr'><strong>καὶ</strong></span> <span class='ocrx_word' id='word_1_122' title='bbox 398 1696 624 1761; x_wconf 79' lang='grc' dir='ltr'>πότιζε’</span> <span class='ocrx_word' id='word_1_123' title='bbox 661 1695 805 1750; x_wconf 76' lang='grc' dir='ltr'>οὓτω</span> <span class='ocrx_word' id='word_1_124' title='bbox 855 1696 964 1766; x_wconf 82' lang='grc' dir='ltr'><strong>γάρ</strong></span> <span class='ocrx_word' id='word_1_125' title='bbox 1010 1693 1318 1766; x_wconf 82' lang='grc' dir='ltr'>εὐεργετῶν</span> <span class='ocrx_word' id='word_1_126' title='bbox 1363 1693 1556 1758; x_wconf 65' lang='grc' dir='ltr'>αὑτὸν,</span> <span class='ocrx_word' id='word_1_127' title='bbox 1592 1690 1844 1759; x_wconf 78' lang='grc' dir='ltr'>συνάξεις</span> 
     </span>
    </p>
   </div>
   <div class='ocr_carea' id='block_1_20' title="bbox 1947 500 3530 579">
    <p class='ocr_par' dir='ltr' id='par_1_20' title="bbox 1947 500 3530 579">
     <span class='ocr_line' id='line_1_20' title="bbox 1947 500 3530 579; baseline 0.003 -24"><span class='ocrx_word' id='word_1_128' title='bbox 1947 500 2061 557; x_wconf 71' lang='lat' dir='ltr'><strong>into</strong></span> <span class='ocrx_word' id='word_1_129' title='bbox 2091 502 2224 557; x_wconf 88' lang='lat' dir='ltr'><strong>illttd</strong></span> <span class='ocrx_word' id='word_1_130' title='bbox 2260 505 2472 573; x_wconf 73' lang='lat' dir='ltr'><strong>pnngit;</strong></span> <span class='ocrx_word' id='word_1_131' title='bbox 2506 504 2585 557; x_wconf 92' lang='lat' dir='ltr'><strong>sic</strong></span> <span class='ocrx_word' id='word_1_132' title='bbox 2618 500 2922 556; x_wconf 81' lang='lat' dir='ltr'><strong>infirmitati</strong></span> <span class='ocrx_word' id='word_1_133' title='bbox 2943 502 3133 579; x_wconf 72' lang='lat' dir='ltr'><strong>carnis</strong></span> <span class='ocrx_word' id='word_1_134' title='bbox 3161 504 3530 559; x_wconf 72' lang='lat' dir='ltr'><strong>involuntaria</strong></span> 
     </span>
    </p>
   </div>
   <div class='ocr_carea' id='block_1_21' title="bbox 1948 593 3531 665">
    <p class='ocr_par' dir='ltr' id='par_1_21' title="bbox 1948 593 3531 665">
     <span class='ocr_line' id='line_1_21' title="bbox 1948 593 3531 665; baseline 0.004 -19"><span class='ocrx_word' id='word_1_135' title='bbox 1948 595 2181 649; x_wconf 89' lang='lat' dir='ltr'><strong>tentatio</strong></span> <span class='ocrx_word' id='word_1_136' title='bbox 2210 593 2510 649; x_wconf 79' lang='lat' dir='ltr'><strong>adveniens</strong></span> <span class='ocrx_word' id='word_1_137' title='bbox 2541 594 2793 650; x_wconf 79' lang='lat' dir='ltr'><strong>molestia</strong></span> <span class='ocrx_word' id='word_1_138' title='bbox 2832 593 3000 648; x_wconf 81' lang='lat' dir='ltr'><strong>allicit</strong></span> <span class='ocrx_word' id='word_1_139' title='bbox 3028 593 3269 647; x_wconf 87' lang='lat' dir='ltr'><strong>animam</strong></span> <span class='ocrx_word' id='word_1_140' title='bbox 3305 595 3373 647; x_wconf 91' lang='lat' dir='ltr'><strong>ob</strong></span> <span class='ocrx_word' id='word_1_141' title='bbox 3405 611 3531 665; x_wconf 79' lang='lat' dir='ltr'><strong>ejus</strong></span> 
     </span>
    </p>
   </div>
   <div class='ocr_carea' id='block_1_22' title="bbox 1947 683 2711 755">
    <p class='ocr_par' dir='ltr' id='par_1_22' title="bbox 1947 683 2711 755">
     <span class='ocr_line' id='line_1_22' title="bbox 1947 683 2711 755; baseline 0.001 -18"><span class='ocrx_word' id='word_1_142' title='bbox 1947 698 2072 738; x_wconf 89' lang='lat' dir='ltr'><strong>cum</strong></span> <span class='ocrx_word' id='word_1_143' title='bbox 2108 699 2342 755; x_wconf 87' lang='lat' dir='ltr'><strong>corpore</strong></span> <span class='ocrx_word' id='word_1_144' title='bbox 2370 683 2711 740; x_wconf 84' lang='lat' dir='ltr'><strong>allinitatem.</strong></span> 
     </span>
    </p>
   </div>
   <div class='ocr_carea' id='block_1_23' title="bbox 2018 773 3532 846">
    <p class='ocr_par' dir='ltr' id='par_1_23' title="bbox 2018 773 3532 846">
     <span class='ocr_line' id='line_1_23' title="bbox 2018 773 3532 846; baseline -0.001 -17"><span class='ocrx_word' id='word_1_145' title='bbox 2018 774 2168 829; x_wconf 84' lang='lat' dir='ltr'><strong>Sicut</strong></span> <span class='ocrx_word' id='word_1_146' title='bbox 2194 778 2335 829; x_wconf 83' lang='lat' dir='ltr'><strong>tinea</strong></span> <span class='ocrx_word' id='word_1_147' title='bbox 2377 777 2705 837; x_wconf 71' lang='lat' dir='ltr'><strong>vestimento,</strong></span> <span class='ocrx_word' id='word_1_148' title='bbox 2742 784 2787 829; x_wconf 89' lang='lat' dir='ltr'><strong>et</strong></span> <span class='ocrx_word' id='word_1_149' title='bbox 2817 775 3009 830; x_wconf 82' lang='lat' dir='ltr'><strong>vermis</strong></span> <span class='ocrx_word' id='word_1_150' title='bbox 3072 773 3253 846; x_wconf 80' lang='lat' dir='ltr'><strong>ligno;</strong></span> <span class='ocrx_word' id='word_1_151' title='bbox 3305 775 3384 830; x_wconf 85' lang='lat' dir='ltr'><strong>ita</strong></span> <span class='ocrx_word' id='word_1_152' title='bbox 3436 775 3532 829; x_wconf 81' lang='lat' dir='ltr'><strong>tri-</strong></span> 
     </span>
    </p>
   </div>
   <div class='ocr_carea' id='block_1_24' title="bbox 1944 866 3529 934">
    <p class='ocr_par' dir='ltr' id='par_1_24' title="bbox 1944 866 3529 934">
     <span class='ocr_line' id='line_1_24' title="bbox 1944 866 3529 934; baseline 0 -13"><span class='ocrx_word' id='word_1_153' title='bbox 1944 866 2098 921; x_wconf 86' lang='lat' dir='ltr'><strong>stitia</strong></span> <span class='ocrx_word' id='word_1_154' title='bbox 2124 868 2223 922; x_wconf 85' lang='lat' dir='ltr'><strong>viri</strong></span> <span class='ocrx_word' id='word_1_155' title='bbox 2254 878 2400 922; x_wconf 84' lang='lat' dir='ltr'><strong>nocet</strong></span> <span class='ocrx_word' id='word_1_156' title='bbox 2440 871 2608 923; x_wconf 86' lang='lat' dir='ltr'><strong>cordi.</strong></span> <span class='ocrx_word' id='word_1_157' title='bbox 2663 867 3135 934; x_wconf 82' lang='lat' dir='ltr'><strong>Quemadmodum</strong></span> <span class='ocrx_word' id='word_1_158' title='bbox 3176 868 3321 922; x_wconf 78' lang='lat' dir='ltr'><strong>tinea</strong></span> <span class='ocrx_word' id='word_1_159' title='bbox 3380 868 3529 924; x_wconf 64' lang='lat' dir='ltr'><strong>laedit</strong></span> 
     </span>
    </p>
   </div>
   <div class='ocr_carea' id='block_1_25' title="bbox 1947 959 3535 1031">
    <p class='ocr_par' dir='ltr' id='par_1_25' title="bbox 1947 959 3535 1031">
     <span class='ocr_line' id='line_1_25' title="bbox 1947 959 3535 1031; baseline 0.001 -17"><span class='ocrx_word' id='word_1_160' title='bbox 1947 959 2340 1014; x_wconf 81' lang='lat' dir='ltr'><strong>vestimentum</strong></span> <span class='ocrx_word' id='word_1_161' title='bbox 2382 968 2437 1015; x_wconf 92' lang='lat' dir='ltr'><strong>et</strong></span> <span class='ocrx_word' id='word_1_162' title='bbox 2497 961 2704 1015; x_wconf 86' lang='lat' dir='ltr'><strong>vermis</strong></span> <span class='ocrx_word' id='word_1_163' title='bbox 2757 962 3014 1031; x_wconf 75' lang='lat' dir='ltr'><strong>lignum,</strong></span> <span class='ocrx_word' id='word_1_164' title='bbox 3072 960 3148 1013; x_wconf 89' lang='lat' dir='ltr'><strong>ita</strong></span> <span class='ocrx_word' id='word_1_165' title='bbox 3185 960 3409 1014; x_wconf 83' lang='lat' dir='ltr'><strong>tristitia</strong></span> <span class='ocrx_word' id='word_1_166' title='bbox 3463 961 3535 1015; x_wconf 86' lang='lat' dir='ltr'><strong>ab</strong></span> 
     </span>
    </p>
   </div>
   <div class='ocr_carea' id='block_1_26' title="bbox 1947 1048 3360 1123">
    <p class='ocr_par' dir='ltr' id='par_1_26' title="bbox 1947 1048 3360 1123">
     <span class='ocr_line' id='line_1_26' title="bbox 1947 1048 3360 1123; baseline 0.001 -19"><span class='ocrx_word' id='word_1_167' title='bbox 1947 1048 2194 1114; x_wconf 87' lang='lat' dir='ltr'><strong>homine,</strong></span> <span class='ocrx_word' id='word_1_168' title='bbox 2228 1049 2303 1106; x_wconf 88' lang='lat' dir='ltr'><strong>ob</strong></span> <span class='ocrx_word' id='word_1_169' title='bbox 2339 1050 2477 1107; x_wconf 87' lang='lat' dir='ltr'><strong>iram</strong></span> <span class='ocrx_word' id='word_1_170' title='bbox 2509 1060 2702 1106; x_wconf 86' lang='lat' dir='ltr'><strong>contra</strong></span> <span class='ocrx_word' id='word_1_171' title='bbox 2740 1052 2920 1123; x_wconf 90' lang='lat' dir='ltr'><strong>ipsum</strong></span> <span class='ocrx_word' id='word_1_172' title='bbox 2950 1052 3146 1107; x_wconf 84' lang='lat' dir='ltr'><strong>animae</strong></span> <span class='ocrx_word' id='word_1_173' title='bbox 3173 1060 3360 1106; x_wconf 90' lang='lat' dir='ltr'><strong>nocet.</strong></span> 
     </span>
    </p>
   </div>
   <div class='ocr_carea' id='block_1_27' title="bbox 2020 1225 3531 1292">
    <p class='ocr_par' dir='ltr' id='par_1_27' title="bbox 2020 1225 3531 1292">
     <span class='ocr_line' id='line_1_27' title="bbox 2020 1225 3531 1292; baseline -0.001 -10"><span class='ocrx_word' id='word_1_174' title='bbox 2020 1227 2184 1282; x_wconf 73' lang='lat' dir='ltr'><strong>Vsus.</strong></span> <span class='ocrx_word' id='word_1_175' title='bbox 2225 1228 2285 1282; x_wconf 74' lang='lat'><strong>2|</strong></span> <span class='ocrx_word' id='word_1_176' title='bbox 2320 1270 2335 1292; x_wconf 89' lang='lat'><strong>,</strong></span> <span class='ocrx_word' id='word_1_177' title='bbox 2362 1226 2453 1281; x_wconf 67' lang='grc'><strong>22.</strong></span> <span class='ocrx_word' id='word_1_178' title='bbox 2507 1225 2568 1281; x_wconf 90' lang='lat' dir='ltr'><strong>Si</strong></span> <span class='ocrx_word' id='word_1_179' title='bbox 2597 1227 2841 1281; x_wconf 82' lang='lat' dir='ltr'><strong>esurierit</strong></span> <span class='ocrx_word' id='word_1_180' title='bbox 2904 1227 3152 1282; x_wconf 85' lang='lat' dir='ltr'><strong>inimicus</strong></span> <span class='ocrx_word' id='word_1_181' title='bbox 3211 1237 3369 1291; x_wconf 84' lang='lat' dir='ltr'><strong>tuus,</strong></span> <span class='ocrx_word' id='word_1_182' title='bbox 3411 1227 3531 1281; x_wconf 83' lang='lat' dir='ltr'><strong>ciba</strong></span> 
     </span>
    </p>
   </div>
   <div class='ocr_carea' id='block_1_28' title="bbox 1946 1318 3528 1388">
    <p class='ocr_par' dir='ltr' id='par_1_28' title="bbox 1946 1318 3528 1388">
     <span class='ocr_line' id='line_1_28' title="bbox 1946 1318 3528 1388; baseline -0.002 -13"><span class='ocrx_word' id='word_1_183' title='bbox 1946 1321 2138 1375; x_wconf 87' lang='lat' dir='ltr'><strong>illum:</strong></span> <span class='ocrx_word' id='word_1_184' title='bbox 2163 1321 2211 1375; x_wconf 83' lang='lat' dir='ltr'><strong>si</strong></span> <span class='ocrx_word' id='word_1_185' title='bbox 2236 1320 2455 1379; x_wconf 87' lang='lat' dir='ltr'><strong>sitierit,</strong></span> <span class='ocrx_word' id='word_1_186' title='bbox 2484 1319 2553 1371; x_wconf 87' lang='lat' dir='ltr'><strong>da</strong></span> <span class='ocrx_word' id='word_1_187' title='bbox 2586 1319 2670 1370; x_wconf 88' lang='lat' dir='ltr'><strong>illi</strong></span> <span class='ocrx_word' id='word_1_188' title='bbox 2693 1335 2885 1388; x_wconf 84' lang='lat' dir='ltr'><strong>aquam</strong></span> <span class='ocrx_word' id='word_1_189' title='bbox 2910 1318 3098 1374; x_wconf 84' lang='lat' dir='ltr'><strong>bibere.</strong></span> <span class='ocrx_word' id='word_1_190' title='bbox 3139 1318 3251 1373; x_wconf 85' lang='lat' dir='ltr'><strong>Hoc</strong></span> <span class='ocrx_word' id='word_1_191' title='bbox 3276 1319 3415 1373; x_wconf 75' lang='lat' dir='ltr'><strong>enim</strong></span> <span class='ocrx_word' id='word_1_192' title='bbox 3441 1319 3528 1386; x_wconf 77' lang='lat' dir='ltr'><strong>fa-</strong></span> 
     </span>
    </p>
   </div>
   <div class='ocr_carea' id='block_1_29' title="bbox 1946 1412 3528 1481">
    <p class='ocr_par' dir='ltr' id='par_1_29' title="bbox 1946 1412 3528 1481">
     <span class='ocr_line' id='line_1_29' title="bbox 1946 1412 3528 1481; baseline -0.001 -14"><span class='ocrx_word' id='word_1_193' title='bbox 1946 1415 2129 1475; x_wconf 87' lang='lat' dir='ltr'><strong>ciens,</strong></span> <span class='ocrx_word' id='word_1_194' title='bbox 2176 1427 2376 1481; x_wconf 85' lang='lat' dir='ltr'><strong>prunas</strong></span> <span class='ocrx_word' id='word_1_195' title='bbox 2431 1412 2771 1481; x_wconf 81' lang='lat' dir='ltr'><strong>cougregabis</strong></span> <span class='ocrx_word' id='word_1_196' title='bbox 2834 1427 2991 1480; x_wconf 84' lang='lat' dir='ltr'><strong>super</strong></span> <span class='ocrx_word' id='word_1_197' title='bbox 3043 1422 3204 1480; x_wconf 86' lang='lat' dir='ltr'><strong>caput</strong></span> <span class='ocrx_word' id='word_1_198' title='bbox 3269 1412 3413 1481; x_wconf 87' lang='lat' dir='ltr'><strong>ejus,</strong></span> <span class='ocrx_word' id='word_1_199' title='bbox 3476 1422 3528 1465; x_wconf 90' lang='lat' dir='ltr'><strong>et</strong></span> 
     </span>
    </p>
   </div>
   <div class='ocr_carea' id='block_1_30' title="bbox 1951 1498 3531 1563">
    <p class='ocr_par' dir='ltr' id='par_1_30' title="bbox 1951 1498 3531 1563">
     <span class='ocr_line' id='line_1_30' title="bbox 1951 1498 3531 1563; baseline -0.003 -5"><span class='ocrx_word' id='word_1_200' title='bbox 1951 1504 2206 1560; x_wconf 75' lang='lat' dir='ltr'><strong>Dominus</strong></span> <span class='ocrx_word' id='word_1_201' title='bbox 2256 1503 2436 1557; x_wconf 80' lang='lat' dir='ltr'><strong>reddet</strong></span> <span class='ocrx_word' id='word_1_202' title='bbox 2469 1502 2562 1555; x_wconf 82' lang='lat' dir='ltr'><strong>tibi</strong></span> <span class='ocrx_word' id='word_1_203' title='bbox 2594 1500 2747 1555; x_wconf 80' lang='lat' dir='ltr'><strong>bona.</strong></span> <span class='ocrx_word' id='word_1_204' title='bbox 2808 1498 2864 1555; x_wconf 87' lang='lat' dir='ltr'><strong>Si</strong></span> <span class='ocrx_word' id='word_1_205' title='bbox 2910 1502 3170 1556; x_wconf 88' lang='lat' dir='ltr'><strong>inimicus</strong></span> <span class='ocrx_word' id='word_1_206' title='bbox 3244 1509 3371 1555; x_wconf 84' lang='lat' dir='ltr'><strong>tuus</strong></span> <span class='ocrx_word' id='word_1_207' title='bbox 3403 1500 3531 1563; x_wconf 72' lang='lat' dir='ltr'><strong>cibo</strong></span> 
     </span>
    </p>
   </div>
   <div class='ocr_carea' id='block_1_31' title="bbox 1948 1591 3533 1665">
    <p class='ocr_par' dir='ltr' id='par_1_31' title="bbox 1948 1591 3533 1665">
     <span class='ocr_line' id='line_1_31' title="bbox 1948 1591 3533 1665; baseline -0.003 -15"><span class='ocrx_word' id='word_1_208' title='bbox 1948 1597 2032 1650; x_wconf 88' lang='lat' dir='ltr'><strong>vel</strong></span> <span class='ocrx_word' id='word_1_209' title='bbox 2070 1605 2202 1665; x_wconf 89' lang='lat' dir='ltr'><strong>potu</strong></span> <span class='ocrx_word' id='word_1_210' title='bbox 2237 1594 2472 1664; x_wconf 78' lang='lat' dir='ltr'><strong>indiget,</strong></span> <span class='ocrx_word' id='word_1_211' title='bbox 2509 1594 2637 1647; x_wconf 87' lang='lat' dir='ltr'><strong>ciba</strong></span> <span class='ocrx_word' id='word_1_212' title='bbox 2686 1601 2745 1647; x_wconf 89' lang='lat' dir='ltr'><strong>et</strong></span> <span class='ocrx_word' id='word_1_213' title='bbox 2780 1600 2908 1663; x_wconf 84' lang='lat' dir='ltr'><strong>pota</strong></span> <span class='ocrx_word' id='word_1_214' title='bbox 2944 1592 3119 1646; x_wconf 89' lang='lat' dir='ltr'><strong>illum.</strong></span> <span class='ocrx_word' id='word_1_215' title='bbox 3177 1593 3269 1646; x_wconf 86' lang='lat' dir='ltr'><strong>Sic</strong></span> <span class='ocrx_word' id='word_1_216' title='bbox 3321 1591 3533 1646; x_wconf 78' lang='lat' dir='ltr'><strong>benefi-</strong></span> 
     </span>
    </p>
   </div>
   <div class='ocr_carea' id='block_1_32' title="bbox 1949 1678 3528 1756">
    <p class='ocr_par' dir='ltr' id='par_1_32' title="bbox 1949 1678 3528 1756">
     <span class='ocr_line' id='line_1_32' title="bbox 1949 1678 3528 1756; baseline -0.004 -14"><span class='ocrx_word' id='word_1_217' title='bbox 1949 1689 2094 1742; x_wconf 90' lang='lat' dir='ltr'><strong>cium</strong></span> <span class='ocrx_word' id='word_1_218' title='bbox 2120 1688 2197 1741; x_wconf 90' lang='lat' dir='ltr'><strong>illi</strong></span> <span class='ocrx_word' id='word_1_219' title='bbox 2229 1678 2527 1741; x_wconf 86' lang='lat' dir='ltr'><strong>conferens</strong></span> <span class='ocrx_word' id='word_1_220' title='bbox 2559 1700 2827 1756; x_wconf 74' lang='lat' dir='ltr'><strong>congeres</strong></span> <span class='ocrx_word' id='word_1_221' title='bbox 2875 1686 2932 1740; x_wconf 91' lang='lat' dir='ltr'><strong>in</strong></span> <span class='ocrx_word' id='word_1_222' title='bbox 2965 1693 3204 1739; x_wconf 90' lang='lat' dir='ltr'><strong>mentem</strong></span> <span class='ocrx_word' id='word_1_223' title='bbox 3257 1684 3378 1754; x_wconf 81' lang='lat' dir='ltr'><strong>ejus</strong></span> <span class='ocrx_word' id='word_1_224' title='bbox 3430 1698 3528 1737; x_wconf 81' lang='lat' dir='ltr'><strong>co-</strong></span> 
     </span>
    </p>
   </div>
   <div class='ocr_carea' id='block_1_33' title="bbox 247 1775 1847 1860">
    <p class='ocr_par' dir='ltr' id='par_1_33' title="bbox 247 1783 1841 1860">
     <span class='ocr_line' id='line_1_33' title="bbox 247 1783 1841 1860; baseline -0.005 -16"><span class='ocrx_word' id='word_1_225' title='bbox 247 1789 346 1844; x_wconf 71' lang='grc' dir='ltr'>ἐπὶ</span> <span class='ocrx_word' id='word_1_226' title='bbox 369 1787 464 1843; x_wconf 80' lang='grc' dir='ltr'>τὸν</span> <span class='ocrx_word' id='word_1_227' title='bbox 493 1789 740 1860; x_wconf 76' lang='grc' dir='ltr'><strong>ἡγεμόνα</strong></span> <span class='ocrx_word' id='word_1_228' title='bbox 782 1786 908 1842; x_wconf 86' lang='grc' dir='ltr'>νοῦν</span> <span class='ocrx_word' id='word_1_229' title='bbox 934 1786 1149 1851; x_wconf 87' lang='grc' dir='ltr'>τούτου,</span> <span class='ocrx_word' id='word_1_230' title='bbox 1176 1786 1537 1855; x_wconf 86' lang='grc' dir='ltr'>διανοήματα,</span> <span class='ocrx_word' id='word_1_231' title='bbox 1565 1783 1723 1855; x_wconf 88' lang='grc' dir='ltr'>δίκην</span> <span class='ocrx_word' id='word_1_232' title='bbox 1750 1785 1841 1838; x_wconf 83' lang='grc' dir='ltr'>άν-</span> 
     </span>
    </p>
   </div>
   <div class='ocr_carea' id='block_1_34' title="bbox 1959 1775 3530 1860">
    <p class='ocr_par' dir='ltr' id='par_1_34' title="bbox 1959 1775 3530 1850">
     <span class='ocr_line' id='line_1_34' title="bbox 1959 1775 3530 1850; baseline -0.002 -17"><span class='ocrx_word' id='word_1_233' title='bbox 1959 1779 2245 1850; x_wconf 64' lang='lat' dir='ltr'><strong>gitationes</strong></span> <span class='ocrx_word' id='word_1_234' title='bbox 2273 1794 2419 1848; x_wconf 69' lang='lat' dir='ltr'><strong>qum,</strong></span> <span class='ocrx_word' id='word_1_235' title='bbox 2449 1778 2597 1833; x_wconf 86' lang='lat' dir='ltr'><strong>sicut</strong></span> <span class='ocrx_word' id='word_1_236' title='bbox 2647 1778 2790 1847; x_wconf 78' lang='lat' dir='ltr'><strong>ignis</strong></span> <span class='ocrx_word' id='word_1_237' title='bbox 2851 1792 3042 1848; x_wconf 74' lang='lat' dir='ltr'><strong>pruna:</strong></span> <span class='ocrx_word' id='word_1_238' title='bbox 3086 1775 3352 1831; x_wconf 84' lang='lat' dir='ltr'><strong>malitiam</strong></span> <span class='ocrx_word' id='word_1_239' title='bbox 3410 1775 3530 1843; x_wconf 85' lang='lat' dir='ltr'><strong>ejus</strong></span> 
     </span>
    </p>
   </div>
   <div class='ocr_carea' id='block_1_35' title="bbox 248 1873 1845 1954">
    <p class='ocr_par' dir='ltr' id='par_1_35' title="bbox 248 1873 1845 1954">
     <span class='ocr_line' id='line_1_35' title="bbox 248 1873 1845 1954; baseline -0.006 -18"><span class='ocrx_word' id='word_1_240' title='bbox 248 1882 475 1954; x_wconf 80' lang='grc' dir='ltr'>θράκων</span> <span class='ocrx_word' id='word_1_241' title='bbox 504 1880 674 1950; x_wconf 72' lang='grc' dir='ltr'>πυρὸς</span> <span class='ocrx_word' id='word_1_242' title='bbox 700 1879 800 1951; x_wconf 77' lang='grc' dir='ltr'>τὴν</span> <span class='ocrx_word' id='word_1_243' title='bbox 829 1878 1027 1933; x_wconf 86' lang='grc' dir='ltr'>κακίαν</span> <span class='ocrx_word' id='word_1_244' title='bbox 1058 1876 1370 1948; x_wconf 82' lang='grc' dir='ltr'>ἐλέγχοντα,</span> <span class='ocrx_word' id='word_1_245' title='bbox 1399 1875 1496 1929; x_wconf 75' lang='grc' dir='ltr'>καὶ</span> <span class='ocrx_word' id='word_1_246' title='bbox 1526 1873 1588 1927; x_wconf 86' lang='grc' dir='ltr'>τὸ</span> <span class='ocrx_word' id='word_1_247' title='bbox 1616 1874 1754 1947; x_wconf 83' lang='grc' dir='ltr'>πρὸς</span> <span class='ocrx_word' id='word_1_248' title='bbox 1785 1874 1845 1927; x_wconf 65' lang='grc' dir='ltr'>σὲ</span> 
     </span>
    </p>
   </div>
   <div class='ocr_carea' id='block_1_36' title="bbox 249 1965 1846 2045">
    <p class='ocr_par' dir='ltr' id='par_1_36' title="bbox 249 1965 1846 2045">
     <span class='ocr_line' id='line_1_36' title="bbox 249 1965 1846 2045; baseline -0.005 -18"><span class='ocrx_word' id='word_1_249' title='bbox 249 1977 418 2045; x_wconf 78' lang='grc' dir='ltr'>μῖσος</span> <span class='ocrx_word' id='word_1_250' title='bbox 451 1973 618 2028; x_wconf 79' lang='grc' dir='ltr'>αὐτοῦ</span> <span class='ocrx_word' id='word_1_251' title='bbox 653 1969 1055 2025; x_wconf 75' lang='grc' dir='ltr'>κατακαίοντα·</span> <span class='ocrx_word' id='word_1_252' title='bbox 1087 1970 1116 2021; x_wconf 86' lang='grc' dir='ltr'>ὁ</span> <span class='ocrx_word' id='word_1_253' title='bbox 1149 1968 1206 2021; x_wconf 86' lang='grc' dir='ltr'>δὲ</span> <span class='ocrx_word' id='word_1_254' title='bbox 1239 1965 1356 2019; x_wconf 84' lang='grc' dir='ltr'><strong>τῶν</strong></span> <span class='ocrx_word' id='word_1_255' title='bbox 1403 1965 1542 2019; x_wconf 84' lang='grc' dir='ltr'>ὅλων</span> <span class='ocrx_word' id='word_1_256' title='bbox 1565 1966 1846 2035; x_wconf 83' lang='grc' dir='ltr'><strong>Δεσπότης</strong></span> 
     </span>
    </p>
   </div>
   <div class='ocr_carea' id='block_1_37' title="bbox 247 2052 1845 2134">
    <p class='ocr_par' dir='ltr' id='par_1_37' title="bbox 247 2052 1845 2134">
     <span class='ocr_line' id='line_1_37' title="bbox 247 2052 1845 2134; baseline -0.006 -15"><span class='ocrx_word' id='word_1_257' title='bbox 247 2052 412 2130; x_wconf 81' lang='grc' dir='ltr'>Θεὸς,</span> <span class='ocrx_word' id='word_1_258' title='bbox 442 2063 667 2118; x_wconf 84' lang='grc' dir='ltr'>ἀνθότου</span> <span class='ocrx_word' id='word_1_259' title='bbox 698 2062 775 2134; x_wconf 84' lang='grc' dir='ltr'>μὴ</span> <span class='ocrx_word' id='word_1_260' title='bbox 816 2059 1099 2130; x_wconf 82' lang='grc' dir='ltr'>νενίκησαι</span> <span class='ocrx_word' id='word_1_261' title='bbox 1127 2056 1207 2127; x_wconf 83' lang='grc' dir='ltr'>τῷ</span> <span class='ocrx_word' id='word_1_262' title='bbox 1234 2056 1294 2124; x_wconf 79' lang='grc' dir='ltr'>ἐξ</span> <span class='ocrx_word' id='word_1_263' title='bbox 1318 2056 1590 2126; x_wconf 84' lang='grc' dir='ltr'>ἐπηρείας</span> <span class='ocrx_word' id='word_1_264' title='bbox 1619 2056 1714 2111; x_wconf 88' lang='grc' dir='ltr'><strong>τοῦ</strong></span> <span class='ocrx_word' id='word_1_265' title='bbox 1739 2058 1845 2110; x_wconf 86' lang='grc' dir='ltr'><strong>Σα-</strong></span> 
     </span>
    </p>
   </div>
   <div class='ocr_carea' id='block_1_38' title="bbox 243 2146 1847 2226">
    <p class='ocr_par' dir='ltr' id='par_1_38' title="bbox 243 2146 1847 2226">
     <span class='ocr_line' id='line_1_38' title="bbox 243 2146 1847 2226; baseline -0.004 -18"><span class='ocrx_word' id='word_1_266' title='bbox 243 2156 394 2209; x_wconf 83' lang='grc' dir='ltr'>τανᾶ</span> <span class='ocrx_word' id='word_1_267' title='bbox 442 2154 579 2226; x_wconf 80' lang='grc' dir='ltr'>πρὸς</span> <span class='ocrx_word' id='word_1_268' title='bbox 627 2154 688 2208; x_wconf 81' lang='grc' dir='ltr'>σὲ</span> <span class='ocrx_word' id='word_1_269' title='bbox 738 2154 890 2223; x_wconf 89' lang='grc' dir='ltr'>μίσει</span> <span class='ocrx_word' id='word_1_270' title='bbox 941 2149 1037 2204; x_wconf 87' lang='grc' dir='ltr'><strong>τοῦ</strong></span> <span class='ocrx_word' id='word_1_271' title='bbox 1088 2147 1347 2216; x_wconf 84' lang='grc' dir='ltr'>ἀδελφοῦ,</span> <span class='ocrx_word' id='word_1_272' title='bbox 1382 2146 1521 2201; x_wconf 84' lang='grc' dir='ltr'>ἀλλά</span> <span class='ocrx_word' id='word_1_273' title='bbox 1552 2149 1847 2220; x_wconf 82' lang='grc' dir='ltr'>νενίκηκας</span> 
     </span>
    </p>
   </div>
   <div class='ocr_carea' id='block_1_39' title="bbox 249 2236 1857 2318">
    <p class='ocr_par' dir='ltr' id='par_1_39' title="bbox 249 2236 1857 2318">
     <span class='ocr_line' id='line_1_39' title="bbox 249 2236 1857 2318; baseline -0.006 -17"><span class='ocrx_word' id='word_1_274' title='bbox 249 2246 459 2318; x_wconf 73' lang='grc' dir='ltr'>μᾶλλον</span> <span class='ocrx_word' id='word_1_275' title='bbox 488 2246 620 2300; x_wconf 73' lang='grc' dir='ltr'>αὑτὸ</span> <span class='ocrx_word' id='word_1_276' title='bbox 650 2248 717 2317; x_wconf 74' lang='grc' dir='ltr'>τῇ</span> <span class='ocrx_word' id='word_1_277' title='bbox 746 2246 933 2315; x_wconf 82' lang='grc' dir='ltr'>άγαπῇ</span> <span class='ocrx_word' id='word_1_278' title='bbox 960 2244 1028 2314; x_wconf 77' lang='grc' dir='ltr'><strong>τῇ</strong></span> <span class='ocrx_word' id='word_1_279' title='bbox 1072 2241 1210 2312; x_wconf 85' lang='grc' dir='ltr'>πρὸς</span> <span class='ocrx_word' id='word_1_280' title='bbox 1237 2239 1424 2306; x_wconf 82' lang='grc' dir='ltr'>αὐτὸν,</span> <span class='ocrx_word' id='word_1_281' title='bbox 1456 2241 1571 2304; x_wconf 82' lang='grc' dir='ltr'>τοῖς</span> <span class='ocrx_word' id='word_1_282' title='bbox 1603 2236 1857 2304; x_wconf 77' lang='grc' dir='ltr'>αἰωνίοις</span> 
     </span>
    </p>
   </div>
   <div class='ocr_carea' id='block_1_40' title="bbox 246 2335 940 2408">
    <p class='ocr_par' dir='ltr' id='par_1_40' title="bbox 246 2335 940 2408">
     <span class='ocr_line' id='line_1_40' title="bbox 246 2335 940 2408; baseline -0.003 -18"><span class='ocrx_word' id='word_1_283' title='bbox 246 2353 309 2391; x_wconf 89' lang='grc' dir='ltr'><strong>σε</strong></span> <span class='ocrx_word' id='word_1_284' title='bbox 348 2336 652 2408; x_wconf 70' lang='grc' dir='ltr'>ἀμείψεται</span> <span class='ocrx_word' id='word_1_285' title='bbox 691 2335 940 2405; x_wconf 80' lang='grc' dir='ltr'>ἀγαθοῖς.</span> 
     </span>
    </p>
   </div>
   <div class='ocr_carea' id='block_1_41' title="bbox 316 2423 1847 2498">
    <p class='ocr_par' dir='ltr' id='par_1_41' title="bbox 316 2423 1847 2498">
     <span class='ocr_line' id='line_1_41' title="bbox 316 2423 1847 2498; baseline -0.002 -15"><span class='ocrx_word' id='word_1_286' title='bbox 316 2437 435 2498; x_wconf 83' lang='grc' dir='ltr'>κγ’.</span> <span class='ocrx_word' id='word_1_287' title='bbox 465 2431 711 2498; x_wconf 80' lang='grc' dir='ltr'>Ἄνεμος</span> <span class='ocrx_word' id='word_1_288' title='bbox 737 2426 963 2495; x_wconf 74' lang='grc' dir='ltr'>,ϐορέας</span> <span class='ocrx_word' id='word_1_289' title='bbox 989 2423 1273 2495; x_wconf 74' lang='grc' dir='ltr'>ἐξεγείρει</span> <span class='ocrx_word' id='word_1_290' title='bbox 1308 2423 1462 2494; x_wconf 74' lang='grc' dir='ltr'>νέφη</span> <span class='ocrx_word' id='word_1_291' title='bbox 1482 2440 1497 2455; x_wconf 78' lang='grc' dir='ltr'><strong><em>ο</em></strong></span> <span class='ocrx_word' id='word_1_292' title='bbox 1520 2425 1847 2494; x_wconf 82' lang='grc' dir='ltr'>πρόσωπον</span> 
     </span>
    </p>
   </div>
   <div class='ocr_carea' id='block_1_42' title="bbox 243 2513 1845 2589">
    <p class='ocr_par' dir='ltr' id='par_1_42' title="bbox 243 2513 1845 2589">
     <span class='ocr_line' id='line_1_42' title="bbox 243 2513 1845 2589; baseline -0.002 -16"><span class='ocrx_word' id='word_1_293' title='bbox 243 2519 315 2573; x_wconf 77' lang='grc' dir='ltr'>δὲ</span> <span class='ocrx_word' id='word_1_294' title='bbox 345 2519 632 2586; x_wconf 78' lang='grc' dir='ltr'>ἀναιδὲς,</span> <span class='ocrx_word' id='word_1_295' title='bbox 663 2514 956 2589; x_wconf 67' lang='grc' dir='ltr'>γλῶσσαν</span> <span class='ocrx_word' id='word_1_296' title='bbox 996 2513 1256 2584; x_wconf 81' lang='grc' dir='ltr'>ἐρεθίζει.</span> <span class='ocrx_word' id='word_1_297' title='bbox 1275 2513 1348 2566; x_wconf 84' lang='grc' dir='ltr'><strong>Τὸ</strong></span> <span class='ocrx_word' id='word_1_298' title='bbox 1379 2514 1499 2584; x_wconf 80' lang='grc' dir='ltr'>μὲν,</span> <span class='ocrx_word' id='word_1_299' title='bbox 1525 2514 1683 2585; x_wconf 86' lang='grc' dir='ltr'>δίκην</span> <span class='ocrx_word' id='word_1_300' title='bbox 1711 2516 1845 2571; x_wconf 80' lang='grc' dir='ltr'><strong>ἀνέ-</strong></span> 
     </span>
    </p>
   </div>
   <div class='ocr_carea' id='block_1_43' title="bbox 249 2605 1845 2682">
    <p class='ocr_par' dir='ltr' id='par_1_43' title="bbox 249 2605 1845 2682">
     <span class='ocr_line' id='line_1_43' title="bbox 249 2605 1845 2682; baseline -0.003 -18"><span class='ocrx_word' id='word_1_301' title='bbox 249 2628 351 2680; x_wconf 88' lang='grc' dir='ltr'><strong>μου</strong></span> <span class='ocrx_word' id='word_1_302' title='bbox 402 2609 617 2682; x_wconf 80' lang='grc' dir='ltr'>βορέου,</span> <span class='ocrx_word' id='word_1_303' title='bbox 679 2609 949 2679; x_wconf 75' lang='grc' dir='ltr'>χειμάζον</span> <span class='ocrx_word' id='word_1_304' title='bbox 976 2607 1075 2670; x_wconf 80' lang='grc' dir='ltr'>τὰς</span> <span class='ocrx_word' id='word_1_305' title='bbox 1103 2605 1283 2676; x_wconf 78' lang='grc' dir='ltr'>ψυχὰς</span> <span class='ocrx_word' id='word_1_306' title='bbox 1318 2605 1559 2675; x_wconf 71' lang='grc' dir='ltr'>πονηρὸν</span> <span class='ocrx_word' id='word_1_307' title='bbox 1606 2605 1845 2676; x_wconf 86' lang='grc' dir='ltr'>πνεῦμα,</span> 
     </span>
    </p>
   </div>
   <div class='ocr_carea' id='block_1_44' title="bbox 249 2696 1849 2773">
    <p class='ocr_par' dir='ltr' id='par_1_44' title="bbox 249 2696 1849 2773">
     <span class='ocr_line' id='line_1_44' title="bbox 249 2696 1849 2773; baseline -0.003 -17"><span class='ocrx_word' id='word_1_308' title='bbox 249 2701 476 2773; x_wconf 81' lang='grc' dir='ltr'><strong>ζοφώδη</strong></span> <span class='ocrx_word' id='word_1_309' title='bbox 507 2701 675 2773; x_wconf 83' lang='grc' dir='ltr'>πάθη,</span> <span class='ocrx_word' id='word_1_310' title='bbox 704 2701 780 2764; x_wconf 82' lang='grc' dir='ltr'><strong>ῶς</strong></span> <span class='ocrx_word' id='word_1_311' title='bbox 810 2716 930 2754; x_wconf 88' lang='grc' dir='ltr'>τινα</span> <span class='ocrx_word' id='word_1_312' title='bbox 960 2698 1096 2769; x_wconf 82' lang='grc' dir='ltr'>νέφη</span> <span class='ocrx_word' id='word_1_313' title='bbox 1119 2735 1135 2761; x_wconf 93' lang='grc'><strong>,</strong></span> <span class='ocrx_word' id='word_1_314' title='bbox 1166 2696 1446 2767; x_wconf 73' lang='grc' dir='ltr'>ἐπεγείρει</span> <span class='ocrx_word' id='word_1_315' title='bbox 1472 2696 1684 2761; x_wconf 82' lang='grc' dir='ltr'>αὐταῖς,</span> <span class='ocrx_word' id='word_1_316' title='bbox 1717 2698 1849 2753; x_wconf 87' lang='grc' dir='ltr'>ταύ-</span> 
     </span>
    </p>
   </div>
   <div class='ocr_carea' id='block_1_45' title="bbox 250 2789 1848 2863">
    <p class='ocr_par' dir='ltr' id='par_1_45' title="bbox 250 2789 1848 2863">
     <span class='ocr_line' id='line_1_45' title="bbox 250 2789 1848 2863; baseline -0.003 -14"><span class='ocrx_word' id='word_1_317' title='bbox 250 2810 350 2860; x_wconf 83' lang='grc' dir='ltr'><strong>τας</strong></span> <span class='ocrx_word' id='word_1_318' title='bbox 382 2795 732 2860; x_wconf 77' lang='grc' dir='ltr'>σκοτίζοντα,</span> <span class='ocrx_word' id='word_1_319' title='bbox 763 2794 859 2847; x_wconf 80' lang='grc' dir='ltr'>καὶ</span> <span class='ocrx_word' id='word_1_320' title='bbox 892 2791 967 2863; x_wconf 86' lang='grc' dir='ltr'>μὴ</span> <span class='ocrx_word' id='word_1_321' title='bbox 997 2791 1176 2845; x_wconf 77' lang='grc' dir='ltr'>ἐῶντα</span> <span class='ocrx_word' id='word_1_322' title='bbox 1223 2791 1343 2854; x_wconf 86' lang='grc' dir='ltr'>ταῖς</span> <span class='ocrx_word' id='word_1_323' title='bbox 1395 2790 1578 2843; x_wconf 82' lang='grc' dir='ltr'>ἀκτῖσι</span> <span class='ocrx_word' id='word_1_324' title='bbox 1625 2789 1720 2844; x_wconf 87' lang='grc' dir='ltr'><strong>τοῦ</strong></span> <span class='ocrx_word' id='word_1_325' title='bbox 1749 2792 1848 2861; x_wconf 87' lang='grc' dir='ltr'>τῆς</span> 
     </span>
    </p>
   </div>
   <div class='ocr_carea' id='block_1_46' title="bbox 251 2880 1849 2958">
    <p class='ocr_par' dir='ltr' id='par_1_46' title="bbox 251 2880 1849 2958">
     <span class='ocr_line' id='line_1_46' title="bbox 251 2880 1849 2958; baseline -0.005 -17"><span class='ocrx_word' id='word_1_326' title='bbox 251 2886 607 2958; x_wconf 82' lang='grc' dir='ltr'>δικαιοσύνης</span> <span class='ocrx_word' id='word_1_327' title='bbox 621 2885 803 2940; x_wconf 82' lang='grc' dir='ltr'>Ἡλίου</span> <span class='ocrx_word' id='word_1_328' title='bbox 840 2882 1317 2953; x_wconf 78' lang='grc' dir='ltr'>καταυγασθῆναιο</span> <span class='ocrx_word' id='word_1_329' title='bbox 1355 2882 1384 2934; x_wconf 86' lang='grc' dir='ltr'>ὁ</span> <span class='ocrx_word' id='word_1_330' title='bbox 1413 2880 1471 2933; x_wconf 85' lang='grc' dir='ltr'>δὲ</span> <span class='ocrx_word' id='word_1_331' title='bbox 1505 2880 1849 2953; x_wconf 86' lang='grc' dir='ltr'>χαρακτηρί-</span> 
     </span>
    </p>
   </div>
   <div class='ocr_carea' id='block_1_47' title="bbox 254 2964 1847 3050">
    <p class='ocr_par' dir='ltr' id='par_1_47' title="bbox 254 2964 1847 3050">
     <span class='ocr_line' id='line_1_47' title="bbox 254 2964 1847 3050; baseline -0.006 -16"><span class='ocrx_word' id='word_1_332' title='bbox 254 2977 364 3045; x_wconf 79' lang='grc' dir='ltr'>ζων</span> <span class='ocrx_word' id='word_1_333' title='bbox 410 2979 512 3050; x_wconf 80' lang='grc' dir='ltr'>τὴν</span> <span class='ocrx_word' id='word_1_334' title='bbox 559 2976 1023 3049; x_wconf 75' lang='grc' dir='ltr'>ἐγκεκρυμμένην</span> <span class='ocrx_word' id='word_1_335' title='bbox 1055 2964 1310 3044; x_wconf 79' lang='grc' dir='ltr'>τῇ’ψυχῇ</span> <span class='ocrx_word' id='word_1_336' title='bbox 1343 2971 1587 3026; x_wconf 88' lang='grc' dir='ltr'>διάθεσιν</span> <span class='ocrx_word' id='word_1_337' title='bbox 1617 2970 1752 3042; x_wconf 86' lang='grc' dir='ltr'>βίος,</span> <span class='ocrx_word' id='word_1_338' title='bbox 1778 2973 1847 3043; x_wconf 79' lang='grc' dir='ltr'>τῇ</span> 
     </span>
    </p>
   </div>
   <div class='ocr_carea' id='block_1_48' title="bbox 248 3062 1849 3147">
    <p class='ocr_par' dir='ltr' id='par_1_48' title="bbox 248 3062 1849 3147">
     <span class='ocr_line' id='line_1_48' title="bbox 248 3062 1849 3147; baseline -0.004 -23"><span class='ocrx_word' id='word_1_339' title='bbox 248 3072 347 3147; x_wconf 69' lang='grc' dir='ltr'>ἐπὶ</span> <span class='ocrx_word' id='word_1_340' title='bbox 372 3073 490 3136; x_wconf 87' lang='grc' dir='ltr'>τοῖς</span> <span class='ocrx_word' id='word_1_341' title='bbox 516 3072 763 3142; x_wconf 75' lang='grc' dir='ltr'>αἰσχροῖς</span> <span class='ocrx_word' id='word_1_342' title='bbox 790 3067 977 3139; x_wconf 77' lang='grc' dir='ltr'>ἔργοις</span> <span class='ocrx_word' id='word_1_343' title='bbox 1012 3066 1249 3136; x_wconf 80' lang='grc' dir='ltr'>αἰσχύνῃ</span> <span class='ocrx_word' id='word_1_344' title='bbox 1274 3064 1412 3127; x_wconf 82' lang='grc' dir='ltr'>ὅλως</span> <span class='ocrx_word' id='word_1_345' title='bbox 1443 3062 1521 3134; x_wconf 83' lang='grc' dir='ltr'>μὴ</span> <span class='ocrx_word' id='word_1_346' title='bbox 1544 3063 1849 3133; x_wconf 86' lang='grc' dir='ltr'>περικαλυ-</span> 
     </span>
    </p>
   </div>
   <div class='ocr_carea' id='block_1_49' title="bbox 253 3153 1851 3232">
    <p class='ocr_par' dir='ltr' id='par_1_49' title="bbox 253 3153 1851 3232">
     <span class='ocr_line' id='line_1_49' title="bbox 253 3153 1851 3232; baseline -0.003 -17"><span class='ocrx_word' id='word_1_347' title='bbox 253 3162 552 3232; x_wconf 82' lang='grc' dir='ltr'>πτόμενος,</span> <span class='ocrx_word' id='word_1_348' title='bbox 584 3162 666 3224; x_wconf 84' lang='grc' dir='ltr'><strong>εἰς</strong></span> <span class='ocrx_word' id='word_1_349' title='bbox 699 3158 798 3231; x_wconf 84' lang='grc' dir='ltr'>τὴν</span> <span class='ocrx_word' id='word_1_350' title='bbox 840 3157 1040 3212; x_wconf 87' lang='grc' dir='ltr'>ἐαυτοῦ</span> <span class='ocrx_word' id='word_1_351' title='bbox 1085 3155 1403 3228; x_wconf 82' lang='grc' dir='ltr'>παραθήγει</span> <span class='ocrx_word' id='word_1_352' title='bbox 1451 3153 1709 3228; x_wconf 78' lang='grc' dir='ltr'>διαϐολὴν</span> <span class='ocrx_word' id='word_1_353' title='bbox 1750 3155 1851 3229; x_wconf 79' lang='grc' dir='ltr'>τὴν</span> 
     </span>
    </p>
   </div>
   <div class='ocr_carea' id='block_1_50' title="bbox 254 3248 1141 3321">
    <p class='ocr_par' dir='ltr' id='par_1_50' title="bbox 254 3248 1141 3321">
     <span class='ocr_line' id='line_1_50' title="bbox 254 3248 1141 3321; baseline -0.007 -14"><span class='ocrx_word' id='word_1_354' title='bbox 254 3251 509 3321; x_wconf 86' lang='grc' dir='ltr'>γλῶτταν</span> <span class='ocrx_word' id='word_1_355' title='bbox 544 3249 639 3306; x_wconf 88' lang='grc' dir='ltr'><strong>τοῦ</strong></span> <span class='ocrx_word' id='word_1_356' title='bbox 675 3249 918 3321; x_wconf 80' lang='grc' dir='ltr'>ὁρῶντος</span> <span class='ocrx_word' id='word_1_357' title='bbox 956 3248 1141 3302; x_wconf 74' lang='grc' dir='ltr'>αὐτόν.</span> 
     </span>
    </p>
   </div>
   <div class='ocr_carea' id='block_1_51' title="bbox 324 3339 1850 3411">
    <p class='ocr_par' dir='ltr' id='par_1_51' title="bbox 324 3339 1850 3411">
     <span class='ocr_line' id='line_1_51' title="bbox 324 3339 1850 3411; baseline -0.001 -14"><span class='ocrx_word' id='word_1_358' title='bbox 324 3343 431 3398; x_wconf 87' lang='grc' dir='ltr'>κδ’.</span> <span class='ocrx_word' id='word_1_359' title='bbox 470 3341 777 3411; x_wconf 82' lang='grc' dir='ltr'>Κρεῗσσον</span> <span class='ocrx_word' id='word_1_360' title='bbox 821 3339 1010 3395; x_wconf 73' lang='grc' dir='ltr'>οἰκεῖν</span> <span class='ocrx_word' id='word_1_361' title='bbox 1054 3339 1154 3394; x_wconf 73' lang='grc' dir='ltr'><strong>ἐ.τί</strong></span> <span class='ocrx_word' id='word_1_362' title='bbox 1203 3341 1426 3410; x_wconf 76' lang='grc' dir='ltr'>γωνίας</span> <span class='ocrx_word' id='word_1_363' title='bbox 1480 3339 1768 3410; x_wconf 82' lang='grc' dir='ltr'>δώματος,</span> <span class='ocrx_word' id='word_1_364' title='bbox 1810 3340 1850 3409; x_wconf 79' lang='grc' dir='ltr'>ἢ</span> 
     </span>
    </p>
   </div>
   <div class='ocr_carea' id='block_1_52' title="bbox 255 3432 1852 3506">
    <p class='ocr_par' dir='ltr' id='par_1_52' title="bbox 255 3432 1852 3506">
     <span class='ocr_line' id='line_1_52' title="bbox 255 3432 1852 3506; baseline -0.001 -17"><span class='ocrx_word' id='word_1_365' title='bbox 255 3433 405 3506; x_wconf 83' lang='grc' dir='ltr'>μετὰ</span> <span class='ocrx_word' id='word_1_366' title='bbox 436 3432 725 3503; x_wconf 71' lang='grc' dir='ltr'>γυναικὸς</span> <span class='ocrx_word' id='word_1_367' title='bbox 748 3432 1030 3502; x_wconf 77' lang='grc' dir='ltr'>λοιδόρου</span> <span class='ocrx_word' id='word_1_368' title='bbox 1077 3433 1150 3488; x_wconf 78' lang='grc' dir='ltr'><strong>ἐν</strong></span> <span class='ocrx_word' id='word_1_369' title='bbox 1190 3435 1352 3504; x_wconf 79' lang='grc' dir='ltr'>οἰκίᾳ</span> <span class='ocrx_word' id='word_1_370' title='bbox 1377 3433 1575 3504; x_wconf 78' lang='grc' dir='ltr'>κοινῇ.</span> <span class='ocrx_word' id='word_1_371' title='bbox 1617 3434 1852 3489; x_wconf 81' lang='grc' dir='ltr'>Κάλλιον</span> 
     </span>
    </p>
   </div>
   <div class='ocr_carea' id='block_1_53' title="bbox 255 3523 1851 3598">
    <p class='ocr_par' dir='ltr' id='par_1_53' title="bbox 255 3523 1851 3598">
     <span class='ocr_line' id='line_1_53' title="bbox 255 3523 1851 3598; baseline -0.001 -19"><span class='ocrx_word' id='word_1_372' title='bbox 255 3524 608 3596; x_wconf 79' lang='grc' dir='ltr'>ἀσυγκρίτως</span> <span class='ocrx_word' id='word_1_373' title='bbox 637 3525 758 3579; x_wconf 78' lang='grc' dir='ltr'>ἐστὶ</span> <span class='ocrx_word' id='word_1_374' title='bbox 786 3523 1132 3598; x_wconf 83' lang='grc' dir='ltr'>παραμένειν</span> <span class='ocrx_word' id='word_1_375' title='bbox 1166 3524 1245 3596; x_wconf 85' lang='grc' dir='ltr'>τῷ</span> <span class='ocrx_word' id='word_1_376' title='bbox 1276 3526 1604 3581; x_wconf 84' lang='grc' dir='ltr'>συνάπτοντι</span> <span class='ocrx_word' id='word_1_377' title='bbox 1646 3524 1725 3597; x_wconf 78' lang='grc' dir='ltr'>τῷ</span> <span class='ocrx_word' id='word_1_378' title='bbox 1771 3524 1851 3578; x_wconf 79' lang='grc' dir='ltr'>νοῒ</span> 
     </span>
    </p>
   </div>
   <div class='ocr_carea' id='block_1_54' title="bbox 151 3612 1852 3687">
    <p class='ocr_par' dir='ltr' id='par_1_54' title="bbox 151 3612 1852 3687">
     <span class='ocr_line' id='line_1_54' title="bbox 151 3612 1852 3687; baseline 0 -19"><span class='ocrx_word' id='word_1_379' title='bbox 151 3638 163 3649; x_wconf 82' lang='grc'><strong>·</strong></span> <span class='ocrx_word' id='word_1_380' title='bbox 256 3612 355 3686; x_wconf 81' lang='grc' dir='ltr'>τὴν</span> <span class='ocrx_word' id='word_1_381' title='bbox 383 3612 638 3685; x_wconf 78' lang='grc' dir='ltr'>αἴσθησιν</span> <span class='ocrx_word' id='word_1_382' title='bbox 671 3613 848 3686; x_wconf 85' lang='grc' dir='ltr'>λόγῳ,</span> <span class='ocrx_word' id='word_1_383' title='bbox 878 3615 955 3679; x_wconf 84' lang='grc' dir='ltr'><strong>ὡς</strong></span> <span class='ocrx_word' id='word_1_384' title='bbox 990 3614 1047 3669; x_wconf 76' lang='grc' dir='ltr'><strong>έν</strong></span> <span class='ocrx_word' id='word_1_385' title='bbox 1083 3632 1190 3669; x_wconf 89' lang='grc' dir='ltr'>τινι</span> <span class='ocrx_word' id='word_1_386' title='bbox 1216 3616 1391 3687; x_wconf 80' lang='grc' dir='ltr'>γωνίᾳ</span> <span class='ocrx_word' id='word_1_387' title='bbox 1419 3614 1675 3680; x_wconf 84' lang='grc' dir='ltr'>εὐτελοῦς</span> <span class='ocrx_word' id='word_1_388' title='bbox 1705 3632 1852 3680; x_wconf 81' lang='grc' dir='ltr'>τινος</span> 
     </span>
    </p>
   </div>
   <div class='ocr_carea' id='block_1_55' title="bbox 256 3706 1851 3780">
    <p class='ocr_par' dir='ltr' id='par_1_55' title="bbox 256 3706 1851 3780">
     <span class='ocr_line' id='line_1_55' title="bbox 256 3706 1851 3780; baseline -0.002 -18"><span class='ocrx_word' id='word_1_389' title='bbox 256 3706 651 3778; x_wconf 80' lang='grc' dir='ltr'>καταλύματος</span> <span class='ocrx_word' id='word_1_390' title='bbox 680 3707 779 3761; x_wconf 88' lang='grc' dir='ltr'><strong>τοῦ</strong></span> <span class='ocrx_word' id='word_1_391' title='bbox 810 3706 1141 3778; x_wconf 80' lang='grc' dir='ltr'>φαινομένου</span> <span class='ocrx_word' id='word_1_392' title='bbox 1191 3707 1424 3779; x_wconf 85' lang='grc' dir='ltr'>κόσμου,</span> <span class='ocrx_word' id='word_1_393' title='bbox 1462 3708 1494 3780; x_wconf 83' lang='grc' dir='ltr'><strong>ἦ</strong></span> <span class='ocrx_word' id='word_1_394' title='bbox 1543 3708 1602 3763; x_wconf 81' lang='grc' dir='ltr'><strong>ἐν</strong></span> <span class='ocrx_word' id='word_1_395' title='bbox 1628 3707 1737 3778; x_wconf 80' lang='grc' dir='ltr'><strong>ὅλῳ</strong></span> <span class='ocrx_word' id='word_1_396' title='bbox 1770 3706 1851 3780; x_wconf 83' lang='grc' dir='ltr'>τῷ</span> 
     </span>
    </p>
   </div>
   <div class='ocr_carea' id='block_1_56' title="bbox 256 3798 1851 3879">
    <p class='ocr_par' dir='ltr' id='par_1_56' title="bbox 256 3798 1851 3879">
     <span class='ocr_line' id='line_1_56' title="bbox 256 3798 1851 3879; baseline -0.001 -26"><span class='ocrx_word' id='word_1_397' title='bbox 256 3799 474 3871; x_wconf 78' lang='grc' dir='ltr'>κόσμῳ,</span> <span class='ocrx_word' id='word_1_398' title='bbox 510 3801 568 3863; x_wconf 81' lang='grc' dir='ltr'>ὅς</span> <span class='ocrx_word' id='word_1_399' title='bbox 603 3801 720 3853; x_wconf 83' lang='grc' dir='ltr'>ἐστι</span> <span class='ocrx_word' id='word_1_400' title='bbox 766 3799 946 3853; x_wconf 82' lang='grc' dir='ltr'>κοινὸν</span> <span class='ocrx_word' id='word_1_401' title='bbox 986 3798 1335 3879; x_wconf 82' lang='grc' dir='ltr'>καταγώγιον</span> <span class='ocrx_word' id='word_1_402' title='bbox 1378 3798 1471 3852; x_wconf 88' lang='grc' dir='ltr'><strong>τοῦ</strong></span> <span class='ocrx_word' id='word_1_403' title='bbox 1505 3816 1565 3853; x_wconf 86' lang='grc' dir='ltr'><strong>τε</strong></span> <span class='ocrx_word' id='word_1_404' title='bbox 1595 3798 1715 3879; x_wconf 43' lang='lat' dir='ltr'><strong>vola;</strong></span> <span class='ocrx_word' id='word_1_405' title='bbox 1755 3799 1851 3854; x_wconf 71' lang='grc' dir='ltr'>καὶ</span> 
     </span>
    </p>
   </div>
   <div class='ocr_carea' id='block_1_57' title="bbox 254 3878 1850 3960">
    <p class='ocr_par' dir='ltr' id='par_1_57' title="bbox 254 3878 1850 3960">
     <span class='ocr_line' id='line_1_57' title="bbox 254 3878 1850 3960; baseline 0 -18"><span class='ocrx_word' id='word_1_406' title='bbox 254 3889 353 3960; x_wconf 83' lang='grc' dir='ltr'>τῆς</span> <span class='ocrx_word' id='word_1_407' title='bbox 387 3888 694 3960; x_wconf 83' lang='grc' dir='ltr'>αἰσθήσεως</span> <span class='ocrx_word' id='word_1_408' title='bbox 715 3905 729 3919; x_wconf 84' lang='grc'><strong>-</strong></span> <span class='ocrx_word' id='word_1_409' title='bbox 777 3884 869 3942; x_wconf 78' lang='grc' dir='ltr'>οἷα</span> <span class='ocrx_word' id='word_1_410' title='bbox 903 3878 1430 3958; x_wconf 82' lang='grc' dir='ltr'>ἐπαναπαυομένων,</span> <span class='ocrx_word' id='word_1_411' title='bbox 1462 3887 1557 3942; x_wconf 87' lang='grc' dir='ltr'><strong>τοῦ</strong></span> <span class='ocrx_word' id='word_1_412' title='bbox 1591 3878 1691 3958; x_wconf 83' lang='grc' dir='ltr'>μὲν</span> <span class='ocrx_word' id='word_1_413' title='bbox 1723 3889 1850 3954; x_wconf 82' lang='grc' dir='ltr'>νοὸς</span> 
     </span>
    </p>
   </div>
   <div class='ocr_carea' id='block_1_58' title="bbox 256 3978 1850 4051">
    <p class='ocr_par' dir='ltr' id='par_1_58' title="bbox 256 3978 1850 4051">
     <span class='ocr_line' id='line_1_58' title="bbox 256 3978 1850 4051; baseline -0.001 -17"><span class='ocrx_word' id='word_1_414' title='bbox 256 3983 368 4045; x_wconf 84' lang='grc' dir='ltr'>τοῖς</span> <span class='ocrx_word' id='word_1_415' title='bbox 419 3980 601 4050; x_wconf 85' lang='grc' dir='ltr'>λόγοις</span> <span class='ocrx_word' id='word_1_416' title='bbox 630 3980 741 4035; x_wconf 88' lang='grc' dir='ltr'><strong>τῶν</strong></span> <span class='ocrx_word' id='word_1_417' title='bbox 778 3981 1146 4051; x_wconf 79' lang='grc' dir='ltr'>φαινομένων,</span> <span class='ocrx_word' id='word_1_418' title='bbox 1177 3982 1277 4051; x_wconf 80' lang='grc' dir='ltr'>τῆς</span> <span class='ocrx_word' id='word_1_419' title='bbox 1324 3978 1368 4032; x_wconf 82' lang='grc' dir='ltr'>δ’</span> <span class='ocrx_word' id='word_1_420' title='bbox 1395 3979 1704 4050; x_wconf 79' lang='grc' dir='ltr'>αίσθήσεως</span> <span class='ocrx_word' id='word_1_421' title='bbox 1737 3980 1850 4046; x_wconf 81' lang='grc' dir='ltr'>τοῖς</span> 
     </span>
    </p>
   </div>
   <div class='ocr_carea' id='block_1_59' title="bbox 256 4064 1848 4153">
    <p class='ocr_par' dir='ltr' id='par_1_59' title="bbox 256 4064 1848 4153">
     <span class='ocr_line' id='line_1_59' title="bbox 256 4064 1848 4153; baseline 0.001 -27"><span class='ocrx_word' id='word_1_422' title='bbox 256 4064 455 4137; x_wconf 81' lang='grc' dir='ltr'>τύποις</span> <span class='ocrx_word' id='word_1_423' title='bbox 501 4074 611 4127; x_wconf 87' lang='grc' dir='ltr'><strong>τῶν</strong></span> <span class='ocrx_word' id='word_1_424' title='bbox 658 4073 965 4144; x_wconf 79' lang='grc' dir='ltr'>νοουμένων</span> <span class='ocrx_word' id='word_1_425' title='bbox 1017 4072 1431 4153; x_wconf 50' lang='grc' dir='ltr'>συνδιατρίϐειν·</span> <span class='ocrx_word' id='word_1_426' title='bbox 1465 4072 1560 4127; x_wconf 80' lang='grc' dir='ltr'>τὸν</span> <span class='ocrx_word' id='word_1_427' title='bbox 1603 4072 1733 4127; x_wconf 85' lang='grc' dir='ltr'>νοῦν</span> <span class='ocrx_word' id='word_1_428' title='bbox 1779 4076 1848 4146; x_wconf 71' lang='grc' dir='ltr'>τῇ</span> 
     </span>
    </p>
   </div>
   <div class='ocr_carea' id='block_1_60' title="bbox 257 4154 1850 4238">
    <p class='ocr_par' dir='ltr' id='par_1_60' title="bbox 257 4154 1850 4238">
     <span class='ocr_line' id='line_1_60' title="bbox 257 4154 1850 4238; baseline 0.001 -21"><span class='ocrx_word' id='word_1_429' title='bbox 257 4161 549 4219; x_wconf 79' lang='grc' dir='ltr'>διαϐαλλού</span> <span class='ocrx_word' id='word_1_430' title='bbox 559 4178 626 4238; x_wconf 76' lang='grc' dir='ltr'>σῃ</span> <span class='ocrx_word' id='word_1_431' title='bbox 648 4165 738 4219; x_wconf 83' lang='grc' dir='ltr'><strong>διά</strong></span> <span class='ocrx_word' id='word_1_432' title='bbox 758 4164 859 4236; x_wconf 82' lang='grc' dir='ltr'>τῆς</span> <span class='ocrx_word' id='word_1_433' title='bbox 884 4166 1099 4237; x_wconf 81' lang='grc' dir='ltr'>ἀπάτης</span> <span class='ocrx_word' id='word_1_434' title='bbox 1118 4165 1228 4219; x_wconf 83' lang='grc' dir='ltr'><strong>τῶν</strong></span> <span class='ocrx_word' id='word_1_435' title='bbox 1252 4154 1593 4236; x_wconf 73' lang='grc' dir='ltr'>φαινομένων</span> <span class='ocrx_word' id='word_1_436' title='bbox 1615 4165 1681 4219; x_wconf 86' lang='grc' dir='ltr'><strong>τά</strong></span> <span class='ocrx_word' id='word_1_437' title='bbox 1700 4165 1850 4221; x_wconf 78' lang='grc' dir='ltr'>νοούο</span> 
     </span>
    </p>
   </div>
   <div class='ocr_carea' id='block_1_61' title="bbox 260 4254 1846 4327">
    <p class='ocr_par' dir='ltr' id='par_1_61' title="bbox 260 4254 1846 4327">
     <span class='ocr_line' id='line_1_61' title="bbox 260 4254 1846 4327; baseline 0.003 -21"><span class='ocrx_word' id='word_1_438' title='bbox 260 4269 403 4324; x_wconf 84' lang='grc' dir='ltr'>μενα.</span> <span class='ocrx_word' id='word_1_439' title='bbox 430 4254 701 4325; x_wconf 79' lang='grc' dir='ltr'>αἰσθήσει,</span> <span class='ocrx_word' id='word_1_440' title='bbox 735 4254 1031 4309; x_wconf 78' lang='grc' dir='ltr'>κάντεῦθεν</span> <span class='ocrx_word' id='word_1_441' title='bbox 1074 4256 1187 4319; x_wconf 84' lang='grc' dir='ltr'>τοῖς</span> <span class='ocrx_word' id='word_1_442' title='bbox 1234 4254 1425 4318; x_wconf 84' lang='grc' dir='ltr'>τύποις</span> <span class='ocrx_word' id='word_1_443' title='bbox 1472 4255 1846 4327; x_wconf 82' lang='grc' dir='ltr'>ἐναπομένειν,</span> 
     </span>
    </p>
   </div>
   <div class='ocr_carea' id='block_1_62' title="bbox 257 4344 1719 4417">
    <p class='ocr_par' dir='ltr' id='par_1_62' title="bbox 257 4344 1719 4417">
     <span class='ocr_line' id='line_1_62' title="bbox 257 4344 1719 4417; baseline 0.002 -20"><span class='ocrx_word' id='word_1_444' title='bbox 257 4345 354 4398; x_wconf 78' lang='grc' dir='ltr'>καὶ</span> <span class='ocrx_word' id='word_1_445' title='bbox 397 4345 472 4417; x_wconf 83' lang='grc' dir='ltr'>μὴ</span> <span class='ocrx_word' id='word_1_446' title='bbox 509 4344 810 4399; x_wconf 80' lang='grc' dir='ltr'>διαϐαίνειν</span> <span class='ocrx_word' id='word_1_447' title='bbox 847 4345 985 4415; x_wconf 80' lang='grc' dir='ltr'>πρὸς</span> <span class='ocrx_word' id='word_1_448' title='bbox 1021 4344 1122 4417; x_wconf 80' lang='grc' dir='ltr'>τὴν</span> <span class='ocrx_word' id='word_1_449' title='bbox 1159 4348 1218 4398; x_wconf 76' lang='grc' dir='ltr'><strong>ἐν</strong></span> <span class='ocrx_word' id='word_1_450' title='bbox 1254 4346 1400 4406; x_wconf 86' lang='grc' dir='ltr'>ὅλοις</span> <span class='ocrx_word' id='word_1_451' title='bbox 1439 4346 1719 4417; x_wconf 79' lang='grc' dir='ltr'>ἀλήθειαν.</span> 
     </span>
    </p>
   </div>
   <div class='ocr_carea' id='block_1_63' title="bbox 1947 1866 3533 1941">
    <p class='ocr_par' dir='ltr' id='par_1_63' title="bbox 1947 1866 3533 1941">
     <span class='ocr_line' id='line_1_63' title="bbox 1947 1866 3533 1941; baseline -0.001 -16"><span class='ocrx_word' id='word_1_452' title='bbox 1947 1869 2365 1941; x_wconf 79' lang='lat' dir='ltr'><strong>redarguentes,</strong></span> <span class='ocrx_word' id='word_1_453' title='bbox 2396 1869 2583 1924; x_wconf 87' lang='lat' dir='ltr'><strong>odium</strong></span> <span class='ocrx_word' id='word_1_454' title='bbox 2633 1870 2756 1938; x_wconf 83' lang='lat' dir='ltr'><strong>ejus</strong></span> <span class='ocrx_word' id='word_1_455' title='bbox 2814 1868 2867 1924; x_wconf 92' lang='lat' dir='ltr'><strong>in</strong></span> <span class='ocrx_word' id='word_1_456' title='bbox 2924 1878 2978 1924; x_wconf 90' lang='lat' dir='ltr'><strong>te</strong></span> <span class='ocrx_word' id='word_1_457' title='bbox 3006 1876 3352 1924; x_wconf 86' lang='lat' dir='ltr'><strong>consument.</strong></span> <span class='ocrx_word' id='word_1_458' title='bbox 3389 1866 3533 1923; x_wconf 82' lang='lat' dir='ltr'><strong>Deus</strong></span> 
     </span>
    </p>
   </div>
   <div class='ocr_carea' id='block_1_64' title="bbox 1948 1957 3532 2032">
    <p class='ocr_par' dir='ltr' id='par_1_64' title="bbox 1948 1957 3532 2032">
     <span class='ocr_line' id='line_1_64' title="bbox 1948 1957 3532 2032; baseline -0.002 -17"><span class='ocrx_word' id='word_1_459' title='bbox 1948 1968 2156 2025; x_wconf 85' lang='lat' dir='ltr'><strong>autem,</strong></span> <span class='ocrx_word' id='word_1_460' title='bbox 2187 1961 2319 2032; x_wconf 83' lang='lat' dir='ltr'><strong>quia</strong></span> <span class='ocrx_word' id='word_1_461' title='bbox 2347 1975 2454 2014; x_wconf 91' lang='lat' dir='ltr'><strong>non</strong></span> <span class='ocrx_word' id='word_1_462' title='bbox 2489 1959 2668 2014; x_wconf 83' lang='lat' dir='ltr'><strong>victus</strong></span> <span class='ocrx_word' id='word_1_463' title='bbox 2705 1960 2856 2014; x_wconf 87' lang='lat' dir='ltr'><strong>fuisti</strong></span> <span class='ocrx_word' id='word_1_464' title='bbox 2899 1959 3028 2014; x_wconf 89' lang='lat' dir='ltr'><strong>odio</strong></span> <span class='ocrx_word' id='word_1_465' title='bbox 3079 1957 3268 2012; x_wconf 77' lang='lat' dir='ltr'><strong>fratris</strong></span> <span class='ocrx_word' id='word_1_466' title='bbox 3295 1959 3349 2012; x_wconf 91' lang='lat' dir='ltr'><strong>in</strong></span> <span class='ocrx_word' id='word_1_467' title='bbox 3382 1969 3434 2012; x_wconf 91' lang='lat' dir='ltr'><strong>te</strong></span> <span class='ocrx_word' id='word_1_468' title='bbox 3461 1973 3532 2012; x_wconf 73' lang='lat' dir='ltr'><strong>ex</strong></span> 
     </span>
    </p>
   </div>
   <div class='ocr_carea' id='block_1_65' title="bbox 1947 2049 3531 2114">
    <p class='ocr_par' dir='ltr' id='par_1_65' title="bbox 1947 2049 3531 2114">
     <span class='ocr_line' id='line_1_65' title="bbox 1947 2049 3531 2114; baseline -0.001 -8"><span class='ocrx_word' id='word_1_469' title='bbox 1947 2050 2152 2106; x_wconf 89' lang='lat' dir='ltr'><strong>damno</strong></span> <span class='ocrx_word' id='word_1_470' title='bbox 2182 2049 2418 2114; x_wconf 70' lang='lat' dir='ltr'><strong>Sataum,</strong></span> <span class='ocrx_word' id='word_1_471' title='bbox 2452 2052 2545 2107; x_wconf 89' lang='lat' dir='ltr'><strong>sed</strong></span> <span class='ocrx_word' id='word_1_472' title='bbox 2592 2068 2622 2105; x_wconf 93' lang='lat' dir='ltr'><strong>e</strong></span> <span class='ocrx_word' id='word_1_473' title='bbox 2671 2063 2863 2105; x_wconf 89' lang='lat' dir='ltr'><strong>contra</strong></span> <span class='ocrx_word' id='word_1_474' title='bbox 2918 2051 3107 2105; x_wconf 79' lang='lat' dir='ltr'><strong>odium</strong></span> <span class='ocrx_word' id='word_1_475' title='bbox 3165 2050 3298 2105; x_wconf 90' lang='lat' dir='ltr'><strong>illud</strong></span> <span class='ocrx_word' id='word_1_476' title='bbox 3344 2051 3531 2105; x_wconf 84' lang='lat' dir='ltr'><strong>chari-</strong></span> 
     </span>
    </p>
   </div>
   <div class='ocr_carea' id='block_1_66' title="bbox 1948 2140 3530 2208">
    <p class='ocr_par' dir='ltr' id='par_1_66' title="bbox 1948 2140 3530 2208">
     <span class='ocr_line' id='line_1_66' title="bbox 1948 2140 3530 2208; baseline 0.002 -14"><span class='ocrx_word' id='word_1_477' title='bbox 1948 2146 2062 2196; x_wconf 88' lang='lat' dir='ltr'><strong>tate</strong></span> <span class='ocrx_word' id='word_1_478' title='bbox 2102 2140 2160 2196; x_wconf 90' lang='lat' dir='ltr'><strong>in</strong></span> <span class='ocrx_word' id='word_1_479' title='bbox 2207 2155 2335 2197; x_wconf 88' lang='lat' dir='ltr'><strong>eum</strong></span> <span class='ocrx_word' id='word_1_480' title='bbox 2364 2141 2586 2208; x_wconf 66' lang='lat' dir='ltr'><strong>vicisti,</strong></span> <span class='ocrx_word' id='word_1_481' title='bbox 2653 2143 2812 2197; x_wconf 82' lang='lat' dir='ltr'><strong>bonis</strong></span> <span class='ocrx_word' id='word_1_482' title='bbox 2880 2142 3101 2197; x_wconf 67' lang='lat' dir='ltr'><strong>atternis</strong></span> <span class='ocrx_word' id='word_1_483' title='bbox 3166 2148 3221 2196; x_wconf 88' lang='lat' dir='ltr'><strong>te</strong></span> <span class='ocrx_word' id='word_1_484' title='bbox 3268 2154 3530 2197; x_wconf 88' lang='lat' dir='ltr'><strong>remune-</strong></span> 
     </span>
    </p>
   </div>
   <div class='ocr_carea' id='block_1_67' title="bbox 1947 2232 2115 2288">
    <p class='ocr_par' dir='ltr' id='par_1_67' title="bbox 1947 2232 2115 2288">
     <span class='ocr_line' id='line_1_67' title="bbox 1947 2232 2115 2288; baseline -0.006 -1"><span class='ocrx_word' id='word_1_485' title='bbox 1947 2232 2115 2288; x_wconf 82' lang='lat' dir='ltr'><strong>rabit.</strong></span> 
     </span>
    </p>
   </div>
   <div class='ocr_carea' id='block_1_68' title="bbox 2024 2406 3531 2478">
    <p class='ocr_par' dir='ltr' id='par_1_68' title="bbox 2024 2406 3531 2478">
     <span class='ocr_line' id='line_1_68' title="bbox 2024 2406 3531 2478; baseline -0.001 -16"><span class='ocrx_word' id='word_1_486' title='bbox 2024 2407 2188 2464; x_wconf 75' lang='lat' dir='ltr'><strong>Vsus.</strong></span> <span class='ocrx_word' id='word_1_487' title='bbox 2224 2408 2311 2464; x_wconf 70' lang='lat'><strong>23.</strong></span> <span class='ocrx_word' id='word_1_488' title='bbox 2366 2406 2562 2462; x_wconf 78' lang='lat' dir='ltr'><strong>Ventus</strong></span> <span class='ocrx_word' id='word_1_489' title='bbox 2613 2407 2793 2478; x_wconf 87' lang='lat' dir='ltr'><strong>aquilo</strong></span> <span class='ocrx_word' id='word_1_490' title='bbox 2837 2406 3063 2462; x_wconf 77' lang='lat' dir='ltr'><strong>suscitat</strong></span> <span class='ocrx_word' id='word_1_491' title='bbox 3122 2407 3321 2473; x_wconf 84' lang='lat' dir='ltr'><strong>nubes;</strong></span> <span class='ocrx_word' id='word_1_492' title='bbox 3364 2406 3531 2477; x_wconf 78' lang='lat' dir='ltr'><strong>facies</strong></span> 
     </span>
    </p>
   </div>
   <div class='ocr_carea' id='block_1_69' title="bbox 1949 2498 3532 2570">
    <p class='ocr_par' dir='ltr' id='par_1_69' title="bbox 1949 2498 3532 2570">
     <span class='ocr_line' id='line_1_69' title="bbox 1949 2498 3532 2570; baseline -0.003 -13"><span class='ocrx_word' id='word_1_493' title='bbox 1949 2511 2125 2557; x_wconf 88' lang='lat' dir='ltr'><strong>autem</strong></span> <span class='ocrx_word' id='word_1_494' title='bbox 2161 2500 2437 2570; x_wconf 82' lang='lat' dir='ltr'><strong>impudens</strong></span> <span class='ocrx_word' id='word_1_495' title='bbox 2471 2500 2707 2570; x_wconf 83' lang='lat' dir='ltr'><strong>linguam</strong></span> <span class='ocrx_word' id='word_1_496' title='bbox 2757 2499 2960 2552; x_wconf 84' lang='lat' dir='ltr'><strong>irritat.</strong></span> <span class='ocrx_word' id='word_1_497' title='bbox 2998 2498 3239 2568; x_wconf 78' lang='lat' dir='ltr'><strong>Spiritus</strong></span> <span class='ocrx_word' id='word_1_498' title='bbox 3292 2512 3532 2568; x_wconf 87' lang='lat' dir='ltr'><strong>nequam</strong></span> 
     </span>
    </p>
   </div>
   <div class='ocr_carea' id='block_1_70' title="bbox 1949 2588 3532 2663">
    <p class='ocr_par' dir='ltr' id='par_1_70' title="bbox 1949 2588 3532 2663">
     <span class='ocr_line' id='line_1_70' title="bbox 1949 2588 3532 2663; baseline -0.003 -15"><span class='ocrx_word' id='word_1_499' title='bbox 1949 2592 2044 2663; x_wconf 90' lang='lat' dir='ltr'><strong>qui</strong></span> <span class='ocrx_word' id='word_1_500' title='bbox 2077 2591 2223 2648; x_wconf 89' lang='lat' dir='ltr'><strong>sicut</strong></span> <span class='ocrx_word' id='word_1_501' title='bbox 2252 2591 2442 2662; x_wconf 83' lang='lat' dir='ltr'><strong>aquilo</strong></span> <span class='ocrx_word' id='word_1_502' title='bbox 2472 2599 2797 2661; x_wconf 83' lang='lat' dir='ltr'><strong>tempestate</strong></span> <span class='ocrx_word' id='word_1_503' title='bbox 2823 2597 3043 2661; x_wconf 89' lang='lat' dir='ltr'><strong>torquet</strong></span> <span class='ocrx_word' id='word_1_504' title='bbox 3076 2590 3323 2653; x_wconf 87' lang='lat' dir='ltr'><strong>animas,</strong></span> <span class='ocrx_word' id='word_1_505' title='bbox 3358 2588 3412 2643; x_wconf 91' lang='lat' dir='ltr'><strong>in</strong></span> <span class='ocrx_word' id='word_1_506' title='bbox 3447 2589 3532 2644; x_wconf 84' lang='lat' dir='ltr'><strong>eis</strong></span> 
     </span>
    </p>
   </div>
   <div class='ocr_carea' id='block_1_71' title="bbox 1948 2680 3535 2757">
    <p class='ocr_par' dir='ltr' id='par_1_71' title="bbox 1948 2680 3535 2757">
     <span class='ocr_line' id='line_1_71' title="bbox 1948 2680 3535 2757; baseline -0.001 -17"><span class='ocrx_word' id='word_1_507' title='bbox 1948 2685 2114 2757; x_wconf 89' lang='lat' dir='ltr'><strong>quasi</strong></span> <span class='ocrx_word' id='word_1_508' title='bbox 2155 2686 2397 2740; x_wconf 83' lang='lat' dir='ltr'><strong>nebulas</strong></span> <span class='ocrx_word' id='word_1_509' title='bbox 2459 2684 2663 2740; x_wconf 77' lang='lat' dir='ltr'><strong>excitat</strong></span> <span class='ocrx_word' id='word_1_510' title='bbox 2704 2683 3028 2738; x_wconf 76' lang='lat' dir='ltr'><strong>tenebrosas</strong></span> <span class='ocrx_word' id='word_1_511' title='bbox 3065 2685 3351 2754; x_wconf 76' lang='lat' dir='ltr'><strong>passiones</strong></span> <span class='ocrx_word' id='word_1_512' title='bbox 3405 2680 3535 2738; x_wconf 79' lang='lat' dir='ltr'><strong>illas</strong></span> 
     </span>
    </p>
   </div>
   <div class='ocr_carea' id='block_1_72' title="bbox 1948 2774 3550 2845">
    <p class='ocr_par' dir='ltr' id='par_1_72' title="bbox 1948 2774 3550 2845">
     <span class='ocr_line' id='line_1_72' title="bbox 1948 2774 3550 2845; baseline -0.003 -11"><span class='ocrx_word' id='word_1_513' title='bbox 1948 2785 2290 2834; x_wconf 73' lang='lat' dir='ltr'><strong>excaecantes</strong></span> <span class='ocrx_word' id='word_1_514' title='bbox 2321 2791 2385 2831; x_wconf 86' lang='lat' dir='ltr'><strong>ac</strong></span> <span class='ocrx_word' id='word_1_515' title='bbox 2410 2791 2480 2831; x_wconf 92' lang='lat' dir='ltr'><strong>ne</strong></span> <span class='ocrx_word' id='word_1_516' title='bbox 2509 2774 2654 2831; x_wconf 82' lang='lat' dir='ltr'><strong>solis</strong></span> <span class='ocrx_word' id='word_1_517' title='bbox 2702 2775 2928 2845; x_wconf 70' lang='lat' dir='ltr'><strong>justitia:</strong></span> <span class='ocrx_word' id='word_1_518' title='bbox 2957 2775 3125 2830; x_wconf 89' lang='lat' dir='ltr'><strong>radiis</strong></span> <span class='ocrx_word' id='word_1_519' title='bbox 3160 2775 3550 2829; x_wconf 88' lang='lat' dir='ltr'><strong>illuminentur.</strong></span> 
     </span>
    </p>
   </div>
   <div class='ocr_carea' id='block_1_73' title="bbox 1950 2866 3536 2940">
    <p class='ocr_par' dir='ltr' id='par_1_73' title="bbox 1950 2866 3536 2940">
     <span class='ocr_line' id='line_1_73' title="bbox 1950 2866 3536 2940; baseline -0.002 -16"><span class='ocrx_word' id='word_1_520' title='bbox 1950 2870 2345 2940; x_wconf 85' lang='lat' dir='ltr'><strong>impedientes.</strong></span> <span class='ocrx_word' id='word_1_521' title='bbox 2379 2866 2501 2923; x_wconf 78' lang='lat' dir='ltr'><strong>Vita</strong></span> <span class='ocrx_word' id='word_1_522' title='bbox 2532 2875 2717 2923; x_wconf 90' lang='lat' dir='ltr'><strong>autem</strong></span> <span class='ocrx_word' id='word_1_523' title='bbox 2746 2882 2869 2938; x_wconf 75' lang='lat' dir='ltr'><strong>qua:</strong></span> <span class='ocrx_word' id='word_1_524' title='bbox 2891 2867 3028 2923; x_wconf 90' lang='lat' dir='ltr'><strong>foris</strong></span> <span class='ocrx_word' id='word_1_525' title='bbox 3068 2868 3312 2923; x_wconf 86' lang='lat' dir='ltr'><strong>ostendit</strong></span> <span class='ocrx_word' id='word_1_526' title='bbox 3343 2867 3536 2937; x_wconf 87' lang='lat' dir='ltr'><strong>dispo-</strong></span> 
     </span>
    </p>
   </div>
   <div class='ocr_carea' id='block_1_74' title="bbox 1951 2956 3536 3027">
    <p class='ocr_par' dir='ltr' id='par_1_74' title="bbox 1951 2956 3536 3027">
     <span class='ocr_line' id='line_1_74' title="bbox 1951 2956 3536 3027; baseline -0.001 -13"><span class='ocrx_word' id='word_1_527' title='bbox 1951 2960 2207 3014; x_wconf 89' lang='lat' dir='ltr'><strong>sitionem</strong></span> <span class='ocrx_word' id='word_1_528' title='bbox 2234 2959 2291 3013; x_wconf 89' lang='lat' dir='ltr'><strong>in</strong></span> <span class='ocrx_word' id='word_1_529' title='bbox 2322 2959 2507 3012; x_wconf 88' lang='lat' dir='ltr'><strong>anima</strong></span> <span class='ocrx_word' id='word_1_530' title='bbox 2547 2957 2820 3014; x_wconf 87' lang='lat' dir='ltr'><strong>occultam</strong></span> <span class='ocrx_word' id='word_1_531' title='bbox 2851 2996 2867 3021; x_wconf 89' lang='lat'><strong>,</strong></span> <span class='ocrx_word' id='word_1_532' title='bbox 2898 2958 3110 3027; x_wconf 86' lang='lat' dir='ltr'><strong>pudore</strong></span> <span class='ocrx_word' id='word_1_533' title='bbox 3168 2957 3236 3012; x_wconf 89' lang='lat' dir='ltr'><strong>de</strong></span> <span class='ocrx_word' id='word_1_534' title='bbox 3283 2956 3536 3027; x_wconf 85' lang='lat' dir='ltr'><strong>turpibus</strong></span> 
     </span>
    </p>
   </div>
   <div class='ocr_carea' id='block_1_75' title="bbox 1952 3049 3535 3122">
    <p class='ocr_par' dir='ltr' id='par_1_75' title="bbox 1952 3049 3535 3122">
     <span class='ocr_line' id='line_1_75' title="bbox 1952 3049 3535 3122; baseline -0.003 -16"><span class='ocrx_word' id='word_1_535' title='bbox 1952 3050 2266 3108; x_wconf 84' lang='lat' dir='ltr'><strong>actionibus</strong></span> <span class='ocrx_word' id='word_1_536' title='bbox 2298 3066 2405 3106; x_wconf 95' lang='lat' dir='ltr'><strong>non</strong></span> <span class='ocrx_word' id='word_1_537' title='bbox 2437 3051 2656 3122; x_wconf 90' lang='lat' dir='ltr'><strong>penitus</strong></span> <span class='ocrx_word' id='word_1_538' title='bbox 2678 3049 2959 3116; x_wconf 88' lang='lat' dir='ltr'><strong>obvoluta,</strong></span> <span class='ocrx_word' id='word_1_539' title='bbox 2989 3050 3059 3106; x_wconf 88' lang='lat' dir='ltr'><strong>ad</strong></span> <span class='ocrx_word' id='word_1_540' title='bbox 3080 3049 3535 3108; x_wconf 79' lang='lat' dir='ltr'><strong>calumniantium</strong></span> 
     </span>
    </p>
   </div>
   <div class='ocr_carea' id='block_1_76' title="bbox 1957 3126 3137 3214">
    <p class='ocr_par' dir='ltr' id='par_1_76' title="bbox 1957 3126 3137 3214">
     <span class='ocr_line' id='line_1_76' title="bbox 1957 3126 3137 3214; baseline -0.007 -13"><span class='ocrx_word' id='word_1_541' title='bbox 1957 3157 2020 3201; x_wconf 87' lang='lat' dir='ltr'><strong>se</strong></span> <span class='ocrx_word' id='word_1_542' title='bbox 2049 3144 2256 3200; x_wconf 81' lang='lat' dir='ltr'><strong>excitat</strong></span> <span class='ocrx_word' id='word_1_543' title='bbox 2298 3145 2543 3214; x_wconf 83' lang='lat' dir='ltr'><strong>linguam</strong></span> <span class='ocrx_word' id='word_1_544' title='bbox 2571 3142 2838 3198; x_wconf 88' lang='lat' dir='ltr'><strong>videntis.</strong></span> <span class='ocrx_word' id='word_1_545' title='bbox 2960 3130 2971 3135; x_wconf 66' lang='grc'><em>”</em></span> <span class='ocrx_word' id='word_1_546' title='bbox 3132 3126 3137 3131; x_wconf 58' lang='grc'><em>’</em></span> 
     </span>
    </p>
   </div>
   <div class='ocr_carea' id='block_1_77' title="bbox 2036 3318 3536 3415">
    <p class='ocr_par' dir='ltr' id='par_1_77' title="bbox 2036 3318 3536 3415">
     <span class='ocr_line' id='line_1_77' title="bbox 2036 3318 3536 3415; baseline 0.004 -19"><span class='ocrx_word' id='word_1_547' title='bbox 2036 3339 2203 3398; x_wconf 73' lang='lat' dir='ltr'><strong>Vsus.</strong></span> <span class='ocrx_word' id='word_1_548' title='bbox 2244 3342 2338 3397; x_wconf 68' lang='grc'><strong>94.</strong></span> <span class='ocrx_word' id='word_1_549' title='bbox 2383 3342 2575 3398; x_wconf 83' lang='lat' dir='ltr'><strong>Melius</strong></span> <span class='ocrx_word' id='word_1_550' title='bbox 2615 3351 2693 3398; x_wconf 86' lang='lat' dir='ltr'><strong>est</strong></span> <span class='ocrx_word' id='word_1_551' title='bbox 2723 3344 2903 3399; x_wconf 84' lang='lat' dir='ltr'><strong>sedere</strong></span> <span class='ocrx_word' id='word_1_552' title='bbox 2942 3345 2998 3398; x_wconf 83' lang='lat' dir='ltr'><strong>in</strong></span> <span class='ocrx_word' id='word_1_553' title='bbox 3031 3344 3226 3415; x_wconf 84' lang='lat' dir='ltr'><strong>angulo</strong></span> <span class='ocrx_word' id='word_1_554' title='bbox 3253 3318 3490 3402; x_wconf 85' lang='lat' dir='ltr'><strong>domatis</strong></span> <span class='ocrx_word' id='word_1_555' title='bbox 3518 3387 3536 3414; x_wconf 95' lang='lat'><strong>,</strong></span> 
     </span>
    </p>
   </div>
   <div class='ocr_carea' id='block_1_78' title="bbox 1952 3434 3539 3503">
    <p class='ocr_par' dir='ltr' id='par_1_78' title="bbox 1952 3434 3539 3503">
     <span class='ocr_line' id='line_1_78' title="bbox 1952 3434 3539 3503; baseline 0.004 -17"><span class='ocrx_word' id='word_1_556' title='bbox 1952 3449 2114 3503; x_wconf 88' lang='lat' dir='ltr'><strong>quam</strong></span> <span class='ocrx_word' id='word_1_557' title='bbox 2149 3450 2267 3495; x_wconf 76' lang='lat' dir='ltr'><strong>cum</strong></span> <span class='ocrx_word' id='word_1_558' title='bbox 2306 3434 2526 3490; x_wconf 87' lang='lat' dir='ltr'><strong>muliere</strong></span> <span class='ocrx_word' id='word_1_559' title='bbox 2556 3436 2943 3490; x_wconf 85' lang='lat' dir='ltr'><strong>contumeliosa</strong></span> <span class='ocrx_word' id='word_1_560' title='bbox 2968 3437 3023 3489; x_wconf 84' lang='lat' dir='ltr'><strong>in</strong></span> <span class='ocrx_word' id='word_1_561' title='bbox 3050 3438 3207 3490; x_wconf 85' lang='lat' dir='ltr'><strong>domo</strong></span> <span class='ocrx_word' id='word_1_562' title='bbox 3250 3442 3539 3494; x_wconf 80' lang='lat' dir='ltr'><strong>communi.</strong></span> 
     </span>
    </p>
   </div>
   <div class='ocr_carea' id='block_1_79' title="bbox 1953 3519 3541 3591">
    <p class='ocr_par' dir='ltr' id='par_1_79' title="bbox 1953 3519 3541 3591">
     <span class='ocr_line' id='line_1_79' title="bbox 1953 3519 3541 3591; baseline 0.004 -17"><span class='ocrx_word' id='word_1_563' title='bbox 1953 3519 2146 3577; x_wconf 78' lang='lat' dir='ltr'><strong>Melius</strong></span> <span class='ocrx_word' id='word_1_564' title='bbox 2171 3528 2255 3576; x_wconf 87' lang='lat' dir='ltr'><strong>est</strong></span> <span class='ocrx_word' id='word_1_565' title='bbox 2278 3519 2529 3591; x_wconf 86' lang='lat' dir='ltr'><strong>profecto</strong></span> <span class='ocrx_word' id='word_1_566' title='bbox 2557 3537 2684 3576; x_wconf 89' lang='lat' dir='ltr'><strong>cum</strong></span> <span class='ocrx_word' id='word_1_567' title='bbox 2711 3524 2924 3577; x_wconf 84' lang='lat' dir='ltr'><strong>ratione</strong></span> <span class='ocrx_word' id='word_1_568' title='bbox 2960 3525 3332 3579; x_wconf 83' lang='lat' dir='ltr'><strong>sensationem</strong></span> <span class='ocrx_word' id='word_1_569' title='bbox 3370 3527 3541 3580; x_wconf 85' lang='lat' dir='ltr'><strong>menti</strong></span> 
     </span>
    </p>
   </div>
   <div class='ocr_carea' id='block_1_80' title="bbox 1953 3611 3542 3685">
    <p class='ocr_par' dir='ltr' id='par_1_80' title="bbox 1953 3611 3542 3685">
     <span class='ocr_line' id='line_1_80' title="bbox 1953 3611 3542 3685; baseline 0.001 -17"><span class='ocrx_word' id='word_1_570' title='bbox 1953 3611 2308 3682; x_wconf 77' lang='lat' dir='ltr'><strong>conjungenti</strong></span> <span class='ocrx_word' id='word_1_571' title='bbox 2344 3627 2669 3683; x_wconf 85' lang='lat' dir='ltr'><strong>permanere</strong></span> <span class='ocrx_word' id='word_1_572' title='bbox 2715 3614 2875 3683; x_wconf 86' lang='lat' dir='ltr'><strong>quasi</strong></span> <span class='ocrx_word' id='word_1_573' title='bbox 2912 3614 2966 3668; x_wconf 91' lang='lat' dir='ltr'><strong>in</strong></span> <span class='ocrx_word' id='word_1_574' title='bbox 3015 3615 3222 3684; x_wconf 83' lang='lat' dir='ltr'><strong>angulo</strong></span> <span class='ocrx_word' id='word_1_575' title='bbox 3271 3616 3361 3671; x_wconf 89' lang='lat' dir='ltr'><strong>vili</strong></span> <span class='ocrx_word' id='word_1_576' title='bbox 3402 3633 3542 3685; x_wconf 80' lang='lat' dir='ltr'><strong>qun-</strong></span> 
     </span>
    </p>
   </div>
   <div class='ocr_carea' id='block_1_81' title="bbox 1953 3701 3540 3776">
    <p class='ocr_par' dir='ltr' id='par_1_81' title="bbox 1953 3701 3540 3776">
     <span class='ocr_line' id='line_1_81' title="bbox 1953 3701 3540 3776; baseline 0.004 -21"><span class='ocrx_word' id='word_1_577' title='bbox 1953 3702 2080 3756; x_wconf 81' lang='lat' dir='ltr'><strong>dam</strong></span> <span class='ocrx_word' id='word_1_578' title='bbox 2124 3705 2330 3774; x_wconf 79' lang='lat' dir='ltr'><strong>tugurii</strong></span> <span class='ocrx_word' id='word_1_579' title='bbox 2380 3704 2674 3771; x_wconf 84' lang='lat' dir='ltr'><strong>cujusdam</strong></span> <span class='ocrx_word' id='word_1_580' title='bbox 2732 3705 2920 3761; x_wconf 90' lang='lat' dir='ltr'><strong>mundi</strong></span> <span class='ocrx_word' id='word_1_581' title='bbox 2972 3707 3251 3772; x_wconf 86' lang='lat' dir='ltr'><strong>visibilis,</strong></span> <span class='ocrx_word' id='word_1_582' title='bbox 3284 3701 3449 3776; x_wconf 85' lang='lat' dir='ltr'><strong>quam</strong></span> <span class='ocrx_word' id='word_1_583' title='bbox 3486 3710 3540 3763; x_wconf 83' lang='lat' dir='ltr'><strong>in</strong></span> 
     </span>
    </p>
   </div>
   <div class='ocr_carea' id='block_1_82' title="bbox 1951 3795 3543 3866">
    <p class='ocr_par' dir='ltr' id='par_1_82' title="bbox 1951 3795 3543 3866">
     <span class='ocr_line' id='line_1_82' title="bbox 1951 3795 3543 3866; baseline 0.005 -19"><span class='ocrx_word' id='word_1_584' title='bbox 1951 3802 2069 3848; x_wconf 90' lang='lat' dir='ltr'><strong>toto</strong></span> <span class='ocrx_word' id='word_1_585' title='bbox 2105 3795 2312 3849; x_wconf 88' lang='lat' dir='ltr'><strong>mundo</strong></span> <span class='ocrx_word' id='word_1_586' title='bbox 2346 3834 2362 3861; x_wconf 88' lang='lat'><strong>,</strong></span> <span class='ocrx_word' id='word_1_587' title='bbox 2403 3796 2498 3866; x_wconf 91' lang='lat' dir='ltr'><strong>qui</strong></span> <span class='ocrx_word' id='word_1_588' title='bbox 2570 3804 2656 3851; x_wconf 91' lang='lat' dir='ltr'><strong>est</strong></span> <span class='ocrx_word' id='word_1_589' title='bbox 2733 3811 3029 3853; x_wconf 82' lang='lat' dir='ltr'><strong>commune</strong></span> <span class='ocrx_word' id='word_1_590' title='bbox 3074 3798 3439 3854; x_wconf 85' lang='lat' dir='ltr'><strong>diversorium</strong></span> <span class='ocrx_word' id='word_1_591' title='bbox 3487 3812 3543 3855; x_wconf 87' lang='lat' dir='ltr'><strong>et</strong></span> 
     </span>
    </p>
   </div>
   <div class='ocr_carea' id='block_1_83' title="bbox 1952 3884 3539 3955">
    <p class='ocr_par' dir='ltr' id='par_1_83' title="bbox 1952 3884 3539 3955">
     <span class='ocr_line' id='line_1_83' title="bbox 1952 3884 3539 3955; baseline 0.003 -16"><span class='ocrx_word' id='word_1_592' title='bbox 1952 3884 2156 3940; x_wconf 88' lang='lat' dir='ltr'><strong>mentis</strong></span> <span class='ocrx_word' id='word_1_593' title='bbox 2183 3894 2238 3939; x_wconf 91' lang='lat' dir='ltr'><strong>et</strong></span> <span class='ocrx_word' id='word_1_594' title='bbox 2291 3887 2628 3940; x_wconf 82' lang='lat' dir='ltr'><strong>seusationis</strong></span> <span class='ocrx_word' id='word_1_595' title='bbox 2659 3926 2679 3951; x_wconf 88' lang='lat'><strong>,</strong></span> <span class='ocrx_word' id='word_1_596' title='bbox 2715 3896 2897 3942; x_wconf 84' lang='lat' dir='ltr'><strong>mente</strong></span> <span class='ocrx_word' id='word_1_597' title='bbox 2968 3889 3188 3955; x_wconf 85' lang='lat' dir='ltr'><strong>quidem</strong></span> <span class='ocrx_word' id='word_1_598' title='bbox 3232 3890 3539 3944; x_wconf 75' lang='lat' dir='ltr'><strong>rationibus</strong></span> 
     </span>
    </p>
   </div>
   <div class='ocr_carea' id='block_1_84' title="bbox 1951 3977 3541 4047">
    <p class='ocr_par' dir='ltr' id='par_1_84' title="bbox 1951 3977 3541 4047">
     <span class='ocr_line' id='line_1_84' title="bbox 1951 3977 3541 4047; baseline 0.003 -17"><span class='ocrx_word' id='word_1_599' title='bbox 1951 3986 2141 4031; x_wconf 76' lang='lat' dir='ltr'><strong>rerum</strong></span> <span class='ocrx_word' id='word_1_600' title='bbox 2182 3977 2534 4047; x_wconf 83' lang='lat' dir='ltr'><strong>quiescente,</strong></span> <span class='ocrx_word' id='word_1_601' title='bbox 2568 3980 2895 4033; x_wconf 85' lang='lat' dir='ltr'><strong>sensatione</strong></span> <span class='ocrx_word' id='word_1_602' title='bbox 2934 3994 3070 4034; x_wconf 90' lang='lat' dir='ltr'><strong>vero</strong></span> <span class='ocrx_word' id='word_1_603' title='bbox 3102 3979 3155 4034; x_wconf 93' lang='lat' dir='ltr'><strong>iu</strong></span> <span class='ocrx_word' id='word_1_604' title='bbox 3194 3979 3387 4035; x_wconf 81' lang='lat' dir='ltr'><strong>formis</strong></span> <span class='ocrx_word' id='word_1_605' title='bbox 3445 3998 3541 4036; x_wconf 80' lang='lat' dir='ltr'><strong>co-</strong></span> 
     </span>
    </p>
   </div>
   <div class='ocr_carea' id='block_1_85' title="bbox 1950 4069 3537 4141">
    <p class='ocr_par' dir='ltr' id='par_1_85' title="bbox 1950 4069 3537 4141">
     <span class='ocr_line' id='line_1_85' title="bbox 1950 4069 3537 4141; baseline 0.003 -18"><span class='ocrx_word' id='word_1_606' title='bbox 1950 4069 2250 4141; x_wconf 71' lang='lat' dir='ltr'><strong>gitatorum</strong></span> <span class='ocrx_word' id='word_1_607' title='bbox 2303 4070 2654 4131; x_wconf 82' lang='lat' dir='ltr'><strong>immorante,</strong></span> <span class='ocrx_word' id='word_1_608' title='bbox 2690 4079 2928 4126; x_wconf 87' lang='lat' dir='ltr'><strong>mentem</strong></span> <span class='ocrx_word' id='word_1_609' title='bbox 2970 4071 3227 4127; x_wconf 86' lang='lat' dir='ltr'><strong>habitare</strong></span> <span class='ocrx_word' id='word_1_610' title='bbox 3255 4088 3380 4127; x_wconf 90' lang='lat' dir='ltr'><strong>cum</strong></span> <span class='ocrx_word' id='word_1_611' title='bbox 3410 4088 3537 4129; x_wconf 81' lang='lat' dir='ltr'><strong>scu-</strong></span> 
     </span>
    </p>
   </div>
   <div class='ocr_carea' id='block_1_86' title="bbox 1951 4162 3542 4236">
    <p class='ocr_par' dir='ltr' id='par_1_86' title="bbox 1951 4162 3542 4236">
     <span class='ocr_line' id='line_1_86' title="bbox 1951 4162 3542 4236; baseline 0.003 -19"><span class='ocrx_word' id='word_1_612' title='bbox 1951 4162 2166 4217; x_wconf 83' lang='lat' dir='ltr'><strong>satione</strong></span> <span class='ocrx_word' id='word_1_613' title='bbox 2218 4176 2338 4231; x_wconf 69' lang='lat' dir='ltr'><strong>qua:</strong></span> <span class='ocrx_word' id='word_1_614' title='bbox 2365 4178 2432 4216; x_wconf 75' lang='lat' dir='ltr'><strong>es</strong></span> <span class='ocrx_word' id='word_1_615' title='bbox 2479 4163 2804 4232; x_wconf 86' lang='lat' dir='ltr'><strong>deceptione</strong></span> <span class='ocrx_word' id='word_1_616' title='bbox 2837 4163 3137 4219; x_wconf 81' lang='lat' dir='ltr'><strong>visibilium</strong></span> <span class='ocrx_word' id='word_1_617' title='bbox 3172 4167 3403 4236; x_wconf 83' lang='lat' dir='ltr'><strong>cogitata</strong></span> <span class='ocrx_word' id='word_1_618' title='bbox 3445 4181 3542 4221; x_wconf 74' lang='lat' dir='ltr'><strong>ca-</strong></span> 
     </span>
    </p>
   </div>
   <div class='ocr_carea' id='block_1_87' title="bbox 1952 4253 3541 4317">
    <p class='ocr_par' dir='ltr' id='par_1_87' title="bbox 1952 4253 3541 4317">
     <span class='ocr_line' id='line_1_87' title="bbox 1952 4253 3541 4317; baseline 0.005 -9"><span class='ocrx_word' id='word_1_619' title='bbox 1952 4253 2259 4309; x_wconf 89' lang='lat' dir='ltr'><strong>lumniatnr</strong></span> <span class='ocrx_word' id='word_1_620' title='bbox 2313 4265 2369 4308; x_wconf 81' lang='lat' dir='ltr'><strong>et</strong></span> <span class='ocrx_word' id='word_1_621' title='bbox 2427 4254 2550 4309; x_wconf 88' lang='lat' dir='ltr'><strong>ideo</strong></span> <span class='ocrx_word' id='word_1_622' title='bbox 2611 4257 2913 4311; x_wconf 85' lang='lat' dir='ltr'><strong>immorari.</strong></span> <span class='ocrx_word' id='word_1_623' title='bbox 2948 4258 3006 4312; x_wconf 90' lang='lat' dir='ltr'><strong>in</strong></span> <span class='ocrx_word' id='word_1_624' title='bbox 3064 4257 3262 4314; x_wconf 78' lang='lat' dir='ltr'><strong>formis</strong></span> <span class='ocrx_word' id='word_1_625' title='bbox 3307 4271 3360 4315; x_wconf 87' lang='lat' dir='ltr'><strong>et</strong></span> <span class='ocrx_word' id='word_1_626' title='bbox 3432 4277 3541 4317; x_wconf 89' lang='lat' dir='ltr'><strong>non</strong></span> 
     </span>
    </p>
   </div>
   <div class='ocr_carea' id='block_1_88' title="bbox 1952 4347 3078 4406">
    <p class='ocr_par' dir='ltr' id='par_1_88' title="bbox 1952 4347 3078 4406">
     <span class='ocr_line' id='line_1_88' title="bbox 1952 4347 3078 4406; baseline 0.004 -5"><span class='ocrx_word' id='word_1_627' title='bbox 1952 4347 2254 4403; x_wconf 83' lang='lat' dir='ltr'><strong>ascendere</strong></span> <span class='ocrx_word' id='word_1_628' title='bbox 2278 4347 2347 4402; x_wconf 87' lang='lat' dir='ltr'><strong>ad</strong></span> <span class='ocrx_word' id='word_1_629' title='bbox 2392 4350 2681 4403; x_wconf 80' lang='lat' dir='ltr'><strong>veritatem</strong></span> <span class='ocrx_word' id='word_1_630' title='bbox 2710 4349 2765 4403; x_wconf 92' lang='lat' dir='ltr'><strong>in</strong></span> <span class='ocrx_word' id='word_1_631' title='bbox 2797 4350 3078 4406; x_wconf 88' lang='lat' dir='ltr'><strong>omnibus.</strong></span> 
     </span>
    </p>
   </div>
   <div class='ocr_carea' id='block_1_89' title="bbox 226 4434 1847 4512">
    <p class='ocr_par' dir='ltr' id='par_1_89' title="bbox 226 4434 1847 4510">
     <span class='ocr_line' id='line_1_89' title="bbox 226 4434 1847 4510; baseline 0.001 -20"><span class='ocrx_word' id='word_1_632' title='bbox 226 4444 231 4447; x_wconf 83' lang='lat'>&#39;</span> <span class='ocrx_word' id='word_1_633' title='bbox 328 4442 432 4492; x_wconf 84' lang='grc' dir='ltr'>κε’.</span> <span class='ocrx_word' id='word_1_634' title='bbox 460 4437 690 4505; x_wconf 80' lang='grc' dir='ltr'>Ὥσπερ</span> <span class='ocrx_word' id='word_1_635' title='bbox 722 4435 880 4506; x_wconf 83' lang='grc' dir='ltr'>ὕδωρ</span> <span class='ocrx_word' id='word_1_636' title='bbox 909 4436 1174 4506; x_wconf 66' lang='grc' dir='ltr'>ψυχρὸν,</span> <span class='ocrx_word' id='word_1_637' title='bbox 1198 4434 1373 4505; x_wconf 71' lang='grc' dir='ltr'>ψυχῇ</span> <span class='ocrx_word' id='word_1_638' title='bbox 1395 4435 1636 4510; x_wconf 69' lang='grc' dir='ltr'>διψώσῃ</span> <span class='ocrx_word' id='word_1_639' title='bbox 1666 4450 1847 4506; x_wconf 77' lang='grc' dir='ltr'>προσ-</span> 
     </span>
    </p>
   </div>
   <div class='ocr_carea' id='block_1_90' title="bbox 1959 4434 3542 4512">
    <p class='ocr_par' dir='ltr' id='par_1_90' title="bbox 2031 4437 3542 4512">
     <span class='ocr_line' id='line_1_90' title="bbox 2031 4437 3542 4512; baseline 0.004 -22"><span class='ocrx_word' id='word_1_640' title='bbox 2031 4437 2197 4493; x_wconf 74' lang='grc' dir='ltr'>νειις.</span> <span class='ocrx_word' id='word_1_641' title='bbox 2236 4438 2329 4494; x_wconf 73' lang='grc'>25.</span> <span class='ocrx_word' id='word_1_642' title='bbox 2378 4439 2530 4493; x_wconf 82' lang='lat' dir='ltr'><strong>Sicut</strong></span> <span class='ocrx_word' id='word_1_643' title='bbox 2570 4457 2708 4508; x_wconf 86' lang='lat' dir='ltr'><strong>aqua</strong></span> <span class='ocrx_word' id='word_1_644' title='bbox 2769 4441 2969 4512; x_wconf 77' lang='lat' dir='ltr'><strong>[rigida</strong></span> <span class='ocrx_word' id='word_1_645' title='bbox 3034 4442 3234 4496; x_wconf 66' lang='lat' dir='ltr'><strong>anime</strong></span> <span class='ocrx_word' id='word_1_646' title='bbox 3285 4442 3542 4509; x_wconf 82' lang='lat' dir='ltr'><strong>sitienti,</strong></span> 
     </span>
    </p>
   </div>
   <div class='ocr_carea' id='block_1_91' title="bbox 255 4525 1847 4598">
    <p class='ocr_par' dir='ltr' id='par_1_91' title="bbox 255 4525 1847 4598">
     <span class='ocr_line' id='line_1_91' title="bbox 255 4525 1847 4598; baseline -0.001 -16"><span class='ocrx_word' id='word_1_647' title='bbox 255 4528 427 4597; x_wconf 81' lang='grc' dir='ltr'>ηνὲς,</span> <span class='ocrx_word' id='word_1_648' title='bbox 457 4528 647 4595; x_wconf 81' lang='grc' dir='ltr'>οὕτως</span> <span class='ocrx_word' id='word_1_649' title='bbox 698 4528 950 4598; x_wconf 74' lang='grc' dir='ltr'>ἀγγελία</span> <span class='ocrx_word' id='word_1_650' title='bbox 995 4525 1190 4597; x_wconf 78' lang='grc' dir='ltr'>ἀγαθὴ</span> <span class='ocrx_word' id='word_1_651' title='bbox 1245 4527 1314 4580; x_wconf 75' lang='grc' dir='ltr'>ἐκ</span> <span class='ocrx_word' id='word_1_652' title='bbox 1368 4525 1482 4595; x_wconf 76' lang='grc' dir='ltr'>γῆς</span> <span class='ocrx_word' id='word_1_653' title='bbox 1528 4530 1847 4596; x_wconf 80' lang='grc' dir='ltr'>μακρόθεν.</span> 
     </span>
    </p>
   </div>
   <div class='ocr_carea' id='block_1_92' title="bbox 258 4614 1851 4689">
    <p class='ocr_par' dir='ltr' id='par_1_92' title="bbox 258 4614 1851 4689">
     <span class='ocr_line' id='line_1_92' title="bbox 258 4614 1851 4689; baseline -0.002 -17"><span class='ocrx_word' id='word_1_654' title='bbox 258 4617 529 4689; x_wconf 82' lang='grc' dir='ltr'>Καθάπερ</span> <span class='ocrx_word' id='word_1_655' title='bbox 561 4617 706 4687; x_wconf 81' lang='grc' dir='ltr'>ὕδωρ</span> <span class='ocrx_word' id='word_1_656' title='bbox 746 4615 1114 4688; x_wconf 83' lang='grc' dir='ltr'>ψυχρώτατον</span> <span class='ocrx_word' id='word_1_657' title='bbox 1167 4616 1404 4685; x_wconf 68' lang='grc' dir='ltr'>ὑπάρχει</span> <span class='ocrx_word' id='word_1_658' title='bbox 1456 4614 1680 4684; x_wconf 65' lang='grc' dir='ltr'>διψῶντι</span> <span class='ocrx_word' id='word_1_659' title='bbox 1727 4615 1851 4687; x_wconf 78' lang='grc' dir='ltr'><strong>ζώῳ</strong></span> 
     </span>
    </p>
   </div>
   <div class='ocr_carea' id='block_1_93' title="bbox 260 4706 1852 4781">
    <p class='ocr_par' dir='ltr' id='par_1_93' title="bbox 260 4706 1852 4781">
     <span class='ocr_line' id='line_1_93' title="bbox 260 4706 1852 4781; baseline -0.001 -17"><span class='ocrx_word' id='word_1_660' title='bbox 260 4708 603 4781; x_wconf 79' lang='grc' dir='ltr'>θελκτήριον,</span> <span class='ocrx_word' id='word_1_661' title='bbox 629 4708 773 4762; x_wconf 80' lang='grc' dir='ltr'>οὕτω</span> <span class='ocrx_word' id='word_1_662' title='bbox 806 4708 903 4762; x_wconf 73' lang='grc' dir='ltr'>καὶ</span> <span class='ocrx_word' id='word_1_663' title='bbox 939 4709 1006 4777; x_wconf 79' lang='grc' dir='ltr'>τῇ</span> <span class='ocrx_word' id='word_1_664' title='bbox 1054 4706 1148 4760; x_wconf 87' lang='grc' dir='ltr'>τὸν</span> <span class='ocrx_word' id='word_1_665' title='bbox 1181 4706 1446 4761; x_wconf 86' lang='grc' dir='ltr'>καύσωνα</span> <span class='ocrx_word' id='word_1_666' title='bbox 1496 4707 1605 4761; x_wconf 88' lang='grc' dir='ltr'><strong>τῶν</strong></span> <span class='ocrx_word' id='word_1_667' title='bbox 1652 4724 1852 4780; x_wconf 87' lang='grc' dir='ltr'>πειρα-</span> 
     </span>
    </p>
   </div>
   <div class='ocr_carea' id='block_1_94' title="bbox 262 4799 1853 4875">
    <p class='ocr_par' dir='ltr' id='par_1_94' title="bbox 262 4799 1853 4875">
     <span class='ocr_line' id='line_1_94' title="bbox 262 4799 1853 4875; baseline 0 -21"><span class='ocrx_word' id='word_1_668' title='bbox 262 4802 440 4871; x_wconf 86' lang='grc' dir='ltr'>σμῶν,</span> <span class='ocrx_word' id='word_1_669' title='bbox 476 4802 571 4856; x_wconf 81' lang='grc' dir='ltr'><strong>καὶ</strong></span> <span class='ocrx_word' id='word_1_670' title='bbox 601 4801 703 4872; x_wconf 80' lang='grc' dir='ltr'>τῆς</span> <span class='ocrx_word' id='word_1_671' title='bbox 726 4800 932 4872; x_wconf 82' lang='grc' dir='ltr'>ἀρετῆς</span> <span class='ocrx_word' id='word_1_672' title='bbox 957 4800 1018 4853; x_wconf 84' lang='grc' dir='ltr'>τὸ</span> <span class='ocrx_word' id='word_1_673' title='bbox 1040 4800 1299 4854; x_wconf 87' lang='grc' dir='ltr'>ἐπίπονον</span> <span class='ocrx_word' id='word_1_674' title='bbox 1322 4799 1585 4864; x_wconf 85' lang='grc' dir='ltr'>γενναίως</span> <span class='ocrx_word' id='word_1_675' title='bbox 1609 4801 1853 4875; x_wconf 79' lang='grc' dir='ltr'>φερούσῃ</span> 
     </span>
    </p>
   </div>
   <div class='ocr_carea' id='block_1_95' title="bbox 257 4890 1852 4965">
    <p class='ocr_par' dir='ltr' id='par_1_95' title="bbox 257 4890 1852 4965">
     <span class='ocr_line' id='line_1_95' title="bbox 257 4890 1852 4965; baseline -0.002 -18"><span class='ocrx_word' id='word_1_676' title='bbox 257 4892 440 4964; x_wconf 79' lang='grc' dir='ltr'>ψυχῇ,</span> <span class='ocrx_word' id='word_1_677' title='bbox 472 4893 714 4965; x_wconf 78' lang='grc' dir='ltr'>ἡδυτάτη</span> <span class='ocrx_word' id='word_1_678' title='bbox 741 4892 890 4947; x_wconf 75' lang='grc' dir='ltr'>ἐστὶν</span> <span class='ocrx_word' id='word_1_679' title='bbox 915 4894 950 4964; x_wconf 78' lang='grc' dir='ltr'>ἡ</span> <span class='ocrx_word' id='word_1_680' title='bbox 975 4892 1074 4964; x_wconf 84' lang='grc' dir='ltr'>τῆς</span> <span class='ocrx_word' id='word_1_681' title='bbox 1105 4890 1250 4945; x_wconf 80' lang='grc' dir='ltr'>κατὰ</span> <span class='ocrx_word' id='word_1_682' title='bbox 1274 4890 1334 4944; x_wconf 82' lang='grc' dir='ltr'>τὸ</span> <span class='ocrx_word' id='word_1_683' title='bbox 1367 4890 1561 4961; x_wconf 89' lang='grc' dir='ltr'>μέλλον</span> <span class='ocrx_word' id='word_1_684' title='bbox 1588 4892 1852 4963; x_wconf 85' lang='grc' dir='ltr'>κληρονο-</span> 
     </span>
    </p>
   </div>
   <div class='ocr_carea' id='block_1_96' title="bbox 264 4980 1852 5056">
    <p class='ocr_par' dir='ltr' id='par_1_96' title="bbox 264 4980 1852 5056">
     <span class='ocr_line' id='line_1_96' title="bbox 264 4980 1852 5056; baseline 0 -19"><span class='ocrx_word' id='word_1_685' title='bbox 264 4983 392 5055; x_wconf 88' lang='grc' dir='ltr'>μίας</span> <span class='ocrx_word' id='word_1_686' title='bbox 429 4986 529 5055; x_wconf 84' lang='grc' dir='ltr'>τῆς</span> <span class='ocrx_word' id='word_1_687' title='bbox 575 4984 682 5056; x_wconf 86' lang='grc' dir='ltr'>γῆς</span> <span class='ocrx_word' id='word_1_688' title='bbox 717 4985 829 5038; x_wconf 86' lang='grc' dir='ltr'><strong>τῶν</strong></span> <span class='ocrx_word' id='word_1_689' title='bbox 863 4982 1088 5056; x_wconf 85' lang='grc' dir='ltr'>πραέων</span> <span class='ocrx_word' id='word_1_690' title='bbox 1130 4980 1469 5051; x_wconf 86' lang='grc' dir='ltr'>ἐπαγγελία·</span> <span class='ocrx_word' id='word_1_691' title='bbox 1523 4984 1592 5054; x_wconf 76' lang='grc' dir='ltr'>τῇ</span> <span class='ocrx_word' id='word_1_692' title='bbox 1639 4982 1751 5036; x_wconf 85' lang='grc' dir='ltr'><strong>τῶν</strong></span> <span class='ocrx_word' id='word_1_693' title='bbox 1793 4984 1852 5037; x_wconf 86' lang='grc' dir='ltr'><strong>ἐν</strong></span> 
     </span>
    </p>
   </div>
   <div class='ocr_carea' id='block_1_97' title="bbox 260 5073 1850 5150">
    <p class='ocr_par' dir='ltr' id='par_1_97' title="bbox 260 5073 1850 5150">
     <span class='ocr_line' id='line_1_97' title="bbox 260 5073 1850 5150; baseline -0.001 -21"><span class='ocrx_word' id='word_1_694' title='bbox 260 5077 434 5150; x_wconf 78' lang='grc' dir='ltr'>ταύτῃ</span> <span class='ocrx_word' id='word_1_695' title='bbox 481 5079 548 5150; x_wconf 78' lang='grc' dir='ltr'>τῇ</span> <span class='ocrx_word' id='word_1_696' title='bbox 576 5078 648 5150; x_wconf 81' lang='grc' dir='ltr'>γῇ</span> <span class='ocrx_word' id='word_1_697' title='bbox 677 5075 902 5146; x_wconf 84' lang='grc' dir='ltr'>ἀγαθῶν</span> <span class='ocrx_word' id='word_1_698' title='bbox 935 5074 1119 5131; x_wconf 61' lang='grc' dir='ltr'>ἐλπίδι</span> <span class='ocrx_word' id='word_1_699' title='bbox 1140 5073 1540 5147; x_wconf 84' lang='grc' dir='ltr'>παρακαλοῦσα</span> <span class='ocrx_word' id='word_1_700' title='bbox 1567 5073 1665 5128; x_wconf 77' lang='grc' dir='ltr'>καὶ</span> <span class='ocrx_word' id='word_1_701' title='bbox 1713 5075 1850 5128; x_wconf 84' lang='grc' dir='ltr'>ἅνα-</span> 
     </span>
    </p>
   </div>
   <div class='ocr_carea' id='block_1_98' title="bbox 236 5167 1186 5242">
    <p class='ocr_par' dir='ltr' id='par_1_98' title="bbox 236 5167 1186 5242">
     <span class='ocr_line' id='line_1_98' title="bbox 236 5167 1186 5242; baseline 0 -19"><span class='ocrx_word' id='word_1_702' title='bbox 236 5171 516 5242; x_wconf 79' lang='grc' dir='ltr'>,κτωμένη</span> <span class='ocrx_word' id='word_1_703' title='bbox 554 5187 654 5241; x_wconf 88' lang='grc' dir='ltr'><strong>την</strong></span> <span class='ocrx_word' id='word_1_704' title='bbox 690 5167 950 5240; x_wconf 85' lang='grc' dir='ltr'>τοιαύτην</span> <span class='ocrx_word' id='word_1_705' title='bbox 989 5168 1186 5239; x_wconf 80' lang='grc' dir='ltr'>ψυχήν.</span> 
     </span>
    </p>
   </div>
   <div class='ocr_carea' id='block_1_99' title="bbox 331 5258 1845 5333">
    <p class='ocr_par' dir='ltr' id='par_1_99' title="bbox 331 5258 1845 5333">
     <span class='ocr_line' id='line_1_99' title="bbox 331 5258 1845 5333; baseline -0.002 -16"><span class='ocrx_word' id='word_1_706' title='bbox 331 5271 445 5328; x_wconf 77' lang='grc' dir='ltr'>κς’.</span> <span class='ocrx_word' id='word_1_707' title='bbox 472 5264 701 5333; x_wconf 79' lang='grc' dir='ltr'>Ὠσπερ</span> <span class='ocrx_word' id='word_1_708' title='bbox 732 5262 788 5316; x_wconf 81' lang='grc' dir='ltr'><strong>εἰ</strong></span> <span class='ocrx_word' id='word_1_709' title='bbox 822 5278 913 5329; x_wconf 84' lang='grc' dir='ltr'><strong>τις</strong></span> <span class='ocrx_word' id='word_1_710' title='bbox 944 5260 1151 5331; x_wconf 79' lang='grc' dir='ltr'>πηγὴν</span> <span class='ocrx_word' id='word_1_711' title='bbox 1181 5258 1472 5330; x_wconf 67' lang='grc' dir='ltr'>φράσσοι,</span> <span class='ocrx_word' id='word_1_712' title='bbox 1501 5259 1598 5313; x_wconf 82' lang='grc' dir='ltr'><strong>καί</strong></span> <span class='ocrx_word' id='word_1_713' title='bbox 1626 5259 1845 5327; x_wconf 81' lang='grc' dir='ltr'>ὕδατος</span> 
     </span>
    </p>
   </div>
   <div class='ocr_carea' id='block_1_100' title="bbox 264 5348 1842 5422">
    <p class='ocr_par' dir='ltr' id='par_1_100' title="bbox 264 5348 1842 5422">
     <span class='ocr_line' id='line_1_100' title="bbox 264 5348 1842 5422; baseline -0.003 -15"><span class='ocrx_word' id='word_1_714' title='bbox 264 5352 476 5417; x_wconf 74' lang='grc' dir='ltr'>ἔξοδον</span> <span class='ocrx_word' id='word_1_715' title='bbox 507 5354 889 5422; x_wconf 76' lang='grc' dir='ltr'>λυμαίνοιτο,</span> <span class='ocrx_word' id='word_1_716' title='bbox 924 5350 1113 5415; x_wconf 78' lang='grc' dir='ltr'>οὕτως</span> <span class='ocrx_word' id='word_1_717' title='bbox 1146 5349 1422 5419; x_wconf 80' lang='grc' dir='ltr'>ἄκοσμον</span> <span class='ocrx_word' id='word_1_718' title='bbox 1467 5348 1702 5404; x_wconf 83' lang='grc' dir='ltr'>δίκαιον</span> <span class='ocrx_word' id='word_1_719' title='bbox 1736 5364 1842 5404; x_wconf 78' lang='grc' dir='ltr'><strong>πε-</strong></span> 
     </span>
    </p>
   </div>
   <div class='ocr_carea' id='block_1_101' title="bbox 260 5441 1843 5512">
    <p class='ocr_par' dir='ltr' id='par_1_101' title="bbox 260 5441 1843 5512">
     <span class='ocr_line' id='line_1_101' title="bbox 260 5441 1843 5512; baseline -0.002 -15"><span class='ocrx_word' id='word_1_720' title='bbox 260 5445 557 5501; x_wconf 71' lang='grc' dir='ltr'>πτωκέναι</span> <span class='ocrx_word' id='word_1_721' title='bbox 589 5442 849 5499; x_wconf 77' lang='grc' dir='ltr'>ἐνώπιον</span> <span class='ocrx_word' id='word_1_722' title='bbox 880 5441 1159 5508; x_wconf 78' lang='grc' dir='ltr'>ἀσεϐοῦς.</span> <span class='ocrx_word' id='word_1_723' title='bbox 1202 5441 1469 5509; x_wconf 80' lang='grc' dir='ltr'>Καθάπερ</span> <span class='ocrx_word' id='word_1_724' title='bbox 1508 5441 1604 5494; x_wconf 84' lang='grc' dir='ltr'><strong>ἐάν</strong></span> <span class='ocrx_word' id='word_1_725' title='bbox 1631 5457 1716 5505; x_wconf 88' lang='grc' dir='ltr'><strong>τις</strong></span> <span class='ocrx_word' id='word_1_726' title='bbox 1741 5442 1843 5512; x_wconf 80' lang='grc' dir='ltr'><strong>ὲμ-</strong></span> 
     </span>
    </p>
   </div>
   <div class='ocr_carea' id='block_1_102' title="bbox 267 5532 1843 5610">
    <p class='ocr_par' dir='ltr' id='par_1_102' title="bbox 267 5532 1843 5610">
     <span class='ocr_line' id='line_1_102' title="bbox 267 5532 1843 5610; baseline -0.004 -17"><span class='ocrx_word' id='word_1_727' title='bbox 267 5538 490 5608; x_wconf 78' lang='grc' dir='ltr'>φράττοι</span> <span class='ocrx_word' id='word_1_728' title='bbox 524 5536 730 5610; x_wconf 80' lang='grc' dir='ltr'>πηγὴν,</span> <span class='ocrx_word' id='word_1_729' title='bbox 763 5536 855 5590; x_wconf 81' lang='grc' dir='ltr'>καὶ</span> <span class='ocrx_word' id='word_1_730' title='bbox 889 5533 1035 5607; x_wconf 78' lang='grc' dir='ltr'>ὕδωρ</span> <span class='ocrx_word' id='word_1_731' title='bbox 1084 5537 1150 5589; x_wconf 88' lang='grc' dir='ltr'><strong>ἐκ</strong></span> <span class='ocrx_word' id='word_1_732' title='bbox 1202 5533 1405 5604; x_wconf 77' lang='grc' dir='ltr'>ταύτης</span> <span class='ocrx_word' id='word_1_733' title='bbox 1456 5533 1657 5587; x_wconf 77' lang='grc' dir='ltr'>κωλύοι</span> <span class='ocrx_word' id='word_1_734' title='bbox 1689 5532 1843 5605; x_wconf 77' lang='grc' dir='ltr'>ἐξέρ-</span> 
     </span>
    </p>
   </div>
   <div class='ocr_carea' id='block_1_103' title="bbox 263 5625 1844 5702">
    <p class='ocr_par' dir='ltr' id='par_1_103' title="bbox 263 5625 1844 5702">
     <span class='ocr_line' id='line_1_103' title="bbox 263 5625 1844 5702; baseline -0.003 -19"><span class='ocrx_word' id='word_1_735' title='bbox 263 5630 474 5700; x_wconf 82' lang='grc' dir='ltr'>χεσθαι,</span> <span class='ocrx_word' id='word_1_736' title='bbox 502 5631 726 5702; x_wconf 81' lang='grc' dir='ltr'>ἀπρεπῆ</span> <span class='ocrx_word' id='word_1_737' title='bbox 749 5627 955 5699; x_wconf 89' lang='grc' dir='ltr'>ταύτην</span> <span class='ocrx_word' id='word_1_738' title='bbox 992 5626 1326 5697; x_wconf 73' lang='grc' dir='ltr'>ἐργάζεται,</span> <span class='ocrx_word' id='word_1_739' title='bbox 1354 5625 1636 5696; x_wconf 80' lang='grc' dir='ltr'>ἀφανίζων</span> <span class='ocrx_word' id='word_1_740' title='bbox 1674 5628 1744 5679; x_wconf 85' lang='grc' dir='ltr'>τὰ</span> <span class='ocrx_word' id='word_1_741' title='bbox 1787 5626 1844 5693; x_wconf 80' lang='grc' dir='ltr'>ἐξ</span> 
     </span>
    </p>
   </div>
   <div class='ocr_carea' id='block_1_104' title="bbox 264 5717 1843 5794">
    <p class='ocr_par' dir='ltr' id='par_1_104' title="bbox 264 5717 1843 5794">
     <span class='ocr_line' id='line_1_104' title="bbox 264 5717 1843 5794; baseline -0.002 -18"><span class='ocrx_word' id='word_1_742' title='bbox 264 5724 430 5794; x_wconf 75' lang='grc' dir='ltr'>αὐτῆς</span> <span class='ocrx_word' id='word_1_743' title='bbox 458 5721 829 5790; x_wconf 73' lang='grc' dir='ltr'>ἀναδλύζοντα</span> <span class='ocrx_word' id='word_1_744' title='bbox 861 5720 1197 5776; x_wconf 81' lang='grc' dir='ltr'>διειδέστατα</span> <span class='ocrx_word' id='word_1_745' title='bbox 1221 5720 1460 5791; x_wconf 78' lang='grc' dir='ltr'>νάματα·</span> <span class='ocrx_word' id='word_1_746' title='bbox 1490 5717 1664 5783; x_wconf 78' lang='grc' dir='ltr'>οὕτως</span> <span class='ocrx_word' id='word_1_747' title='bbox 1694 5720 1843 5773; x_wconf 78' lang='grc' dir='ltr'>ἐστὶν</span> 
     </span>
    </p>
   </div>
   <div class='ocr_carea' id='block_1_105' title="bbox 1959 4529 3533 4604">
    <p class='ocr_par' dir='ltr' id='par_1_105' title="bbox 1959 4529 3533 4604">
     <span class='ocr_line' id='line_1_105' title="bbox 1959 4529 3533 4604; baseline 0.003 -20"><span class='ocrx_word' id='word_1_748' title='bbox 1959 4529 2036 4584; x_wconf 84' lang='lat' dir='ltr'><strong>sic</strong></span> <span class='ocrx_word' id='word_1_749' title='bbox 2066 4530 2284 4586; x_wconf 77' lang='lat' dir='ltr'><strong>tiuutius</strong></span> <span class='ocrx_word' id='word_1_750' title='bbox 2323 4530 2491 4585; x_wconf 79' lang='lat' dir='ltr'><strong>bonus</strong></span> <span class='ocrx_word' id='word_1_751' title='bbox 2526 4531 2591 4586; x_wconf 84' lang='lat' dir='ltr'><strong>de</strong></span> <span class='ocrx_word' id='word_1_752' title='bbox 2625 4541 2768 4586; x_wconf 82' lang='lat' dir='ltr'><strong>terra</strong></span> <span class='ocrx_word' id='word_1_753' title='bbox 2815 4534 3123 4604; x_wconf 81' lang='lat' dir='ltr'><strong>longinqua.</strong></span> <span class='ocrx_word' id='word_1_754' title='bbox 3168 4533 3533 4599; x_wconf 80' lang='lat' dir='ltr'><strong>Quemadmo-</strong></span> 
     </span>
    </p>
   </div>
   <div class='ocr_carea' id='block_1_106' title="bbox 1957 4622 3541 4694">
    <p class='ocr_par' dir='ltr' id='par_1_106' title="bbox 1957 4622 3541 4694">
     <span class='ocr_line' id='line_1_106' title="bbox 1957 4622 3541 4694; baseline 0.004 -17"><span class='ocrx_word' id='word_1_755' title='bbox 1957 4622 2088 4677; x_wconf 89' lang='lat' dir='ltr'><strong>dum</strong></span> <span class='ocrx_word' id='word_1_756' title='bbox 2121 4638 2260 4693; x_wconf 89' lang='lat' dir='ltr'><strong>aqua</strong></span> <span class='ocrx_word' id='word_1_757' title='bbox 2315 4623 2675 4694; x_wconf 75' lang='lat' dir='ltr'><strong>frigidissima</strong></span> <span class='ocrx_word' id='word_1_758' title='bbox 2740 4625 3000 4681; x_wconf 87' lang='lat' dir='ltr'><strong>illecebra</strong></span> <span class='ocrx_word' id='word_1_759' title='bbox 3035 4626 3259 4682; x_wconf 79' lang='lat' dir='ltr'><strong>exsistit</strong></span> <span class='ocrx_word' id='word_1_760' title='bbox 3316 4629 3541 4683; x_wconf 85' lang='lat' dir='ltr'><strong>animali</strong></span> 
     </span>
    </p>
   </div>
   <div class='ocr_carea' id='block_1_107' title="bbox 1958 4714 3540 4793">
    <p class='ocr_par' dir='ltr' id='par_1_107' title="bbox 1958 4714 3540 4793">
     <span class='ocr_line' id='line_1_107' title="bbox 1958 4714 3540 4793; baseline 0.001 -23"><span class='ocrx_word' id='word_1_761' title='bbox 1958 4714 2194 4781; x_wconf 86' lang='lat' dir='ltr'><strong>sitienti,</strong></span> <span class='ocrx_word' id='word_1_762' title='bbox 2224 4715 2295 4769; x_wconf 89' lang='lat' dir='ltr'><strong>ita</strong></span> <span class='ocrx_word' id='word_1_763' title='bbox 2327 4723 2382 4770; x_wconf 81' lang='lat' dir='ltr'><strong>et</strong></span> <span class='ocrx_word' id='word_1_764' title='bbox 2414 4716 2612 4769; x_wconf 69' lang='lat' dir='ltr'><strong>animm</strong></span> <span class='ocrx_word' id='word_1_765' title='bbox 2634 4731 2901 4785; x_wconf 71' lang='lat' dir='ltr'><strong>genemse</strong></span> <span class='ocrx_word' id='word_1_766' title='bbox 2940 4715 3140 4793; x_wconf 85' lang='lat' dir='ltr'><strong>ferenti</strong></span> <span class='ocrx_word' id='word_1_767' title='bbox 3171 4719 3540 4780; x_wconf 80' lang='lat' dir='ltr'><strong>tentationnm</strong></span> 
     </span>
    </p>
   </div>
   <div class='ocr_carea' id='block_1_108' title="bbox 1956 4806 3547 4879">
    <p class='ocr_par' dir='ltr' id='par_1_108' title="bbox 1956 4806 3547 4879">
     <span class='ocr_line' id='line_1_108' title="bbox 1956 4806 3547 4879; baseline 0.003 -18"><span class='ocrx_word' id='word_1_768' title='bbox 1956 4815 2152 4861; x_wconf 64' lang='lat' dir='ltr'><strong>aestum</strong></span> <span class='ocrx_word' id='word_1_769' title='bbox 2193 4814 2249 4861; x_wconf 84' lang='lat' dir='ltr'><strong>et</strong></span> <span class='ocrx_word' id='word_1_770' title='bbox 2287 4807 2511 4863; x_wconf 84' lang='lat' dir='ltr'><strong>virtutis</strong></span> <span class='ocrx_word' id='word_1_771' title='bbox 2540 4806 2759 4861; x_wconf 82' lang='lat' dir='ltr'><strong>labores</strong></span> <span class='ocrx_word' id='word_1_772' title='bbox 2780 4806 3105 4863; x_wconf 83' lang='lat' dir='ltr'><strong>dulcissima</strong></span> <span class='ocrx_word' id='word_1_773' title='bbox 3131 4817 3217 4864; x_wconf 87' lang='lat' dir='ltr'><strong>est</strong></span> <span class='ocrx_word' id='word_1_774' title='bbox 3247 4811 3547 4879; x_wconf 74' lang='lat' dir='ltr'><strong>promissio</strong></span> 
     </span>
    </p>
   </div>
   <div class='ocr_carea' id='block_1_109' title="bbox 1956 4896 3543 4968">
    <p class='ocr_par' dir='ltr' id='par_1_109' title="bbox 1956 4896 3543 4968">
     <span class='ocr_line' id='line_1_109' title="bbox 1956 4896 3543 4968; baseline 0 -16"><span class='ocrx_word' id='word_1_775' title='bbox 1956 4897 2160 4952; x_wconf 68' lang='lat' dir='ltr'><strong>futurae</strong></span> <span class='ocrx_word' id='word_1_776' title='bbox 2188 4896 2526 4953; x_wconf 67' lang='lat' dir='ltr'><strong>Itaareditatis</strong></span> <span class='ocrx_word' id='word_1_777' title='bbox 2551 4897 2605 4951; x_wconf 92' lang='lat' dir='ltr'><strong>in</strong></span> <span class='ocrx_word' id='word_1_778' title='bbox 2641 4903 2789 4952; x_wconf 83' lang='lat' dir='ltr'><strong>terra</strong></span> <span class='ocrx_word' id='word_1_779' title='bbox 2814 4904 3247 4953; x_wconf 81' lang='lat' dir='ltr'><strong>mansuetorum.</strong></span> <span class='ocrx_word' id='word_1_780' title='bbox 3272 4896 3395 4951; x_wconf 80' lang='lat' dir='ltr'><strong>llaec</strong></span> <span class='ocrx_word' id='word_1_781' title='bbox 3422 4913 3543 4968; x_wconf 58' lang='lat' dir='ltr'><strong>pro.</strong></span> 
     </span>
    </p>
   </div>
   <div class='ocr_carea' id='block_1_110' title="bbox 1958 4988 3543 5062">
    <p class='ocr_par' dir='ltr' id='par_1_110' title="bbox 1958 4988 3543 5062">
     <span class='ocr_line' id='line_1_110' title="bbox 1958 4988 3543 5062; baseline 0.001 -19"><span class='ocrx_word' id='word_1_782' title='bbox 1958 4988 2152 5045; x_wconf 89' lang='lat' dir='ltr'><strong>missio</strong></span> <span class='ocrx_word' id='word_1_783' title='bbox 2183 5004 2280 5059; x_wconf 87' lang='lat' dir='ltr'><strong>spe</strong></span> <span class='ocrx_word' id='word_1_784' title='bbox 2318 4989 2594 5046; x_wconf 89' lang='lat' dir='ltr'><strong>bonorum</strong></span> <span class='ocrx_word' id='word_1_785' title='bbox 2651 4989 2819 5062; x_wconf 86' lang='lat' dir='ltr'><strong>hujus</strong></span> <span class='ocrx_word' id='word_1_786' title='bbox 2874 4997 3037 5047; x_wconf 78' lang='lat' dir='ltr'><strong>terrae</strong></span> <span class='ocrx_word' id='word_1_787' title='bbox 3083 4989 3247 5044; x_wconf 85' lang='lat' dir='ltr'><strong>talem</strong></span> <span class='ocrx_word' id='word_1_788' title='bbox 3299 4991 3543 5045; x_wconf 79' lang='lat' dir='ltr'><strong>animam</strong></span> 
     </span>
    </p>
   </div>
   <div class='ocr_carea' id='block_1_111' title="bbox 1956 5081 2605 5139">
    <p class='ocr_par' dir='ltr' id='par_1_111' title="bbox 1956 5081 2605 5139">
     <span class='ocr_line' id='line_1_111' title="bbox 1956 5081 2605 5139; baseline 0.005 -4"><span class='ocrx_word' id='word_1_789' title='bbox 1956 5081 2279 5136; x_wconf 87' lang='lat' dir='ltr'><strong>consolatur</strong></span> <span class='ocrx_word' id='word_1_790' title='bbox 2297 5089 2353 5137; x_wconf 89' lang='lat' dir='ltr'><strong>et</strong></span> <span class='ocrx_word' id='word_1_791' title='bbox 2402 5083 2605 5139; x_wconf 76' lang='lat' dir='ltr'><strong>reiicit.</strong></span> 
     </span>
    </p>
   </div>
   <div class='ocr_carea' id='block_1_112' title="bbox 2026 5260 3547 5334">
    <p class='ocr_par' dir='ltr' id='par_1_112' title="bbox 2026 5260 3547 5334">
     <span class='ocr_line' id='line_1_112' title="bbox 2026 5260 3547 5334; baseline 0 -17"><span class='ocrx_word' id='word_1_792' title='bbox 2026 5261 2194 5318; x_wconf 74' lang='lat' dir='ltr'><strong>Vens.</strong></span> <span class='ocrx_word' id='word_1_793' title='bbox 2227 5260 2319 5316; x_wconf 75' lang='grc'>26.</span> <span class='ocrx_word' id='word_1_794' title='bbox 2368 5261 2596 5319; x_wconf 79' lang='lat' dir='ltr'><strong>Sicutsi</strong></span> <span class='ocrx_word' id='word_1_795' title='bbox 2633 5264 2753 5334; x_wconf 80' lang='lat' dir='ltr'><strong>quis</strong></span> <span class='ocrx_word' id='word_1_796' title='bbox 2804 5262 3004 5333; x_wconf 81' lang='lat' dir='ltr'><strong>fontem</strong></span> <span class='ocrx_word' id='word_1_797' title='bbox 3042 5262 3286 5317; x_wconf 73' lang='lat' dir='ltr'><strong>obstruat</strong></span> <span class='ocrx_word' id='word_1_798' title='bbox 3318 5272 3361 5315; x_wconf 75' lang='grc' dir='ltr'>οι</span> <span class='ocrx_word' id='word_1_799' title='bbox 3390 5279 3547 5333; x_wconf 71' lang='lat' dir='ltr'><strong>aqua</strong></span> 
     </span>
    </p>
   </div>
   <div class='ocr_carea' id='block_1_113' title="bbox 1956 5353 3548 5425">
    <p class='ocr_par' dir='ltr' id='par_1_113' title="bbox 1956 5353 3548 5425">
     <span class='ocr_line' id='line_1_113' title="bbox 1956 5353 3548 5425; baseline 0.001 -17"><span class='ocrx_word' id='word_1_800' title='bbox 1956 5356 2157 5408; x_wconf 79' lang='lat' dir='ltr'><strong>exitum</strong></span> <span class='ocrx_word' id='word_1_801' title='bbox 2185 5354 2502 5422; x_wconf 81' lang='lat' dir='ltr'><strong>disperdat:</strong></span> <span class='ocrx_word' id='word_1_802' title='bbox 2534 5355 2611 5408; x_wconf 83' lang='lat' dir='ltr'><strong>sic</strong></span> <span class='ocrx_word' id='word_1_803' title='bbox 2647 5356 2890 5409; x_wconf 85' lang='lat' dir='ltr'><strong>indecens</strong></span> <span class='ocrx_word' id='word_1_804' title='bbox 2912 5363 3009 5423; x_wconf 71' lang='lat' dir='ltr'><strong>est</strong></span> <span class='ocrx_word' id='word_1_805' title='bbox 3036 5353 3246 5425; x_wconf 74' lang='lat' dir='ltr'><strong>justum</strong></span> <span class='ocrx_word' id='word_1_806' title='bbox 3291 5354 3548 5409; x_wconf 71' lang='lat' dir='ltr'><strong>cecidisse</strong></span> 
     </span>
    </p>
   </div>
   <div class='ocr_carea' id='block_1_114' title="bbox 1955 5447 3548 5520">
    <p class='ocr_par' dir='ltr' id='par_1_114' title="bbox 1955 5447 3548 5520">
     <span class='ocr_line' id='line_1_114' title="bbox 1955 5447 3548 5520; baseline 0 -18"><span class='ocrx_word' id='word_1_807' title='bbox 1955 5463 2136 5502; x_wconf 80' lang='lat' dir='ltr'><strong>eorum</strong></span> <span class='ocrx_word' id='word_1_808' title='bbox 2182 5448 2369 5516; x_wconf 81' lang='lat' dir='ltr'><strong>impio.</strong></span> <span class='ocrx_word' id='word_1_809' title='bbox 2402 5447 2875 5514; x_wconf 80' lang='lat' dir='ltr'><strong>Quemadmodum</strong></span> <span class='ocrx_word' id='word_1_810' title='bbox 2907 5448 2952 5504; x_wconf 92' lang='lat' dir='ltr'><strong>si</strong></span> <span class='ocrx_word' id='word_1_811' title='bbox 2984 5448 3110 5520; x_wconf 87' lang='lat' dir='ltr'><strong>quis</strong></span> <span class='ocrx_word' id='word_1_812' title='bbox 3144 5449 3398 5504; x_wconf 68' lang='lat' dir='ltr'><strong>obstruat</strong></span> <span class='ocrx_word' id='word_1_813' title='bbox 3427 5447 3548 5503; x_wconf 74' lang='lat' dir='ltr'><strong>lon-</strong></span> 
     </span>
    </p>
   </div>
   <div class='ocr_carea' id='block_1_115' title="bbox 1954 5535 3547 5607">
    <p class='ocr_par' dir='ltr' id='par_1_115' title="bbox 1954 5535 3547 5607">
     <span class='ocr_line' id='line_1_115' title="bbox 1954 5535 3547 5607; baseline -0.001 -17"><span class='ocrx_word' id='word_1_814' title='bbox 1954 5544 2061 5592; x_wconf 88' lang='lat' dir='ltr'><strong>tem</strong></span> <span class='ocrx_word' id='word_1_815' title='bbox 2086 5544 2141 5593; x_wconf 92' lang='lat' dir='ltr'><strong>et</strong></span> <span class='ocrx_word' id='word_1_816' title='bbox 2172 5552 2368 5606; x_wconf 88' lang='lat' dir='ltr'><strong>aquam</strong></span> <span class='ocrx_word' id='word_1_817' title='bbox 2393 5552 2459 5591; x_wconf 80' lang='lat' dir='ltr'><strong>ex</strong></span> <span class='ocrx_word' id='word_1_818' title='bbox 2483 5551 2546 5591; x_wconf 87' lang='lat' dir='ltr'><strong>ea</strong></span> <span class='ocrx_word' id='word_1_819' title='bbox 2569 5538 2719 5593; x_wconf 75' lang='lat' dir='ltr'><strong>exire</strong></span> <span class='ocrx_word' id='word_1_820' title='bbox 2750 5535 3033 5607; x_wconf 82' lang='lat' dir='ltr'><strong>impediat,</strong></span> <span class='ocrx_word' id='word_1_821' title='bbox 3055 5536 3370 5593; x_wconf 82' lang='lat' dir='ltr'><strong>indecorant</strong></span> <span class='ocrx_word' id='word_1_822' title='bbox 3397 5535 3547 5588; x_wconf 84' lang='lat' dir='ltr'><strong>illam</strong></span> 
     </span>
    </p>
   </div>
   <div class='ocr_carea' id='block_1_116' title="bbox 1951 5623 3547 5697">
    <p class='ocr_par' dir='ltr' id='par_1_116' title="bbox 1951 5623 3547 5697">
     <span class='ocr_line' id='line_1_116' title="bbox 1951 5623 3547 5697; baseline -0.004 -13"><span class='ocrx_word' id='word_1_823' title='bbox 1951 5630 2137 5695; x_wconf 84' lang='lat' dir='ltr'><strong>ellieit,</strong></span> <span class='ocrx_word' id='word_1_824' title='bbox 2201 5628 2272 5683; x_wconf 88' lang='lat' dir='ltr'><strong>ab</strong></span> <span class='ocrx_word' id='word_1_825' title='bbox 2339 5636 2566 5697; x_wconf 79' lang='lat' dir='ltr'><strong>aspectu</strong></span> <span class='ocrx_word' id='word_1_826' title='bbox 2606 5642 2893 5683; x_wconf 87' lang='lat' dir='ltr'><strong>removens</strong></span> <span class='ocrx_word' id='word_1_827' title='bbox 2951 5626 3261 5683; x_wconf 85' lang='lat' dir='ltr'><strong>clarissima</strong></span> <span class='ocrx_word' id='word_1_828' title='bbox 3309 5639 3374 5681; x_wconf 77' lang='lat' dir='ltr'><strong>ex</strong></span> <span class='ocrx_word' id='word_1_829' title='bbox 3427 5623 3547 5690; x_wconf 73' lang='lat' dir='ltr'><strong>ipsa</strong></span> 
     </span>
    </p>
   </div>
   <div class='ocr_carea' id='block_1_117' title="bbox 1951 5711 3543 5791">
    <p class='ocr_par' dir='ltr' id='par_1_117' title="bbox 1951 5711 3543 5791">
     <span class='ocr_line' id='line_1_117' title="bbox 1951 5711 3543 5791; baseline -0.001 -19"><span class='ocrx_word' id='word_1_830' title='bbox 1951 5737 2071 5791; x_wconf 78' lang='lat' dir='ltr'><strong>qua:</strong></span> <span class='ocrx_word' id='word_1_831' title='bbox 2106 5719 2421 5777; x_wconf 74' lang='lat' dir='ltr'><strong>scatat-iant</strong></span> <span class='ocrx_word' id='word_1_832' title='bbox 2452 5720 2696 5785; x_wconf 81' lang='lat' dir='ltr'><strong>llucnta;</strong></span> <span class='ocrx_word' id='word_1_833' title='bbox 2755 5718 2839 5776; x_wconf 85' lang='lat' dir='ltr'><strong>sic</strong></span> <span class='ocrx_word' id='word_1_834' title='bbox 2898 5718 3217 5773; x_wconf 87' lang='lat' dir='ltr'><strong>indecorum</strong></span> <span class='ocrx_word' id='word_1_835' title='bbox 3264 5724 3348 5773; x_wconf 84' lang='lat' dir='ltr'><strong>cst</strong></span> <span class='ocrx_word' id='word_1_836' title='bbox 3390 5711 3543 5771; x_wconf 79' lang='lat' dir='ltr'><strong>iltmu</strong></span> 
     </span>
    </p>
   </div>
  </div>
