3976 6452
478 354 615 420 Μ’ῖὲὶ

1818 343 2167 405 PROCOPII
2218 345 2462 403 GAZEI

3632 345 3748 414 “80

475 471 568 541 qui
618 456 1028 539 pulchritudine
1057 463 1331 517 virtutum
1379 468 1635 522 ornatur,
1667 459 1724 513 in
1760 459 1909 512 lucta
1966 454 2060 509 ad-

2186 458 2404 527 ιπρεπὲς
2449 455 2540 509 τὸν
2569 453 2990 525 κεκοσμημένον
3036 451 3115 524 τῷ
3166 454 3354 541 κάλλει
3388 456 3503 511 τῶν
3535 457 3749 527 ἀρετῶν,

474 575 670 617 versus
701 559 982 614 inimicum
1031 555 1351 609 animarum
1409 560 1728 608 nostrarum
1780 558 1835 603 et
1886 546 2061 601 Deum

476 653 920 723 despicientem;
972 649 1218 704 incidere
1270 648 1328 701 in
1380 653 1629 716 peccata,
1680 642 2064 710 virtutumque

478 745 701 816 spoliari
736 750 1088 798 ornamento.
1388 766 1391 773 -
1586 751 1593 755 '

551 834 717 890 Vens.
760 834 850 888 27.
902 832 1187 888 Uomedere
1238 830 1344 884 mel
1389 828 1637 890 multum,
1678 841 1783 880 non
1833 832 1912 878 est
1974 821 2066 876 bo-

480 942 643 991 num;
675 938 941 980 sermones
972 933 1149 978 autem
1190 923 1423 992 insignes
1461 921 1727 975 honorare
1791 915 1954 971 decet.
1982 915 2066 971 Ad

478 1032 791 1073 mensuram
862 1015 976 1070 frui
1038 1014 1311 1085 spirituali
1361 1012 1455 1067 Dei
1505 1010 1894 1081 mysteriorum
1942 1005 2066 1062 dul-

479 1110 673 1166 cedine
727 1124 836 1164 non
893 1106 1140 1181 prodest.
1186 1103 1262 1160 De
1300 1103 1387 1159 his
1446 1101 1596 1157 enim
1632 1099 1902 1154 eﬂ'renata
1953 1111 2070 1152 me-

476 1200 680 1256 ditatio
712 1200 818 1254 fert
861 1197 928 1252 ad
987 1196 1375 1266 prazcipitium.
1435 1190 1709 1246 Convenit
1755 1195 1939 1241 autem
1991 1183 2071 1238 a1-

475 1291 691 1348 tissima
717 1291 786 1346 de
813 1290 923 1344 Deo
955 1288 1211 1358 dogmata
1245 1285 1418 1340 vereri
1444 1292 1499 1338 et
1544 1297 1651 1336 non
1696 1278 1889 1334 conari
1920 1291 2071 1332 com-

479 1384 819 1456 prehendere
850 1377 1464 1450 incompreheusibilem
1507 1375 1629 1445 ejus
1672 1370 1994 1427 essentiam.

552 1556 721 1612 Vsus.
762 1557 850 1611 28.
906 1554 1059 1610 Sicut
1094 1553 1219 1607 urbs
1253 1560 1437 1621 patens
1472 1559 1519 1603 et
1572 1546 1767 1617 absque
1796 1559 2070 1598 murorum

479 1649 687 1704 ambitu
717 1688 732 1712 ,
793 1649 869 1702 sic
916 1647 996 1701 vir
1027 1646 1117 1716 qui
1173 1660 1278 1698 non
1345 1657 1462 1695 cum
1502 1637 1726 1693 consilia
1782 1635 1908 1706 quid
1938 1638 2067 1705 agit.

478 1739 954 1808 Quemadmodum
987 1738 1120 1792 urbs
1148 1750 1270 1805 qua:
1298 1748 1407 1787 nou
1440 1731 1608 1785 habet
1656 1742 1867 1793 muros,
1892 1734 1947 1780 et
1970 1726 2071 1778 mi-

2170 550 2227 601 ὲν
2258 551 2322 619 τῇ
2356 548 2492 618 πρὸς
2521 548 2611 599 τὸν
2658 546 2733 617 μὴ
2762 545 3016 616 τιμῶντα
3042 545 3176 601 Θεὸν
3196 589 3213 614 ,
3244 539 3447 621 ἐχθρὸν
3482 550 3593 604 τῶν
3632 553 3752 624 ἡμι-

2169 639 2345 711 τέρων
2375 638 2566 709 ψυχῶν
2596 638 2775 710 πάλῃ,
2823 637 3099 708 ἁμαρτίας
3132 641 3464 711 περιπεσεῖν
3495 641 3755 715 πτώματι,

2170 728 2265 781 καὶ
2297 726 2388 780 τὸν
2422 727 2630 798 κόσμον
2663 724 3039 780 ἀποϐαλέσθαι
3068 726 3178 780 τῶν
3209 728 3454 798 ἀρετῶν.

2241 817 2347 885 κζ’.
2384 817 2647 872 Ἐσθίειν
2680 817 2823 886 μέλι
2867 817 3049 885 πολὺ,
3100 820 3174 873 οὐ
3219 822 3456 874 καλόν-ο
3493 819 3668 890 τιμήν
3698 822 3760 876 δέ

2171 911 2290 982 χρὴ
2321 912 2544 980 λόγους
2567 908 2877 975 ἐνδόξους.
2897 910 2987 972 Et;
3009 909 3172 980 κόρον
3204 910 3653 982 μεταλαμϐάνειν
3672 911 3759 985 τῆς

2173 1002 2558 1073 πνευματικῆς
2618 1002 2726 1056 τῶν
2790 1002 2951 1056 θείων
3018 1004 3334 1075 μυστηρίων
3405 1003 3760 1075 γλυκύτητος,

2172 1088 2494 1166 ἀσύμφορον
2514 1108 2531 1125 ·
2564 1096 2597 1166 ἠ
2647 1094 2778 1166 περὶ
2821 1094 2997 1149 ταῦτα
3029 1095 3139 1168 γὰρ
3169 1096 3516 1167 ἀχαλίνωτος
3548 1095 3760 1168 θεωρία,

2175 1189 2333 1259 φέρει
2365 1187 2509 1241 κατά
2538 1187 2819 1259 κρημνοῦο
2849 1187 3196 1243 εὐλαϐεῖσθαι
3239 1188 3285 1241 δ’
3307 1188 3559 1259 ὑπάρχει
3603 1188 3766 1258 ἁρμό-

2173 1279 2286 1334 διον
2319 1278 2389 1332 τά
2422 1279 2556 1350 περὶ
2590 1278 2727 1333 Θεοῦ
2759 1278 3074 1350 ὑψηλότατα
3101 1279 3387 1348 δόγματα·
3423 1277 3525 1331 καὶ
3554 1277 3631 1348 μὴ
3657 1280 3764 1334 sut-

2174 1372 2380 1442 χειρεῖν
2417 1369 2864 1441 καταλαμϐάνειν
2899 1370 2961 1424 τὺ
2998 1371 3118 1425 κατ’
3141 1370 3329 1424 οὐσίαν
3358 1369 3539 1423 αὑτοῦ
3571 1369 3766 1423 ἀκατά-

2174 1462 2242 1534 λη
2249 1478 2406 1518 πτον.

2249 1555 2359 1626 κη’.
2411 1557 2643 1625 Ὥσπερ
2697 1556 2877 1622 πόλις
2934 1554 3008 1609 τὰ
3059 1556 3227 1624 τείχη
3278 1555 3760 1625 καταϐεϐλημένη

2177 1649 2275 1702 καὶ
2308 1649 2670 1717 ἀτείχιστος,
2706 1648 2896 1714 οὕτως
2922 1646 3081 1716 ἀνὴρ
3117 1647 3184 1713 ὃς
3220 1649 3293 1702 οὐ
3331 1647 3494 1716 μετὰ
3533 1644 3763 1719 βουλῆς

2178 1750 2234 1788 τι
2267 1733 2549 1803 πράσσει.
2591 1735 2860 1805 Καθάπερ
2885 1752 2971 1799 τις
3000 1735 3155 1799 πόλις
3182 1735 3555 1807 καθῃρημένη
3582 1735 3648 1790 τά
3667 1733 3762 1790 τεί-

476 1832 634 1886 uime
689 1829 1021 1892 custoditur,
1078 1826 1260 1880 facilis
1293 1831 1607 1893 oppugnata
1642 1827 1764 1885 est;
1799 1818 1880 1873 sic
1905 1816 2069 1871 etiam

2186 1843 2247 1895 χη
2284 1825 2378 1878 καὶ
2407 1824 2721 1895 ἀφύλακτος
2752 1824 2935 1883 τέλεον
2955 1867 2970 1892 ,
3004 1825 3176 1889 οὕτως
3211 1826 3454 1898 ὑπάρχει
3490 1825 3762 1880 εὑεπιϐού-

479 1920 578 1975 ille
625 1919 717 1989 qui
745 1919 864 1974 sine
903 1915 1163 1971 rationali
1200 1913 1535 1969 discretione
1585 1909 1830 1964 luctatur
1875 1906 2073 1960 adver-

478 2027 582 2067 sus
617 2012 804 2066 hostes
854 2008 1186 2063 invisibiles.
1248 2006 1358 2059 Aut
1388 2004 1562 2069 enim,
1601 2007 1792 2070 utpote
1847 1996 2076 2053 minime

482 2101 798 2157 custoditus
823 2140 837 2163 ,
885 2100 1049 2154 facile
1074 2104 1384 2168 occupatur
1413 2092 1772 2164 passionibus
1826 2104 1925 2161 per
1975 2089 2074 2144 de-

481 2192 690 2245 iectum
722 2190 964 2253 virtutis,
1003 2196 1098 2243 aut
1124 2188 1288 2258 quasi
1356 2184 1668 2240 custoditus
1703 2182 1774 2237 ab
1832 2174 1918 2237 his
1942 2181 2075 2250 qui-

483 2283 589 2337 bus
616 2281 723 2336 sibi
777 2283 1131 2337 securitatem
1165 2277 1502 2338 vindicabat,
1543 2276 1612 2329 ab
1647 2274 1761 2328 alto
1810 2272 2073 2326 deorsum

484 2375 702 2430 delatus
742 2373 797 2428 in
831 2383 1157 2443 peccatum.
1220 2355 1578 2441 passionib’us
1635 2378 1735 2434 per
1781 2377 2073 2418 excessum

479 2468 708 2524 virtutis
741 2465 982 2536 capitur.

1084 2554 1241 2611 CAP.
1284 2551 1480 2608 XXVI.

561 2649 726 2706 Vnus.
745 2650 794 2705 i.
818 2648 968 2705 Sicut
985 2664 1068 2702 ros
1087 2647 1148 2700 iu'
1165 2662 1350 2710 messe,
1371 2654 1422 2698 et
1437 2644 1571 2698 sicut
1591 2643 1772 2714 pluvia
1789 2644 1846 2699 in
1865 2650 2075 2705 aestate,

354 2736 369 2749 ’
486 2745 569 2801 sic
602 2761 706 2799 non
738 2752 816 2798 est
864 2740 1136 2811 insipienti
1174 2745 1362 2793 honor.
1395 2735 1869 2802 Quemadmodum
1904 2749 1998 2789 ros
2023 2732 2077 2787 in

486 2837 787 2908 manipulis
831 2836 1132 2905 spicarum,
1161 2840 1217 2885 et
1267 2829 1465 2901 pluviae
1495 2829 1550 2883 in
1598 2835 1849 2898 tempore
1879 2825 2078 2882 messis

487 2943 677 2984 earum
700 2943 808 2982 non
837 2923 1265 2982 suntlaudandaz
1286 2924 1379 2995 qui
1412 2940 1522 2979 non
1548 2923 1907 2996 prosunt;ita
1933 2921 2080 2976 irra-

486 3021 773 3076 tionaliter
799 3025 1220 3074 conversantem
1261 3010 1370 3070 non
1397 3024 1584 3070 manet
1601 3016 1797 3086 gloria,
1821 3028 2003 3084 neque
2023 3013 2077 3067 in

489 3123 691 3181 morte,
749 3127 927 3181 neque
962 3118 1087 3180 post
1128 3115 1382 3163 mortem.
1441 3106 1575 3161 Nam
1618 3108 1796 3179 gloria
1859 3106 2077 3177 quidem

490 3204 791 3262 immortali
844 3203 1074 3258 orbatus
1127 3210 1212 3257 est
1248 3241 1264 3266 ,
1299 3203 1429 3270 quia
1479 3216 1588 3255 non
1617 3199 1897 3255 festinavit
1927 3198 2079 3252 illam

491 3300 723 3370 adipisci
772 3313 872 3369 per
942 3297 1115 3351 vitam
1193 3296 1501 3353 virtutibus
1558 3302 1860 3357 ornatam,
1908 3291 2081 3362 gloria

491 3401 679 3447 autem
742 3398 1097 3460 temporanea
1156 3386 1359 3442 accidit
1410 3387 1573 3442 etiam
1626 3383 1765 3439 illud
1826 3381 2078 3453 spoliari.

566 3570 735 3625 Vnus.
775 3571 830 3625 2.
874 3567 1024 3624 Sicut
1054 3584 1173 3622 aves
1199 3566 1435 3622 volantes
1471 3575 1521 3621 et
1547 3580 1825 3635 passeres,
1873 3564 1951 3620 sic
1977 3581 2083 3618 nm-

494 3662 749 3718 ledictum
776 3676 973 3716 vanum
1004 3675 1110 3713 non
1164 3658 1491 3727 superveniet
1542 3657 1665 3710 ulli.
1714 3655 2083 3723 Quemadmo-

492 3757 625 3812 dum
655 3769 782 3810 aves
810 3766 1006 3808 omnes
1040 3759 1156 3806 tum
1193 3765 1406 3822 magnae
1434 3764 1560 3803 cum
1594 3764 1775 3820 parvae
1804 3749 2027 3803 avolant
2051 3763 2081 3802 a

493 3843 620 3897 loco
655 3842 717 3895 in
737 3855 846 3911 quo
873 3839 1161 3909 quiescere
1191 3854 1303 3894 non
1331 3845 1602 3910 possunt;
1656 3838 1740 3892 sic
1770 3852 1933 3892 omne
1960 3853 2083 3892 ma-

494 3933 762 3988 ledictum
810 3933 928 3989 sine
972 3932 1293 3986 rationabili
1340 3945 1511 3986 causa
1543 3931 1599 3984 in
1632 3930 1788 3985 illum
1837 3931 1931 4001 qui
1964 3944 2083 3984 ma-

496 4025 755 4080 ledicitur
799 4023 1098 4093 prolatum,
1129 4038 1242 4077 non
1293 4022 1476 4077 veniet
1529 4021 1658 4092 ipsi,
1704 4020 1797 4076 sed
1858 4022 2085 4076 omnino

496 4114 850 4187 superveniet
873 4115 951 4169 illi
975 4115 1093 4184 qui,
1126 4112 1379 4183 quamvis
1411 4128 1442 4166 a
1477 4113 1699 4167 nemine
1735 4110 2082 4178 maledictus,

497 4207 757 4279 Operibus
795 4206 1183 4261 maledictione
1211 4205 1396 4277 dignis
1432 4204 1723 4261 incumbit.

570 4388 739 4443 Vens.
794 4388 848 4444 3.
891 4386 1041 4443 Sicut
1088 4349 1363 4460 ﬂagellum
1408 4402 1539 4458 equo
1586 4395 1637 4442 et
1679 4403 1860 4442 camus
1909 4388 2080 4454 asino,

2175 1917 2362 1980 λευτος
2389 1918 2483 1971 καὶ
2506 1920 2535 1971 ὁ
2563 1917 2638 1988 μὴ
2671 1915 2809 1995 με.τά
2832 1915 3058 1986 λογικῆς
3082 1916 3436 1989 διακρίσεως,
3478 1916 3618 1987 πρὸς
3645 1919 3762 1982 τοὺς

2174 2008 2443 2080 άοράτους
2468 2008 2698 2080 ἐχθροὺς
2727 2008 3230 2080 ἀνταγωνιζόμενος
3246 2024 3260 2040 ⁸
3285 2008 3319 2081 ἢ
3351 2008 3471 2080 γὰρ
3494 2008 3573 2072 ὡς
3594 2009 3757 2082 πάντη

2175 2099 2509 2170 ἀφύλακτος,
2542 2099 2959 2171 εὐεπιχείρητός
2981 2103 3098 2154 ἐστι
3121 2103 3237 2163 τοῖς
3257 2102 3378 2154 κατ’
3407 2101 3650 2170 ἔλλειψιν
3671 2101 3760 2171 τῆς

2175 2192 2377 2261 ἀρετῆς
2407 2189 2669 2243 πάθεσινο
2711 2190 2746 2262 ἢ
2791 2191 2868 2254 ὡς
2900 2190 3010 2245 ἀπὸ
3040 2188 3247 2244 τούτων
3283 2191 3385 2262 μὲν
3424 2190 3760 2262 φυλασσόμεο

2175 2300 2287 2348 νος,
2313 2283 2399 2350 ἐφ’
2420 2275 2501 2345 οἷς
2529 2281 2576 2334 δ’
2600 2280 2854 2335 ἐντεῦθεν
2884 2281 2946 2335 τδ
2975 2281 3217 2346 ἀσφαλὲς
3237 2281 3422 2352 ἑαυτῷ
3448 2283 3759 2355 περιεποιή-

2176 2392 2329 2441 σατο,
2363 2373 2715 2443 κατενεχθεὶς
2762 2372 2840 2443 τῷ
2884 2376 2984 2444 τῆς
3012 2374 3300 2446 ὲπάρσεως
3335 2374 3622 2445 πτώματι,
3654 2378 3758 2443 τοῖς

2177 2468 2301 2524 καθ’
2333 2465 2641 2539 ὑπερϐολὴν
2677 2467 2777 2538 τῆς
2813 2467 3020 2539 ἀρετῆς
3055 2467 3337 2521 ἁλίσκεται
3376 2466 3630 2522 πάθεσιν.

2743 2559 3001 2613 usus.
3042 2557 3189 2626 KG".
3382 2594 3385 2597 ς

2248 2658 2318 2707 α’.
2353 2651 2583 2721 Ὠσπερ
2610 2649 2830 2720 δρόσος
2854 2650 2925 2704 ἐν
2962 2651 3187 2720 ἀμητῷ,
3224 2650 3327 2706 καὶ
3361 2650 3573 2720 ὥσπερ
3597 2651 3756 2720 ὑετὸς

2177 2743 2250 2797 ἐν
2273 2740 2447 2812 θέρει,
2499 2743 2687 2808 οὕτως
2713 2743 2826 2796 οὐκ
2857 2741 3030 2796 ἔστιν
3058 2741 3275 2811 ἄφρονι
3295 2742 3461 2812 τιμή.
3506 2744 3757 2816 Καθάπερ

2178 2836 2371 2908 δρόσος
2405 2835 2464 2887 ὲν
2490 2834 2606 2896 τοῖς
2654 2832 2937 2905 δράγμασι
2976 2833 3088 2886 τῶν
3117 2834 3433 2905 ἀσταχύων,
3474 2834 3573 2889 καὶ
3615 2833 3752 2901 ὑετὸς

2179 2928 2241 2982 ἑν
2296 2924 2480 2997 καιρῷ
2528 2924 2726 2998 θέρους
2772 2923 2976 2989 αὑτῶν,
3033 2925 3134 2978 οὐκ
3172 2926 3312 2980 εἰσὶν
3363 2926 3659 2993 ἐπαινετὰ,
3687 2927 3755 2987 ὡς

2184 3019 2309 3093 μηδ’
2360 3016 2614 3073 ὁπωσοῦν
2651 3015 2990 3086 ὠφελοῦντα·
3039 3017 3214 3082 οὕτως
3269 3017 3370 3089 οὐχ
3411 3019 3648 3090 ὑπάρχει
3683 3016 3753 3089 τῷ

2181 3111 2484 3183 ἀλογίστως
2539 3111 2749 3184 βιοῦντι
2805 3112 2932 3166 οῦτε
2993 3112 3248 3180 θανόντι,
3307 3114 3436 3169 οῦτε
3485 3115 3752 3187 θνήσκοντι

2189 3206 2346 3270 κλέος
2371 3222 2384 3236 ·
2413 3205 2671 3261 ἐντεῦθεν
2698 3207 2812 3279 γὰρ
2857 3208 2956 3277 τῆς
2989 3207 3090 3277 μὲν
3123 3208 3318 3279 ἀγήρω
3341 3206 3508 3279 δόξης
3547 3210 3753 3279 ἑστερη-

2192 3299 2356 3370 μένος
2400 3297 2586 3353 ἐστίν’
2612 3298 2696 3352 ὅτι
2749 3299 2825 3368 μὴ
2859 3296 3095 3352 ἔσπευσε
3140 3298 3344 3363 ταύτας
3393 3299 3465 3353 δι’
3515 3298 3752 3368 ἐναρέτου

2186 3390 2496 3462 κτήσασθαι
2532 3389 2851 3455 πολιτείας⁶
2886 3388 3177 3462 συμϐαίνει
3207 3391 3253 3444 δ’
3302 3391 3457 3465 αὑτῷ
3501 3389 3752 3447 ἀποϐαλέ-

2192 3480 2319 3534 σθαι
2347 3480 2445 3534 καὶ
2464 3481 2566 3553 τὴν
2588 3480 2882 3552 ἐπίκηρον.

2262 3571 2327 3642 β’.
2359 3571 2591 3640 ’Ὠσπερ
2610 3569 2789 3639 ὄρνεα
2815 3568 3099 3625 πέτονται
3123 3571 3223 3625 καί
3249 3568 3555 3642 στρουθοί,
3584 3571 3752 3637 οὕτως

2188 3662 2305 3731 ἀρὰ
2353 3663 2579 3732 ματαία
2617 3664 2732 3717 οὐκ
2782 3662 3178 3718 ἐπελεύσεται
3215 3663 3443 3719 οὐδενί.
3502 3663 3749 3732 Καθάπερ

2188 3739 2529 3825 ἀξρίπτανται
2555 3755 2772 3810 ἅπαντα
2795 3752 2871 3807 τὰ
2903 3753 3105 3824 πτηνὰ,
3132 3753 3204 3806 τά
3232 3770 3294 3806 τε
3328 3752 3546 3824 μεγάλα
3577 3748 3747 3806 καὶτὰ

2193 3848 2391 3920 μικρὰ,
2426 3845 2520 3901 τοῦ
2552 3846 2723 3900 τόπου
2774 3847 2832 3899 ὲν
2871 3837 2917 3914 ᾧ
2944 3834 3330 3915 ἀναπαυθῆναι
3383 3845 3461 3917 μὴ
3486 3842 3745 3898 δύνανται·

2188 3939 2365 4003 οὕτως
2391 3936 2744 4008 ἀφισταμένη
2779 3936 2935 3990 πᾶσα
2963 3936 3199 4004 κατάρα,
3231 3935 3320 3989 διὰ
3373 3933 3643 4007 μηδεμίαν
3665 3929 3747 3986 εῦ-

2189 4030 2351 4099 λογον
2377 4029 2558 4084 αἰτίαν
2586 4028 2734 4081 κατὰ
2755 4025 2851 4081 τοῦ
2887 4026 3278 4098 κατηραμένον
3315 4027 3634 4097 κινουμένη,
3663 4021 3749 4077 οὐκ

2190 4121 2407 4175 ἐπέλθοι
2444 4119 2595 4190 αὑτῷ
2621 4133 2636 4148 ⁸
2681 4117 2882 4188 ἐκείνῳ
2925 4117 2991 4171 δὲ’
3017 4117 3239 4181 πάντως
3291 4116 3620 4189 ἐπέρχεται,
3659 4112 3747 4170 κᾶν

2193 4213 2268 4284 μή
2300 4229 2381 4276 τις
2422 4209 2573 4282 αὑτῷ
2610 4209 3016 4282 καταράσηται,
3043 4208 3124 4281 τῷ
3170 4208 3358 4282 ἔργοις
3390 4210 3638 4282 κατάρας
3659 4208 3746 4278 ιμ-

2193 4304 2434 4376 μένοντι.
3590 4369 3597 4374 _

2261 4399 2334 4463 γ’.
2366 4394 2599 4462 Ὠσπερ
2633 4386 2858 4462 μάστιξ
2889 4391 3053 4455 ἵππῳ
3085 4391 3187 4445 καὶ
3216 4390 3470 4461 κέντρον
3503 4390 3636 4457 ὄνῳ,
3662 4385 3744 4442 οὕς

498 4486 577 4535 ita
623 4483 768 4550 virga
830 4480 974 4551 genti
1019 4481 1236 4549 iniqua.
1291 4479 1762 4546 Quemadmodum
1810 4477 2077 4551 ﬂagellum

2189 4501 2306 4552 τοις
2329 4482 2554 4554 ῥάϐδος
2583 4483 2745 4538 ἔθνει
2774 4482 3119 4553 παρανόμῳ.
3155 4481 3428 4553 Καθάπερ
3459 4481 3743 4550 πλήττουσα

500 4572 718 4626 euidens
757 4585 984 4638 equum,
1031 4570 1314 4627 libidinem
1357 4570 1480 4641 ejus
1534 4580 1589 4625 et
1643 4571 2084 4641 pervicacitatem

499 4670 743 4729 coercet,
766 4672 822 4718 et
846 4678 1037 4718 camus
1074 4678 1322 4734 pungens
1355 4664 1574 4718 asinum
1613 4664 1765 4718 illum
1801 4663 1868 4717 ad
1923 4663 2086 4718 citius

500 4755 895 4811 ambulandum
925 4757 1133 4810 excitat
1158 4771 1171 4806 :
1200 4756 1276 4810 ita
1304 4754 1465 4825 quasi
1515 4754 1667 4824 virga
1698 4753 1949 4824 quaedam
1996 4767 2088 4806 ra-

502 4845 731 4902 tionalis
756 4846 947 4902 carnis
989 4860 1154 4916 pana
1211 4846 1396 4902 erudit
1449 4846 1715 4915 populum
1773 4844 2087 4899 divinarum
2138 4861 2140 4864 '

502 4939 689 5010 legum
738 4945 1232 5008 transgressorem.
1304 4935 1474 4991 Sedat
1531 4937 1752 5006 quidem
1812 4937 2089 5006 appetitus

502 5030 959 5101 concupiscibilis
1017 5028 1527 5100 intemperantiam,
1556 5018 1611 5081 et
1641 5027 1919 5097 appetitus
1974 5028 2086 5081 ira-

505 5123 718 5180 scibilis
764 5122 1184 5189 contentiones;
1214 5122 1418 5177 excitat
1445 5130 1627 5175 autem
1662 5119 1936 5192 pigritiam
1969 5119 2089 5188 ejus

505 5212 871 5269 imbecillitati
923 5213 1112 5269 carnis
1165 5212 1524 5269 inhaerentem
1587 5220 1645 5266 ut
1677 5210 1934 5266 mundata
1994 5211 2089 5267 Dei

504 5314 665 5362 curet
705 5305 764 5361 in
801 5306 960 5379 praxi
1003 5305 1308 5378 implenda.

577 5485 747 5543 Vnus.
788 5486 844 5552 Δ,
877 5488 932 5544 ὅ.
958 5487 1037 5543 Ne
1064 5487 1385 5559 respondeas
1425 5487 1588 5542 stulto
1606 5487 1770 5557 juxta
1795 5484 2089 5540 stultitiam

486 5593 683 5649 suam,
721 5593 786 5632 ne
811 5577 1057 5647 eﬂiciaris
1086 5580 1134 5633 ei
1160 5580 1394 5645 similis;
1450 5580 1541 5634 sed
1604 5577 1860 5648 responde
1919 5577 2089 5630 stulto

504 5670 694 5725 contra
718 5670 1000 5725 stultitiam
1024 5686 1202 5738 suam,
1231 5690 1294 5727 ne
1329 5673 1431 5726 sibi
1453 5672 1664 5740 sapiens
1689 5687 1803 5725 esse
1825 5669 2085 5725 videatur.

507 5759 594 5817 llti
635 5763 729 5832 qui
756 5762 925 5818 Deum
965 5763 1018 5817 in
1061 5758 1228 5819 cerde
1278 5779 1388 5819 non
1443 5764 1607 5820 habet
1647 5779 1714 5819 ne
1763 5760 2083 5820 consentias

2186 4575 2394 4647 ¹μάστιξ
2424 4574 2614 4641 ἵππον,
2642 4572 2707 4625 τὺ
2736 4570 3051 4642 θηλυμανὲς
3093 4573 3286 4625 τούτου
3321 4573 3419 4625 καὶ
3466 4570 3742 4642 φιλόνεικον

2188 4662 2581 4736 ἀποκρούεται,
2635 4662 2731 4716 καὶ
2779 4660 2968 4716 νύττον
3040 4662 3267 4733 κέντρον
3312 4660 3466 4727 ὄνον,
3511 4656 3743 4727 διεγειρει

2187 4754 2382 4809 τοῦτον
2417 4753 2556 4826 πρὸς
2587 4751 2894 4823 ταχυτέραν
2941 4752 3195 4824 πορείανυ
3229 4750 3374 4804 οὕτω
3418 4747 3656 4805 παιδεύει
3681 4743 3742 4806 ὥς

2187 4863 2273 4911 τις
2307 4845 2527 4918 ῥάϐδος,
2559 4846 2593 4914 ἠ
2626 4843 2768 4899 κατά
2794 4843 2955 4913 λόγον
2980 4843 3084 4913 τῆς
3114 4843 3321 4914 σαρκὸς
3363 4845 3603 4914 τιμωρία
3633 4834 3742 4892 λαὸν

2189 4941 2280 4993 τὸν
2320 4940 2448 5001 τοὺς
2484 4935 2664 4999 θείους
2715 4934 3133 5006 παραϐαίνοντα
3184 4933 3419 5005 νόμους·
3453 4934 3549 4987 καὶ
3594 4945 3741 4984 κατα-

2190 5028 2357 5084 παύει
2401 5027 2501 5099 μὲν
2529 5027 2591 5080 τὸ
2619 5027 2811 5080 τούτου
2848 5026 2993 5079 κατὰ
3024 5024 3086 5078 τὸ
3121 5023 3547 5095 ἐπιθυμητικὸν,
3571 5021 3742 5077 ἀκόλαο

2192 5138 2344 5186 στον,
2385 5118 2486 5173 καὶ
2517 5118 2577 5173 τὸ
2617 5120 2761 5171 κατὰ
2790 5115 2854 5171 τὸ
2887 5115 3149 5187 θυμικὸν,
3199 5116 3477 5187 μάχιμον·
3512 5111 3739 5183 διεγείρει

2189 5215 2247 5269 δὲ
2280 5213 2339 5266 τὺ
2379 5212 2467 5266 διὰ
2498 5210 2597 5282 τὴν
2630 5211 2920 5283 ἀσθένειαν
2966 5209 3069 5278 τῆς
3100 5209 3305 5280 σαρκὸς
3337 5207 3548 5280 νωθρδν
3580 5200 3738 5260 αὑτοῦ.

2192 5302 2329 5371 πρδς
2350 5298 2673 5371 ἐπιμέλειαν
2698 5299 2798 5369 τῆς
2820 5298 2965 5352 κατά
2985 5298 3187 5370 πρᾶξιν
3217 5297 3327 5352 τῶν
3353 5298 3517 5351 θείων
3541 5290 3737 5350 ἐντολῶν

2191 5392 2407 5465 τρίϐου.

2262 5484 2326 5548 δ’,
2364 5482 2428 5539 ε’.
2469 5483 2564 5552 Μὴ
2600 5482 2938 5551 ἀποκρίνου
2966 5482 3183 5552 ἄφρονι
3214 5481 3365 5550 πρὸς
3394 5479 3511 5548 τὴν
3541 5476 3738 5533 ἐκείνου

2191 5575 2570 5646 ἀφροσύνην,
2611 5574 2713 5627 ἵνα
2727 5572 2815 5643 μὴ
2840 5572 3044 5644 ὅμοιος
3071 5571 3218 5642 γένῃ
3242 5569 3406 5636 αὐτῷ
3425 5610 3440 5633 ,
3466 5568 3601 5626 ἀλλ’
3623 5568 3741 5621 ἀπο·

2195 5666 2408 5735 κρίνου
2444 5663 2663 5734 ἄφρονι,
2699 5662 2852 5720 κατὰ
2884 5661 3002 5731 τὴν
3028 5662 3388 5731 ἀφροσύνην
3434 5658 3634 5719 αὐτοῦ,
3662 5655 3741 5707 ἵνα

2196 5756 2284 5829 μὴ
2333 5755 2618 5825 φαίνηται
2650 5754 2846 5824 σοφὸς
2883 5751 3020 5825 παρ’
3048 5750 3262 5818 ἐαυτῷ.
3294 5752 3387 5824 Μὴ
3434 5750 3514 5823 τῷ
3550 5752 3669 5804 θεὸν
3691 5740 3736 5795 οὗ

2644 5844 2675 5869 ..ο
