3976 6458
236 428 401 496 1481

1338 424 1876 491 COMMENTARII
1914 422 1997 486 IN
2033 424 2489 491 PROVERBIA.

3450 426 3587 491 H82

234 541 492 610 περιφέ
504 556 661 613 ροντι
685 541 743 594 ἰν
766 539 965 611 καρδίᾳ
992 536 1265 605 ἀπολογοῦ
1291 535 1606 600 ἀκολούθως
1627 539 1692 607 τῇ
1722 534 1880 604 ἀνοίᾳ

1993 536 2140 606 iuxta
2166 539 2346 609 ipsius
2385 538 2761 609 insipientam,
2802 550 2871 594 ne
2897 537 2954 592 in
2983 549 3230 592 errorem
3260 536 3427 615 simul
3492 536 3584 591 in-

234 630 492 684 αὺτοῦο
547 632 623 696 ὡς
671 630 855 702 ἂνομὴ
898 633 967 702 τῇ
1015 629 1197 702 πλάνῃ
1245 628 1440 682 τούτου
1498 628 1887 697 συνυπαχθῇς*

239 719 497 789 μᾶλλον
551 722 650 794 μὲν
681 716 777 775 οὖν
808 723 904 775 καὶ
949 719 1203 787 ἀντίλεγε
1224 717 1396 787 αύτῷ,
1434 719 1501 789 τῇ
1529 715 1722 770 τούτου
1753 732 1888 769 κατ-

1995 629 2220 685 ducaris
2256 648 2271 686 :
2305 631 2401 686 sed
2437 631 2620 701 potius
2647 629 2844 686 resiste
2871 630 2923 685 ei
2952 626 3258 686 secundum
3291 626 3586 683 stultitiam

1993 723 2158 792 ejus,
2196 739 2263 778 ne
2314 725 2606 780 stultitiam
2662 738 2818 780 suam
2877 731 3034 795 putet
3087 724 3465 793 sapientiam,
3532 728 3589 778 ct

230 810 542 881 αλλήλως
601 811 781 882 ἀνοίᾳ,
828 812 976 875 ὅπως
1015 811 1091 882 μὴ
1131 810 1229 882 τὴν
1285 810 1497 865 οἰκείαν
1551 809 1767 880 μωρίαν
1804 828 1882 864 νο⁴

1994 831 2178 886 usque
2227 817 2293 871 ad
2335 825 2568 872 mortem
2609 817 2665 871 in
2708 816 2800 871 illa
2838 823 3194 886 perseveret;
3228 812 3587 886 semetipsum

240 904 408 976 μίίσῃ
464 905 701 976 σοφίαν,
737 892 851 959 ’καὶ
899 905 1062 975 μέχρι
1124 903 1313 967 τέλους
1344 906 1662 978 παραμείνῃ
1709 907 1887 977 αύτῇο

237 996 385 1052 ἀλλ’
427 999 719 1068 ἐκφυγεῖν
747 996 956 1068 ταύτην
984 996 1301 1067 δυνήσεται,
1330 995 1529 1049 ἑαυτοῦ
1553 995 1887 1077 ἐπιγνώμων

240 1089 616 1161 γενόμενος.

329 1187 426 1246 ς’.
491 1182 603 1236 Ἐκ
640 1178 765 1235 τῶν
802 1179 1024 1235 ἑαυτοῦ
1077 1179 1233 1235 όδῶν
1279 1180 1513 1247 ὄνειδος
1549 1179 1822 1246 ποιεῖται,
1856 1182 1921 1235 ό·

244 1273 671 1340 ἀποστείλας
699 1272 778 1327 δι’
810 1272 1072 1343 ἀγγέλου
1095 1271 1358 1341 ἄφρονος
1378 1273 1587 1343 λόγον.
1624 1271 1757 1325 Ἀπὸ
1779 1271 1888 1325 τῶν

242 1364 518 1433 ἀσόφων
568 1364 954 1434 διανοημάτων
1007 1362 1174 1419 αὐτοῦ
1235 1362 1445 1434 μέμψιν
1515 1364 1888 1434 περιποιεῖται

241 1455 492 1529 ἑαυτῷ,
541 1458 569 1510 ὁ
615 1456 706 1511 διὰ
737 1456 834 1510 τοῦ
894 1455 1070 1510 ταῦτα
1130 1456 1597 1524 καταγγέλλοντος
1650 1457 1889 1527 ἄφρονος

241 1545 445 1615 λόγου
488 1546 852 1602 διδασκαλίαν
880 1547 1006 1600 τινά
1039 1545 1477 1615 προϐαλλόμενος
1505 1545 1651 1610 νοῦς.
1688 1546 1749 1599 '0
1778 1546 1889 1616 γὰρ

247 1642 318 1694 ὲν
347 1641 634 1709 αἰσθήσει
672 1639 768 1693 τοῦ
804 1638 1054 1693 τοιούτου
1102 1638 1262 1706 λόγου
1292 1638 1612 1709 γενόμενος,
1646 1640 1889 1710 ἐπιμέμ-

256 1749 452 1798 φεται
478 1731 562 1803 τῷ
587 1730 779 1786 τοῦτον
807 1731 1134 1786 ἀποτεκόντι
1183 1730 1286 1799 νοῒ,
1309 1731 1385 1795 ὼς
1412 1732 1487 1803 μὴ
1519 1731 1890 1803 διανοουμένῳ

248 1825 332 1879 τὰ
366 1825 606 1879 δέοντα.

1994 923 2334 981 cognoscens
2361 910 2510 966 illam
2533 910 2774 981 ell‘ugere
2804 909 3028 980 poterit.

3617 1119 3645 1148 ’ί

2071 1174 2237 1234 Vens.
2264 1175 2321 1232 6.
2363 1176 2447 1233 Ex
2476 1179 2571 1233 viis
2602 1176 2714 1233 suis
2745 1178 3086 1249 opprobrium
3128 1178 3262 1248 facit
3309 1179 3401 1250 qui
3439 1179 3585 1235 misit
3633 1191 3638 1195 '

1992 1270 2205 1325 rerbum
2236 1285 2328 1339 per
2361 1271 2606 1325 nuntium
2644 1271 3046 1341 imprudentem.
3083 1271 3162 1326 Ex
3193 1272 3586 1341 insipientibus

1991 1362 2420 1433 cogitationibus
2469 1360 2952 1432 reprehensionem
3006 1362 3112 1418 sibi
3146 1364 3377 1419 attrahit
3428 1381 3585 1421 mens

1990 1467 2114 1521 qua:
2143 1452 2452 1507 doctrinam
2501 1452 2700 1507 emittit
2729 1466 2825 1523 per
2845 1451 3246 1521 imprudentem
3270 1469 3582 1510 sermonem

1990 1543 2083 1597 illa
2131 1543 2533 1597 enuntiantem.
2564 1541 2752 1598 Talem
2809 1557 3120 1613 sermonem
3167 1544 3260 1613 qui
3294 1545 3581 1615 percipiet,

1994 1644 2237 1688 montem
2275 1633 2572 1704 redarguet
2602 1648 2726 1705 quae
2753 1634 3009 1706 concepit
3041 1635 3231 1701 illum,
3275 1637 3584 1708 incongrua

1991 1725 2346 1794 cogitavisse.

332 1916 413 1981 ζ’.
474 1917 731 1987 Ἀφελοῦ
777 1916 1027 1984 πορείαν
1067 1914 1329 1981 σκελῶν,
1361 1916 1460 1970 καὶ
1503 1915 1882 1985 παρανομίαν

2062 1896 2233 1954 Vens.
2264 1897 2322 1952 7.
2362 1897 2530 1966 Aufer
2566 1914 2804 1970 gressum
2842 1914 3060 1954 crurum
3086 1937 3101 1963 ,
3157 1907 3209 1953 et
3246 1898 3587 1970 iniquitatem

249 2007 333 2063 ἐκ
384 2009 711 2074 στόματος
740 2009 1044 2076 ἀφρόνων.
1096 2005 1416 2075 Ἐξάλειψον
1439 2006 1538 2077 τὴν
1576 2008 1674 2076 μὲν
1726 2006 1886 2078 ὲνέρο

252 2113 437 2164 γειαν
491 2097 600 2166 τῆς
650 2096 871 2162 κακίας,
907 2096 1016 2150 ἀπό
1067 2113 1128 2149 τε
1175 2095 1271 2149 τοῦ
1318 2094 1723 2165 ἐπιθυμητικοῦ
1776 2096 1887 2150 τῶν

253 2189 426 2258 ἀμνη
439 2188 759 2257 μονούντων
795 2187 956 2250 Θεοῦ,
980 2187 1078 2242 καὶ
1117 2188 1213 2241 τοῦ
1254 2187 1505 2258 θυμικοῦ
1533 2204 1547 2218 °
1589 2188 1658 2242 δι’
1685 2184 1761 2243 ὧν
1792 2187 1887 2243 δυ-

255 2280 537 2348 νάμεων,
564 2278 640 2343 ὥς
684 2295 848 2333 τινων
880 2279 1112 2347 σκελῶν,
1140 2282 1175 2351 ἡ
1218 2278 1366 2350 ψυχὴ
1393 2278 1582 2333 διώκει
1625 2295 1688 2332 τε
1740 2278 1885 2349 ἅπερ

257 2372 466 2433 ποθεῖ.
497 2373 596 2427 καί
630 2371 824 2440 φεύγει
854 2371 1002 2441 ἅπερ
1045 2374 1236 2442 μισεῖ·
1275 2370 1376 2442 τὴν
1400 2371 1457 2425 δὲ
1492 2371 1609 2436 ἕξιν
1653 2370 1882 2443 ταύτης,

261 2465 383 2531 ἀπὸ
405 2463 514 2517 τοῦ
546 2463 706 2532 δίκην
730 2462 1026 2532 στόματος,
1058 2462 1159 2532 τὴν
1193 2462 1357 2517 ποιὰν
1398 2464 1520 2525 ταῖς
1552 2462 1885 2533 εἰρημέναις

259 2556 555 2626 δυνάμεσι
622 2555 843 2628 κίνησιν
902 2554 1305 2625 ὑποτιθεμένου
1362 2554 1708 2625 διανοητικοῦ
1774 2554 1888 2609 τῶν

261 2649 558 2704 τοιούτων
598 2647 907 2720 ἀνθρώπων
929 2665 945 2680 ο
977 2649 1098 2703 δέον
1126 2648 1185 2703 δὲ
1219 2648 1441 2712 πάντως
1477 2648 1761 2718 ἐξαλεῖψαι
1789 2649 1888 2702 αύ-

262 2741 375 2804 τάς
402 2758 418 2772 ο
457 2739 556 2794 διὰ
599 2740 662 2793 τὸ
692 2741 975 2810 σπαρῆναι
1009 2738 1165 2810 παρά
1212 2738 1306 2793 τοῦ
1359 2737 1601 2810 πονηροῦ
1646 2739 1748 2811 τὴν
1783 2740 1887 2811 τῆς

265 2832 494 2897 κακίας
538 2830 653 2898 ἕξιν
678 2848 691 2863 ο
727 2832 825 2886 καὶ
849 2830 1279 2903 καρποφορῆσαι
1321 2829 1420 2901 τὴν
1464 2829 1677 2886 οἰκείαν
1729 2829 1886 2902 ὲνέρ-

264 2936 465 2992 γειαν.

345 3021 426 3086 η’.
474 3016 587 3081 ‘Oc
610 3015 1014 3084 ἀποδεσμεύει
1041 3015 1218 3070 λίθον
1236 3014 1307 3069 ἐν
1324 3014 1658 3084 σφενδόνῃ,
1682 3016 1886 3085 ὅμοιός

267 3102 417 3159 ἐστι
447 3104 537 3171 τῷ
567 3104 796 3160 διδόντι
828 3105 1047 3176 ἄφρονι
1077 3104 1290 3170 δόξαν.
1340 3104 1400 3160 '0
1445 3104 1594 3160 λίθον
1623 3105 1885 3175 ἀσφαλῶς

271 3198 524 3261 ἀντιθεὶς
553 3201 621 3269 τῇ
650 3197 935 3271 σφενδόνῃ,
955 3197 1065 3252 -τοῦ
1091 3198 1316 3269 ἀφεῖναι
1340 3196 1532 3251 τοῦτον
1557 3198 1878 3276 προθυμου-

275 3291 454 3361 μένου
493 3289 640 3344 κατά
698 3278 867 3355 τινος,
918 3289 1223 3362 παρόμοιός
1279 3290 1397 3343 ἐστι
1447 3288 1529 3360 τῷ
1578 3289 1878 3360 παρέχοντι

272 3382 455 3455 τιμὴν
534 3380 963 3454 περιποιητικὴν
1039 3379 1365 3444 δυναστείας
1427 3379 1506 3450 τῷ
1575 3380 1882 3449 ἀλογίστως

276 3471 539 3543 βιοῦντιο
582 3473 792 3543 ταύτης
819 3471 931 3544 γὰρ
993 3472 1023 3525 ό
1077 3469 1321 3534 τοιοῦτος
1365 3467 1733 3540 δραξάμενος,
1780 3469 1882 3524 οὐκ

276 3563 562 3635 ἀμελήσει
607 3564 678 3617 τὰ
704 3563 844 3635 πρὸς
898 3561 1108 3634 βλάϐην
1155 3560 1465 3633 ἀνθρώπων
1504 3561 1877 3634 ὲργάζεσθαιυ

275 3656 590 3711 κάντεῦθεν
620 3658 649 3711 ό
677 3655 780 3725 τὴν
810 3655 978 3727 τιμὴν
1003 3655 1154 3726 αὐτῷ
1185 3652 1512 3727 παρασχὼν,
1533 3653 1882 3726 συμμέτοχος

274 3746 446 3803 ἔσται
472 3748 648 3817 τούτῳ
676 3749 778 3818 τῆς
804 3746 1215 3818 κατακρίσεως.

352 3838 425 3894 θ’.
462 3838 766 3894 ,Ἀκανθαι
808 3838 1066 3908 φύονται
1109 3837 1181 3892 ἐν
1228 3835 1378 3907 χειρί
1417 3836 1526 3892 τοῦ
1558 3836 1840 3906 ’μεθύσου
1865 3850 1878 3863 '

276 3929 539 3986 δουλεία
572 3928 662 3998 δὲ,
690 3930 762 3986 ἐν
805 3930 958 4000 χειρὶ
1002 3928 1124 3985 τῶν
1165 3929 1465 4000 ἀφρόνων.
1516 3927 1882 3999 Ἑμμέριμνοι

282 4023 390 4092 μὲν
419 4021 759 4092 ἀναφύονται
789 4020 999 4076 ἔννοιαι
1029 4024 1096 4093 τῇ
1118 4020 1266 4092 ψυχῇ
1301 4021 1359 4073 ἑν
1388 4022 1453 4092 τῇ
1476 4022 1600 4075 κατ’
1628 4019 1883 4091 αἴσθησιν

279 4117 568 4189 ἐνεργείᾳ,
607 4116 704 4171 τοῦ
753 4119 820 4187 τῇ
875 4116 1061 4187 σχέσει
1103 4115 1215 4169 τῶν
1267 4116 1482 4185 ὁρατῶν
1526 4115 1883 4185 ἐξεστηκότος

278 4207 388 4278 τῆς
414 4206 616 4262 ἑαυτοῦ
658 4207 856 4276 σοφίας
887 4208 1029 4274 νοδς,
1059 4206 1317 4262 ἀκανθῶν
1343 4207 1503 4279 δίκην
1542 4206 1881 4281 πλήττουσαι

280 4302 383 4354 καὶ
410 4298 686 4355 λυποῦσαι
715 4299 889 4370 αὐτήν
908 4315 922 4329 ·
962 4298 1179 4353 δουλεία
1204 4298 1265 4353 δὲ
1294 4298 1507 4361 παθῶν,
1546 4300 1605 4353 ὲν
1654 4301 1720 4370 τῇ
1757 4300 1881 4353 κατ’

281 4387 590 4459 ιπιθυμίαν
638 4388 736 4442 καὶ
775 4386 949 4456 θυμὸν
991 4388 1266 4461 ἐνεργείᾳ.
1297 4388 1409 4442 τῶν
1459 4388 1535 4461 μὴ
1582 4390 1880 4460 ἐμφρόνως

279 4480 413 4542 ταῖς
433 4478 702 4549 δυνάμεσι
726 4477 957 4542 ταύταις
978 4478 1420 4534 ἐπιστατούντων
1450 4479 1751 4550 λογισμῶν·
1778 4482 1875 4536 καὶ

1992 2005 2059 2045 ea:
2104 2006 2192 2044 ore
2240 1989 2678 2059 imprudentium.
2706 1987 2863 2046 Tolle
2910 1990 3042 2044 mali
3094 1988 3477 2060 operationem
3517 1990 3587 2045 ab

1996 2083 2240 2154 appetitu
2275 2083 2696 2154 concupiscihili
2726 2092 2781 2137 et
2813 2083 3061 2161 appetitu
3096 2082 3365 2139 irascihili
3390 2099 3583 2139 eorum

1991 2173 2089 2245 qui
2123 2174 2530 2230 obliviscuntur
2560 2174 2679 2229 Dei.
2717 2171 2816 2230 llis
2838 2175 3099 2245 potentiis
3135 2177 3296 2245 quasi
3343 2176 3581 2246 quibus-

1992 2266 2118 2323 dam
2151 2268 2453 2333 cruribus,
2503 2269 2689 2323 anima
2745 2267 3059 2324 desiderata
3104 2270 3467 2340 prosequitur
3517 2284 3584 2325 ac

1997 2360 2192 2415 odiosa
2234 2359 2396 2433 fugit.
2445 2360 2717 2416 Aﬂ'ectum
2757 2368 2939 2416 autem
2969 2362 3097 2417 mali
3130 2361 3288 2434 aufer
3317 2363 3477 2433 quasi
3513 2378 3582 2420 ex

1989 2464 2107 2516 ore,
2139 2465 2206 2505 ex
2247 2450 2526 2506 intellectu
2587 2450 2774 2506 talium
2828 2451 3109 2506 hominum
3157 2452 3254 2522 qui
3324 2451 3583 2523 praefatae

1994 2548 2220 2597 movent
2260 2541 2572 2611 paSsiones.
2599 2541 2830 2614 Oportet
2873 2544 3046 2614 igitur
3080 2559 3174 2600 eas
3218 2560 3451 2616 prorsus
3488 2546 3584 2603 de-

1988 2630 2122 2686 lere.
2155 2630 2202 2684 A
2245 2632 2489 2702 maligno
2521 2632 2669 2687 enim
2718 2632 3026 2690 seminatur
3074 2633 3204 2689 mali
3248 2632 3477 2693 allectus
3516 2649 3585 2691 ac

1990 2723 2273 2796 profertur
2309 2725 2580 2796 operatio.

2061 2986 2233 3049 Vens.
2261 2990 2317 3048 8.
2363 2990 2469 3058 Qui
2494 2990 2686 3062 alligat
2714 2990 2942 3060 lapidem
2975 2993 3030 3045 in
3063 2988 3253 3059 lunda,
3286 2989 3480 3044 similis
3501 2998 3582 3046 est

1988 3082 2074 3137 illi
2101 3084 2192 3153 qui
2221 3084 2317 3138 dat
2348 3084 2619 3154 insipienti
2651 3083 2902 3154 gloriam.
2937 3081 3042 3149 Qui
3066 3080 3301 3150 lapidem
3326 3081 3381 3135 in
3409 3079 3583 3137 funda

1992 3180 2223 3236 ﬁrmiter
2250 3183 2443 3251 ponit,
2496 3182 2647 3237 illam
2685 3190 2881 3237 contra
2931 3181 3170 3259 aliquem
3218 3181 3581 3237 emitterein-

1987 3274 2243 3342 tendens,
2284 3275 2483 3332 similis
2511 3284 2597 3331 est
2642 3274 2694 3331 ei
2740 3274 2836 3346 qui
2875 3274 3142 3330 honorem
3184 3282 3238 3330 et
3277 3275 3580 3346 potentiam

1989 3374 2218 3438 praestat
2254 3367 2651 3423 irrationaliter
2679 3367 3060 3423 conversanti.
3093 3365 3195 3422 llic
3222 3369 3368 3422 enim
3399 3367 3582 3438 digni.

1985 3465 2097 3511 tate
2165 3459 2376 3528 potitus
2422 3473 2549 3514 non"
2583 3459 2821 3530 negliget
2864 3458 3047 3514 facere
3084 3474 3208 3529 quae
3261 3459 3581 3516 hominibus

1989 3556 2210 3603 nocent.
2241 3548 2344 3615 Qui
2376 3560 2555 3605 autem
2582 3548 2730 3606 hunc
2763 3550 3027 3607 honorem
3059 3551 3138 3605 illi
3172 3552 3427 3622 praastitit
3455 3551 3580 3625 ejus

1980 3639 2174 3711 iudicii
2204 3641 2480 3711 particeps
2511 3641 2593 3695 tit.

2062 3820 2231 3878 Vens.
2282 3823 2335 3877 9.
2391 3820 2569 3891 Spinw
2614 3833 2907 3879 nascantur
2950 3824 3005 3878 in
3054 3840 3218 3878 manu
3266 3823 3578 3889 temulenti;

1985 3915 2211 3970 servitus
2238 3913 2439 3971 'autem
2487 3917 2542 3971 in
2577 3932 2742 3971 manu
2771 3917 3206 3985 imprudentium.
3256 3917 3311 3972 In
3357 3919 3578 3975 actione
3618 3990 3625 3993 μ

1986 4020 2278 4069 sensuum,
2317 4022 2443 4061 cum
2475 4006 2781 4062 visibilium
2824 4022 3012 4063 amore
3051 4024 3211 4063 mens
3242 4023 3271 4062 a
3300 4007 3576 4079 sapientia

1982 4098 2287 4163 divellitur,
2318 4100 2516 4155 auium
2538 4090 2762 4169 quidem
2794 4108 3104 4154 nascuntur
3133 4100 3575 4167 sollicitudines,

1984 4205 2109 4261 quae
2129 4191 2275 4246 sicut
2301 4191 2475 4261 spinae
2501 4191 2706 4247 feriunt
2729 4207 2793 4247 ac
2817 4192 3110 4248 molestam
3139 4206 3295 4260 eam;
3336 4193 3578 4265 servitus

1988 4291 2171 4338 autem
2206 4284 2547 4353 passionum,
2583 4301 2681 4357 per
2713 4285 3014 4342 ellicaciam
3049 4287 3329 4357 appetitus
3363 4300 3570 4359 concu.

1985 4376 2258 4448 piscihilis
2307 4393 2373 4434 ac
2421 4380 2764 4441 irascibilis.
2814 4380 2946 4436 dum
2990 4379 3135 4436 ratio
3175 4379 3260 4437 his
3312 4381 3575 4453 potentiis

1985 4480 2093 4522 non
2124 4476 2345 4538 praeest,
2378 4477 2434 4523 et
2478 4484 2587 4524 non
2621 4469 2847 4526 suadet'
2868 4469 3379 4541 concupiscentiam
3413 4468 3575 4528 forti-

286 4570 365 4641 μὴ
400 4570 705 4625 πειθόντων
730 4571 832 4640 τὴν
875 4571 976 4642 μὲν
1008 4571 1328 4643 ἐπιθυμίαν,
1363 4571 1629 4644 ἀνδρείως
1664 4573 1870 4644 ὑπομέ-

1993 4568 2068 4615 Ler
2106 4561 2337 4617 molesta
2374 4560 2536 4618 ferre.

282 4676 402 4715 νειν
432 4660 503 4715 τὰ
526 4660 769 4733 λυπηρά.

357 4753 414 4810 ι’.
470 4756 682 4811 Πολλὰ
737 4755 1071 4826 χειμάζεται
1122 4755 1293 4812 πᾶσα
1349 4757 1509 4827 σὰρξ
1557 4758 1838 4828 ἀφρόνων
1858 4773 1873 4789 ·

283 4847 669 4914 συντρίϐεται
695 4849 806 4919 γὰρ
831 4851 872 4919 ὴ
897 4850 1144 4916 ἕκτασις
1171 4848 1389 4905 αὐτῶν.
1425 4849 1612 4921 Πολλῷ
1643 4851 1875 4922 χειμῶνι

283 4938 612 5009 πειρασμῶν
647 4942 914 4994 ἑκουσίων
948 4959 1006 4995 τε
1039 4942 1135 4995 καὶ
1171 4941 1876 5012 ἀκουσίωνησυνέχεταιδξο

284 5041 391 5096 κην
419 5027 720 5102 σκάφουςή
758 5029 898 5102 σάρξ
936 5032 1045 5085 τῶν
1078 5032 1152 5103 μὴ
1203 5031 1441 5102 ἔμφροσι
1474 5032 1758 5103 λογισμοῖς
1788 5031 1877 5088 οἷά

283 5132 427 5171 τισιν
457 5111 630 5185 οἴαξιν
654 5123 1039 5193 ἐπιστημόνως
1075 5121 1469 5194 κυόερνώντων
1497 5125 1672 5197 αὐτήν
1694 5139 1709 5157 ⁸
1746 5125 1875 5179 τού-

281 5224 393 5263 των
426 5211 534 5283 γὰρ
562 5215 597 5285 ἠ
625 5215 737 5268 ἀπὸ
775 5214 874 5269 τοῦ
928 5216 1071 5270 κατά
1106 5216 1270 5285 φύσιν
1303 5217 1383 5287 είς
1415 5216 1477 5269 τὸ
1520 5217 1674 5287 παρὰ
1709 5217 1874 5287 φύσιν

286 5300 411 5353 καθ’
464 5304 660 5375 ἡδονὴν
690 5305 784 5359 καὶ
814 5304 1024 5376 ὀδύνην
1063 5304 1448 5377 παρεκτροπὴ,
1486 5307 1626 5377 πρὸς
1672 5307 1874 5378 ἑαυτὴν

286 5394 618 5462 προσκρούει
662 5397 762 5451 καὶ
809 5397 1126 5467 φθείρεται·
1157 5398 1351 5468 ὅτιπερ
1399 5397 1469 5452 τὰ
1531 5399 1652 5452 κατ’
1679 5380 1873 5471 ὀδύνην

289 5484 472 5556 πάθη,
533 5491 647 5552 τοῖς
698 5489 820 5542 καθ’
865 5490 1058 5561 ἡδονὴν
1112 5491 1516 5563 ἀντικείμενα,
1578 5489 1871 5560 φθείρουσι

282 5575 477 5646 ταῦτα,
516 5582 610 5633 καὶ
638 5580 848 5645 τούτοις
881 5581 1304 5653 συμφθείρεται.

353 5762 441 5814 ια’.
480 5760 710 5831 Ὥσπερ
738 5762 899 5816 κύων
941 5762 1091 5817 ὅταν
1117 5763 1341 5833 ἐπέλθῃ
1378 5765 1473 5824 ἐπὶ
1507 5764 1615 5818 τὸν
1650 5762 1869 5819 ἑαυτοῦ

283 5843 511 5921 ἔμετον,
551 5854 648 5908 καὶ
691 5857 953 5923 μισητὸς
985 5855 1250 5926 γένηται,
1292 5857 1483 5924 οὕτως
1518 5857 1744 5928 ἄφρων,
1790 5854 1867 5927 τῇ

603 5946 878 6010 Panos.
923 5949 1041 6012 Gn.
1089 5949 1448 6013 LXXXVII
1456 5992 1475 6013 .

2055 4753 2221 4807 Vens.
2254 4754 2341 4808 iO.
2384 4753 2575 4810 Multis
2628 4755 2874 4824 procellis
2925 4756 3171 4827 jactatur
3210 4761 3383 4817 omnis
3443 4779 3572 4826 caro

1979 4843 2413 4912 imprudentium,
2431 4847 2724 4902 conteritur
2747 4849 2888 4903 enim
2916 4851 3146 4906 exclusis
3170 4868 3373 4909 eorum.
3401 4852 3569 4920 Multa

1981 4940 2307 5003 teinpvstate
2354 4939 2720 4993 tentationum
2756 4940 3196 4997 voluntariorum
3226 4952 3281 4999 et
3308 4945 3569 5005 involun.

1980 5023 2245 5078 tariarum
2295 5028 2451 5095 quasi
2513 5029 2719 5099 scapha
2764 5030 3009 5098 jactatur
3067 5047 3199 5087 caro
3235 5048 3426 5089 eorum
3468 5020 3564 5106 qui

1962 5118 2322 5188 'sapientihus
2355 5121 2876 5181 ratiocinationibus
2916 5126 3073 5195 quasi
3099 5127 3428 5196 quibusdam
3463 5147 3569 5196 gu-

1980 5209 2294 5267 bernaculis
2326 5227 2433 5267 non
2465 5214 2704 5270 scienter
2737 5216 2982 5287 dirigunt
3010 5233 3153 5273 cam.
3179 5210 3386 5274 [lorum
3416 5221 3566 5278 enim

1976 5305 2244 5360 transitus
2291 5307 2360 5359 ah
2417 5307 2497 5362 eis
2552 5323 2675 5376 qum
2720 5309 3023 5364 secundum
3075 5320 3329 5365 naturam
3376 5314 3442 5365 ad
3499 5328 3566 5369 ea

1975 5410 2098 5465 qua:
2140 5406 2268 5450 sunt
2318 5407 2509 5452 contra
2568 5399 2873 5455 secundum
2929 5401 3267 5469 voluptatem
3312 5410 3370 5458 et
3404 5403 3566 5459 dolo-

1976 5504 2113 5553 rem,
2147 5490 2296 5543 illum
2326 5492 2612 5563 prapulsat
2637 5500 2692 5545 et
2729 5492 2985 5548 conterit.
3029 5492 3325 5550 Passiones
3366 5511 3565 5555 secuttv

1973 5580 2102 5634 dum
2132 5581 2378 5636 dolorem
2405 5623 2421 5648 ,
2477 5584 2832 5651 passionihus
2863 5585 3170 5640 secundum
3201 5588 3560 5656 voluptatem.

1973 5675 2258 5743 oppositas,
2296 5674 2418 5729 illas
2446 5675 2739 5730 destruunt
2770 5678 2966 5733 iterum
2996 5679 3065 5731 ab
3089 5678 3226 5747 ipsis
3247 5678 3559 5735 destruclte.

2048 5762 2212 5820 Vens.
2251 5766 2337 5821 Η.
2393 5765 2542 5821 Sicut
2583 5767 2732 5822 canis
2783 5784 2903 5823 cum
2936 5770 3150 5824 redierit
3181 5770 3250 5825 ad
3278 5785 3436 5826 suum
3470 5786 3564 5825 υοο

1974 5855 2186 5922 mitum,
2230 5856 2443 5914 adibitis
2484 5858 2584 5942 ﬁt;
2627 5860 2704 5915 sic
2735 5860 3042 5931 imprudens
3077 5865 3295 5931 proprio
3346 5864 3561 5925 malitia

3044 5954 3234 6023 .197
