3976 6400
498 414 643 477 “83

1786 416 2137 476 PROCOPII
2179 417 2423 478 G.\Z.EI

3619 421 3733 486 148$

506 532 761 575 revertens
809 522 877 574 ad
918 530 1186 591 peccatum
1219 539 1392 578 suum.
1421 523 1891 591 Quemadmodum
1932 528 2077 597 canis

2194 532 2411 587 ἑαυτοῦ
2435 534 2615 601 κακίᾳ
2648 532 3041 603 ἀναστρέψας
3069 533 3167 589 ἐπὶ
3197 533 3314 603 τὴν
3336 534 3549 591 ἑαυτοῦ
3578 540 3733 608 ἀμαρ-

503 620 595 685 qui
624 657 639 680 ,
696 631 817 671 cum
852 617 1056 687 aliquid
1088 618 1327 672 comedit
1376 628 1432 673 et
1463 618 1772 678 abhorrens
1803 622 2084 688 evomuit,

503 702 735 763 revertit
766 708 898 764 illud
931 708 1128 765 iterum
1165 710 1628 779 nianducatnrus,
1658 713 1920 769 omnibus
1946 715 2091 785 aspi-
2122 794 2125 795 ν

503 801 799 868 cientibus,
845 802 951 857 erit
988 802 1239 871 odiosus,
1264 803 1388 860 illos
1420 803 1671 861 molestia
1703 805 1936 875 implens
1967 823 1979 857 :
2013 807 2088 861 ita

504 894 596 960 qui
657 892 1049 948 irrationaliter
1106 908 1471 961 conversaris,
1512 897 1918 952 consuetudine
1959 912 2087 966 pec-

503 991 634 1038 cati.
663 983 728 1036 ad
759 984 1038 1053 propriam
1081 984 1346 1038 malitiam
1383 987 1611 1041 revertit
1645 1002 1757 1058 qua
1806 987 2089 1043 abstinere

500 1074 773 1144 promisit,
811 1074 1205 1130 abominabilis
1233 1074 1342 1130 erit
1375 1074 1487 1133 Deo
1510 1086 1565 1132 et
1595 1077 1809 1149 angelis
1834 1076 1975 1148 ejus.

570 1338 931 1407 Estconfusio
960 1339 1228 1396 adducens
1261 1351 1572 1411 peccatum;
1600 1356 1649 1398 et
1683 1353 1764 1398 est
1797 1343 2041 1414 confusio
2067 1386 2082 1410 ,

494 1432 673 1499 gloria
712 1440 762 1485 et
807 1433 1006 1502 gratia.
1073 1433 1306 1489 Exsistit
1355 1434 1521 1489 timor
1565 1435 1634 1491 de
1679 1437 1825 1506 turpi
1870 1438 2088 1492 actione

495 1523 757 1576 damnum
806 1523 1077 1578 inducens
1110 1531 1225 1578 tum
1260 1525 1462 1581 animae
1495 1540 1622 1580 cum
1654 1529 1874 1597 corpori
1902 1569 1917 1593 ,
1953 1543 2080 1581 eum

377 1682 387 1691 .
494 1613 587 1681 qui
616 1621 777 1684 turpe
808 1615 940 1685 egit,
974 1623 1164 1687 utpote
1190 1618 1257 1672 ab
1290 1617 1612 1674 hominibus
1672 1620 2079 1674 contumeliam

494 1704 604 1773 pati
638 1719 745 1759 non
775 1707 1080 1773 valentem,
1133 1707 1201 1762 ad
1257 1708 1634 1764 insidiandum
1678 1712 1913 1781 proprizn
1958 1712 2084 1767 vitae

494 1795 855 1865 compellens.
903 1795 999 1851 Est
1043 1798 1243 1851 iterum
1297 1800 1463 1854 timor
1505 1801 1575 1856 de
1625 1803 1773 1872 turpi
1824 1803 2079 1869 actione,

492 1886 589 1955 qui
645 1885 868 1955 quidem
906 1887 1084 1957 gloria
1117 1896 1201 1942 est
1234 1889 1389 1943 illum
1425 1871 1738 1956 obtinenti,
1788 1893 1920 1964 quia
1955 1909 2080 1949 eum
2115 1871 2156 1926 Β

501 1992 529 2028 a
585 1975 837 2045 turpibus
882 1977 1240 2046 passionibus
1291 1980 1561 2035 custodit.
1610 1980 1799 2037 Gratia
1852 1993 2080 2051 autem,

493 2067 622 2135 quia
659 2081 687 2119 a
728 2065 838 2121 Deo
895 2068 1059 2125 datur
1108 2076 1169 2123 ut
1213 2070 1418 2126 donum
1460 2072 1766 2142 impediens
1808 2074 1876 2129 ab
1922 2075 2083 2130 incli-

492 2155 716 2211 natione
741 2156 808 2212 οι]
833 2158 1037 2228 turpia,
1064 2174 1185 2229 quae
1212 2160 1485 2231 imprimis
1508 2162 1671 2218 nobis
1697 2173 1781 2220 est
1813 2163 2078 2219 timenda.

562 2434 729 2490 Vens.
771 2434 858 2489 12.
895 2434 1020 2490 Vidi
1054 2435 1225 2490 virum
1252 2437 1341 2507 qui
1377 2437 1579 2492 videtur
1603 2438 1747 2508 apud
1779 2456 1835 2495 se
1872 2430 2082 2511 sapiens

487 2543 622 2592 esse,
662 2528 832 2598 magis
861 2527 957 2582 illo
990 2544 1130 2598 spem
1157 2529 1310 2583 habet
1335 2529 1873 2599 insipiensJ’idimus
1902 2535 2080 2590 virum

490 2620 844 2688 passionibus
880 2635 976 2691 per
1013 2620 1290 2677 defectum
1320 2621 1542 2679 virtutis
1578 2624 1938 2695 intrepidum,
1985 2644 2083 2696 pu-

489 2720 700 2766 tantem
745 2727 773 2765 a
837 2712 1137 2782 semetipso
1184 2713 1391 2769 habere
1437 2714 1709 2770 rationem
1761 2717 2080 2786 passionum

488 2803 924 2869 destructivam;
978 2819 1087 2860 non
1141 2814 1325 2860 autem
1376 2804 1526 2859 illam
1571 2821 1602 2860 a
1644 2807 1755 2861 Deo
1805 2806 2078 2862 obtinere.

487 2894 745 2963 Maiorem
777 2902 957 2949 tamen
993 2912 1057 2951 ae
1085 2896 1177 2953 ille
1214 2897 1377 2953 homo
1409 2913 1560 2968 spem
1597 2899 1796 2955 salutis
1833 2900 2081 2970 acquisi-

488 2986 589 3049 vit,
624 2986 717 3055 qui
746 2985 1102 3055 passionibus
1132 3003 1231 3058 per
1275 2986 1548 3044 defectum
1583 2990 1812 3046 virtutis
1859 2991 2083 3047 irratio-

466 3076 689 3159 ‘ualiter
737 3078 1067 3146 volutatur;
1127 3080 1257 3149 quia
1315 3079 1409 3135 hic
1471 3078 1720 3151 quidem,
1797 3083 2079 3153 propriam

489 3184 800 3241 agnoscens
854 3171 1276 3239 inﬁrmitatem,
1329 3180 1546 3242 tempus
1592 3183 1878 3243 exspectat
1908 3175 2084 3245 poeni-

489 3261 676 3317 tentia:
707 3276 993 3334 perquam
1035 3272 1220 3336 sperat
1275 3278 1306 3318 a
1357 3266 1469 3318 Deo
1520 3264 1755 3319 salutem
1788 3265 2077 3335 obtinere;

2195 624 2350 677 τίαν.
2385 624 2654 696 Καθάπερ
2685 624 2832 678 κύων
2863 625 2994 679 ὅταν
3032 626 3119 695 ἐφ’
3145 626 3282 697 ὅπερ
3317 625 3504 696 φαγὼν
3548 626 3738 699 βρῶμα,

2194 712 2290 766 καὶ
2339 712 2735 785 βδελυξάμενος
2795 715 3085 784 ἀπήμεσεν
3111 754 3125 778 ,
3175 715 3559 787 ἔπαναστρέψῃ
3604 719 3741 774 τοῦτο

2193 799 2352 868 αὖθις
2384 805 2743 876 τρεφόμενος,
2796 806 2968 860 πᾶσιν
3009 806 3165 860 ἔσται
3213 808 3326 872 τοῖς
3358 806 3608 878 βλέπουσι
3640 808 3742 878 pag.

2192 895 2410 961 λυκτδς,
2470 898 2545 960 ὡς
2600 897 2796 968 ἀηδίας
2847 897 3075 962 τούτους
3125 897 3383 968 πληρῶνο
3418 898 3560 954 οὕτω
3604 900 3689 955 καὶ
3720 906 3745 956 ὁ

2191 987 2495 1056 ἀλογίστως
2527 988 2681 1058 βιῶν,
2703 991 2773 1061 τῇ
2812 989 3073 1061 συνηθείᾳ
3098 991 3198 1061 τῆς
3224 992 3522 1064 ἁμαρτίας,
3551 991 3636 1044 ἐπὶ
3661 993 3747 1063 τὴν

2191 1078 2389 1131 ἑαυτοῦ
2408 1078 2748 1151 ἐπιστρέψας
2769 1080 2995 1145 κακίαν,
3018 1077 3085 1150 ἦς
3106 1082 3448 1150 ἀποσχέσθαι
3484 1082 3745 1154 ὑπέσχετο,

2190 1169 2343 1223 ἔσται
2375 1170 2492 1242 Θεῷ
2525 1188 2581 1224 τε
2624 1172 2721 1226 καὶ
2770 1174 2887 1235 τοῖς
2925 1170 3102 1241 ἁγίοις
3154 1171 3409 1241 ἀγγέλοις
3448 1173 3608 1227 αὑτοῦ
3645 1174 3748 1245 βδε-

2189 1262 2406 1317 λυκτός.

2263 1354 2477 1407 Ἔστιν
2495 1356 2760 1424 αίσχύνη
2782 1355 3099 1426 ἐπάγουσα
3120 1357 3422 1426 ἁμαρτίαν
3439 1374 3451 1387 ·
3480 1356 3576 1411 καί
3599 1356 3752 1411 ἔστιν

2187 1443 2475 1513 αἰσχύνη,
2512 1445 2664 1509 δόξα
2708 1446 2805 1501 καὶ
2841 1447 3033 1515 χάρις.
3080 1447 3352 1519 ’Υπάρχει
3377 1447 3541 1516 φόϐος
3564 1448 3647 1502 ἐπ’
3676 1452 3750 1502 αἱ-

2190 1535 2342 1607 σχρῷ
2394 1539 2778 1610 πεπραγμένῳ
2814 1538 3020 1610 βλάϐην
3077 1540 3300 1610 ἐπάγων
3351 1540 3589 1610 ψυχικὴν
3629 1541 3748 1610 ὁμοῦ

2187 1627 2283 1681 καὶ
2339 1628 2686 1699 σωματικὴν,
2750 1630 2969 1694 πάντως
3020 1632 3050 1684 ὁ
3104 1631 3197 1685 τὸν
3227 1627 3660 1701 διαπραξάμενον
3700 1634 3750 1686 τὸ

2186 1718 2435 1788 αἰσχρὸν,
2484 1719 2562 1783 ὡς
2603 1719 2701 1792 τὴν
2737 1720 2868 1792 παρ’
2915 1721 3223 1793 ἀνθρώπων
3264 1721 3530 1793 αἰσχύνην
3565 1722 3635 1793 μὴ
3670 1710 3749 1791 φί-

2188 1824 2373 1878 ροντα,
2403 1808 2666 1862 συνωθῶν
2694 1810 2773 1873 είς
2801 1809 2862 1864 τὸ
2890 1809 3471 1882 ὲπιϐουλεύσασθαιτῇ
3501 1810 3602 1881 ίδίᾳ
3623 1809 3748 1882 ζωῇο

2186 1900 2279 1953 καὶ
2314 1900 2552 1970 ὑπάρχει
2590 1899 2749 1962 αὖθις
2784 1900 2951 1970 φόϐος
2987 1902 3077 1953 ἐπ’
3120 1900 3335 1971 αἰσχρῷ
3373 1902 3753 1971 πεπραγμένῳ,

2182 1992 2242 2057 ὃς
2268 1993 2405 2066 τιμὴ
2441 1992 2539 2064 μέν
2575 1994 2695 2046 ἐστι
2741 1994 2837 2047 τοῦ
2875 1993 3132 2064 τυχόντος
3176 1992 3367 2059 αὐτοῦ,
3399 1991 3479 2056 ὡς
3528 1994 3631 2047 ἀπὸ
3660 1993 3753 2046 τῶν

2185 2083 2527 2153 ἁτιμοποιῶν
2586 2082 2780 2138 παθῶν
2831 2085 3214 2154 διαφυλάττων
3251 2085 3418 2140 αὐτόν
3450 2100 3466 2117 ·
3496 2084 3651 2155 χάρις
3681 2085 3750 2150 δὲ,

2184 2175 2260 2239 ὡς
2278 2174 2456 2246 τούτῳ
2477 2173 2754 2245 διδόμενος
2783 2176 2937 2246 παρὰ
2966 2175 3105 2229 Θεοῦ
3138 2175 3313 2247 δῶρον
3339 2175 3638 2229 κωλυτικὺν
3667 2177 3751 2246 τῆς

2184 2267 2326 2338 πρὸς
2344 2265 2416 2319 τὰ
2443 2266 2650 2337 αἰσχρὰ
2676 2267 2879 2336 ῥοπῆς·
2910 2266 3027 2320 ἀνθ’
3051 2262 3120 2336 ἦς
3146 2266 3350 2337 μᾶλλον
3378 2265 3579 2336 ὤφειλε
3601 2283 3753 2338 τιμω-

2186 2373 2253 2427 ρη
2263 2356 2447 2426 θῆναι.
3213 2359 3217 2362 ’
3392 2428 3397 2432 _

2258 2447 2346 2518 ιβ’.
2386 2444 2571 2502 εἶδον
2622 2447 2813 2516 ἀνδρα
2852 2446 3119 2512 δόξαντα
3161 2447 3297 2516 παρ’
3340 2444 3541 2513 ἐαυτῷ
3579 2448 3757 2517 σοφὸν

2182 2536 2338 2595 εἶναι
2361 2556 2372 2569 ·
2404 2539 2624 2595 ἐλπίδα
2643 2538 2850 2610 μέντοι
2875 2539 3027 2610 ἔσχε
3046 2539 3293 2609 μᾶλλον
3328 2539 3751 2610 ἄφρων-αὺτοῦ.

2196 2631 2546 2702 Ἐθεασάμην
2578 2631 2702 2685 τινὰ
2730 2632 2844 2695 τοῖς
2884 2634 3006 2685 κατ’
3027 2631 3269 2702 ἔλλειψιν
3296 2630 3400 2700 τῆς
3432 2631 3630 2704 ἀρετῆς
3660 2633 3749 2686 πά·

2184 2722 2335 2776 θεσιν
2364 2722 2659 2793 ἀπτόητον,
2705 2722 2922 2776 οἴκοθεν
2951 2722 3096 2794 ἔχειν
3128 2725 3435 2794 νομίσαντα
3487 2725 3577 2779 τὸν
3619 2727 3753 2781 ἀναι-

2185 2818 2403 2887 ρετικὸν
2432 2815 2540 2868 τῶν
2587 2814 2778 2870 παθῶν
2802 2814 2985 2885 λόγον,
3021 2817 3117 2869 καὶ
3137 2818 3214 2888 μὴ
3240 2817 3395 2888 παρὰ
3425 2816 3563 2872 Θεοῦ
3589 2816 3755 2871 τοῦτον

2182 2904 2399 2959 λαϐεῖν·
2444 2905 2608 2958 πλέον
2655 2908 2758 2975 μέν
2804 2922 2888 2959 τοι
2921 2922 2986 2975 γε
3032 2907 3132 2961 τοῦ
3175 2908 3427 2963 τοιούτου
3489 2907 3755 2979 ἀνθράκων

2183 2998 2462 3069 σωτηρίας
2500 2996 2695 3051 ἐλπίδα
2724 2998 3018 3068 ἐκτήσατο,
3044 2999 3074 3051 ὁ
3107 3001 3220 3063 τοῖς
3260 2999 3382 3053 κατ’
3417 2999 3650 3070 ἔλλειψιν
3666 3001 3756 3070 τῆς

2180 3090 2388 3161 ἀρετῆς
2444 3090 2678 3145 πάθεσιν
2737 3089 3043 3159 ἀλογίστως
3095 3092 3626 3165 ἐγκυλινδούμενος·
3682 3095 3753 3147 ὅτι

2183 3174 2338 3243 οὗτος
2370 3179 2492 3250 μὲν,
2517 3179 2619 3252 τὴν
2638 3180 2848 3234 οἰκείαν
2872 3180 3258 3249 ἐπιγινώσκων
3278 3181 3593 3250 ὸσθὲνειαν,
3609 3199 3755 3254 μετα-

2184 3272 2335 3331 νοίας
2368 3271 2631 3343 ἀναμένει
2652 3271 2868 3344 καιρὸν,
2903 3273 2974 3327 δι’
3017 3268 3088 3347 ἦς
3116 3274 3333 3338 ἐλπίζει
3370 3277 3564 3347 τυχεῖν
3604 3291 3755 3344 σωτη-

488 3353 579 3424 ille
611 3367 778 3421 vero,
834 3354 931 3424 qui
993 3356 1371 3427 arrogantiam
1422 3353 1492 3409 de
1541 3354 1847 3411 abundanti
1882 3358 2077 3417 virtute

2189 3361 2309 3434 ρίας
2332 3365 2488 3434 παρὰ
2516 3362 2654 3417 Θεοῦ
2674 3379 2688 3395 ’
2715 3366 2929 3429 ἐκεῖνος
2961 3365 3043 3433 δὲ,
3082 3365 3146 3419 τὸ
3183 3365 3309 3422 καθ’
3336 3365 3644 3438 ὑπερϐολὴν
3669 3366 3754 3435 τῆς

486 3460 682 3498 vanam
729 3460 793 3501 ac
836 3446 1242 3502 intolerandam
1280 3462 1404 3503 esse
1453 3447 1709 3518 ignorat,
1766 3448 1858 3504 vix
1890 3452 2080 3507 sonari

487 3546 685 3605 potest.

565 3627 724 3680 Vens.
752 3624 836 3682 15.
880 3625 1022 3681 Dicit
1046 3628 1193 3699 piger
1225 3630 1417 3686 missus
1444 3633 1514 3687 ad
1546 3635 1725 3692 viam:
1764 3634 1844 3690 leo
1877 3633 1932 3689 in
1957 3634 2078 3699 riis,

486 3717 539 3770 in
595 3716 789 3785 plateis
839 3726 1019 3772 autem
1073 3720 1284 3774 sicarii.
1342 3720 1521 3779 tlorno
1574 3725 1868 3798 negligens
1915 3741 2079 3797 quem

482 3815 537 3860 et
565 3821 661 3875 per
698 3807 871 3878 legem
908 3807 1181 3880 scriptam
1233 3818 1289 3865 et
1334 3827 1434 3882 per
1475 3803 1990 3887 legem‘naturalem
2024 3825 2083 3872 ut

479 3895 538 3952 in
571 3896 810 3952 salutari
844 3895 968 3967 ejus
999 3899 1291 3958 voluntate
1339 3901 1585 3960 ambulet
1633 3902 1895 3960 bortatur
1933 3904 2079 3960 Deus

477 3989 573 4056 qui
644 3989 797 4043 illum
840 3988 908 4044 ad
967 3990 1137 4046 vitam
1209 3991 1444 4049 adduxit
1511 4003 1570 4051 et
1625 3995 1889 4051 omnibus
1952 3995 2078 4064 jure

477 4088 678 4151 praeest
740 4082 1127 4136 universorum
1178 4083 1409 4140 Creator
1468 4099 1534 4139 ac
1591 4084 1899 4155 Dominus,
1950 4102 2078 4141 cau-

481 4180 641 4223 satur
695 4179 963 4238 metuere,
1029 4172 1086 4227 in
1116 4174 1223 4230 viis
1287 4174 1509 4244 quidem
1544 4177 1733 4248 praxis
1784 4179 2078 4234 mandato-

481 4274 603 4312 rum
640 4257 733 4312 Dei
777 4258 831 4314 in
864 4259 981 4330 lege
1039 4261 1244 4332 scripta
1275 4275 1676 4335 praeceptorum
1705 4305 1720 4330 ,
1752 4267 1824 4323 ob
1855 4269 2077 4325 virtutis

481 4349 739 4414 iabores,
776 4359 1012 4405 mortem
1046 4368 1171 4421 qua:
1211 4355 1368 4422 quasi
1406 4357 1490 4413 leo
1534 4358 1750 4414 animas
1788 4359 2071 4417 hominum

479 4442 717 4512 abripit;
748 4444 802 4497 in
843 4444 1141 4500 latitudine
1164 4434 1346 4503 autem
1376 4450 1649 4508 naturalis
1682 4451 2071 4509 exsistentium

2179 3452 2383 3525 ἀρετῆς
2407 3453 2661 3508 δίάκενον
2686 3453 2863 3527 οἴημα
2894 3454 3127 3534 ἀγνοῶν,
3265 3456 3630 3537 δυσφόρητον,
3655 3458 3754 3519 ἐστὶ

2180 3541 2643 3615 δυσθεράπευτος.

2254 3639 2344 3701 ιγ’.
2386 3632 2563 3703 Λέγει
2619 3636 2877 3707 ὀκνηρὸς
2907 3638 3453 3712 ἀποστελλόμενος
3473 3648 3563 3712 εις
3588 3646 3719 3701 ὀδόν
3739 3662 3752 3686 ι

2184 3723 2350 3778 Λέων
2371 3724 2442 3778 ἐν
2459 3725 2589 3791 ταῖς
2617 3726 2786 3794 ὁδοῖς
2805 3745 2820 3759 ·
2851 3729 2921 3783 ἐν
2946 3730 3015 3785 δὲ
3042 3732 3174 3798 ταῖς
3199 3737 3521 3806 πλατείαις
3554 3755 3752 3809 φονευ-

2182 3816 2301 3869 ταί.
2335 3815 2394 3869 Ὀ
2423 3816 2691 3889 ῥᾴθυμος,
2719 3822 3164 3894 προτρεπόμενος
3197 3826 3287 3885 διά
3314 3844 3376 3882 τε
3400 3828 3500 3883 τοῦ
3528 3829 3750 3903 γραπτσῦ

2181 3908 2372 3979 νόμου,
2401 3911 2497 3963 καὶ
2518 3910 2615 3964 τοῦ
2643 3912 2880 3981 φυσικοῦ
2917 3915 2975 3968 ἐν
2995 3916 3074 3986 τῷ
3104 3918 3431 3993 Δεσποτικῷ
3463 3922 3561 3975 καὶ
3594 3939 3749 3992 amns

2180 4000 2284 4071 ρίῳ
2332 4000 2669 4072 πορευθῆναι
2701 4003 2992 4074 θελήματι,
3029 4009 3164 4078 παρ’
3193 4010 3360 4069 αὑτοῦ
3411 4014 3632 4078 πάντως
3667 4014 3748 4073 τοῦ

2179 4090 2259 4153 είς
2281 4089 2342 4143 τδ
2370 4085 2512 4143 εἶναι
2537 4089 2733 4145 τοῦτον
2773 4097 3217 4166 παραγαγόντος,
3262 4101 3360 4154 καὶ
3412 4104 3585 4158 πᾶσιν
3615 4104 3749 4159 ἐννό-

2182 4197 2299 4251 μως
2329 4181 2755 4248 ἐπιστατοῦντος
2786 4187 3020 4256 Ποιητοῦ
3050 4189 3148 4242 καὶ
3173 4192 3455 4247 Δεσπότου
3496 4195 3605 4248 τῶν
3628 4196 3748 4249 ὅλων

2138 4280 2141 4293 '
2177 4271 2337 4336 Θεοῦ,
2383 4274 2809 4343 προφασίζεται·
2838 4277 3167 4346 φοϐεῖσθαι*
3211 4285 3271 4336 ἐν
3319 4285 3423 4353 μὲν
3464 4290 3586 4350 ταῖς
3624 4288 3747 4343 κατὰ
3828 4348 3841 4357 ,

2176 4363 2377 4435 πρᾶξιν
2418 4366 2627 4435 τρίϐοις
2657 4368 2766 4423 τῶν
2799 4370 2859 4422 ὲν
2888 4370 2969 4442 τῷ
3018 4375 3253 4446 γραπτῷ
3285 4377 3441 4449 νόμῳ
3485 4378 3644 4433 θείων
3667 4381 3745 4432 ὲν-

2174 4457 2367 4524 τολῶν,
2387 4460 2475 4515 διὰ
2505 4461 2567 4515 τὸ
2587 4466 2688 4533 τῆς
2712 4465 2916 4537 ἀρετῆς
2943 4468 3224 4531 ἐπίπονον.
3256 4471 3349 4525 τὸν
3369 4472 3531 4545 δίκην
3554 4475 3745 4538 λέοντος

476 4536 985 4605 contemplationis,
1016 4539 1296 4595 daemones
1325 4541 1377 4594 in
1409 4542 1527 4611 ipsa
1562 4558 1660 4613 per
1682 4547 2060 4615 deceptiouem

2185 4553 2265 4615 τὰς
2302 4553 2409 4610 τῶν
2463 4555 2772 4627 ἀνθρώπων
2805 4558 2985 4629 ψυχὰς
3031 4562 3356 4631 ἁρπάζοντα
3398 4536 3662 4624 θάνατον·
3694 4536 3743 4622 ὲν

479 4640 739 4679 sensuum
767 4626 1099 4684 insidiantes
1132 4636 1191 4685 ut
1219 4629 1467 4689 latrones
1497 4641 1552 4689 et
1585 4633 1876 4708 fallacibus
1897 4651 2058 4706 appa.

474 4716 715 4769 rentium
759 4718 1119 4787 opinionibus
1163 4732 1403 4781 mentem
1448 4725 1554 4780 vita
1605 4726 1886 4797 spirituali
1938 4742 2069 4797 spu-

475 4807 697 4862 iiautes.
1220 4811 1224 4815 ’

542 5093 711 5150 Vens.
741 5094 827 5150 Μ.
862 5094 1013 5151 Sicut
1031 5096 1208 5165 janua
1241 5100 1464 5153 vertitur
1532 5119 1690 5172 super
1748 5106 2065 5174 cardinem,

470 5190 550 5242 ita
580 5188 729 5258 piger
767 5191 1139 5259 superiectum
1173 5208 1350 5247 suum.
1387 5193 1544 5250 Sicut
1594 5206 1751 5267 porta
1812 5208 1872 5254 ut
1930 5216 2065 5272 ape-

472 5279 651 5331 riatur
675 5295 843 5350 super
874 5283 1080 5348 solum,
1123 5285 1413 5356 proprium
1467 5289 1751 5344 cardinem
1809 5295 2061 5356 vertitur.

419 5422 421 5425 ,
474 5369 551 5421 ita
619 5370 714 5439 qui
745 5373 814 5425 ob
864 5373 1086 5431 virtutis
1130 5376 1378 5432 laborem
1432 5379 1501 5433 ad
1552 5384 1904 5452 exsequenda
1966 5384 2062 5441 Dei

472 5462 733 5516 mandata
769 5465 1051 5535 negligens
1090 5476 1207 5532 est.
1248 5484 1419 5526 carne
1453 5473 1610 5543 quasi
1646 5474 1788 5529 lecto
1823 5478 2060 5547 quodam

470 5552 825 5618 requiescens
854 5554 926 5607 ob
963 5557 1263 5625 voluptatis
1296 5573 1565 5625 amorem,
1624 5564 1789 5619 modo
1818 5567 2062 5621 sollicito

394 5706 399 5709 _
471 5640 595 5709 eius
629 5642 843 5705 aliectu,
889 5647 1381 5716 circumvolvitur;
1443 5651 1746 5706 secundum
1783 5659 2061 5725 appetitus

472 5733 692 5797 quidem
723 5735 1020 5790 irascibilis
1077 5739 1558 5810 intemperantiam
1614 5746 1681 5797 aii
1715 5748 2059 5818 voluptatum

394 5904 403 5911 .
476 5825 750 5891 ορρςιῑιυς
775 5844 831 5879 se
870 5839 1222 5894 convertens,
1257 5835 1557 5889 secundum
1611 5846 1795 5894 autem
1845 5847 2060 5913 appeti-

2170 4646 2227 4703 δὲ
2262 4645 2341 4715 τῷ
2370 4648 2470 4717 τῆς
2503 4648 2745 4719 φυσικῆς
2773 4650 2883 4705 τῶν
2918 4652 3092 4707 όντων
3108 4655 3360 4727 θεωρίας
3391 4659 3608 4726 πλάτει,
3632 4661 3742 4724 τοὺς

2170 4738 2229 4791 ὲν
2257 4738 2435 4808 τούτῳ
2466 4739 2556 4793 διὰ
2577 4742 2640 4793 τὸ
2670 4742 2954 4811 ἀπατηλὸν
2983 4747 3085 4815 τῆς
3109 4747 3419 4821 αἰσθήσεως
3447 4751 3741 4825 λῃστρικῶς

2170 4830 2552 4902 ἐνεδρεύοντας
2602 4832 2889 4904 δαίμονας,
2942 4837 3042 4891 καὶ
3070 4841 3193 4904 ταῖς
3225 4840 3453 4912 ψευδέσι
3496 4846 3740 4917 περὶτῶν

2169 4921 2516 4993 φαινομένων
2576 4924 2781 4990 δόξαις,
2843 4928 3287 5001 ἀποστεροῦντας
3336 4935 3431 4989 τὸν
3478 4936 3605 4992 νοῦν
3650 4937 3739 5007 τῆς

2167 5014 2363 5068 τούτου
2392 5017 2452 5068 ὲν
2486 5016 2760 5088 πνεύματι
2780 5018 2947 5090 ζωῆς.

2242 5104 2324 5160 ιδ’.
2355 5106 2586 5176 Ὠσπερ
2609 5109 2761 5177 θύρα
2783 5110 3101 5181 στρέφεται
3120 5112 3221 5167 ἐπὶ
3239 5115 3350 5170 τοῦ
3370 5117 3735 5188 στρόφιγτος,

2168 5194 2358 5262 οὕτως
2391 5197 2646 5266 ὀκνηρὸς
2683 5198 2785 5252 ἐπὶ
2822 5198 2936 5273 τῆς
2964 5202 3187 5275 κλίνης
3227 5207 3440 5262 αὑτοῦ.
3489 5208 3739 5277 Καθάπερ

2168 5285 2310 5357 θύρα
2330 5288 2390 5341 ὲν
2421 5288 2568 5360 μόνῳ
2591 5289 2670 5362 τῷ
2698 5290 2815 5362 ἰδίῳ
2839 5294 3136 5366 στρόφιγγι
3154 5299 3584 5370 περιστρέφεται
3604 5303 3737 5355 ἀνοι-

2165 5379 2398 5452 γομένη,
2425 5381 2571 5436 οὕτω
2597 5385 2693 5438 καὶ
2711 5387 2741 5440 ό
2771 5385 2911 5456 πρὸς
2931 5389 3032 5461 τὴν
3060 5391 3330 5460 ἐργασίαν
3357 5393 3466 5447 τῶν
3496 5392 3591 5448 τοῦ
3616 5392 3739 5446 Θεοῦ

2164 5473 2405 5528 ἐντολῶν
2449 5475 2542 5530 διὰ
2585 5478 2647 5531 τὸ
2680 5479 2779 5549 τῆς
2810 5482 3016 5554 ἀρετῆς
3064 5485 3346 5555 ἐπίπονον,
3391 5487 3651 5561 ῥᾴθυμος,
3682 5487 3738 5555 τῇ

2169 5568 2337 5636 σαρκὶ
2371 5565 2449 5628 ῶς
2484 5584 2591 5621 τινι
2628 5568 2809 5643 κλίνῃ,
2846 5571 2934 5626 διὰ
2970 5573 3303 5644 φιληδονίαι
3325 5580 3760 5645 ἐπαναπαυόμεο.

2167 5674 2278 5723 νος,
2308 5658 2447 5731 μόνῃ
2474 5663 2539 5731 τῇ
2577 5663 2908 5736 ἐμμερίμνῳ
2942 5666 3126 5736 σχέσει
3155 5669 3364 5741 ταύτης
3393 5669 3740 5743 ἐμπεριστρέο

2169 5767 2334 5819 φεται
2355 5768 2368 5781 ·
2417 5755 2559 5807 κατὰ
2597 5756 2696 5825 μὲν
2727 5759 3028 5829 ἐπιθυμίαν
3058 5762 3387 5825 ἀκόλαστον,
3433 5764 3539 5817 τῶν
3570 5762 3738 5833 ἐνηδὸ-

2176 5858 2283 5896 νων
2331 5842 2567 5913 ὀρέξεων
2625 5849 3123 5923 ἐπιστρεφόμενος*
3193 5857 3335 5909 κατά
3371 5855 3428 5910 δὲ
3479 5856 3647 5927 θυμὸν
3674 5853 3738 5924 μὴ
