  <div class='ocr_page' id='page_1' title='image "/cluster/home/n/w/nwhite01/storage/ocr_20150623/87:pt.1/coo.31924054869882/754.png"; bbox 0 0 3976 6392; ppageno 0'>
   <div class='ocr_carea' id='block_1_1' title="bbox 504 396 640 462">
    <p class='ocr_par' dir='ltr' id='par_1_1' title="bbox 504 396 640 462">
     <span class='ocr_line' id='line_1_1' title="bbox 504 396 640 462; baseline -0.029 0"><span class='ocrx_word' id='word_1_1' title='bbox 504 396 640 462; x_wconf 60' lang='grc'>1487</span> 
     </span>
    </p>
   </div>
   <div class='ocr_carea' id='block_1_2' title="bbox 1842 394 2489 462">
    <p class='ocr_par' dir='ltr' id='par_1_2' title="bbox 1842 394 2489 462">
     <span class='ocr_line' id='line_1_2' title="bbox 1842 394 2489 462; baseline 0.009 -6"><span class='ocrx_word' id='word_1_2' title='bbox 1842 394 2201 457; x_wconf 84' lang='lat' dir='ltr'><strong>PROCOPII</strong></span> <span class='ocrx_word' id='word_1_3' title='bbox 2243 398 2489 462; x_wconf 71' lang='grc' dir='ltr'><strong>ῧΑΖιΕΙ</strong></span> 
     </span>
    </p>
   </div>
   <div class='ocr_carea' id='block_1_3' title="bbox 3630 415 3739 481">
    <p class='ocr_par' dir='ltr' id='par_1_3' title="bbox 3630 415 3739 481">
     <span class='ocr_line' id='line_1_3' title="bbox 3630 415 3739 481; baseline -0.009 0"><span class='ocrx_word' id='word_1_4' title='bbox 3630 415 3739 481; x_wconf 71' lang='lat' dir='ltr'><strong>MSS</strong></span> 
     </span>
    </p>
   </div>
   <div class='ocr_carea' id='block_1_4' title="bbox 505 509 2078 603">
    <p class='ocr_par' dir='ltr' id='par_1_4' title="bbox 505 509 2077 584">
     <span class='ocr_line' id='line_1_4' title="bbox 505 509 2077 584; baseline -0.003 -16"><span class='ocrx_word' id='word_1_5' title='bbox 505 513 562 568; x_wconf 85' lang='lat' dir='ltr'><strong>in</strong></span> <span class='ocrx_word' id='word_1_6' title='bbox 608 512 949 584; x_wconf 75' lang='lat' dir='ltr'><strong>proximum.</strong></span> <span class='ocrx_word' id='word_1_7' title='bbox 1001 510 1135 567; x_wconf 88' lang='lat' dir='ltr'><strong>Cum</strong></span> <span class='ocrx_word' id='word_1_8' title='bbox 1170 512 1324 569; x_wconf 88' lang='lat' dir='ltr'><strong>abest</strong></span> <span class='ocrx_word' id='word_1_9' title='bbox 1394 510 1706 583; x_wconf 71' lang='lat' dir='ltr'><strong>obiectum.</strong></span> <span class='ocrx_word' id='word_1_10' title='bbox 1744 509 1932 566; x_wconf 88' lang='lat' dir='ltr'><strong>odium</strong></span> <span class='ocrx_word' id='word_1_11' title='bbox 1986 523 2077 564; x_wconf 80' lang='lat' dir='ltr'><strong>not</strong></span> 
     </span>
    </p>
   </div>
   <div class='ocr_carea' id='block_1_5' title="bbox 2189 509 3739 603">
    <p class='ocr_par' dir='ltr' id='par_1_5' title="bbox 2202 513 3739 603">
     <span class='ocr_line' id='line_1_5' title="bbox 2202 513 3739 603; baseline 0.014 -36"><span class='ocrx_word' id='word_1_12' title='bbox 2202 513 2314 567; x_wconf 85' lang='grc' dir='ltr'><strong>τῶν</strong></span> <span class='ocrx_word' id='word_1_13' title='bbox 2346 514 2565 599; x_wconf 21' lang='grc' dir='ltr'><strong>’ἔξωθεν</strong></span> <span class='ocrx_word' id='word_1_14' title='bbox 2620 517 2912 591; x_wconf 73' lang='grc' dir='ltr'><strong>ἀφορμῶν,</strong></span> <span class='ocrx_word' id='word_1_15' title='bbox 2958 520 3111 576; x_wconf 77' lang='grc' dir='ltr'><strong>ἔνδον</strong></span> <span class='ocrx_word' id='word_1_16' title='bbox 3151 524 3251 596; x_wconf 70' lang='grc' dir='ltr'><strong>τῆς</strong></span> <span class='ocrx_word' id='word_1_17' title='bbox 3284 526 3469 581; x_wconf 87' lang='grc' dir='ltr'><strong>τούτου</strong></span> <span class='ocrx_word' id='word_1_18' title='bbox 3499 528 3661 603; x_wconf 74' lang='grc' dir='ltr'><strong>ψυχῆς</strong></span> <span class='ocrx_word' id='word_1_19' title='bbox 3689 538 3739 589; x_wconf 77' lang='grc' dir='ltr'><strong>τδ</strong></span> 
     </span>
    </p>
   </div>
   <div class='ocr_carea' id='block_1_6' title="bbox 501 604 1900 679">
    <p class='ocr_par' dir='ltr' id='par_1_6' title="bbox 501 604 1900 679">
     <span class='ocr_line' id='line_1_6' title="bbox 501 604 1900 679; baseline -0.001 -19"><span class='ocrx_word' id='word_1_20' title='bbox 501 616 628 661; x_wconf 81' lang='lat' dir='ltr'><strong>actu</strong></span> <span class='ocrx_word' id='word_1_21' title='bbox 653 606 968 663; x_wconf 76' lang='lat' dir='ltr'><strong>ostenditur</strong></span> <span class='ocrx_word' id='word_1_22' title='bbox 1006 604 1164 679; x_wconf 81' lang='lat' dir='ltr'><strong>quasi</strong></span> <span class='ocrx_word' id='word_1_23' title='bbox 1193 622 1291 677; x_wconf 88' lang='lat' dir='ltr'><strong>per</strong></span> <span class='ocrx_word' id='word_1_24' title='bbox 1318 620 1589 677; x_wconf 80' lang='lat' dir='ltr'><strong>organum</strong></span> <span class='ocrx_word' id='word_1_25' title='bbox 1624 604 1900 676; x_wconf 87' lang='lat' dir='ltr'><strong>corporis.</strong></span> 
     </span>
    </p>
   </div>
   <div class='ocr_carea' id='block_1_7' title="bbox 590 878 2086 953">
    <p class='ocr_par' dir='ltr' id='par_1_7' title="bbox 590 878 2086 953">
     <span class='ocr_line' id='line_1_7' title="bbox 590 878 2086 953; baseline 0.002 -21"><span class='ocrx_word' id='word_1_26' title='bbox 590 878 755 937; x_wconf 74' lang='lat' dir='ltr'><strong>Vens.</strong></span> <span class='ocrx_word' id='word_1_27' title='bbox 807 881 898 937; x_wconf 75' lang='lat'><strong>2|.</strong></span> <span class='ocrx_word' id='word_1_28' title='bbox 951 880 1229 937; x_wconf 76' lang='lat' dir='ltr'><strong>Craticula</strong></span> <span class='ocrx_word' id='word_1_29' title='bbox 1284 882 1603 938; x_wconf 76' lang='lat' dir='ltr'><strong>carbonibus</strong></span> <span class='ocrx_word' id='word_1_30' title='bbox 1651 889 1703 935; x_wconf 86' lang='lat' dir='ltr'><strong>et</strong></span> <span class='ocrx_word' id='word_1_31' title='bbox 1745 881 1889 953; x_wconf 83' lang='lat' dir='ltr'><strong>ligna</strong></span> <span class='ocrx_word' id='word_1_32' title='bbox 1953 879 2086 952; x_wconf 88' lang='lat' dir='ltr'><strong>igni,</strong></span> 
     </span>
    </p>
   </div>
   <div class='ocr_carea' id='block_1_8' title="bbox 503 971 2089 1030">
    <p class='ocr_par' dir='ltr' id='par_1_8' title="bbox 503 971 2089 1030">
     <span class='ocr_line' id='line_1_8' title="bbox 503 971 2089 1030; baseline -0.002 0"><span class='ocrx_word' id='word_1_33' title='bbox 503 976 658 1030; x_wconf 81' lang='lat' dir='ltr'><strong>homo</strong></span> <span class='ocrx_word' id='word_1_34' title='bbox 688 986 864 1029; x_wconf 88' lang='lat' dir='ltr'><strong>autem</strong></span> <span class='ocrx_word' id='word_1_35' title='bbox 893 976 1309 1030; x_wconf 73' lang='lat' dir='ltr'><strong>contumeliosus</strong></span> <span class='ocrx_word' id='word_1_36' title='bbox 1340 976 1410 1029; x_wconf 85' lang='lat' dir='ltr'><strong>ad</strong></span> <span class='ocrx_word' id='word_1_37' title='bbox 1476 977 1770 1029; x_wconf 72' lang='lat' dir='ltr'><strong>tumultum</strong></span> <span class='ocrx_word' id='word_1_38' title='bbox 1837 974 1956 1028; x_wconf 76' lang='lat' dir='ltr'><strong>ine.</strong></span> <span class='ocrx_word' id='word_1_39' title='bbox 1991 971 2089 1027; x_wconf 81' lang='lat' dir='ltr'><strong>Ac-</strong></span> 
     </span>
    </p>
   </div>
   <div class='ocr_carea' id='block_1_9' title="bbox 390 1067 2090 1142">
    <p class='ocr_par' dir='ltr' id='par_1_9' title="bbox 390 1067 2090 1142">
     <span class='ocr_line' id='line_1_9' title="bbox 390 1067 2090 1142; baseline 0.001 -21"><span class='ocrx_word' id='word_1_40' title='bbox 390 1136 396 1142; x_wconf 88' lang='lat'>_</span> <span class='ocrx_word' id='word_1_41' title='bbox 501 1070 757 1123; x_wconf 67' lang='lat' dir='ltr'><strong>(eniitur</strong></span> <span class='ocrx_word' id='word_1_42' title='bbox 801 1068 1021 1137; x_wconf 84' lang='lat' dir='ltr'><strong>quidem</strong></span> <span class='ocrx_word' id='word_1_43' title='bbox 1070 1068 1343 1122; x_wconf 84' lang='lat' dir='ltr'><strong>craticola</strong></span> <span class='ocrx_word' id='word_1_44' title='bbox 1424 1084 1597 1138; x_wconf 84' lang='lat' dir='ltr'><strong>super</strong></span> <span class='ocrx_word' id='word_1_45' title='bbox 1688 1067 1981 1131; x_wconf 74' lang='lat' dir='ltr'><strong>carbones,</strong></span> <span class='ocrx_word' id='word_1_46' title='bbox 2031 1075 2090 1122; x_wconf 87' lang='lat' dir='ltr'><strong>et</strong></span> 
     </span>
    </p>
   </div>
   <div class='ocr_carea' id='block_1_10' title="bbox 499 1159 2078 1229">
    <p class='ocr_par' dir='ltr' id='par_1_10' title="bbox 499 1159 2078 1229">
     <span class='ocr_line' id='line_1_10' title="bbox 499 1159 2078 1229; baseline 0 -16"><span class='ocrx_word' id='word_1_47' title='bbox 499 1160 775 1213; x_wconf 79' lang='lat' dir='ltr'><strong>ﬂammam</strong></span> <span class='ocrx_word' id='word_1_48' title='bbox 824 1160 1085 1213; x_wconf 88' lang='lat' dir='ltr'><strong>emittunt</strong></span> <span class='ocrx_word' id='word_1_49' title='bbox 1136 1160 1416 1229; x_wconf 81' lang='lat' dir='ltr'><strong>copiosam</strong></span> <span class='ocrx_word' id='word_1_50' title='bbox 1477 1160 1622 1229; x_wconf 82' lang='lat' dir='ltr'><strong>ligna</strong></span> <span class='ocrx_word' id='word_1_51' title='bbox 1688 1173 1860 1229; x_wconf 81' lang='lat' dir='ltr'><strong>super</strong></span> <span class='ocrx_word' id='word_1_52' title='bbox 1898 1159 2078 1228; x_wconf 84' lang='lat' dir='ltr'><strong>ignem</strong></span> 
     </span>
    </p>
   </div>
   <div class='ocr_carea' id='block_1_11' title="bbox 500 1251 2086 1321">
    <p class='ocr_par' dir='ltr' id='par_1_11' title="bbox 500 1251 2086 1321">
     <span class='ocr_line' id='line_1_11' title="bbox 500 1251 2086 1321; baseline 0.002 -19"><span class='ocrx_word' id='word_1_53' title='bbox 500 1255 675 1321; x_wconf 82' lang='lat' dir='ltr'><strong>posita</strong></span> <span class='ocrx_word' id='word_1_54' title='bbox 711 1271 724 1305; x_wconf 89' lang='lat'><em>:</em></span> <span class='ocrx_word' id='word_1_55' title='bbox 763 1252 929 1305; x_wconf 90' lang='lat' dir='ltr'><strong>homo</strong></span> <span class='ocrx_word' id='word_1_56' title='bbox 946 1261 1128 1307; x_wconf 88' lang='lat' dir='ltr'><strong>autem</strong></span> <span class='ocrx_word' id='word_1_57' title='bbox 1160 1252 1255 1321; x_wconf 88' lang='lat' dir='ltr'><strong>qui</strong></span> <span class='ocrx_word' id='word_1_58' title='bbox 1287 1253 1546 1307; x_wconf 74' lang='lat' dir='ltr'><strong>absentes</strong></span> <span class='ocrx_word' id='word_1_59' title='bbox 1576 1251 1903 1307; x_wconf 84' lang='lat' dir='ltr'><strong>calumniari</strong></span> <span class='ocrx_word' id='word_1_60' title='bbox 1928 1252 2086 1316; x_wconf 85' lang='lat' dir='ltr'><strong>solet,</strong></span> 
     </span>
    </p>
   </div>
   <div class='ocr_carea' id='block_1_12' title="bbox 497 1343 2092 1413">
    <p class='ocr_par' dir='ltr' id='par_1_12' title="bbox 497 1343 2092 1413">
     <span class='ocr_line' id='line_1_12' title="bbox 497 1343 2092 1413; baseline -0.001 -15"><span class='ocrx_word' id='word_1_61' title='bbox 497 1359 622 1398; x_wconf 87' lang='lat' dir='ltr'><strong>cum</strong></span> <span class='ocrx_word' id='word_1_62' title='bbox 680 1343 952 1397; x_wconf 84' lang='lat' dir='ltr'><strong>invenerit</strong></span> <span class='ocrx_word' id='word_1_63' title='bbox 996 1343 1263 1413; x_wconf 85' lang='lat' dir='ltr'><strong>quosdam</strong></span> <span class='ocrx_word' id='word_1_64' title='bbox 1322 1343 1449 1399; x_wconf 91' lang='lat' dir='ltr'><strong>odio</strong></span> <span class='ocrx_word' id='word_1_65' title='bbox 1476 1352 1691 1399; x_wconf 85' lang='lat' dir='ltr'><strong>contra</strong></span> <span class='ocrx_word' id='word_1_66' title='bbox 1728 1345 1945 1413; x_wconf 86' lang='lat' dir='ltr'><strong>aliquos</strong></span> <span class='ocrx_word' id='word_1_67' title='bbox 1974 1358 2092 1412; x_wconf 63' lang='lat' dir='ltr'><strong>pero</strong></span> 
     </span>
    </p>
   </div>
   <div class='ocr_carea' id='block_1_13' title="bbox 496 1435 2088 1502">
    <p class='ocr_par' dir='ltr' id='par_1_13' title="bbox 496 1435 2088 1502">
     <span class='ocr_line' id='line_1_13' title="bbox 496 1435 2088 1502; baseline -0.001 -12"><span class='ocrx_word' id='word_1_68' title='bbox 496 1445 703 1501; x_wconf 85' lang='lat' dir='ltr'><strong>motos,</strong></span> <span class='ocrx_word' id='word_1_69' title='bbox 731 1435 798 1490; x_wconf 87' lang='lat' dir='ltr'><strong>de</strong></span> <span class='ocrx_word' id='word_1_70' title='bbox 833 1436 919 1491; x_wconf 73' lang='lat' dir='ltr'><strong>liis</strong></span> <span class='ocrx_word' id='word_1_71' title='bbox 945 1435 1095 1490; x_wconf 80' lang='lat' dir='ltr'><strong>addit</strong></span> <span class='ocrx_word' id='word_1_72' title='bbox 1122 1436 1453 1502; x_wconf 80' lang='lat' dir='ltr'><strong>calumnias,</strong></span> <span class='ocrx_word' id='word_1_73' title='bbox 1483 1446 1537 1491; x_wconf 89' lang='lat' dir='ltr'><strong>et</strong></span> <span class='ocrx_word' id='word_1_74' title='bbox 1566 1435 1872 1491; x_wconf 87' lang='lat' dir='ltr'><strong>odicntium</strong></span> <span class='ocrx_word' id='word_1_75' title='bbox 1893 1445 2088 1490; x_wconf 89' lang='lat' dir='ltr'><strong>contra</strong></span> 
     </span>
    </p>
   </div>
   <div class='ocr_carea' id='block_1_14' title="bbox 496 1525 2089 1597">
    <p class='ocr_par' dir='ltr' id='par_1_14' title="bbox 496 1525 2089 1597">
     <span class='ocr_line' id='line_1_14' title="bbox 496 1525 2089 1597; baseline 0 -19"><span class='ocrx_word' id='word_1_76' title='bbox 496 1542 782 1597; x_wconf 75' lang='lat' dir='ltr'><strong>cosquos</strong></span> <span class='ocrx_word' id='word_1_77' title='bbox 833 1528 1066 1583; x_wconf 84' lang='lat' dir='ltr'><strong>oderant</strong></span> <span class='ocrx_word' id='word_1_78' title='bbox 1128 1543 1385 1597; x_wconf 78' lang='lat' dir='ltr'><strong>magnum</strong></span> <span class='ocrx_word' id='word_1_79' title='bbox 1420 1525 1906 1589; x_wconf 77' lang='lat' dir='ltr'><strong>accenditodium</strong></span> <span class='ocrx_word' id='word_1_80' title='bbox 1931 1567 1945 1592; x_wconf 95' lang='lat'><strong>,</strong></span> <span class='ocrx_word' id='word_1_81' title='bbox 1973 1525 2089 1580; x_wconf 87' lang='lat' dir='ltr'><strong>bel-</strong></span> 
     </span>
    </p>
   </div>
   <div class='ocr_carea' id='block_1_15' title="bbox 496 1616 2086 1687">
    <p class='ocr_par' dir='ltr' id='par_1_15' title="bbox 496 1616 2086 1687">
     <span class='ocr_line' id='line_1_15' title="bbox 496 1616 2086 1687; baseline -0.001 -16"><span class='ocrx_word' id='word_1_82' title='bbox 496 1619 724 1687; x_wconf 89' lang='lat' dir='ltr'><strong>lumque</strong></span> <span class='ocrx_word' id='word_1_83' title='bbox 753 1618 819 1671; x_wconf 88' lang='lat' dir='ltr'><strong>ad</strong></span> <span class='ocrx_word' id='word_1_84' title='bbox 855 1618 1087 1672; x_wconf 82' lang='lat' dir='ltr'><strong>invicem</strong></span> <span class='ocrx_word' id='word_1_85' title='bbox 1119 1618 1357 1687; x_wconf 82' lang='lat' dir='ltr'><strong>amplius</strong></span> <span class='ocrx_word' id='word_1_86' title='bbox 1415 1619 1677 1673; x_wconf 76' lang='lat' dir='ltr'><strong>concitat.</strong></span> <span class='ocrx_word' id='word_1_87' title='bbox 1716 1616 1926 1672; x_wconf 65' lang='lat' dir='ltr'><strong>Exinde</strong></span> <span class='ocrx_word' id='word_1_88' title='bbox 1957 1618 2086 1671; x_wconf 88' lang='lat' dir='ltr'><strong>dum</strong></span> 
     </span>
    </p>
   </div>
   <div class='ocr_carea' id='block_1_16' title="bbox 497 1706 2085 1774">
    <p class='ocr_par' dir='ltr' id='par_1_16' title="bbox 497 1706 2085 1774">
     <span class='ocr_line' id='line_1_16' title="bbox 497 1706 2085 1774; baseline 0.001 -13"><span class='ocrx_word' id='word_1_89' title='bbox 497 1708 623 1762; x_wconf 84' lang='lat' dir='ltr'><strong>illos</strong></span> <span class='ocrx_word' id='word_1_90' title='bbox 656 1708 1023 1763; x_wconf 78' lang='lat' dir='ltr'><strong>reconciliare</strong></span> <span class='ocrx_word' id='word_1_91' title='bbox 1050 1706 1273 1762; x_wconf 85' lang='lat' dir='ltr'><strong>deberet</strong></span> <span class='ocrx_word' id='word_1_92' title='bbox 1305 1722 1370 1764; x_wconf 82' lang='lat' dir='ltr'><strong>ac</strong></span> <span class='ocrx_word' id='word_1_93' title='bbox 1400 1708 1518 1763; x_wconf 85' lang='lat' dir='ltr'><strong>lteri</strong></span> <span class='ocrx_word' id='word_1_94' title='bbox 1555 1706 1651 1764; x_wconf 87' lang='lat' dir='ltr'><strong>Dei</strong></span> <span class='ocrx_word' id='word_1_95' title='bbox 1678 1706 1876 1774; x_wconf 83' lang='lat' dir='ltr'><strong>Filius,</strong></span> <span class='ocrx_word' id='word_1_96' title='bbox 1913 1722 1945 1762; x_wconf 88' lang='lat' dir='ltr'><strong>a</strong></span> <span class='ocrx_word' id='word_1_97' title='bbox 1974 1708 2085 1762; x_wconf 82' lang='lat' dir='ltr'><strong>Deo</strong></span> 
     </span>
    </p>
   </div>
   <div class='ocr_carea' id='block_1_17' title="bbox 498 1793 1784 1854">
    <p class='ocr_par' dir='ltr' id='par_1_17' title="bbox 498 1793 1784 1854">
     <span class='ocr_line' id='line_1_17' title="bbox 498 1793 1784 1854; baseline 0.001 -1"><span class='ocrx_word' id='word_1_98' title='bbox 498 1800 557 1853; x_wconf 86' lang='lat' dir='ltr'><strong>lit</strong></span> <span class='ocrx_word' id='word_1_99' title='bbox 589 1800 823 1854; x_wconf 86' lang='lat' dir='ltr'><strong>alienus.</strong></span> <span class='ocrx_word' id='word_1_100' title='bbox 1780 1793 1784 1797; x_wconf 50' lang='grc'><em>“</em></span> 
     </span>
    </p>
   </div>
   <div class='ocr_carea' id='block_1_18' title="bbox 572 1890 2083 1960">
    <p class='ocr_par' dir='ltr' id='par_1_18' title="bbox 572 1890 2083 1960">
     <span class='ocr_line' id='line_1_18' title="bbox 572 1890 2083 1960; baseline -0.002 -16"><span class='ocrx_word' id='word_1_101' title='bbox 572 1890 851 1945; x_wconf 70' lang='lat' dir='ltr'><strong>Vsns.‘22.</strong></span> <span class='ocrx_word' id='word_1_102' title='bbox 901 1891 1425 1947; x_wconf 77' lang='lat' dir='ltr'><strong>i&#39;erba-rersutorum</strong></span> <span class='ocrx_word' id='word_1_103' title='bbox 1477 1891 1682 1956; x_wconf 82' lang='lat' dir='ltr'><strong>mollia,</strong></span> <span class='ocrx_word' id='word_1_104' title='bbox 1737 1890 1858 1960; x_wconf 77' lang='lat' dir='ltr'><strong>ipsa</strong></span> <span class='ocrx_word' id='word_1_105' title='bbox 1905 1896 2083 1943; x_wconf 85' lang='lat' dir='ltr'><strong>autem</strong></span> 
     </span>
    </p>
   </div>
   <div class='ocr_carea' id='block_1_19' title="bbox 496 1979 2086 2054">
    <p class='ocr_par' dir='ltr' id='par_1_19' title="bbox 496 1979 2086 2054">
     <span class='ocr_line' id='line_1_19' title="bbox 496 1979 2086 2054; baseline -0.001 -18"><span class='ocrx_word' id='word_1_106' title='bbox 496 1985 802 2051; x_wconf 80' lang='lat' dir='ltr'><strong>perveniunt</strong></span> <span class='ocrx_word' id='word_1_107' title='bbox 830 1985 899 2039; x_wconf 85' lang='lat' dir='ltr'><strong>ad</strong></span> <span class='ocrx_word' id='word_1_108' title='bbox 942 1987 1133 2040; x_wconf 88' lang='lat' dir='ltr'><strong>intima</strong></span> <span class='ocrx_word' id='word_1_109' title='bbox 1156 1986 1375 2041; x_wconf 83' lang='lat' dir='ltr'><strong>ventris.</strong></span> <span class='ocrx_word' id='word_1_110' title='bbox 1439 1979 1623 2041; x_wconf 74' lang='lat' dir='ltr'><strong>Verba</strong></span> <span class='ocrx_word' id='word_1_111' title='bbox 1654 1998 1847 2039; x_wconf 89' lang='lat' dir='ltr'><strong>eorum</strong></span> <span class='ocrx_word' id='word_1_112' title='bbox 1872 1982 1964 2054; x_wconf 88' lang='lat' dir='ltr'><strong>qui</strong></span> <span class='ocrx_word' id='word_1_113' title='bbox 2018 1981 2086 2035; x_wconf 89' lang='lat' dir='ltr'><strong>ad</strong></span> 
     </span>
    </p>
   </div>
   <div class='ocr_carea' id='block_1_20' title="bbox 497 2076 2084 2148">
    <p class='ocr_par' dir='ltr' id='par_1_20' title="bbox 497 2076 2084 2148">
     <span class='ocr_line' id='line_1_20' title="bbox 497 2076 2084 2148; baseline -0.001 -19"><span class='ocrx_word' id='word_1_114' title='bbox 497 2077 728 2145; x_wconf 75' lang='lat' dir='ltr'><strong>gratiam</strong></span> <span class='ocrx_word' id='word_1_115' title='bbox 763 2076 1090 2147; x_wconf 80' lang='lat' dir='ltr'><strong>captandam</strong></span> <span class='ocrx_word' id='word_1_116' title='bbox 1124 2079 1452 2148; x_wconf 88' lang='lat' dir='ltr'><strong>loquuntur,</strong></span> <span class='ocrx_word' id='word_1_117' title='bbox 1478 2076 1626 2130; x_wconf 89' lang='lat' dir='ltr'><strong>omni</strong></span> <span class='ocrx_word' id='word_1_118' title='bbox 1651 2076 1855 2131; x_wconf 79' lang='lat' dir='ltr'><strong>duritie</strong></span> <span class='ocrx_word' id='word_1_119' title='bbox 1873 2082 2084 2130; x_wconf 83' lang='lat' dir='ltr'><strong>carent.</strong></span> 
     </span>
    </p>
   </div>
   <div class='ocr_carea' id='block_1_21' title="bbox 496 2166 2086 2240">
    <p class='ocr_par' dir='ltr' id='par_1_21' title="bbox 496 2166 2086 2240">
     <span class='ocr_line' id='line_1_21' title="bbox 496 2166 2086 2240; baseline -0.001 -20"><span class='ocrx_word' id='word_1_120' title='bbox 496 2166 602 2235; x_wconf 85' lang='lat' dir='ltr'><strong>Qui</strong></span> <span class='ocrx_word' id='word_1_121' title='bbox 637 2179 817 2223; x_wconf 86' lang='lat' dir='ltr'><strong>autem</strong></span> <span class='ocrx_word' id='word_1_122' title='bbox 867 2171 957 2222; x_wconf 91' lang='lat' dir='ltr'><strong>illa</strong></span> <span class='ocrx_word' id='word_1_123' title='bbox 996 2168 1312 2240; x_wconf 78' lang='lat' dir='ltr'><strong>proferunt,</strong></span> <span class='ocrx_word' id='word_1_124' title='bbox 1342 2168 1571 2223; x_wconf 88' lang='lat' dir='ltr'><strong>occlusa</strong></span> <span class='ocrx_word' id='word_1_125' title='bbox 1602 2169 1880 2223; x_wconf 81' lang='lat' dir='ltr'><strong>viscerum</strong></span> <span class='ocrx_word' id='word_1_126' title='bbox 1922 2166 2086 2236; x_wconf 86' lang='lat' dir='ltr'><strong>quasi</strong></span> 
     </span>
    </p>
   </div>
   <div class='ocr_carea' id='block_1_22' title="bbox 494 2258 2083 2332">
    <p class='ocr_par' dir='ltr' id='par_1_22' title="bbox 494 2258 2083 2332">
     <span class='ocr_line' id='line_1_22' title="bbox 494 2258 2083 2332; baseline -0.002 -20"><span class='ocrx_word' id='word_1_127' title='bbox 494 2261 878 2332; x_wconf 83' lang='lat' dir='ltr'><strong>promptuaria</strong></span> <span class='ocrx_word' id='word_1_128' title='bbox 907 2269 1185 2315; x_wconf 86' lang='lat' dir='ltr'><strong>conantur</strong></span> <span class='ocrx_word' id='word_1_129' title='bbox 1234 2260 1303 2315; x_wconf 84' lang='lat' dir='ltr'><strong>ad</strong></span> <span class='ocrx_word' id='word_1_130' title='bbox 1343 2258 1785 2315; x_wconf 87' lang='lat' dir='ltr'><strong>misericordiam</strong></span> <span class='ocrx_word' id='word_1_131' title='bbox 1846 2258 2083 2328; x_wconf 89' lang='lat' dir='ltr'><strong>aperire.</strong></span> 
     </span>
    </p>
   </div>
   <div class='ocr_carea' id='block_1_23' title="bbox 498 2333 2082 2421">
    <p class='ocr_par' dir='ltr' id='par_1_23' title="bbox 498 2333 2082 2421">
     <span class='ocr_line' id='line_1_23' title="bbox 498 2333 2082 2421; baseline -0.001 -18"><span class='ocrx_word' id='word_1_132' title='bbox 498 2349 558 2403; x_wconf 87' lang='lat' dir='ltr'><strong>Si</strong></span> <span class='ocrx_word' id='word_1_133' title='bbox 584 2350 753 2418; x_wconf 72' lang='lat' dir='ltr'><strong>igitur</strong></span> <span class='ocrx_word' id='word_1_134' title='bbox 786 2349 851 2404; x_wconf 88' lang='lat' dir='ltr'><strong>ad</strong></span> <span class='ocrx_word' id='word_1_135' title='bbox 884 2354 1117 2421; x_wconf 75' lang='lat' dir='ltr'><strong>gratiam</strong></span> <span class='ocrx_word' id='word_1_136' title='bbox 1147 2350 1479 2419; x_wconf 87' lang='lat' dir='ltr'><strong>captandam</strong></span> <span class='ocrx_word' id='word_1_137' title='bbox 1536 2333 1687 2418; x_wconf 85' lang='lat' dir='ltr'><strong>loqui</strong></span> <span class='ocrx_word' id='word_1_138' title='bbox 1724 2355 1949 2419; x_wconf 84' lang='lat' dir='ltr'><strong>propter</strong></span> <span class='ocrx_word' id='word_1_139' title='bbox 1984 2363 2082 2402; x_wconf 76' lang='lat' dir='ltr'><strong>ve-</strong></span> 
     </span>
    </p>
   </div>
   <div class='ocr_carea' id='block_1_24' title="bbox 495 2440 2084 2514">
    <p class='ocr_par' dir='ltr' id='par_1_24' title="bbox 495 2440 2084 2514">
     <span class='ocr_line' id='line_1_24' title="bbox 495 2440 2084 2514; baseline -0.004 -15"><span class='ocrx_word' id='word_1_140' title='bbox 495 2444 678 2499; x_wconf 79' lang='lat' dir='ltr'><strong>l&#39;ilalis</strong></span> <span class='ocrx_word' id='word_1_141' title='bbox 700 2451 1078 2514; x_wconf 85' lang='lat' dir='ltr'><strong>contemptum</strong></span> <span class='ocrx_word' id='word_1_142' title='bbox 1112 2456 1219 2497; x_wconf 90' lang='lat' dir='ltr'><strong>non</strong></span> <span class='ocrx_word' id='word_1_143' title='bbox 1248 2440 1767 2511; x_wconf 87' lang='lat' dir='ltr'><strong>bonum,.culpandi</strong></span> <span class='ocrx_word' id='word_1_144' title='bbox 1798 2450 1924 2495; x_wconf 88' lang='lat' dir='ltr'><strong>sunt</strong></span> <span class='ocrx_word' id='word_1_145' title='bbox 1961 2453 2084 2493; x_wconf 89' lang='lat' dir='ltr'><strong>om-</strong></span> 
     </span>
    </p>
   </div>
   <div class='ocr_carea' id='block_1_25' title="bbox 495 2535 923 2591">
    <p class='ocr_par' dir='ltr' id='par_1_25' title="bbox 495 2535 923 2591">
     <span class='ocr_line' id='line_1_25' title="bbox 495 2535 923 2591; baseline 0 0"><span class='ocrx_word' id='word_1_146' title='bbox 495 2537 631 2591; x_wconf 80' lang='lat' dir='ltr'><strong>nino</strong></span> <span class='ocrx_word' id='word_1_147' title='bbox 661 2535 923 2591; x_wconf 80' lang='lat' dir='ltr'><strong>immites.</strong></span> 
     </span>
    </p>
   </div>
   <div class='ocr_carea' id='block_1_26' title="bbox 575 2648 2082 2719">
    <p class='ocr_par' dir='ltr' id='par_1_26' title="bbox 575 2648 2082 2719">
     <span class='ocr_line' id='line_1_26' title="bbox 575 2648 2082 2719; baseline -0.002 -16"><span class='ocrx_word' id='word_1_148' title='bbox 575 2650 740 2704; x_wconf 72' lang='lat' dir='ltr'><strong>Vens.</strong></span> <span class='ocrx_word' id='word_1_149' title='bbox 779 2648 872 2705; x_wconf 72' lang='grc' dir='ltr'><strong>Ξό.</strong></span> <span class='ocrx_word' id='word_1_150' title='bbox 905 2649 1195 2719; x_wconf 82' lang='lat' dir='ltr'><strong>Argentum</strong></span> <span class='ocrx_word' id='word_1_151' title='bbox 1225 2649 1412 2705; x_wconf 87' lang='lat' dir='ltr'><strong>datum</strong></span> <span class='ocrx_word' id='word_1_152' title='bbox 1473 2666 1592 2704; x_wconf 88' lang='lat' dir='ltr'><strong>cum</strong></span> <span class='ocrx_word' id='word_1_153' title='bbox 1633 2648 1779 2715; x_wconf 84' lang='lat' dir='ltr'><strong>dolo,</strong></span> <span class='ocrx_word' id='word_1_154' title='bbox 1826 2657 2082 2719; x_wconf 86' lang='lat' dir='ltr'><strong>tanquam</strong></span> 
     </span>
    </p>
   </div>
   <div class='ocr_carea' id='block_1_27' title="bbox 497 2738 2083 2811">
    <p class='ocr_par' dir='ltr' id='par_1_27' title="bbox 497 2738 2083 2811">
     <span class='ocr_line' id='line_1_27' title="bbox 497 2738 2083 2811; baseline -0.003 -17"><span class='ocrx_word' id='word_1_155' title='bbox 497 2749 636 2796; x_wconf 79' lang='lat' dir='ltr'><strong>testa</strong></span> <span class='ocrx_word' id='word_1_156' title='bbox 662 2739 1113 2807; x_wconf 78' lang='lat' dir='ltr'><strong>repntandunt.Si</strong></span> <span class='ocrx_word' id='word_1_157' title='bbox 1142 2741 1267 2811; x_wconf 87' lang='lat' dir='ltr'><strong>quis</strong></span> <span class='ocrx_word' id='word_1_158' title='bbox 1299 2752 1585 2811; x_wconf 85' lang='lat' dir='ltr'><strong>argentum</strong></span> <span class='ocrx_word' id='word_1_159' title='bbox 1615 2738 1859 2805; x_wconf 83' lang='lat' dir='ltr'><strong>impertit</strong></span> <span class='ocrx_word' id='word_1_160' title='bbox 1890 2738 2083 2800; x_wconf 86' lang='lat' dir='ltr'><strong>alicui,</strong></span> 
     </span>
    </p>
   </div>
   <div class='ocr_carea' id='block_1_28' title="bbox 495 2832 2087 2903">
    <p class='ocr_par' dir='ltr' id='par_1_28' title="bbox 495 2832 2087 2903">
     <span class='ocr_line' id='line_1_28' title="bbox 495 2832 2087 2903; baseline -0.002 -17"><span class='ocrx_word' id='word_1_161' title='bbox 495 2834 745 2888; x_wconf 67' lang='lat' dir='ltr'><strong>videntes</strong></span> <span class='ocrx_word' id='word_1_162' title='bbox 776 2833 1080 2903; x_wconf 83' lang='lat' dir='ltr'><strong>decipiens,</strong></span> <span class='ocrx_word' id='word_1_163' title='bbox 1117 2832 1336 2888; x_wconf 86' lang='lat' dir='ltr'><strong>laudem</strong></span> <span class='ocrx_word' id='word_1_164' title='bbox 1404 2833 1475 2887; x_wconf 89' lang='lat' dir='ltr'><strong>ab</strong></span> <span class='ocrx_word' id='word_1_165' title='bbox 1524 2832 1632 2886; x_wconf 89' lang='lat' dir='ltr'><strong>illis</strong></span> <span class='ocrx_word' id='word_1_166' title='bbox 1675 2839 1939 2900; x_wconf 84' lang='lat' dir='ltr'><strong>captans,</strong></span> <span class='ocrx_word' id='word_1_167' title='bbox 1999 2845 2087 2883; x_wconf 88' lang='lat' dir='ltr'><strong>re-</strong></span> 
     </span>
    </p>
   </div>
   <div class='ocr_carea' id='block_1_29' title="bbox 495 2921 2079 2996">
    <p class='ocr_par' dir='ltr' id='par_1_29' title="bbox 495 2921 2079 2996">
     <span class='ocr_line' id='line_1_29' title="bbox 495 2921 2079 2996; baseline -0.004 -16"><span class='ocrx_word' id='word_1_168' title='bbox 495 2925 799 2996; x_wconf 85' lang='lat' dir='ltr'><strong>putandum</strong></span> <span class='ocrx_word' id='word_1_169' title='bbox 828 2934 913 2980; x_wconf 90' lang='lat' dir='ltr'><strong>est</strong></span> <span class='ocrx_word' id='word_1_170' title='bbox 940 2926 1076 2979; x_wconf 86' lang='lat' dir='ltr'><strong>illud</strong></span> <span class='ocrx_word' id='word_1_171' title='bbox 1109 2932 1407 2995; x_wconf 77' lang='lat' dir='ltr'><strong>argentum</strong></span> <span class='ocrx_word' id='word_1_172' title='bbox 1463 2940 1570 2977; x_wconf 89' lang='lat' dir='ltr'><strong>non</strong></span> <span class='ocrx_word' id='word_1_173' title='bbox 1600 2921 1827 2977; x_wconf 74' lang='lat' dir='ltr'><strong>differre</strong></span> <span class='ocrx_word' id='word_1_174' title='bbox 1852 2937 1881 2975; x_wconf 89' lang='lat' dir='ltr'><strong>a</strong></span> <span class='ocrx_word' id='word_1_175' title='bbox 1916 2932 2079 2987; x_wconf 75' lang='lat' dir='ltr'><strong>testa,</strong></span> 
     </span>
    </p>
   </div>
   <div class='ocr_carea' id='block_1_30' title="bbox 495 3014 2082 3088">
    <p class='ocr_par' dir='ltr' id='par_1_30' title="bbox 495 3014 2082 3088">
     <span class='ocr_line' id='line_1_30' title="bbox 495 3014 2082 3088; baseline -0.003 -18"><span class='ocrx_word' id='word_1_176' title='bbox 495 3019 626 3086; x_wconf 84' lang='lat' dir='ltr'><strong>quia</strong></span> <span class='ocrx_word' id='word_1_177' title='bbox 662 3016 816 3071; x_wconf 66' lang='lat' dir='ltr'><strong>datur</strong></span> <span class='ocrx_word' id='word_1_178' title='bbox 850 3017 959 3070; x_wconf 87' lang='lat' dir='ltr'><strong>Deo</strong></span> <span class='ocrx_word' id='word_1_179' title='bbox 986 3032 1097 3071; x_wconf 87' lang='lat' dir='ltr'><strong>non</strong></span> <span class='ocrx_word' id='word_1_180' title='bbox 1134 3017 1312 3088; x_wconf 87' lang='lat' dir='ltr'><strong>placet</strong></span> <span class='ocrx_word' id='word_1_181' title='bbox 1340 3032 1434 3085; x_wconf 86' lang='lat' dir='ltr'><strong>per</strong></span> <span class='ocrx_word' id='word_1_182' title='bbox 1480 3014 1735 3069; x_wconf 81' lang='lat' dir='ltr'><strong>all&#39;eclum</strong></span> <span class='ocrx_word' id='word_1_183' title='bbox 1767 3016 1821 3067; x_wconf 93' lang='lat' dir='ltr'><strong>in</strong></span> <span class='ocrx_word' id='word_1_184' title='bbox 1857 3014 2082 3068; x_wconf 77' lang='lat' dir='ltr'><strong>fratrem</strong></span> 
     </span>
    </p>
   </div>
   <div class='ocr_carea' id='block_1_31' title="bbox 495 3105 2083 3179">
    <p class='ocr_par' dir='ltr' id='par_1_31' title="bbox 495 3105 2083 3179">
     <span class='ocr_line' id='line_1_31' title="bbox 495 3105 2083 3179; baseline -0.003 -16"><span class='ocrx_word' id='word_1_185' title='bbox 495 3112 762 3163; x_wconf 79' lang='lat' dir='ltr'><strong>mundum</strong></span> <span class='ocrx_word' id='word_1_186' title='bbox 786 3118 844 3163; x_wconf 88' lang='lat' dir='ltr'><strong>ut</strong></span> <span class='ocrx_word' id='word_1_187' title='bbox 870 3120 1181 3179; x_wconf 85' lang='lat' dir='ltr'><strong>argentum.</strong></span> <span class='ocrx_word' id='word_1_188' title='bbox 1216 3105 1460 3164; x_wconf 76' lang='lat' dir='ltr'><strong>Verbum</strong></span> <span class='ocrx_word' id='word_1_189' title='bbox 1523 3107 1669 3161; x_wconf 83' lang='lat' dir='ltr'><strong>enim</strong></span> <span class='ocrx_word' id='word_1_190' title='bbox 1696 3106 1943 3161; x_wconf 76' lang='lat' dir='ltr'><strong>divinum</strong></span> <span class='ocrx_word' id='word_1_191' title='bbox 1992 3107 2083 3175; x_wconf 85' lang='lat' dir='ltr'><strong>jn-</strong></span> 
     </span>
    </p>
   </div>
   <div class='ocr_carea' id='block_1_32' title="bbox 496 3198 1737 3257">
    <p class='ocr_par' dir='ltr' id='par_1_32' title="bbox 496 3198 1737 3257">
     <span class='ocr_line' id='line_1_32' title="bbox 496 3198 1737 3257; baseline -0.003 0"><span class='ocrx_word' id='word_1_192' title='bbox 496 3202 591 3257; x_wconf 87' lang='lat' dir='ltr'><strong>bet</strong></span> <span class='ocrx_word' id='word_1_193' title='bbox 618 3217 714 3256; x_wconf 91' lang='lat' dir='ltr'><strong>uos</strong></span> <span class='ocrx_word' id='word_1_194' title='bbox 742 3201 806 3255; x_wconf 87' lang='lat' dir='ltr'><strong>ad</strong></span> <span class='ocrx_word' id='word_1_195' title='bbox 843 3201 1020 3256; x_wconf 72' lang='lat' dir='ltr'><strong>inStar</strong></span> <span class='ocrx_word' id='word_1_196' title='bbox 1048 3198 1143 3255; x_wconf 91' lang='lat' dir='ltr'><strong>Dei</strong></span> <span class='ocrx_word' id='word_1_197' title='bbox 1175 3214 1300 3256; x_wconf 87' lang='lat' dir='ltr'><strong>esse</strong></span> <span class='ocrx_word' id='word_1_198' title='bbox 1331 3199 1737 3254; x_wconf 80' lang='lat' dir='ltr'><strong>misericordes.</strong></span> 
     </span>
    </p>
   </div>
   <div class='ocr_carea' id='block_1_33' title="bbox 498 3405 2080 3478">
    <p class='ocr_par' dir='ltr' id='par_1_33' title="bbox 498 3405 2080 3478">
     <span class='ocr_line' id='line_1_33' title="bbox 498 3405 2080 3478; baseline -0.001 -17"><span class='ocrx_word' id='word_1_199' title='bbox 498 3446 501 3449; x_wconf 63' lang='grc'><strong>»</strong></span> <span class='ocrx_word' id='word_1_200' title='bbox 567 3406 857 3464; x_wconf 66' lang='grc' dir='ltr'><strong>νεκε.24.</strong></span> <span class='ocrx_word' id='word_1_201' title='bbox 902 3405 1072 3461; x_wconf 83' lang='lat' dir='ltr'><strong>Verba</strong></span> <span class='ocrx_word' id='word_1_202' title='bbox 1114 3406 1365 3478; x_wconf 73' lang='lat' dir='ltr'><strong>la’vigata</strong></span> <span class='ocrx_word' id='word_1_203' title='bbox 1426 3423 1517 3460; x_wconf 88' lang='lat' dir='ltr'><strong>cor</strong></span> <span class='ocrx_word' id='word_1_204' title='bbox 1580 3407 1850 3460; x_wconf 77' lang='lat' dir='ltr'><strong>occultant</strong></span> <span class='ocrx_word' id='word_1_205' title='bbox 1907 3406 2080 3461; x_wconf 80' lang='lat' dir='ltr'><strong>triste.</strong></span> 
     </span>
    </p>
   </div>
   <div class='ocr_carea' id='block_1_34' title="bbox 492 3496 2084 3568">
    <p class='ocr_par' dir='ltr' id='par_1_34' title="bbox 492 3496 2084 3568">
     <span class='ocr_line' id='line_1_34' title="bbox 492 3496 2084 3568; baseline -0.003 -15"><span class='ocrx_word' id='word_1_206' title='bbox 492 3498 569 3553; x_wconf 86' lang='lat' dir='ltr'><strong>Os</strong></span> <span class='ocrx_word' id='word_1_207' title='bbox 612 3500 776 3553; x_wconf 81' lang='lat' dir='ltr'><strong>verba</strong></span> <span class='ocrx_word' id='word_1_208' title='bbox 808 3499 1183 3553; x_wconf 80' lang='lat' dir='ltr'><strong>causoIatoria</strong></span> <span class='ocrx_word' id='word_1_209' title='bbox 1209 3496 1498 3568; x_wconf 82' lang='lat' dir='ltr'><strong>proferens</strong></span> <span class='ocrx_word' id='word_1_210' title='bbox 1554 3511 1618 3552; x_wconf 87' lang='lat' dir='ltr'><strong>ac</strong></span> <span class='ocrx_word' id='word_1_211' title='bbox 1641 3499 1848 3551; x_wconf 87' lang='lat' dir='ltr'><strong>nullam</strong></span> <span class='ocrx_word' id='word_1_212' title='bbox 1869 3497 2084 3551; x_wconf 86' lang='lat' dir='ltr'><strong>baben-</strong></span> 
     </span>
    </p>
   </div>
   <div class='ocr_carea' id='block_1_35' title="bbox 494 3588 2081 3659">
    <p class='ocr_par' dir='ltr' id='par_1_35' title="bbox 494 3588 2081 3659">
     <span class='ocr_line' id='line_1_35' title="bbox 494 3588 2081 3659; baseline -0.003 -12"><span class='ocrx_word' id='word_1_213' title='bbox 494 3593 570 3647; x_wconf 90' lang='lat' dir='ltr'><strong>tia</strong></span> <span class='ocrx_word' id='word_1_214' title='bbox 595 3590 936 3653; x_wconf 82' lang='lat' dir='ltr'><strong>scabritiem,</strong></span> <span class='ocrx_word' id='word_1_215' title='bbox 967 3590 1203 3659; x_wconf 85' lang='lat' dir='ltr'><strong>dissipat</strong></span> <span class='ocrx_word' id='word_1_216' title='bbox 1239 3590 1441 3644; x_wconf 73' lang='lat' dir='ltr'><strong>animo:</strong></span> <span class='ocrx_word' id='word_1_217' title='bbox 1498 3589 1767 3655; x_wconf 87' lang='lat' dir='ltr'><strong>dolorem,</strong></span> <span class='ocrx_word' id='word_1_218' title='bbox 1831 3605 1953 3645; x_wconf 88' lang='lat' dir='ltr'><strong>eam</strong></span> <span class='ocrx_word' id='word_1_219' title='bbox 2012 3588 2081 3643; x_wconf 89' lang='lat' dir='ltr'><strong>ad</strong></span> 
     </span>
    </p>
   </div>
   <div class='ocr_carea' id='block_1_36' title="bbox 493 3685 2006 3758">
    <p class='ocr_par' dir='ltr' id='par_1_36' title="bbox 493 3685 2006 3758">
     <span class='ocr_line' id='line_1_36' title="bbox 493 3685 2006 3758; baseline -0.002 -17"><span class='ocrx_word' id='word_1_220' title='bbox 493 3686 751 3742; x_wconf 79' lang='lat' dir='ltr'><strong>solatium</strong></span> <span class='ocrx_word' id='word_1_221' title='bbox 774 3702 871 3758; x_wconf 87' lang='lat' dir='ltr'><strong>per</strong></span> <span class='ocrx_word' id='word_1_222' title='bbox 902 3700 965 3742; x_wconf 89' lang='lat' dir='ltr'><strong>ea</strong></span> <span class='ocrx_word' id='word_1_223' title='bbox 1000 3685 1256 3744; x_wconf 86' lang='lat' dir='ltr'><strong>advocat.</strong></span> <span class='ocrx_word' id='word_1_224' title='bbox 1293 3698 1703 3756; x_wconf 78' lang='lat' dir='ltr'><strong>maeroremque</strong></span> <span class='ocrx_word' id='word_1_225' title='bbox 1736 3685 2006 3754; x_wconf 82' lang='lat' dir='ltr'><strong>reprimit.</strong></span> 
     </span>
    </p>
   </div>
   <div class='ocr_carea' id='block_1_37' title="bbox 568 3883 2080 3953">
    <p class='ocr_par' dir='ltr' id='par_1_37' title="bbox 568 3883 2080 3953">
     <span class='ocr_line' id='line_1_37' title="bbox 568 3883 2080 3953; baseline -0.003 -11"><span class='ocrx_word' id='word_1_226' title='bbox 568 3889 748 3943; x_wconf 73' lang='lat' dir='ltr'><strong>Labiis</strong></span> <span class='ocrx_word' id='word_1_227' title='bbox 775 3888 956 3943; x_wconf 85' lang='lat' dir='ltr'><strong>omnia</strong></span> <span class='ocrx_word' id='word_1_228' title='bbox 985 3887 1175 3940; x_wconf 83' lang='lat' dir='ltr'><strong>annuit</strong></span> <span class='ocrx_word' id='word_1_229' title='bbox 1202 3884 1487 3953; x_wconf 72' lang='lat' dir='ltr'><strong>deplorans</strong></span> <span class='ocrx_word' id='word_1_230' title='bbox 1535 3885 1808 3949; x_wconf 74' lang='lat' dir='ltr'><strong>inimicus,</strong></span> <span class='ocrx_word' id='word_1_231' title='bbox 1835 3885 1888 3938; x_wconf 88' lang='lat' dir='ltr'><strong>in</strong></span> <span class='ocrx_word' id='word_1_232' title='bbox 1922 3883 2080 3938; x_wconf 86' lang='lat' dir='ltr'><strong>corde</strong></span> 
     </span>
    </p>
   </div>
   <div class='ocr_carea' id='block_1_38' title="bbox 493 3974 2075 4055">
    <p class='ocr_par' dir='ltr' id='par_1_38' title="bbox 493 3974 2075 4055">
     <span class='ocr_line' id='line_1_38' title="bbox 493 3974 2075 4055; baseline -0.006 -21"><span class='ocrx_word' id='word_1_233' title='bbox 493 3992 667 4034; x_wconf 80' lang='lat' dir='ltr'><strong>autent</strong></span> <span class='ocrx_word' id='word_1_234' title='bbox 692 3978 991 4050; x_wconf 75' lang='lat' dir='ltr'><strong>fabricatur</strong></span> <span class='ocrx_word' id='word_1_235' title='bbox 1024 3977 1201 4030; x_wconf 80' lang='lat' dir='ltr'><strong>dolos.</strong></span> <span class='ocrx_word' id='word_1_236' title='bbox 1234 3976 1451 4043; x_wconf 83' lang='lat' dir='ltr'><strong>Quibus</strong></span> <span class='ocrx_word' id='word_1_237' title='bbox 1490 3975 1867 4055; x_wconf 49' lang='lat' dir='ltr'><strong>.sermonibns</strong></span> <span class='ocrx_word' id='word_1_238' title='bbox 1903 3974 2075 4027; x_wconf 81' lang='lat' dir='ltr'><strong>mani-</strong></span> 
     </span>
    </p>
   </div>
   <div class='ocr_carea' id='block_1_39' title="bbox 493 4064 2081 4136">
    <p class='ocr_par' dir='ltr' id='par_1_39' title="bbox 493 4064 2081 4136">
     <span class='ocr_line' id='line_1_39' title="bbox 493 4064 2081 4136; baseline -0.006 -8"><span class='ocrx_word' id='word_1_239' title='bbox 493 4075 732 4128; x_wconf 71' lang='lat' dir='ltr'><strong>testatur</strong></span> <span class='ocrx_word' id='word_1_240' title='bbox 788 4070 958 4124; x_wconf 89' lang='lat' dir='ltr'><strong>animi</strong></span> <span class='ocrx_word' id='word_1_241' title='bbox 1000 4069 1159 4124; x_wconf 91' lang='lat' dir='ltr'><strong>dolor</strong></span> <span class='ocrx_word' id='word_1_242' title='bbox 1192 4082 1411 4136; x_wconf 87' lang='lat' dir='ltr'><strong>semper</strong></span> <span class='ocrx_word' id='word_1_243' title='bbox 1468 4072 1690 4131; x_wconf 82' lang='lat' dir='ltr'><strong>annuit,</strong></span> <span class='ocrx_word' id='word_1_244' title='bbox 1744 4066 1906 4135; x_wconf 88' lang='lat' dir='ltr'><strong>quasi</strong></span> <span class='ocrx_word' id='word_1_245' title='bbox 1951 4064 2081 4118; x_wconf 88' lang='lat' dir='ltr'><strong>talia</strong></span> 
     </span>
    </p>
   </div>
   <div class='ocr_carea' id='block_1_40' title="bbox 490 4144 2082 4231">
    <p class='ocr_par' dir='ltr' id='par_1_40' title="bbox 490 4144 2082 4231">
     <span class='ocr_line' id='line_1_40' title="bbox 490 4144 2082 4231; baseline -0.005 -11"><span class='ocrx_word' id='word_1_246' title='bbox 490 4144 696 4220; x_wconf 84' lang='lat' dir='ltr'><strong>dicenti</strong></span> <span class='ocrx_word' id='word_1_247' title='bbox 732 4178 859 4218; x_wconf 80' lang='lat' dir='ltr'><strong>vere</strong></span> <span class='ocrx_word' id='word_1_248' title='bbox 885 4162 1280 4231; x_wconf 87' lang='lat' dir='ltr'><strong>compatiatur,</strong></span> <span class='ocrx_word' id='word_1_249' title='bbox 1321 4158 1414 4228; x_wconf 87' lang='lat' dir='ltr'><strong>qui</strong></span> <span class='ocrx_word' id='word_1_250' title='bbox 1435 4158 1690 4215; x_wconf 89' lang='lat' dir='ltr'><strong>eumdem</strong></span> <span class='ocrx_word' id='word_1_251' title='bbox 1722 4158 1851 4213; x_wconf 90' lang='lat' dir='ltr'><strong>odio</strong></span> <span class='ocrx_word' id='word_1_252' title='bbox 1887 4171 2082 4227; x_wconf 86' lang='lat' dir='ltr'><strong>prose-</strong></span> 
     </span>
    </p>
   </div>
   <div class='ocr_carea' id='block_1_41' title="bbox 490 4249 2079 4328">
    <p class='ocr_par' dir='ltr' id='par_1_41' title="bbox 490 4249 2079 4328">
     <span class='ocr_line' id='line_1_41' title="bbox 490 4249 2079 4328; baseline -0.004 -19"><span class='ocrx_word' id='word_1_253' title='bbox 490 4258 698 4328; x_wconf 84' lang='lat' dir='ltr'><strong>quitur.</strong></span> <span class='ocrx_word' id='word_1_254' title='bbox 736 4254 801 4308; x_wconf 88' lang='lat' dir='ltr'><strong>Et</strong></span> <span class='ocrx_word' id='word_1_255' title='bbox 826 4255 989 4308; x_wconf 88' lang='lat' dir='ltr'><strong>simul</strong></span> <span class='ocrx_word' id='word_1_256' title='bbox 1016 4269 1083 4308; x_wconf 81' lang='lat' dir='ltr'><strong>ex</strong></span> <span class='ocrx_word' id='word_1_257' title='bbox 1114 4252 1241 4306; x_wconf 89' lang='lat' dir='ltr'><strong>odio</strong></span> <span class='ocrx_word' id='word_1_258' title='bbox 1283 4267 1440 4328; x_wconf 81' lang='lat' dir='ltr'><strong>meus</strong></span> <span class='ocrx_word' id='word_1_259' title='bbox 1461 4250 1623 4305; x_wconf 86' lang='lat' dir='ltr'><strong>dolos</strong></span> <span class='ocrx_word' id='word_1_260' title='bbox 1649 4250 2002 4304; x_wconf 85' lang='lat' dir='ltr'><strong>machinatur</strong></span> <span class='ocrx_word' id='word_1_261' title='bbox 2024 4249 2079 4302; x_wconf 89' lang='lat' dir='ltr'><strong>in</strong></span> 
     </span>
    </p>
   </div>
   <div class='ocr_carea' id='block_1_42' title="bbox 491 4341 2079 4415">
    <p class='ocr_par' dir='ltr' id='par_1_42' title="bbox 491 4341 2079 4415">
     <span class='ocr_line' id='line_1_42' title="bbox 491 4341 2079 4415; baseline -0.004 -14"><span class='ocrx_word' id='word_1_262' title='bbox 491 4368 507 4400; x_wconf 76' lang='grc' dir='ltr'><strong>ι</strong></span> <span class='ocrx_word' id='word_1_263' title='bbox 528 4364 639 4415; x_wconf 82' lang='grc' dir='ltr'><strong>ιιιιι,</strong></span> <span class='ocrx_word' id='word_1_264' title='bbox 672 4345 950 4415; x_wconf 84' lang='lat' dir='ltr'><strong>quomodo</strong></span> <span class='ocrx_word' id='word_1_265' title='bbox 984 4361 1036 4398; x_wconf 87' lang='lat' dir='ltr'><strong>tu</strong></span> <span class='ocrx_word' id='word_1_266' title='bbox 1065 4343 1401 4414; x_wconf 80' lang='lat' dir='ltr'><strong>profundum</strong></span> <span class='ocrx_word' id='word_1_267' title='bbox 1432 4342 1843 4412; x_wconf 80' lang='lat' dir='ltr'><strong>desperationis</strong></span> <span class='ocrx_word' id='word_1_268' title='bbox 1879 4341 2079 4411; x_wconf 82' lang='lat' dir='ltr'><strong>impel-</strong></span> 
     </span>
    </p>
   </div>
   <div class='ocr_carea' id='block_1_43' title="bbox 490 4432 2077 4503">
    <p class='ocr_par' dir='ltr' id='par_1_43' title="bbox 490 4432 2077 4503">
     <span class='ocr_line' id='line_1_43' title="bbox 490 4432 2077 4503; baseline -0.005 -11"><span class='ocrx_word' id='word_1_269' title='bbox 490 4439 589 4494; x_wconf 88' lang='lat' dir='ltr'><strong>lat.</strong></span> <span class='ocrx_word' id='word_1_270' title='bbox 652 4436 860 4491; x_wconf 80' lang='lat' dir='ltr'><strong>ltevera</strong></span> <span class='ocrx_word' id='word_1_271' title='bbox 915 4436 1007 4489; x_wconf 89' lang='lat' dir='ltr'><strong>ille</strong></span> <span class='ocrx_word' id='word_1_272' title='bbox 1055 4434 1205 4489; x_wconf 82' lang='lat' dir='ltr'><strong>[lenti</strong></span> <span class='ocrx_word' id='word_1_273' title='bbox 1246 4433 1432 4499; x_wconf 80' lang='lat' dir='ltr'><strong>adﬂet,</strong></span> <span class='ocrx_word' id='word_1_274' title='bbox 1472 4434 1568 4503; x_wconf 87' lang='lat' dir='ltr'><strong>qui</strong></span> <span class='ocrx_word' id='word_1_275' title='bbox 1597 4433 1770 4487; x_wconf 91' lang='lat' dir='ltr'><strong>lenire</strong></span> <span class='ocrx_word' id='word_1_276' title='bbox 1803 4432 2077 4496; x_wconf 84' lang='lat' dir='ltr'><strong>dolorem,</strong></span> 
     </span>
    </p>
   </div>
   <div class='ocr_carea' id='block_1_44' title="bbox 491 4519 1203 4609">
    <p class='ocr_par' dir='ltr' id='par_1_44' title="bbox 491 4519 1203 4609">
     <span class='ocr_line' id='line_1_44' title="bbox 491 4519 1203 4609; baseline -0.006 -24"><span class='ocrx_word' id='word_1_277' title='bbox 491 4546 605 4609; x_wconf 79' lang='lat' dir='ltr'><strong>non</strong></span> <span class='ocrx_word' id='word_1_278' title='bbox 630 4543 831 4599; x_wconf 78' lang='lat' dir='ltr'><strong>angere</strong></span> <span class='ocrx_word' id='word_1_279' title='bbox 862 4519 1203 4599; x_wconf 73' lang='lat' dir='ltr'><strong>aggreditur.</strong></span> 
     </span>
    </p>
   </div>
   <div class='ocr_carea' id='block_1_45' title="bbox 562 4730 2069 4803">
    <p class='ocr_par' dir='ltr' id='par_1_45' title="bbox 562 4730 2069 4803">
     <span class='ocr_line' id='line_1_45' title="bbox 562 4730 2069 4803; baseline -0.004 -16"><span class='ocrx_word' id='word_1_280' title='bbox 562 4732 731 4787; x_wconf 65' lang='lat' dir='ltr'><strong>Vsus.</strong></span> <span class='ocrx_word' id='word_1_281' title='bbox 771 4733 862 4789; x_wconf 76' lang='grc'><strong>25.</strong></span> <span class='ocrx_word' id='word_1_282' title='bbox 890 4730 950 4787; x_wconf 91' lang='lat' dir='ltr'><strong>Si</strong></span> <span class='ocrx_word' id='word_1_283' title='bbox 982 4741 1028 4785; x_wconf 88' lang='lat' dir='ltr'><strong>te</strong></span> <span class='ocrx_word' id='word_1_284' title='bbox 1080 4741 1341 4803; x_wconf 69' lang='lat' dir='ltr'><strong>rogaverit</strong></span> <span class='ocrx_word' id='word_1_285' title='bbox 1388 4733 1637 4786; x_wconf 83' lang='lat' dir='ltr'><strong>inimicus</strong></span> <span class='ocrx_word' id='word_1_286' title='bbox 1688 4745 1884 4800; x_wconf 84' lang='lat' dir='ltr'><strong>magna</strong></span> <span class='ocrx_word' id='word_1_287' title='bbox 1926 4744 2069 4793; x_wconf 83' lang='lat' dir='ltr'><strong>voce,</strong></span> 
     </span>
    </p>
   </div>
   <div class='ocr_carea' id='block_1_46' title="bbox 490 4820 2074 4893">
    <p class='ocr_par' dir='ltr' id='par_1_46' title="bbox 490 4820 2074 4893">
     <span class='ocr_line' id='line_1_46' title="bbox 490 4820 2074 4893; baseline -0.003 -15"><span class='ocrx_word' id='word_1_288' title='bbox 490 4843 553 4880; x_wconf 75' lang='lat' dir='ltr'><strong>ne</strong></span> <span class='ocrx_word' id='word_1_289' title='bbox 571 4825 859 4878; x_wconf 76' lang='lat' dir='ltr'><strong>credideris</strong></span> <span class='ocrx_word' id='word_1_290' title='bbox 890 4824 1146 4893; x_wconf 89' lang='lat' dir='ltr'><strong>quoniam</strong></span> <span class='ocrx_word' id='word_1_291' title='bbox 1170 4832 1368 4890; x_wconf 74' lang='lat' dir='ltr'><strong>septem</strong></span> <span class='ocrx_word' id='word_1_292' title='bbox 1398 4823 1655 4892; x_wconf 63' lang='lat' dir='ltr'><strong>nequitia</strong></span> <span class='ocrx_word' id='word_1_293' title='bbox 1676 4831 1798 4875; x_wconf 82' lang='lat' dir='ltr'><strong>sunt</strong></span> <span class='ocrx_word' id='word_1_294' title='bbox 1829 4822 1885 4874; x_wconf 88' lang='lat' dir='ltr'><strong>in</strong></span> <span class='ocrx_word' id='word_1_295' title='bbox 1916 4820 2074 4873; x_wconf 87' lang='lat' dir='ltr'><strong>corde</strong></span> 
     </span>
    </p>
   </div>
   <div class='ocr_carea' id='block_1_47' title="bbox 487 4907 2077 4983">
    <p class='ocr_par' dir='ltr' id='par_1_47' title="bbox 487 4907 2077 4983">
     <span class='ocr_line' id='line_1_47' title="bbox 487 4907 2077 4983; baseline -0.003 -16"><span class='ocrx_word' id='word_1_296' title='bbox 487 4914 627 4983; x_wconf 77' lang='lat' dir='ltr'><strong>ejus.</strong></span> <span class='ocrx_word' id='word_1_297' title='bbox 685 4911 741 4967; x_wconf 89' lang='lat' dir='ltr'><strong>Si</strong></span> <span class='ocrx_word' id='word_1_298' title='bbox 773 4921 824 4965; x_wconf 92' lang='lat' dir='ltr'><strong>te</strong></span> <span class='ocrx_word' id='word_1_299' title='bbox 846 4911 1057 4965; x_wconf 87' lang='lat' dir='ltr'><strong>socium</strong></span> <span class='ocrx_word' id='word_1_300' title='bbox 1094 4926 1319 4965; x_wconf 87' lang='lat' dir='ltr'><strong>suorum</strong></span> <span class='ocrx_word' id='word_1_301' title='bbox 1374 4912 1744 4965; x_wconf 79' lang='lat' dir='ltr'><strong>consiliorum</strong></span> <span class='ocrx_word' id='word_1_302' title='bbox 1809 4907 2077 4962; x_wconf 84' lang='lat' dir='ltr'><strong>adversus</strong></span> 
     </span>
    </p>
   </div>
   <div class='ocr_carea' id='block_1_48' title="bbox 486 5002 2075 5069">
    <p class='ocr_par' dir='ltr' id='par_1_48' title="bbox 486 5002 2075 5069">
     <span class='ocr_line' id='line_1_48' title="bbox 486 5002 2075 5069; baseline -0.003 -9"><span class='ocrx_word' id='word_1_303' title='bbox 486 5022 590 5060; x_wconf 80' lang='lat' dir='ltr'><strong>tios</strong></span> <span class='ocrx_word' id='word_1_304' title='bbox 652 5004 966 5058; x_wconf 84' lang='lat' dir='ltr'><strong>communis</strong></span> <span class='ocrx_word' id='word_1_305' title='bbox 995 5003 1087 5057; x_wconf 86' lang='lat' dir='ltr'><strong>ille</strong></span> <span class='ocrx_word' id='word_1_306' title='bbox 1138 5003 1400 5057; x_wconf 89' lang='lat' dir='ltr'><strong>inimicus</strong></span> <span class='ocrx_word' id='word_1_307' title='bbox 1455 5002 1760 5069; x_wconf 82' lang='lat' dir='ltr'><strong>vocaverit,</strong></span> <span class='ocrx_word' id='word_1_308' title='bbox 1802 5014 2075 5067; x_wconf 86' lang='lat' dir='ltr'><strong>suamque</strong></span> 
     </span>
    </p>
   </div>
   <div class='ocr_carea' id='block_1_49' title="bbox 486 5092 2071 5163">
    <p class='ocr_par' dir='ltr' id='par_1_49' title="bbox 486 5092 2071 5163">
     <span class='ocr_line' id='line_1_49' title="bbox 486 5092 2071 5163; baseline -0.004 -12"><span class='ocrx_word' id='word_1_309' title='bbox 486 5095 870 5151; x_wconf 83' lang='lat' dir='ltr'><strong>invitationem</strong></span> <span class='ocrx_word' id='word_1_310' title='bbox 903 5102 1018 5147; x_wconf 89' lang='lat' dir='ltr'><strong>tum</strong></span> <span class='ocrx_word' id='word_1_311' title='bbox 1050 5093 1392 5163; x_wconf 83' lang='lat' dir='ltr'><strong>voluptatum</strong></span> <span class='ocrx_word' id='word_1_312' title='bbox 1431 5092 1731 5157; x_wconf 86' lang='lat' dir='ltr'><strong>illecebris,</strong></span> <span class='ocrx_word' id='word_1_313' title='bbox 1767 5100 1885 5145; x_wconf 92' lang='lat' dir='ltr'><strong>tum</strong></span> <span class='ocrx_word' id='word_1_314' title='bbox 1922 5098 2071 5145; x_wconf 83' lang='lat' dir='ltr'><strong>metu</strong></span> 
     </span>
    </p>
   </div>
   <div class='ocr_carea' id='block_1_50' title="bbox 485 5184 2073 5257">
    <p class='ocr_par' dir='ltr' id='par_1_50' title="bbox 485 5184 2073 5257">
     <span class='ocr_line' id='line_1_50' title="bbox 485 5184 2073 5257; baseline -0.001 -16"><span class='ocrx_word' id='word_1_315' title='bbox 485 5187 692 5242; x_wconf 73' lang='lat' dir='ltr'><strong>laboris</strong></span> <span class='ocrx_word' id='word_1_316' title='bbox 720 5185 1152 5257; x_wconf 81' lang='lat' dir='ltr'><strong>inagnilicaverit</strong></span> <span class='ocrx_word' id='word_1_317' title='bbox 1177 5194 1238 5239; x_wconf 91' lang='lat' dir='ltr'><strong>ut</strong></span> <span class='ocrx_word' id='word_1_318' title='bbox 1273 5195 1328 5240; x_wconf 90' lang='lat' dir='ltr'><strong>te</strong></span> <span class='ocrx_word' id='word_1_319' title='bbox 1366 5184 1617 5248; x_wconf 82' lang='lat' dir='ltr'><strong>suadeat,</strong></span> <span class='ocrx_word' id='word_1_320' title='bbox 1650 5186 1763 5239; x_wconf 92' lang='lat' dir='ltr'><strong>noli</strong></span> <span class='ocrx_word' id='word_1_321' title='bbox 1797 5185 1888 5240; x_wconf 88' lang='lat' dir='ltr'><strong>isti</strong></span> <span class='ocrx_word' id='word_1_322' title='bbox 1945 5198 2073 5239; x_wconf 90' lang='lat' dir='ltr'><strong>cre-</strong></span> 
     </span>
    </p>
   </div>
   <div class='ocr_carea' id='block_1_51' title="bbox 485 5277 2070 5347">
    <p class='ocr_par' dir='ltr' id='par_1_51' title="bbox 485 5277 2070 5347">
     <span class='ocr_line' id='line_1_51' title="bbox 485 5277 2070 5347; baseline -0.001 -15"><span class='ocrx_word' id='word_1_323' title='bbox 485 5280 618 5332; x_wconf 82' lang='lat' dir='ltr'><strong>dere</strong></span> <span class='ocrx_word' id='word_1_324' title='bbox 657 5279 984 5347; x_wconf 83' lang='lat' dir='ltr'><strong>proponenti</strong></span> <span class='ocrx_word' id='word_1_325' title='bbox 1019 5278 1250 5345; x_wconf 78' lang='lat' dir='ltr'><strong>delicias</strong></span> <span class='ocrx_word' id='word_1_326' title='bbox 1296 5285 1352 5331; x_wconf 92' lang='lat' dir='ltr'><strong>et</strong></span> <span class='ocrx_word' id='word_1_327' title='bbox 1393 5278 1586 5347; x_wconf 87' lang='lat' dir='ltr'><strong>epulas</strong></span> <span class='ocrx_word' id='word_1_328' title='bbox 1638 5277 1853 5339; x_wconf 87' lang='lat' dir='ltr'><strong>carnis,</strong></span> <span class='ocrx_word' id='word_1_329' title='bbox 1910 5277 2070 5346; x_wconf 91' lang='lat' dir='ltr'><strong>quasi</strong></span> 
     </span>
    </p>
   </div>
   <div class='ocr_carea' id='block_1_52' title="bbox 483 5368 2069 5441">
    <p class='ocr_par' dir='ltr' id='par_1_52' title="bbox 483 5368 2069 5441">
     <span class='ocr_line' id='line_1_52' title="bbox 483 5368 2069 5441; baseline -0.003 -16"><span class='ocrx_word' id='word_1_330' title='bbox 483 5370 678 5425; x_wconf 80' lang='lat' dir='ltr'><strong>eadem</strong></span> <span class='ocrx_word' id='word_1_331' title='bbox 704 5386 815 5425; x_wconf 87' lang='lat' dir='ltr'><strong>non</strong></span> <span class='ocrx_word' id='word_1_332' title='bbox 847 5372 921 5425; x_wconf 76' lang='lat' dir='ltr'><strong>sit</strong></span> <span class='ocrx_word' id='word_1_333' title='bbox 951 5371 1005 5425; x_wconf 93' lang='lat' dir='ltr'><strong>in</strong></span> <span class='ocrx_word' id='word_1_334' title='bbox 1038 5373 1140 5425; x_wconf 89' lang='lat' dir='ltr'><strong>hac</strong></span> <span class='ocrx_word' id='word_1_335' title='bbox 1180 5371 1290 5425; x_wconf 80' lang='lat' dir='ltr'><strong>vita</strong></span> <span class='ocrx_word' id='word_1_336' title='bbox 1317 5369 1620 5441; x_wconf 73' lang='lat' dir='ltr'><strong>subigendo</strong></span> <span class='ocrx_word' id='word_1_337' title='bbox 1668 5385 1844 5441; x_wconf 83' lang='lat' dir='ltr'><strong>neque</strong></span> <span class='ocrx_word' id='word_1_338' title='bbox 1873 5368 2069 5424; x_wconf 83' lang='lat' dir='ltr'><strong>morti-</strong></span> 
     </span>
    </p>
   </div>
   <div class='ocr_carea' id='block_1_53' title="bbox 489 5463 2071 5535">
    <p class='ocr_par' dir='ltr' id='par_1_53' title="bbox 489 5463 2071 5535">
     <span class='ocr_line' id='line_1_53' title="bbox 489 5463 2071 5535; baseline -0.001 -17"><span class='ocrx_word' id='word_1_339' title='bbox 489 5465 769 5529; x_wconf 86' lang='lat' dir='ltr'><strong>licatione,</strong></span> <span class='ocrx_word' id='word_1_340' title='bbox 823 5479 1001 5534; x_wconf 87' lang='lat' dir='ltr'><strong>neque</strong></span> <span class='ocrx_word' id='word_1_341' title='bbox 1053 5463 1683 5535; x_wconf 80' lang='lat' dir='ltr'><strong>alnictatione;septem</strong></span> <span class='ocrx_word' id='word_1_342' title='bbox 1736 5466 1884 5535; x_wconf 89' lang='lat' dir='ltr'><strong>enim</strong></span> <span class='ocrx_word' id='word_1_343' title='bbox 1938 5472 2071 5518; x_wconf 88' lang='lat' dir='ltr'><strong>sunt</strong></span> 
     </span>
    </p>
   </div>
   <div class='ocr_carea' id='block_1_54' title="bbox 486 5533 2071 5628">
    <p class='ocr_par' dir='ltr' id='par_1_54' title="bbox 486 5533 2071 5628">
     <span class='ocr_line' id='line_1_54' title="bbox 486 5533 2071 5628; baseline 0 -18"><span class='ocrx_word' id='word_1_344' title='bbox 486 5557 739 5628; x_wconf 67' lang='lat' dir='ltr'><strong>pessimae</strong></span> <span class='ocrx_word' id='word_1_345' title='bbox 766 5555 985 5610; x_wconf 70' lang='lat' dir='ltr'><strong>insidiae</strong></span> <span class='ocrx_word' id='word_1_346' title='bbox 1004 5548 1144 5626; x_wconf 86' lang='lat' dir='ltr'><strong>quas</strong></span> <span class='ocrx_word' id='word_1_347' title='bbox 1183 5558 1408 5611; x_wconf 87' lang='lat' dir='ltr'><strong>molitur</strong></span> <span class='ocrx_word' id='word_1_348' title='bbox 1455 5556 1752 5612; x_wconf 84' lang='lat' dir='ltr'><strong>occasione</strong></span> <span class='ocrx_word' id='word_1_349' title='bbox 1786 5533 2071 5625; x_wconf 61' lang='lat' dir='ltr'><strong>ingluviei</strong></span> 
     </span>
    </p>
   </div>
   <div class='ocr_carea' id='block_1_55' title="bbox 487 5649 2073 5725">
    <p class='ocr_par' dir='ltr' id='par_1_55' title="bbox 487 5649 2073 5725">
     <span class='ocr_line' id='line_1_55' title="bbox 487 5649 2073 5725; baseline 0.001 -24"><span class='ocrx_word' id='word_1_350' title='bbox 487 5651 753 5703; x_wconf 79' lang='lat' dir='ltr'><strong>adversus</strong></span> <span class='ocrx_word' id='word_1_351' title='bbox 817 5661 1202 5717; x_wconf 84' lang='lat' dir='ltr'><strong>quemcunque</strong></span> <span class='ocrx_word' id='word_1_352' title='bbox 1241 5650 1495 5725; x_wconf 84' lang='lat' dir='ltr'><strong>corporis</strong></span> <span class='ocrx_word' id='word_1_353' title='bbox 1538 5650 1810 5703; x_wconf 89' lang='lat' dir='ltr'><strong>cultorem</strong></span> <span class='ocrx_word' id='word_1_354' title='bbox 1860 5649 2073 5703; x_wconf 82' lang='lat' dir='ltr'><strong>scilicet</strong></span> 
     </span>
    </p>
   </div>
   <div class='ocr_carea' id='block_1_56' title="bbox 485 5739 2076 5815">
    <p class='ocr_par' dir='ltr' id='par_1_56' title="bbox 485 5739 2076 5815">
     <span class='ocr_line' id='line_1_56' title="bbox 485 5739 2076 5815; baseline 0.001 -23"><span class='ocrx_word' id='word_1_355' title='bbox 485 5741 724 5801; x_wconf 76' lang='lat' dir='ltr'><strong>luxnria,</strong></span> <span class='ocrx_word' id='word_1_356' title='bbox 753 5739 981 5815; x_wconf 79' lang='lat' dir='ltr'><strong>invidia,</strong></span> <span class='ocrx_word' id='word_1_357' title='bbox 1018 5740 1121 5803; x_wconf 88' lang='lat' dir='ltr'><strong>ira,</strong></span> <span class='ocrx_word' id='word_1_358' title='bbox 1154 5739 1365 5806; x_wconf 85' lang='lat' dir='ltr'><strong>acedia,</strong></span> <span class='ocrx_word' id='word_1_359' title='bbox 1407 5756 1544 5795; x_wconf 83' lang='lat' dir='ltr'><strong>vana</strong></span> <span class='ocrx_word' id='word_1_360' title='bbox 1571 5741 1744 5812; x_wconf 83' lang='lat' dir='ltr'><strong>gloria</strong></span> <span class='ocrx_word' id='word_1_361' title='bbox 1783 5753 1946 5813; x_wconf 88' lang='lat' dir='ltr'><strong>atque</strong></span> <span class='ocrx_word' id='word_1_362' title='bbox 1981 5758 2076 5796; x_wconf 84' lang='lat' dir='ltr'><strong>su-</strong></span> 
     </span>
    </p>
   </div>
   <div class='ocr_carea' id='block_1_57' title="bbox 488 5830 2076 5907">
    <p class='ocr_par' dir='ltr' id='par_1_57' title="bbox 488 5830 2076 5907">
     <span class='ocr_line' id='line_1_57' title="bbox 488 5830 2076 5907; baseline 0.006 -26"><span class='ocrx_word' id='word_1_363' title='bbox 488 5831 673 5900; x_wconf 69' lang='lat' dir='ltr'><strong>pc‘rbia</strong></span> <span class='ocrx_word' id='word_1_364' title='bbox 703 5832 906 5900; x_wconf 85' lang='lat' dir='ltr'><strong>quibus</strong></span> <span class='ocrx_word' id='word_1_365' title='bbox 934 5830 1146 5898; x_wconf 83' lang='lat' dir='ltr'><strong>capitur</strong></span> <span class='ocrx_word' id='word_1_366' title='bbox 1176 5832 1504 5907; x_wconf 19' lang='lat' dir='ltr'><strong>qui’ventris</strong></span> <span class='ocrx_word' id='word_1_367' title='bbox 1544 5850 1736 5890; x_wconf 75' lang='lat' dir='ltr'><strong>servus</strong></span> <span class='ocrx_word' id='word_1_368' title='bbox 1775 5844 1879 5890; x_wconf 89' lang='lat' dir='ltr'><strong>est.</strong></span> <span class='ocrx_word' id='word_1_369' title='bbox 1899 5834 2076 5901; x_wconf 83' lang='lat' dir='ltr'><strong>Quam</strong></span> 
     </span>
    </p>
   </div>
   <div class='ocr_carea' id='block_1_58' title="bbox 2107 4565 2160 4625">
    <p class='ocr_par' dir='ltr' id='par_1_58' title="bbox 2107 4565 2160 4625">
     <span class='ocr_line' id='line_1_58' title="bbox 2107 4565 2160 4625; baseline 0 0"><span class='ocrx_word' id='word_1_370' title='bbox 2107 4565 2160 4625; x_wconf 87' lang='lat' dir='ltr'><strong>D</strong></span> 
     </span>
    </p>
   </div>
   <div class='ocr_carea' id='block_1_59' title="bbox 2193 596 3741 697">
    <p class='ocr_par' dir='ltr' id='par_1_59' title="bbox 2193 596 3741 697">
     <span class='ocr_line' id='line_1_59' title="bbox 2193 596 3741 697; baseline 0.026 -46"><span class='ocrx_word' id='word_1_371' title='bbox 2193 596 2455 697; x_wconf 67' lang='grc' dir='ltr'><strong>πρδςτὸν</strong></span> <span class='ocrx_word' id='word_1_372' title='bbox 2508 608 2748 675; x_wconf 75' lang='grc' dir='ltr'><strong>πλησίον</strong></span> <span class='ocrx_word' id='word_1_373' title='bbox 2804 611 3057 682; x_wconf 74' lang='grc' dir='ltr'><strong>σχολάζει</strong></span> <span class='ocrx_word' id='word_1_374' title='bbox 3091 617 3283 685; x_wconf 81' lang='grc' dir='ltr'><strong>μῖσος⁹</strong></span> <span class='ocrx_word' id='word_1_375' title='bbox 3340 616 3415 682; x_wconf 84' lang='grc' dir='ltr'><strong>ὡς</strong></span> 
     </span>
    </p>
   </div>
   <div class='ocr_carea' id='block_1_60' title="bbox 2199 694 3743 782">
    <p class='ocr_par' dir='ltr' id='par_1_60' title="bbox 2199 694 3743 782">
     <span class='ocr_line' id='line_1_60' title="bbox 2199 694 3743 782; baseline 0.012 -30"><span class='ocrx_word' id='word_1_376' title='bbox 2199 694 2522 771; x_wconf 83' lang='grc' dir='ltr'><strong>μισουμένῳ</strong></span> <span class='ocrx_word' id='word_1_377' title='bbox 2577 701 2652 773; x_wconf 80' lang='grc' dir='ltr'><strong>μὴ</strong></span> <span class='ocrx_word' id='word_1_378' title='bbox 2707 702 3153 776; x_wconf 80' lang='grc' dir='ltr'><strong>διαδεικνύμενον</strong></span> <span class='ocrx_word' id='word_1_379' title='bbox 3201 707 3322 761; x_wconf 81' lang='grc' dir='ltr'><strong>κατ’</strong></span> <span class='ocrx_word' id='word_1_380' title='bbox 3367 709 3635 782; x_wconf 74' lang='grc' dir='ltr'><strong>ἐνέργειαν</strong></span> <span class='ocrx_word' id='word_1_381' title='bbox 3670 694 3743 772; x_wconf 76' lang='grc' dir='ltr'><strong>οἷα</strong></span> 
     </span>
    </p>
   </div>
   <div class='ocr_carea' id='block_1_61' title="bbox 2194 790 3245 863">
    <p class='ocr_par' dir='ltr' id='par_1_61' title="bbox 2194 790 3245 863">
     <span class='ocr_line' id='line_1_61' title="bbox 2194 790 3245 863; baseline 0.01 -22"><span class='ocrx_word' id='word_1_382' title='bbox 2194 790 2263 842; x_wconf 85' lang='grc' dir='ltr'><strong>δι’</strong></span> <span class='ocrx_word' id='word_1_383' title='bbox 2298 790 2532 860; x_wconf 80' lang='grc' dir='ltr'><strong>ὀργάνου</strong></span> <span class='ocrx_word' id='word_1_384' title='bbox 2558 791 2653 844; x_wconf 89' lang='grc' dir='ltr'><strong>τοῦ</strong></span> <span class='ocrx_word' id='word_1_385' title='bbox 2685 792 2962 863; x_wconf 85' lang='grc' dir='ltr'><strong>σώματος.</strong></span> <span class='ocrx_word' id='word_1_386' title='bbox 3239 825 3245 831; x_wconf 88' lang='grc'><strong>-</strong></span> 
     </span>
    </p>
   </div>
   <div class='ocr_carea' id='block_1_62' title="bbox 2261 882 3746 966">
    <p class='ocr_par' dir='ltr' id='par_1_62' title="bbox 2261 882 3746 966">
     <span class='ocr_line' id='line_1_62' title="bbox 2261 882 3746 966; baseline 0.011 -31"><span class='ocrx_word' id='word_1_387' title='bbox 2261 889 2368 936; x_wconf 71' lang='grc' dir='ltr'><strong>καν.</strong></span> <span class='ocrx_word' id='word_1_388' title='bbox 2423 882 2696 954; x_wconf 81' lang='grc' dir='ltr'><strong>Ἐσχάρα</strong></span> <span class='ocrx_word' id='word_1_389' title='bbox 2743 885 3020 956; x_wconf 78' lang='grc' dir='ltr'><strong>ἄνθραξι,</strong></span> <span class='ocrx_word' id='word_1_390' title='bbox 3069 890 3169 944; x_wconf 83' lang='grc' dir='ltr'><strong>καὶ</strong></span> <span class='ocrx_word' id='word_1_391' title='bbox 3218 891 3377 956; x_wconf 65' lang='grc' dir='ltr'><strong>ξύλα</strong></span> <span class='ocrx_word' id='word_1_392' title='bbox 3413 894 3551 962; x_wconf 84' lang='grc' dir='ltr'><strong>πυρί</strong></span> <span class='ocrx_word' id='word_1_393' title='bbox 3565 912 3579 926; x_wconf 76' lang='grc' dir='ltr'>ο</span> <span class='ocrx_word' id='word_1_394' title='bbox 3612 898 3746 966; x_wconf 73' lang='grc' dir='ltr'><strong>ἀνὴρ</strong></span> 
     </span>
    </p>
   </div>
   <div class='ocr_carea' id='block_1_63' title="bbox 2190 972 3747 1054">
    <p class='ocr_par' dir='ltr' id='par_1_63' title="bbox 2190 972 3747 1054">
     <span class='ocr_line' id='line_1_63' title="bbox 2190 972 3747 1054; baseline 0.009 -29"><span class='ocrx_word' id='word_1_395' title='bbox 2190 972 2259 1028; x_wconf 85' lang='grc' dir='ltr'><strong>δὲ</strong></span> <span class='ocrx_word' id='word_1_396' title='bbox 2288 973 2589 1043; x_wconf 72' lang='grc' dir='ltr'><strong>λοίδορος,</strong></span> <span class='ocrx_word' id='word_1_397' title='bbox 2627 978 2716 1042; x_wconf 84' lang='grc' dir='ltr'><strong>είς</strong></span> <span class='ocrx_word' id='word_1_398' title='bbox 2747 977 3017 1047; x_wconf 79' lang='grc' dir='ltr'><strong>ταραχὴν</strong></span> <span class='ocrx_word' id='word_1_399' title='bbox 3042 978 3377 1053; x_wconf 48' lang='lat' dir='ltr'><strong>[abnuian.</strong></span> <span class='ocrx_word' id='word_1_400' title='bbox 3415 983 3747 1054; x_wconf 78' lang='grc' dir='ltr'><strong>Ἐκπυροῦτιιι</strong></span> 
     </span>
    </p>
   </div>
   <div class='ocr_carea' id='block_1_64' title="bbox 2196 1067 3747 1144">
    <p class='ocr_par' dir='ltr' id='par_1_64' title="bbox 2196 1067 3747 1144">
     <span class='ocr_line' id='line_1_64' title="bbox 2196 1067 3747 1144; baseline 0.008 -25"><span class='ocrx_word' id='word_1_401' title='bbox 2196 1067 2294 1137; x_wconf 84' lang='grc' dir='ltr'><strong>μὲν</strong></span> <span class='ocrx_word' id='word_1_402' title='bbox 2322 1068 2535 1139; x_wconf 75' lang='grc' dir='ltr'><strong>ἐσχάρα</strong></span> <span class='ocrx_word' id='word_1_403' title='bbox 2568 1070 2656 1123; x_wconf 76' lang='grc' dir='ltr'><strong>ἐπ’</strong></span> <span class='ocrx_word' id='word_1_404' title='bbox 2684 1070 2974 1140; x_wconf 80' lang='grc' dir='ltr'><strong>ἀνθράκων</strong></span> <span class='ocrx_word' id='word_1_405' title='bbox 2993 1073 3226 1144; x_wconf 77' lang='grc' dir='ltr'><strong>κειμένη</strong></span> <span class='ocrx_word' id='word_1_406' title='bbox 3249 1091 3264 1103; x_wconf 90' lang='grc'>·</span> <span class='ocrx_word' id='word_1_407' title='bbox 3299 1076 3394 1129; x_wconf 75' lang='grc' dir='ltr'><strong>καὶ</strong></span> <span class='ocrx_word' id='word_1_408' title='bbox 3423 1075 3592 1144; x_wconf 73' lang='grc' dir='ltr'><strong>φλόγα</strong></span> <span class='ocrx_word' id='word_1_409' title='bbox 3624 1076 3747 1144; x_wconf 81' lang='grc' dir='ltr'><strong>ὲγεί-</strong></span> 
     </span>
    </p>
   </div>
   <div class='ocr_carea' id='block_1_65' title="bbox 2194 1159 3751 1237">
    <p class='ocr_par' dir='ltr' id='par_1_65' title="bbox 2194 1159 3751 1237">
     <span class='ocr_line' id='line_1_65' title="bbox 2194 1159 3751 1237; baseline 0.006 -26"><span class='ocrx_word' id='word_1_410' title='bbox 2194 1175 2379 1230; x_wconf 81' lang='grc' dir='ltr'><strong>ρουσιν</strong></span> <span class='ocrx_word' id='word_1_411' title='bbox 2419 1159 2682 1216; x_wconf 84' lang='grc' dir='ltr'><strong>ὲπιπλέον</strong></span> <span class='ocrx_word' id='word_1_412' title='bbox 2720 1163 2857 1231; x_wconf 74' lang='grc' dir='ltr'><strong>πυρὶ</strong></span> <span class='ocrx_word' id='word_1_413' title='bbox 2884 1162 3020 1228; x_wconf 80' lang='grc' dir='ltr'><strong>ξύλα</strong></span> <span class='ocrx_word' id='word_1_414' title='bbox 3063 1164 3453 1236; x_wconf 76' lang='grc' dir='ltr'><strong>ἐπιτιθέμενα·</strong></span> <span class='ocrx_word' id='word_1_415' title='bbox 3500 1166 3751 1237; x_wconf 79' lang='grc' dir='ltr'><strong>ἄνθρωπος</strong></span> 
     </span>
    </p>
   </div>
   <div class='ocr_carea' id='block_1_66' title="bbox 2190 1247 3750 1325">
    <p class='ocr_par' dir='ltr' id='par_1_66' title="bbox 2190 1247 3750 1325">
     <span class='ocr_line' id='line_1_66' title="bbox 2190 1247 3750 1325; baseline 0.004 -24"><span class='ocrx_word' id='word_1_416' title='bbox 2190 1247 2249 1302; x_wconf 79' lang='grc' dir='ltr'><strong>δὲ</strong></span> <span class='ocrx_word' id='word_1_417' title='bbox 2300 1248 2538 1312; x_wconf 84' lang='grc' dir='ltr'><strong>ἀπόντας</strong></span> <span class='ocrx_word' id='word_1_418' title='bbox 2593 1248 2804 1314; x_wconf 74' lang='grc' dir='ltr'><strong>εἰωθὼς</strong></span> <span class='ocrx_word' id='word_1_419' title='bbox 2850 1250 3190 1318; x_wconf 74' lang='grc' dir='ltr'><strong>διαϐάλλειν,</strong></span> <span class='ocrx_word' id='word_1_420' title='bbox 3249 1250 3428 1323; x_wconf 81' lang='grc' dir='ltr'><strong>εὑρών</strong></span> <span class='ocrx_word' id='word_1_421' title='bbox 3489 1268 3632 1315; x_wconf 89' lang='grc' dir='ltr'><strong>τινας</strong></span> <span class='ocrx_word' id='word_1_422' title='bbox 3686 1252 3750 1325; x_wconf 79' lang='grc' dir='ltr'><strong>τῷ</strong></span> 
     </span>
    </p>
   </div>
   <div class='ocr_carea' id='block_1_67' title="bbox 2192 1340 3750 1414">
    <p class='ocr_par' dir='ltr' id='par_1_67' title="bbox 2192 1340 3750 1414">
     <span class='ocr_line' id='line_1_67' title="bbox 2192 1340 3750 1414; baseline 0.002 -20"><span class='ocrx_word' id='word_1_423' title='bbox 2192 1340 2337 1394; x_wconf 88' lang='grc' dir='ltr'><strong>κατά</strong></span> <span class='ocrx_word' id='word_1_424' title='bbox 2402 1356 2549 1403; x_wconf 85' lang='grc' dir='ltr'><strong>τινος</strong></span> <span class='ocrx_word' id='word_1_425' title='bbox 2605 1340 2756 1411; x_wconf 80' lang='grc' dir='ltr'><strong>μίσει</strong></span> <span class='ocrx_word' id='word_1_426' title='bbox 2803 1343 3300 1414; x_wconf 87' lang='grc' dir='ltr'><strong>τεταραγμένους,</strong></span> <span class='ocrx_word' id='word_1_427' title='bbox 3361 1342 3750 1414; x_wconf 81' lang='grc' dir='ltr'><strong>προσεπιτίθησι</strong></span> 
     </span>
    </p>
   </div>
   <div class='ocr_carea' id='block_1_68' title="bbox 2192 1429 3752 1503">
    <p class='ocr_par' dir='ltr' id='par_1_68' title="bbox 2192 1429 3752 1503">
     <span class='ocr_line' id='line_1_68' title="bbox 2192 1429 3752 1503; baseline 0.004 -21"><span class='ocrx_word' id='word_1_428' title='bbox 2192 1429 2317 1483; x_wconf 82' lang='grc' dir='ltr'><strong>κατ’</strong></span> <span class='ocrx_word' id='word_1_429' title='bbox 2340 1430 2574 1483; x_wconf 71' lang='grc' dir='ltr'><strong>¹ἐκείνων</strong></span> <span class='ocrx_word' id='word_1_430' title='bbox 2604 1429 2890 1496; x_wconf 78' lang='grc' dir='ltr'><strong>διαϐολάς’</strong></span> <span class='ocrx_word' id='word_1_431' title='bbox 2922 1432 3018 1486; x_wconf 81' lang='grc' dir='ltr'><strong>καὶ</strong></span> <span class='ocrx_word' id='word_1_432' title='bbox 3047 1431 3146 1503; x_wconf 76' lang='grc' dir='ltr'><strong>τὴν</strong></span> <span class='ocrx_word' id='word_1_433' title='bbox 3170 1432 3282 1486; x_wconf 90' lang='grc' dir='ltr'><strong>τῶν</strong></span> <span class='ocrx_word' id='word_1_434' title='bbox 3315 1431 3610 1503; x_wconf 77' lang='grc' dir='ltr'><strong>μισούντων</strong></span> <span class='ocrx_word' id='word_1_435' title='bbox 3634 1434 3752 1489; x_wconf 80' lang='grc' dir='ltr'><strong>κατά</strong></span> 
     </span>
    </p>
   </div>
   <div class='ocr_carea' id='block_1_69' title="bbox 2192 1521 3749 1596">
    <p class='ocr_par' dir='ltr' id='par_1_69' title="bbox 2192 1521 3749 1596">
     <span class='ocr_line' id='line_1_69' title="bbox 2192 1521 3749 1596; baseline 0.003 -22"><span class='ocrx_word' id='word_1_436' title='bbox 2192 1521 2301 1575; x_wconf 86' lang='grc' dir='ltr'><strong>τῶν</strong></span> <span class='ocrx_word' id='word_1_437' title='bbox 2335 1522 2685 1594; x_wconf 80' lang='grc' dir='ltr'><strong>μισουμένων</strong></span> <span class='ocrx_word' id='word_1_438' title='bbox 2736 1523 3056 1596; x_wconf 75' lang='grc' dir='ltr'><strong>ἐκπύρωσιν</strong></span> <span class='ocrx_word' id='word_1_439' title='bbox 3097 1523 3339 1594; x_wconf 78' lang='grc' dir='ltr'><strong>σφοδρὰν</strong></span> <span class='ocrx_word' id='word_1_440' title='bbox 3377 1526 3749 1594; x_wconf 73' lang='grc' dir='ltr'><strong>ἐπεργάζεταιο</strong></span> 
     </span>
    </p>
   </div>
   <div class='ocr_carea' id='block_1_70' title="bbox 2193 1614 3749 1693">
    <p class='ocr_par' dir='ltr' id='par_1_70' title="bbox 2193 1614 3749 1693">
     <span class='ocr_line' id='line_1_70' title="bbox 2193 1614 3749 1693; baseline 0.002 -26"><span class='ocrx_word' id='word_1_441' title='bbox 2193 1614 2290 1667; x_wconf 78' lang='grc' dir='ltr'><strong>καὶ</strong></span> <span class='ocrx_word' id='word_1_442' title='bbox 2331 1614 2424 1667; x_wconf 81' lang='grc' dir='ltr'><strong>τὸν</strong></span> <span class='ocrx_word' id='word_1_443' title='bbox 2469 1614 2588 1668; x_wconf 85' lang='grc' dir='ltr'><strong>κατ’</strong></span> <span class='ocrx_word' id='word_1_444' title='bbox 2634 1615 2883 1686; x_wconf 84' lang='grc' dir='ltr'><strong>ἀλλήλων</strong></span> <span class='ocrx_word' id='word_1_445' title='bbox 2935 1617 3177 1688; x_wconf 84' lang='grc' dir='ltr'><strong>πόλεμον</strong></span> <span class='ocrx_word' id='word_1_446' title='bbox 3234 1616 3498 1671; x_wconf 82' lang='grc' dir='ltr'><strong>ὲπιπλέον</strong></span> <span class='ocrx_word' id='word_1_447' title='bbox 3542 1615 3749 1693; x_wconf 77' lang='grc' dir='ltr'><strong>ὲγείρει’</strong></span> 
     </span>
    </p>
   </div>
   <div class='ocr_carea' id='block_1_71' title="bbox 2194 1704 3752 1779">
    <p class='ocr_par' dir='ltr' id='par_1_71' title="bbox 2194 1704 3752 1779">
     <span class='ocr_line' id='line_1_71' title="bbox 2194 1704 3752 1779; baseline 0.001 -21"><span class='ocrx_word' id='word_1_448' title='bbox 2194 1704 2497 1759; x_wconf 79' lang='grc' dir='ltr'><strong>κάντεῦθεν</strong></span> <span class='ocrx_word' id='word_1_449' title='bbox 2545 1706 2773 1762; x_wconf 82' lang='grc' dir='ltr'><strong>ἀνθότου</strong></span> <span class='ocrx_word' id='word_1_450' title='bbox 2800 1706 3032 1777; x_wconf 80' lang='grc' dir='ltr'><strong>ὤφειλεν</strong></span> <span class='ocrx_word' id='word_1_451' title='bbox 3078 1708 3472 1779; x_wconf 74' lang='grc' dir='ltr'><strong>εἰρηνοποιεῖν,</strong></span> <span class='ocrx_word' id='word_1_452' title='bbox 3520 1708 3610 1762; x_wconf 78' lang='grc' dir='ltr'><strong>καὶ</strong></span> <span class='ocrx_word' id='word_1_453' title='bbox 3646 1708 3752 1774; x_wconf 67' lang='grc' dir='ltr'><strong>Υἱὸς</strong></span> 
     </span>
    </p>
   </div>
   <div class='ocr_carea' id='block_1_72' title="bbox 2196 1798 3364 1873">
    <p class='ocr_par' dir='ltr' id='par_1_72' title="bbox 2196 1798 3364 1873">
     <span class='ocr_line' id='line_1_72' title="bbox 2196 1798 3364 1873; baseline -0.009 -9"><span class='ocrx_word' id='word_1_454' title='bbox 2196 1798 2565 1870; x_wconf 76' lang='grc' dir='ltr'><strong>χρηματίζειν</strong></span> <span class='ocrx_word' id='word_1_455' title='bbox 2595 1798 2756 1865; x_wconf 87' lang='grc' dir='ltr'><strong>Θεοῦ,</strong></span> <span class='ocrx_word' id='word_1_456' title='bbox 2786 1800 3164 1873; x_wconf 82' lang='grc' dir='ltr'><strong>ἀλλοτριοῦται</strong></span> <span class='ocrx_word' id='word_1_457' title='bbox 3202 1800 3364 1857; x_wconf 77' lang='grc' dir='ltr'><strong>Θεοῦ;</strong></span> 
     </span>
    </p>
   </div>
   <div class='ocr_carea' id='block_1_73' title="bbox 2266 1889 3751 1962">
    <p class='ocr_par' dir='ltr' id='par_1_73' title="bbox 2266 1889 3751 1962">
     <span class='ocr_line' id='line_1_73' title="bbox 2266 1889 3751 1962; baseline 0.002 -17"><span class='ocrx_word' id='word_1_458' title='bbox 2266 1889 2373 1961; x_wconf 85' lang='grc' dir='ltr'><strong>κβ’.</strong></span> <span class='ocrx_word' id='word_1_459' title='bbox 2414 1890 2591 1961; x_wconf 76' lang='grc' dir='ltr'><strong>Λόγοι</strong></span> <span class='ocrx_word' id='word_1_460' title='bbox 2628 1891 2972 1960; x_wconf 83' lang='grc' dir='ltr'><strong>κερκώπων,</strong></span> <span class='ocrx_word' id='word_1_461' title='bbox 3018 1893 3325 1962; x_wconf 76' lang='grc' dir='ltr'><strong>μαλακοί·</strong></span> <span class='ocrx_word' id='word_1_462' title='bbox 3364 1889 3529 1949; x_wconf 85' lang='grc' dir='ltr'><strong>οὗτοι</strong></span> <span class='ocrx_word' id='word_1_463' title='bbox 3575 1893 3638 1947; x_wconf 77' lang='grc' dir='ltr'><strong>δὲ</strong></span> <span class='ocrx_word' id='word_1_464' title='bbox 3675 1894 3751 1948; x_wconf 83' lang='grc' dir='ltr'><strong>τύ-</strong></span> 
     </span>
    </p>
   </div>
   <div class='ocr_carea' id='block_1_74' title="bbox 2197 1983 3755 2057">
    <p class='ocr_par' dir='ltr' id='par_1_74' title="bbox 2197 1983 3755 2057">
     <span class='ocr_line' id='line_1_74' title="bbox 2197 1983 3755 2057; baseline 0.001 -22"><span class='ocrx_word' id='word_1_465' title='bbox 2197 1996 2458 2038; x_wconf 81' lang='grc' dir='ltr'><strong>πτουσιν</strong></span> <span class='ocrx_word' id='word_1_466' title='bbox 2483 1986 2573 2050; x_wconf 85' lang='grc' dir='ltr'><strong>είς</strong></span> <span class='ocrx_word' id='word_1_467' title='bbox 2614 1984 2824 2054; x_wconf 82' lang='grc' dir='ltr'><strong>ταμεῖα</strong></span> <span class='ocrx_word' id='word_1_468' title='bbox 2870 1983 3269 2054; x_wconf 73' lang='grc' dir='ltr'><strong>σπλάγχνων.</strong></span> <span class='ocrx_word' id='word_1_469' title='bbox 3322 1983 3406 2052; x_wconf 79' lang='grc' dir='ltr'><strong>Τά</strong></span> <span class='ocrx_word' id='word_1_470' title='bbox 3436 1985 3646 2057; x_wconf 78' lang='grc' dir='ltr'><strong>ῥήματα</strong></span> <span class='ocrx_word' id='word_1_471' title='bbox 3665 1984 3755 2038; x_wconf 89' lang='grc' dir='ltr'><strong>τῶν</strong></span> 
     </span>
    </p>
   </div>
   <div class='ocr_carea' id='block_1_75' title="bbox 2197 2073 3752 2150">
    <p class='ocr_par' dir='ltr' id='par_1_75' title="bbox 2197 2073 3752 2150">
     <span class='ocr_line' id='line_1_75' title="bbox 2197 2073 3752 2150; baseline 0.002 -23"><span class='ocrx_word' id='word_1_472' title='bbox 2197 2073 2337 2149; x_wconf 77' lang='grc' dir='ltr'><strong>πρὸς</strong></span> <span class='ocrx_word' id='word_1_473' title='bbox 2357 2076 2519 2147; x_wconf 85' lang='grc' dir='ltr'><strong>χάριν</strong></span> <span class='ocrx_word' id='word_1_474' title='bbox 2553 2076 2847 2145; x_wconf 87' lang='grc' dir='ltr'><strong>λεγόντων,</strong></span> <span class='ocrx_word' id='word_1_475' title='bbox 2906 2078 3261 2149; x_wconf 83' lang='grc' dir='ltr'><strong>ἀπήλλακται</strong></span> <span class='ocrx_word' id='word_1_476' title='bbox 3315 2078 3503 2150; x_wconf 82' lang='grc' dir='ltr'><strong>πάσης</strong></span> <span class='ocrx_word' id='word_1_477' title='bbox 3547 2078 3752 2149; x_wconf 78' lang='grc' dir='ltr'><strong>σκληρό-</strong></span> 
     </span>
    </p>
   </div>
   <div class='ocr_carea' id='block_1_76' title="bbox 2195 2167 3749 2243">
    <p class='ocr_par' dir='ltr' id='par_1_76' title="bbox 2195 2167 3749 2243">
     <span class='ocr_line' id='line_1_76' title="bbox 2195 2167 3749 2243; baseline 0.001 -24"><span class='ocrx_word' id='word_1_478' title='bbox 2195 2184 2357 2237; x_wconf 85' lang='grc' dir='ltr'><strong>τητος</strong></span> <span class='ocrx_word' id='word_1_479' title='bbox 2373 2184 2388 2198; x_wconf 88' lang='grc'><strong>·</strong></span> <span class='ocrx_word' id='word_1_480' title='bbox 2415 2168 2465 2220; x_wconf 82' lang='lat' dir='ltr'><strong>oi</strong></span> <span class='ocrx_word' id='word_1_481' title='bbox 2486 2168 2544 2222; x_wconf 80' lang='grc' dir='ltr'><strong>δὲ</strong></span> <span class='ocrx_word' id='word_1_482' title='bbox 2578 2167 2753 2223; x_wconf 91' lang='grc' dir='ltr'><strong>ταῦτα</strong></span> <span class='ocrx_word' id='word_1_483' title='bbox 2772 2172 3197 2240; x_wconf 81' lang='grc' dir='ltr'><strong>προσφέροντες,</strong></span> <span class='ocrx_word' id='word_1_484' title='bbox 3220 2170 3289 2225; x_wconf 70' lang='grc' dir='ltr'><strong>τά</strong></span> <span class='ocrx_word' id='word_1_485' title='bbox 3314 2170 3474 2240; x_wconf 85' lang='grc' dir='ltr'><strong>δίκην</strong></span> <span class='ocrx_word' id='word_1_486' title='bbox 3497 2167 3749 2243; x_wconf 68' lang='lat' dir='ltr'><strong>[tapetum]</strong></span> 
     </span>
    </p>
   </div>
   <div class='ocr_carea' id='block_1_77' title="bbox 2196 2257 3752 2332">
    <p class='ocr_par' dir='ltr' id='par_1_77' title="bbox 2196 2257 3752 2332">
     <span class='ocr_line' id='line_1_77' title="bbox 2196 2257 3752 2332; baseline 0.002 -23"><span class='ocrx_word' id='word_1_487' title='bbox 2196 2257 2567 2324; x_wconf 78' lang='grc' dir='ltr'><strong>κεκλεισμένα</strong></span> <span class='ocrx_word' id='word_1_488' title='bbox 2601 2258 2711 2312; x_wconf 87' lang='grc' dir='ltr'><strong>τῶν</strong></span> <span class='ocrx_word' id='word_1_489' title='bbox 2742 2260 3071 2329; x_wconf 80' lang='grc' dir='ltr'><strong>σπλάγχνων</strong></span> <span class='ocrx_word' id='word_1_490' title='bbox 3098 2261 3423 2330; x_wconf 75' lang='grc' dir='ltr'><strong>ὕπανοίγειν</strong></span> <span class='ocrx_word' id='word_1_491' title='bbox 3447 2259 3752 2332; x_wconf 80' lang='grc' dir='ltr'><strong>ἐπιχειροῦσι</strong></span> 
     </span>
    </p>
   </div>
   <div class='ocr_carea' id='block_1_78' title="bbox 2196 2346 3753 2424">
    <p class='ocr_par' dir='ltr' id='par_1_78' title="bbox 2196 2346 3753 2424">
     <span class='ocr_line' id='line_1_78' title="bbox 2196 2346 3753 2424; baseline 0.005 -26"><span class='ocrx_word' id='word_1_492' title='bbox 2196 2346 2333 2413; x_wconf 73' lang='grc' dir='ltr'><strong>πρδς</strong></span> <span class='ocrx_word' id='word_1_493' title='bbox 2371 2348 2725 2420; x_wconf 85' lang='grc' dir='ltr'><strong>οίκτιρμούς·</strong></span> <span class='ocrx_word' id='word_1_494' title='bbox 2774 2352 2823 2403; x_wconf 88' lang='grc' dir='ltr'><strong>εί</strong></span> <span class='ocrx_word' id='word_1_495' title='bbox 2888 2348 2984 2405; x_wconf 79' lang='grc' dir='ltr'><strong>οῦν</strong></span> <span class='ocrx_word' id='word_1_496' title='bbox 3011 2352 3074 2405; x_wconf 85' lang='grc' dir='ltr'><strong>τὺ</strong></span> <span class='ocrx_word' id='word_1_497' title='bbox 3115 2352 3257 2422; x_wconf 80' lang='grc' dir='ltr'><strong>πρὸς</strong></span> <span class='ocrx_word' id='word_1_498' title='bbox 3299 2354 3467 2424; x_wconf 82' lang='grc' dir='ltr'><strong>χάριν</strong></span> <span class='ocrx_word' id='word_1_499' title='bbox 3491 2351 3660 2404; x_wconf 80' lang='grc' dir='ltr'><strong>λαλεῖν</strong></span> <span class='ocrx_word' id='word_1_500' title='bbox 3682 2352 3753 2407; x_wconf 74' lang='grc' dir='ltr'><strong>διὰ</strong></span> 
     </span>
    </p>
   </div>
   <div class='ocr_carea' id='block_1_79' title="bbox 2193 2441 3751 2517">
    <p class='ocr_par' dir='ltr' id='par_1_79' title="bbox 2193 2441 3751 2517">
     <span class='ocr_line' id='line_1_79' title="bbox 2193 2441 3751 2517; baseline 0.006 -24"><span class='ocrx_word' id='word_1_501' title='bbox 2193 2441 2254 2494; x_wconf 85' lang='grc' dir='ltr'><strong>τὺ</strong></span> <span class='ocrx_word' id='word_1_502' title='bbox 2282 2444 2625 2513; x_wconf 75' lang='grc' dir='ltr'><strong>παρορᾶσθαι</strong></span> <span class='ocrx_word' id='word_1_503' title='bbox 2656 2443 2753 2517; x_wconf 86' lang='grc' dir='ltr'><strong>τὴν</strong></span> <span class='ocrx_word' id='word_1_504' title='bbox 2815 2445 3082 2517; x_wconf 80' lang='grc' dir='ltr'><strong>ἀλήθειαν</strong></span> <span class='ocrx_word' id='word_1_505' title='bbox 3115 2447 3176 2500; x_wconf 83' lang='grc' dir='ltr'><strong>οὑ</strong></span> <span class='ocrx_word' id='word_1_506' title='bbox 3211 2448 3400 2517; x_wconf 81' lang='grc' dir='ltr'><strong>καλὸν,</strong></span> <span class='ocrx_word' id='word_1_507' title='bbox 3441 2448 3603 2502; x_wconf 71' lang='grc' dir='ltr'><strong>αἴτιοι</strong></span> <span class='ocrx_word' id='word_1_508' title='bbox 3633 2450 3751 2504; x_wconf 82' lang='grc' dir='ltr'><strong>πάν-</strong></span> 
     </span>
    </p>
   </div>
   <div class='ocr_carea' id='block_1_80' title="bbox 2196 2532 2777 2604">
    <p class='ocr_par' dir='ltr' id='par_1_80' title="bbox 2196 2532 2777 2604">
     <span class='ocr_line' id='line_1_80' title="bbox 2196 2532 2777 2604; baseline 0.01 -22"><span class='ocrx_word' id='word_1_509' title='bbox 2196 2547 2304 2595; x_wconf 89' lang='grc' dir='ltr'><strong>τως</strong></span> <span class='ocrx_word' id='word_1_510' title='bbox 2330 2533 2379 2584; x_wconf 76' lang='lat' dir='ltr'><strong>o!</strong></span> <span class='ocrx_word' id='word_1_511' title='bbox 2412 2532 2777 2604; x_wconf 66' lang='grc' dir='ltr'><strong>άτπλαγχνοι.</strong></span> 
     </span>
    </p>
   </div>
   <div class='ocr_carea' id='block_1_81' title="bbox 2264 2646 3754 2723">
    <p class='ocr_par' dir='ltr' id='par_1_81' title="bbox 2264 2646 3754 2723">
     <span class='ocr_line' id='line_1_81' title="bbox 2264 2646 3754 2723; baseline 0.005 -23"><span class='ocrx_word' id='word_1_512' title='bbox 2264 2651 2367 2715; x_wconf 84' lang='grc' dir='ltr'><strong>κγ’.</strong></span> <span class='ocrx_word' id='word_1_513' title='bbox 2411 2646 2723 2717; x_wconf 80' lang='grc' dir='ltr'><strong>Ἀργύριον</strong></span> <span class='ocrx_word' id='word_1_514' title='bbox 2774 2647 3096 2719; x_wconf 82' lang='grc' dir='ltr'><strong>διδόμενον</strong></span> <span class='ocrx_word' id='word_1_515' title='bbox 3134 2651 3286 2720; x_wconf 83' lang='grc' dir='ltr'><strong>μετὰ</strong></span> <span class='ocrx_word' id='word_1_516' title='bbox 3338 2649 3548 2717; x_wconf 69' lang='grc' dir='ltr'><strong>δόλου,</strong></span> <span class='ocrx_word' id='word_1_517' title='bbox 3576 2652 3754 2723; x_wconf 71' lang='grc' dir='ltr'><strong>ὥσπερ</strong></span> 
     </span>
    </p>
   </div>
   <div class='ocr_carea' id='block_1_82' title="bbox 2193 2737 3753 2818">
    <p class='ocr_par' dir='ltr' id='par_1_82' title="bbox 2193 2737 3753 2818">
     <span class='ocr_line' id='line_1_82' title="bbox 2193 2737 3753 2818; baseline 0.006 -27"><span class='ocrx_word' id='word_1_518' title='bbox 2193 2737 2495 2806; x_wconf 74' lang='grc' dir='ltr'><strong>ὄστρακον</strong></span> <span class='ocrx_word' id='word_1_519' title='bbox 2535 2739 2815 2811; x_wconf 68' lang='grc' dir='ltr'><strong>ἡγητέον.</strong></span> <span class='ocrx_word' id='word_1_520' title='bbox 2884 2742 2942 2797; x_wconf 85' lang='lat'><strong>&#39;0</strong></span> <span class='ocrx_word' id='word_1_521' title='bbox 2995 2743 3319 2814; x_wconf 74' lang='grc' dir='ltr'><strong>μεταδιδοὺς</strong></span> <span class='ocrx_word' id='word_1_522' title='bbox 3363 2745 3623 2818; x_wconf 75' lang='grc' dir='ltr'><strong>ἀργυρίου</strong></span> <span class='ocrx_word' id='word_1_523' title='bbox 3646 2747 3753 2812; x_wconf 81' lang='grc' dir='ltr'><strong>τινὶ,</strong></span> 
     </span>
    </p>
   </div>
   <div class='ocr_carea' id='block_1_83' title="bbox 2193 2829 3756 2909">
    <p class='ocr_par' dir='ltr' id='par_1_83' title="bbox 2193 2829 3756 2909">
     <span class='ocr_line' id='line_1_83' title="bbox 2193 2829 3756 2909; baseline 0.006 -28"><span class='ocrx_word' id='word_1_524' title='bbox 2193 2829 2420 2883; x_wconf 80' lang='grc' dir='ltr'><strong>ἀπατῶν</strong></span> <span class='ocrx_word' id='word_1_525' title='bbox 2446 2832 2576 2894; x_wconf 80' lang='grc' dir='ltr'><strong>τοὺς</strong></span> <span class='ocrx_word' id='word_1_526' title='bbox 2602 2831 2870 2903; x_wconf 85' lang='grc' dir='ltr'><strong>ὁρῶντας,</strong></span> <span class='ocrx_word' id='word_1_527' title='bbox 2910 2833 3008 2888; x_wconf 74' lang='grc' dir='ltr'><strong>καὶ</strong></span> <span class='ocrx_word' id='word_1_528' title='bbox 3037 2834 3131 2889; x_wconf 84' lang='grc' dir='ltr'><strong>τὸν</strong></span> <span class='ocrx_word' id='word_1_529' title='bbox 3191 2835 3347 2905; x_wconf 88' lang='grc' dir='ltr'><strong>παρά</strong></span> <span class='ocrx_word' id='word_1_530' title='bbox 3374 2839 3581 2891; x_wconf 79' lang='grc' dir='ltr'><strong>τούτων</strong></span> <span class='ocrx_word' id='word_1_531' title='bbox 3603 2837 3756 2909; x_wconf 79' lang='grc' dir='ltr'><strong>θηρώ-</strong></span> 
     </span>
    </p>
   </div>
   <div class='ocr_carea' id='block_1_84' title="bbox 2194 2921 3754 3000">
    <p class='ocr_par' dir='ltr' id='par_1_84' title="bbox 2194 2921 3754 3000">
     <span class='ocr_line' id='line_1_84' title="bbox 2194 2921 3754 3000; baseline 0.005 -26"><span class='ocrx_word' id='word_1_532' title='bbox 2194 2938 2357 2990; x_wconf 80' lang='grc' dir='ltr'><strong>μενος</strong></span> <span class='ocrx_word' id='word_1_533' title='bbox 2403 2921 2667 2989; x_wconf 77' lang='grc' dir='ltr'><strong>ἕπαινον,</strong></span> <span class='ocrx_word' id='word_1_534' title='bbox 2720 2924 2994 2996; x_wconf 78' lang='grc' dir='ltr'><strong>νομιζέτω</strong></span> <span class='ocrx_word' id='word_1_535' title='bbox 3056 2926 3220 2981; x_wconf 87' lang='grc' dir='ltr'><strong>τοῦτο</strong></span> <span class='ocrx_word' id='word_1_536' title='bbox 3282 2929 3457 3000; x_wconf 84' lang='grc' dir='ltr'><strong>μηδὲν</strong></span> <span class='ocrx_word' id='word_1_537' title='bbox 3504 2929 3754 2999; x_wconf 68' lang='grc' dir='ltr'><strong>διαφέρειν</strong></span> 
     </span>
    </p>
   </div>
   <div class='ocr_carea' id='block_1_85' title="bbox 2190 3012 3751 3091">
    <p class='ocr_par' dir='ltr' id='par_1_85' title="bbox 2190 3012 3751 3091">
     <span class='ocr_line' id='line_1_85' title="bbox 2190 3012 3751 3091; baseline 0.008 -29"><span class='ocrx_word' id='word_1_538' title='bbox 2190 3012 2487 3083; x_wconf 77' lang='grc' dir='ltr'>ὀστράκου,</span> <span class='ocrx_word' id='word_1_539' title='bbox 2527 3013 2715 3085; x_wconf 69' lang='grc' dir='ltr'><strong>ἐπειδὴ</strong></span> <span class='ocrx_word' id='word_1_540' title='bbox 2782 3015 2858 3085; x_wconf 80' lang='grc' dir='ltr'><strong>μὴ</strong></span> <span class='ocrx_word' id='word_1_541' title='bbox 2908 3017 3200 3086; x_wconf 81' lang='grc' dir='ltr'><strong>εὐαρεστεῖ</strong></span> <span class='ocrx_word' id='word_1_542' title='bbox 3249 3018 3373 3090; x_wconf 85' lang='grc' dir='ltr'><strong>Θεῷ</strong></span> <span class='ocrx_word' id='word_1_543' title='bbox 3406 3020 3495 3074; x_wconf 80' lang='grc' dir='ltr'><strong>διά</strong></span> <span class='ocrx_word' id='word_1_544' title='bbox 3518 3021 3611 3091; x_wconf 69' lang='grc' dir='ltr'><strong>τῆς</strong></span> <span class='ocrx_word' id='word_1_545' title='bbox 3639 3020 3751 3091; x_wconf 62' lang='grc' dir='ltr'><strong>πρὶς</strong></span> 
     </span>
    </p>
   </div>
   <div class='ocr_carea' id='block_1_86' title="bbox 2182 3101 3748 3181">
    <p class='ocr_par' dir='ltr' id='par_1_86' title="bbox 2182 3101 3748 3181">
     <span class='ocr_line' id='line_1_86' title="bbox 2182 3101 3748 3181; baseline 0.008 -28"><span class='ocrx_word' id='word_1_546' title='bbox 2182 3101 2280 3155; x_wconf 69' lang='grc' dir='ltr'><strong>τὸν</strong></span> <span class='ocrx_word' id='word_1_547' title='bbox 2308 3102 2534 3171; x_wconf 73' lang='grc' dir='ltr'><strong>ἀδελφὸν</strong></span> <span class='ocrx_word' id='word_1_548' title='bbox 2593 3103 2749 3174; x_wconf 87' lang='grc' dir='ltr'><strong>δίκην</strong></span> <span class='ocrx_word' id='word_1_549' title='bbox 2798 3106 3069 3179; x_wconf 81' lang='grc' dir='ltr'><strong>ἀργυρίου</strong></span> <span class='ocrx_word' id='word_1_550' title='bbox 3130 3108 3391 3181; x_wconf 77' lang='grc' dir='ltr'><strong>καθαρᾶς</strong></span> <span class='ocrx_word' id='word_1_551' title='bbox 3443 3111 3748 3176; x_wconf 84' lang='grc' dir='ltr'><strong>διαθέσεως’</strong></span> 
     </span>
    </p>
   </div>
   <div class='ocr_carea' id='block_1_87' title="bbox 2114 3194 3748 3288">
    <p class='ocr_par' dir='ltr' id='par_1_87' title="bbox 2114 3194 3748 3288">
     <span class='ocr_line' id='line_1_87' title="bbox 2114 3194 3748 3288; baseline 0.006 -43"><span class='ocrx_word' id='word_1_552' title='bbox 2114 3231 2158 3288; x_wconf 72' lang='lat' dir='ltr'><strong>c</strong></span> <span class='ocrx_word' id='word_1_553' title='bbox 2191 3194 2545 3288; x_wconf 64' lang='grc' dir='ltr'><strong>οἰκτίρμονας</strong></span> <span class='ocrx_word' id='word_1_554' title='bbox 2710 3199 2859 3267; x_wconf 75' lang='grc' dir='ltr'><strong>ἡμᾶς</strong></span> <span class='ocrx_word' id='word_1_555' title='bbox 2893 3198 3145 3267; x_wconf 84' lang='grc' dir='ltr'><strong>γίνεσθαι</strong></span> <span class='ocrx_word' id='word_1_556' title='bbox 3179 3204 3324 3257; x_wconf 78' lang='grc' dir='ltr'><strong>κατά</strong></span> <span class='ocrx_word' id='word_1_557' title='bbox 3349 3203 3585 3275; x_wconf 82' lang='grc' dir='ltr'><strong>μίμησιν</strong></span> <span class='ocrx_word' id='word_1_558' title='bbox 3605 3204 3748 3269; x_wconf 82' lang='grc' dir='ltr'><strong>θείαν,</strong></span> 
     </span>
    </p>
   </div>
   <div class='ocr_carea' id='block_1_88' title="bbox 2189 3284 2979 3353">
    <p class='ocr_par' dir='ltr' id='par_1_88' title="bbox 2189 3284 2979 3353">
     <span class='ocr_line' id='line_1_88' title="bbox 2189 3284 2979 3353; baseline 0.006 -15"><span class='ocrx_word' id='word_1_559' title='bbox 2189 3286 2217 3338; x_wconf 86' lang='grc' dir='ltr'><strong>ό</strong></span> <span class='ocrx_word' id='word_1_560' title='bbox 2252 3284 2409 3353; x_wconf 84' lang='grc' dir='ltr'><strong>λόγος</strong></span> <span class='ocrx_word' id='word_1_561' title='bbox 2428 3284 2524 3339; x_wconf 88' lang='grc' dir='ltr'><strong>τοῦ</strong></span> <span class='ocrx_word' id='word_1_562' title='bbox 2558 3286 2693 3341; x_wconf 85' lang='grc' dir='ltr'><strong>Θεοῦ</strong></span> <span class='ocrx_word' id='word_1_563' title='bbox 2733 3289 2979 3344; x_wconf 79' lang='grc' dir='ltr'><strong>ἀπαιτεῖ.</strong></span> 
     </span>
    </p>
   </div>
   <div class='ocr_carea' id='block_1_89' title="bbox 2258 3397 3747 3477">
    <p class='ocr_par' dir='ltr' id='par_1_89' title="bbox 2258 3397 3747 3477">
     <span class='ocr_line' id='line_1_89' title="bbox 2258 3397 3747 3477; baseline 0.007 -26"><span class='ocrx_word' id='word_1_564' title='bbox 2258 3397 2356 3452; x_wconf 87' lang='grc' dir='ltr'><strong>κδ’.</strong></span> <span class='ocrx_word' id='word_1_565' title='bbox 2392 3399 2576 3468; x_wconf 77' lang='grc' dir='ltr'><strong>Χείλη</strong></span> <span class='ocrx_word' id='word_1_566' title='bbox 2627 3400 2763 3455; x_wconf 77' lang='grc' dir='ltr'><strong>λεῖα</strong></span> <span class='ocrx_word' id='word_1_567' title='bbox 2811 3402 3069 3471; x_wconf 83' lang='grc' dir='ltr'><strong>καρδίαν</strong></span> <span class='ocrx_word' id='word_1_568' title='bbox 3121 3405 3423 3462; x_wconf 79' lang='grc' dir='ltr'><strong>καλύπτει</strong></span> <span class='ocrx_word' id='word_1_569' title='bbox 3475 3406 3747 3477; x_wconf 71' lang='grc' dir='ltr'><strong>λυπηρόν.</strong></span> 
     </span>
    </p>
   </div>
   <div class='ocr_carea' id='block_1_90' title="bbox 2186 3486 3751 3569">
    <p class='ocr_par' dir='ltr' id='par_1_90' title="bbox 2186 3486 3751 3569">
     <span class='ocr_line' id='line_1_90' title="bbox 2186 3486 3751 3569; baseline 0.008 -28"><span class='ocrx_word' id='word_1_570' title='bbox 2186 3489 2369 3558; x_wconf 84' lang='grc' dir='ltr'><strong>Στόμα</strong></span> <span class='ocrx_word' id='word_1_571' title='bbox 2388 3489 2580 3559; x_wconf 87' lang='grc' dir='ltr'><strong>λόγους</strong></span> <span class='ocrx_word' id='word_1_572' title='bbox 2606 3486 3125 3566; x_wconf 78' lang='grc' dir='ltr'><strong>παραμυθητικοὺς,</strong></span> <span class='ocrx_word' id='word_1_573' title='bbox 3159 3496 3257 3550; x_wconf 76' lang='grc' dir='ltr'><strong>καὶ</strong></span> <span class='ocrx_word' id='word_1_574' title='bbox 3281 3497 3559 3569; x_wconf 88' lang='grc' dir='ltr'><strong>μηδεμίαν</strong></span> <span class='ocrx_word' id='word_1_575' title='bbox 3578 3515 3751 3569; x_wconf 82' lang='grc' dir='ltr'><strong>κεκτη-</strong></span> 
     </span>
    </p>
   </div>
   <div class='ocr_carea' id='block_1_91' title="bbox 2189 3582 3753 3664">
    <p class='ocr_par' dir='ltr' id='par_1_91' title="bbox 2189 3582 3753 3664">
     <span class='ocr_line' id='line_1_91' title="bbox 2189 3582 3753 3664; baseline 0.007 -30"><span class='ocrx_word' id='word_1_576' title='bbox 2189 3582 2382 3652; x_wconf 75' lang='grc' dir='ltr'><strong>μένους</strong></span> <span class='ocrx_word' id='word_1_577' title='bbox 2403 3583 2735 3653; x_wconf 75' lang='grc' dir='ltr'><strong>τραχύτητα,</strong></span> <span class='ocrx_word' id='word_1_578' title='bbox 2765 3583 2947 3656; x_wconf 81' lang='grc' dir='ltr'><strong>λύπην</strong></span> <span class='ocrx_word' id='word_1_579' title='bbox 2972 3586 3231 3655; x_wconf 76' lang='grc' dir='ltr'><strong>ἀφανίζει</strong></span> <span class='ocrx_word' id='word_1_580' title='bbox 3268 3588 3476 3660; x_wconf 63' lang='grc' dir='ltr'><strong>ψυχῆς,</strong></span> <span class='ocrx_word' id='word_1_581' title='bbox 3506 3594 3583 3655; x_wconf 83' lang='grc' dir='ltr'><strong>είς</strong></span> <span class='ocrx_word' id='word_1_582' title='bbox 3630 3608 3753 3664; x_wconf 76' lang='grc' dir='ltr'><strong>παρο</strong></span> 
     </span>
    </p>
   </div>
   <div class='ocr_carea' id='block_1_92' title="bbox 2186 3674 3752 3756">
    <p class='ocr_par' dir='ltr' id='par_1_92' title="bbox 2186 3674 3752 3756">
     <span class='ocr_line' id='line_1_92' title="bbox 2186 3674 3752 3756; baseline 0.006 -30"><span class='ocrx_word' id='word_1_583' title='bbox 2186 3674 2416 3744; x_wconf 81' lang='grc' dir='ltr'><strong>ηγορίαν</strong></span> <span class='ocrx_word' id='word_1_584' title='bbox 2472 3674 2596 3729; x_wconf 82' lang='grc' dir='ltr'><strong>τινὰ</strong></span> <span class='ocrx_word' id='word_1_585' title='bbox 2630 3675 2698 3728; x_wconf 79' lang='grc' dir='ltr'><strong>δι’</strong></span> <span class='ocrx_word' id='word_1_586' title='bbox 2729 3676 2911 3731; x_wconf 80' lang='grc' dir='ltr'><strong>αὐτῶν</strong></span> <span class='ocrx_word' id='word_1_587' title='bbox 2972 3677 3141 3750; x_wconf 77' lang='grc' dir='ltr'><strong>αὐτὴν</strong></span> <span class='ocrx_word' id='word_1_588' title='bbox 3196 3679 3620 3756; x_wconf 77' lang='grc' dir='ltr'><strong>ἑκκαλούμενον,</strong></span> <span class='ocrx_word' id='word_1_589' title='bbox 3674 3684 3752 3737; x_wconf 68' lang='grc' dir='ltr'><strong>καὶ</strong></span> 
     </span>
    </p>
   </div>
   <div class='ocr_carea' id='block_1_93' title="bbox 2188 3766 2975 3840">
    <p class='ocr_par' dir='ltr' id='par_1_93' title="bbox 2188 3766 2975 3840">
     <span class='ocr_line' id='line_1_93' title="bbox 2188 3766 2975 3840; baseline 0.005 -20"><span class='ocrx_word' id='word_1_590' title='bbox 2188 3766 2476 3823; x_wconf 73' lang='grc' dir='ltr'><strong>συστέλλον</strong></span> <span class='ocrx_word' id='word_1_591' title='bbox 2505 3768 2567 3822; x_wconf 82' lang='grc' dir='ltr'><strong>τὸ</strong></span> <span class='ocrx_word' id='word_1_592' title='bbox 2598 3767 2760 3838; x_wconf 77' lang='grc' dir='ltr'><strong>ἄλγος</strong></span> <span class='ocrx_word' id='word_1_593' title='bbox 2786 3769 2975 3840; x_wconf 80' lang='grc' dir='ltr'><strong>αὐτῆς.</strong></span> 
     </span>
    </p>
   </div>
   <div class='ocr_carea' id='block_1_94' title="bbox 2256 3875 3749 3955">
    <p class='ocr_par' dir='ltr' id='par_1_94' title="bbox 2256 3875 3749 3955">
     <span class='ocr_line' id='line_1_94' title="bbox 2256 3875 3749 3955; baseline 0.007 -24"><span class='ocrx_word' id='word_1_594' title='bbox 2256 3877 2496 3932; x_wconf 67' lang='grc' dir='ltr'><strong>Χείλεσι</strong></span> <span class='ocrx_word' id='word_1_595' title='bbox 2518 3875 2718 3931; x_wconf 79' lang='grc' dir='ltr'><strong>πάντα</strong></span> <span class='ocrx_word' id='word_1_596' title='bbox 2738 3878 3000 3934; x_wconf 79' lang='grc' dir='ltr'><strong>ἐπινεύει</strong></span> <span class='ocrx_word' id='word_1_597' title='bbox 3030 3880 3519 3953; x_wconf 74' lang='grc' dir='ltr'><strong>ἀποκλαιόμενος</strong></span> <span class='ocrx_word' id='word_1_598' title='bbox 3533 3884 3749 3955; x_wconf 69' lang='grc' dir='ltr'><strong>ἐχθρός·</strong></span> 
     </span>
    </p>
   </div>
   <div class='ocr_carea' id='block_1_95' title="bbox 2183 3968 3753 4049">
    <p class='ocr_par' dir='ltr' id='par_1_95' title="bbox 2183 3968 3753 4049">
     <span class='ocr_line' id='line_1_95' title="bbox 2183 3968 3753 4049; baseline 0.006 -28"><span class='ocrx_word' id='word_1_599' title='bbox 2183 3969 2254 4022; x_wconf 79' lang='grc' dir='ltr'><strong>ἐν</strong></span> <span class='ocrx_word' id='word_1_600' title='bbox 2286 3968 2354 4022; x_wconf 87' lang='grc' dir='ltr'><strong>δὲ</strong></span> <span class='ocrx_word' id='word_1_601' title='bbox 2385 3968 2460 4039; x_wconf 77' lang='grc' dir='ltr'><strong>τῇ</strong></span> <span class='ocrx_word' id='word_1_602' title='bbox 2482 3969 2698 4038; x_wconf 81' lang='grc' dir='ltr'><strong>καρδίᾳ</strong></span> <span class='ocrx_word' id='word_1_603' title='bbox 2741 3973 3113 4028; x_wconf 77' lang='grc' dir='ltr'><strong>τεκταίνεται</strong></span> <span class='ocrx_word' id='word_1_604' title='bbox 3151 3973 3405 4041; x_wconf 80' lang='grc' dir='ltr'><strong>δόλους.</strong></span> <span class='ocrx_word' id='word_1_605' title='bbox 3444 3978 3568 4042; x_wconf 81' lang='grc' dir='ltr'><strong>Τοῖς</strong></span> <span class='ocrx_word' id='word_1_606' title='bbox 3598 3977 3753 4049; x_wconf 83' lang='grc' dir='ltr'><strong>λύπην</strong></span> 
     </span>
    </p>
   </div>
   <div class='ocr_carea' id='block_1_96' title="bbox 2183 4064 3753 4138">
    <p class='ocr_par' dir='ltr' id='par_1_96' title="bbox 2183 4064 3753 4138">
     <span class='ocr_line' id='line_1_96' title="bbox 2183 4064 3753 4138; baseline 0.003 -22"><span class='ocrx_word' id='word_1_607' title='bbox 2183 4065 2362 4135; x_wconf 76' lang='grc' dir='ltr'><strong>ψυχῆς</strong></span> <span class='ocrx_word' id='word_1_608' title='bbox 2403 4064 2809 4134; x_wconf 84' lang='grc' dir='ltr'><strong>ἀπαγγέλλουσι</strong></span> <span class='ocrx_word' id='word_1_609' title='bbox 2856 4064 3056 4135; x_wconf 81' lang='grc' dir='ltr'><strong>λόγοις,</strong></span> <span class='ocrx_word' id='word_1_610' title='bbox 3114 4068 3208 4121; x_wconf 78' lang='grc' dir='ltr'><strong>ἐπὶ</strong></span> <span class='ocrx_word' id='word_1_611' title='bbox 3258 4069 3400 4122; x_wconf 75' lang='grc' dir='ltr'><strong>πᾶσι</strong></span> <span class='ocrx_word' id='word_1_612' title='bbox 3450 4068 3753 4138; x_wconf 83' lang='grc' dir='ltr'><strong>συγκατατί-</strong></span> 
     </span>
    </p>
   </div>
   <div class='ocr_carea' id='block_1_97' title="bbox 2186 4158 3749 4235">
    <p class='ocr_par' dir='ltr' id='par_1_97' title="bbox 2186 4158 3749 4235">
     <span class='ocr_line' id='line_1_97' title="bbox 2186 4158 3749 4235; baseline 0.003 -23"><span class='ocrx_word' id='word_1_613' title='bbox 2186 4158 2360 4224; x_wconf 85' lang='grc' dir='ltr'><strong>θεται,</strong></span> <span class='ocrx_word' id='word_1_614' title='bbox 2383 4159 2458 4225; x_wconf 86' lang='grc' dir='ltr'><strong>ὡς</strong></span> <span class='ocrx_word' id='word_1_615' title='bbox 2486 4160 2649 4231; x_wconf 79' lang='grc' dir='ltr'><strong>δῆθεν</strong></span> <span class='ocrx_word' id='word_1_616' title='bbox 2672 4163 3012 4232; x_wconf 85' lang='grc' dir='ltr'><strong>συμπάσχων</strong></span> <span class='ocrx_word' id='word_1_617' title='bbox 3033 4161 3113 4232; x_wconf 84' lang='grc' dir='ltr'><strong>τῷ</strong></span> <span class='ocrx_word' id='word_1_618' title='bbox 3135 4161 3360 4228; x_wconf 83' lang='grc' dir='ltr'><strong>τούτους</strong></span> <span class='ocrx_word' id='word_1_619' title='bbox 3390 4168 3749 4235; x_wconf 73' lang='grc' dir='ltr'><strong>προσφέροντε,</strong></span> 
     </span>
    </p>
   </div>
   <div class='ocr_carea' id='block_1_98' title="bbox 2184 4251 3751 4324">
    <p class='ocr_par' dir='ltr' id='par_1_98' title="bbox 2184 4251 3751 4324">
     <span class='ocr_line' id='line_1_98' title="bbox 2184 4251 3751 4324; baseline 0.003 -20"><span class='ocrx_word' id='word_1_620' title='bbox 2184 4253 2212 4305; x_wconf 80' lang='grc' dir='ltr'><strong>ό</strong></span> <span class='ocrx_word' id='word_1_621' title='bbox 2239 4251 2497 4322; x_wconf 81' lang='grc' dir='ltr'><strong>ἀπεχθῶς</strong></span> <span class='ocrx_word' id='word_1_622' title='bbox 2532 4252 2671 4322; x_wconf 74' lang='grc' dir='ltr'><strong>πρὸς</strong></span> <span class='ocrx_word' id='word_1_623' title='bbox 2694 4253 2859 4307; x_wconf 82' lang='grc' dir='ltr'><strong>αὑτὸν</strong></span> <span class='ocrx_word' id='word_1_624' title='bbox 2880 4254 3230 4324; x_wconf 82' lang='grc' dir='ltr'><strong>διακείμενος</strong></span> <span class='ocrx_word' id='word_1_625' title='bbox 3249 4272 3263 4287; x_wconf 77' lang='grc' dir='ltr'>ο</span> <span class='ocrx_word' id='word_1_626' title='bbox 3318 4256 3576 4311; x_wconf 79' lang='grc' dir='ltr'><strong>ἐντεῦθεν</strong></span> <span class='ocrx_word' id='word_1_627' title='bbox 3603 4256 3655 4310; x_wconf 85' lang='grc' dir='ltr'><strong>δὲ</strong></span> <span class='ocrx_word' id='word_1_628' title='bbox 3679 4255 3751 4309; x_wconf 73' lang='grc' dir='ltr'><strong>διὰ</strong></span> 
     </span>
    </p>
   </div>
   <div class='ocr_carea' id='block_1_99' title="bbox 2182 4341 3754 4414">
    <p class='ocr_par' dir='ltr' id='par_1_99' title="bbox 2182 4341 3754 4414">
     <span class='ocr_line' id='line_1_99' title="bbox 2182 4341 3754 4414; baseline -0.003 -16"><span class='ocrx_word' id='word_1_629' title='bbox 2182 4344 2245 4398; x_wconf 82' lang='grc' dir='ltr'><strong>τὸ</strong></span> <span class='ocrx_word' id='word_1_630' title='bbox 2269 4343 2403 4414; x_wconf 84' lang='grc' dir='ltr'><strong>πρὸς</strong></span> <span class='ocrx_word' id='word_1_631' title='bbox 2427 4341 2590 4396; x_wconf 78' lang='grc' dir='ltr'><strong>αὐτὸν</strong></span> <span class='ocrx_word' id='word_1_632' title='bbox 2622 4345 2800 4413; x_wconf 81' lang='grc' dir='ltr'><strong>μῖσος,</strong></span> <span class='ocrx_word' id='word_1_633' title='bbox 2826 4342 3231 4406; x_wconf 75' lang='grc' dir='ltr'><strong>κατασκευάζει</strong></span> <span class='ocrx_word' id='word_1_634' title='bbox 3260 4342 3460 4413; x_wconf 73' lang='grc' dir='ltr'><strong>βουλὰς</strong></span> <span class='ocrx_word' id='word_1_635' title='bbox 3484 4347 3541 4396; x_wconf 80' lang='grc' dir='ltr'><strong>ὲν</strong></span> <span class='ocrx_word' id='word_1_636' title='bbox 3561 4346 3622 4413; x_wconf 74' lang='grc' dir='ltr'><strong>τῇ</strong></span> <span class='ocrx_word' id='word_1_637' title='bbox 3648 4344 3754 4395; x_wconf 81' lang='grc' dir='ltr'><strong>ἐαυ-</strong></span> 
     </span>
    </p>
   </div>
   <div class='ocr_carea' id='block_1_100' title="bbox 2182 4431 3750 4504">
    <p class='ocr_par' dir='ltr' id='par_1_100' title="bbox 2182 4431 3750 4504">
     <span class='ocr_line' id='line_1_100' title="bbox 2182 4431 3750 4504; baseline -0.003 -17"><span class='ocrx_word' id='word_1_638' title='bbox 2182 4433 2277 4487; x_wconf 89' lang='grc' dir='ltr'><strong>τοῦ</strong></span> <span class='ocrx_word' id='word_1_639' title='bbox 2305 4433 2451 4504; x_wconf 80' lang='grc' dir='ltr'>ψυχῇ</span> <span class='ocrx_word' id='word_1_640' title='bbox 2481 4431 2602 4488; x_wconf 81' lang='grc' dir='ltr'><strong>κατ’</strong></span> <span class='ocrx_word' id='word_1_641' title='bbox 2623 4431 2812 4497; x_wconf 84' lang='grc' dir='ltr'><strong>αὑτοῦ,</strong></span> <span class='ocrx_word' id='word_1_642' title='bbox 2835 4432 3092 4486; x_wconf 86' lang='grc' dir='ltr'><strong>συνωθῶν</strong></span> <span class='ocrx_word' id='word_1_643' title='bbox 3119 4434 3203 4497; x_wconf 82' lang='grc' dir='ltr'><strong>είς</strong></span> <span class='ocrx_word' id='word_1_644' title='bbox 3225 4432 3506 4503; x_wconf 67' lang='grc' dir='ltr'><strong>βάραθρον</strong></span> <span class='ocrx_word' id='word_1_645' title='bbox 3522 4432 3750 4492; x_wconf 79' lang='grc' dir='ltr'><strong>ἀπονοίας</strong></span> 
     </span>
    </p>
   </div>
   <div class='ocr_carea' id='block_1_101' title="bbox 2185 4523 3750 4594">
    <p class='ocr_par' dir='ltr' id='par_1_101' title="bbox 2185 4523 3750 4594">
     <span class='ocr_line' id='line_1_101' title="bbox 2185 4523 3750 4594; baseline -0.003 -17"><span class='ocrx_word' id='word_1_646' title='bbox 2185 4524 2369 4577; x_wconf 75' lang='grc' dir='ltr'><strong>αὐτόν’</strong></span> <span class='ocrx_word' id='word_1_647' title='bbox 2384 4525 2412 4576; x_wconf 85' lang='grc' dir='ltr'>ὁ</span> <span class='ocrx_word' id='word_1_648' title='bbox 2424 4525 2531 4594; x_wconf 83' lang='grc' dir='ltr'><strong>γὰρ</strong></span> <span class='ocrx_word' id='word_1_649' title='bbox 2550 4523 2768 4594; x_wconf 83' lang='grc' dir='ltr'><strong>άληθῶς</strong></span> <span class='ocrx_word' id='word_1_650' title='bbox 2785 4523 3068 4592; x_wconf 84' lang='grc' dir='ltr'><strong>συναλγῶν</strong></span> <span class='ocrx_word' id='word_1_651' title='bbox 3084 4525 3164 4592; x_wconf 87' lang='grc' dir='ltr'><strong>τῷ</strong></span> <span class='ocrx_word' id='word_1_652' title='bbox 3181 4524 3466 4592; x_wconf 86' lang='grc' dir='ltr'><strong>ἀλγοῦντι,</strong></span> <span class='ocrx_word' id='word_1_653' title='bbox 3483 4526 3582 4578; x_wconf 78' lang='grc' dir='ltr'><strong>οὐκ</strong></span> <span class='ocrx_word' id='word_1_654' title='bbox 3594 4523 3750 4587; x_wconf 79' lang='grc' dir='ltr'><strong>αΰξειν</strong></span> 
     </span>
    </p>
   </div>
   <div class='ocr_carea' id='block_1_102' title="bbox 2183 4596 3746 4687">
    <p class='ocr_par' dir='ltr' id='par_1_102' title="bbox 2183 4596 3746 4687">
     <span class='ocr_line' id='line_1_102' title="bbox 2183 4596 3746 4687; baseline -0.001 -17"><span class='ocrx_word' id='word_1_655' title='bbox 2183 4616 2244 4670; x_wconf 80' lang='grc' dir='ltr'><strong>τὸ</strong></span> <span class='ocrx_word' id='word_1_656' title='bbox 2265 4615 2429 4684; x_wconf 81' lang='grc' dir='ltr'><strong>ἄλγος</strong></span> <span class='ocrx_word' id='word_1_657' title='bbox 2453 4614 2643 4679; x_wconf 78' lang='grc' dir='ltr'><strong>αὐτοῦ,</strong></span> <span class='ocrx_word' id='word_1_658' title='bbox 2663 4614 2800 4669; x_wconf 80' lang='grc' dir='ltr'><strong>ἀλλὰ</strong></span> <span class='ocrx_word' id='word_1_659' title='bbox 2825 4616 3242 4687; x_wconf 77' lang='grc' dir='ltr'><strong>κατακοιμίζειν</strong></span> <span class='ocrx_word' id='word_1_660' title='bbox 3264 4596 3746 4686; x_wconf 64' lang='grc' dir='ltr'><strong>μᾶλλονέπιχειρεῐ.</strong></span> 
     </span>
    </p>
   </div>
   <div class='ocr_carea' id='block_1_103' title="bbox 2255 4724 3747 4800">
    <p class='ocr_par' dir='ltr' id='par_1_103' title="bbox 2255 4724 3747 4800">
     <span class='ocr_line' id='line_1_103' title="bbox 2255 4724 3747 4800; baseline 0.001 -15"><span class='ocrx_word' id='word_1_661' title='bbox 2255 4738 2354 4787; x_wconf 83' lang='grc' dir='ltr'><strong>κε’.</strong></span> <span class='ocrx_word' id='word_1_662' title='bbox 2391 4730 2534 4785; x_wconf 83' lang='grc' dir='ltr'><strong>Ἐάν</strong></span> <span class='ocrx_word' id='word_1_663' title='bbox 2558 4745 2675 4785; x_wconf 86' lang='grc' dir='ltr'><strong>σου</strong></span> <span class='ocrx_word' id='word_1_664' title='bbox 2704 4728 2910 4797; x_wconf 82' lang='grc' dir='ltr'><strong>δέηται</strong></span> <span class='ocrx_word' id='word_1_665' title='bbox 2937 4734 2969 4785; x_wconf 85' lang='grc' dir='ltr'><em>ὁ</em></span> <span class='ocrx_word' id='word_1_666' title='bbox 2990 4730 3206 4800; x_wconf 77' lang='grc' dir='ltr'><strong>ἐχθρὸς</strong></span> <span class='ocrx_word' id='word_1_667' title='bbox 3220 4730 3458 4800; x_wconf 71' lang='grc' dir='ltr'><strong>μεγάλῃ</strong></span> <span class='ocrx_word' id='word_1_668' title='bbox 3483 4729 3558 4797; x_wconf 79' lang='grc' dir='ltr'><strong>τῇ</strong></span> <span class='ocrx_word' id='word_1_669' title='bbox 3581 4724 3747 4799; x_wconf 70' lang='grc' dir='ltr'><strong>φωνῇ.</strong></span> 
     </span>
    </p>
   </div>
   <div class='ocr_carea' id='block_1_104' title="bbox 2184 4815 3748 4893">
    <p class='ocr_par' dir='ltr' id='par_1_104' title="bbox 2184 4815 3748 4893">
     <span class='ocr_line' id='line_1_104' title="bbox 2184 4815 3748 4893; baseline -0.002 -17"><span class='ocrx_word' id='word_1_670' title='bbox 2184 4822 2265 4893; x_wconf 74' lang='grc' dir='ltr'><strong>μὴ</strong></span> <span class='ocrx_word' id='word_1_671' title='bbox 2298 4821 2559 4889; x_wconf 78' lang='grc' dir='ltr'><strong>πεισθῇς</strong></span> <span class='ocrx_word' id='word_1_672' title='bbox 2584 4839 2597 4852; x_wconf 93' lang='grc'><strong>·</strong></span> <span class='ocrx_word' id='word_1_673' title='bbox 2623 4822 2776 4875; x_wconf 81' lang='grc' dir='ltr'><strong>ἑπτὰ</strong></span> <span class='ocrx_word' id='word_1_674' title='bbox 2802 4821 2916 4891; x_wconf 77' lang='grc' dir='ltr'><strong>γάρ</strong></span> <span class='ocrx_word' id='word_1_675' title='bbox 2945 4825 3065 4876; x_wconf 82' lang='grc' dir='ltr'><strong>εισι</strong></span> <span class='ocrx_word' id='word_1_676' title='bbox 3092 4823 3375 4889; x_wconf 79' lang='grc' dir='ltr'><strong>πονηρίαι</strong></span> <span class='ocrx_word' id='word_1_677' title='bbox 3396 4823 3469 4876; x_wconf 71' lang='grc' dir='ltr'><strong>ἐν</strong></span> <span class='ocrx_word' id='word_1_678' title='bbox 3496 4821 3571 4891; x_wconf 78' lang='grc' dir='ltr'><strong>τῇ</strong></span> <span class='ocrx_word' id='word_1_679' title='bbox 3600 4815 3748 4890; x_wconf 71' lang='grc' dir='ltr'><strong>ψυχῇ</strong></span> 
     </span>
    </p>
   </div>
   <div class='ocr_carea' id='block_1_105' title="bbox 2182 4906 3747 4982">
    <p class='ocr_par' dir='ltr' id='par_1_105' title="bbox 2182 4906 3747 4982">
     <span class='ocr_line' id='line_1_105' title="bbox 2182 4906 3747 4982; baseline -0.004 -15"><span class='ocrx_word' id='word_1_680' title='bbox 2182 4913 2392 4968; x_wconf 83' lang='grc' dir='ltr'><strong>αὑτοῦ.</strong></span> <span class='ocrx_word' id='word_1_681' title='bbox 2428 4913 2648 4982; x_wconf 74' lang='grc' dir='ltr'><strong>Εἵπερό</strong></span> <span class='ocrx_word' id='word_1_682' title='bbox 2680 4910 2862 4974; x_wconf 82' lang='grc' dir='ltr'><strong>κοινὸς</strong></span> <span class='ocrx_word' id='word_1_683' title='bbox 2912 4911 3135 4965; x_wconf 84' lang='grc' dir='ltr'><strong>πάντων</strong></span> <span class='ocrx_word' id='word_1_684' title='bbox 3182 4911 3401 4982; x_wconf 75' lang='grc' dir='ltr'><strong>ἐχθρὸς,</strong></span> <span class='ocrx_word' id='word_1_685' title='bbox 3455 4906 3747 4963; x_wconf 73' lang='grc' dir='ltr'><strong>ἐκκαλεῖται</strong></span> 
     </span>
    </p>
   </div>
   <div class='ocr_carea' id='block_1_106' title="bbox 2185 4999 3743 5077">
    <p class='ocr_par' dir='ltr' id='par_1_106' title="bbox 2185 4999 3743 5077">
     <span class='ocr_line' id='line_1_106' title="bbox 2185 4999 3743 5077; baseline -0.006 -16"><span class='ocrx_word' id='word_1_686' title='bbox 2185 5025 2245 5061; x_wconf 86' lang='grc' dir='ltr'><strong>σε</strong></span> <span class='ocrx_word' id='word_1_687' title='bbox 2272 5007 2409 5077; x_wconf 77' lang='grc' dir='ltr'><strong>πρὸς</strong></span> <span class='ocrx_word' id='word_1_688' title='bbox 2440 5005 2766 5074; x_wconf 78' lang='grc' dir='ltr'><strong>συνέργειαν</strong></span> <span class='ocrx_word' id='word_1_689' title='bbox 2797 5004 2893 5057; x_wconf 86' lang='grc' dir='ltr'><strong>τοῦ</strong></span> <span class='ocrx_word' id='word_1_690' title='bbox 2925 5004 2984 5057; x_wconf 70' lang='grc' dir='ltr'><strong>ἐν</strong></span> <span class='ocrx_word' id='word_1_691' title='bbox 3032 5006 3164 5072; x_wconf 83' lang='grc' dir='ltr'><strong>ἡμῖν</strong></span> <span class='ocrx_word' id='word_1_692' title='bbox 3202 5003 3548 5074; x_wconf 83' lang='grc' dir='ltr'><strong>βουλήματος</strong></span> <span class='ocrx_word' id='word_1_693' title='bbox 3579 4999 3743 5064; x_wconf 80' lang='grc' dir='ltr'><strong>αὐτοῦ,</strong></span> 
     </span>
    </p>
   </div>
   <div class='ocr_carea' id='block_1_107' title="bbox 2181 5095 3747 5171">
    <p class='ocr_par' dir='ltr' id='par_1_107' title="bbox 2181 5095 3747 5171">
     <span class='ocr_line' id='line_1_107' title="bbox 2181 5095 3747 5171; baseline -0.006 -18"><span class='ocrx_word' id='word_1_694' title='bbox 2181 5101 2283 5171; x_wconf 76' lang='grc' dir='ltr'><strong>τὴν</strong></span> <span class='ocrx_word' id='word_1_695' title='bbox 2315 5098 2509 5153; x_wconf 82' lang='grc' dir='ltr'><strong>ἑαυτοῦ</strong></span> <span class='ocrx_word' id='word_1_696' title='bbox 2544 5097 2865 5169; x_wconf 84' lang='grc' dir='ltr'><strong>μεγαλύνων</strong></span> <span class='ocrx_word' id='word_1_697' title='bbox 2904 5096 3275 5166; x_wconf 82' lang='grc' dir='ltr'><strong>παράκλησιν,</strong></span> <span class='ocrx_word' id='word_1_698' title='bbox 3310 5096 3391 5167; x_wconf 80' lang='grc' dir='ltr'><strong>τῷ</strong></span> <span class='ocrx_word' id='word_1_699' title='bbox 3426 5114 3488 5150; x_wconf 87' lang='grc' dir='ltr'><strong>τε</strong></span> <span class='ocrx_word' id='word_1_700' title='bbox 3527 5096 3620 5166; x_wconf 78' lang='grc' dir='ltr'><strong>τῆς</strong></span> <span class='ocrx_word' id='word_1_701' title='bbox 3647 5095 3747 5162; x_wconf 57' lang='grc' dir='ltr'><strong>ἡδο-</strong></span> 
     </span>
    </p>
   </div>
   <div class='ocr_carea' id='block_1_108' title="bbox 2182 5187 3743 5265">
    <p class='ocr_par' dir='ltr' id='par_1_108' title="bbox 2182 5187 3743 5265">
     <span class='ocr_line' id='line_1_108' title="bbox 2182 5187 3743 5265; baseline -0.008 -17"><span class='ocrx_word' id='word_1_702' title='bbox 2182 5195 2279 5265; x_wconf 80' lang='grc' dir='ltr'><strong>νῆς</strong></span> <span class='ocrx_word' id='word_1_703' title='bbox 2308 5192 2623 5263; x_wconf 87' lang='grc' dir='ltr'><strong>δελεάματι,</strong></span> <span class='ocrx_word' id='word_1_704' title='bbox 2657 5190 2752 5243; x_wconf 74' lang='grc' dir='ltr'><strong>καὶ</strong></span> <span class='ocrx_word' id='word_1_705' title='bbox 2786 5189 2866 5259; x_wconf 77' lang='grc' dir='ltr'><strong>τῷ</strong></span> <span class='ocrx_word' id='word_1_706' title='bbox 2882 5189 2979 5259; x_wconf 77' lang='grc' dir='ltr'><strong>τῆς</strong></span> <span class='ocrx_word' id='word_1_707' title='bbox 3004 5188 3199 5257; x_wconf 73' lang='grc' dir='ltr'><strong>ὀδύνης</strong></span> <span class='ocrx_word' id='word_1_708' title='bbox 3226 5189 3400 5260; x_wconf 78' lang='grc' dir='ltr'><strong>φόϐῳ,</strong></span> <span class='ocrx_word' id='word_1_709' title='bbox 3427 5188 3570 5242; x_wconf 72' lang='grc' dir='ltr'><strong>ὥστε</strong></span> <span class='ocrx_word' id='word_1_710' title='bbox 3603 5187 3743 5253; x_wconf 65' lang='lat' dir='ltr'><strong>noxi;-</strong></span> 
     </span>
    </p>
   </div>
   <div class='ocr_carea' id='block_1_109' title="bbox 2186 5278 3741 5356">
    <p class='ocr_par' dir='ltr' id='par_1_109' title="bbox 2186 5278 3741 5356">
     <span class='ocr_line' id='line_1_109' title="bbox 2186 5278 3741 5356; baseline -0.007 -15"><span class='ocrx_word' id='word_1_711' title='bbox 2186 5287 2277 5342; x_wconf 84' lang='grc' dir='ltr'><strong>σαί</strong></span> <span class='ocrx_word' id='word_1_712' title='bbox 2318 5304 2400 5340; x_wconf 87' lang='grc' dir='ltr'><strong>σοι</strong></span> <span class='ocrx_word' id='word_1_713' title='bbox 2428 5285 2598 5356; x_wconf 80' lang='grc' dir='ltr'><strong>αὐτὴν</strong></span> <span class='ocrx_word' id='word_1_714' title='bbox 2627 5284 2922 5353; x_wconf 80' lang='grc' dir='ltr'><strong>ἀκουστὴν,</strong></span> <span class='ocrx_word' id='word_1_715' title='bbox 2961 5281 3041 5353; x_wconf 75' lang='grc' dir='ltr'><strong>μὴ</strong></span> <span class='ocrx_word' id='word_1_716' title='bbox 3057 5281 3191 5352; x_wconf 83' lang='grc' dir='ltr'><strong>γένῃ</strong></span> <span class='ocrx_word' id='word_1_717' title='bbox 3209 5281 3386 5353; x_wconf 83' lang='grc' dir='ltr'><strong>τούτῳ</strong></span> <span class='ocrx_word' id='word_1_718' title='bbox 3406 5278 3741 5345; x_wconf 74' lang='grc' dir='ltr'><strong>καταπειθὴς.</strong></span> 
     </span>
    </p>
   </div>
   <div class='ocr_carea' id='block_1_110' title="bbox 2181 5367 3746 5450">
    <p class='ocr_par' dir='ltr' id='par_1_110' title="bbox 2181 5367 3746 5450">
     <span class='ocr_line' id='line_1_110' title="bbox 2181 5367 3746 5450; baseline -0.01 -18"><span class='ocrx_word' id='word_1_719' title='bbox 2181 5379 2396 5450; x_wconf 67' lang='grc' dir='ltr'><strong>τρυφᾷν</strong></span> <span class='ocrx_word' id='word_1_720' title='bbox 2426 5373 2807 5443; x_wconf 79' lang='grc' dir='ltr'><strong>ὑποτιθεμένῳ</strong></span> <span class='ocrx_word' id='word_1_721' title='bbox 2845 5388 2951 5437; x_wconf 88' lang='grc' dir='ltr'><strong>σοι,</strong></span> <span class='ocrx_word' id='word_1_722' title='bbox 3003 5372 3092 5425; x_wconf 80' lang='grc' dir='ltr'><strong>διὰ</strong></span> <span class='ocrx_word' id='word_1_723' title='bbox 3121 5372 3183 5424; x_wconf 86' lang='grc' dir='ltr'><strong>τὺ</strong></span> <span class='ocrx_word' id='word_1_724' title='bbox 3212 5372 3530 5441; x_wconf 78' lang='grc' dir='ltr'><strong>εὐφραίνειν</strong></span> <span class='ocrx_word' id='word_1_725' title='bbox 3571 5370 3658 5422; x_wconf 80' lang='grc' dir='ltr'><strong>καὶ</strong></span> <span class='ocrx_word' id='word_1_726' title='bbox 3680 5367 3746 5417; x_wconf 86' lang='grc' dir='ltr'><strong>λι-</strong></span> 
     </span>
    </p>
   </div>
   <div class='ocr_carea' id='block_1_111' title="bbox 2184 5458 3745 5537">
    <p class='ocr_par' dir='ltr' id='par_1_111' title="bbox 2184 5458 3745 5537">
     <span class='ocr_line' id='line_1_111' title="bbox 2184 5458 3745 5537; baseline -0.009 -15"><span class='ocrx_word' id='word_1_727' title='bbox 2184 5458 2400 5523; x_wconf 77' lang='grc' dir='ltr'><strong>παίνειν</strong></span> <span class='ocrx_word' id='word_1_728' title='bbox 2435 5466 2536 5537; x_wconf 80' lang='grc' dir='ltr'><strong>τὴν</strong></span> <span class='ocrx_word' id='word_1_729' title='bbox 2566 5466 2743 5536; x_wconf 83' lang='grc' dir='ltr'><strong>σάρκα</strong></span> <span class='ocrx_word' id='word_1_730' title='bbox 2767 5482 2780 5496; x_wconf 77' lang='grc' dir='ltr'><strong>ο</strong></span> <span class='ocrx_word' id='word_1_731' title='bbox 2837 5465 2917 5528; x_wconf 83' lang='grc' dir='ltr'><strong>ὡς</strong></span> <span class='ocrx_word' id='word_1_732' title='bbox 2981 5463 3057 5535; x_wconf 81' lang='grc' dir='ltr'><strong>μὴ</strong></span> <span class='ocrx_word' id='word_1_733' title='bbox 3118 5460 3260 5517; x_wconf 83' lang='grc' dir='ltr'><strong>εἶναι</strong></span> <span class='ocrx_word' id='word_1_734' title='bbox 3294 5464 3456 5533; x_wconf 79' lang='grc' dir='ltr'><strong>δῆθεν</strong></span> <span class='ocrx_word' id='word_1_735' title='bbox 3500 5461 3661 5530; x_wconf 75' lang='grc' dir='ltr'><strong>αὐτὴν</strong></span> <span class='ocrx_word' id='word_1_736' title='bbox 3690 5459 3745 5527; x_wconf 78' lang='grc' dir='ltr'><strong>τῇ</strong></span> 
     </span>
    </p>
   </div>
   <div class='ocr_carea' id='block_1_112' title="bbox 2184 5550 3747 5632">
    <p class='ocr_par' dir='ltr' id='par_1_112' title="bbox 2184 5550 3747 5632">
     <span class='ocr_line' id='line_1_112' title="bbox 2184 5550 3747 5632; baseline -0.008 -19"><span class='ocrx_word' id='word_1_737' title='bbox 2184 5561 2361 5632; x_wconf 70' lang='grc' dir='ltr'><strong>φθορᾷ</strong></span> <span class='ocrx_word' id='word_1_738' title='bbox 2396 5561 2490 5613; x_wconf 75' lang='grc' dir='ltr'><strong>καὶ</strong></span> <span class='ocrx_word' id='word_1_739' title='bbox 2519 5561 2585 5629; x_wconf 76' lang='grc' dir='ltr'><strong>τῇ</strong></span> <span class='ocrx_word' id='word_1_740' title='bbox 2615 5556 2737 5610; x_wconf 87' lang='grc' dir='ltr'><strong>κατ’</strong></span> <span class='ocrx_word' id='word_1_741' title='bbox 2768 5556 2938 5626; x_wconf 83' lang='grc' dir='ltr'><strong>αὐτὴν</strong></span> <span class='ocrx_word' id='word_1_742' title='bbox 2968 5555 3132 5628; x_wconf 80' lang='grc' dir='ltr'><strong>ὀδύνῃ</strong></span> <span class='ocrx_word' id='word_1_743' title='bbox 3157 5556 3572 5627; x_wconf 76' lang='grc' dir='ltr'><strong>εὐεπιχείρητον</strong></span> <span class='ocrx_word' id='word_1_744' title='bbox 3591 5570 3605 5585; x_wconf 76' lang='grc' dir='ltr'><strong>ο</strong></span> <span class='ocrx_word' id='word_1_745' title='bbox 3627 5550 3747 5604; x_wconf 78' lang='grc' dir='ltr'><strong>ἑπτά</strong></span> 
     </span>
    </p>
   </div>
   <div class='ocr_carea' id='block_1_113' title="bbox 2183 5642 3748 5724">
    <p class='ocr_par' dir='ltr' id='par_1_113' title="bbox 2183 5642 3748 5724">
     <span class='ocr_line' id='line_1_113' title="bbox 2183 5642 3748 5724; baseline -0.009 -15"><span class='ocrx_word' id='word_1_746' title='bbox 2183 5655 2292 5724; x_wconf 88' lang='grc' dir='ltr'>γάρ</span> <span class='ocrx_word' id='word_1_747' title='bbox 2320 5655 2459 5705; x_wconf 73' lang='grc' dir='ltr'><strong>εἰσιν</strong></span> <span class='ocrx_word' id='word_1_748' title='bbox 2479 5652 2535 5705; x_wconf 79' lang='grc' dir='ltr'><strong>αἱ</strong></span> <span class='ocrx_word' id='word_1_749' title='bbox 2562 5651 2649 5705; x_wconf 65' lang='grc' dir='ltr'><strong>διὰ</strong></span> <span class='ocrx_word' id='word_1_750' title='bbox 2671 5650 2775 5721; x_wconf 85' lang='grc' dir='ltr'><strong>τῆς</strong></span> <span class='ocrx_word' id='word_1_751' title='bbox 2812 5650 3263 5720; x_wconf 85' lang='grc' dir='ltr'><strong>γαστριμαργίας</strong></span> <span class='ocrx_word' id='word_1_752' title='bbox 3288 5652 3425 5703; x_wconf 77' lang='grc' dir='ltr'><strong>κατά</strong></span> <span class='ocrx_word' id='word_1_753' title='bbox 3444 5647 3638 5706; x_wconf 80' lang='grc' dir='ltr'><strong>παντὸς</strong></span> <span class='ocrx_word' id='word_1_754' title='bbox 3667 5642 3748 5696; x_wconf 72' lang='grc' dir='ltr'><strong>τοῦ</strong></span> 
     </span>
    </p>
   </div>
   <div class='ocr_carea' id='block_1_114' title="bbox 2186 5735 3748 5813">
    <p class='ocr_par' dir='ltr' id='par_1_114' title="bbox 2186 5735 3748 5813">
     <span class='ocr_line' id='line_1_114' title="bbox 2186 5735 3748 5813; baseline -0.001 -16"><span class='ocrx_word' id='word_1_755' title='bbox 2186 5744 2521 5813; x_wconf 80' lang='grc' dir='ltr'><strong>φιλοσάρκου</strong></span> <span class='ocrx_word' id='word_1_756' title='bbox 2584 5744 2954 5813; x_wconf 83' lang='grc' dir='ltr'><strong>πονηρόταται</strong></span> <span class='ocrx_word' id='word_1_757' title='bbox 3011 5740 3206 5793; x_wconf 83' lang='grc' dir='ltr'><strong>τούτου</strong></span> <span class='ocrx_word' id='word_1_758' title='bbox 3257 5740 3574 5795; x_wconf 70' lang='grc' dir='ltr'><strong>ἐπιϐουλαίο</strong></span> <span class='ocrx_word' id='word_1_759' title='bbox 3604 5740 3636 5807; x_wconf 74' lang='grc' dir='ltr'><strong>ἡ</strong></span> <span class='ocrx_word' id='word_1_760' title='bbox 3666 5735 3748 5803; x_wconf 74' lang='grc' dir='ltr'><strong>τῆς</strong></span> 
     </span>
    </p>
   </div>
   <div class='ocr_carea' id='block_1_115' title="bbox 2189 5831 3745 5905">
    <p class='ocr_par' dir='ltr' id='par_1_115' title="bbox 2189 5831 3745 5905">
     <span class='ocr_line' id='line_1_115' title="bbox 2189 5831 3745 5905; baseline -0.004 -18"><span class='ocrx_word' id='word_1_761' title='bbox 2189 5833 2464 5905; x_wconf 65' lang='grc' dir='ltr'><strong>πορνείας,</strong></span> <span class='ocrx_word' id='word_1_762' title='bbox 2508 5835 2541 5904; x_wconf 79' lang='grc' dir='ltr'><strong>ἡ</strong></span> <span class='ocrx_word' id='word_1_763' title='bbox 2573 5834 2670 5903; x_wconf 76' lang='grc' dir='ltr'><strong>τῆς</strong></span> <span class='ocrx_word' id='word_1_764' title='bbox 2702 5832 2902 5903; x_wconf 84' lang='grc' dir='ltr'><strong>λύπης,</strong></span> <span class='ocrx_word' id='word_1_765' title='bbox 2927 5833 2959 5901; x_wconf 75' lang='grc' dir='ltr'><strong>ἡ</strong></span> <span class='ocrx_word' id='word_1_766' title='bbox 2984 5831 3080 5903; x_wconf 80' lang='grc' dir='ltr'><strong>τῆς</strong></span> <span class='ocrx_word' id='word_1_767' title='bbox 3110 5831 3300 5903; x_wconf 80' lang='grc' dir='ltr'><strong>ὀργῆς,</strong></span> <span class='ocrx_word' id='word_1_768' title='bbox 3332 5834 3363 5904; x_wconf 78' lang='grc' dir='ltr'>ἡ</span> <span class='ocrx_word' id='word_1_769' title='bbox 3392 5832 3492 5904; x_wconf 75' lang='grc' dir='ltr'><strong>τῆς</strong></span> <span class='ocrx_word' id='word_1_770' title='bbox 3517 5831 3745 5900; x_wconf 74' lang='grc' dir='ltr'><strong>άκηόίας,</strong></span> 
     </span>
    </p>
   </div>
  </div>
