3976 6380
232 354 362 419 1:89

1199 354 1739 417 COMMEN’FARII
1786 352 1876 415 ΙΝ
1897 354 2335 417 PROV‘ERBIA
2350 401 2365 415 .

3357 357 3494 427 1590

226 472 259 540 ἡ
290 468 386 538 τῆς
415 464 739 531 κενοδοξίας,
766 467 858 520 καὶ
884 467 915 537 ἡ
941 467 1042 540 τῆς
1081 468 1485 540 ὑπερηφανίας,
1519 465 1607 533 αἷς
1643 484 1802 538 περι-

1936 468 2205 539 ngluviem
2236 469 2331 542 qui
2361 469 2604 541 potuerit
2634 485 2905 538 resecare,
2935 471 3101 526 simul
3124 469 3333 528 auferet
3363 487 3495 543 pas-

229 561 399 620 πεσετ,
425 557 642 623 πάντως
693 559 1133 631 καταδεξάμενος
1183 562 1283 632 τὴν
1357 560 1802 634 γαστριμαργίαν

1936 556 2095 615 χίουοε
2119 561 2242 630 ejus
2273 561 2432 618 tilias.

226 657 300 722 ὡς
328 655 580 726 φίλαυτος
599 671 615 688 ·
644 656 695 708 εί
719 655 775 710 δὲ
801 656 1003 728 ταύτην
1037 657 1271 729 δυνηθῇς
1301 659 1530 725 ἀνελεῖν,
1560 652 1873 715 συνανεῖλες
1906 651 2045 723 αὐτῇ
2079 657 2173 708 καὶ
2202 655 2273 709 τὰ
2304 655 2373 711 δι’
2404 655 2576 729 αὐτὴν
2610 647 3073 726 παρυφιστάμενά
3101 653 3273 726 πάθη.

296 755 410 816 κς’.
458 749 511 802 ’0
550 750 831 819 κρύπτων
888 751 1134 825 ἔχθραν,
1191 755 1529 821 συνίστησι
1583 754 1802 807 δόλον

1986 747 2157 806 Vens.
2188 753 2282 808 26.
2319 751 2422 818 Qui
2447 753 2679 808 occultat
2721 751 3087 814 inimicitiam,
3135 752 3295 805 nectit
3320 749 3496 816 dolos,

233 842 589 896 ἐπικαλύπτει
616 841 686 895 δὲ
712 845 816 909 τὰς
848 843 1068 899 ἑαυτοῦ
1115 846 1431 916 ἁμαρτίας,
1466 848 1809 917 εὕγνωστος

1936 846 2111 901 'evelat
2140 855 2317 901 autem
2345 862 2444 900 sua
2500 854 2717 916 peccata
2755 844 2878 898 bene
2933 852 3090 898 notus
3141 844 3197 896 in
3246 843 3496 897 concilio.

232 936 302 989 ἐν
331 933 645 1003 συνεδρίῳ.
695 932 754 990 Ὀ
812 933 1105 990 καλύπτων
1147 939 1208 991 τὸ
1249 939 1446 992 ἑαυτοῦ
1487 940 1622 1010 πρός
1658 955 1810 1001 τινας

1913 940 2026 1008 Qui.
2047 954 2206 996 suum
2234 938 2424 1017 odium
2449 954 2577 1008 erga
2620 937 2910 995 inimicum
2942 937 3189 992 occultat
3216 944 3375 1005 parat
3406 936 3497 990 iu-
3533 990 3539 1011 ξ

232 1028 406 1096 μίσος,
437 1026 560 1079 κατ’
588 1026 769 1081 αὐτῶν
832 1026 1161 1093 συσκευάζει
1204 1030 1499 1101 ἐπιϐουλήν
1520 1048 1534 1063 ·
1589 1031 1683 1089 καὶ
1716 1029 1812 1082 κέ-

1936 1030 2085 1085 ιίάίιιε
2107 1030 2381 1087 adversus
2398 1028 2794 1097 eum,ideoque
2814 1027 3127 1089 abscondit,
3152 1041 3220 1080 ne
3248 1026 3499 1082 detectus

228 1133 485 1183 κρυπται,
509 1117 599 1170 ἵνα
632 1118 707 1187 μὴ
731 1118 1062 1191 ἀπρακτήσῃ
1106 1120 1499 1188 διαγνωσθείς·
1537 1119 1812 1174 ἀνακαλύ-

229 1225 350 1261 πτει
394 1208 449 1262 δὲ
489 1208 574 1274 ,τά
632 1211 826 1264 ἑαυτοῦ
877 1212 1304 1283 παραπτώματα
1346 1215 1374 1267 6
1416 1215 1475 1266 ἐν
1504 1212 1813 1269 συκελεύσει

229 1300 495 1371 διαφόρων
529 1301 739 1371 ἀνδρῶν
789 1302 1192 1371 εὐδιάγνωστος
1219 1322 1233 1336 ·
1292 1305 1369 1367 ὡς
1405 1303 1481 1374 μὴ
1509 1304 1814 1373 δυνάμενος

231 1393 436 1455 πάντας
468 1391 797 1463 ἀπελέγχειν
822 1394 1085 1464 ψεύστας,
1118 1397 1211 1451 καὶ
1250 1396 1566 1462 συσκιάζειν
1592 1396 1660 1449 τὰ
1688 1393 1813 1449 τού-

229 1502 340 1548 τοις
374 1484 677 1554 κατάδηλα.

298 1574 400 1641 κξξ
442 1575 509 1629 '0
543 1578 828 1645 ὀρύσσων
863 1579 1094 1647 βόθρον
1148 1579 1228 1646 τῷ
1291 1583 1578 1648 πλησίον,
1638 1581 1818 1649 ἐμπε-

230 1669 416 1724 σεῖται
440 1670 530 1735 εἰς
557 1672 747 1724 αὐτόν
775 1687 789 1703 ο
824 1674 857 1724 ὁ
884 1669 952 1723 δὲ
984 1671 1211 1724 κυλίων
1241 1673 1437 1737 λίθον,
1488 1672 1578 1741 ἐφ’
1625 1668 1818 1735 ἑαυτῷ

231 1759 487 1812 κυλίσει.
528 1760 587 1811 ὐ
649 1758 856 1828 βλάϐην
923 1757 1193 1830 λαθραίαν
1245 1760 1479 1814 ἐπινοῶν
1540 1763 1683 1813 κατά
1722 1758 1817 1812 τοῦ

230 1848 528 1916 ὁμοπίστου
577 1847 747 1918 αὐτῷ,
782 1849 945 1911 αὐτὸς
989 1850 1072 1912 εὶς
1119 1848 1323 1921 ταύτην
1357 1852 1621 1922 ἐμπίπτει
1675 1849 1819 1904 κατᾶ

228 1939 403 2007 ψυχήν
422 1954 438 1968 ⁸
468 1941 496 1991 6
533 1937 592 1991 δὲ
660 1940 903 2009 φανεράν
933 1939 1140 2010 βλάϐην
1185 1941 1410 2009 ἐπάγων
1439 1941 1609 2009 αὐτῷ,
1637 1940 1819 2011 ἐαυτῷ

1918 1123 2055 1178 nihil
2091 1122 2367 1193 proﬁciat.
2400 1120 2492 1179 llle
2522 1126 2717 1190 autem.
2737 1134 2839 1175 sua
2898 1127 3125 1189 peccata
3174 1119 3495 1181 conﬁtetur,
3530 1118 3535 1124 '

1920 1212 2011 1281 qui
2042 1211 2187 1271 intra
2218 1211 2465 1265 virorum
2495 1209 2793 1263 illustrium
2828 1208 3131 1264 concilium
3158 1209 3368 1278 optime
3398 1221 3498 1261 no-

1920 1313 2147 1378 tusest,
2181 1303 2310 1373 quia
2346 1318 2542 1358 omnes
2568 1302 2635 1357 de
2673 1301 2960 1357 mendacio
2988 1317 3247 1372 arguere,
3297 1302 3390 1366 ,vel
3414 1302 3497 1357 eis

1920 1395 2043 1452 luce
2072 1393 2312 1450 clariora
2347 1394 2607 1449 obvelare
2632 1393 2977 1465 impossibile
3006 1401 3110 1448 est.

1989 1576 2157 1631 Vens.
2222 1574 2314 1628 ‘27.
2348 1571 2454 1640 Qui
2505 1549 2647 1642 fodit
2675 1572 2881 1643 foveam
2904 1575 3169 1643 proximo,
3211 1573 3403 1629 incidet
3447 1574 3501 1628 in

1919 1668 2188 1737 eam;qui
2216 1675 2392 1721 autent
2431 1665 2585 1721 volvit
2616 1664 2870 1734 lapidem,
2918 1682 3076 1734 super
3137 1665 3367 1734 seipsum
3398 1666 3508 1719 aol-

1921 1761 2015 1815 vit.
2046 1758 2105 1814 Si
2144 1758 2294 1829 quod
2344 1757 2547 1812 vulnus
2587 1756 2750 1811 fratri
2780 1762 2875 1811 tuo
2937 1756 3267 1823 cogitaveris
3319 1754 3507 1811 furtim

1922 1854 2148 1919 inferre,
2178 1853 2284 1907 hoc
2309 1853 2364 1905 iu
2396 1859 2547 1905 tuam
2582 1849 2760 1917 ipsius
2794 1849 3035 1903 animam
3067 1846 3322 1914 decidet;
3358 1847 3506 1914 quod

1924 1949 1969 2004 si
2006 1948 2185 2015 palam
2221 1943 2530 2015 paraveris,
2586 1940 2719 1996 illud
2774 1950 2867 1996 tua
2913 1941 3098 2020 anima
3148 1939 3511 1994 nihilominus

230 2029 432 2098 ταύτην
465 2031 560 2083 καὶ
600 2032 629 2083 6
658 2030 900 2095 τοιοῦτος
958 2032 1153 2100 ἐπάγει
1195 2034 1335 2087 κατά
1376 2035 1592 2105 ψυχήν·
1634 2032 1816 2097 καθὼς

1936 2039 2184 2110 patietur.
2221 2035 2341 2105 Quo
2368 2034 2515 2091 enim
2537 2032 2698 2087 modo
2720 2046 2852 2103 erga
2876 2032 3184 2102 proximum
3213 2032 3510 2098 sentimus,

232 2120 336 2190 γὰρ
391 2120 461 2174 ἂν
518 2120 676 2176 αὐτοὶ
709 2124 839 2197 περὶ
891 2122 984 2176 τὸν
1019 2125 1250 2196 πλησίον
1278 2125 1642 2196 διατεθῶμεν,
1672 2126 1817 2180 οὕτω

231 2215 321 2267 καὶ
366 2214 500 2286 περὶ
540 2216 692 2285 ἡμᾶς
739 2216 1119 2287 διατεθήσεται
1171 2221 1200 2272 6
1248 2220 1476 2293 Κύριος,
1530 2220 1817 2285 ἀποδιδοὺς

232 2301 445 2373 ἑκάστῳ
470 2302 614 2355 κατά
641 2302 708 2355 τὰ
732 2302 872 2374 ἔργα
903 2300 1195 2369 αὑτοῦ,οἷα
1227 2307 1422 2378 κριτὴς
1451 2308 1812 2373 δικαιότατος.

300 2399 404 2461 κη’.
433 2393 705 2449 Γλῶσσα
763 2396 999 2465 ψευδὴς
1031 2398 1207 2467 μισεῖ
1258 2400 1550 2468 ἀλήθειαν
1577 2419 1591 2433 ·
1623 2403 1819 2470 στόμα

227 2482 295 2537 δὲ
348 2483 613 2566 deferor
668 2487 831 2540 ποιεῖ
883 2490 1355 2556 ἀκαταστασίας.
1426 2492 1483 2544 Ὀ
1539 2490 1610 2545 τὰ
1680 2492 1817 2562 πρὸς

230 2575 386 2647 χάριν
415 2577 619 2639 λαλῶν,
651 2579 747 2632 καὶ
773 2577 843 2631 τὰ
879 2580 1018 2650 πρὸς
1049 2580 1210 2650 χάριν
1240 2580 1460 2634 ἀκούειν
1486 2580 1815 2646 ἀσπάζεται,

228 2671 284 2721 ὲν
310 2663 392 2732 οἷς
424 2669 597 2734 αὐτὸς
620 2668 1010 2741 θεραπεύεται,
1038 2671 1253 2735 τούτοις
1284 2673 1378 2727 καὶ
1419 2673 1613 2738 ἄλλους
1653 2675 1817 2745 θερα-

233 2759 409 2812 πεύειν
453 2761 747 2831 ἐπιχειρῶν
772 2779 787 2792 ο
813 2762 1115 2817 κάντεῦθεν
1148 2765 1242 2817 καὶ
1262 2764 1445 2834 λέγειν
1484 2767 1581 2819 καὶ
1603 2767 1821 2821 ἀκούειν

230 2851 324 2922 τὴν
368 2851 636 2923 ἀλήθειαν
674 2856 1084 2925 ἀποστρέφεται
1107 2873 1119 2887 ’
1154 2859 1182 2910 6
1211 2858 1268 2910 δὲ
1304 2861 1361 2911 ἐν
1407 2858 1586 2927 λόγοις
1619 2860 1693 2930 μὴ
1726 2861 1821 2929 ἐγ-

233 2945 655 3015 κρατευόμενος,
697 2946 833 3000 ἀλλά
887 2947 1259 3018 φθεγγόμενος
1298 2952 1727 3024 ἀπερισκέπτως
1754 2954 1824 3008 τὰ

231 3037 355 3098 τοὺς
393 3036 697 3101 ἀκούοντας
759 3037 1027 3093 δάκνοντα
1074 3041 1445 3112 ἣδιαχέοντα,
1491 3044 1697 3113 ἀπάγει
1729 3044 1823 3100 τοῦ

234 3126 634 3199 καθεστηκότος
666 3129 872 3185 τούτων
907 3131 1118 3203 ψυχὰς,
1157 3134 1235 3197 είς
1268 3135 1446 3207 λύπην
1507 3136 1819 3207 ἀλόγιστον,

234 3219 267 3294 ἢ
299 3223 489 3301 ὁμοίαν
516 3223 692 3294 χαρὰν
722 3224 1072 3295 περιτρέπων
1102 3226 1285 3291 αὐτάς.

796 3376 800 3381 .
822 3336 1078 3392 ΚΕΦΔΛ.
1110 3338 1239 3394 ΚΖ’.

304 3445 373 3500 α’.
408 3444 511 3514 Μὴ
534 3447 740 3516 καυχῶ
766 3448 839 3504 τὰ
885 3452 973 3516 εις
1024 3450 1238 3519 αὔριον
1258 3467 1271 3481 °
1315 3459 1387 3508 οὺ
1432 3456 1544 3524 γὰρ
1575 3452 1743 3524 οἶδας
1768 3457 1825 3511 τί

239 3535 463 3603 τέξεται
486 3540 524 3608 ἠ
555 3539 837 3595 ἐπιοῦσα.
874 3542 967 3614 Μὴ
1005 3543 1150 3597 κατά
1181 3543 1280 3615 μὲν
1310 3546 1372 3599 τὸ
1405 3546 1621 3611 ἐνεστδς
1663 3547 1824 3619 θεράο

236 3645 367 3682 πευε
405 3631 505 3684 τὸν
538 3631 835 3687 ἀπατεῶνα
881 3633 991 3688 τῶν
1021 3634 1209 3706 ψυχῶν
1245 3636 1499 3708 δαίμονα,
1535 3641 1650 3709 τοῖς
1699 3636 1823 3692 καθ’

238 3718 427 3791 ήδονὴν
480 3720 682 3775 πάθεσι
706 3739 719 3753 ·
767 3725 891 3787 ταῖς
919 3723 976 3779 δὲ
1011 3727 1153 3781 κατά
1196 3726 1296 3798 τὴν
1335 3726 1523 3799 αὔριον
1565 3728 1823 3799 ματαίαις

231 3807 469 3873 ἐλπίσιν,
504 3809 761 3880 ἐγκαυχῶ
795 3812 891 3881 τὴν
923 3813 1274 3885 δικαιοσύνην
1311 3817 1682 3887 ἐργάσασθαι·
1729 3820 1825 3873 καὶ

231 3898 375 3953 οὕτω
432 3902 505 3954 τὰ
558 3903 679 3956 κατ’
735 3902 974 3974 ἔλλειψιν
1018 3906 1118 3976 τῆς
1164 3908 1367 3980 ἀρετῆς
1393 3908 1486 3961 καὶ
1517 3909 1824 3981 ὑπερϐολὴν

232 3992 594 4064 ἀντικείμενα
669 3993 851 4066 πάθη,
904 3997 1159 4069 ἀλλήλοις
1233 3999 1573 4073 συμφύρων,
1644 4002 1825 4074 ἐαυτῷ

234 4081 400 4154 κίρνα
435 4084 769 4158 δηλητήριον
831 4088 1147 4160 φάρμακον,
1179 4092 1276 4145 καὶ
1312 4093 1409 4163 τῆς
1443 4094 1501 4146 ἐν
1546 4094 1822 4165 πνεύματι

232 4174 380 4246 ζωῆς
428 4179 818 4247 ἀναιρετικόνο
869 4181 1093 4250 ἀγνοεῖς
1145 4183 1256 4255 γὰρ
1289 4182 1343 4237 τί
1371 4201 1453 4238 σοι
1502 4188 1822 4257 συναντήσει

230 4266 374 4318 κατά
399 4267 501 4336 τὴν
525 4265 717 4337 αὔριον
742 4285 756 4298 ·
789 4267 871 4322 διὸ
907 4268 986 4341 τῷ
1023 4270 1239 4338 λέγοντι
1291 4271 1432 4344 Θεῷ,
1459 4273 1542 4328 ὅτι
1582 4276 1822 4347 σήμερον

227 4357 325 4411 ἐὰν
349 4358 452 4427 τῆς
482 4360 667 4429 φωνῆς
724 4377 825 4430 μου
857 4361 1131 4433 ἀκούσητε
1156 4362 1238 4416 δεῖ
1275 4363 1579 4432 πείθεσθαι,
1622 4348 1717 4421 καὶ
1747 4366 1822 4439 μὴ

227 4449 308 4510 εἰς
365 4450 468 4520 τὴν
522 4448 714 4521 αὔριον
754 4452 1188 4509 ἀναϐάλλεσθαιο
1228 4447 1298 4526 ἦς
1347 4456 1446 4527 οὐχ
1494 4457 1821 4530 ὑπάρχομεν

225 4556 436 4612 κύριοι.

298 4627 367 4699 β’.
411 4630 846 4701 Ἐγκωμιαζέτω
882 4639 916 4692 ό
948 4639 1162 4705 πέλας,
1199 4644 1297 4696 καὶ
1318 4642 1497 4713 μὴτὸ
1531 4642 1648 4698 σὸν
1679 4631 1820 4698 στόὲ
1912 4690 1919 4695 .

1923 2147 1989 2188 eo
2019 2130 2285 2186 Dominus
2316 2127 2484 2183 sentit
2517 2126 2583 2180 de
2623 2125 2803 2193 nobis,
2837 2125 2933 2195 qui
2995 2121 3176 2180 reddit
3207 2122 3513 2191 unicuique

1925 2221 2230 2281 secundum
2262 2234 2429 2291 opera
2465 2217 2607 2288 ejus,
2628 2214 3197 2286 iustissimusjudex,

1997 2404 2161 2459 Vsus.
2184 2400 2281 2456 '28.
2308 2400 2513 2471 Lingua
2542 2396 2772 2453 mendax
2830 2382 2946 2449 odit
2972 2374 3266 2459 rentat‘cm,
3314 2410 3371 2447 os
3417 2409 3518 2449 att-

1932 2508 2029 2554 tem
2063 2515 2165 2554 non
2198 2508 2394 2551 tectum
2421 2494 2553 2563 facit
2599 2492 2811 2545 ruinas.
2850 2488 2954 2554 Qui
2999 2487 3246 2557 loquitur
3296 2486 3518 2557 placen-

1930 2595 2025 2658 tia,
2058 2590 2330 2663 placentia
2363 2592 2517 2657 Optat
2577 2584 2803 2648 audire;
2844 2582 3048 2652 quibus
3082 2580 3411 2642 delectatur,
3449 2579 3516 2634 iis

1928 2695 1981 2743 ct
2005 2674 2143 2740 alios
2178 2682 2294 2738 vult
2325 2679 2615 2743 delectari,
2641 2684 2696 2732 et
2734 2676 2856 2731 ideo
2891 2689 3016 2729 vera
3037 2674 3226 2729 dicere
3256 2673 3518 2728 etaudire

1929 2779 2154 2835 desinit.
2193 2776 2248 2829 Si
2280 2774 2406 2845 quis
2439 2772 2681 2841 linguam
2719 2784 2827 2822 non
2866 2766 3109 2828 cohibet,
3157 2764 3252 2822 scd
3282 2782 3343 2820 ea
3376 2763 3516 2819 dicit

1932 2878 2138 2924 temere
2160 2863 2364 2935 quibus
2395 2859 2679 2915 auditores
2745 2858 3111 2911 mordcautur
3142 2854 3222 2907 vel
3257 2852 3516 2911 mollian-

1932 2966 2042 3022 tur,
2075 2956 2272 3009 liorum
2297 2950 2513 3006 animos
2535 2963 2566 3003 e
2595 2945 2760 3002 solito
2819 2945 2873 2999 in
2919 2943 3275 2999 immodicum
3314 2956 3520 2998 uter-

1929 3066 2045 3108 rem
2081 3044 2430 3109 transmittit,
2452 3042 2533 3098 vel
2559 3041 2613 3097 in
2642 3038 2819 3094 simile
2846 3036 3106 3109 gaudium
3136 3034 3376 3091 inducis.

2541 3325 2694 3383 CAP.
2726 3321 2947 3379 XXVII.

2004 3448 2171 3504 Vens.
2205 3446 2259 3500 1.
2298 3441 2382 3497 Νε
2409 3438 2654 3512 glorieris
2697 3437 2753 3491 in
2804 3434 2960 3488 rebus
2978 3431 3288 3503 trutinis;
3349 3429 3520 3483 nescis

1931 3543 2069 3599 enim
2101 3537 2228 3611 quid
2269 3536 2441 3606 pariet
2465 3530 2833 3601 superueniens
2859 3526 2994 3580 dies.
3035 3522 3095 3578 In
3127 3535 3372 3592 praesens
3402 3518 3517 3574 nuli

1931 3634 2148 3693 servire
2187 3627 2411 3685 diabolo
2446 3623 2540 3695 qui
2572 3621 2711 3676 fallit
2739 3617 2980 3682 animas,
3033 3613 3257 3670 deditus
3312 3611 3524 3681 passio-

1932 3728 2094 3784 nibus
2117 3720 2441 3793 voluptatis.
2468 3718 2527 3772 In
2550 3712 2857 3771 crastinum
2909 3723 3040 3764 vero
3061 3747 3076 3773 ,
3105 3714 3300 3762 contra
3345 3716 3523 3759 vanas

1932 3835 2061 3891 spes
2086 3813 2474 3888 jactatejuste
2494 3817 2889 3880 operaturum;
2927 3810 2982 3858 et
3016 3803 3092 3857 ita
3124 3798 3376 3891 pensatis
3393 3811 3518 3891 qum

1930 3888 2209 3975 minuunt,
2234 3921 2357 3979 quae
2382 3907 2683 3973 exagerant
2718 3897 3000 3958 virtutem,
3036 3890 3418 3964 passiouibus,
3440 3888 3519 3942 iiii

1932 4003 2237 4062 remedium
2269 3996 2494 4057 letliale,
2528 3998 2583 4047 et
2604 3991 2731 4046 vitze
2758 3986 3030 4056 inspirata
3076 3980 3388 4038 evcrsivum
3421 3993 3523 4049 pa~

1932 4096 2103 4152 rabis.
2129 4091 2360 4163 Ignoras
2387 4087 2535 4142 enim
2566 4081 2698 4153 quid
2741 4077 2841 4133 tibi
2886 4076 3062 4146 pariet
3092 4073 3211 4128 dies
3265 4083 3517 4126 ventura.

1931 4188 2058 4244 Ideo
2082 4182 2417 4241 credendum
2448 4183 2532 4233 cst
2563 4174 2674 4229 Deo
2707 4169 2951 4227 dicenti:
2989 4186 3007 4219 ι
3043 4163 3219 4220 liodie
3253 4165 3298 4218 si
3328 4175 3521 4217 vocem

1931 4294 2107 4337 meam
2142 4264 2435 4331 audieritis
2470 4269 2515 4337 ',
2558 4285 2576 4319 ι
2614 4281 2714 4321 nec
2764 4263 2820 4317 in
2874 4258 3182 4315 crastinum
3234 4254 3520 4311 remitten-

1930 4373 2083 4439 dum,
2123 4370 2286 4440 cujus
2308 4370 2556 4437 potestas
2587 4356 2739 4431 apud
2765 4370 2868 4411 nos
2891 4359 3136 4411 nonest.

2002 4635 2171 4693 Vsus.
2196 4632 2253 4686 2.
2279 4625 2482 4683 Laudat
2508 4634 2557 4678 te
2587 4622 2814 4682 vicinus,
2838 4630 2888 4674 et
2930 4635 3034 4673 non
3075 4632 3134 4671 os
3161 4626 3309 4668 tuum
3332 4611 3517 4678 μαίας

218 4736 339 4791 μα·
383 4722 728 4793 ἀλλότριος,
757 4728 855 4782 καί
906 4729 994 4798 μὴ
1022 4732 1096 4786 τὰ
1116 4704 1207 4788 σὰ
1256 4704 1457 4805 χείλη.
1496 4736 1820 4790 Ἐπαινείτω

1936 4743 2054 4793 nus,
2085 4734 2259 4780 etnon
2293 4719 2443 4775 labia
2479 4725 2597 4770 tua.
2624 4711 2833 4767 Laudet
2866 4718 2920 4766 te
2965 4708 3135 4763 frater
3163 4707 3220 4761 in
3277 4704 3399 4767 (ide.
3462 4711 3521 4758 to

225 4829 289 4867 σε
339 4817 369 4869 6
413 4817 563 4875 κατά
615 4819 800 4880 πίστιν
852 4821 1202 4894 ᾠκειωμένος
1239 4844 1342 4895 σοι,
1371 4827 1819 4898 ἀγαθοεργοῦντα

221 4906 393 4977 ὀρῶν,
436 4908 530 4962 καὶ
558 4908 958 4983 εὐαρεστοῦντα
985 4915 1138 4987 Θεῷο
1176 4920 1272 4973 καὶ
1301 4920 1376 4990 μὴ
1412 4919 1576 4984 αὐτὸς
1605 4920 1819 4987 ἐαυτὸν,

226 4999 372 5068 μέγα
406 5017 462 5054 τι
514 5003 763 5074 οἰόμενος
799 5008 931 5079 περὶ
978 5008 1208 5079 ἐαυτοῦ·
1255 5006 1360 5065 ’καὶ
1414 5011 1748 5075 ἐκθειαζέτω
1797 5014 1826 5066 6

221 5090 561 5162 ἐτερόδοξος,
602 5095 820 5152 ἁκούων
855 5099 987 5171 περὶ
1027 5101 1127 5172 τῆς
1157 5103 1256 5174 σῆς
1298 5103 1529 5175 ἀρετῆς,
1570 5106 1665 5159 καὶ
1687 5104 1821 5159 ταύ-

220 5199 325 5253 την
367 5185 728 5257 αἰδούμενοςο
778 5190 872 5245 καὶ
928 5192 1002 5264 μὴ
1061 5195 1269 5261 ἐκεῖνος
1312 5196 1414 5266 μὲν
1446 5197 1508 5251 τὸ
1554 5198 1650 5251 τοῦ
1680 5196 1820 5251 Θεοῦ

219 5272 401 5345 ὄνομα
432 5276 728 5353 βλασφημῇ
759 5282 849 5337 διά
894 5283 975 5350 σὲ,
1023 5283 1098 5350 ὡς
1139 5290 1241 5358 τῆς
1285 5289 1516 5360 ἀνομίας
1552 5290 1814 5361 ἐργάτην,
1874 5290 1884 5300 ’

219 5364 386 5429 αὐτὸς
408 5365 590 5434 δέτοϊς
613 5372 837 5437 οἰκείοις
853 5373 1233 5450 ἀποσεμνύνῃς
1258 5379 1467 5450 ῥήμασι
1491 5381 1718 5434 σεαυτόν
1737 5398 1750 5411 ·
1772 5382 1820 5435 εί

218 5456 333 5530 γάρ
353 5456 707 5535 δικαιοσύνης
730 5466 914 5537 φέρεις
942 5468 1177 5540 καρπὸν,
1194 5470 1414 5538 δικαίως
1436 5472 1824 5545 ἐσῃ,ἀξιοθαύ-

220 5565 435 5618 μαστος
458 5553 594 5607 πᾶσι
622 5557 736 5620 τοῖς
760 5556 1014 5613 ὁπωσοῦν
1044 5559 1248 5617 τούτου,
1258 5563 1770 5636 μεταλαμϐάνουσιν
1793 5584 1808 5599 ·

1928 4823 2126 4879 videns
2158 4819 2304 4873 bona
2325 4820 2598 4883 agentem,
2639 4815 2694 4861 et
2732 4805 2846 4860 Deo
2913 4803 3394 4875 placentem;non
3454 4803 3514 4851 ti.

1928 4917 2190 4987 teipsum,
2215 4922 2319 4965 nec
2344 4905 2412 4961 de
2441 4911 2495 4959 te
2520 4902 2629 4957 alta
2664 4897 2875 4970 sapias.
2943 4891 3262 4987 Magnilicat
3301 4898 3355 4946 te
3389 4888 3517 4944 inli-

1929 4985 2091 5076 delis,
2128 5016 2278 5062 tuam
2307 5001 2567 5056 virtutem
2594 4993 2848 5057 audiens,
2893 4998 2947 5045 et
2978 4985 3249 5042 reveritus
3275 4999 3289 5037 :
3315 4995 3515 5045 nomen

1929 5103 2024 5158 Dei
2080 5105 2306 5169 propter
2347 5104 2399 5150 te
2429 5092 2621 5160 iniqua
2685 5093 2942 5155 agentem
2985 5095 3097 5136 non
3128 5077 3512 5174 blasphemct;

1926 5164 2168 5264 propriis
2188 5164 2459 5243 laudibus
2491 5176 2945 5236 neinclarescas.
3016 5169 3233 5264 Etenim
3275 5164 3515 5264 teiusti~

1926 5256 2047 5343 tiae-
2082 5278 2395 5339 mercedem
2450 5274 2785 5340 accipiente,
2862 5266 2932 5322 ab
2985 5262 3246 5318 omnibus
3274 5257 3368 5329 qui
3414 5256 3517 5311 ali-

1931 5393 2044 5452 quo
2093 5374 2258 5431 modo
2299 5350 2833 5442 participes'eruut,
2890 5353 3356 5452 laudaberis;‘-t.e-
3384 5363 3516 5451 vero

1931 5439 2219 5528 indonato,
2272 5439 2476 5531 dignus
2538 5455 2722 5513 securi
2786 5460 2841 5508 et
2896 5451 3160 5522 gehennae
3214 5439 3514 5503 videberis,

1932 5565 2057 5619 licet
2083 5558 2230 5614 mille
2259 5552 2434 5609 titulis
2472 5558 2525 5606 te
2560 5547 2898 5604 obumbrare
2921 5542 3164 5598 coneris.

219 5640 270 5693 εί
295 5639 625 5714 δ’ἄκαρπος
645 5641 717 5715 εἶ,
739 5647 888 5715 ἄξιος
921 5649 1218 5725 λογισθήσῃ
1238 5629 1427 5726 ἀξίνης
1452 5629 1511 5710 τε
1539 5659 1634 5710 καὶ
1664 5658 1855 5730 πυρὸς,
1876 5658 1980 5716 κᾶν
2009 5652 2225 5726 μυρίοις
2251 5646 2498 5706 ἐπαίνοις
2526 5640 2750 5697 σεαυτὸν
2779 5634 3094 5701 συσκιάξειν
3133 5629 3443 5703 ἐπιχειρῇς.

304 5777 327 5811 ⁷
364 5776 492 5833 Psal
551 5797 693 5864 τισιν,
730 5784 781 5837 8.
