3976 6478
330 348 497 417 1497

1399 349 1939 413 COMMENTARII
1980 352 2064 414 IN
2104 353 2563 419 PROVERBIA.

3507 330 3644 421 uas

330 467 623 532 ρασμοῖς,
648 463 758 524 τοῖς
794 459 1056 524 ἑκουσίοις
1088 459 1143 513 δὲ
1175 460 1239 531 τῇ
1274 462 1468 530 σαρκί·
1508 462 1601 514 καὶ
1633 462 1743 533 γὰρ
1773 462 1823 515 οἱ
1854 462 1951 534 μὲν

2065 461 2411 521 illecebrosis
2467 464 2643 531 enim,
2677 464 2783 521 etsi
2835 463 3069 536 gaudeat
3121 479 3272 534 caro,
3314 463 3493 520 anima
3529 485 3651 537 qua:

329 551 627 613 ἑκούσιοι,
658 550 815 603 εἶκαὶ
848 548 1261 620 περιποιοῦνται
1288 550 1483 622 ἡδονὴν
1505 553 1572 621 τῇ
1597 553 1780 622 σαρκὶ,
1808 551 1945 606 ἀλλά

327 653 406 707 γε
445 641 488 711 ἡ
525 622 695 711 ψυχὴ,
725 639 803 711 τῷ
831 639 926 693 τοῦ
962 639 1262 713 συνειδότος
1317 641 1411 694 ἐπὶ
1446 640 1656 705 τούτοις
1713 642 1942 714 ἐλέγχῳ,

329 728 448 783 καὶ
487 730 575 802 τῷ
602 730 713 784 τῶν
765 730 1071 799 μελλουσῶν
1121 729 1400 783 κολάσεων
1454 729 1629 800 φόϐῳ,
1670 732 1770 786 ούκ
1812 734 1948 788 ἀνα-

334 822 603 874 παύεται
625 838 636 854 ·
671 823 718 874 οἱ
744 820 788 873 δ’
819 822 1089 897 ἀκούσιοι,
1126 822 1175 874 εἰ
1227 822 1321 874 καὶ
1359 825 1426 893 τῇ
1459 822 1633 876 ἑλπίδι
1687 825 1788 893 τῆς
1836 825 1948 878 τῶν

337 911 676 979 μελλόντων
706 911 928 980 ἀγαθῶν
983 911 1409 983 μισθαποδοσίας
1458 913 1816 984 εὐφραίνουσι
1848 920 1950 987 τὴν

330 1000 568 1071 ψυχὴν,
624 1001 742 1054 ἀλλ’
779 1003 811 1071 ἠ
845 1002 982 1072 σὰρξ
1042 1001 1382 1072 δυσχεραίνει
1426 1004 1520 1055 ὲπὶ
1562 1005 1636 1072 τῷ
1705 1005 1949 1074 ἐπιπόνῳ

332 1093 576 1146 αὑτῶν·
601 1092 891 1163 ἀμφότερα
912 1093 968 1145 δὲ
1006 1092 1073 1145 τά
1104 1091 1329 1146 τοιαῦτα
1353 1092 1467 1162 εἷδη
1498 1092 1608 1145 τῶν
1627 1095 1949 1166 πειρασμῶν

332 1184 624 1255 περιέπει
656 1182 977 1254 κακούργως
1000 1186 1029 1239 6
1058 1174 1298 1254 Πονηρός
1320 1200 1334 1216 ι
1359 1185 1422 1237 τὸ
1454 1183 1553 1253 μὲν
1577 1186 1822 1254 ἐπαίρων
1850 1188 1946 1240 καί

329 1272 678 1345 διερεθίζων
705 1274 806 1344 τὴν
840 1274 1042 1345 ψυχὴν,
1076 1274 1471 1345 μηχανώμενος
1517 1263 1732 1343 ἡδοναῖς
1759 1275 1946 1347 σώμα-

2047 557 2387 612 conscientia
2410 558 2713 625 mordetur,
2744 555 3098 627 futuramque
3118 571 3334 628 pwnam
3365 556 3651 629 formidat,

2049 645 2277 701 minime
2327 648 2602 716 quiescit;
2656 662 2720 702 ex
2757 648 2974 704 odiosis
3010 656 3216 712 autem,
3266 647 3393 701 licet
3441 647 3653 702 lauetur
3752 640 3755 647 ’

2051 752 2206 793 mens
2236 754 2359 806 qua!
2403 747 2590 809 sperat
2628 739 2772 795 bona
2821 738 3008 793 futura
3059 739 3114 793 in
3160 739 3443 807 prtemium
3490 739 3653 793 retri-

2053 827 2295 889 buenda,
2328 842 2458 882 caro
2499 839 2809 882 murmurat
2845 835 3069 897 propter
3122 828 3391 881 laborem.
3428 824 3652 880 Utram-

2052 933 2160 989 que
2217 919 2412 973 barum
2473 921 2834 975 tentationum
2890 919 3087 974 faciem
3142 918 3402 972 diabolus
3465 925 3652 972 astute

2047 1009 2343 1077 expandit:
2373 1010 2537 1065 modo
2581 1013 2820 1065 animam
2849 1013 3063 1065 extollit
3093 1019 3148 1066 et
3183 1010 3452 1074 incendit,
3497 1026 3652 1065 eam-

2046 1118 2154 1173 que
2209 1104 2529 1158 carnalibus
2584 1104 2972 1174 voluptatibus
3026 1110 3201 1157 tentat
3253 1105 3535 1157 remittere
3582 1101 3651 1155 ab

2045 1194 2243 1248 ardore
2288 1194 2491 1250 divinae
2525 1197 2846 1262 charitatis;
2880 1194 3041 1249 modo
3084 1194 3358 1249 malitiose
3398 1194 3653 1263 queritur

2047 1293 2297 1338 naturam
2335 1285 2525 1342 dolore
2546 1287 2779 1347 conteri,
2814 1285 3123 1355 animaeque
3157 1285 3352 1339 suadet
3380 1292 3440 1338 ut
3474 1282 3646 1337 male-

332 1376 444 1422 τος
476 1360 792 1431 ἀποστῆσαι
822 1362 924 1429 τῆς
961 1362 1112 1426 θείας
1144 1364 1366 1433 ἀγάπης
1392 1363 1492 1434 τὴν
1524 1362 1711 1431 ἔφεσιν
1732 1380 1746 1397 ο
1773 1365 1834 1418 τὸ
1865 1365 1945 1433 δὲ,

2062 1374 2201 1429 dicat
2227 1376 2501 1442 Creatori,
2526 1378 2937 1448 atquc‘devicta
2965 1354 3181 1432 delectu
3208 1376 3413 1431 laboris
3444 1376 3498 1429 in
3531 1389 3649 1430 ser-

336 1459 698 1525 σοφιστικῶς
730 1450 1134 1529 ἐξαιτούμενος,
1164 1458 1239 1521 ὡς
1261 1457 1330 1511 δι’
1357 1458 1551 1529 ὀδύνης
1592 1457 1812 1529 φθεῖραι
1847 1460 1947 1531 τὴν

2062 1466 2281 1523 vitutem
2311 1469 2615 1539 redigatur.

337 1556 528 1621 φύσιν
581 1559 906 1629 βουλόμενος
948 1559 1048 1612 ηἴνα
1088 1558 1344 1629 βιάσηται
1374 1558 1470 1630 τὴν
1505 1558 1705 1629 ψυχὴν,
1747 1559 1937 1629 ἀτονία
2003 1562 2185 1617 πόνων
2236 1566 2697 1637 καταϐληθεῖσαν,
2737 1566 2876 1637 πρθις
2928 1566 3025 1637 τὴν
3055 1564 3149 1620 τοῦ
3192 1565 3493 1625 Κτίσαντος
3529 1561 3648 1614 δια·

336 1646 528 1719 ϐολὴν
560 1654 781 1713 κινῆσαι
806 1655 947 1717 τοὺς
960 1652 1275 1722 λογισμούς.

420 1744 520 1808 ιζ’.
547 1744 801 1812 Σίδηρος
840 1744 1094 1810 σίδηρον
1131 1742 1337 1808 ὀξύνει
1361 1756 1375 1771 ·
1419 1740 1575 1811 ἀνὴρ
1598 1741 1667 1796 δὲ
1686 1743 1947 1811 παροξύ-

2120 1744 2286 1803 Vens.
2323 1747 2408 1802 l7.
2454 1746 2680 1799 Ferrum
2707 1745 2850 1800 acuit
2877 1746 3103 1815 ferrum,
3129 1745 3204 1800 vis
3236 1753 3413 1800 autent
3438 1750 3653 1802 exaruit

335 1853 440 1889 νει
469 1836 807 1903 πρόσωπον
845 1835 1074 1903 ἑτέρου.
1124 1836 1337 1905 Σιδήρῳ
1387 1834 1487 1904 μὲν
1510 1834 1868 1905 χαλκευτικόν
1896 1852 1952 1891 τι

2062 1840 2249 1909 {aciem
2285 1840 2466 1893 amici.
2502 1837 2730 1893 Ferrum
2776 1854 2989 1893 aeneum
3021 1838 3091 1892 ab
3123 1837 3337 1893 artiﬁce
3369 1839 3515 1893 ferro
3548 1840 3653 1896 tri-

340 1929 610 1999 σιῖήριον
641 1927 1116 2000 παρατριϐόμενον
1170 1927 1459 1998 τεχνικῶς,
1510 1927 1699 1981 τοῦτον
1730 1927 1910 1993 όξύνει
1935 1945 1950 1961 ο

337 2020 507 2091 ψυχὴ
536 2020 592 2073 δὲ
616 2019 863 2090 ἀνδρεία,
895 2019 991 2072 καὶ
1031 2018 1170 2089 πρὸς
1219 2017 1419 2082 πόνους
1454 2017 1756 2081 άνὲνδοτος,
1780 2020 1954 2090 αὐτὴν

336 2114 453 2183 τὴν
514 2111 776 2181 συνεργὸν
831 2111 969 2181 αὐτῇ
1021 2111 1202 2181 σάρκα
1244 2110 1367 2163 κατ’
1410 2110 1754 2181 ἐπιστήμονα
1794 2108 1953 2178 λόγον

337 2203 727 2269 λεπτύνουσα,
754 2202 1014 2274 διεγείρει
1034 2202 1174 2274 πρὸς
1196 2202 1421 2274 ἀρετήν.

422 2299 525 2365 ιη’.
557 2296 664 2360 ’ος
683 2294 971 2362 φυτεύσαι
998 2290 1225 2358 συκῆν,
1257 2290 1508 2361 φάγεται
1530 2290 1673 2359 τοὺς
1686 2291 1955 2361 καρποὺς

340 2388 471 2440 αὐτ
481 2384 558 2454 ῆς
580 2399 595 2415 ⁶
624 2385 692 2452 ὃς
707 2385 778 2439 δὲ
798 2384 1107 2454 φυλάσσει
1128 2383 1235 2438 τὸν
1255 2383 1475 2438 ἑαυτοῦ
1504 2383 1726 2450 Κύριον
1748 2422 1763 2447 ,
1786 2399 1955 2450 τιμη-

344 2472 634 2539 θήσεται.
677 2473 736 2525 '0
773 2471 866 2525 τὸν
891 2472 1035 2525 θεῖον
1062 2471 1221 2541 λόγον
1249 2470 1646 2540 καταφυτεύων
1675 2474 1740 2543 τῇ
1771 2472 1954 2525 πίστει

346 2565 412 2617 ἐν
447 2566 521 2635 τῇ
545 2564 692 2635 ψυχῇ
725 2563 915 2628 αὑτοῦ,
947 2563 1106 2635 δίκην
1144 2566 1318 2635 συκῆς
1362 2566 1596 2636 φέροντα
1629 2566 1843 2637 καρπὸν
1876 2566 1956 2638 τῷ

348 2652 517 2723 φόϐῳ
560 2653 670 2707 τῶν
700 2653 961 2720 ἀπειλῶν,
992 2654 1219 2727 ὕστερον
1272 2656 1331 2709 δὲ
1380 2657 1747 2726 γλυκαίνοντα
1794 2658 1955 2728 δίκην

350 2743 606 2814 μέλιτος,
636 2747 702 2816 τῇ
734 2744 912 2798 ἑλπίδι
948 2746 1057 2800 τῶν
1078 2746 1445 2814 ἐπαγγελιῶν,
1496 2747 1800 2803 ἀπολαύσει
1827 2748 1954 2802 τού-

348 2852 452 2891 του
485 2836 597 2902 ἔξω
642 2837 846 2907 σαρκὸς
882 2837 1025 2891 κατά
1078 2840 1277 2909 πρᾶξιν
1308 2840 1608 2908 γενόμενος
1633 2857 1647 2872 ο
1676 2842 1955 2912 γευσάμε-

349 2928 448 2991 νός
472 2944 537 2981 τε
562 2929 658 2981 καὶ
691 2928 878 2999 μαθὼν
899 2931 963 2983 ὲκ
991 2930 1090 2999 τῆς
1145 2931 1344 3002 πείρας
1373 2931 1566 3001 αὐτῆς,
1599 2934 1682 2987 ετι
1716 2935 1957 3006 χρηστδς

349 3022 381 3074 6
416 3019 652 3092 Ktipto;°
676 3022 705 3073 6
727 3021 784 3075 δὲ
816 3021 1004 3093 τηρῶν
1032 3021 1123 3076 τὸν
1160 3022 1327 3076 αὐτοῦ
1364 3023 1609 3094 ἡγεμόνα
1676 3025 1802 3078 νοῦν
1846 3026 1955 3080 ἀπὸ

2055 1938 2212 1993 tum,
2267 1927 2398 1982 illud
2449 1929 2597 1983 acuit
2641 1944 2655 1980 :
2701 1929 2786 1984 sic
2839 1928 3051 1982 amicus
3101 1927 3276 1982 virilis
3329 1928 3655 1998 patiensque

2055 2023 2262 2078 laboris
2285 2038 2487 2094 corpus
2512 2039 2635 2076 cum
2662 2038 2774 2092 quo
2803 2022 3021 2076 laborat
3055 2023 3404 2079 macilentius
3433 2024 3656 2095 sapien-

2055 2120 2140 2169 ter
2175 2113 2374 2178 reddit,
2408 2113 2714 2183 virtutique
2746 2112 2952 2182 aptius.

2128 2287 2292 2344 Vl-zns.
2318 2288 2404 2344 18.
2431 2289 2538 2355 Qui
2564 2289 2774 2359 plantat
2804 2290 2987 2359 ﬁcum,
3013 2279 3243 2343 comedet
3269 2288 3479 2358 fructus
3498 2290 3652 2357 ejus;

2052 2379 2144 2451 qui
2180 2388 2355 2434 autem
2385 2381 2616 2434 custodit
2651 2378 2939 2434 Dominum
2972 2394 3147 2445 suum,
3182 2378 3648 2448 honori/imbitur.

2056 2470 2113 2527 Si
2139 2472 2188 2526 vi
2221 2472 2345 2527 ﬁdei
2367 2473 2421 2526 in
2446 2473 2626 2526 anima
2654 2479 2745 2524 tua
2766 2472 3067 2526 inserueris
3091 2470 3316 2524 verbum
3342 2466 3461 2531 Dei,
3481 2467 3649 2533 quod,

2057 2563 2203 2619 sicut
2253 2564 2415 2629 licus,
2444 2562 2657 2618 fructus
2683 2545 2973 2634 producet,
3021 2569 3241 2632 propter
3289 2559 3649 2615 formidinem

2057 2656 2357 2723 minarum,
2409 2665 2464 2711 et
2507 2655 2705 2711 deinde
2736 2664 2957 2725 propter
2998 2669 3150 2724 spem
3190 2652 3460 2708 mercedis
3506 2653 3654 2707 sicut

2059 2748 2164 2802 mel
2191 2747 2594 2810 dulcescet,liis
2624 2745 2900 2801 fructibus
2931 2746 3182 2799 eleva'us
3220 2760 3386 2814 supra
3422 2758 3647 2798 carnem

2057 2838 2112 2891 in
2149 2838 2380 2906 agendo,
2425 2851 2473 2893 et
2513 2838 2766 2908 gustabis
2799 2846 3058 2904 expertus
3092 2836 3210 2905 ipse
3245 2834 3505 2906 quoniam
3554 2835 3652 2888 bo-

2060 2943 2164 2982 nus
2195 2928 2484 2983 Dominus.
2514 2929 2570 2983 Si
2596 2930 2719 2999 quis
2758 2928 3005 2993 animum
3033 2944 3064 2982 a
3093 2914 3203 2998 quo
3235 2927 3444 2997 regitur
3469 2940 3654 2981 serva-

2038 3020 2198 3075 verit
2232 3020 2466 3077 illaesum
2499 3036 2526 3075 a
2573 3038 2754 3076 rerum
2787 3021 3122 3078 exteriorum
3155 3019 3513 3089 deceptione,
3560 3017 3653 3072 ille

347 3112 460 3182 τῆς
523 3113 636 3167 τῶν
690 3113 1034 3184 φαινομένων
1076 3114 1286 3184 πλάνης
1314 3114 1790 3181 ἀνεπιϐούλευτον,
1849 3117 1953 3183 ἔξω

2062 3115 2519 3185 contemplatione
2573 3122 2729 3171 extra
2788 3113 3061 3169 mundum
3103 3127 3460 3183 progressus,
3501 3117 3556 3165 et
3595 3110 3651 3163 in

349 3198 575 3270 κόσμου
603 3201 755 3279 κατὰ,
782 3200 1017 3271 θεωρίαν
1068 3201 1381 3272 γενόμενος,
1417 3204 1512 3258 καὶ
1539 3205 1596 3256 ὲν
1635 3203 1754 3274 Θεῷ
1791 3223 1955 3261 κατα-

351 3286 603 3356 παύσας,
626 3287 1021 3361 δοξασθήσεται
1055 3292 1113 3343 ὲν
1138 3289 1218 3362 τῷ
1236 3291 1470 3363 ὀφθῆναι
1490 3292 1642 3365 αὐτῷ
1660 3292 1760 3364 τὴν
1790 3294 1954 3360 δόξαν

349 3378 555 3436 αὐτοῦ.

374 3524 385 3533 ,
435 3470 527 3529 t0'.
559 3472 789 3541 Ὠσπερ
828 3474 941 3543 οὐχ
1001 3473 1175 3543 ὅμοια
1229 3475 1525 3544 πρόσωπα
1562 3479 1951 3548 ⁴εγτροσιίιπξοις,

351 3562 556 3627 οὕτως
583 3561 726 3617 οὐδὲ
756 3564 816 3615 αἱ
845 3561 1081 3632 καρδίαι
1133 3564 1255 3618 τῶν
1290 3565 1643 3634 ἀνθρώπων.
1679 3569 1954 3642 Καθάπερ

353 3652 616 3725 διάφοροι
642 3652 752 3706 τῶν
780 3652 1094 3723 προσώπων
1118 3656 1167 3708 oi
1193 3656 1567 3727 χαρακτῆρες,
1599 3658 1952 3715 διαλλάττον-

353 3760 452 3807 τες
512 3744 659 3797 κατά
705 3743 773 3797 τὰ
811 3742 1097 3815 ἀχώριστα
1156 3746 1570 3818 συμϐεϐηκότα,
1601 3750 1661 3802 τό
1691 3766 1753 3803 τε
1794 3751 1952 3819 σιμὸν

354 3835 458 3890 καὶ
490 3835 554 3889 τὸ
595 3836 830 3905 γρυπὸν,
881 3836 942 3889 τὸ
996 3836 1191 3890 λευκὸν
1239 3839 1335 3892 καὶ
1376 3840 1439 3893 τὸ
1476 3840 1666 3910 μέλαν,
1734 3844 1829 3897 καὶ
1884 3843 1955 3898 τὰ

352 3927 549 3997 ὅμοια,
595 3925 741 3980 οὕτω
788 3927 1168 3983 διαλλάττουσι
1200 3931 1298 3984 καὶ
1317 3932 1373 3984 αἱ
1396 3931 1505 3985 τῶν
1541 3931 1732 4003 ψυχῶν
1772 3934 1954 3989 διαθέ-

356 4036 481 4084 σεις
522 4019 666 4074 κατά
698 4020 795 4083 τὰς
824 4019 1118 4092 διαφόρους
1167 4022 1565 4093 «pompa-ctua;
1612 4024 1813 4096 ἀρετὰς
1859 4026 1954 4080 καὶ

355 4108 593 4173 κακίας.
1328 4166 1355 4192 υ

430 4205 507 4253 κ’.
544 4198 732 4269 ’ᾼδης
749 4199 848 4253 καὶ
871 4199 1139 4255 ἀπώλεια
1164 4203 1278 4257 οὐκ
1304 4202 1734 4273 ἐμπίπλανταιο
1754 4208 1952 4263 ὡσαύ-

356 4313 480 4363 τως
515 4297 615 4351 καὶ
644 4299 701 4351 οι
731 4297 1030 4367 ὀφθαλμοὶ
1083 4295 1203 4352 τῶν
1243 4299 1576 4368 ἀνθρώπων
1624 4302 1949 4371 ἄπληστοι.

360 4387 636 4456 Καθάπερ
660 4388 690 4439 6
716 4385 816 4450 τὰς
859 4386 1039 4457 ψυχὰς
1095 4387 1237 4458 μετά
1266 4389 1367 4461 τὴν
1397 4392 1507 4444 ἀπὸ
1537 4393 1646 4446 τῶν
1679 4393 1952 4462 σωμάτων

2059 3207 2169 3263 Deo
2191 3209 2503 3278 quiescens,
2532 3208 2763 3280 gloriam
2787 3222 2817 3262 e
2846 3205 3219 3277 contemplata
3239 3204 3413 3276 gloria
3435 3201 3652 3259 Domini

2058 3301 2306 3372 recipiet.

2126 3475 2297 3531 Vens.
2324 3475 2408 3531 l9.
2448 3475 2601 3532 Sicut
2627 3491 2730 3529 non
2763 3474 2964 3529 similes
2985 3473 3150 3544 facies
3176 3470 3438 3541 faciebas,
3462 3470 3541 3524 ita
3562 3486 3655 3524 ne-

2054 3586 2152 3640 que
2165 3571 2511 3640 cogitationes
2526 3567 2824 3621 hominum.
2844 3565 3318 3633 Quemadmodum
3338 3562 3473 3616 varii
3494 3562 3653 3616 dill'e-

2058 3668 2188 3713 runt
2244 3659 2334 3713 alii
2376 3660 2447 3713 ab
2481 3658 2607 3715 aliis
2639 3658 2890 3713 vultuum
2930 3653 3304 3719 characteres,
3341 3652 3651 3709 secundum

2055 3750 2362 3806 accidentia
2416 3750 2651 3816 inllnita,
2706 3758 2823 3804 tum
2867 3750 3071 3806 simum
3121 3762 3345 3811 nasum,
3402 3756 3518 3801 tum
3555 3746 3654 3802 ad-

2056 3855 2289 3907 uncum;
2322 3840 2407 3895 sic
2454 3839 2570 3894 sive
2620 3838 2828 3905 album,
2853 3841 2970 3893 sive
3022 3838 3237 3911 nigrum
3298 3836 3561 3899 colorem,
3596 3845 3653 3890 ct

2055 3941 2251 3987 caetera
2277 3970 2293 3996 ,
2325 3938 2457 3986 sunt
2508 3928 2811 3985 dissimiles
2859 3928 3171 3983 animarum
3212 3927 3608 3998 dispositiones
3633 3966 3648 3993 ,

2055 4032 2220 4095 prout
2257 4024 2352 4078 alii
2388 4025 2671 4089 virtutem,
2709 4021 2802 4076 alii
2835 4021 3028 4076 vitium
3058 4020 3362 4092 elegerunt.
3400 4042 3405 4047 τ

2125 4204 2290 4260 Vens.
2317 4204 2408 4261 20.
2440 4201 2693 4274 Infernus
2724 4212 2772 4256 et
2802 4202 3028 4273 perditio
3052 4217 3321 4271 nunquam
3344 4199 3649 4269 implentur,

2054 4296 2134 4350 sic
2168 4305 2219 4350 et
2255 4295 2396 4350 oculi
2442 4296 2717 4350 hominum
2779 4292 3137 4348 insatiabiles.

2056 4385 2152 4456 qui
2183 4393 2340 4440 vorat
2384 4385 2597 4439 animas
2642 4398 2674 4438 a
2713 4398 2946 4454 corpore
2983 4383 3218 4446 solutas,
3272 4383 3356 4437 vel
3396 4382 3651 4440 diabolus

359 4475 643 4542 διάζευξιν
669 4474 1065 4547 ὑποδεχόμενος
1093 4475 1252 4547 ᾅδης,
1280 4478 1377 4532 καὶ
1406 4479 1435 4532 6
1469 4481 1674 4546 ταύτας
1704 4482 1953 4547 ἀπατῶν,

2063 4477 2157 4546 qui
2194 4476 2319 4531 illas
2358 4473 2495 4529 fallit
2545 4473 2833 4545 Deumque
2882 4473 3202 4542 dereliquit,
3245 4488 3527 4542 nunquam
3566 4488 3655 4526 sa-

362 4569 458 4622 καὶ
482 4567 621 4621 Θεοῦ
674 4567 903 4633 ὲξιστῶν
945 4568 1179 4639 δαίμων,
1223 4571 1326 4625 κᾶν
1352 4571 1561 4636 πάντας
1588 4573 1952 4640 καταπίωσιν,

361 4661 426 4713 ού
451 4661 800 4730 κορέεινυνται
824 4676 838 4690 ·
866 4660 1007 4714 κατά
1035 4660 1126 4715 τὸν
1151 4662 1316 4717 αὐτὸν
1344 4664 1548 4735 τρόπον
1573 4666 1673 4719 καὶ
1707 4667 1764 4719 αἱ
1802 4668 1956 4721 ὀπτι-

365 4748 462 4802 καὶ
496 4747 605 4827 τῶν
632 4746 941 4818 ἀνθρώπων
974 4748 1256 4821 δυνάμεις,
1288 4750 1390 4805 οὒκ
1415 4752 1792 4823 ἐμπίπλανται
1852 4756 1955 4827 τῆς

362 4842 496 4911 περὶ
520 4826 592 4893 τά
621 4839 922 4916 φαινόμενα
950 4841 1186 4912 ἀπάτηςο
1215 4841 1320 4906 ἕως
1340 4842 1407 4899 ἂν
1427 4844 1637 4900 τούτων
1667 4826 1954 4919 ὑπεριδοῦ-

366 4947 482 4993 σαι,
515 4931 614 4999 τὴν
651 4928 811 4995 δόξαν
844 4930 1088 5001 δψωνται
1116 4931 1212 4985 τοῦ
1254 4931 1420 4988 Geo-3'
1452 4934 1549 4988 τοῦ
1574 4935 1684 5008 γάρ
1720 4939 1954 5008 ἐσχάτου

362 5022 591 5094 όρεκτοῦ
652 5022 899 5093 φυσικῶς
959 5023 1141 5077 πάντα
1187 5024 1434 5093 ἐφίεταιν
1465 5026 1569 5081 κᾶν
1616 5026 1776 5081 τοῦτό
1805 5045 1956 5092 τινες

362 5115 432 5168 δι’
458 5115 678 5185 ἀπάτην
701 5116 1239 5187 παραγνωρίζοντες,
1271 5117 1363 5172 τοῦ
1397 5119 1475 5192 μὴ
1501 5119 1656 5185 ὄντος
1692 5119 1770 5185 ὡς
1799 5121 1953 5188 ὄντος

285 5203 288 5207 ’
363 5205 510 5260 κατά
530 5207 754 5277 γνώμην
785 5208 1127 5277 ἀντέχονται.

435 5297 758 5368 Βδέλυγμα
799 5300 997 5368 Κυρίῳ
1029 5299 1328 5368 στηρίζων
1375 5303 1690 5374 ὀφθαλμόν
1713 5321 1727 5337 ο
1774 5307 1872 5371 καὶ
1902 5308 1958 5362 οἱ

363 5385 735 5452 ἀπαίδευτοι,
762 5388 1041 5456 ἀκρατεῖς
1065 5388 1334 5460 γλώσσῃ.
1385 5394 1507 5447 Οὐκ
1557 5395 1850 5465 εὐάρεστος
1880 5396 1958 5468 τῷ

366 5479 585 5534 πάντων
640 5482 948 5552 κυριεύοντι
975 5481 1095 5552 Θεῷ
1144 5485 1253 5547 πᾶς
1284 5487 1311 5537 6
1340 5484 1401 5565 τὸ
1433 5487 1618 5558 νοερὸν
1665 5487 1821 5558 ὄμμα
1856 5489 1981 5559 τῆς·

336 5567 542 5642 ’ψυχῆς
569 5571 900 5642 ἀπασχολῶν
953 5574 1074 5626 κατ’
1124 5573 1380 5645 αἴσθησιν
1412 5579 1478 5647 τῇ
1504 5579 1803 5650 ἐπιφανείᾳ
1846 5579 1958 5633 τῶν

365 5659 577 5728 ὁρατῶν
602 5677 615 5689 °
643 5663 738 5715 ttat
776 5664 849 5732 μὴ
900 5662 1203 5718 διαϐαίνων
1236 5667 1295 5718 ἐν
1329 5667 1604 5737 πνεύματι
1671 5670 1808 5740 πρὸς
1857 5671 1958 5742 τὴν

981 5780 994 5790 r

364 5751 449 5807 διὰ
480 5757 694 5812 πάντων
726 5759 796 5821 ὡς
836 5760 1114 5825 σιιμίῗῦἲων
1156 5763 1504 5833 ειη-πυοςιένην
1524 5764 1779 5833 ἐλήθεεαν
1804 5781 1817 5792 ·
1853 5765 1944 5817 καὶ

2059 4567 2301 4634 tiantur,
2338 4567 2465 4622 licet
2517 4581 2712 4621 omnes
2756 4566 3184 4640 absorbuerinlr;
3232 4565 3314 4619 sic
3362 4564 3650 4619 hominum

2057 4661 2201 4715 oculi
2254 4676 2361 4716 non
2413 4668 2737 4715 saturantur
2779 4668 3031 4713 errantes
3079 4658 3287 4712 circum
3339 4657 3648 4723 exteriora;

2057 4725 2233 4808 donec
2258 4753 2382 4809 istis
2405 4751 2736 4820 contemptis
2757 4749 3002 4804 divinam
3046 4749 3273 4819 gloriam
3309 4749 3649 4804 intueantur.

2056 4845 2263 4900 Natura
2292 4845 2439 4899 enim
2480 4859 2672 4900 omnes
2702 4841 2770 4897 ad
2799 4842 3048 4897 ultimum
3092 4840 3252 4894 ﬁnem
3289 4840 3541 4906 tendunt,
3565 4839 3650 4893 in-

2060 4938 2234 4993 veniri
2269 4946 2505 5009 possunt
2537 4937 2630 5007 qui
2659 4936 2716 4989 in
2751 4936 2856 4991 hoc
2885 4933 3141 5005 eligendo
3170 4944 3379 5001 errant,
3412 4933 3516 4989 sibi
3547 4933 3651 5004 ipsi

2059 5038 2364 5105 autempro
2393 5028 2542 5084 veris
2578 5029 2716 5083 falsa
2746 5028 3174 5098 amplectuntur.

2132 5295 2484 5351 Abominatio
2530 5292 2759 5348 Domino
2816 5290 3106 5360 ob/irmans
3157 5289 3371 5344 oculum
3410 5298 3461 5344 et
3505 5289 3650 5344 indi-

2062 5378 2601 5460 sciplinntilinguani
2631 5402 2736 5439 non
2790 5385 3084 5437 continent.
3132 5380 3255 5437 Non
3303 5384 3487 5451 placet
3536 5381 3649 5435 Deo

2061 5483 2309 5538 omnium
2344 5480 2596 5543 Domino,
2652 5477 2744 5544 qui
2796 5476 3139 5546 spiritualem
3175 5474 3376 5530 anima:
3426 5478 3648 5531 oculum

2063 5580 2261 5633 avertit
2293 5575 2359 5630 ad
2406 5590 2497 5630 res
2542 5572 2851 5628 exteriores
2881 5569 3258 5640 aspiciendas,
3307 5584 3410 5626 nec
3448 5570 3646 5625 verita-

2063 5680 2168 5727 tem
2209 5673 2263 5726 in
2305 5670 2455 5724 omni
2481 5675 2758 5732 creatura,
2793 5664 2953 5737 quasi
2989 5664 3044 5719 in
3096 5662 3293 5734 ﬁgura,
3325 5663 3647 5732 impressam

2065 5763 2313 5834 inquirit.
2342 5760 2451 5817 Nec
2487 5762 2703 5833 placent
2749 5758 2838 5815 isti
2873 5757 3152 5829 loquaces,
3188 5754 3275 5825 qui
3308 5754 3490 5809 divina
3525 5757 3649 5812 inde

3196 4292 3349 4348 Sicut
3401 4292 3651 4348 infernus
3694 4334 3701 4340 .
3780 4300 3783 4303 ’
