3976 6468
403 313 540 379 1503

1712 313 2068 376 PROCOPII
2098 316 2342 377 GALEI

3572 315 3708 383 ιεοε

402 432 607 489 tantur,
650 422 729 479 vir
770 431 945 477 autem
973 431 1183 477 astutus
1217 423 1517 493 exslinguet
1557 438 1640 477 ea.
1678 423 1815 477 Dum
1850 425 1990 480 votis

2103 424 2249 492 ἀνὴρ
2271 424 2340 478 δὲ
2376 423 2720 493 πανοῦργος
2768 423 3132 479 κατασϐέσει
3183 423 3389 490 αὐτάς.
3451 426 3583 479 Τῶν
3635 428 3709 500 μὴ

399 518 723 586 plerumque
753 512 1020 569 decidunt
1069 514 1163 583 qui
1201 528 1390 571 verum
1422 514 1628 569 bonum
1675 523 1854 570 mente
1887 531 1993 570 non

399 606 722 676 exquirnnt,
746 606 871 661 lites
924 616 1218 660 moventur
1244 607 1387 660 inter
1412 621 1540 669 θος,
1565 607 1700 678 ipsis
1741 609 1845 663 sibi
1885 607 1997 660 cri-

403 697 533 751 mini
588 706 779 751 mutuo
817 696 1078 752 dantibus
1138 696 1416 750 iniu-licem
1444 704 1447 707 '
1475 700 1705 753 exitum.
1768 697 1998 768 Sapiens

401 805 532 845 vero
570 790 693 844 illas
726 791 899 861 perite
930 788 1412 860 praetergreditur,
1447 790 1711 862 ipsasque
1758 790 1994 846 sedabit.

477 966 638 1022 Vens.
660 967 749 1023 3|.
781 966 959 1022 Fortis
993 969 1048 1022 in
1080 968 1439 1035 impietatibus
1466 968 1832 1023 calumniatur
1859 984 1990 1037 pau~

403 1076 571 1129 peras.
629 1058 801 1110 llnmo
844 1060 1053 1127 peritus
1082 1060 1675 1121 oris.tnetnlaciorum,
1715 1060 1795 1113 vel
1835 1074 1994 1113 manu

407 1160 736 1222 prapotens.
772 1150 840 1204 iis
872 1152 961 1218 qui
990 1159 1179 1204 carent
1207 1167 1461 1207 sermone
1482 1160 1534 1207 et
1555 1151 1751 1205 robore
1780 1153 1997 1206 instan-

406 1252 490 1296 ter
521 1250 700 1300 nocet.
746 1240 828 1296 sic
862 1240 1101 1296 Satanas
1141 1241 1301 1296 nobis
1343 1242 1824 1297 consentientibus
1871 1257 2000 1297 acer

404 1334 467 1387 ad
494 1332 824 1393 laedendum,
854 1333 1061 1388 invidet
1087 1335 1406 1390 hominibus
1425 1335 1518 1404 qui
1543 1336 1844 1390 voluntarie
1862 1334 2000 1389 ext-i-

403 1425 543 1480 dunt
575 1440 605 1479 a
650 1425 858 1481 divitiis
924 1428 1172 1482 scientiae
1215 1435 1268 1481 et
1315 1429 1555 1489 virtutis,
1602 1429 1817 1498 ipsique
1861 1433 1999 1484 resi-

403 1526 550 1573 stere
587 1532 695 1572 non
728 1526 988 1589 possunt;
1025 1519 1135 1574 illis
1164 1519 1460 1588 perniciem
1490 1527 1770 1591 postremo
1793 1519 2001 1576 inferre

404 1608 651 1664 molitur.

2097 515 2385 587 τιμώντων
2411 517 2552 570 κατὰ
2574 516 2814 570 διάθεσιν
2851 518 2912 569 τὸ
2941 516 3110 580 ὅντως
3146 514 3352 586 ἀγαθὸν
3380 519 3711 587 άποτυγχαυ

2098 607 2303 662 νόντων
2321 607 2583 671 πολλάκις
2611 605 2724 659 τῶν
2753 607 2939 670 αὐτοῖς
2966 607 3197 676 ἐφετῶν,
3216 607 3483 674 διενέξεις
3502 605 3713 678 μεταξὺ

2098 699 2303 752 τούτων
2329 699 2655 769 ἐγείρονται,
2699 698 2953 768 ἀλλήλοις
2998 700 3429 768 προσαπτόντων
3466 700 3580 763 τὰς
3607 698 3714 753 τῶν

2100 790 2412 861 ἁποτυχιῶν
2462 791 2751 860 ἀφορμάς’
2808 792 2837 844 6
2885 789 2943 843 δὲ
2975 790 3264 859 φρόνιμος,
3316 791 3414 854 τὰς
3450 790 3718 844 ἐντεῦθεν

2100 881 2283 954 ἔριδας
2319 883 2595 957 μετελθὼν
2621 881 2859 949 εὐφυῶς,
2894 880 3242 963 καταπαύσει
3268 881 3468 944 αὑτάς.

2170 980 2241 1042 γ’.
2285 974 2586 1042 Ἀνδρεῖος
2632 975 2703 1028 ἐν
2749 974 3072 1039 ἀσεϐείαις,
3120 974 3512 1044 συκοφαντεῖ
3555 990 3719 1028 arat-

2100 1065 2269 1133 χούς.
2302 1064 2515 1134 Ὥσπερ
2547 1066 2575 1116 6
2602 1063 2819 1135 ἰσχυρὸς
2848 1066 2915 1134 τῇ
2945 1080 3002 1116 τε
3032 1063 3251 1137 γλώττῃ
3283 1065 3375 1118 τοῦ
3415 1059 3721 1135 καταψεύῖ-

2099 1154 2305 1219 δεσθαι,
2341 1156 2437 1207 καὶ
2473 1156 2539 1224 τῇ
2567 1154 2715 1224 χειρὶ
2740 1154 2838 1207 τοῦ
2872 1154 3390 1221 καταδυναστεύειν,
3425 1158 3553 1220 τοῖς
3581 1157 3723 1209 ἀπο⁶

2104 1243 2256 1318 ροῦσι
2278 1246 2370 1298 καὶ
2391 1244 2561 1313 λόγου¹
2577 1244 2669 1297 καὶ
2692 1243 3015 1309 δυναστείας
3034 1246 3460 1317 ὲπηρεαστικῶς
3481 1244 3723 1314 $7.:qu-

2100 1354 2188 1389 ται
2211 1353 2224 1366 ο
2261 1334 2405 1389 οὕτω
2436 1336 2529 1389 καὶ
2554 1337 2582 1389 6
2613 1334 2757 1389 κατὰ
2788 1335 3115 1406 προαίρεσιν
3162 1335 3446 1406 ἡμετέραν
3487 1335 3724 1407 ἰσχυρὸς

2099 1424 2194 1478 τοῦ
2244 1427 2561 1479 κακοποιεῖν
2590 1423 2860 1488 Σατανᾶς,
2894 1428 3006 1489 τοῖς
3064 1425 3208 1480 κατὰ
3261 1425 3503 1496 γνώμην
3543 1426 3722 1478 ἐκπε-

2101 1509 2344 1571 πτωκόσι
2374 1517 2469 1571 τοῦ
2507 1516 2742 1571 πλούτου
2774 1516 2876 1587 τῆς
2903 1516 3164 1585 γνώσεως
3195 1518 3293 1571 καὶ
3325 1518 3428 1588 τῆς
3475 1518 3720 1588 ἀρετῆς,

2100 1606 2396 1662 κάντεῦθεν
2429 1607 2503 1677 μὴ
2530 1607 2853 1676 δυναμένοις
2874 1605 3198 1675 ἀντιστῆναι
3219 1603 3393 1674 αὐτῷ,
3423 1602 3723 1675 φθονερῶς

2101 1701 2426 1764 ἐπιτίθεται,
2450 1699 2636 1752 τέλεον
2664 1696 2934 1752 ἀπολέσαι
2961 1696 3185 1761 τούτους
3210 1695 3545 1768 ἐπιχειρῶν.

478 1784 646 1845 Vens.
674 1788 727 1844 ι.
765 1787 1044 1861 Tanquam
1103 1789 1282 1859 pluvia
1336 1790 1605 1847 vehemens
1650 1801 1699 1846 et
1750 1792 1983 1858 inutilis,

2168 1792 2232 1846 δ’.
2265 1762 2497 1858 ’Ὠσπερ
2536 1789 2712 1856 ὑετὸς
2745 1787 2966 1857 λάϐρος
2992 1788 3095 1843 καὶ
3138 1762 3489 1858 ἀνωφελὴς,
3518 1787 3721 1854 οὕτως

403 1880 480 1936 sic
512 1883 603 1952 qui
618 1880 1034 1946 derelinquentes
1066 1883 1227 1952 legem
1254 1881 1481 1937 laudant
1507 1883 1871 1954 impietatem;
1899 1888 1990 1955 qui

404 1984 579 2026 autem
606 1974 835 2044 diligunt
858 1974 1016 2040 legem
1046 1975 1379 2028 circumdant
1416 1977 1521 2030 sibi
1551 1977 1987 2044 murum.Qualis

324 2082 329 2085 ·
405 2064 582 2118 imber
608 2066 900 2121 vehemens
929 2073 983 2119 et
1015 2066 1457 2136 intempestivus,
1479 2071 1577 2139 qui
1607 2077 1808 2125 terram
1836 2086 1996 2126 ever-

402 2157 489 2215 tit.
524 2163 579 2209 et
609 2154 678 2209 ad
709 2165 1023 2211 extremum
1055 2158 1314 2212 damnum
1348 2158 1515 2214 infert
1543 2162 1822 2231 agricola,
1854 2163 1990 2217 tales

402 2257 531 2301 sunt
570 2247 845 2309 homines,
870 2248 962 2318 qui
1000 2246 1092 2303 Dei
1123 2259 1396 2320 prmeepta
1432 2260 1870 2318 contemnentes,
1892 2269 1992 2307 au-

399 2341 755 2410 ditorumque
785 2342 1000 2397 animos
1041 2343 1107 2395 ad
1133 2344 1436 2412 nequitiam
1475 2345 1834 2413 inclinantes,
1869 2362 1995 2402 cor-

404 2441 669 2504 rumpunt
702 2434 903 2488 bonum
941 2449 1131 2507 semen
1153 2435 1468 2495 aCreatore
1509 2440 1994 2495 naturmltutname

405 2524 694 2587 insertum,
734 2525 1036 2581 laudantes
1066 2542 1233 2596 opera
1291 2529 1344 2583 in
1379 2528 1548 2585 Deum
1584 2530 1851 2599 injuriosa
1882 2548 1989 2587 non

402 2617 737 2671 erubescunt
772 2633 879 2685 ;ex
935 2619 1174 2673 adverso
1216 2620 1354 2675 bene
1404 2623 1707 2679 sentientes
1738 2624 1993 2681 homines

400 2710 469 2765 de
491 2709 576 2764 ltis
596 2711 868 2767 mandatis
897 2710 986 2765 Dei
1013 2712 1262 2769 timorem
1292 2713 1397 2768 sibi
1432 2720 1688 2768 statuunt
1712 2731 1809 2785 pro
1833 2731 1995 2771 muro

400 2819 510 2872 quo
540 2805 609 2857 ab
644 2803 730 2859 his
799 2802 1115 2858 mortiferis
1167 2805 1426 2862 consiliis
1482 2822 1595 2862 sua:
1623 2809 1826 2863 anitme
1860 2824 1992 2880 pro-

400 2906 685 2966 tt‘gttntttl'.

2049 1887 2056 1894 ’
2100 1883 2155 1936 oi
2174 1880 2684 1950 ἐγκαταλιπόντες
2707 1878 2816 1932 τὸν
2832 1879 3045 1947 νόμον,
3065 1876 3557 1949 ἐγκωμιάζουσιν
3576 1878 3720 1933 d06-

2100 1977 2299 2030 ὅειανο
2334 1977 2389 2028 ot
2418 1971 2487 2025 δὲ
2509 1969 2861 2042 ἀγαπῶντες
2888 1971 3000 2025 τὸν
3031 1971 3255 2041 νόμον,
3285 1971 3714 2040 ,περιϐάλλου-

2102 2080 2208 2120 σιν
2244 2063 2480 2129 ἑαυτοῖς
2544 2062 2763 2132 τεῖχος.
2814 2061 3088 2131 Καθάπερ
3131 2050 3352 2133 δμσρος
3398 2062 3714 2131 ῥαγδαῖος,

2104 2157 2317 2229 καὶμὴ
2364 2153 2762 2225 κατὶκαιρὺν
2806 2152 3111 2225 φερόμενος
3160 2152 3255 2207 τὸν
3307 2155 3712 2224 προσήκοντα,

2099 2251 2316 2313 πάντως
2339 2245 2559 2318 παρασύ
2569 2263 2653 2317 ρει
2681 2246 2781 2318 τὴν
2801 2245 2927 2315 γῆν,
2954 2248 3051 2300 καὶ
3074 2245 3412 2317 προσζημιοῑ
3434 2244 3517 2316 τῷ
3539 2263 3716 2314 κεφα-

2100 2342 2240 2413 λαίῳ
2270 2342 2360 2395 τὸν
2393 2340 2647 2411 γεωργόν
2669 2356 2683 2370 ·
2721 2338 2894 2400 οὕτως
2935 2341 2985 2392 ol
3018 2338 3117 2402 τὰς
3149 2339 3299 2405 θείας
3321 2339 3555 2404 ἐντολὰς
3584 2339 3715 2393 ἀθε-

2100 2439 2389 2509 τήσαντες,
2442 2435 2579 2507 πρὸς
2621 2433 2823 2488 κακίαν
2870 2434 2971 2498 τὰς
3015 2434 3257 2504 ψυχικὰς
3285 2432 3572 2498 διαθέσεις
3599 2432 3710 2487 τῶν

2099 2528 2385 2602 ἀκροατῶν
2417 2525 2851 2598 παρασύροντες,
2875 2524 2975 2579 καὶ
3006 2524 3100 2578 τὸν
3129 2525 3280 2596 παρὰ
3301 2522 3396 2577 τοῦ
3422 2527 3711 2594 Δημιουρ-

2099 2622 2198 2693 γοῦ
2226 2620 2510 2676 ἐντεθέντα
2554 2621 2623 2691 τῇ
2672 2619 2835 2689 φύσει
2880 2617 2991 2672 τῶν
3025 2616 3335 2687 ἀνθρώπων
3366 2618 3579 2687 σπόρον
3606 2617 3703 2671 τοῦ

2101 2716 2310 2786 ἀγαθοῦ
2356 2713 2787 2783 διαφθείροντες,
2837 2710 2908 2765 τὰ
2971 2711 3046 2781 μὴ
3099 2710 3347 2773 τιμῶντα
3390 2709 3533 2763 Θεὸν
3565 2706 3706 2780 ἔργα

2102 2805 2409 2871 ἐπαινοῦσι,
2445 2803 2520 2876 μὴ
2546 2802 2955 2873 αἰσχυνόμενοι·
2991 2803 3040 2855 οί
3068 2801 3127 2854 δὲ
3157 2803 3289 2873 περὶ
3313 2802 3418 2864 τὰς
3438 2801 3705 2865 τοιαύτας

2102 2898 2324 2960 ἐντολὰς
2354 2895 2535 2957 καλῶς
2557 2894 2918 2965 διακείμενοι,
2957 2893 3173 2956 ἑαυτοῖς
3213 2891 3308 2947 τὸν
3358 2892 3506 2947 θεῖον
3540 2892 3709 2963 φόϐον

419 2985 766 3055 περιτιθέασι
798 2986 956 3053 δίκην
980 2988 1197 3058 τείχους
1228 2987 1338 3042 ἀπὸ
1366 2989 1476 3044 τῶν
1506 2989 1763 3045 τοιούτων
1788 2990 2133 3062 φθοροποιῶν
2162 2989 2339 3057 λόγων
2372 2988 2470 3052 τὰς
2507 2988 2690 3058 ψυχὰς
2719 2985 2927 3040 τούτων
2955 2983 3451 3057 περιφυλάττονταη.
3558 3042 3566 3057 ι

474 3072 642 3128 Vens.
669 3074 721 3128 5.
762 3073 875 3128 Viri
909 3077 1040 3129 ntali
1062 3094 1165 3130 non
1191 3078 1489 3149 intelligent
1533 3079 1821 3149 judicium,
1841 3097 1958 3151 qui?
1977 3110 1989 3118 -

2167 3087 2230 3136 ε’.
2263 3079 2517 3149 ’Ἄνδρες
2552 3076 2748 3142 κακοὶ,
2789 3078 2862 3133 οὺ
2917 3076 3225 3144 νοήσουσι
3271 3074 3483 3144 κρῖμα’
3542 3077 3601 3129 οἱ
3637 3074 3709 3128 δὲ

399 3175 573 3220 rentes
619 3176 797 3219 autem
829 3164 1115 3220 Dominum
1146 3167 1441 3238 intelligent
1493 3171 1549 3224 in
1598 3172 1742 3224 omni
1785 3187 1860 3225 re.
1887 3169 1993 3234 Qui

400 3272 702 3331 operantur
750 3262 1118 3330 iniquitatem,
1190 3272 1374 3318 mente
1434 3267 1756 3330 carentium,
1804 3277 1995 3338 utpote

402 3360 815 3421 contemptores
842 3352 978 3422 legis
1011 3352 1256 3417 Domini,
1291 3356 1389 3425 qui
1418 3364 1505 3411 est
1539 3358 1630 3412 lux
1665 3360 1991 3414 semitarum

402 3454 739 3508 nostrarum,
782 3447 859 3499 ait
890 3444 1180 3501 Psalmista
1217 3448 1261 3479 ¹⁰
1303 3466 1317 3513 ;
1351 3447 1529 3504 iidem
1571 3451 1803 3506 meliora
1835 3467 1865 3506 a
1897 3468 1994 3522 pe-

396 3538 622 3606 joribus
686 3552 796 3591 non
852 3537 1203 3595 discernunt.
1249 3539 1314 3595 Et
1348 3549 1545 3597 contra
1589 3544 1682 3612 qui
1723 3543 1791 3598 ad
1829 3561 1992 3600 suum

402 3639 716 3691 auctorem,
744 3629 915 3685 Deum
945 3630 1240 3687 Dominum
1273 3634 1550 3700 omnium,
1593 3647 1833 3691 mentem
1863 3638 1995 3692 sim-

404 3718 618 3788 pliciter
644 3732 695 3775 et
733 3719 927 3775 scdulo
961 3720 1228 3792 dirigunt,
1253 3724 1626 3780 illuminatum
1663 3742 1692 3779 a
1729 3725 1857 3783 Sile
1899 3729 1992 3794 ju-

402 3810 570 3865 stitiae
639 3812 844 3866 mentis
893 3816 1116 3868 oculum
1176 3816 1480 3879 habebunt,
1537 3819 1722 3873 omnia
1785 3819 1837 3873 in
1890 3820 1994 3876 hoc

401 3903 605 3959 mundo
656 3920 793 3961 sane
843 3917 1224 3979 cognoscent,
1306 3925 1641 3980 omnemque
1701 3914 1995 3983 acquirent

401 3994 725 4050 scientiam.

475 4084 639 4141 Vens.
678 4084 732 4141 6.
777 4086 975 4143 Melior
996 4100 1077 4145 est
1101 4108 1301 4162 pauper
1346 4094 1529 4151 uidens
1565 4097 1620 4150 in
1655 4098 1882 4152 veritate
1907 4098 1993 4151 di-

403 4178 505 4232 vite
534 4180 799 4260 mendaci.
830 4183 1098 4254 Magister
1134 4186 1227 4255 qui
1259 4204 1366 4241 non
1401 4190 1507 4243 nisi
1545 4191 1779 4245 scicntia
1815 4200 1991 4254 caret,

400 4278 456 4324 et
488 4269 540 4323 in
565 4272 717 4339 praxi
749 4272 892 4324 viam
950 4288 1133 4328 veram
1168 4278 1554 4332 mandatorum
1589 4279 1682 4333 Dei
1721 4282 1995 4350 sequitur.

400 4360 594 4415 melior
616 4370 698 4416 est
727 4361 850 4418 aliis
881 4365 1082 4433 quibus
1110 4378 1309 4436 praesto
1353 4379 1436 4425 est
1466 4386 1663 4440 magna
1698 4370 1994 4438 facundia,

400 4453 665 4523 operibus
690 4455 865 4524 justis
897 4471 1005 4511 non
1041 4459 1393 4517 conﬁrmata.
1421 4461 1522 4529 Qui
1554 4464 1665 4534 agit
1692 4472 1748 4520 et
1774 4465 1993 4520 actibus

397 4544 581 4601 docet.
621 4543 819 4598 beatus
854 4554 942 4600 est
975 4565 989 4600 :
1030 4546 1135 4601 sibi
1167 4551 1360 4609 servit.
1397 4559 1452 4603 et
1508 4566 1603 4607 eos
1655 4552 1745 4621 qui
1800 4553 1995 4607 vident

400 4634 466 4689 ad
501 4636 920 4707 gloriﬁcandum
956 4639 1125 4696 Deum
1172 4642 1422 4698 adducit.
1453 4642 1557 4711 Qui
1604 4635 1796 4701 autem
1857 4646 1993 4701 dicit

398 4735 455 4782 et
497 4744 605 4784 non
652 4727 806 4795 facit,
834 4720 1012 4787 miser
1068 4742 1176 4797 est,
1214 4735 1317 4790 sibi
1378 4746 1563 4801 nonet,
1596 4746 1652 4793 et
1706 4754 1993 4794 sermones

401 4832 536 4874 suos
594 4831 816 4875 actuum
887 4824 1232 4892 oppositione
1291 4825 1473 4880 reddit
1508 4825 1814 4883 inellieaces
1863 4828 1991 4898 quia

401 4910 632 4980 simplex
681 4913 922 4967 scientia
977 4914 1150 4981 inllat,
1184 4916 1261 4971 ait
1301 4934 1535 4990 magnus
1570 4920 1870 4991 Apostolus
1926 4920 1991 4984 ¹¹,

399 5011 454 5058 et
482 5003 723 5061 cltaritas
752 5006 1006 5062 aedificat.

475 5267 702 5325 Vens’.7.
723 5270 970 5327 Custodit
985 5273 1147 5345 legem
1160 5275 1309 5344 [ilius
1333 5275 1669 5345 intelligens;
1697 5278 1787 5349 qui
1818 5290 1991 5334 autem

402 5361 575 5430 pascit
615 5361 907 5432 luxuriam,
942 5367 1233 5422 inltonorat
1257 5379 1465 5437 patrem
1512 5387 1694 5424 suum.
1730 5371 1983 5425 Mandata

405 5446 501 5505 Dei
531 5457 843 5524 servat,qui
868 5458 1127 5528 dignatus
1155 5470 1241 5516 est
1273 5464 1455 5516 vocari
1486 5462 1634 5518 ﬁlius
1668 5461 1762 5516 Dei
1795 5478 1994 5518 secun-

404 5540 537 5596 dum
567 5543 800 5614 gratiam
834 5563 850 5602 :
883 5564 990 5604 non
1023 5550 1187 5606 modo
1241 5551 1402 5608 ﬁdem
1434 5555 1668 5624 accepit,
1703 5555 1797 5610 sed
1830 5557 1992 5611 etiam

482 5726 529 5758 ”
569 5724 717 5781 Psnl.
753 5742 944 5794 «:xvm,
979 5729 1099 5783 l03.
1183 5735 1218 5764 ¹¹
1255 5731 1270 5785 Ι
1306 5732 1433 5786 Cor.
1467 5749 1586 5800 \‘l't,
1617 5733 1664 5787 l.

2094 3171 2413 3239 ζητοῦντες
2441 3169 2551 3223 τὸν
2573 3168 2815 3236 Κύριον,
2848 3166 3242 3235 συνήσουσιν
3279 3166 3352 3219 ἐν
3384 3165 3597 3220 παντί.
3642 3166 3704 3219 Ol

2093 3264 2191 3335 τῆς
2217 3262 2451 3331 ἀνομίας
2485 3261 2737 3333 ἐργάται,
2773 3257 3182 3328 τυφλώττοντες
3205 3257 3351 3311 κατὰ
3382 3257 3591 3328 ψυχὴν,
3618 3252 3706 3311 οἷα

2094 3357 2186 3410 τὸν
2208 3354 2300 3419 τοῦ
2334 3353 2471 3408 Θεοῦ
2527 3354 2696 3424 νόμον
2750 3351 3232 3423 ἀποστρεφόμενοι
3252 3366 3266 3382 ·
3299 3348 3386 3414 ὂς,
3436 3349 3589 3404 κατὰ
3611 3350 3704 3403 τὸν

2042 3456 2045 3457 ⁷
2094 3446 2423 3518 Ψαλμῳδδν,
2465 3444 2581 3515 φῶς
2641 3446 2761 3499 ἐστι
2797 3443 2908 3498 τῶν
2938 3441 3145 3514 τρίϐων
3173 3441 3353 3513 ἡμῶν.
3380 3442 3445 3497 ού
3482 3441 3705 3512 διακρι-

2094 3539 2248 3594 νοῦσι
2277 3540 2338 3592 τὸ
2365 3540 2614 3609 κρεῖττον
2648 3536 2757 3590 ἀπὸ
2790 3534 2886 3590 τοῦ
2914 3534 3163 3606 χείρονος
3187 3550 3200 3565 ·
3249 3533 3300 3586 οἱ
3332 3533 3390 3586 δὲ
3431 3532 3577 3605 πρὸς
3606 3533 3704 3601 τὴν

2098 3632 2238 3686 ἰδίαν
2273 3630 2478 3695 αἰτίαν,
2507 3629 2603 3682 τὸν
2632 3628 2726 3682 τοῦ
2756 3625 2964 3688 παντὸς
2994 3624 3285 3699 Δεσπότην
3313 3623 3475 3686 Θεὸν,
3510 3622 3700 3685 ἁπλῶς

2095 3725 2240 3778 κατὰ
2289 3723 2416 3777 νοῦν
2471 3720 2785 3789 κινούμενοι
2834 3718 2952 3789 μετ’
2980 3716 3246 3785 ὲφὲσεως,
3291 3715 3583 3770 ὑπἀὐτοῦ
3606 3713 3698 3768 τοῦ

2094 3817 2195 3886 τῆς
2222 3812 2571 3884 δικαιοσύνης
2596 3810 2779 3866 Ἡλίου
2800 3811 2861 3864 τὸ
2878 3808 3064 3879 νοερὸν
3085 3808 3243 3879 ὅμμα
3268 3804 3702 3876 καταλαμπόμεαο

2095 3922 2201 3971 νοι,
2225 3907 2334 3959 πᾶν
2353 3908 2412 3958 τὸ
2431 3901 2747 3976 παρατυχὸν
2765 3898 2947 3963 καλῶς
2973 3897 3305 3968 γνώσονται,
3333 3896 3436 3969 τὴν
3467 3897 3699 3952 καθόλου

2097 3996 2426 4070 κεκτημένοι
2464 3995 2761 4065 διάκρισιν.
3316 4030 3325 4034 -

2172 4096 2224 4155 ς’
2233 4131 2246 4146 .
2280 4088 2596 4156 Κρε⁷σσων
2619 4083 2860 4153 πτωχὸς
2887 4083 3297 4153 πορευόμενος
3321 4081 3395 4136 ἐν
3423 4081 3695 4151 ἀληθείᾳ,

2097 4180 2405 4236 πλουσίου
2427 4177 2716 4247 ψευδοῦς.
2756 4177 2817 4230 '0
2845 4178 2943 4246 τῆς
2973 4175 3075 4244 μὲν
3102 4175 3251 4241 κατὰ
3292 4175 3585 4246 προφορὰν
3615 4174 3698 4244 ψι-

2097 4274 2196 4341 λῆς
2224 4273 2480 4342 γνώσεως
2508 4271 2715 4339 ἐνδεὴς,
2747 4258 2890 4322 κατὰ
2920 4266 3126 4338 πρᾶξιν
3155 4265 3233 4330 δὲ,
3279 4266 3393 4319 τῶν
3421 4265 3588 4320 θείων
3618 4268 3696 4319 ὲν-

2097 4364 2269 4418 ἰολῶν
2297 4365 2399 4434 τὴν
2425 4365 2523 4431 τῆς
2567 4360 2831 4431 ἀληθείας
2876 4359 2996 4413 ὁδὸν
3039 4359 3418 4431 διερχόμενος,
3468 4358 3692 4428 βελτίων

2028 4444 2070 4498 ί)
2099 4457 2216 4510 ἐστὶ
2246 4454 2340 4508 τοῦ
2378 4454 2554 4522 λόγων
2605 4452 2824 4523 ἔχοντος
2876 4451 3196 4523 περιουσίαν
3253 4449 3483 4520 πολλὴν,
3536 4450 3610 4520 μὴ
3638 4446 3692 4513 ἐξ

2099 4550 2278 4620 ἔργων
2335 4546 2685 4615 δικαιοσύνης
2749 4544 3191 4617 βεϐαιουμένων·
3268 4543 3463 4614 ὅτιπερ
3521 4543 3551 4595 6
3599 4541 3689 4612 μὲν

2101 4638 2293 4703 ποιῶν,
2319 4639 2415 4690 καὶ
2443 4636 2523 4707 τῷ
2568 4636 2757 4706 τρόπῳ
2809 4634 3103 4698 διδάσκων,
3158 4633 3466 4704 μακάριος·
3492 4632 3568 4695 ὡς
3601 4630 3688 4685 καὶ

2100 4731 2292 4785 ἑαυτὸν
2318 4727 2566 4799 ὠφελῶν,
2614 4728 2712 4781 καὶ⁸
2744 4727 2873 4791 τοὺς.
2896 4726 3144 4798 ὁρῶντας
3168 4712 3384 4794 ὲνᾶγων
3427 4725 3509 4789 εἰς
3539 4724 3687 4789 δόξαν

2100 4822 2264 4877 Θεοῦ·
2297 4824 2324 4877 ὁ
2357 4822 2415 4876 δὲ
2440 4821 2709 4876 διδάσκων
2738 4819 2833 4874 καὶ
2860 4817 2936 4890 μὴ
2958 4818 3159 4881 ποιῶν,
3184 4818 3370 4881 ἄθλιος
3389 4833 3403 4847 °
3438 4816 3685 4887 βλάπτων

2099 4933 2159 4969 τε
2185 4915 2400 4980 ἑαυτὸν,
2435 4915 2532 4968 καὶ
2554 4906 2902 4980 τοὺς,).όγους
2927 4912 3095 4965 αὐτοῦ
3124 4911 3212 4965 διὰ
3243 4912 3343 4982 τῆς
3373 4909 3484 4964 τῶν
3517 4909 3685 4979 ἔργων

2099 5006 2476 5075 ἐναντιότητος
2507 5003 2746 5075 ἀκύρους
2801 5002 3009 5058 ποιῶντ
3055 5003 3089 5073 ἡ
3145 5002 3255 5071 γὰρ
3306 5001 3439 5071 ψιλὴ
3491 4999 3682 5070 γνῶσις

2101 5101 2284 5168 φυσιοῖ
2306 5115 2318 5129 ·
2340 5101 2373 5170 ἠ
2402 5098 2460 5152 δὲ
2486 5099 2674 5169 ἀγάπη
2698 5095 3008 5168 οἰκοδομεῖ,
3034 5095 3176 5150 κατὰ
3196 5095 3288 5148 τὸν
3318 5095 3497 5165 μέγαν
3533 5092 3683 5146 311:6-

2101 5189 2303 5242 στολον.

2174 5282 2238 5345 ζ’.
2272 5278 2584 5335 Φυλάσσει
2615 5279 2806 5347 νόμον
2835 5276 2955 5344 υίὸς
3008 5276 3303 5342 συνετόςο
3337 5276 3407 5340 ὃς
3448 5275 3519 5329 δὲ
3561 5291 3681 5327 ποι-

2095 5375 2293 5442 μαίνει
2315 5373 2601 5432 ἀσωτίαν,
2629 5369 2894 5440 ἀτιμάζει
2921 5369 3174 5449 Πατέρα.
3221 5370 3395 5439 Τηρεῖ
3415 5366 3514 5439 τὴν
3544 5366 3683 5419 θείαν

2100 5466 2321 5535 ἐντολὴν
2371 5466 2400 5518 6
2443 5466 2540 5536 τῆς
2581 5464 2721 5517 κατᾶ
2753 5463 2916 5534 χάριν
2978 5461 3252 5525 υἱοθεσίας
3295 5458 3583 5527 ἀξιωθείς·
3615 5455 3684 5528 μὴ

2101 5560 2438 5629 κεκτημένος
2473 5558 2569 5629 τὴν
2605 5558 2788 5627 πίστιν
2814 5555 3001 5628 ψιλὴν,
3035 5554 3151 5610 ἀλλ’
3192 5554 3376 5626 ἔργοις
3416 5547 3683 5608 δικαιοσύ-
