3976 6432
338 436 479 502 1505

1342 433 1879 499 COMMENTARII
1918 433 2000 495 IN
2041 435 2495 497 PBOVERBIA.

3454 432 3592 496 1506

331 570 433 624 νης
465 551 745 622 προκόψας
771 554 849 617 είς
876 553 937 607 τὸ
966 550 1105 606 κατᾶ
1130 548 1227 614 τὰς
1250 548 1486 620 ψυχικὰς
1507 549 1764 620 δυνάμεις
1793 565 1920 602 συν-

2033 547 2464 619 operibusjustis
2486 554 2713 605 conatur
2734 554 2794 603 ιιι
2818 548 3015 603 animae
3033 547 3291 617 potentiae
3318 560 3445 602 cum
3475 561 3602 602 ser-

326 646 505 701 νεύειν
524 661 583 697 τε
619 646 714 700 καὶ
761 643 1190 698 συνδιατίθεσθαι
1230 641 1370 713 πρὸς
1398 643 1525 706 τοὺς
1565 642 1765 710 λόγους
1814 643 1909 696 καὶ

327 738 454 798 τοὺς
484 737 717 806 τρόπους
746 735 856 789 τῶν
888 734 1150 790 ἐντολῶν·
1186 734 1244 798 ὃς
1278 734 1334 786 δὲ
1359 732 1613 805 περιέπει
1647 733 1747 801 τὴν
1781 735 1914 786 ἐαυ-

328 827 423 879 τοῦ
454 828 595 880 κατά
616 826 1014 897 διεφθαρμένον
1053 825 1167 895 βίον
1194 823 1493 888 ἀπώλειαν,
1522 827 1603 887 εἰς
1641 823 1800 894 ὕϐριν
1823 823 1913 893 γί-

328 936 479 974 νεται
507 920 602 972 τοῦ
624 922 689 972 ὲκ
719 919 970 993 μὴδντος
1000 920 1078 981 εἰς
1100 918 1161 971 τὸ
1181 912 1320 970 εἶναι
1346 917 1535 971 τοῦτον
1559 930 1633 969 πα
1645 917 1914 987 ραγαγόν-

327 1027 418 1075 τος
451 1010 588 1064 Θεοῦ
609 1025 623 1039 ·
656 1010 708 1064 οι
736 1013 844 1081 γὰρ
877 1012 934 1062 ὲν
962 1009 1130 1081 πείρᾳ
1157 1009 1264 1079 τῆς
1304 1008 1471 1064 αὺτοῦ
1511 1008 1712 1070 κακίας
1754 1008 1913 1077 γενό-

334 1115 508 1169 μενοι,
542 1099 609 1153 δι’
645 1101 819 1171 αὐτὴν
846 1099 938 1153 τὸν
976 1100 1168 1153 τούτου
1217 1098 1465 1170 πλάστην
1509 1095 1915 1168 ἀναγκάζονται

330 1190 693 1261 βλασφημεῖν.

402 1286 473 1353 η’.
527 1281 592 1335 '0
611 1282 938 1350 πληθύνων
971 1282 1080 1337 τὸν
1111 1281 1383 1351 πλοῦτον
1429 1280 1619 1337 αὐτοῦ
1638 1279 1788 1351 μετὰ
1822 1281 1920 1336 τό·

327 1388 453 1426 κων
475 1372 573 1426 καί
610 1371 1035 1442 πλεονασμῶν,
1058 1372 1141 1439 τῷ
1165 1374 1437 1429 ἐλεοῦντι
1467 1372 1741 1441 πτωχοὺς
1762 1388 1917 1426 συν-

326 1462 458 1529 άγει
479 1462 688 1516 αὐτόν.
719 1462 776 1516 '0
807 1462 1054 1530 αὐξάνων
1084 1464 1177 1517 τὸν
1209 1464 1348 1518 κατά
1370 1465 1573 1532 γνῶσιν
1595 1464 1690 1517 καὶ
1713 1461 1917 1535 ἀρετὴν

328 1552 699 1621 πνευματικὸν
728 1551 959 1607 πλοῦτον
976 1552 1165 1616 αὐτοῦ,
1192 1554 1250 1607 ὲν
1270 1553 1348 1624 τῷ
1368 1553 1767 1616 διδασκαλικῶς
1789 1553 1917 1606 τούσ

324 1659 425 1695 του
462 1643 805 1712 μεταδιδόναι
831 1647 942 1707 τοῖς
974 1642 1264 1715 χρῄζουσι,
1298 1644 1393 1697 καὶ
1424 1643 1793 1715 καρπίζεσθαι
1819 1643 1918 1713 τὴν

326 1733 441 1787 ἀπὸ
466 1734 673 1789 τούτων
725 1733 1015 1804 ὠφέλειαν,
1073 1734 1370 1790 κάντεῦθεν
1421 1733 1918 1800 πολλαπλασιάζειν

2030 639 2285 696 monibus
2312 647 2366 694 et
2401 640 2648 695 moribus
2682 655 2710 695 a
2744 638 2973 693 Domino
3005 637 3344 709 praescriptis
3370 652 3605 692 concor-

2017 730 2148 785 dent
2173 731 2726 787 eteunveniant.lste
2759 745 2941 786 autem
2987 735 3078 802 qui
3135 734 3261 785 vita
3291 729 3605 800 corruptela

2017 823 2118 876 sibi
2139 822 2417 876 interitum
2442 832 2732 894 praeparat,
2757 840 2923 879 causa
2948 835 3024 880 est
3068 839 3169 878 cur
3197 821 3608 892 blasphcmetur

2018 911 2184 978 Deus,
2224 928 2254 966 a
2285 930 2394 983 quo
2425 931 2455 968 e
2490 916 2662 968 nihilo
2692 926 2908 969 creatus
2953 914 3073 968 fuit.
3109 914 3433 981 Quicunque
3458 909 3604 964 enim

2020 1005 2283 1061 malitiam
2321 1006 2440 1075 ejus
2466 1006 2841 1077 experientur,
2876 1014 3152 1076 coguntur
3184 1002 3424 1060 creatori
3479 1001 3603 1073 ejus

2023 1096 2372 1151 maledicere.

2090 1282 2253 1338 Vsus.
2292 1281 2347 1338 8.
2383 1280 2487 1347 Qui
2519 1282 2834 1348 multiplicat
2863 1282 3081 1336 divitias
3109 1298 3237 1336 suas
3267 1297 3388 1336 cum
3421 1281 3603 1335 usuris

2020 1375 2481 1437 etexcrescentiis,
2511 1375 2558 1428 ei
2583 1374 2673 1437 qui
2706 1375 3282 1444 misereturpauperum
3319 1379 3604 1441 congregat

2019 1484 2132 1523 eas.
2159 1466 2262 1534 Qui
2292 1476 2454 1534 auget
2480 1466 2705 1521 divitias
2732 1482 2844 1521 suae
2870 1467 3114 1520 scientia:
3134 1473 3189 1521 et
3213 1465 3451 1524 vit-tutis.
3476 1462 3607 1517 dum

2023 1571 2249 1631 egentes
2279 1561 2464 1624 docet,
2493 1569 2544 1613 et
2576 1560 2627 1612 iu
2660 1567 2869 1626 partem
2906 1568 3059 1613 vocat
3081 1586 3105 1624 ,-
3141 1557 3272 1612 dum
3318 1557 3608 1623 utilitatem

2027 1652 2213 1707 haurit
2233 1667 2300 1706 ex
2331 1653 2433 1716 eis,
2463 1662 2516 1705 et
2542 1651 2709 1704 simul
2738 1659 2897 1721 auget
2932 1651 3155 1705 divitias
3186 1664 3342 1711 suas,
3368 1649 3458 1702 ille
3499 1646 3635 1712 Deo.

2026 1741 2307 1796 miserenti
2339 1755 2505 1809 super
2543 1755 2811 1809 pauperes
2865 1739 3069 1792 talibus
3124 1737 3336 1791 divitiis
3382 1747 3611 1805 egentes

327 1825 517 1892 αὐτὸν,
553 1825 880 1896 συγκομίζει
937 1825 1130 1880 τοῦτον
1179 1827 1320 1897 Θεῷ,
1348 1825 1427 1897 τῷ
1465 1827 1592 1890 τοὺς
1614 1827 1920 1898 ἐστερημέ-

2033 1831 2332 1907 tenerentur,
2368 1831 2530 1897 eique
2564 1829 2752 1885 socius
2784 1838 2869 1885 est
2906 1831 2974 1884 ad
3007 1830 3298 1886 salvandas
3328 1836 3539 1900 gentes.

323 1932 454 1980 νους
481 1915 577 1969 τοῦ
610 1914 856 1970 τοιούτου
889 1916 1124 1970 πλούτου
1181 1916 1532 1989 οίκτείροντι,
1563 1918 1828 1989 συνεργὸς
1859 1919 2038 1992 τούτῳ
2061 1920 2198 1992 πρὸς
2218 1921 2317 1990 τὴν
2350 1920 2459 1973 τῶν
2492 1919 2708 1973 πολλῶν
2740 1921 3017 1992 σωτηρίαν
3052 1923 3369 1992 γενόμενος.

402 2009 468 2064 θ’.
514 2010 567 2062 '0
590 2010 894 2065 ἐκκλίνων
922 2011 989 2064 τὸ
1015 2006 1127 2077 οὖς
1158 2012 1347 2067 αὐτοῦ
1376 2012 1484 2067 τοῦ
1507 2012 1595 2082 μὴ
1635 2014 1925 2069 εἰσακοῦ-

327 2117 435 2157 σαι
459 2102 670 2170 νόμον,
706 2102 889 2169 αὐτὸς
924 2101 1039 2171 τὴν
1066 2103 1425 2172 προσευχὴν
1448 2104 1636 2159 αὑτοῦ
1683 2104 1930 2161 ἐεδέλυ-

330 2210 489 2248 κται.
535 2193 593 2246 'U
647 2193 1010 2262 ἀποστρέφων
1057 2194 1127 2247 τὰ
1181 2188 1298 2248 ὦτα
1346 2194 1512 2250 αὐτοῦ
1564 2194 1658 2249 τοῦ
1703 2196 1782 2267 μὴ
1816 2197 1923 2250 ὑπ-

329 2284 553 2338 ακούειν
583 2286 652 2354 τῇ
683 2285 869 2357 ἐντολῇ
900 2286 995 2338 τοῦ
1023 2284 1181 2351 Θεοῦ,
1230 2286 1410 2355 τούτῳ
1436 2287 1529 2340 καὶ
1584 2287 1750 2351 αὐτὸς
1783 2287 1927 2341 κατά

328 2375 430 2446 τὴν
460 2375 653 2430 ἑαυτοῦ
682 2374 866 2446 δέησιν
887 2376 1279 2447 ὲϐδελυγμὲνος
1304 2378 1462 2430 ἐστίν
1483 2392 1499 2409 ο
1530 2379 1674 2430 αίτετ
1702 2378 1810 2447 γὰρ
1831 2378 1927 2431 καὶ

330 2467 394 2519 οὐ
441 2464 730 2535 λαμϐάνει,
785 2467 867 2518 ὅτι
918 2465 1106 2530 κακῶς
1141 2469 1316 2520 αἰτεῖ*
1371 2468 1476 2521 κᾶν
1503 2468 1613 2539 γὰρ
1651 2469 1794 2539 ὑπὲρ
1824 2472 1926 2540 τῆς

334 2555 474 2618 ιδίας
527 2558 804 2627 σωτηρίας
856 2558 1173 2629 παρακαλῇ,
1236 2560 1303 2629 ἢν
1359 2561 1454 2615 καὶ¹
1496 2561 1629 2623 Θεὸς
1660 2561 1925 2631 παρέχειν

332 2646 606 2716 βούλεται,
633 2640 745 2701 ἀλλ’
770 2650 892 2702 ἐπεὶ
928 2651 1003 2721 μὴ
1030 2651 1433 2722 ἐνεργουμένην
1478 2654 1622 2704 ποιεῖ
1659 2655 1759 2722 τὴν
1790 2654 1921 2705 ἑκυ-

329 2740 426 2794 τοῦ
451 2741 657 2810 δέησιν,
691 2743 784 2797 ᾶτε
821 2744 896 2814 μὴ
931 2746 1296 2816 ἐργαζόμενος
1318 2736 1387 2800 τά
1411 2746 1530 2801 θεῖα
1554 2748 1920 2819 προστάγμα-

330 2851 423 2900 τα,
450 2833 679 2897 δικαίως
709 2836 1079 2905 ἀποτυγχάνει
1109 2837 1303 2906 αὐτῆς.
1362 2863 1372 2872 ’

410 2925 462 2981 ι’.
507 2928 604 2991 “Oc
627 2925 833 2996 πλανᾷ
847 2927 1041 2994 εὐθεῖς
1065 2928 1135 2982 ἐν
1156 2928 1274 2994 ὀδῷ
1291 2928 1470 2998 κακῇ,
1490 2931 1577 2996 εἰς
1596 2928 1928 2999 διαφθορὰν

328 3018 521 3084 αὐτὸς
564 3018 937 3087 ἐμπεσεῖταιο
996 3022 1051 3073 οἱ
1111 3017 1179 3072 δὲ
1239 3019 1452 3089 ἄνομοι
1501 3019 1921 3074 διελεύσονται

328 3110 549 3180 ἀγαθὰ,
597 3110 694 3163 καί
741 3112 853 3164 οὐκ
885 3112 1343 3166 είσελεύσονται
1380 3114 1468 3177 είς
1501 3111 1675 3165 αὐτά.
1707 3112 1767 3166 '0
1796 3113 1924 3175 τοὺς

330 3202 738 3272 ἁπλουστέρους
770 3203 879 3255 ἀπὸ
901 3205 1008 3283 τῆς
1032 3204 1167 3273 πρὸς
1207 3204 1481 3274 σωτηρίαν
1533 3203 1804 3274 φερούσης
1840 3206 1925 3257 ὲν-

329 3295 503 3366 νόμου
553 3296 834 3360 πολιτείας
891 3295 1234 3368 διαστρέφων
1296 3297 1595 3367 ἀπατηλῶς
1640 3298 1775 3369 πρὸς
1825 3297 1924 3368 τὴν

330 3386 581 3453 ἄγουσαν
613 3387 692 3448 εἰς
750 3384 1055 3453 ἀπώλειαν,
1108 3386 1273 3449 αὐτὸς
1309 3387 1407 3455 μὲν
1440 3387 1538 3439 καὶ
1592 3389 1721 3457 περὶ
1752 3386 1923 3457 αὐτὴν

328 3479 437 3549 τὴν
466 3478 612 3549 ζωὴν
642 3479 978 3533 κινδυνεύσει
1002 3479 1077 3544 ὼς
1107 3479 1325 3549 λυμεὼν
1347 3496 1362 3512 ο
1391 3481 1597 3550 ταύτης
1642 3496 1922 3551 προαναρ-

333 3565 570 3635 οἶασθεὶς
591 3571 777 3643 δικαίᾳ.
803 3573 970 3643 ψήφῳ
989 3570 1148 3634 Θεοῦ,
1181 3566 1379 3641 οἷάπερ
1426 3571 1565 3639 ἀνὴρ
1592 3571 1920 3640 δολιόεητος,

330 3663 428 3716 ἵνα
452 3663 537 3733 μὴο
559 3662 774 3723 πολλοῖς
796 3661 1074 3725 ἀπωλείας
1096 3662 1323 3733 γένηται
1354 3659 1611 3732 πρόξενος
1632 3677 1646 3690 ·
1671 3661 1824 3714 αὐτοὶ
1844 3661 1918 3725 δὲ,

328 3758 387 3809 oi
422 3755 497 3826 μὴ
525 3755 586 3819 ἐξ
635 3755 959 3825 αὐθαιρέτου
993 3753 1243 3825 γνώμης,
1299 3753 1414 3807 ἀλλ’
1444 3754 1502 3820 ἐξ
1553 3753 1771 3821 ἀπάτης
1822 3754 1923 3821 τῆς

331 3845 658 3912 κατὰλόγον
690 3844 969 3904 πολιτείας
1022 3844 1553 3915 παρεκτρεπόμενοι,
1603 3844 1671 3896 τά
1712 3843 1925 3906 τούτοις

331 3935 685 4007 συμφέροντα
716 3935 1120 4007 παραδράμωσι
1141 3950 1154 3967 ·
1181 3934 1278 3988 καὶ
1311 3937 1506 4005 πεῖραν
1538 3933 1743 3988 τούτων
1771 3934 1922 3987 πολι-

327 4025 487 4089 τείας
515 4026 576 4077 οὐ
611 4024 892 4094 λήψονται.

408 4122 497 4170 ια’.
533 4116 729 4185 Σοφός
758 4115 894 4183 παρ’
931 4115 1126 4180 ἐαυτῷ
1165 4114 1323 4183 ἀνὴρ
1354 4115 1654 4179 πλούσιος
1675 4129 1689 4143 ·
1734 4109 1924 4178 πένης

325 4208 403 4265 δὲ
429 4190 693 4278 νοήμωτῖ,
729 4210 1181 4279 καταγνώσεται
1206 4208 1415 4266 αὑτοῦ.
1445 4209 1629 4263 Οτεται
1663 4200 1802 4260 εἶναι
1831 4222 1921 4259 σο-

328 4302 437 4373 φὸν
465 4302 679 4366 ἑαυτὸν,
703 4305 733 4355 ὁ
750 4301 848 4374 τὴν
872 4302 1015 4355 κατά
1041 4302 1327 4373 προφορὰν
1346 4301 1510 4372 ψιλὴν
1533 4300 1735 4368 γνῶσιν
1758 4298 1924 4352 πλου-

330 4395 446 4447 τῶν
468 4410 484 4426 ·
513 4395 542 4446 ὁ
560 4394 619 4448 δὲ
647 4394 854 4463 ταύτης
888 4395 986 4465 μὲν
1015 4394 1226 4464 ἐνδεὴς,
1249 4394 1534 4465 προσέχων
1559 4392 1729 4446 δὲκαὶ
1759 4408 1926 4444 κατα-

329 4484 631 4555 λαμὸἁνων
682 4484 794 4537 τῶν
849 4484 1320 4555 κεκομψευμένων
1377 4483 1555 4550 λόγων
1585 4481 1776 4535 τούτου
1823 4477 1924 4548 τὴν

2106 2014 2274 2070 Vens.
2307 2015 2362 2070 9.
2391 2014 2497 2083 Qui
2516 2016 2749 2069 declinat
2783 2032 3168 2091 aurem’suam
3222 2034 3285 2072 ne
3314 2019 3501 2071 audiat
3536 2019 3615 2072 le-

2034 2125 2172 2179 gem,
2197 2116 2246 2163 et
2273 2110 2384 2179 ipse
2409 2110 2703 2163 arationem
2741 2125 2893 2162 suam
2917 2109 3328 2164 abominabilem
3361 2110 3515 2180 facit.
3545 2108 3603 2166 Si

2038 2204 2165 2271 quis
2190 2217 2376 2256 aurem
2400 2202 2600 2257 avertit
2628 2218 2697 2256 ne
2736 2201 2995 2256 exaudiat
3019 2202 3188 2271 legent
3213 2200 3331 2264 Dei,
3348 2203 3467 2271 ejus
3488 2218 3612 2257 ora-

2035 2295 2248 2348 tionem
2281 2293 2399 2364 ipse
2433 2291 2577 2348 Deus
2595 2292 2998 2348 exsecrabitttr.
3029 2290 3193 2358 Petit,
3227 2302 3282 2347 et
3314 2308 3424 2346 nun
3460 2294 3612 2347 acci-

2038 2387 2139 2456 pit,
2171 2401 2238 2440 eo
2273 2386 2416 2454 quod
2450 2388 2592 2440 male
2646 2392 2814 2455 petat.
2844 2382 2997 2439 Licet
3034 2384 3102 2439 de
3154 2388 3372 2454 propria
3412 2386 3610 2450 salute,

2030 2493 2197 2547 quam
2235 2477 2378 2532 Deus
2398 2480 2512 2531 vult
2539 2476 2867 2542 concedere,
2895 2475 3192 2546 rcgaverit,
3216 2477 3345 2547 quia
3370 2491 3611 2547 operan-

2031 2576 2138 2622 tem
2180 2585 2285 2622 nnu
2323 2567 2455 2622 facit
2494 2583 2651 2623 suam
2686 2570 3022 2633 orationem,
3068 2581 3180 2622 non
3219 2580 3483 2638 operatus
3516 2565 3609 2621 Dei

1986 2685 1990 2689 -
2030 2660 2310 2726 mandatu,
2341 2658 2467 2730 jure
2488 2675 2554 2715 ex
2585 2674 2650 2716 ea
2685 2659 2928 2715 excidet.

2054 2918 2059 2919 γ
2101 2928 2263 2985 Vsus.
2297 2931 2383 2986 ιο.
2438 2930 2543 2997 Qui
2571 2930 2774 2985 seducit
2795 2932 2979 3000 justas
3007 2932 3062 2986 in
3102 2932 3240 2984 viam
3287 2930 3508 2995 malam,
3555 2929 3610 2984 in

2029 3022 2408 3089 corrrptionem
2450 3023 2558 3090 ipse
2611 3021 2806 3074 incidet
2849 3037 2870 3086 ;
2921 3021 3090 3092 iniqui
3177 3029 3355 3074 autem
3432 3028 3606 3073 trans-

2028 3114 2178 3168 ibunt
2255 3116 2426 3182 bona,
2467 3127 2516 3171 et
2578 3136 2680 3173 non
2712 3116 3073 3188 ingrediemur
3128 3116 3184 3170 in
3232 3131 3321 3169 ea.
3369 3112 3428 3168 Si
3489 3113 3614 3184 quis

2032 3207 2306 3276 simplices
2336 3222 2364 3261 a
2402 3210 2739 3276 viajustitia:
2775 3223 2898 3278 quae
2949 3207 3105 3260 ducit
3154 3204 3221 3258 ad
3281 3204 3513 3259 salutem
3559 3204 3612 3258 in

2027 3295 2197 3366 legem
2248 3299 2471 3351 alteram
2527 3299 2816 3353 dnttentem
2879 3297 2948 3352 ad
2999 3299 3280 3352 interitum
3330 3296 3612 3358 averterit,

2027 3388 2148 3457 ipse
2201 3387 2449 3458 proditur
2499 3390 2553 3442 in
2607 3390 2735 3443 vitae
2795 3389 3101 3458 periculum
3173 3387 3397 3450 incidet,
3439 3398 3615 3454 eaque

2026 3479 2196 3547 pi-iur,
2227 3488 2412 3548 utpote
2458 3481 2659 3533 astutia
2703 3480 2918 3548 plenus,
2948 3480 3101 3547 justo
3134 3478 3228 3533 Dei
3268 3478 3475 3548 jutlit-io
3499 3477 3613 3547 pri-

2027 3568 2258 3630 rabitur,
2279 3584 2344 3622 ne
2374 3571 2622 3639 pluribus
2643 3572 2715 3623 sit
2734 3586 2899 3624 causa
2927 3567 3613 3624 ruina:.Aliiuntemalieua

2042 3661 2284 3724 fallacia,
2313 3678 2421 3717 non
2473 3664 2692 3732 propria
2727 3664 3012 3717 voluntate
3040 3662 3253 3716 sedut-ti
3283 3659 3614 3731 delegitinia

2025 3753 2219 3821 agendi
2259 3754 2467 3809 ratione
2506 3756 2740 3810 aliorum
2775 3754 2916 3808 bona
2965 3753 3514 3826 praetergredientur,
3560 3760 3615 3805 et

2030 3845 2195 3899 vitam
2235 3844 2455 3900 illorum
2492 3860 2600 3900 non
2634 3846 3016 3902 imitabuntur.

2093 4105 2259 4161 \‘sns.
2288 4106 2375 4161 ii.
2397 4105 2619 4176 Sapiens
2645 4107 2786 4176 apud
2811 4125 2867 4163 se
2889 4107 2972 4163 vir
2998 4108 3139 4163 dives
3161 4123 3181 4174 ;
3210 4123 3408 4178 pauper
3437 4119 3612 4164 autem

2034 4197 2333 4266 intelligens
2354 4198 2722 4252 condemnabit
2748 4214 2891 4252 eum.
2921 4198 2991 4253 Se
3024 4200 3329 4269 sapientem
3362 4213 3487 4254 esse
3515 4199 3613 4254 Ito-

2028 4302 2118 4342 u:o
2162 4289 2467 4358 prmsumit,
2501 4290 2595 4358 qui
2632 4289 2686 4342 iti
2737 4289 2988 4344 docendo
3048 4303 3256 4343 meram
3313 4288 3608 4343 scientiam

2027 4389 2315 4447 ostentat;
2356 4397 2464 4451 qua
2499 4381 2799 4437 destitutus
2831 4382 3036 4452 aliquis
3086 4383 3194 4445 vir,
3238 4382 3330 4452 qui
3376 4382 3612 4437 advertit

2027 4471 2389 4540 intelligitth
2423 4462 2614 4525 liorutn
2674 4487 2993 4527 sermonum
3032 4473 3283 4542 peritiam
3345 4474 3412 4525 atl
3473 4473 3610 4526 nihil

332 4579 569 4644 ἔννοιαν,
622 4578 702 4640 εἰς
766 4577 932 4647 μηδὲν
990 4574 1461 4647 χρησιμεύουσαν,
1500 4572 1920 4643 καταμέμφεται

2033 4565 2426 4632 proﬁcientem.
2463 4565 2615 4617 illum
2655 4565 2999 4632 vituperatur
3038 4565 3184 4633 quod
3231 4564 3414 4616 inania
3446 4563 3609 4619 verba

329 4668 547 4732 τούτου,
574 4670 651 4737 ῶς
683 4672 799 4731 τοῖς
826 4670 905 4732 είς
934 4668 1072 4739 ἀέρα
1105 4668 1224 4736 είκῆ
1254 4666 1533 4738 χεομὲνοις
1553 4665 1730 4732 λόγοις
1756 4664 1922 4732 ἐναμ-

329 4762 694 4830 6ρυνομένου.
763 4761 858 4814 καὶ
906 4763 1025 4825 ταῖς
1071 4763 1328 4833 στροφαῖς
1378 4756 1923 4828 ἐγκαλλωπιζομένου

321 4851 445 4907 τῶν
469 4850 689 4915 λέξεων.

410 4943 498 5013 ιβ’.
531 4948 634 4997 Διὰ
658 4943 953 5009 ,ϐοήθειαν
977 4940 1246 5007 δικαίων,
1273 4944 1478 5012 πολλὴ
1508 4942 1729 5013 γίνεται
1750 4943 1920 5008 δόξαι

318 5037 404 5087 ἐν
434 5033 501 5085 δὲ
525 5035 727 5099 τόποις
762 5032 1001 5087 ἀσεϐῶν
1041 5034 1399 5087 ἁλίσκονται
1451 5034 1770 5100 ἅνθρωποι.
1823 5032 1923 5086 Διά

320 5124 432 5194 τὴν
462 5128 610 5194 παρὰ
637 5124 738 5194 τῆς
763 5124 914 5186 θείας
964 5123 1185 5193 χάριτος
1219 5121 1470 5192 βοήθειαν
1513 5124 1621 5174 τῶν
1669 5123 1727 5173 ἐν
1782 5122 1922 5192 φωτὶ

324 5214 591 5285 γνώσεως
627 5219 1035 5287 προκρινόντων
1080 5217 1148 5269 τὰ
1178 5213 1371 5266 αἰώνια
1409 5214 1515 5267 τῶν
1546 5219 1917 5287 προσκαίρων,

321 5308 431 5363 καὶ
482 5308 916 5377 πολιτευομένων
970 5305 1299 5376 ἀμέμπτως,
1343 5304 1510 5375 πολλὴ
1536 5306 1920 5375 ἀναπέμπεται

318 5399 460 5464 δόξα
488 5399 608 5469 Θεῷ
632 5402 783 5469 παρά
820 5398 930 5451 τῶν
958 5399 1028 5452 τὰ
1055 5398 1194 5451 καλὰ
1218 5398 1423 5450 τούτων
1476 5398 1617 5467 ἔργα
1636 5398 1918 5467 «ὁρώντων,

321 5492 430 5548 καὶ
457 5493 839 5559 γινωσκόντων
874 5491 957 5542 ὅτι
991 5490 1160 5559 χωρὶς
1188 5487 1353 5542 αὑτοῦ
1385 5488 1539 5541 οὐδὲν
1566 5484 1710 5541 οὗτοι
1734 5489 1922 5541 δύναν-

318 5601 425 5639 ται
455 5587 664 5637 ποιεῖν’
724 5586 781 5635 ἐν
807 5583 864 5635 δὲ
910 5585 1031 5644 ταῖς
1056 5582 1156 5651 τῆς
1190 5580 1413 5650 ἀγνοίας
1452 5582 1545 5632 καὶ
1575 5583 1674 5649 τῆς
1719 5582 1920 5645 κακίας
1964 5600 1977 5610 ’

319 5675 514 5739 ἔξεστι
542 5676 648 5729 τῶν
662 5675 744 5746 μὴ
765 5674 831 5728 δι’
849 5674 1215 5743 ἀγαθοεργίας
1246 5674 1531 5742 τμμῶντων
1551 5674 1706 5735 Θεὸν,
1744 5692 1916 5728 κατα-

222 5806 241 5821 κ
320 5766 661 5837 κρατοῦνται
724 5766 773 5819 οἱ
830 5763 937 5817 τῶν
992 5763 1226 5817 αἰωνίων
1273 5761 1755 5833 ἐπιλανθανόμενοι
1825 5765 1919 5816 καὶ

326 5861 686 5926 ἀνθρωπίνως
718 5857 1038 5930 φρονοῦντες
1054 5856 1121 5909 τὰ
1143 5854 1479 5927 πρόσκαιρα.

2030 4654 2207 4709 ventis
2258 4652 2590 4723 prul'undat,
2637 4651 2941 4722 ferulisque
3000 4667 3196 4708 vocum
3282 4652 3577 4723 glorietur.

2097 4939 2264 4995 Vens.
2298 4938 2384 4993 1‘2.
2420 4938 2524 4992 Per
2556 4939 2822 4992 auxi’ium
2861 4938 3129 5003 iustorum
3176 4937 3346 4991 multa
3374 4938 3434 5006 ﬁt
3496 4936 3608 5008 glo-

2024 5036 2128 5100 ria,
2171 5037 2224 5088 in
2277 5034 2404 5088 locis
2455 5044 2632 5087 autem
2689 5034 2970 5099 impiarum
3028 5034 3315 5102 rapiuntur
3350 5033 3610 5090 homines.

2023 5124 2157 5177 Cum
2195 5122 2366 5191 adjuti
2421 5123 2605 5176 divina
2669 5126 2864 5191 gratia,
2914 5134 2968 5177 et
3020 5123 3438 5177 ﬁtleillutuinati
3475 5139 3614 5178 nun-

2024 5216 2156 5268 nulli
2192 5223 2393 5267 n'lel‘na
2426 5214 2818 5290 temporalilius
2845 5222 3187 5283 prtepouunt,
3218 5221 3272 5268 et
3300 5213 3488 5266 vivunt
3538 5214 3613 5266 ir-

2023 5306 2501 5378 repreltensilviles.
2537 5308 2764 5360 multum
2795 5306 2963 5360 Deum
3004 5306 3230 5360 laudant
3276 5306 3369 5375 qui
3420 5323 3610 5359 eorum

2023 5409 2215 5456 sancte
2242 5397 2388 5453 facta
2423 5402 2724 5463 intuentur,
2752 5409 2804 5451 et
2843 5409 3145 5468 agnoscunt
3177 5400 3296 5453 sine
3338 5396 3451 5451 Deo
3477 5398 3611 5451 niltil
3662 5429 3672 5447 .

2022 5507 2182 5561 posse
2241 5491 2438 5546 facere.
2511 5491 2585 5545 Et
2631 5492 2825 5559 agendi
2884 5490 3096 5544 ratione
3147 5491 3511 5555 ignorantium
3558 5498 3615 5543 et

2023 5584 2285 5636 malorum
2312 5582 2405 5650 qui
2439 5584 2606 5636 Deum
2641 5586 2746 5636 vita
2779 5584 2918 5638 bona
2955 5583 3293 5645 naut-olunt,
3314 5582 3608 5651 pruiieiunt

2024 5669 2270 5725 liuuiiues
2298 5674 2624 5729 aeternitatis
2654 5673 3023 5739 immemores,
3053 5682 3105 5728 ct
3136 5673 3461 5742 temporalia
3500 5673 3604 5733 liu-

2024 5776 2183 5815 tnane
2214 5761 2518 5832 sapientes.
