3976 6392
496 401 633 466 1507

492 601 946 673 sperabitur;qui
998 611 1173 656 autem
1222 611 1409 656 narrat
1470 602 1892 672 redargutiones,
1950 601 2079 655 dili-

490 704 665 765 getur.
693 692 751 748 Si
789 694 914 765 quis
944 709 1045 749 sua
1083 708 1251 764 opera
1288 692 1491 762 quibus
1512 691 1681 747 Deum
1712 692 1959 758 offendit,
1984 708 2081 749 ne-

494 784 726 858 gaverit,
751 786 977 841 omnino
1011 788 1180 841 latere
1225 801 1334 841 non
1376 785 1579 855 poterit
1612 804 1624 840 :
1662 784 1790 840 licet
1825 784 2079 842 homines

491 880 716 950 quidem
763 879 1150 935 abscondendo
1192 877 1468 945 fefellerit,
1531 893 1640 933 non
1682 877 1877 943 Deum,
1918 876 2080 946 cujus

492 972 682 1026 oculos
730 970 866 1025 nihil
924 973 1074 1033 latet,
1110 978 1162 1027 et
1203 972 1297 1043 qui
1338 971 1639 1042 unicuique
1684 969 1876 1026 reddet
1919 970 2078 1040 juxta

492 1078 659 1134 opera
687 1064 829 1133 ejus.
884 1062 942 1119 Si
984 1065 1111 1134 quis
1147 1079 1280 1119 vero
1328 1065 1429 1121 ista
1474 1063 1693 1135 singula
1731 1063 1868 1118 viris
1906 1065 2085 1119 corri-

490 1155 777 1225 pientibus
817 1154 985 1210 fuerit
1018 1153 1333 1220 confessus,
1377 1155 1538 1224 quasi
1572 1154 1852 1208 contritus
1887 1154 2079 1223 corde,

492 1248 538 1301 si
576 1263 683 1302 non
710 1247 781 1303 ab
809 1247 1143 1312 hominibus,
1171 1262 1200 1301 a
1222 1246 1333 1301 Deo
1367 1245 1866 1316 sanejustiiicatus
1897 1246 2081 1301 dimit—

492 1346 661 1393 tctur.

563 1425 732 1481 Vens.
768 1426 856 1481 Η.
893 1426 1087 1482 Beatus
1124 1428 1204 1481 vir
1239 1427 1329 1497 qui
1384 1435 1592 1482 veretur
1628 1427 1806 1480 omnia
1839 1440 1931 1490 per
1970 1432 2082 1496 pie-

493 1524 678 1583 tatem,
709 1516 878 1570 durus
913 1527 1092 1571 autem
1119 1517 1280 1571 corde
1296 1514 1494 1569 incidet
1524 1515 1705 1570 malis.
1728 1514 1937 1570 Gratus
1972 1516 2099 1580 erit,

492 1606 606 1663 Deo
636 1610 891 1680 quisquis
941 1609 1085 1663 nihil
1140 1607 1470 1672 contemnit,
1533 1622 1597 1663 ea
1641 1615 1825 1664 autem
1874 1607 2079 1691 quibus

493 1700 781 1756 saueietur
817 1702 998 1756 anima
1032 1699 1188 1769 fugit,
1220 1700 1427 1771 quibus
1478 1701 1725 1755 salvetur
1775 1701 2085 1772 apprehen-

491 1790 596 1857 dit,
627 1806 696 1847 ne
744 1793 801 1846 in
837 1806 1057 1862 pinnam
1116 1791 1350 1856 incidat,
1413 1805 1443 1845 a
1503 1805 1786 1862 regnoque
1834 1792 2078 1865 excidat.

491 1877 696 1932 Contra
716 1879 874 1948 cujus
905 1895 1060 1936 meus
1085 1880 1283 1933 timore
1318 1878 1410 1933 Dei
1438 1893 1615 1934 vacua
1645 1881 1849 1949 erit,in
1877 1896 2081 1953 pecca-

490 1978 607 2023 tum
637 1972 851 2026 decidet
873 1979 1078 2026 aeterna
1107 1971 1464 2028 damnatione
1503 1973 1872 2043 puniendum.

561 2228 729 2287 Vens.
766 2231 853 2286 15.
884 2230 991 2288 Leo
1016 2234 1257 2289 esuriens
1296 2244 1346 2289 et
1392 2235 1548 2305 lupus
1582 2236 1787 2304 sitiens,
1809 2240 1920 2311 qui,
1952 2256 2078 2296 cum

488 2322 640 2391 inops
662 2323 753 2389 sit,
784 2324 1066 2394 tyrannide
1101 2324 1414 2379 dominatur
1445 2327 1588 2397 genti
1608 2330 1848 2399 pauperi.
1870 2329 2080 2387 Similis

488 2422 577 2466 est
662 2412 969 2468 robustiori
1038 2413 1269 2484 reliquis
1340 2414 1536 2471 bestiis
1578 2418 1873 2479 ,esurienti
1909 2419 2081 2475 devo-

490 2501 788 2557 randarum
837 2505 1113 2568 carnium,
1165 2504 1252 2558 vel
1322 2505 1599 2575 rapaciori
1662 2507 1792 2577 lupo
1852 2510 2080 2580 sangui-

490 2610 616 2649 nem
680 2596 914 2660 sitienti,
967 2596 1133 2651 homo
1191 2612 1404 2667 pauper
1442 2600 1862 2672 quityranuide
1898 2602 2082 2657 domi—

490 2692 657 2759 natur
705 2686 852 2756 genti
898 2687 1146 2758 pauperi,
1181 2688 1332 2742 illam
1365 2688 1579 2745 invadit
1607 2698 1661 2745 et
1717 2692 1980 2761 conterit,
2018 2701 2080 2748 ut

491 2791 593 2833 sua
625 2778 925 2847 penetralia
965 2778 1243 2835 thesauris
1265 2782 1496 2851 repleat.

566 2869 734 2927 Vsus.
782 2870 870 2927 l6.
922 2870 1035 2927 Rea;
1085 2888 1239 2943 egens
1268 2883 1639 2942 proventuum,
1669 2892 1893 2947 magnus
1921 2894 2077 2949 syco-

489 2961 695 3034 phanta
726 2980 747 3029 ;
777 2962 868 3032 qui
898 2974 1079 3017 autem
1100 2964 1213 3018 odit
1241 2965 1589 3035 injustitiam,
1621 2968 1839 3039 longum
1874 2977 2077 3040 tempus

490 3057 644 3111 uiuet.
672 3056 789 3111 Rex
817 3064 1001 3111 mente
1034 3057 1295 3126 cupidus,
1318 3056 1591 3129 mixtisque
1616 3060 1825 3118 divitiis
1845 3078 2075 3134 egenus,

1853 396 2210 460 PROCOPII
2249 400 2495 461 GAZ/EI

564 510 730 565 Vens.
767 509 856 565 15.
884 510 988 577 Qui
1012 508 1241 579 cooperit
1268 507 1602 578 iniquitatem
1636 498 2084 580 suam,no'n.pro-
2114 514 2161 573 Α

2267 517 2356 580 ιγ’.
2411 509 2472 565 '0
2510 511 2938 568 ἐπικαλύπτων
2956 513 3243 570 ἀσέϐειαν
3264 513 3502 583 ἑαυτοῦ,
3539 518 3639 572 οὐκ
3659 516 3736 575 εὑ-

2191 603 2560 673 οδωθήσεται
2579 621 2595 637 ο
2628 607 2661 660 ό
2684 604 2754 659 δὲ
2773 605 3185 677 ἐξηγούμενος
3215 606 3743 680 Memor-c.qu-

2183 695 2459 764 θήσεται.
2495 696 2554 748 Ὀ
2584 696 2655 750 τὰ
2678 696 2753 768 μὴ
2777 698 3026 769 τιμῶντα
3054 698 3192 753 Θεὸν
3212 699 3389 753 οἰκεῖα
3419 698 3551 770 ἔργα
3576 702 3743 772 ἀρνού-

2185 803 2366 857 μενος,
2396 787 2497 842 οὐκ
2522 790 2602 853 εἰς
2641 788 2789 844 ἅπαν
2820 789 3006 845 λαθεῖν
3029 790 3235 863 δυνηθῇ
3255 805 3270 821 ⁶
3301 790 3402 846 κᾶν
3428 793 3533 863 γὰρ
3558 794 3745 865 ἀνθρὼ-

2183 896 2318 943 πους
2350 880 2612 944 πολλάκις
2643 882 2703 934 ὲν
2750 882 2829 952 τῷ
2858 882 2934 954 μὴ
2979 882 3317 956 ὁμολογῆσαι
3361 887 3747 959 ἀποκρύψηται,

2182 970 2297 1024 ἀλλ’
2317 971 2379 1023 οὐ
2403 970 2469 1040 λή
2479 988 2632 1024 σεται
2654 973 2748 1024 καὶ
2779 972 2871 1026 τὸν
2899 972 3174 1045 ἀλάθητον
3192 973 3473 1043 ὀφθαλμὸν
3500 978 3591 1031 τοῦ
3609 977 3747 1043 Θεοῦ,

2181 1062 2242 1126 θς
2294 1063 2624 1119 ἀποδίδωσιν
2679 1063 2898 1136 ἑκάστῳ
2956 1065 3098 1121 κατὰ
3134 1066 3205 1120 τὰ
3255 1066 3395 1139 ἔργα
3427 1069 3624 1124 αὐτοῦς
3666 1072 3752 1127 ὁδ’

2183 1156 2548 1224 ἀπαγγέλλων
2586 1157 2729 1211 αὐτὰ
2777 1160 2920 1212 κατὰ
2975 1159 3145 1230 μέρος
3173 1162 3289 1224 τοῖς
3314 1161 3501 1215 τοῦτον
3527 1163 3758 1234 ἐλέγχου-

2185 1264 2291 1312 σιν,
2326 1243 2414 1301 οἷα
2444 1247 2778 1319 ἐπιγνώμων
2809 1251 3277 1321 μεταμελόμενος,
3304 1253 3357 1305 εί
3386 1254 3481 1307 καὶ
3511 1251 3583 1325 μὴ
3600 1256 3755 1329 ἀφεθῇ

2184 1341 2316 1410 παρ’
2345 1339 2671 1411 ἀνθρώπων,
2706 1343 2859 1411 παρὰ
2888 1341 3027 1396 Θεοῦ
3060 1341 3307 1415 καθαρὸς
3346 1344 3691 1416 ἀφεθήσεται.

2258 1431 2336 1486 ιδ’.
2378 1432 2680 1501 Μακάριος
2714 1433 2891 1501 ἀνὴρ,
2927 1433 2997 1500 ὃς
3020 1434 3443 1501 καταπτήσσει
3473 1436 3663 1491 πάντα
3693 1437 3756 1493 δι’

2183 1523 2506 1587 εὐλάϐειαν
2528 1542 2545 1559 ο
2580 1528 2613 1579 ὁ
2639 1524 2707 1578 δὲ
2735 1527 3009 1593 σκληρὸς
3042 1528 3157 1596 τὴν
3198 1528 3476 1597 καρδίαν,
3499 1530 3756 1598 ἐμπεσεῖ-

2184 1631 2279 1669 ται
2306 1614 2535 1682 κακοῖς.
2573 1615 2887 1687 Εὐάρεστος
2925 1616 3047 1688 Θεῷ
3089 1617 3401 1688 ἄνθρωπος,
3426 1617 3486 1683 ὃς
3518 1621 3590 1689 μή
3635 1637 3760 1685 τινος

2184 1705 2514 1777 πράγματος
2548 1710 2903 1778 καταφρονεῖ,
2928 1709 3017 1762 διὰ
3046 1709 3107 1761 τὸ
3130 1708 3359 1777 φεύγειν
3389 1710 3489 1780 μὲν
3512 1710 3579 1763 τὰ
3600 1711 3758 1781 ψυχὴν

2188 1797 2519 1868 βλάπτοντα,
2572 1798 2974 1853 ἀντιποιεῖσθαι
3018 1799 3077 1853 δὲ
3129 1800 3240 1853 τῶν
3280 1798 3562 1865 σωζόντων
3588 1801 3756 1873 αὐτὴν,

2186 1888 2337 1959 φόϐῳ
2361 1888 2455 1942 τοῦ
2511 1888 2588 1959 μὴ
2619 1889 2702 1952 εις
2731 1889 2953 1942 κόλασιν
2984 1891 3272 1959 ἐμπεσεῖν,
3300 1890 3333 1961 ἢ
3363 1891 3466 1960 τῆς
3506 1890 3760 1961 βασιλείας

2184 1980 2484 2035 ἀποπεσεῖν
2503 1995 2518 2011 ’
2542 1980 2572 2032 ό
2607 1977 2652 2032 δ’
2680 1979 3060 2050 ἀπαράδεκτος
3097 1979 3192 2033 τοῦ
3218 1979 3365 2034 θείου
3416 1981 3585 2049 φόϐου
3636 1983 3759 2036 κατὰ

2180 2071 2381 2145 ψυχὴν,
2429 2075 2509 2136 εἰς
2557 2073 2934 2145 ἁμαρτήματα
2982 2073 3282 2147 περιπέσῃ,
3328 2074 3560 2129 αἰωνίαν
3605 2076 3759 2148 τούτῳ

2183 2166 2462 2235 ἐπάγοντα
2486 2165 2735 2221 κόλασιν.
2819 2222 2824 2227 ,
3010 2232 3013 2233 ν
3573 2195 3585 2206 ·

2255 2264 2337 2313 ιε’.
2369 2257 2539 2312 Λέων
2569 2258 2816 2324 πεινῶν,
2850 2261 2952 2315 καὶ
2984 2261 3175 2331 λύκος
3207 2262 3426 2332 διψῶν,
3460 2261 3531 2330 δς
3560 2278 3758 2332 rvpem-

2182 2350 2282 2404 νεῖ
2301 2350 2543 2421 πτωχὸς
2566 2348 2654 2406 ὢν
2684 2351 2903 2419 ἔθνους
2931 2353 3246 2424 πενιχροῦ.
3292 2349 3397 2407 Οἷά
3435 2371 3520 2417 τις
3569 2354 3760 2424 ἰσχυρό-

2180 2457 2342 2512 τερος
2359 2440 2469 2495 τῶν
2494 2441 2701 2495 λοιπῶν
2733 2441 2919 2513 θηρῶν
2937 2440 3078 2495 λέων
3100 2441 3302 2499 πεινῶν
3323 2444 3526 2511 φαγεῖν
3548 2443 3758 2512 σάρκας,

2183 2532 2280 2587 καὶ
2337 2533 2503 2587 πλέον
2550 2533 2732 2587 αὐτῶν
2780 2534 2967 2606 ἅρπαξ
3015 2534 3180 2599 λύκος
3211 2533 3386 2605 διψῶν
3443 2537 3587 2588 πιεῖν
3616 2529 3759 2604 αἷμα,

2182 2624 2334 2679 ἔστιν
2366 2624 2425 2690 ὃς
2449 2628 2748 2698 χρημάτων
2777 2627 3023 2699 ἀπορῶν,
3051 2626 3397 2698 τυραννικῶς
3446 2628 3600 2699 ἄρχει
3621 2640 3762 2681 aevo.

2185 2717 2349 2788 μένου
2395 2717 2547 2784 λαοῦ,
2607 2716 2853 2790 ἀνηλεῶς
2892 2717 3251 2791 κατατρέχων
3308 2718 3405 2773 καὶ
3455 2717 3762 2789 διαφθείρων

2181 2806 2403 2874 αὐτοὺς,
2430 2808 2572 2863 ὥστε
2594 2812 2662 2865 τὰ
2692 2809 2892 2865 ἑαυτοῦ
2911 2813 3117 2882 ταμεῖα
3140 2810 3437 2880 πληρῶσαι
3467 2810 3759 2882 θησαυρῶν.

2257 2903 2356 2963 ις’.
2386 2900 2691 2967 Βασιλεὺς
2726 2900 2948 2970 ἐνδεὴς
2996 2900 3337 2969 προσόδων,
3372 2900 3567 2971 μέγας
3592 2916 3761 2955 avito—

2180 2989 2417 3061 φάντης
2438 3006 2455 3023 ο
2511 2994 2547 3046 ό
2598 2991 2668 3045 δὲ
2721 2990 2924 3060 μισῶν
2974 2991 3236 3058 ἀδικίαν,
3282 2995 3523 3064 μακρὸν
3564 2995 3763 3064 χρόνον

2182 3079 2369 3155 ζήσει.
2416 3082 2668 3152 Ἀπορῶν
2695 3083 2932 3138 πλούτου
2975 3084 3193 3156 ῥέοντος
3234 3085 3592 3158 ἐπιθυμητὴς
3629 3086 3764 3157 βασι-

490 3148 776 3218 proprium
810 3148 1073 3218 populum
1108 3148 1250 3205 fallit
1270 3150 1507 3220 objectis
1538 3153 1697 3208 novis
1720 3155 2075 3227 criminibus;

2190 3150 2333 3238 λεὺς,
2362 3148 2768 3241 καταψεύδεται
2806 3172 2902 3226 τοῦ
2924 3148 3130 3227 οἰκείου
3160 3148 3296 3228 λαοῦ
3323 3148 3757 3246 αἰτιάματα,τώ

491 3237 586 3305 qui
627 3246 807 3292 autem
846 3238 1002 3295 dives
1039 3238 1159 3294 fieri
1205 3255 1318 3295 non
1356 3242 1495 3306 vult,
1527 3241 1696 3296 vitam
1746 3258 2077 3314 praesentem

2190 3279 2302 3328 τοις
2328 3237 2680 3334 προσάπτων,
2709 3263 2746 3319 ἃ
2791 3264 2867 3336 μὴ
2903 3265 3232 3321 ἐπίστανται
3254 3283 3270 3299 ·
3302 3265 3363 3331 ὃς
3394 3267 3458 3322 δὲ
3485 3237 3552 3321 τὸ
3586 3267 3757 3322 πλεον-

489 3328 644 3384 ducit
669 3337 817 3385 tutus
855 3328 926 3385 ab
949 3329 1186 3399 insidiis,
1215 3340 1591 3404 aeternamque
1622 3344 1932 3409 exspectat.

559 3592 732 3661 Vsus.
768 3593 857 3649 Π.
890 3593 1062 3650 Homo
1099 3595 1188 3665 qui
1216 3596 1271 3649 in
1297 3607 1464 3656 causa
1512 3598 1702 3652 mortis
1753 3613 1850 3667 pro
1908 3600 2079 3656 altero

486 3684 732 3752 spondet,
786 3686 1045 3758 profugus
1097 3687 1222 3751 erit,
1271 3695 1321 3740 et
1378 3703 1485 3742 non
1534 3689 1590 3742 in
1642 3690 1948 3746 securitate.
1978 3692 2078 3747 Cui

508 3778 804 3832 nuntiatur
829 3778 1101 3849 postridie
1127 3777 1436 3833 necandum
1480 3794 1604 3835 esse
1659 3795 1883 3852 corpus,
1932 3782 2079 3854 quod

488 3867 753 3931 adversus
781 3868 1018 3926 animam
1056 3868 1377 3935 iusurrexit,
1407 3871 1679 3947 istamque
1710 3887 1900 3928 revera
1951 3891 2078 3944 pec-

489 3970 614 4015 .cato
672 3960 1057 4029 trucidaverit,
1098 3961 1216 4030 ipse
1247 3963 1506 4032 praesenti
1574 3965 1685 4018 vita
1748 3966 2074 4036 privabitur,

485 4062 545 4114 et
596 4050 835 4106 futuram
869 4051 1294 4110 damnationem
1341 4055 1583 4111 timebit.

562 4228 735 4284 Erudi
748 4231 923 4299 ﬁlium
945 4240 992 4287 et
1014 4231 1198 4303 diliget
1233 4241 1300 4297 te,
1326 4242 1378 4289 et
1429 4233 1582 4289 dabis
1608 4246 1856 4291 ornatum
1883 4239 2079 4294 anintte

491 4329 615 4386 tuae,
644 4333 694 4375 at
722 4337 825 4375 non
847 4321 1050 4376 obediet
1078 4323 1223 4393 genti
1255 4323 1478 4393 iniquae.
1515 4322 1755 4380 Mentem
1787 4327 1883 4381 liii
1911 4329 1990 4382 tui
2022 4329 2075 4383 iu

493 4416 726 4471 Domino
751 4416 906 4472 crudi
937 4416 1170 4482 utiliter,
1201 4432 1335 4473 cura
1368 4418 1521 4473 illum
1559 4420 1818 4491 nequitiae
1844 4423 2077 4482 maculis

2185 3356 2366 3408 εκτεῖν
2408 3355 2839 3426 ἀποστρέφεται,
2880 3357 3341 3414 ἀνεπιϐούλευτον
3368 3360 3491 3417 ,καὶ
3531 3359 3630 3430 τὴν
3671 3372 3763 3413 πα-

2188 3445 2387 3518 ροῦσαν
2419 3446 2734 3514 διαϐιϐάζει
2765 3449 2936 3523 ζωὴν,
2968 3450 3064 3506 καὶ
3100 3453 3132 3523 ἡ
3161 3451 3384 3517 αἰώνιος
3423 3452 3589 3507 αὐτὸν
3608 3448 3761 3508 διαδέ-

2183 3556 2359 3611 χεται.

2256 3632 2345 3696 ιζ’.
2382 3631 2608 3701 Ἄνδρα
2646 3632 2754 3687 τὸν
2793 3632 2865 3687 ἐν
2901 3633 3064 3701 αἰτίᾳ
3096 3633 3290 3702 φόνου
3323 3635 3357 3689 ό
3381 3634 3755 3706 ἐηνὼμενος,

2181 3722 2379 3791 φυγὰς
2408 3722 2604 3787 ἔσται,
2635 3723 2736 3778 καὶ
2778 3725 2891 3779 οὐκ
2919 3723 2991 3780 ἐν
3022 3722 3364 3794 ἀσφαλείᾳ.
3418 3727 3481 3781 '0
3511 3725 3758 3795 ὲπαγγελ·

2180 3811 2412 3882 λόμενος
2448 3813 2532 3876 εἰς
2559 3811 2658 3885 τὴν
2688 3812 2884 3885 αὔριον
2910 3815 3275 3886 ’παραδοῦναι
3305 3819 3389 3882 εἰς
3424 3818 3689 3890 νέκρωσιν
3710 3817 3759 3870 τὸ

2180 3898 2593 3974 κατεξαναστὰν
2645 3903 2906 3974 φρόνημα
2965 3905 3067 3973 τῆς
3110 3906 3337 3975 σαρκὸς,
3364 3907 3468 3962 τοῦ
3502 3909 3761 3980 φρονήμσ·

2179 4005 2273 4048 τος
2298 3990 2400 4059 τῆς
2438 3990 2642 4062 ψυχῆς,
2677 3994 2770 4047 καὶ
2793 3992 3003 4064 ταύτην
3029 3998 3098 4067 τῇ
3128 3996 3250 4050 κατ’
3282 3997 3573 4066 ἐνέργειαν
3597 4000 3759 4082 ᾴμαρο

2083 4114 2097 4124 .
2178 4077 2286 4181 τίῇ
2305 4082 2606 4181 νεκρώσας,
2641 4084 2970 4181 ὲκστήσεται
2998 4086 3100 4155 τῆς
3137 4087 3428 4181 παρούσης
3472 4089 3640 4161 ζωῆς,
3679 4077 3758 4155 καὶ

2180 4168 2349 4237 φόϐον
2378 4172 2496 4240 ἕξει
2526 4177 2626 4244 τῆς
2658 4174 2964 4250 μελλούσης
2990 4177 3291 4245 κολάσεως.

2248 4263 2505 4319 Παίδευε
2561 4267 2717 4332 υἱὸν,
2772 4269 2873 4323 καὶ
2923 4270 3229 4339 ἀγαπήσει
3281 4286 3376 4336 σε,
3428 4271 3537 4327 καὶ
3596 4270 3755 4333 δώσει

2177 4356 2413 4425 κόσμον
2444 4354 2521 4425 τῇ
2575 4356 2663 4426 σῇ
2698 4359 2873 4429 ψυχῇ
2903 4376 2917 4392 ο
2971 4362 3118 4425 οὐδὲ
3138 4362 3227 4432 μὴ
3260 4363 3594 4432 ὑπακούσῃ
3618 4364 3755 4417 ἔθνει

2178 4444 2525 4515 παρανόμῳ.
2566 4447 2871 4519 Ὠφελίμως
2896 4450 2997 4519 ἄγε
3028 4453 3171 4506 κατὰ
3198 4452 3378 4523 ψυχὴν
3402 4451 3466 4506 τδ
3492 4455 3551 4507 ἐν
3583 4451 3753 4521 Κυρίῳ

488 4524 633 4580 saepe
655 4517 966 4608 purgatum,
996 4516 1053 4566 et
1086 4511 1180 4567 ille
1226 4526 1354 4584 erga
1420 4519 1475 4567 te
1527 4528 1588 4569 se
1639 4514 1777 4570 bsue
1829 4516 2070 4580 habebit,

2190 4511 2277 4586 σου
2307 4511 2532 4599 τέκνον,
2562 4511 3137 4605 ἐπιπόνωςῗπολλάκις
3161 4511 3413 4595 abunde-.22
3441 4541 3637 4603 κακίας
3662 4511 3750 4608 ἐιηὶ

487 4601 683 4665 βιιίιιιαι
700 4595 805 4657 tim
819 4601 1266 4673 aﬂ‘eretgloriam,
1286 4603 1535 4660 adductis
1561 4603 1615 4660 in
1638 4606 1945 4676 proximum
1966 4610 2076 4667 tuis

487 4693 554 4758 pd
591 4693 849 4753 virtutem
885 4694 1129 4750 consiliis
1158 4711 1174 4762 ;
1229 4694 1544 4752 daemonum
1603 4699 1945 4755 multitudini
1980 4703 2076 4772 qui

487 4784 613 4846 data
650 4784 905 4841 mandata
944 4793 1191 4856 tempore
1208 4787 1522 4845 creationes
1548 4803 1659 4844 non
1689 4803 2073 4859 servaverunt,

486 4893 594 4939 non
634 4878 1018 4947 obcdiet;sed
1067 4880 1335 4951 neglectis
1369 4897 1560 4938 eorum
1600 4883 2071 4954 suggestiouibus.

487 4969 709 5039 tuisque
740 4970 986 5040 probatis
1029 4971 1291 5029 consiliis
1343 4971 1409 5027 ad
1450 4970 1618 5029 Deum
1671 4972 1974 5044 confugiet,
2006 4974 2074 5033 ad

478 5071 764 5147 potentem
790 5061 1156 5120 defensorem.

557 5362 725 5420 Vna.
762 5366 850 5423 l8.
887 5366 994 5434 Qui
1041 5368 1279 5423 ambulat
1301 5369 1472 5438 jusle,
1529 5367 1873 5435 adjuvabitur
1908 5385 1928 5435 ;
1976 5370 2069 5438 qui

486 5457 936 5524 autem-peruersis
956 5459 1056 5513 uiis
1083 5456 1257 5520 vadit,
1282 5457 1670 5526 implicabitur.
1696 5456 1801 5523 Qui
1829 5457 1897 5513 de
1920 5469 2069 5513 recta

484 5548 570 5602 via
597 5547 816 5600 virtutis
865 5562 1144 5616 nunquam
1165 5547 1422 5611 deﬂectit,
1466 5550 1927 5620 acvipitdivinuln
1969 5564 2070 5607 att-

487 5638 678 5691 xilium
707 5636 1060 5707 quoinsidias
1088 5639 1287 5693 diaboli
1312 5640 1621 5705 amovebit;
1648 5640 1741 5709 qui
1769 5655 1900 5694 vero
1924 5651 2072 5695 errat

487 5727 557 5778 ab
589 5742 674 5793 ea,
704 5736 758 5782 et
821 5727 1165 5795 passiouibus
1194 5730 1340 5783 utine
1399 5731 1558 5793 citra,
1594 5746 1741 5784 nunc
1775 5732 1916 5784 ultra
1957 5733 2070 5786 vir-

497 5820 663 5869 tutem
687 5818 936 5885 inservit,
971 5817 1059 5872 ille
1083 5821 1356 5875 constanti
1393 5821 1581 5876 habitu
1619 5823 1810 5883 harum
1854 5826 2069 5894 passio-

2178 4625 2338 4681 λίδων
2365 4628 2718 4702 ἐκκαθαίρων
2747 4630 2902 4699 αὐτὸ,
2925 4634 3023 4687 καὶ
3053 4634 3439 4700 διατεθήσεται
3466 4634 3647 4695 καλῶς
3671 4649 3751 4684 πε-

2180 4718 2237 4794 ρὶ
2264 4719 2325 4783 σέ
2348 4735 2364 4751 ο
2400 4722 2497 4775 καὶ
2545 4722 2805 4803 παράσχῃ
2854 4727 2923 4797 τῇ
2971 4725 3123 4797 ψυχῇ
3158 4743 3255 4781 σου
3295 4728 3648 4813 εὐπρέπειαν,
3692 4726 3750 4785 τὰ

2177 4812 2267 4863 ἐπ’
2305 4812 2457 4883 αύτῷ
2502 4814 2709 4886 ταύτης
2761 4816 3082 4888 βουλήματα
3133 4818 3378 4890 κοσμοῦν
3434 4812 3749 4891 ἐμπράκτως

2177 4905 2299 4958 κατ’
2328 4907 2530 4977 ἀρετήν
2555 4924 2569 4938 ο
2602 4909 2665 4963 ού
2695 4911 2806 4980 γὰρ
2834 4911 2914 4982 τῷ
2936 4910 3011 4985 μὴ
3042 4912 3135 4966 τὸν
3160 4912 3344 4981 λόγον,
3374 4914 3497 4967 καθ’
3528 4914 3588 4969 ὃν
3620 4913 3749 4967 ἐκτί-

2179 4996 2280 5068 σθη
2302 5036 2319 5062 ,
2373 5000 2679 5071 τηρήσαντι
2715 5002 2914 5073 πλήθει
2963 4990 3074 5058 τῶν
3109 5004 3387 5076 δαιμόνων
3421 5005 3748 5073 ὑποταγήσε-

2178 5103 2290 5153 σαι,
2317 5088 2454 5142 ἀλλὰ
2497 5093 2618 5155 ταῖς
2653 5095 2775 5156 σαῖς
2803 5093 3114 5167 ὑποθήκαις
3145 5097 3245 5167 τῆς
3289 5095 3557 5166 ἐπηρείας
3586 5092 3748 5157 αὐτῶν

2175 5180 2442 5246 ἀποστὰν,
2477 5183 2558 5247 εἰς
2590 5181 2723 5244 Θεὸν
2751 5184 3046 5265 καταφύγῃ
3094 5186 3196 5258 τὴν
3239 5187 3451 5258 σκέπην
3496 5185 3596 5257 τὴν
3629 5200 3747 5255 κρα-

2174 5271 2353 5327 ταιάν.

2249 5371 2339 5434 ιη’.
2379 5364 2433 5417 '0
2478 5369 2890 5437 πορευόμενος
2923 5368 3169 5438 δικαίως
3191 5370 3641 5442 ,βεβοηθήσεται
3668 5388 3683 5403 ’
3718 5370 3747 5436 ὁ

2173 5451 2243 5505 δὲ
2279 5455 2557 5523 σκολιαῖς
2600 5456 2764 5524 ὁδοῖς
2817 5461 3223 5529 πορευόμενος
3283 5462 3743 5533 eludentes!“

2190 5544 2248 5597 '0
2294 5546 2394 5615 μὲν
2433 5542 2535 5618 τῆς
2580 5549 2798 5615 εὐθείας
2837 5551 3025 5623 τρίϐου
3065 5553 3174 5606 τῶν
3230 5554 3445 5626 ἀρετῶν
3492 5552 3747 5625 μηδαμῶς

2174 5638 2597 5710 ἐκτρεπόμενος.
2654 5644 3003 5713 πεπλούτηκα
3039 5646 3139 5716 τὴν
3165 5645 3319 5702 θείαν
3363 5647 3649 5717 βοήθειανσ
3686 5642 3746 5699 δι’

2171 5726 2238 5803 ἧς
2277 5730 2376 5793 τὰς
2404 5731 2498 5784 τοῦ
2528 5732 2775 5787 διαϐόλου
2810 5736 3045 5805 παγίδας
3083 5738 3351 5808 ἐξέφυγεν
3376 5756 3389 5770 ’
3420 5743 3449 5793 ό
3469 5740 3527 5791 δὲ
3557 5739 3749 5811 ταύτης

2177 5823 2729 5895 ὲκτρεπόμενοςικαὶ
2774 5827 2903 5881 ποτὲ
2934 5829 3034 5898 μὲν
3081 5828 3346 5893 τοῖς’κατ’
3374 5829 3610 5901 ἔλλειψιν
3656 5827 3745 5901 τῆς
