  <div class='ocr_page' id='page_1' title='image "/cluster/home/n/w/nwhite01/storage/ocr_20150623/87:pt.1/coo.31924054869882/766.png"; bbox 0 0 3976 6400; ppageno 0'>
   <div class='ocr_carea' id='block_1_1' title="bbox 404 402 534 470">
    <p class='ocr_par' dir='ltr' id='par_1_1' title="bbox 404 402 534 470">
     <span class='ocr_line' id='line_1_1' title="bbox 404 402 534 470; baseline -0.023 0"><span class='ocrx_word' id='word_1_1' title='bbox 404 402 534 470; x_wconf 74' lang='lat'><strong>1531</strong></span> 
     </span>
    </p>
   </div>
   <div class='ocr_carea' id='block_1_2' title="bbox 1697 383 2328 447">
    <p class='ocr_par' dir='ltr' id='par_1_2' title="bbox 1697 383 2328 447">
     <span class='ocr_line' id='line_1_2' title="bbox 1697 383 2328 447; baseline -0.008 -1"><span class='ocrx_word' id='word_1_2' title='bbox 1697 384 2046 447; x_wconf 80' lang='lat' dir='ltr'><strong>PROCOPII</strong></span> <span class='ocrx_word' id='word_1_3' title='bbox 2087 383 2328 446; x_wconf 74' lang='lat' dir='ltr'><strong>G.=\Z.El</strong></span> 
     </span>
    </p>
   </div>
   <div class='ocr_carea' id='block_1_3' title="bbox 3584 351 3720 426">
    <p class='ocr_par' dir='ltr' id='par_1_3' title="bbox 3584 351 3720 426">
     <span class='ocr_line' id='line_1_3' title="bbox 3584 351 3720 426; baseline -0.037 -1"><span class='ocrx_word' id='word_1_4' title='bbox 3584 351 3720 426; x_wconf 70' lang='lat'><strong>1512</strong></span> 
     </span>
    </p>
   </div>
   <div class='ocr_carea' id='block_1_4' title="bbox 395 474 2022 582">
    <p class='ocr_par' dir='ltr' id='par_1_4' title="bbox 395 494 2001 582">
     <span class='ocr_line' id='line_1_4' title="bbox 395 494 2001 582; baseline -0.012 -15"><span class='ocrx_word' id='word_1_5' title='bbox 395 512 617 582; x_wconf 77' lang='lat' dir='ltr'><strong>conﬁdit</strong></span> <span class='ocrx_word' id='word_1_6' title='bbox 655 523 810 578; x_wconf 78' lang='lat' dir='ltr'><strong>super</strong></span> <span class='ocrx_word' id='word_1_7' title='bbox 855 506 1158 569; x_wconf 73' lang='lat' dir='ltr'><strong>Dominum,</strong></span> <span class='ocrx_word' id='word_1_8' title='bbox 1194 502 1248 557; x_wconf 86' lang='lat' dir='ltr'><strong>in</strong></span> <span class='ocrx_word' id='word_1_9' title='bbox 1283 514 1414 556; x_wconf 83' lang='lat' dir='ltr'><strong>cura</strong></span> <span class='ocrx_word' id='word_1_10' title='bbox 1455 497 1699 569; x_wconf 79' lang='lat' dir='ltr'><strong>diligenti</strong></span> <span class='ocrx_word' id='word_1_11' title='bbox 1733 497 1858 550; x_wconf 84' lang='lat' dir='ltr'><strong>erit.</strong></span> <span class='ocrx_word' id='word_1_12' title='bbox 1896 494 2001 561; x_wconf 88' lang='lat' dir='ltr'><strong>Qui</strong></span> 
     </span>
    </p>
   </div>
   <div class='ocr_carea' id='block_1_5' title="bbox 2132 474 3722 582">
    <p class='ocr_par' dir='ltr' id='par_1_5' title="bbox 2132 474 3722 558">
     <span class='ocr_line' id='line_1_5' title="bbox 2132 474 3722 558; baseline -0.009 -12"><span class='ocrx_word' id='word_1_13' title='bbox 2132 495 2315 547; x_wconf 81' lang='grc' dir='ltr'>ιοιθεν</span> <span class='ocrx_word' id='word_1_14' title='bbox 2335 488 2436 550; x_wconf 73' lang='grc' dir='ltr'><strong>ἐπὶ</strong></span> <span class='ocrx_word' id='word_1_15' title='bbox 2472 488 2726 558; x_wconf 75' lang='grc' dir='ltr'>Κύριον,</span> <span class='ocrx_word' id='word_1_16' title='bbox 2779 485 2850 540; x_wconf 81' lang='grc' dir='ltr'>ἐν</span> <span class='ocrx_word' id='word_1_17' title='bbox 2901 479 3212 555; x_wconf 78' lang='grc' dir='ltr'>ἐπιμελείᾳ</span> <span class='ocrx_word' id='word_1_18' title='bbox 3239 478 3435 535; x_wconf 74' lang='grc' dir='ltr'>ἔσται.</span> <span class='ocrx_word' id='word_1_19' title='bbox 3496 474 3557 529; x_wconf 84' lang='grc'><strong>’0</strong></span> <span class='ocrx_word' id='word_1_20' title='bbox 3585 479 3722 551; x_wconf 72' lang='grc' dir='ltr'>περὶ</span> 
     </span>
    </p>
   </div>
   <div class='ocr_carea' id='block_1_6' title="bbox 396 587 1999 662">
    <p class='ocr_par' dir='ltr' id='par_1_6' title="bbox 396 587 1999 662">
     <span class='ocr_line' id='line_1_6' title="bbox 396 587 1999 662; baseline -0.012 -4"><span class='ocrx_word' id='word_1_21' title='bbox 396 603 598 658; x_wconf 79' lang='lat' dir='ltr'><strong>anxius</strong></span> <span class='ocrx_word' id='word_1_22' title='bbox 634 610 726 656; x_wconf 80' lang='lat' dir='ltr'><strong>est</strong></span> <span class='ocrx_word' id='word_1_23' title='bbox 755 602 822 655; x_wconf 90' lang='lat' dir='ltr'><strong>de</strong></span> <span class='ocrx_word' id='word_1_24' title='bbox 856 597 945 652; x_wconf 89' lang='lat' dir='ltr'><strong>die</strong></span> <span class='ocrx_word' id='word_1_25' title='bbox 977 595 1224 651; x_wconf 83' lang='lat' dir='ltr'><strong>crastina</strong></span> <span class='ocrx_word' id='word_1_26' title='bbox 1250 633 1266 655; x_wconf 86' lang='lat'><strong>,</strong></span> <span class='ocrx_word' id='word_1_27' title='bbox 1319 605 1499 662; x_wconf 86' lang='lat' dir='ltr'><strong>neque</strong></span> <span class='ocrx_word' id='word_1_28' title='bbox 1554 588 1672 643; x_wconf 79' lang='lat' dir='ltr'><strong>ﬁdit</strong></span> <span class='ocrx_word' id='word_1_29' title='bbox 1721 588 1776 642; x_wconf 88' lang='lat' dir='ltr'><strong>in</strong></span> <span class='ocrx_word' id='word_1_30' title='bbox 1810 587 1999 641; x_wconf 82' lang='lat' dir='ltr'><strong>divina</strong></span> 
     </span>
    </p>
   </div>
   <div class='ocr_carea' id='block_1_7' title="bbox 400 681 2001 772">
    <p class='ocr_par' dir='ltr' id='par_1_7' title="bbox 400 681 2001 772">
     <span class='ocr_line' id='line_1_7' title="bbox 400 681 2001 772; baseline -0.012 -18"><span class='ocrx_word' id='word_1_31' title='bbox 400 696 774 772; x_wconf 75' lang='lat' dir='ltr'><strong>providentia,</strong></span> <span class='ocrx_word' id='word_1_32' title='bbox 814 708 914 750; x_wconf 88' lang='lat' dir='ltr'><strong>sua</strong></span> <span class='ocrx_word' id='word_1_33' title='bbox 946 691 1024 746; x_wconf 91' lang='lat' dir='ltr'><strong>illi</strong></span> <span class='ocrx_word' id='word_1_34' title='bbox 1069 705 1180 745; x_wconf 90' lang='lat' dir='ltr'><strong>non</strong></span> <span class='ocrx_word' id='word_1_35' title='bbox 1212 686 1535 747; x_wconf 85' lang='lat' dir='ltr'><strong>committit,</strong></span> <span class='ocrx_word' id='word_1_36' title='bbox 1568 682 1663 755; x_wconf 88' lang='lat' dir='ltr'><strong>qui</strong></span> <span class='ocrx_word' id='word_1_37' title='bbox 1692 681 1796 737; x_wconf 83' lang='lat' dir='ltr'><strong>sibi</strong></span> <span class='ocrx_word' id='word_1_38' title='bbox 1831 681 2001 735; x_wconf 82' lang='lat' dir='ltr'><strong>mise-</strong></span> 
     </span>
    </p>
   </div>
   <div class='ocr_carea' id='block_1_8' title="bbox 400 775 2003 857">
    <p class='ocr_par' dir='ltr' id='par_1_8' title="bbox 400 775 2003 857">
     <span class='ocr_line' id='line_1_8' title="bbox 400 775 2003 857; baseline -0.012 -8"><span class='ocrx_word' id='word_1_39' title='bbox 400 794 497 849; x_wconf 76' lang='lat' dir='ltr'><strong>rite</strong></span> <span class='ocrx_word' id='word_1_40' title='bbox 535 803 587 847; x_wconf 90' lang='lat' dir='ltr'><strong>et</strong></span> <span class='ocrx_word' id='word_1_41' title='bbox 619 788 923 847; x_wconf 74' lang='lat' dir='ltr'><strong>senectutis</strong></span> <span class='ocrx_word' id='word_1_42' title='bbox 947 786 1331 857; x_wconf 72' lang='lat' dir='ltr'><strong>phantasmata</strong></span> <span class='ocrx_word' id='word_1_43' title='bbox 1361 779 1591 851; x_wconf 70' lang='lat' dir='ltr'><strong>emugit,</strong></span> <span class='ocrx_word' id='word_1_44' title='bbox 1622 778 1713 833; x_wconf 78' lang='lat' dir='ltr'><strong>ille</strong></span> <span class='ocrx_word' id='word_1_45' title='bbox 1739 777 1808 832; x_wconf 86' lang='lat' dir='ltr'><strong>(le</strong></span> <span class='ocrx_word' id='word_1_46' title='bbox 1838 775 2003 832; x_wconf 80' lang='lat' dir='ltr'><strong>rebus</strong></span> 
     </span>
    </p>
   </div>
   <div class='ocr_carea' id='block_1_9' title="bbox 401 866 2000 948">
    <p class='ocr_par' dir='ltr' id='par_1_9' title="bbox 401 866 2000 948">
     <span class='ocr_line' id='line_1_9' title="bbox 401 866 2000 948; baseline -0.013 -8"><span class='ocrx_word' id='word_1_47' title='bbox 401 885 632 940; x_wconf 73' lang='lat' dir='ltr'><strong>incertis</strong></span> <span class='ocrx_word' id='word_1_48' title='bbox 671 883 723 936; x_wconf 89' lang='lat' dir='ltr'><strong>in</strong></span> <span class='ocrx_word' id='word_1_49' title='bbox 785 894 988 934; x_wconf 89' lang='lat' dir='ltr'><strong>vanum</strong></span> <span class='ocrx_word' id='word_1_50' title='bbox 1029 876 1280 948; x_wconf 86' lang='lat' dir='ltr'><strong>judicat;</strong></span> <span class='ocrx_word' id='word_1_51' title='bbox 1320 873 1467 928; x_wconf 90' lang='lat' dir='ltr'><strong>idem</strong></span> <span class='ocrx_word' id='word_1_52' title='bbox 1514 870 1692 926; x_wconf 79' lang='lat' dir='ltr'><strong>nescit</strong></span> <span class='ocrx_word' id='word_1_53' title='bbox 1721 868 1858 940; x_wconf 82' lang='lat' dir='ltr'><strong>quid</strong></span> <span class='ocrx_word' id='word_1_54' title='bbox 1917 866 2000 921; x_wconf 83' lang='lat' dir='ltr'><strong>af-</strong></span> 
     </span>
    </p>
   </div>
   <div class='ocr_carea' id='block_1_10' title="bbox 402 958 2007 1044">
    <p class='ocr_par' dir='ltr' id='par_1_10' title="bbox 402 958 2007 1044">
     <span class='ocr_line' id='line_1_10' title="bbox 402 958 2007 1044; baseline -0.012 -14"><span class='ocrx_word' id='word_1_55' title='bbox 402 974 546 1030; x_wconf 78' lang='lat' dir='ltr'><strong>ferat</strong></span> <span class='ocrx_word' id='word_1_56' title='bbox 575 975 694 1029; x_wconf 78' lang='lat' dir='ltr'><strong>dies</strong></span> <span class='ocrx_word' id='word_1_57' title='bbox 728 972 1004 1044; x_wconf 76' lang='lat' dir='ltr'><strong>proxima,</strong></span> <span class='ocrx_word' id='word_1_58' title='bbox 1041 976 1097 1024; x_wconf 84' lang='lat' dir='ltr'><strong>et</strong></span> <span class='ocrx_word' id='word_1_59' title='bbox 1127 967 1251 1021; x_wconf 87' lang='lat' dir='ltr'><strong>ideo</strong></span> <span class='ocrx_word' id='word_1_60' title='bbox 1298 963 1611 1019; x_wconf 82' lang='lat' dir='ltr'><strong>innumeris</strong></span> <span class='ocrx_word' id='word_1_61' title='bbox 1646 958 2007 1031; x_wconf 81' lang='lat' dir='ltr'><strong>cogitationi-</strong></span> 
     </span>
    </p>
   </div>
   <div class='ocr_carea' id='block_1_11' title="bbox 402 1050 2008 1136">
    <p class='ocr_par' dir='ltr' id='par_1_11' title="bbox 402 1050 2008 1136">
     <span class='ocr_line' id='line_1_11' title="bbox 402 1050 2008 1136; baseline -0.01 -13"><span class='ocrx_word' id='word_1_62' title='bbox 402 1068 508 1123; x_wconf 89' lang='lat' dir='ltr'><strong>bus</strong></span> <span class='ocrx_word' id='word_1_63' title='bbox 537 1065 853 1136; x_wconf 83' lang='lat' dir='ltr'><strong>implicatus</strong></span> <span class='ocrx_word' id='word_1_64' title='bbox 894 1062 962 1117; x_wconf 91' lang='lat' dir='ltr'><strong>de</strong></span> <span class='ocrx_word' id='word_1_65' title='bbox 986 1058 1208 1132; x_wconf 83' lang='lat' dir='ltr'><strong>prOpria</strong></span> <span class='ocrx_word' id='word_1_66' title='bbox 1233 1057 1411 1112; x_wconf 82' lang='lat' dir='ltr'><strong>salute</strong></span> <span class='ocrx_word' id='word_1_67' title='bbox 1439 1068 1631 1125; x_wconf 88' lang='lat' dir='ltr'><strong>parum</strong></span> <span class='ocrx_word' id='word_1_68' title='bbox 1681 1058 1866 1107; x_wconf 84' lang='lat' dir='ltr'><strong>curat.</strong></span> <span class='ocrx_word' id='word_1_69' title='bbox 1901 1050 2008 1107; x_wconf 87' lang='lat' dir='ltr'><strong>lste</strong></span> 
     </span>
    </p>
   </div>
   <div class='ocr_carea' id='block_1_12' title="bbox 404 1143 2006 1226">
    <p class='ocr_par' dir='ltr' id='par_1_12' title="bbox 404 1143 2006 1226">
     <span class='ocr_line' id='line_1_12' title="bbox 404 1143 2006 1226; baseline -0.012 -13"><span class='ocrx_word' id='word_1_70' title='bbox 404 1168 590 1213; x_wconf 89' lang='lat' dir='ltr'><strong>autem</strong></span> <span class='ocrx_word' id='word_1_71' title='bbox 653 1155 748 1226; x_wconf 91' lang='lat' dir='ltr'><strong>qui</strong></span> <span class='ocrx_word' id='word_1_72' title='bbox 806 1161 993 1224; x_wconf 89' lang='lat' dir='ltr'><strong>sperat</strong></span> <span class='ocrx_word' id='word_1_73' title='bbox 1040 1152 1096 1206; x_wconf 93' lang='lat' dir='ltr'><strong>in</strong></span> <span class='ocrx_word' id='word_1_74' title='bbox 1145 1148 1318 1205; x_wconf 87' lang='lat' dir='ltr'><strong>Deum</strong></span> <span class='ocrx_word' id='word_1_75' title='bbox 1378 1146 1672 1200; x_wconf 88' lang='lat' dir='ltr'><strong>Dominum</strong></span> <span class='ocrx_word' id='word_1_76' title='bbox 1732 1143 2006 1208; x_wconf 89' lang='lat' dir='ltr'><strong>omnium,</strong></span> 
     </span>
    </p>
   </div>
   <div class='ocr_carea' id='block_1_13' title="bbox 338 1241 1291 1321">
    <p class='ocr_par' dir='ltr' id='par_1_13' title="bbox 338 1241 1291 1321">
     <span class='ocr_line' id='line_1_13' title="bbox 338 1241 1291 1321; baseline -0.01 -17"><span class='ocrx_word' id='word_1_77' title='bbox 338 1288 343 1293; x_wconf 62' lang='grc' dir='ltr'><strong>ι</strong></span> <span class='ocrx_word' id='word_1_78' title='bbox 402 1249 749 1321; x_wconf 80' lang='lat' dir='ltr'><strong>providentia</strong></span> <span class='ocrx_word' id='word_1_79' title='bbox 777 1249 896 1316; x_wconf 88' lang='lat' dir='ltr'><strong>ejus</strong></span> <span class='ocrx_word' id='word_1_80' title='bbox 926 1245 1131 1315; x_wconf 75' lang='lat' dir='ltr'><strong>dignus</strong></span> <span class='ocrx_word' id='word_1_81' title='bbox 1162 1241 1291 1297; x_wconf 85' lang='lat' dir='ltr'><strong>erit.</strong></span> 
     </span>
    </p>
   </div>
   <div class='ocr_carea' id='block_1_14' title="bbox 474 1430 2007 1511">
    <p class='ocr_par' dir='ltr' id='par_1_14' title="bbox 474 1430 2007 1511">
     <span class='ocr_line' id='line_1_14' title="bbox 474 1430 2007 1511; baseline -0.014 -6"><span class='ocrx_word' id='word_1_82' title='bbox 474 1449 641 1504; x_wconf 67' lang='lat' dir='ltr'><strong>Vens.</strong></span> <span class='ocrx_word' id='word_1_83' title='bbox 669 1444 783 1502; x_wconf 48' lang='lat'><strong>26.’</strong></span> <span class='ocrx_word' id='word_1_84' title='bbox 803 1445 908 1511; x_wconf 87' lang='lat' dir='ltr'><strong>Qui</strong></span> <span class='ocrx_word' id='word_1_85' title='bbox 936 1442 1157 1511; x_wconf 79' lang='lat' dir='ltr'><strong>conﬁdit</strong></span> <span class='ocrx_word' id='word_1_86' title='bbox 1185 1437 1439 1509; x_wconf 43' lang='lat' dir='ltr'><strong>;audacia</strong></span> <span class='ocrx_word' id='word_1_87' title='bbox 1482 1435 1658 1490; x_wconf 82' lang='lat' dir='ltr'><strong>cordis</strong></span> <span class='ocrx_word' id='word_1_88' title='bbox 1685 1473 1701 1498; x_wconf 91' lang='lat'><strong>,</strong></span> <span class='ocrx_word' id='word_1_89' title='bbox 1756 1430 1882 1486; x_wconf 82' lang='lat' dir='ltr'><strong>talis</strong></span> <span class='ocrx_word' id='word_1_90' title='bbox 1931 1439 2007 1486; x_wconf 85' lang='lat' dir='ltr'><strong>est</strong></span> 
     </span>
    </p>
   </div>
   <div class='ocr_carea' id='block_1_15' title="bbox 293 1523 2003 1612">
    <p class='ocr_par' dir='ltr' id='par_1_15' title="bbox 293 1523 2003 1612">
     <span class='ocr_line' id='line_1_15' title="bbox 293 1523 2003 1612; baseline -0.015 -11"><span class='ocrx_word' id='word_1_91' title='bbox 293 1530 301 1540; x_wconf 67' lang='grc'><em>’</em></span> <span class='ocrx_word' id='word_1_92' title='bbox 404 1545 750 1612; x_wconf 76' lang='lat' dir='ltr'><strong>imprudens;</strong></span> <span class='ocrx_word' id='word_1_93' title='bbox 779 1542 869 1611; x_wconf 85' lang='lat' dir='ltr'><strong>qui</strong></span> <span class='ocrx_word' id='word_1_94' title='bbox 891 1551 1070 1593; x_wconf 84' lang='lat' dir='ltr'><strong>autem</strong></span> <span class='ocrx_word' id='word_1_95' title='bbox 1103 1534 1343 1588; x_wconf 85' lang='lat' dir='ltr'><strong>ambulat</strong></span> <span class='ocrx_word' id='word_1_96' title='bbox 1368 1530 1660 1601; x_wconf 80' lang='lat' dir='ltr'><strong>sapienter,</strong></span> <span class='ocrx_word' id='word_1_97' title='bbox 1687 1523 2003 1580; x_wconf 80' lang='lat' dir='ltr'><strong>saluabitur.</strong></span> 
     </span>
    </p>
   </div>
   <div class='ocr_carea' id='block_1_16' title="bbox 405 1618 2011 1702">
    <p class='ocr_par' dir='ltr' id='par_1_16' title="bbox 405 1618 2011 1702">
     <span class='ocr_line' id='line_1_16' title="bbox 405 1618 2011 1702; baseline -0.015 -12"><span class='ocrx_word' id='word_1_98' title='bbox 405 1636 510 1702; x_wconf 87' lang='lat' dir='ltr'><strong>Qui</strong></span> <span class='ocrx_word' id='word_1_99' title='bbox 571 1633 770 1688; x_wconf 83' lang='lat' dir='ltr'><strong>ardore</strong></span> <span class='ocrx_word' id='word_1_100' title='bbox 827 1645 973 1685; x_wconf 63' lang='lat' dir='ltr'><strong>caeco</strong></span> <span class='ocrx_word' id='word_1_101' title='bbox 1037 1642 1151 1682; x_wconf 69' lang='lat' dir='ltr'><strong>suae</strong></span> <span class='ocrx_word' id='word_1_102' title='bbox 1209 1622 1426 1679; x_wconf 71' lang='lat' dir='ltr'><strong>ﬁduciae</strong></span> <span class='ocrx_word' id='word_1_103' title='bbox 1488 1618 1830 1689; x_wconf 84' lang='lat' dir='ltr'><strong>impellitur,</strong></span> <span class='ocrx_word' id='word_1_104' title='bbox 1900 1627 2011 1668; x_wconf 85' lang='lat' dir='ltr'><strong>non</strong></span> 
     </span>
    </p>
   </div>
   <div class='ocr_carea' id='block_1_17' title="bbox 408 1707 2012 1796">
    <p class='ocr_par' dir='ltr' id='par_1_17' title="bbox 408 1707 2012 1796">
     <span class='ocr_line' id='line_1_17' title="bbox 408 1707 2012 1796; baseline -0.015 -10"><span class='ocrx_word' id='word_1_105' title='bbox 408 1736 630 1786; x_wconf 82' lang='lat' dir='ltr'><strong>exercet</strong></span> <span class='ocrx_word' id='word_1_106' title='bbox 673 1724 946 1796; x_wconf 85' lang='lat' dir='ltr'><strong>judicium</strong></span> <span class='ocrx_word' id='word_1_107' title='bbox 980 1734 1092 1791; x_wconf 91' lang='lat' dir='ltr'><strong>quo</strong></span> <span class='ocrx_word' id='word_1_108' title='bbox 1122 1713 1577 1786; x_wconf 85' lang='lat' dir='ltr'><strong>concupiscentia</strong></span> <span class='ocrx_word' id='word_1_109' title='bbox 1613 1712 1668 1765; x_wconf 85' lang='lat' dir='ltr'><strong>in</strong></span> <span class='ocrx_word' id='word_1_110' title='bbox 1712 1725 1841 1765; x_wconf 83' lang='lat' dir='ltr'><strong>vere</strong></span> <span class='ocrx_word' id='word_1_111' title='bbox 1886 1707 2012 1779; x_wconf 87' lang='lat' dir='ltr'><strong>pul-</strong></span> 
     </span>
    </p>
   </div>
   <div class='ocr_carea' id='block_1_18' title="bbox 413 1799 2009 1880">
    <p class='ocr_par' dir='ltr' id='par_1_18' title="bbox 413 1799 2009 1880">
     <span class='ocr_line' id='line_1_18' title="bbox 413 1799 2009 1880; baseline -0.013 -5"><span class='ocrx_word' id='word_1_112' title='bbox 413 1822 610 1876; x_wconf 84' lang='lat' dir='ltr'><strong>chrum</strong></span> <span class='ocrx_word' id='word_1_113' title='bbox 669 1818 865 1880; x_wconf 82' lang='lat' dir='ltr'><strong>fertur,</strong></span> <span class='ocrx_word' id='word_1_114' title='bbox 910 1821 965 1870; x_wconf 91' lang='lat' dir='ltr'><strong>et</strong></span> <span class='ocrx_word' id='word_1_115' title='bbox 1013 1812 1218 1867; x_wconf 90' lang='lat' dir='ltr'><strong>malum</strong></span> <span class='ocrx_word' id='word_1_116' title='bbox 1272 1809 1355 1863; x_wconf 88' lang='lat' dir='ltr'><strong>vis</strong></span> <span class='ocrx_word' id='word_1_117' title='bbox 1407 1803 1717 1861; x_wconf 88' lang='lat' dir='ltr'><strong>irascibilis</strong></span> <span class='ocrx_word' id='word_1_118' title='bbox 1769 1799 2009 1873; x_wconf 88' lang='lat' dir='ltr'><strong>repellit.</strong></span> 
     </span>
    </p>
   </div>
   <div class='ocr_carea' id='block_1_19' title="bbox 414 1900 2010 1981">
    <p class='ocr_par' dir='ltr' id='par_1_19' title="bbox 414 1900 2010 1981">
     <span class='ocr_line' id='line_1_19' title="bbox 414 1900 2010 1981; baseline -0.013 -16"><span class='ocrx_word' id='word_1_119' title='bbox 414 1912 522 1981; x_wconf 85' lang='lat' dir='ltr'><strong>Qui</strong></span> <span class='ocrx_word' id='word_1_120' title='bbox 561 1925 691 1966; x_wconf 85' lang='lat' dir='ltr'><strong>vero</strong></span> <span class='ocrx_word' id='word_1_121' title='bbox 734 1908 1016 1964; x_wconf 87' lang='lat' dir='ltr'><strong>intellectu</strong></span> <span class='ocrx_word' id='word_1_122' title='bbox 1049 1914 1105 1960; x_wconf 89' lang='lat' dir='ltr'><strong>et</strong></span> <span class='ocrx_word' id='word_1_123' title='bbox 1141 1903 1191 1956; x_wconf 83' lang='lat' dir='ltr'><strong>vi</strong></span> <span class='ocrx_word' id='word_1_124' title='bbox 1241 1900 1528 1972; x_wconf 63' lang='lat' dir='ltr'><strong>sapientiae</strong></span> <span class='ocrx_word' id='word_1_125' title='bbox 1568 1910 1771 1952; x_wconf 88' lang='lat' dir='ltr'><strong>causas</strong></span> <span class='ocrx_word' id='word_1_126' title='bbox 1826 1907 2010 1949; x_wconf 88' lang='lat' dir='ltr'><strong>rerum</strong></span> 
     </span>
    </p>
   </div>
   <div class='ocr_carea' id='block_1_20' title="bbox 414 1986 2012 2075">
    <p class='ocr_par' dir='ltr' id='par_1_20' title="bbox 414 1986 2012 2075">
     <span class='ocr_line' id='line_1_20' title="bbox 414 1986 2012 2075; baseline -0.014 -16"><span class='ocrx_word' id='word_1_127' title='bbox 414 2003 571 2075; x_wconf 87' lang='lat' dir='ltr'><strong>prius</strong></span> <span class='ocrx_word' id='word_1_128' title='bbox 595 2000 815 2072; x_wconf 66' lang='lat' dir='ltr'><strong>quaerit,</strong></span> <span class='ocrx_word' id='word_1_129' title='bbox 844 2006 899 2054; x_wconf 83' lang='lat' dir='ltr'><strong>et</strong></span> <span class='ocrx_word' id='word_1_130' title='bbox 930 1993 1141 2053; x_wconf 88' lang='lat' dir='ltr'><strong>deinde</strong></span> <span class='ocrx_word' id='word_1_131' title='bbox 1171 1993 1278 2048; x_wconf 84' lang='lat' dir='ltr'><strong>hoc</strong></span> <span class='ocrx_word' id='word_1_132' title='bbox 1319 1987 1602 2046; x_wconf 89' lang='lat' dir='ltr'><strong>desiderio</strong></span> <span class='ocrx_word' id='word_1_133' title='bbox 1636 1986 2012 2059; x_wconf 87' lang='lat' dir='ltr'><strong>prosequitur,</strong></span> 
     </span>
    </p>
   </div>
   <div class='ocr_carea' id='block_1_21' title="bbox 409 2076 2012 2161">
    <p class='ocr_par' dir='ltr' id='par_1_21' title="bbox 409 2076 2012 2161">
     <span class='ocr_line' id='line_1_21' title="bbox 409 2076 2012 2161; baseline -0.013 -11"><span class='ocrx_word' id='word_1_134' title='bbox 409 2094 546 2151; x_wconf 90' lang='lat' dir='ltr'><strong>illud</strong></span> <span class='ocrx_word' id='word_1_135' title='bbox 578 2094 659 2147; x_wconf 87' lang='lat' dir='ltr'><strong>ira</strong></span> <span class='ocrx_word' id='word_1_136' title='bbox 694 2089 946 2161; x_wconf 87' lang='lat' dir='ltr'><strong>repellit,</strong></span> <span class='ocrx_word' id='word_1_137' title='bbox 988 2086 1037 2142; x_wconf 92' lang='lat' dir='ltr'><strong>is</strong></span> <span class='ocrx_word' id='word_1_138' title='bbox 1076 2084 1401 2156; x_wconf 78' lang='lat' dir='ltr'><strong>expedietur</strong></span> <span class='ocrx_word' id='word_1_139' title='bbox 1446 2093 1591 2136; x_wconf 64' lang='lat' dir='ltr'><strong>caeca</strong></span> <span class='ocrx_word' id='word_1_140' title='bbox 1626 2076 2012 2140; x_wconf 87' lang='lat' dir='ltr'><strong>inclinatione,</strong></span> 
     </span>
    </p>
   </div>
   <div class='ocr_carea' id='block_1_22' title="bbox 410 2171 1843 2259">
    <p class='ocr_par' dir='ltr' id='par_1_22' title="bbox 410 2171 1843 2259">
     <span class='ocr_line' id='line_1_22' title="bbox 410 2171 1843 2259; baseline -0.013 -17"><span class='ocrx_word' id='word_1_141' title='bbox 410 2203 518 2259; x_wconf 87' lang='lat' dir='ltr'><strong>qua</strong></span> <span class='ocrx_word' id='word_1_142' title='bbox 554 2184 789 2241; x_wconf 77' lang='lat' dir='ltr'><strong>ferimur</strong></span> <span class='ocrx_word' id='word_1_143' title='bbox 816 2180 873 2238; x_wconf 91' lang='lat' dir='ltr'><strong>in</strong></span> <span class='ocrx_word' id='word_1_144' title='bbox 906 2178 1169 2252; x_wconf 71' lang='lat' dir='ltr'><strong>nequitias</strong></span> <span class='ocrx_word' id='word_1_145' title='bbox 1197 2189 1448 2248; x_wconf 66' lang='lat' dir='ltr'><strong>praeceps</strong></span> <span class='ocrx_word' id='word_1_146' title='bbox 1473 2182 1530 2231; x_wconf 87' lang='lat' dir='ltr'><strong>et</strong></span> <span class='ocrx_word' id='word_1_147' title='bbox 1555 2171 1843 2243; x_wconf 81' lang='lat' dir='ltr'><strong>abyssum.</strong></span> 
     </span>
    </p>
   </div>
   <div class='ocr_carea' id='block_1_23' title="bbox 488 2431 2015 2510">
    <p class='ocr_par' dir='ltr' id='par_1_23' title="bbox 488 2431 2015 2510">
     <span class='ocr_line' id='line_1_23' title="bbox 488 2431 2015 2510; baseline -0.008 -14"><span class='ocrx_word' id='word_1_148' title='bbox 488 2441 762 2499; x_wconf 69' lang='lat' dir='ltr'><strong>\‘Ens.27.</strong></span> <span class='ocrx_word' id='word_1_149' title='bbox 808 2440 919 2507; x_wconf 83' lang='lat' dir='ltr'><strong>Qui</strong></span> <span class='ocrx_word' id='word_1_150' title='bbox 949 2439 1042 2495; x_wconf 88' lang='lat' dir='ltr'><strong>dat</strong></span> <span class='ocrx_word' id='word_1_151' title='bbox 1071 2437 1416 2510; x_wconf 78' lang='lat' dir='ltr'><strong>pauperibus,</strong></span> <span class='ocrx_word' id='word_1_152' title='bbox 1459 2451 1566 2491; x_wconf 86' lang='lat' dir='ltr'><strong>non</strong></span> <span class='ocrx_word' id='word_1_153' title='bbox 1599 2432 1888 2502; x_wconf 78' lang='lat' dir='ltr'><strong>indigebit;</strong></span> <span class='ocrx_word' id='word_1_154' title='bbox 1923 2431 2015 2503; x_wconf 86' lang='lat' dir='ltr'><strong>qui</strong></span> 
     </span>
    </p>
   </div>
   <div class='ocr_carea' id='block_1_24' title="bbox 415 2525 2011 2601">
    <p class='ocr_par' dir='ltr' id='par_1_24' title="bbox 415 2525 2011 2601">
     <span class='ocr_line' id='line_1_24' title="bbox 415 2525 2011 2601; baseline -0.008 -10"><span class='ocrx_word' id='word_1_155' title='bbox 415 2549 592 2592; x_wconf 81' lang='lat' dir='ltr'><strong>autem</strong></span> <span class='ocrx_word' id='word_1_156' title='bbox 650 2537 839 2590; x_wconf 82' lang='lat' dir='ltr'><strong>avertit</strong></span> <span class='ocrx_word' id='word_1_157' title='bbox 872 2533 1084 2601; x_wconf 62' lang='lat' dir='ltr'><strong>ogulum</strong></span> <span class='ocrx_word' id='word_1_158' title='bbox 1109 2546 1265 2585; x_wconf 87' lang='lat' dir='ltr'><strong>suum</strong></span> <span class='ocrx_word' id='word_1_159' title='bbox 1290 2569 1305 2593; x_wconf 93' lang='lat'><strong>,</strong></span> <span class='ocrx_word' id='word_1_160' title='bbox 1339 2530 1395 2583; x_wconf 86' lang='lat' dir='ltr'><strong>in</strong></span> <span class='ocrx_word' id='word_1_161' title='bbox 1422 2527 1596 2581; x_wconf 83' lang='lat' dir='ltr'><strong>multa</strong></span> <span class='ocrx_word' id='word_1_162' title='bbox 1634 2525 1859 2596; x_wconf 85' lang='lat' dir='ltr'><strong>penuria</strong></span> <span class='ocrx_word' id='word_1_163' title='bbox 1883 2525 2011 2579; x_wconf 82' lang='lat' dir='ltr'><strong>erit.</strong></span> 
     </span>
    </p>
   </div>
   <div class='ocr_carea' id='block_1_25' title="bbox 416 2617 2014 2696">
    <p class='ocr_par' dir='ltr' id='par_1_25' title="bbox 416 2617 2014 2696">
     <span class='ocr_line' id='line_1_25' title="bbox 416 2617 2014 2696; baseline -0.006 -12"><span class='ocrx_word' id='word_1_164' title='bbox 416 2629 521 2696; x_wconf 82' lang='lat' dir='ltr'><strong>Qui</strong></span> <span class='ocrx_word' id='word_1_165' title='bbox 567 2630 687 2684; x_wconf 87' lang='lat' dir='ltr'><strong>sine</strong></span> <span class='ocrx_word' id='word_1_166' title='bbox 735 2627 942 2681; x_wconf 83' lang='lat' dir='ltr'><strong>invidia</strong></span> <span class='ocrx_word' id='word_1_167' title='bbox 989 2625 1215 2680; x_wconf 83' lang='lat' dir='ltr'><strong>divitias</strong></span> <span class='ocrx_word' id='word_1_168' title='bbox 1243 2630 1297 2678; x_wconf 89' lang='lat' dir='ltr'><strong>et</strong></span> <span class='ocrx_word' id='word_1_169' title='bbox 1327 2620 1621 2678; x_wconf 85' lang='lat' dir='ltr'><strong>scientiam</strong></span> <span class='ocrx_word' id='word_1_170' title='bbox 1671 2617 2014 2690; x_wconf 82' lang='lat' dir='ltr'><strong>pauperibus</strong></span> 
     </span>
    </p>
   </div>
   <div class='ocr_carea' id='block_1_26' title="bbox 422 2711 2016 2794">
    <p class='ocr_par' dir='ltr' id='par_1_26' title="bbox 422 2711 2016 2794">
     <span class='ocr_line' id='line_1_26' title="bbox 422 2711 2016 2794; baseline -0.009 -17"><span class='ocrx_word' id='word_1_171' title='bbox 422 2723 679 2794; x_wconf 75' lang='lat' dir='ltr'><strong>largitur,</strong></span> <span class='ocrx_word' id='word_1_172' title='bbox 722 2722 845 2775; x_wconf 87' lang='lat' dir='ltr'><strong>istis</strong></span> <span class='ocrx_word' id='word_1_173' title='bbox 876 2720 1041 2774; x_wconf 88' lang='lat' dir='ltr'><strong>rebus</strong></span> <span class='ocrx_word' id='word_1_174' title='bbox 1074 2728 1360 2785; x_wconf 81' lang='lat' dir='ltr'><strong>nunquam</strong></span> <span class='ocrx_word' id='word_1_175' title='bbox 1403 2711 1698 2783; x_wconf 71' lang='lat' dir='ltr'><strong>indigebit,</strong></span> <span class='ocrx_word' id='word_1_176' title='bbox 1732 2712 1789 2766; x_wconf 67' lang='lat' dir='ltr'><strong>e‘l</strong></span> <span class='ocrx_word' id='word_1_177' title='bbox 1821 2717 2016 2765; x_wconf 87' lang='lat' dir='ltr'><strong>centu-</strong></span> 
     </span>
    </p>
   </div>
   <div class='ocr_carea' id='block_1_27' title="bbox 418 2801 2013 2887">
    <p class='ocr_par' dir='ltr' id='par_1_27' title="bbox 418 2801 2013 2887">
     <span class='ocr_line' id='line_1_27' title="bbox 418 2801 2013 2887; baseline -0.007 -20"><span class='ocrx_word' id='word_1_178' title='bbox 418 2817 569 2887; x_wconf 83' lang='lat' dir='ltr'><strong>plum</strong></span> <span class='ocrx_word' id='word_1_179' title='bbox 622 2815 819 2868; x_wconf 89' lang='lat' dir='ltr'><strong>borum</strong></span> <span class='ocrx_word' id='word_1_180' title='bbox 856 2827 982 2882; x_wconf 74' lang='lat' dir='ltr'><strong>qua:</strong></span> <span class='ocrx_word' id='word_1_181' title='bbox 1029 2808 1311 2865; x_wconf 86' lang='lat' dir='ltr'><strong>distribuit</strong></span> <span class='ocrx_word' id='word_1_182' title='bbox 1359 2821 1390 2861; x_wconf 87' lang='lat' dir='ltr'><strong>a</strong></span> <span class='ocrx_word' id='word_1_183' title='bbox 1442 2804 1554 2859; x_wconf 87' lang='lat' dir='ltr'><strong>Deo</strong></span> <span class='ocrx_word' id='word_1_184' title='bbox 1604 2802 1854 2874; x_wconf 85' lang='lat' dir='ltr'><strong>recipiet.</strong></span> <span class='ocrx_word' id='word_1_185' title='bbox 1905 2801 2013 2868; x_wconf 83' lang='lat' dir='ltr'><strong>Qui</strong></span> 
     </span>
    </p>
   </div>
   <div class='ocr_carea' id='block_1_28' title="bbox 418 2892 2016 2975">
    <p class='ocr_par' dir='ltr' id='par_1_28' title="bbox 418 2892 2016 2975">
     <span class='ocr_line' id='line_1_28' title="bbox 418 2892 2016 2975; baseline -0.009 -13"><span class='ocrx_word' id='word_1_186' title='bbox 418 2924 551 2962; x_wconf 87' lang='lat' dir='ltr'><strong>vero</strong></span> <span class='ocrx_word' id='word_1_187' title='bbox 589 2921 688 2961; x_wconf 83' lang='lat' dir='ltr'><strong>eos</strong></span> <span class='ocrx_word' id='word_1_188' title='bbox 720 2905 949 2975; x_wconf 85' lang='lat' dir='ltr'><strong>spernit-</strong></span> <span class='ocrx_word' id='word_1_189' title='bbox 985 2898 1403 2967; x_wconf 79' lang='lat' dir='ltr'><strong>contemnitque</strong></span> <span class='ocrx_word' id='word_1_190' title='bbox 1434 2894 1635 2949; x_wconf 70' lang='lat' dir='ltr'><strong>anima:</strong></span> <span class='ocrx_word' id='word_1_191' title='bbox 1678 2900 1734 2948; x_wconf 91' lang='lat' dir='ltr'><strong>et</strong></span> <span class='ocrx_word' id='word_1_192' title='bbox 1761 2892 2016 2963; x_wconf 90' lang='lat' dir='ltr'><strong>corporis</strong></span> 
     </span>
    </p>
   </div>
   <div class='ocr_carea' id='block_1_29' title="bbox 420 2985 2014 3066">
    <p class='ocr_par' dir='ltr' id='par_1_29' title="bbox 420 2985 2014 3066">
     <span class='ocr_line' id='line_1_29' title="bbox 420 2985 2014 3066; baseline -0.011 -12"><span class='ocrx_word' id='word_1_193' title='bbox 420 2999 654 3054; x_wconf 76' lang='lat' dir='ltr'><strong>salutem</strong></span> <span class='ocrx_word' id='word_1_194' title='bbox 682 3034 697 3058; x_wconf 89' lang='lat'><strong>,</strong></span> <span class='ocrx_word' id='word_1_195' title='bbox 741 2997 859 3066; x_wconf 87' lang='lat' dir='ltr'><strong>ipse</strong></span> <span class='ocrx_word' id='word_1_196' title='bbox 908 2992 1170 3056; x_wconf 77' lang='lat' dir='ltr'><strong>omnibus</strong></span> <span class='ocrx_word' id='word_1_197' title='bbox 1226 2989 1393 3045; x_wconf 88' lang='lat' dir='ltr'><strong>rebus</strong></span> <span class='ocrx_word' id='word_1_198' title='bbox 1446 2985 1515 3041; x_wconf 89' lang='lat' dir='ltr'><strong>ad</strong></span> <span class='ocrx_word' id='word_1_199' title='bbox 1548 2985 1780 3040; x_wconf 87' lang='lat' dir='ltr'><strong>salutem</strong></span> <span class='ocrx_word' id='word_1_200' title='bbox 1818 2997 2014 3039; x_wconf 87' lang='lat' dir='ltr'><strong>neces-</strong></span> 
     </span>
    </p>
   </div>
   <div class='ocr_carea' id='block_1_30' title="bbox 422 3073 2016 3151">
    <p class='ocr_par' dir='ltr' id='par_1_30' title="bbox 422 3073 2016 3151">
     <span class='ocr_line' id='line_1_30' title="bbox 422 3073 2016 3151; baseline -0.011 -7"><span class='ocrx_word' id='word_1_201' title='bbox 422 3089 589 3144; x_wconf 87' lang='lat' dir='ltr'><strong>sariis</strong></span> <span class='ocrx_word' id='word_1_202' title='bbox 635 3087 862 3141; x_wconf 90' lang='lat' dir='ltr'><strong>omnino</strong></span> <span class='ocrx_word' id='word_1_203' title='bbox 893 3081 1197 3151; x_wconf 73' lang='lat' dir='ltr'><strong>indigebit;</strong></span> <span class='ocrx_word' id='word_1_204' title='bbox 1240 3084 1298 3133; x_wconf 84' lang='lat' dir='ltr'><strong>et</strong></span> <span class='ocrx_word' id='word_1_205' title='bbox 1337 3075 1428 3145; x_wconf 90' lang='lat' dir='ltr'><strong>qui</strong></span> <span class='ocrx_word' id='word_1_206' title='bbox 1475 3073 1713 3146; x_wconf 77' lang='lat' dir='ltr'><strong>prusimi</strong></span> <span class='ocrx_word' id='word_1_207' title='bbox 1772 3087 1883 3127; x_wconf 91' lang='lat' dir='ltr'><strong>non</strong></span> <span class='ocrx_word' id='word_1_208' title='bbox 1933 3080 2016 3128; x_wconf 89' lang='lat' dir='ltr'><strong>est</strong></span> 
     </span>
    </p>
   </div>
   <div class='ocr_carea' id='block_1_31' title="bbox 2104 567 3724 654">
    <p class='ocr_par' dir='ltr' id='par_1_31' title="bbox 2104 567 3724 654">
     <span class='ocr_line' id='line_1_31' title="bbox 2104 567 3724 654; baseline -0.011 -17"><span class='ocrx_word' id='word_1_209' title='bbox 2104 585 2202 654; x_wconf 72' lang='grc' dir='ltr'>τῆς</span> <span class='ocrx_word' id='word_1_210' title='bbox 2233 580 2424 654; x_wconf 76' lang='grc' dir='ltr'>αὔριον</span> <span class='ocrx_word' id='word_1_211' title='bbox 2479 576 2788 651; x_wconf 84' lang='grc' dir='ltr'><strong>μεριμνῶν,</strong></span> <span class='ocrx_word' id='word_1_212' title='bbox 2816 576 2913 630; x_wconf 74' lang='grc' dir='ltr'>καὶ</span> <span class='ocrx_word' id='word_1_213' title='bbox 2951 574 3027 647; x_wconf 78' lang='grc' dir='ltr'>μὴ</span> <span class='ocrx_word' id='word_1_214' title='bbox 3060 570 3339 627; x_wconf 77' lang='grc' dir='ltr'><strong>πιστεύων</strong></span> <span class='ocrx_word' id='word_1_215' title='bbox 3362 567 3444 640; x_wconf 84' lang='grc' dir='ltr'>τῷ</span> <span class='ocrx_word' id='word_1_216' title='bbox 3484 583 3724 641; x_wconf 83' lang='grc' dir='ltr'>προνοη-</span> 
     </span>
    </p>
   </div>
   <div class='ocr_carea' id='block_1_32' title="bbox 2105 661 3722 746">
    <p class='ocr_par' dir='ltr' id='par_1_32' title="bbox 2105 661 3722 746">
     <span class='ocr_line' id='line_1_32' title="bbox 2105 661 3722 746; baseline -0.008 -18"><span class='ocrx_word' id='word_1_217' title='bbox 2105 677 2171 746; x_wconf 83' lang='grc' dir='ltr'>τῇ</span> <span class='ocrx_word' id='word_1_218' title='bbox 2203 673 2427 728; x_wconf 83' lang='grc' dir='ltr'>πάντων</span> <span class='ocrx_word' id='word_1_219' title='bbox 2475 670 2616 742; x_wconf 83' lang='grc' dir='ltr'>Θεῷ,</span> <span class='ocrx_word' id='word_1_220' title='bbox 2664 667 2801 740; x_wconf 81' lang='grc' dir='ltr'><strong>μηδέ</strong></span> <span class='ocrx_word' id='word_1_221' title='bbox 2832 666 2902 720; x_wconf 82' lang='grc' dir='ltr'>τὰ</span> <span class='ocrx_word' id='word_1_222' title='bbox 2933 664 3067 718; x_wconf 82' lang='grc' dir='ltr'>καθ’</span> <span class='ocrx_word' id='word_1_223' title='bbox 3087 663 3283 717; x_wconf 72' lang='grc' dir='ltr'>ἑαυτὸν</span> <span class='ocrx_word' id='word_1_224' title='bbox 3318 661 3498 734; x_wconf 83' lang='grc' dir='ltr'>τούτῳ</span> <span class='ocrx_word' id='word_1_225' title='bbox 3528 662 3722 716; x_wconf 83' lang='grc' dir='ltr'>ἀνατι-</span> 
     </span>
    </p>
   </div>
   <div class='ocr_carea' id='block_1_33' title="bbox 2105 752 3720 837">
    <p class='ocr_par' dir='ltr' id='par_1_33' title="bbox 2105 752 3720 837">
     <span class='ocr_line' id='line_1_33' title="bbox 2105 752 3720 837; baseline -0.007 -17"><span class='ocrx_word' id='word_1_226' title='bbox 2105 767 2242 834; x_wconf 71' lang='grc' dir='ltr'>θείς,</span> <span class='ocrx_word' id='word_1_227' title='bbox 2268 765 2361 819; x_wconf 74' lang='grc' dir='ltr'>ἐπὶ</span> <span class='ocrx_word' id='word_1_228' title='bbox 2386 764 2713 837; x_wconf 76' lang='grc' dir='ltr'><strong>πράγμασιν</strong></span> <span class='ocrx_word' id='word_1_229' title='bbox 2745 758 2964 831; x_wconf 78' lang='grc' dir='ltr'><strong>ἀδήλοις</strong></span> <span class='ocrx_word' id='word_1_230' title='bbox 2985 757 3166 829; x_wconf 81' lang='grc' dir='ltr'>κρίνει</span> <span class='ocrx_word' id='word_1_231' title='bbox 3201 755 3472 826; x_wconf 86' lang='grc' dir='ltr'>ματαίως,</span> <span class='ocrx_word' id='word_1_232' title='bbox 3506 752 3720 819; x_wconf 75' lang='grc' dir='ltr'><strong>ἐνδείας</strong></span> 
     </span>
    </p>
   </div>
   <div class='ocr_carea' id='block_1_34' title="bbox 2105 846 3723 932">
    <p class='ocr_par' dir='ltr' id='par_1_34' title="bbox 2105 846 3723 932">
     <span class='ocr_line' id='line_1_34' title="bbox 2105 846 3723 932; baseline -0.009 -16"><span class='ocrx_word' id='word_1_233' title='bbox 2105 864 2203 916; x_wconf 79' lang='grc' dir='ltr'>καὶ</span> <span class='ocrx_word' id='word_1_234' title='bbox 2233 862 2444 932; x_wconf 82' lang='grc' dir='ltr'>γήρους</span> <span class='ocrx_word' id='word_1_235' title='bbox 2469 856 2665 930; x_wconf 85' lang='grc' dir='ltr'>καιρὸν</span> <span class='ocrx_word' id='word_1_236' title='bbox 2696 853 3138 925; x_wconf 72' lang='grc' dir='ltr'><strong>φανταζόμενος·</strong></span> <span class='ocrx_word' id='word_1_237' title='bbox 3168 846 3268 904; x_wconf 70' lang='grc' dir='ltr'>καὶ</span> <span class='ocrx_word' id='word_1_238' title='bbox 3290 847 3468 902; x_wconf 84' lang='grc' dir='ltr'>ταῦτα</span> <span class='ocrx_word' id='word_1_239' title='bbox 3486 848 3542 902; x_wconf 87' lang='grc' dir='ltr'><strong>τί</strong></span> <span class='ocrx_word' id='word_1_240' title='bbox 3573 847 3723 914; x_wconf 81' lang='grc' dir='ltr'>τέξε-</span> 
     </span>
    </p>
   </div>
   <div class='ocr_carea' id='block_1_35' title="bbox 2105 939 3727 1023">
    <p class='ocr_par' dir='ltr' id='par_1_35' title="bbox 2105 939 3727 1023">
     <span class='ocr_line' id='line_1_35' title="bbox 2105 939 3727 1023; baseline -0.011 -16"><span class='ocrx_word' id='word_1_241' title='bbox 2105 971 2197 1007; x_wconf 87' lang='grc' dir='ltr'><strong>ται</strong></span> <span class='ocrx_word' id='word_1_242' title='bbox 2244 954 2279 1023; x_wconf 84' lang='grc' dir='ltr'><strong>ἡ</strong></span> <span class='ocrx_word' id='word_1_243' title='bbox 2315 949 2549 1005; x_wconf 86' lang='grc' dir='ltr'>ἐπιοῦσα</span> <span class='ocrx_word' id='word_1_244' title='bbox 2581 948 2658 1019; x_wconf 85' lang='grc' dir='ltr'>μὴ</span> <span class='ocrx_word' id='word_1_245' title='bbox 2688 945 3080 1015; x_wconf 78' lang='grc' dir='ltr'>ἐπιστάμενος,</span> <span class='ocrx_word' id='word_1_246' title='bbox 3121 939 3421 997; x_wconf 71' lang='grc' dir='ltr'>κάντεῦθεν</span> <span class='ocrx_word' id='word_1_247' title='bbox 3465 941 3568 1011; x_wconf 78' lang='grc' dir='ltr'>τῆς</span> <span class='ocrx_word' id='word_1_248' title='bbox 3596 943 3727 996; x_wconf 83' lang='grc' dir='ltr'>ἐαυ.</span> 
     </span>
    </p>
   </div>
   <div class='ocr_carea' id='block_1_36' title="bbox 2107 1033 3727 1113">
    <p class='ocr_par' dir='ltr' id='par_1_36' title="bbox 2107 1033 3727 1113">
     <span class='ocr_line' id='line_1_36' title="bbox 2107 1033 3727 1113; baseline -0.007 -18"><span class='ocrx_word' id='word_1_249' title='bbox 2107 1042 2202 1096; x_wconf 86' lang='grc' dir='ltr'><strong>τοῦ</strong></span> <span class='ocrx_word' id='word_1_250' title='bbox 2235 1040 2434 1113; x_wconf 85' lang='grc' dir='ltr'>ἁμελεί</span> <span class='ocrx_word' id='word_1_251' title='bbox 2473 1038 2772 1109; x_wconf 76' lang='grc' dir='ltr'><strong>σωτηρίας,</strong></span> <span class='ocrx_word' id='word_1_252' title='bbox 2805 1035 3095 1106; x_wconf 77' lang='grc' dir='ltr'><strong>ἀνηνύτοις</strong></span> <span class='ocrx_word' id='word_1_253' title='bbox 3156 1033 3443 1105; x_wconf 77' lang='grc' dir='ltr'>φροντίσιν</span> <span class='ocrx_word' id='word_1_254' title='bbox 3494 1034 3727 1103; x_wconf 80' lang='grc' dir='ltr'>ἐνασχο-</span> 
     </span>
    </p>
   </div>
   <div class='ocr_carea' id='block_1_37' title="bbox 2108 1122 3725 1204">
    <p class='ocr_par' dir='ltr' id='par_1_37' title="bbox 2108 1122 3725 1204">
     <span class='ocr_line' id='line_1_37' title="bbox 2108 1122 3725 1204; baseline -0.007 -16"><span class='ocrx_word' id='word_1_255' title='bbox 2108 1134 2372 1204; x_wconf 89' lang='grc' dir='ltr'>λούμενος</span> <span class='ocrx_word' id='word_1_256' title='bbox 2393 1131 2512 1195; x_wconf 64' lang='grc' dir='ltr'><strong>’σὸς</strong></span> <span class='ocrx_word' id='word_1_257' title='bbox 2556 1130 2602 1184; x_wconf 82' lang='grc' dir='ltr'>δ’</span> <span class='ocrx_word' id='word_1_258' title='bbox 2644 1129 2731 1183; x_wconf 73' lang='grc' dir='ltr'>ἐπ’</span> <span class='ocrx_word' id='word_1_259' title='bbox 2764 1128 2926 1183; x_wconf 80' lang='grc' dir='ltr'>αὑτὸν</span> <span class='ocrx_word' id='word_1_260' title='bbox 2973 1125 3190 1191; x_wconf 75' lang='grc' dir='ltr'>ἐλπίζει</span> <span class='ocrx_word' id='word_1_261' title='bbox 3224 1125 3318 1179; x_wconf 80' lang='grc' dir='ltr'>τὸν</span> <span class='ocrx_word' id='word_1_262' title='bbox 3370 1123 3466 1178; x_wconf 87' lang='grc' dir='ltr'><strong>τοῦ</strong></span> <span class='ocrx_word' id='word_1_263' title='bbox 3512 1122 3725 1186; x_wconf 71' lang='grc' dir='ltr'>παντὸς</span> 
     </span>
    </p>
   </div>
   <div class='ocr_carea' id='block_1_38' title="bbox 2112 1212 3724 1297">
    <p class='ocr_par' dir='ltr' id='par_1_38' title="bbox 2112 1212 3724 1297">
     <span class='ocr_line' id='line_1_38' title="bbox 2112 1212 3724 1297; baseline -0.007 -19"><span class='ocrx_word' id='word_1_264' title='bbox 2112 1224 2392 1297; x_wconf 86' lang='grc' dir='ltr'>Δεσπότην</span> <span class='ocrx_word' id='word_1_265' title='bbox 2442 1222 2598 1287; x_wconf 78' lang='grc' dir='ltr'>Θεὸν,</span> <span class='ocrx_word' id='word_1_266' title='bbox 2645 1220 2746 1293; x_wconf 81' lang='grc' dir='ltr'>τῆς</span> <span class='ocrx_word' id='word_1_267' title='bbox 2803 1219 2935 1289; x_wconf 86' lang='grc' dir='ltr'>παρ’</span> <span class='ocrx_word' id='word_1_268' title='bbox 2966 1216 3134 1274; x_wconf 75' lang='grc' dir='ltr'>αὑτοῦ</span> <span class='ocrx_word' id='word_1_269' title='bbox 3183 1216 3441 1289; x_wconf 79' lang='grc' dir='ltr'>προνοίας</span> <span class='ocrx_word' id='word_1_270' title='bbox 3477 1212 3724 1285; x_wconf 78' lang='grc' dir='ltr'><strong>ἀξιωθήο</strong></span> 
     </span>
    </p>
   </div>
   <div class='ocr_carea' id='block_1_39' title="bbox 2114 1329 2288 1367">
    <p class='ocr_par' dir='ltr' id='par_1_39' title="bbox 2114 1329 2288 1367">
     <span class='ocr_line' id='line_1_39' title="bbox 2114 1329 2288 1367; baseline 0.006 -2"><span class='ocrx_word' id='word_1_271' title='bbox 2114 1329 2288 1367; x_wconf 83' lang='grc' dir='ltr'>σεται.</span> 
     </span>
    </p>
   </div>
   <div class='ocr_carea' id='block_1_40' title="bbox 2184 1416 3726 1491">
    <p class='ocr_par' dir='ltr' id='par_1_40' title="bbox 2184 1416 3726 1491">
     <span class='ocr_line' id='line_1_40' title="bbox 2184 1416 3726 1491; baseline -0.005 -13"><span class='ocrx_word' id='word_1_272' title='bbox 2184 1421 2299 1490; x_wconf 86' lang='grc' dir='ltr'>κς’.</span> <span class='ocrx_word' id='word_1_273' title='bbox 2339 1425 2438 1490; x_wconf 85' lang='grc' dir='ltr'>Ὃς</span> <span class='ocrx_word' id='word_1_274' title='bbox 2493 1424 2742 1478; x_wconf 82' lang='grc' dir='ltr'><strong>πέποιθε</strong></span> <span class='ocrx_word' id='word_1_275' title='bbox 2774 1422 3033 1491; x_wconf 81' lang='grc' dir='ltr'>θρασείᾳ·</span> <span class='ocrx_word' id='word_1_276' title='bbox 3072 1419 3312 1489; x_wconf 57' lang='grc' dir='ltr'>καρδίᾳ,</span> <span class='ocrx_word' id='word_1_277' title='bbox 3362 1421 3396 1474; x_wconf 83' lang='grc' dir='ltr'><em>ὀ</em></span> <span class='ocrx_word' id='word_1_278' title='bbox 3445 1416 3726 1482; x_wconf 76' lang='grc' dir='ltr'>τοιοῦτος</span> 
     </span>
    </p>
   </div>
   <div class='ocr_carea' id='block_1_41' title="bbox 2113 1511 3729 1588">
    <p class='ocr_par' dir='ltr' id='par_1_41' title="bbox 2113 1511 3729 1588">
     <span class='ocr_line' id='line_1_41' title="bbox 2113 1511 3729 1588; baseline -0.004 -19"><span class='ocrx_word' id='word_1_279' title='bbox 2113 1514 2355 1588; x_wconf 81' lang='grc' dir='ltr'>ἄφρων·</span> <span class='ocrx_word' id='word_1_280' title='bbox 2391 1515 2461 1583; x_wconf 81' lang='grc' dir='ltr'>ὃς</span> <span class='ocrx_word' id='word_1_281' title='bbox 2498 1514 2567 1570; x_wconf 80' lang='grc' dir='ltr'>δὲ</span> <span class='ocrx_word' id='word_1_282' title='bbox 2609 1516 2926 1585; x_wconf 78' lang='grc' dir='ltr'><strong>πορεύεται</strong></span> <span class='ocrx_word' id='word_1_283' title='bbox 2964 1511 3181 1584; x_wconf 75' lang='grc' dir='ltr'>σοφίᾷ,</span> <span class='ocrx_word' id='word_1_284' title='bbox 3226 1512 3596 1578; x_wconf 81' lang='grc' dir='ltr'>σωθήσεται.</span> <span class='ocrx_word' id='word_1_285' title='bbox 3625 1512 3729 1575; x_wconf 83' lang='grc' dir='ltr'><strong>⁸ος</strong></span> 
     </span>
    </p>
   </div>
   <div class='ocr_carea' id='block_1_42' title="bbox 2114 1590 3729 1682">
    <p class='ocr_par' dir='ltr' id='par_1_42' title="bbox 2114 1590 3729 1682">
     <span class='ocr_line' id='line_1_42' title="bbox 2114 1590 3729 1682; baseline -0.007 -16"><span class='ocrx_word' id='word_1_286' title='bbox 2114 1612 2210 1666; x_wconf 75' lang='grc' dir='ltr'>ἐπὶ</span> <span class='ocrx_word' id='word_1_287' title='bbox 2241 1613 2309 1682; x_wconf 79' lang='grc' dir='ltr'>τῇ</span> <span class='ocrx_word' id='word_1_288' title='bbox 2358 1609 2632 1680; x_wconf 78' lang='grc' dir='ltr'><strong>ἀλογίστῳ</strong></span> <span class='ocrx_word' id='word_1_289' title='bbox 2675 1610 2819 1679; x_wconf 78' lang='grc' dir='ltr'>ὁρμῇ</span> <span class='ocrx_word' id='word_1_290' title='bbox 2865 1606 2965 1678; x_wconf 79' lang='grc' dir='ltr'>τῆς</span> <span class='ocrx_word' id='word_1_291' title='bbox 3013 1604 3152 1669; x_wconf 75' lang='grc' dir='ltr'>ιδίας</span> <span class='ocrx_word' id='word_1_292' title='bbox 3199 1602 3413 1669; x_wconf 75' lang='grc' dir='ltr'>ἐλπίζει</span> <span class='ocrx_word' id='word_1_293' title='bbox 3456 1590 3668 1673; x_wconf 72' lang='grc' dir='ltr'>ψυχῆς.</span> <span class='ocrx_word' id='word_1_294' title='bbox 3696 1603 3729 1655; x_wconf 88' lang='grc' dir='ltr'><strong>ό</strong></span> 
     </span>
    </p>
   </div>
   <div class='ocr_carea' id='block_1_43' title="bbox 2114 1694 3731 1772">
    <p class='ocr_par' dir='ltr' id='par_1_43' title="bbox 2114 1694 3731 1772">
     <span class='ocr_line' id='line_1_43' title="bbox 2114 1694 3731 1772; baseline -0.007 -14"><span class='ocrx_word' id='word_1_295' title='bbox 2114 1703 2355 1766; x_wconf 88' lang='grc' dir='ltr'>τοιοῦτος</span> <span class='ocrx_word' id='word_1_296' title='bbox 2382 1701 2444 1756; x_wconf 83' lang='grc' dir='ltr'><strong>ού</strong></span> <span class='ocrx_word' id='word_1_297' title='bbox 2469 1700 2630 1772; x_wconf 80' lang='grc' dir='ltr'>φέρει</span> <span class='ocrx_word' id='word_1_298' title='bbox 2672 1699 2882 1771; x_wconf 81' lang='grc' dir='ltr'>νόησιν,</span> <span class='ocrx_word' id='word_1_299' title='bbox 2913 1699 3014 1769; x_wconf 75' lang='grc' dir='ltr'>τὴν</span> <span class='ocrx_word' id='word_1_300' title='bbox 3044 1695 3343 1750; x_wconf 80' lang='grc' dir='ltr'>πείθουσαν</span> <span class='ocrx_word' id='word_1_301' title='bbox 3374 1695 3435 1749; x_wconf 87' lang='grc' dir='ltr'>τὸ</span> <span class='ocrx_word' id='word_1_302' title='bbox 3463 1694 3567 1765; x_wconf 85' lang='grc' dir='ltr'>μὲν</span> <span class='ocrx_word' id='word_1_303' title='bbox 3596 1696 3731 1747; x_wconf 83' lang='grc' dir='ltr'>ἐπι-</span> 
     </span>
    </p>
   </div>
   <div class='ocr_carea' id='block_1_44' title="bbox 2117 1783 3731 1867">
    <p class='ocr_par' dir='ltr' id='par_1_44' title="bbox 2117 1783 3731 1867">
     <span class='ocr_line' id='line_1_44' title="bbox 2117 1783 3731 1867; baseline -0.008 -18"><span class='ocrx_word' id='word_1_304' title='bbox 2117 1793 2443 1867; x_wconf 77' lang='grc' dir='ltr'>θυμητικὸν,</span> <span class='ocrx_word' id='word_1_305' title='bbox 2469 1792 2565 1847; x_wconf 91' lang='grc' dir='ltr'><strong>τοῦ</strong></span> <span class='ocrx_word' id='word_1_306' title='bbox 2615 1791 2788 1855; x_wconf 73' lang='grc' dir='ltr'>ὅντως</span> <span class='ocrx_word' id='word_1_307' title='bbox 2813 1788 2982 1845; x_wconf 80' lang='grc' dir='ltr'>καλοῦ</span> <span class='ocrx_word' id='word_1_308' title='bbox 3010 1787 3305 1859; x_wconf 74' lang='grc' dir='ltr'>ὀρέγεσθαι</span> <span class='ocrx_word' id='word_1_309' title='bbox 3324 1803 3338 1816; x_wconf 92' lang='grc'><strong>·</strong></span> <span class='ocrx_word' id='word_1_310' title='bbox 3368 1784 3433 1839; x_wconf 79' lang='grc' dir='ltr'><strong>τὺ</strong></span> <span class='ocrx_word' id='word_1_311' title='bbox 3464 1785 3524 1839; x_wconf 76' lang='grc' dir='ltr'>δὲ</span> <span class='ocrx_word' id='word_1_312' title='bbox 3556 1783 3731 1852; x_wconf 69' lang='lat' dir='ltr'><strong>Dupu-</strong></span> 
     </span>
    </p>
   </div>
   <div class='ocr_carea' id='block_1_45' title="bbox 2117 1876 3732 1954">
    <p class='ocr_par' dir='ltr' id='par_1_45' title="bbox 2117 1876 3732 1954">
     <span class='ocr_line' id='line_1_45' title="bbox 2117 1876 3732 1954; baseline -0.009 -10"><span class='ocrx_word' id='word_1_313' title='bbox 2117 1889 2236 1953; x_wconf 81' lang='grc' dir='ltr'>κὸν,</span> <span class='ocrx_word' id='word_1_314' title='bbox 2269 1888 2333 1942; x_wconf 77' lang='grc' dir='ltr'>τὸ</span> <span class='ocrx_word' id='word_1_315' title='bbox 2376 1886 2549 1951; x_wconf 76' lang='grc' dir='ltr'>ὅντως</span> <span class='ocrx_word' id='word_1_316' title='bbox 2580 1884 2750 1940; x_wconf 72' lang='grc' dir='ltr'>κακὸν</span> <span class='ocrx_word' id='word_1_317' title='bbox 2784 1880 3264 1954; x_wconf 79' lang='grc' dir='ltr'><strong>ἀποστρέφεσθαι·</strong></span> <span class='ocrx_word' id='word_1_318' title='bbox 3314 1878 3375 1942; x_wconf 85' lang='grc' dir='ltr'><strong>δς</strong></span> <span class='ocrx_word' id='word_1_319' title='bbox 3410 1877 3466 1933; x_wconf 75' lang='grc' dir='ltr'>δὲ</span> <span class='ocrx_word' id='word_1_320' title='bbox 3502 1876 3732 1949; x_wconf 83' lang='grc' dir='ltr'>πρῶτον</span> 
     </span>
    </p>
   </div>
   <div class='ocr_carea' id='block_1_46' title="bbox 2118 1969 3731 2050">
    <p class='ocr_par' dir='ltr' id='par_1_46' title="bbox 2118 1969 3731 2050">
     <span class='ocr_line' id='line_1_46' title="bbox 2118 1969 3731 2050; baseline -0.008 -14"><span class='ocrx_word' id='word_1_321' title='bbox 2118 1981 2262 2037; x_wconf 82' lang='grc' dir='ltr'>κατὰ</span> <span class='ocrx_word' id='word_1_322' title='bbox 2284 1979 2434 2045; x_wconf 88' lang='grc' dir='ltr'>νοῦν,</span> <span class='ocrx_word' id='word_1_323' title='bbox 2475 1980 2708 2050; x_wconf 81' lang='grc' dir='ltr'>δυνάμει</span> <span class='ocrx_word' id='word_1_324' title='bbox 2738 1976 2935 2047; x_wconf 87' lang='grc' dir='ltr'>σοφίας</span> <span class='ocrx_word' id='word_1_325' title='bbox 2974 1974 3075 2039; x_wconf 80' lang='grc' dir='ltr'>τὰς</span> <span class='ocrx_word' id='word_1_326' title='bbox 3104 1973 3215 2028; x_wconf 84' lang='grc' dir='ltr'>τῶν</span> <span class='ocrx_word' id='word_1_327' title='bbox 3255 1969 3608 2043; x_wconf 81' lang='grc' dir='ltr'>πραγμάτων</span> <span class='ocrx_word' id='word_1_328' title='bbox 3635 1969 3731 2023; x_wconf 80' lang='grc' dir='ltr'><strong>αἰ-</strong></span> 
     </span>
    </p>
   </div>
   <div class='ocr_carea' id='block_1_47' title="bbox 2114 2061 3734 2143">
    <p class='ocr_par' dir='ltr' id='par_1_47' title="bbox 2114 2061 3734 2143">
     <span class='ocr_line' id='line_1_47' title="bbox 2114 2061 3734 2143; baseline -0.008 -17"><span class='ocrx_word' id='word_1_329' title='bbox 2114 2074 2237 2137; x_wconf 82' lang='grc' dir='ltr'>τίας</span> <span class='ocrx_word' id='word_1_330' title='bbox 2267 2073 2393 2143; x_wconf 77' lang='grc' dir='ltr'>δρᾷ,</span> <span class='ocrx_word' id='word_1_331' title='bbox 2421 2071 2518 2125; x_wconf 74' lang='grc' dir='ltr'>καὶ</span> <span class='ocrx_word' id='word_1_332' title='bbox 2551 2069 2697 2124; x_wconf 76' lang='grc' dir='ltr'>οὕτω</span> <span class='ocrx_word' id='word_1_333' title='bbox 2735 2067 2885 2123; x_wconf 81' lang='grc' dir='ltr'>κατὰ</span> <span class='ocrx_word' id='word_1_334' title='bbox 2930 2065 3113 2135; x_wconf 69' lang='grc' dir='ltr'>λόγον,</span> <span class='ocrx_word' id='word_1_335' title='bbox 3151 2061 3247 2116; x_wconf 89' lang='grc' dir='ltr'><strong>τοῦ</strong></span> <span class='ocrx_word' id='word_1_336' title='bbox 3281 2061 3565 2134; x_wconf 47' lang='grc' dir='ltr'>μὲν,μκατ’</span> <span class='ocrx_word' id='word_1_337' title='bbox 3602 2061 3734 2114; x_wconf 79' lang='grc' dir='ltr'>ἐπι-</span> 
     </span>
    </p>
   </div>
   <div class='ocr_carea' id='block_1_48' title="bbox 2124 2154 3730 2236">
    <p class='ocr_par' dir='ltr' id='par_1_48' title="bbox 2124 2154 3730 2236">
     <span class='ocr_line' id='line_1_48' title="bbox 2124 2154 3730 2236; baseline -0.009 -17"><span class='ocrx_word' id='word_1_338' title='bbox 2124 2165 2330 2236; x_wconf 82' lang='grc' dir='ltr'>θυμίαν</span> <span class='ocrx_word' id='word_1_339' title='bbox 2385 2164 2527 2236; x_wconf 75' lang='grc' dir='ltr'>ἐρᾷ·</span> <span class='ocrx_word' id='word_1_340' title='bbox 2579 2162 2641 2216; x_wconf 79' lang='grc' dir='ltr'>τὸ</span> <span class='ocrx_word' id='word_1_341' title='bbox 2692 2161 2787 2227; x_wconf 81' lang='grc' dir='ltr'>δὲ,</span> <span class='ocrx_word' id='word_1_342' title='bbox 2854 2157 2997 2214; x_wconf 78' lang='grc' dir='ltr'>κατὰ</span> <span class='ocrx_word' id='word_1_343' title='bbox 3045 2154 3219 2227; x_wconf 81' lang='grc' dir='ltr'>θυμὸν</span> <span class='ocrx_word' id='word_1_344' title='bbox 3274 2155 3730 2224; x_wconf 76' lang='grc' dir='ltr'>ἀποστρέφεται·</span> 
     </span>
    </p>
   </div>
   <div class='ocr_carea' id='block_1_49' title="bbox 2121 2242 3734 2328">
    <p class='ocr_par' dir='ltr' id='par_1_49' title="bbox 2121 2242 3734 2328">
     <span class='ocr_line' id='line_1_49' title="bbox 2121 2242 3734 2328; baseline -0.008 -20"><span class='ocrx_word' id='word_1_345' title='bbox 2121 2254 2457 2328; x_wconf 83' lang='grc' dir='ltr'>ῥυσοήσεται</span> <span class='ocrx_word' id='word_1_346' title='bbox 2505 2252 2606 2323; x_wconf 81' lang='grc' dir='ltr'>τῆς</span> <span class='ocrx_word' id='word_1_347' title='bbox 2637 2252 2719 2315; x_wconf 86' lang='grc' dir='ltr'><strong>είς</strong></span> <span class='ocrx_word' id='word_1_348' title='bbox 2769 2247 3056 2322; x_wconf 80' lang='grc' dir='ltr'>κρημνοὺς</span> <span class='ocrx_word' id='word_1_349' title='bbox 3082 2245 3286 2310; x_wconf 84' lang='grc' dir='ltr'>κακίας</span> <span class='ocrx_word' id='word_1_350' title='bbox 3325 2245 3424 2299; x_wconf 71' lang='grc' dir='ltr'>καὶ</span> <span class='ocrx_word' id='word_1_351' title='bbox 3471 2242 3734 2315; x_wconf 78' lang='grc' dir='ltr'>βάραθρα</span> 
     </span>
    </p>
   </div>
   <div class='ocr_carea' id='block_1_50' title="bbox 2119 2340 2956 2414">
    <p class='ocr_par' dir='ltr' id='par_1_50' title="bbox 2119 2340 2956 2414">
     <span class='ocr_line' id='line_1_50' title="bbox 2119 2340 2956 2414; baseline -0.006 -17"><span class='ocrx_word' id='word_1_352' title='bbox 2119 2343 2395 2414; x_wconf 78' lang='grc' dir='ltr'>φερούσης</span> <span class='ocrx_word' id='word_1_353' title='bbox 2412 2341 2718 2411; x_wconf 66' lang='grc' dir='ltr'>ἀλογίστου</span> <span class='ocrx_word' id='word_1_354' title='bbox 2757 2340 2956 2411; x_wconf 79' lang='grc' dir='ltr'>φορᾶς.</span> 
     </span>
    </p>
   </div>
   <div class='ocr_carea' id='block_1_51' title="bbox 2191 2448 3736 2525">
    <p class='ocr_par' dir='ltr' id='par_1_51' title="bbox 2191 2448 3736 2525">
     <span class='ocr_line' id='line_1_51' title="bbox 2191 2448 3736 2525; baseline -0.006 -14"><span class='ocrx_word' id='word_1_355' title='bbox 2191 2457 2296 2522; x_wconf 65' lang='grc' dir='ltr'><strong>κζ’.</strong></span> <span class='ocrx_word' id='word_1_356' title='bbox 2336 2459 2435 2523; x_wconf 82' lang='grc' dir='ltr'>Ὃς</span> <span class='ocrx_word' id='word_1_357' title='bbox 2462 2455 2678 2510; x_wconf 76' lang='grc' dir='ltr'>δίδωσι</span> <span class='ocrx_word' id='word_1_358' title='bbox 2718 2453 3003 2525; x_wconf 80' lang='grc' dir='ltr'>πτωχοῖς,</span> <span class='ocrx_word' id='word_1_359' title='bbox 3038 2454 3152 2508; x_wconf 83' lang='grc' dir='ltr'>οὐκ</span> <span class='ocrx_word' id='word_1_360' title='bbox 3178 2451 3637 2521; x_wconf 75' lang='grc' dir='ltr'>ἐνδεηθήσεται·</span> <span class='ocrx_word' id='word_1_361' title='bbox 3660 2448 3736 2517; x_wconf 82' lang='grc' dir='ltr'>ὃς</span> 
     </span>
    </p>
   </div>
   <div class='ocr_carea' id='block_1_52' title="bbox 2117 2536 3737 2617">
    <p class='ocr_par' dir='ltr' id='par_1_52' title="bbox 2117 2536 3737 2617">
     <span class='ocr_line' id='line_1_52' title="bbox 2117 2536 3737 2617; baseline -0.007 -11"><span class='ocrx_word' id='word_1_362' title='bbox 2117 2550 2187 2606; x_wconf 78' lang='grc' dir='ltr'>δὲ</span> <span class='ocrx_word' id='word_1_363' title='bbox 2223 2546 2590 2617; x_wconf 71' lang='grc' dir='ltr'>ἀποστρέφει</span> <span class='ocrx_word' id='word_1_364' title='bbox 2620 2547 2731 2602; x_wconf 79' lang='grc' dir='ltr'>τὸν</span> <span class='ocrx_word' id='word_1_365' title='bbox 2781 2546 3102 2616; x_wconf 80' lang='grc' dir='ltr'>ὀφθαλμὸν</span> <span class='ocrx_word' id='word_1_366' title='bbox 3127 2542 3341 2609; x_wconf 84' lang='grc' dir='ltr'>αὐτοῦ,</span> <span class='ocrx_word' id='word_1_367' title='bbox 3393 2543 3467 2597; x_wconf 77' lang='grc' dir='ltr'>ἐν</span> <span class='ocrx_word' id='word_1_368' title='bbox 3515 2536 3737 2609; x_wconf 72' lang='grc' dir='ltr'>πολ.ιῇ</span> 
     </span>
    </p>
   </div>
   <div class='ocr_carea' id='block_1_53' title="bbox 2116 2629 3740 2707">
    <p class='ocr_par' dir='ltr' id='par_1_53' title="bbox 2116 2629 3740 2707">
     <span class='ocr_line' id='line_1_53' title="bbox 2116 2629 3740 2707; baseline -0.008 -12"><span class='ocrx_word' id='word_1_369' title='bbox 2116 2638 2341 2707; x_wconf 75' lang='grc' dir='ltr'>ἀπορίᾳ</span> <span class='ocrx_word' id='word_1_370' title='bbox 2394 2639 2588 2693; x_wconf 76' lang='grc' dir='ltr'>ἔσται.</span> <span class='ocrx_word' id='word_1_371' title='bbox 2618 2646 2633 2654; x_wconf 80' lang='grc'><strong>’</strong></span> <span class='ocrx_word' id='word_1_372' title='bbox 2659 2638 2759 2701; x_wconf 82' lang='grc' dir='ltr'>Ὃς</span> <span class='ocrx_word' id='word_1_373' title='bbox 2827 2635 3137 2707; x_wconf 83' lang='grc' dir='ltr'>χρημάτων</span> <span class='ocrx_word' id='word_1_374' title='bbox 3208 2633 3305 2686; x_wconf 74' lang='grc' dir='ltr'>καὶ</span> <span class='ocrx_word' id='word_1_375' title='bbox 3372 2629 3740 2694; x_wconf 77' lang='grc' dir='ltr'>διδασκαλίας</span> 
     </span>
    </p>
   </div>
   <div class='ocr_carea' id='block_1_54' title="bbox 2116 2724 3741 2802">
    <p class='ocr_par' dir='ltr' id='par_1_54' title="bbox 2116 2724 3741 2802">
     <span class='ocr_line' id='line_1_54' title="bbox 2116 2724 3741 2802; baseline -0.006 -16"><span class='ocrx_word' id='word_1_376' title='bbox 2116 2732 2373 2801; x_wconf 80' lang='grc' dir='ltr'><strong>ἀφθόνως</strong></span> <span class='ocrx_word' id='word_1_377' title='bbox 2405 2732 2523 2794; x_wconf 83' lang='grc' dir='ltr'>τοῖς</span> <span class='ocrx_word' id='word_1_378' title='bbox 2558 2727 2828 2802; x_wconf 75' lang='grc' dir='ltr'>χρῄζουσι</span> <span class='ocrx_word' id='word_1_379' title='bbox 2862 2725 3243 2799; x_wconf 85' lang='grc' dir='ltr'>μεταδίδωσιν,</span> <span class='ocrx_word' id='word_1_380' title='bbox 3273 2724 3491 2788; x_wconf 76' lang='grc' dir='ltr'>οὐδενὸς</span> <span class='ocrx_word' id='word_1_381' title='bbox 3518 2724 3741 2777; x_wconf 88' lang='grc' dir='ltr'>τούτων</span> 
     </span>
    </p>
   </div>
   <div class='ocr_carea' id='block_1_55' title="bbox 2117 2813 3742 2899">
    <p class='ocr_par' dir='ltr' id='par_1_55' title="bbox 2117 2813 3742 2899">
     <span class='ocr_line' id='line_1_55' title="bbox 2117 2813 3742 2899; baseline -0.006 -19"><span class='ocrx_word' id='word_1_382' title='bbox 2117 2829 2412 2899; x_wconf 86' lang='grc' dir='ltr'>γενήσεται</span> <span class='ocrx_word' id='word_1_383' title='bbox 2456 2825 2663 2896; x_wconf 82' lang='grc' dir='ltr'>ἐνδεὴς,</span> <span class='ocrx_word' id='word_1_384' title='bbox 2717 2820 3259 2878; x_wconf 79' lang='grc' dir='ltr'>ἑκατονταπλασίονα</span> <span class='ocrx_word' id='word_1_385' title='bbox 3311 2813 3389 2874; x_wconf 82' lang='grc' dir='ltr'>ὧν</span> <span class='ocrx_word' id='word_1_386' title='bbox 3426 2818 3742 2889; x_wconf 70' lang='grc' dir='ltr'>μεταδεδωο</span> 
     </span>
    </p>
   </div>
   <div class='ocr_carea' id='block_1_56' title="bbox 2117 2910 3743 2988">
    <p class='ocr_par' dir='ltr' id='par_1_56' title="bbox 2117 2910 3743 2988">
     <span class='ocr_line' id='line_1_56' title="bbox 2117 2910 3743 2988; baseline -0.004 -15"><span class='ocrx_word' id='word_1_387' title='bbox 2117 2937 2215 2973; x_wconf 87' lang='grc' dir='ltr'><strong>κεν</strong></span> <span class='ocrx_word' id='word_1_388' title='bbox 2259 2918 2443 2983; x_wconf 81' lang='grc' dir='ltr'>ἄλλοις</span> <span class='ocrx_word' id='word_1_389' title='bbox 2489 2916 2791 2988; x_wconf 76' lang='grc' dir='ltr'>λαμϐάνων</span> <span class='ocrx_word' id='word_1_390' title='bbox 2847 2913 3005 2986; x_wconf 85' lang='grc' dir='ltr'>παρὰ</span> <span class='ocrx_word' id='word_1_391' title='bbox 3055 2911 3231 2967; x_wconf 83' lang='grc' dir='ltr'>Θεοῦ·</span> <span class='ocrx_word' id='word_1_392' title='bbox 3289 2911 3351 2977; x_wconf 87' lang='grc' dir='ltr'><strong>δς</strong></span> <span class='ocrx_word' id='word_1_393' title='bbox 3407 2911 3468 2965; x_wconf 71' lang='grc' dir='ltr'>δὲ</span> <span class='ocrx_word' id='word_1_394' title='bbox 3521 2910 3743 2966; x_wconf 85' lang='grc' dir='ltr'>τούτων</span> 
     </span>
    </p>
   </div>
   <div class='ocr_carea' id='block_1_57' title="bbox 2119 3002 3742 3081">
    <p class='ocr_par' dir='ltr' id='par_1_57' title="bbox 2119 3002 3742 3081">
     <span class='ocr_line' id='line_1_57' title="bbox 2119 3002 3742 3081; baseline -0.006 -16"><span class='ocrx_word' id='word_1_395' title='bbox 2119 3012 2387 3081; x_wconf 79' lang='grc' dir='ltr'>ὑπερορᾷ,</span> <span class='ocrx_word' id='word_1_396' title='bbox 2440 3007 2800 3078; x_wconf 81' lang='grc' dir='ltr'>καταφρονῶν</span> <span class='ocrx_word' id='word_1_397' title='bbox 2845 3005 2947 3075; x_wconf 79' lang='grc' dir='ltr'>τῆς</span> <span class='ocrx_word' id='word_1_398' title='bbox 3004 3005 3152 3060; x_wconf 80' lang='grc' dir='ltr'>κατὰ</span> <span class='ocrx_word' id='word_1_399' title='bbox 3199 3004 3361 3075; x_wconf 79' lang='grc' dir='ltr'>σῶμα</span> <span class='ocrx_word' id='word_1_400' title='bbox 3408 3004 3507 3059; x_wconf 78' lang='grc' dir='ltr'>καὶ</span> <span class='ocrx_word' id='word_1_401' title='bbox 3546 3002 3742 3073; x_wconf 76' lang='grc' dir='ltr'>ψυχὴν</span> 
     </span>
    </p>
   </div>
   <div class='ocr_carea' id='block_1_58' title="bbox 2121 3088 3745 3172">
    <p class='ocr_par' dir='ltr' id='par_1_58' title="bbox 2121 3088 3745 3172">
     <span class='ocr_line' id='line_1_58' title="bbox 2121 3088 3745 3172; baseline -0.004 -17"><span class='ocrx_word' id='word_1_402' title='bbox 2121 3101 2400 3172; x_wconf 87' lang='grc' dir='ltr'>σωτηρίας</span> <span class='ocrx_word' id='word_1_403' title='bbox 2444 3098 2648 3161; x_wconf 80' lang='grc' dir='ltr'>αὐτῶν.</span> <span class='ocrx_word' id='word_1_404' title='bbox 2698 3096 2919 3150; x_wconf 83' lang='grc' dir='ltr'>πάντων</span> <span class='ocrx_word' id='word_1_405' title='bbox 2962 3096 3060 3150; x_wconf 72' lang='grc' dir='ltr'>καὶ</span> <span class='ocrx_word' id='word_1_406' title='bbox 3104 3088 3265 3160; x_wconf 71' lang='grc' dir='ltr'>οὗτος</span> <span class='ocrx_word' id='word_1_407' title='bbox 3304 3095 3418 3149; x_wconf 84' lang='grc' dir='ltr'><strong>τῶν</strong></span> <span class='ocrx_word' id='word_1_408' title='bbox 3458 3095 3600 3167; x_wconf 78' lang='grc' dir='ltr'>πρὸς</span> <span class='ocrx_word' id='word_1_409' title='bbox 3629 3111 3745 3148; x_wconf 85' lang='grc' dir='ltr'>σω-</span> 
     </span>
    </p>
   </div>
   <div class='ocr_carea' id='block_1_59' title="bbox 421 3166 2022 3266">
    <p class='ocr_par' dir='ltr' id='par_1_59' title="bbox 421 3166 2013 3244">
     <span class='ocr_line' id='line_1_59' title="bbox 421 3166 2013 3244; baseline -0.012 -8"><span class='ocrx_word' id='word_1_410' title='bbox 421 3179 724 3244; x_wconf 67' lang='lat' dir='ltr'><strong>misertus,</strong></span> <span class='ocrx_word' id='word_1_411' title='bbox 745 3171 1186 3231; x_wconf 87' lang='lat' dir='ltr'><strong>misericordiam</strong></span> <span class='ocrx_word' id='word_1_412' title='bbox 1243 3185 1276 3225; x_wconf 85' lang='lat' dir='ltr'><strong>a</strong></span> <span class='ocrx_word' id='word_1_413' title='bbox 1321 3167 1434 3238; x_wconf 73' lang='lat' dir='ltr'><strong>Deo</strong></span> <span class='ocrx_word' id='word_1_414' title='bbox 1484 3166 1605 3237; x_wconf 89' lang='lat' dir='ltr'><strong>ipse</strong></span> <span class='ocrx_word' id='word_1_415' title='bbox 1650 3180 1764 3220; x_wconf 89' lang='lat' dir='ltr'><strong>non</strong></span> <span class='ocrx_word' id='word_1_416' title='bbox 1811 3176 2013 3218; x_wconf 87' lang='lat' dir='ltr'><strong>conse-</strong></span> 
     </span>
    </p>
   </div>
   <div class='ocr_carea' id='block_1_60' title="bbox 2132 3166 3742 3266">
    <p class='ocr_par' dir='ltr' id='par_1_60' title="bbox 2132 3166 3742 3266">
     <span class='ocr_line' id='line_1_60' title="bbox 2132 3166 3742 3266; baseline -0.004 -19"><span class='ocrx_word' id='word_1_417' title='bbox 2132 3166 2321 3266; x_wconf 70' lang='grc' dir='ltr'>τηρίαν</span> <span class='ocrx_word' id='word_1_418' title='bbox 2352 3191 2587 3262; x_wconf 76' lang='grc' dir='ltr'>ὑπάρξει</span> <span class='ocrx_word' id='word_1_419' title='bbox 2617 3189 2762 3244; x_wconf 81' lang='grc' dir='ltr'>κατὰ</span> <span class='ocrx_word' id='word_1_420' title='bbox 2795 3190 2930 3244; x_wconf 81' lang='grc' dir='ltr'>πολὺ</span> <span class='ocrx_word' id='word_1_421' title='bbox 2961 3190 3178 3261; x_wconf 86' lang='grc' dir='ltr'>ἐνδεής·</span> <span class='ocrx_word' id='word_1_422' title='bbox 3222 3188 3413 3258; x_wconf 77' lang='grc' dir='ltr'>ἐπειδὴ</span> <span class='ocrx_word' id='word_1_423' title='bbox 3440 3166 3573 3251; x_wconf 74' lang='grc' dir='ltr'>τοῦς</span> <span class='ocrx_word' id='word_1_424' title='bbox 3597 3189 3742 3258; x_wconf 64' lang='grc' dir='ltr'>όμοι</span> 
     </span>
    </p>
   </div>
   <div class='ocr_carea' id='block_1_61' title="bbox 424 3279 651 3341">
    <p class='ocr_par' dir='ltr' id='par_1_61' title="bbox 424 3279 651 3341">
     <span class='ocr_line' id='line_1_61' title="bbox 424 3279 651 3341; baseline -0.013 -15"><span class='ocrx_word' id='word_1_425' title='bbox 424 3279 651 3341; x_wconf 85' lang='lat' dir='ltr'><strong>quetur.</strong></span> 
     </span>
    </p>
   </div>
   <div class='ocr_carea' id='block_1_62' title="bbox 508 3496 2026 3586">
    <p class='ocr_par' dir='ltr' id='par_1_62' title="bbox 508 3496 2026 3586">
     <span class='ocr_line' id='line_1_62' title="bbox 508 3496 2026 3586; baseline -0.013 -17"><span class='ocrx_word' id='word_1_426' title='bbox 508 3513 680 3569; x_wconf 68' lang='lat' dir='ltr'><strong>Vens.</strong></span> <span class='ocrx_word' id='word_1_427' title='bbox 718 3510 810 3586; x_wconf 70' lang='lat'><strong>9.8.</strong></span> <span class='ocrx_word' id='word_1_428' title='bbox 857 3507 927 3564; x_wconf 82' lang='lat' dir='ltr'><strong>In</strong></span> <span class='ocrx_word' id='word_1_429' title='bbox 982 3508 1112 3563; x_wconf 86' lang='lat' dir='ltr'><strong>locis</strong></span> <span class='ocrx_word' id='word_1_430' title='bbox 1144 3504 1431 3576; x_wconf 86' lang='lat' dir='ltr'><strong>impiorum</strong></span> <span class='ocrx_word' id='word_1_431' title='bbox 1476 3508 1692 3573; x_wconf 86' lang='lat' dir='ltr'><strong>gemunt</strong></span> <span class='ocrx_word' id='word_1_432' title='bbox 1734 3496 1916 3568; x_wconf 82' lang='lat' dir='ltr'><strong>justi;</strong></span> <span class='ocrx_word' id='word_1_433' title='bbox 1969 3496 2026 3550; x_wconf 84' lang='lat' dir='ltr'><strong>iu</strong></span> 
     </span>
    </p>
   </div>
   <div class='ocr_carea' id='block_1_63' title="bbox 425 3586 2020 3673">
    <p class='ocr_par' dir='ltr' id='par_1_63' title="bbox 425 3586 2020 3673">
     <span class='ocr_line' id='line_1_63' title="bbox 425 3586 2020 3673; baseline -0.014 -11"><span class='ocrx_word' id='word_1_434' title='bbox 425 3606 648 3662; x_wconf 78' lang='lat' dir='ltr'><strong>illorum</strong></span> <span class='ocrx_word' id='word_1_435' title='bbox 708 3617 885 3658; x_wconf 87' lang='lat' dir='ltr'><strong>autem</strong></span> <span class='ocrx_word' id='word_1_436' title='bbox 937 3601 1234 3673; x_wconf 83' lang='lat' dir='ltr'><strong>perditione</strong></span> <span class='ocrx_word' id='word_1_437' title='bbox 1294 3593 1669 3651; x_wconf 54' lang='lat' dir='ltr'><strong>abundabunr</strong></span> <span class='ocrx_word' id='word_1_438' title='bbox 1694 3590 1855 3662; x_wconf 80' lang='lat' dir='ltr'><strong>justi.</strong></span> <span class='ocrx_word' id='word_1_439' title='bbox 1915 3586 2020 3643; x_wconf 86' lang='lat' dir='ltr'><strong>Ubi</strong></span> 
     </span>
    </p>
   </div>
   <div class='ocr_carea' id='block_1_64' title="bbox 428 3686 2024 3770">
    <p class='ocr_par' dir='ltr' id='par_1_64' title="bbox 428 3686 2024 3770">
     <span class='ocr_line' id='line_1_64' title="bbox 428 3686 2024 3770; baseline -0.014 -18"><span class='ocrx_word' id='word_1_440' title='bbox 428 3707 661 3770; x_wconf 78' lang='lat' dir='ltr'><strong>regnant</strong></span> <span class='ocrx_word' id='word_1_441' title='bbox 687 3696 780 3769; x_wconf 93' lang='lat' dir='ltr'><strong>qui</strong></span> <span class='ocrx_word' id='word_1_442' title='bbox 808 3696 974 3751; x_wconf 89' lang='lat' dir='ltr'><strong>Deum</strong></span> <span class='ocrx_word' id='word_1_443' title='bbox 1004 3693 1110 3763; x_wconf 84' lang='lat' dir='ltr'><strong>piis</strong></span> <span class='ocrx_word' id='word_1_444' title='bbox 1131 3689 1395 3762; x_wconf 84' lang='lat' dir='ltr'><strong>operibus</strong></span> <span class='ocrx_word' id='word_1_445' title='bbox 1419 3702 1528 3743; x_wconf 89' lang='lat' dir='ltr'><strong>non</strong></span> <span class='ocrx_word' id='word_1_446' title='bbox 1554 3686 1772 3744; x_wconf 87' lang='lat' dir='ltr'><strong>colunt.</strong></span> <span class='ocrx_word' id='word_1_447' title='bbox 1796 3688 2024 3754; x_wconf 78' lang='lat' dir='ltr'><strong>gemunt</strong></span> 
     </span>
    </p>
   </div>
   <div class='ocr_carea' id='block_1_65' title="bbox 426 3771 2025 3850">
    <p class='ocr_par' dir='ltr' id='par_1_65' title="bbox 426 3771 2025 3850">
     <span class='ocr_line' id='line_1_65' title="bbox 426 3771 2025 3850; baseline -0.012 -5"><span class='ocrx_word' id='word_1_448' title='bbox 426 3801 482 3845; x_wconf 78' lang='lat' dir='ltr'><strong>et</strong></span> <span class='ocrx_word' id='word_1_449' title='bbox 530 3797 897 3845; x_wconf 75' lang='lat' dir='ltr'><strong>conteruntur</strong></span> <span class='ocrx_word' id='word_1_450' title='bbox 940 3784 1161 3850; x_wconf 86' lang='lat' dir='ltr'><strong>sancti;</strong></span> <span class='ocrx_word' id='word_1_451' title='bbox 1212 3781 1337 3836; x_wconf 82' lang='lat' dir='ltr'><strong>istis</strong></span> <span class='ocrx_word' id='word_1_452' title='bbox 1378 3787 1557 3833; x_wconf 80' lang='lat' dir='ltr'><strong>autem</strong></span> <span class='ocrx_word' id='word_1_453' title='bbox 1592 3775 1829 3832; x_wconf 86' lang='lat' dir='ltr'><strong>ducibus</strong></span> <span class='ocrx_word' id='word_1_454' title='bbox 1872 3771 2025 3841; x_wconf 82' lang='lat' dir='ltr'><strong>justo</strong></span> 
     </span>
    </p>
   </div>
   <div class='ocr_carea' id='block_1_66' title="bbox 430 3863 2023 3953">
    <p class='ocr_par' dir='ltr' id='par_1_66' title="bbox 430 3863 2023 3953">
     <span class='ocr_line' id='line_1_66' title="bbox 430 3863 2023 3953; baseline -0.014 -14"><span class='ocrx_word' id='word_1_455' title='bbox 430 3881 789 3953; x_wconf 78' lang='lat' dir='ltr'><strong>Dcijudicio,</strong></span> <span class='ocrx_word' id='word_1_456' title='bbox 833 3872 913 3936; x_wconf 83' lang='lat' dir='ltr'><strong>ad</strong></span> <span class='ocrx_word' id='word_1_457' title='bbox 959 3878 1188 3933; x_wconf 80' lang='lat' dir='ltr'><strong>exitium</strong></span> <span class='ocrx_word' id='word_1_458' title='bbox 1223 3872 1488 3937; x_wconf 80' lang='lat' dir='ltr'><strong>addictis,</strong></span> <span class='ocrx_word' id='word_1_459' title='bbox 1532 3879 1664 3925; x_wconf 84' lang='lat' dir='ltr'><strong>tunc</strong></span> <span class='ocrx_word' id='word_1_460' title='bbox 1694 3866 1796 3922; x_wconf 81' lang='lat' dir='ltr'><strong>viri</strong></span> <span class='ocrx_word' id='word_1_461' title='bbox 1823 3863 2023 3937; x_wconf 91' lang='lat' dir='ltr'><strong>probi,</strong></span> 
     </span>
    </p>
   </div>
   <div class='ocr_carea' id='block_1_67' title="bbox 429 3965 1666 4045">
    <p class='ocr_par' dir='ltr' id='par_1_67' title="bbox 429 3965 1666 4045">
     <span class='ocr_line' id='line_1_67' title="bbox 429 3965 1666 4045; baseline -0.011 -16"><span class='ocrx_word' id='word_1_462' title='bbox 429 3976 691 4030; x_wconf 78' lang='lat' dir='ltr'><strong>virtutem</strong></span> <span class='ocrx_word' id='word_1_463' title='bbox 725 3973 992 4031; x_wconf 86' lang='lat' dir='ltr'><strong>colentes.</strong></span> <span class='ocrx_word' id='word_1_464' title='bbox 1026 3970 1289 4023; x_wconf 57' lang='lat' dir='ltr'><strong>turbasse</strong></span> <span class='ocrx_word' id='word_1_465' title='bbox 1343 3965 1666 4045; x_wconf 64' lang='lat' dir='ltr'><strong>adjungent.</strong></span> 
     </span>
    </p>
   </div>
   <div class='ocr_carea' id='block_1_68' title="bbox 2135 3280 3744 3356">
    <p class='ocr_par' dir='ltr' id='par_1_68' title="bbox 2135 3280 3744 3356">
     <span class='ocr_line' id='line_1_68' title="bbox 2135 3280 3744 3356; baseline -0.004 -17"><span class='ocrx_word' id='word_1_466' title='bbox 2135 3288 2294 3356; x_wconf 81' lang='grc' dir='ltr'>φυεῖς</span> <span class='ocrx_word' id='word_1_467' title='bbox 2330 3286 2432 3339; x_wconf 84' lang='grc' dir='ltr'>οὐκ</span> <span class='ocrx_word' id='word_1_468' title='bbox 2454 3283 2712 3355; x_wconf 82' lang='grc' dir='ltr'>ἠλέησεν,</span> <span class='ocrx_word' id='word_1_469' title='bbox 2749 3282 2861 3337; x_wconf 80' lang='grc' dir='ltr'>οὐδ’</span> <span class='ocrx_word' id='word_1_470' title='bbox 2885 3282 3049 3346; x_wconf 80' lang='grc' dir='ltr'>αὐτὸς</span> <span class='ocrx_word' id='word_1_471' title='bbox 3075 3280 3400 3353; x_wconf 73' lang='grc' dir='ltr'>ἐλεούμενος</span> <span class='ocrx_word' id='word_1_472' title='bbox 3438 3281 3600 3351; x_wconf 81' lang='grc' dir='ltr'>παρὰ</span> <span class='ocrx_word' id='word_1_473' title='bbox 3639 3280 3744 3333; x_wconf 74' lang='grc' dir='ltr'><strong>τοῦ</strong></span> 
     </span>
    </p>
   </div>
   <div class='ocr_carea' id='block_1_69' title="bbox 2134 3376 2293 3432">
    <p class='ocr_par' dir='ltr' id='par_1_69' title="bbox 2134 3376 2293 3432">
     <span class='ocr_line' id='line_1_69' title="bbox 2134 3376 2293 3432; baseline 0.006 -1"><span class='ocrx_word' id='word_1_474' title='bbox 2134 3376 2293 3432; x_wconf 89' lang='grc' dir='ltr'>Θεοῦ.</span> 
     </span>
    </p>
   </div>
   <div class='ocr_carea' id='block_1_70' title="bbox 2203 3485 3748 3560">
    <p class='ocr_par' dir='ltr' id='par_1_70' title="bbox 2203 3485 3748 3560">
     <span class='ocr_line' id='line_1_70' title="bbox 2203 3485 3748 3560; baseline -0.002 -16"><span class='ocrx_word' id='word_1_475' title='bbox 2203 3496 2314 3560; x_wconf 85' lang='grc' dir='ltr'>κη’.</span> <span class='ocrx_word' id='word_1_476' title='bbox 2377 3491 2474 3543; x_wconf 79' lang='grc' dir='ltr'>Ἐν</span> <span class='ocrx_word' id='word_1_477' title='bbox 2524 3489 2729 3556; x_wconf 81' lang='grc' dir='ltr'>τόποις</span> <span class='ocrx_word' id='word_1_478' title='bbox 2772 3486 3011 3544; x_wconf 74' lang='grc' dir='ltr'>ἀσεϐῶν</span> <span class='ocrx_word' id='word_1_479' title='bbox 3037 3485 3332 3542; x_wconf 74' lang='grc' dir='ltr'>στένουσι</span> <span class='ocrx_word' id='word_1_480' title='bbox 3375 3485 3598 3541; x_wconf 77' lang='grc' dir='ltr'>δίκαιοι</span> <span class='ocrx_word' id='word_1_481' title='bbox 3623 3502 3638 3517; x_wconf 89' lang='grc'><strong>·</strong></span> <span class='ocrx_word' id='word_1_482' title='bbox 3672 3485 3748 3541; x_wconf 78' lang='grc' dir='ltr'><strong>ἐν</strong></span> 
     </span>
    </p>
   </div>
   <div class='ocr_carea' id='block_1_71' title="bbox 2131 3575 3746 3649">
    <p class='ocr_par' dir='ltr' id='par_1_71' title="bbox 2131 3575 3746 3649">
     <span class='ocr_line' id='line_1_71' title="bbox 2131 3575 3746 3649; baseline -0.002 -14"><span class='ocrx_word' id='word_1_483' title='bbox 2131 3580 2201 3635; x_wconf 80' lang='grc' dir='ltr'>δὲ</span> <span class='ocrx_word' id='word_1_484' title='bbox 2237 3579 2313 3649; x_wconf 80' lang='grc' dir='ltr'>τῇ</span> <span class='ocrx_word' id='word_1_485' title='bbox 2338 3581 2587 3634; x_wconf 80' lang='grc' dir='ltr'><strong>ἐκείνων</strong></span> <span class='ocrx_word' id='word_1_486' title='bbox 2606 3579 2894 3647; x_wconf 80' lang='grc' dir='ltr'>ἀπωλείᾳ,</span> <span class='ocrx_word' id='word_1_487' title='bbox 2922 3575 3465 3646; x_wconf 72' lang='grc' dir='ltr'>πληθυνθήονονται</span> <span class='ocrx_word' id='word_1_488' title='bbox 3490 3575 3746 3631; x_wconf 78' lang='grc' dir='ltr'>δίκαιοι.</span> 
     </span>
    </p>
   </div>
   <div class='ocr_carea' id='block_1_72' title="bbox 2144 3667 3749 3744">
    <p class='ocr_par' dir='ltr' id='par_1_72' title="bbox 2144 3667 3749 3744">
     <span class='ocr_line' id='line_1_72' title="bbox 2144 3667 3749 3744; baseline -0.004 -16"><span class='ocrx_word' id='word_1_489' title='bbox 2144 3674 2234 3728; x_wconf 87' lang='grc' dir='ltr'>Ἐν</span> <span class='ocrx_word' id='word_1_490' title='bbox 2263 3675 2384 3737; x_wconf 83' lang='grc' dir='ltr'>ταῖς</span> <span class='ocrx_word' id='word_1_491' title='bbox 2419 3672 2628 3744; x_wconf 87' lang='grc' dir='ltr'>χώραις</span> <span class='ocrx_word' id='word_1_492' title='bbox 2650 3670 2763 3724; x_wconf 85' lang='grc' dir='ltr'>τῶν</span> <span class='ocrx_word' id='word_1_493' title='bbox 2816 3669 2892 3741; x_wconf 79' lang='grc' dir='ltr'>μῆ</span> <span class='ocrx_word' id='word_1_494' title='bbox 2930 3669 2999 3723; x_wconf 87' lang='grc' dir='ltr'><strong>δι’</strong></span> <span class='ocrx_word' id='word_1_495' title='bbox 3035 3668 3409 3741; x_wconf 83' lang='grc' dir='ltr'>ἁγαθοεργίας</span> <span class='ocrx_word' id='word_1_496' title='bbox 3446 3667 3749 3739; x_wconf 79' lang='grc' dir='ltr'>τιμώντων</span> 
     </span>
    </p>
   </div>
   <div class='ocr_carea' id='block_1_73' title="bbox 2131 3759 3751 3835">
    <p class='ocr_par' dir='ltr' id='par_1_73' title="bbox 2131 3759 3751 3835">
     <span class='ocr_line' id='line_1_73' title="bbox 2131 3759 3751 3835; baseline -0.004 -16"><span class='ocrx_word' id='word_1_497' title='bbox 2131 3764 2267 3820; x_wconf 89' lang='grc' dir='ltr'>Θεδν</span> <span class='ocrx_word' id='word_1_498' title='bbox 2313 3763 2620 3835; x_wconf 81' lang='grc' dir='ltr'>ἡγεμόνων,</span> <span class='ocrx_word' id='word_1_499' title='bbox 2679 3761 2990 3831; x_wconf 74' lang='grc' dir='ltr'>θλιϐόμενοι</span> <span class='ocrx_word' id='word_1_500' title='bbox 3054 3760 3411 3826; x_wconf 74' lang='grc' dir='ltr'>στενάζουσιν</span> <span class='ocrx_word' id='word_1_501' title='bbox 3463 3761 3516 3814; x_wconf 75' lang='lat' dir='ltr'><strong>oi</strong></span> <span class='ocrx_word' id='word_1_502' title='bbox 3554 3759 3751 3829; x_wconf 82' lang='grc' dir='ltr'>ἀμέμ-</span> 
     </span>
    </p>
   </div>
   <div class='ocr_carea' id='block_1_74' title="bbox 2135 3851 3746 3925">
    <p class='ocr_par' dir='ltr' id='par_1_74' title="bbox 2135 3851 3746 3925">
     <span class='ocr_line' id='line_1_74' title="bbox 2135 3851 3746 3925; baseline -0.004 -13"><span class='ocrx_word' id='word_1_503' title='bbox 2135 3873 2287 3920; x_wconf 81' lang='grc' dir='ltr'>πτως</span> <span class='ocrx_word' id='word_1_504' title='bbox 2321 3854 2766 3925; x_wconf 81' lang='grc' dir='ltr'>πολιτευόμενοι·</span> <span class='ocrx_word' id='word_1_505' title='bbox 2802 3853 3004 3906; x_wconf 77' lang='grc' dir='ltr'>ὁπόταν</span> <span class='ocrx_word' id='word_1_506' title='bbox 3057 3852 3119 3906; x_wconf 78' lang='grc' dir='ltr'>δὲ</span> <span class='ocrx_word' id='word_1_507' title='bbox 3162 3851 3331 3923; x_wconf 76' lang='grc' dir='ltr'>ψήφῳ</span> <span class='ocrx_word' id='word_1_508' title='bbox 3374 3851 3573 3923; x_wconf 73' lang='grc' dir='ltr'>δικαίᾳ</span> <span class='ocrx_word' id='word_1_509' title='bbox 3601 3851 3746 3905; x_wconf 83' lang='grc' dir='ltr'>Θεοῦ</span> 
     </span>
    </p>
   </div>
   <div class='ocr_carea' id='block_1_75' title="bbox 2138 3943 3748 4021">
    <p class='ocr_par' dir='ltr' id='par_1_75' title="bbox 2138 3943 3748 4021">
     <span class='ocr_line' id='line_1_75' title="bbox 2138 3943 3748 4021; baseline -0.005 -17"><span class='ocrx_word' id='word_1_510' title='bbox 2138 3947 2523 4021; x_wconf 82' lang='grc' dir='ltr'>παραδοθῶσιν</span> <span class='ocrx_word' id='word_1_511' title='bbox 2544 3947 2595 4000; x_wconf 88' lang='lat' dir='ltr'><strong>oi</strong></span> <span class='ocrx_word' id='word_1_512' title='bbox 2623 3944 2859 4000; x_wconf 87' lang='grc' dir='ltr'>τοιοῦτοι</span> <span class='ocrx_word' id='word_1_513' title='bbox 2884 3946 3122 4016; x_wconf 79' lang='grc' dir='ltr'>ἀρχηγοὶ</span> <span class='ocrx_word' id='word_1_514' title='bbox 3151 3943 3381 4017; x_wconf 82' lang='grc' dir='ltr'>ὀλέθρῳ,</span> <span class='ocrx_word' id='word_1_515' title='bbox 3411 3945 3511 4000; x_wconf 68' lang='grc' dir='ltr'>καὶ</span> <span class='ocrx_word' id='word_1_516' title='bbox 3540 3945 3748 4016; x_wconf 82' lang='grc' dir='ltr'>τιμῶν·</span> 
     </span>
    </p>
   </div>
   <div class='ocr_carea' id='block_1_76' title="bbox 428 4033 3749 4139">
    <p class='ocr_par' dir='ltr' id='par_1_76' title="bbox 428 4033 3749 4139">
     <span class='ocr_line' id='line_1_76' title="bbox 428 4033 3749 4139; baseline -0.009 -19"><span class='ocrx_word' id='word_1_517' title='bbox 428 4080 521 4129; x_wconf 79' lang='grc' dir='ltr'><strong>τες</strong></span> <span class='ocrx_word' id='word_1_518' title='bbox 551 4067 650 4137; x_wconf 77' lang='grc' dir='ltr'>τὴν</span> <span class='ocrx_word' id='word_1_519' title='bbox 678 4064 902 4134; x_wconf 74' lang='grc' dir='ltr'>ἀρετὴν,</span> <span class='ocrx_word' id='word_1_520' title='bbox 936 4063 1016 4125; x_wconf 86' lang='grc' dir='ltr'><strong>είς</strong></span> <span class='ocrx_word' id='word_1_521' title='bbox 1044 4057 1248 4139; x_wconf 77' lang='grc' dir='ltr'>πλῆθος</span> <span class='ocrx_word' id='word_1_522' title='bbox 1271 4033 1636 4111; x_wconf 64' lang='grc' dir='ltr'>ἐπιδώσουσιν</span> <span class='ocrx_word' id='word_1_523' title='bbox 1663 4054 1713 4106; x_wconf 79' lang='lat' dir='ltr'><strong>oi</strong></span> <span class='ocrx_word' id='word_1_524' title='bbox 1741 4049 2012 4122; x_wconf 68' lang='grc' dir='ltr'>ἐνάρετον</span> <span class='ocrx_word' id='word_1_525' title='bbox 2055 4041 2243 4113; x_wconf 80' lang='grc' dir='ltr'>ἐπειδὴ</span> <span class='ocrx_word' id='word_1_526' title='bbox 2274 4041 2423 4113; x_wconf 86' lang='grc' dir='ltr'>φιλεῖ</span> <span class='ocrx_word' id='word_1_527' title='bbox 2468 4040 2545 4104; x_wconf 81' lang='grc' dir='ltr'>ὡς</span> <span class='ocrx_word' id='word_1_528' title='bbox 2591 4037 2659 4092; x_wconf 83' lang='grc' dir='ltr'>τὰ</span> <span class='ocrx_word' id='word_1_529' title='bbox 2694 4036 2870 4092; x_wconf 71' lang='grc' dir='ltr'>πολλὰ</span> <span class='ocrx_word' id='word_1_530' title='bbox 2906 4037 2969 4091; x_wconf 80' lang='grc' dir='ltr'>τὸ</span> <span class='ocrx_word' id='word_1_531' title='bbox 3037 4039 3280 4110; x_wconf 74' lang='grc' dir='ltr'>ὑπήκοον</span> <span class='ocrx_word' id='word_1_532' title='bbox 3344 4033 3749 4107; x_wconf 78' lang='grc' dir='ltr'>συνεξομοιοῦ-</span> 
     </span>
    </p>
   </div>
   <div class='ocr_carea' id='block_1_77' title="bbox 434 4155 1011 4226">
    <p class='ocr_par' dir='ltr' id='par_1_77' title="bbox 434 4155 1011 4226">
     <span class='ocr_line' id='line_1_77' title="bbox 434 4155 1011 4226; baseline -0.002 -16"><span class='ocrx_word' id='word_1_533' title='bbox 434 4155 561 4211; x_wconf 73' lang='grc' dir='ltr'>σθαι</span> <span class='ocrx_word' id='word_1_534' title='bbox 586 4160 700 4220; x_wconf 86' lang='grc' dir='ltr'>τοῖς</span> <span class='ocrx_word' id='word_1_535' title='bbox 726 4157 1011 4226; x_wconf 80' lang='grc' dir='ltr'>ἄρχουσιν.</span> 
     </span>
    </p>
   </div>
   <div class='ocr_carea' id='block_1_78' title="bbox 1051 4237 1452 4329">
    <p class='ocr_par' dir='ltr' id='par_1_78' title="bbox 1051 4237 1452 4329">
     <span class='ocr_line' id='line_1_78' title="bbox 1051 4237 1452 4329; baseline -0.01 -30"><span class='ocrx_word' id='word_1_536' title='bbox 1051 4241 1209 4300; x_wconf 77' lang='lat' dir='ltr'><strong>CAP.</strong></span> <span class='ocrx_word' id='word_1_537' title='bbox 1252 4237 1452 4329; x_wconf 67' lang='lat' dir='ltr'><strong>XXIX.</strong></span> 
     </span>
    </p>
   </div>
   <div class='ocr_carea' id='block_1_79' title="bbox 509 4369 2031 4445">
    <p class='ocr_par' dir='ltr' id='par_1_79' title="bbox 509 4369 2031 4445">
     <span class='ocr_line' id='line_1_79' title="bbox 509 4369 2031 4445; baseline -0.009 -7"><span class='ocrx_word' id='word_1_538' title='bbox 509 4385 670 4440; x_wconf 69' lang='lat' dir='ltr'><strong>Vatis.</strong></span> <span class='ocrx_word' id='word_1_539' title='bbox 702 4382 756 4439; x_wconf 78' lang='lat' dir='ltr'><strong>l.</strong></span> <span class='ocrx_word' id='word_1_540' title='bbox 792 4380 982 4437; x_wconf 79' lang='lat' dir='ltr'><strong>Melior</strong></span> <span class='ocrx_word' id='word_1_541' title='bbox 1012 4386 1092 4433; x_wconf 82' lang='lat' dir='ltr'><strong>est</strong></span> <span class='ocrx_word' id='word_1_542' title='bbox 1123 4376 1204 4432; x_wconf 81' lang='lat' dir='ltr'><strong>vir</strong></span> <span class='ocrx_word' id='word_1_543' title='bbox 1234 4375 1646 4445; x_wconf 85' lang='lat' dir='ltr'><strong>correptionum,</strong></span> <span class='ocrx_word' id='word_1_544' title='bbox 1704 4371 1820 4425; x_wconf 77' lang='lat' dir='ltr'><strong>uiro</strong></span> <span class='ocrx_word' id='word_1_545' title='bbox 1879 4369 2031 4424; x_wconf 75' lang='lat' dir='ltr'><strong>dura:</strong></span> 
     </span>
    </p>
   </div>
   <div class='ocr_carea' id='block_1_80' title="bbox 2728 4260 3145 4318">
    <p class='ocr_par' dir='ltr' id='par_1_80' title="bbox 2728 4260 3145 4318">
     <span class='ocr_line' id='line_1_80' title="bbox 2728 4260 3145 4318; baseline -0.005 0"><span class='ocrx_word' id='word_1_546' title='bbox 2728 4262 2980 4318; x_wconf 75' lang='grc' dir='ltr'><strong>ΚΕΦΔΛ.</strong></span> <span class='ocrx_word' id='word_1_547' title='bbox 3012 4260 3145 4318; x_wconf 70' lang='grc' dir='ltr'><strong>ΚΘ.</strong></span> 
     </span>
    </p>
   </div>
   <div class='ocr_carea' id='block_1_81' title="bbox 2202 4369 3750 4446">
    <p class='ocr_par' dir='ltr' id='par_1_81' title="bbox 2202 4369 3750 4446">
     <span class='ocr_line' id='line_1_81' title="bbox 2202 4369 3750 4446; baseline -0.007 -13"><span class='ocrx_word' id='word_1_548' title='bbox 2202 4385 2274 4435; x_wconf 86' lang='grc' dir='ltr'><strong>α’.</strong></span> <span class='ocrx_word' id='word_1_549' title='bbox 2300 4377 2617 4446; x_wconf 79' lang='grc' dir='ltr'>Κρεισσων</span> <span class='ocrx_word' id='word_1_550' title='bbox 2635 4375 2793 4444; x_wconf 75' lang='grc' dir='ltr'>ἀνὴρ</span> <span class='ocrx_word' id='word_1_551' title='bbox 2812 4374 3104 4445; x_wconf 65' lang='grc' dir='ltr'>ἐλέγχων,</span> <span class='ocrx_word' id='word_1_552' title='bbox 3124 4369 3348 4440; x_wconf 74' lang='grc' dir='ltr'>ἀνδρὸς</span> <span class='ocrx_word' id='word_1_553' title='bbox 3370 4371 3750 4438; x_wconf 65' lang='grc' dir='ltr'>σκληροπα-</span> 
     </span>
    </p>
   </div>
   <div class='ocr_carea' id='block_1_82' title="bbox 435 4458 2022 4539">
    <p class='ocr_par' dir='ltr' id='par_1_82' title="bbox 435 4460 2022 4539">
     <span class='ocr_line' id='line_1_82' title="bbox 435 4460 2022 4539; baseline -0.01 -9"><span class='ocrx_word' id='word_1_554' title='bbox 435 4474 653 4531; x_wconf 82' lang='lat' dir='ltr'><strong>cervicis</strong></span> <span class='ocrx_word' id='word_1_555' title='bbox 678 4490 698 4530; x_wconf 91' lang='lat'><strong><em>:</em></strong></span> <span class='ocrx_word' id='word_1_556' title='bbox 723 4481 932 4539; x_wconf 78' lang='lat' dir='ltr'><strong>repente</strong></span> <span class='ocrx_word' id='word_1_557' title='bbox 980 4471 1122 4524; x_wconf 87' lang='lat' dir='ltr'><strong>enim</strong></span> <span class='ocrx_word' id='word_1_558' title='bbox 1154 4466 1376 4522; x_wconf 82' lang='lat' dir='ltr'><strong>ardente</strong></span> <span class='ocrx_word' id='word_1_559' title='bbox 1413 4481 1475 4521; x_wconf 88' lang='lat' dir='ltr'><strong>eo</strong></span> <span class='ocrx_word' id='word_1_560' title='bbox 1524 4480 1630 4519; x_wconf 86' lang='lat' dir='ltr'><strong>non</strong></span> <span class='ocrx_word' id='word_1_561' title='bbox 1674 4470 1753 4518; x_wconf 82' lang='lat' dir='ltr'><strong>est</strong></span> <span class='ocrx_word' id='word_1_562' title='bbox 1799 4460 2022 4516; x_wconf 87' lang='lat' dir='ltr'><strong>medela.</strong></span> 
     </span>
    </p>
   </div>
   <div class='ocr_carea' id='block_1_83' title="bbox 2132 4458 3749 4539">
    <p class='ocr_par' dir='ltr' id='par_1_83' title="bbox 2136 4458 3749 4538">
     <span class='ocr_line' id='line_1_83' title="bbox 2136 4458 3749 4538; baseline -0.007 -15"><span class='ocrx_word' id='word_1_563' title='bbox 2136 4469 2336 4538; x_wconf 83' lang='grc' dir='ltr'>χήλου</span> <span class='ocrx_word' id='word_1_564' title='bbox 2360 4483 2376 4497; x_wconf 93' lang='grc'><strong>·</strong></span> <span class='ocrx_word' id='word_1_565' title='bbox 2422 4466 2720 4533; x_wconf 76' lang='grc' dir='ltr'>ἐξαπίνης</span> <span class='ocrx_word' id='word_1_566' title='bbox 2765 4464 2881 4533; x_wconf 75' lang='grc' dir='ltr'><strong>γὰρ</strong></span> <span class='ocrx_word' id='word_1_567' title='bbox 2943 4460 3325 4533; x_wconf 69' lang='grc' dir='ltr'>φλεγομένου</span> <span class='ocrx_word' id='word_1_568' title='bbox 3396 4458 3594 4514; x_wconf 79' lang='grc' dir='ltr'>αὑτοῦ</span> <span class='ocrx_word' id='word_1_569' title='bbox 3633 4461 3749 4513; x_wconf 73' lang='grc' dir='ltr'>οὐκ</span> 
     </span>
    </p>
   </div>
   <div class='ocr_carea' id='block_1_84' title="bbox 440 4549 2069 4632">
    <p class='ocr_par' dir='ltr' id='par_1_84' title="bbox 440 4549 2069 4632">
     <span class='ocr_line' id='line_1_84' title="bbox 440 4549 2069 4632; baseline -0.011 -16"><span class='ocrx_word' id='word_1_570' title='bbox 440 4564 553 4617; x_wconf 69' lang='grc' dir='ltr'><strong>Μςὶ</strong></span> <span class='ocrx_word' id='word_1_571' title='bbox 586 4562 912 4632; x_wconf 78' lang='lat' dir='ltr'><strong>insipienter</strong></span> <span class='ocrx_word' id='word_1_572' title='bbox 940 4558 1084 4629; x_wconf 76' lang='lat' dir='ltr'><strong>agit,</strong></span> <span class='ocrx_word' id='word_1_573' title='bbox 1116 4558 1208 4626; x_wconf 80' lang='lat' dir='ltr'><strong>qui</strong></span> <span class='ocrx_word' id='word_1_574' title='bbox 1236 4555 1514 4610; x_wconf 80' lang='lat' dir='ltr'><strong>hominem</strong></span> <span class='ocrx_word' id='word_1_575' title='bbox 1538 4551 1693 4606; x_wconf 79' lang='lat' dir='ltr'><strong>dura:</strong></span> <span class='ocrx_word' id='word_1_576' title='bbox 1720 4549 1956 4604; x_wconf 86' lang='lat' dir='ltr'><strong>cervicis</strong></span> <span class='ocrx_word' id='word_1_577' title='bbox 1978 4556 2034 4602; x_wconf 77' lang='lat' dir='ltr'><strong>et</strong></span> <span class='ocrx_word' id='word_1_578' title='bbox 2062 4590 2069 4597; x_wconf 86' lang='lat'>,</span> 
     </span>
    </p>
   </div>
   <div class='ocr_carea' id='block_1_85' title="bbox 438 4642 2036 4721">
    <p class='ocr_par' dir='ltr' id='par_1_85' title="bbox 438 4642 2036 4721">
     <span class='ocr_line' id='line_1_85' title="bbox 438 4642 2036 4721; baseline -0.011 -11"><span class='ocrx_word' id='word_1_579' title='bbox 438 4656 769 4711; x_wconf 60' lang='lat' dir='ltr'><strong>inordinata</strong></span> <span class='ocrx_word' id='word_1_580' title='bbox 808 4652 1079 4721; x_wconf 86' lang='lat' dir='ltr'><strong>corripit,</strong></span> <span class='ocrx_word' id='word_1_581' title='bbox 1117 4650 1223 4705; x_wconf 85' lang='lat' dir='ltr'><strong>sibi</strong></span> <span class='ocrx_word' id='word_1_582' title='bbox 1257 4647 1445 4703; x_wconf 89' lang='lat' dir='ltr'><strong>odium</strong></span> <span class='ocrx_word' id='word_1_583' title='bbox 1477 4644 1599 4716; x_wconf 73' lang='lat' dir='ltr'><strong>ejus</strong></span> <span class='ocrx_word' id='word_1_584' title='bbox 1630 4642 1899 4697; x_wconf 74' lang='lat' dir='ltr'><strong>coxiciliat</strong></span> <span class='ocrx_word' id='word_1_585' title='bbox 1924 4680 1940 4706; x_wconf 94' lang='lat'><strong>,</strong></span> <span class='ocrx_word' id='word_1_586' title='bbox 1980 4650 2036 4695; x_wconf 82' lang='lat' dir='ltr'><strong>et</strong></span> 
     </span>
    </p>
   </div>
   <div class='ocr_carea' id='block_1_86' title="bbox 444 4733 2034 4818">
    <p class='ocr_par' dir='ltr' id='par_1_86' title="bbox 444 4733 2034 4818">
     <span class='ocr_line' id='line_1_86' title="bbox 444 4733 2034 4818; baseline -0.009 -18"><span class='ocrx_word' id='word_1_587' title='bbox 444 4747 633 4818; x_wconf 79' lang='lat' dir='ltr'><strong>pungit</strong></span> <span class='ocrx_word' id='word_1_588' title='bbox 651 4745 824 4814; x_wconf 77' lang='lat' dir='ltr'><strong>ntagis</strong></span> <span class='ocrx_word' id='word_1_589' title='bbox 842 4758 1005 4813; x_wconf 82' lang='lat' dir='ltr'><strong>quam</strong></span> <span class='ocrx_word' id='word_1_590' title='bbox 1024 4749 1205 4802; x_wconf 82' lang='lat' dir='ltr'><strong>sanat,</strong></span> <span class='ocrx_word' id='word_1_591' title='bbox 1223 4750 1405 4793; x_wconf 84' lang='lat' dir='ltr'><strong>tamen</strong></span> <span class='ocrx_word' id='word_1_592' title='bbox 1419 4752 1482 4792; x_wconf 86' lang='lat' dir='ltr'><strong>ea</strong></span> <span class='ocrx_word' id='word_1_593' title='bbox 1499 4736 1691 4790; x_wconf 87' lang='lat' dir='ltr'><strong>melior</strong></span> <span class='ocrx_word' id='word_1_594' title='bbox 1704 4743 1808 4789; x_wconf 90' lang='lat' dir='ltr'><strong>est.</strong></span> <span class='ocrx_word' id='word_1_595' title='bbox 1819 4733 2034 4787; x_wconf 87' lang='lat' dir='ltr'><strong>Etenim</strong></span> 
     </span>
    </p>
   </div>
   <div class='ocr_carea' id='block_1_87' title="bbox 443 4831 2038 4907">
    <p class='ocr_par' dir='ltr' id='par_1_87' title="bbox 443 4831 2038 4907">
     <span class='ocr_line' id='line_1_87' title="bbox 443 4831 2038 4907; baseline -0.009 -15"><span class='ocrx_word' id='word_1_596' title='bbox 443 4840 539 4907; x_wconf 89' lang='lat' dir='ltr'><strong>qui</strong></span> <span class='ocrx_word' id='word_1_597' title='bbox 568 4835 976 4904; x_wconf 81' lang='lat' dir='ltr'><strong>correptionem</strong></span> <span class='ocrx_word' id='word_1_598' title='bbox 1014 4834 1207 4887; x_wconf 86' lang='lat' dir='ltr'><strong>audire</strong></span> <span class='ocrx_word' id='word_1_599' title='bbox 1246 4838 1486 4893; x_wconf 88' lang='lat' dir='ltr'><strong>recusat,</strong></span> <span class='ocrx_word' id='word_1_600' title='bbox 1516 4836 1915 4899; x_wconf 87' lang='lat' dir='ltr'><strong>promptnsque</strong></span> <span class='ocrx_word' id='word_1_601' title='bbox 1948 4831 2038 4879; x_wconf 87' lang='lat' dir='ltr'><strong>est</strong></span> 
     </span>
    </p>
   </div>
   <div class='ocr_carea' id='block_1_88' title="bbox 444 4914 2039 4993">
    <p class='ocr_par' dir='ltr' id='par_1_88' title="bbox 444 4914 2039 4993">
     <span class='ocr_line' id='line_1_88' title="bbox 444 4914 2039 4993; baseline -0.01 -11"><span class='ocrx_word' id='word_1_602' title='bbox 444 4930 511 4982; x_wconf 86' lang='lat' dir='ltr'><strong>ad</strong></span> <span class='ocrx_word' id='word_1_603' title='bbox 541 4927 889 4983; x_wconf 78' lang='lat' dir='ltr'><strong>irascendum</strong></span> <span class='ocrx_word' id='word_1_604' title='bbox 925 4932 1149 4993; x_wconf 86' lang='lat' dir='ltr'><strong>propter</strong></span> <span class='ocrx_word' id='word_1_605' title='bbox 1180 4922 1456 4991; x_wconf 87' lang='lat' dir='ltr'><strong>propriam</strong></span> <span class='ocrx_word' id='word_1_606' title='bbox 1485 4916 1868 4988; x_wconf 85' lang='lat' dir='ltr'><strong>pertinaciam,</strong></span> <span class='ocrx_word' id='word_1_607' title='bbox 1915 4914 2039 4967; x_wconf 88' lang='lat' dir='ltr'><strong>nul-</strong></span> 
     </span>
    </p>
   </div>
   <div class='ocr_carea' id='block_1_89' title="bbox 446 4998 2057 5087">
    <p class='ocr_par' dir='ltr' id='par_1_89' title="bbox 446 4998 2057 5087">
     <span class='ocr_line' id='line_1_89' title="bbox 446 4998 2057 5087; baseline -0.011 -11"><span class='ocrx_word' id='word_1_608' title='bbox 446 5020 559 5076; x_wconf 82' lang='lat' dir='ltr'><strong>lum</strong></span> <span class='ocrx_word' id='word_1_609' title='bbox 600 5018 908 5076; x_wconf 87' lang='lat' dir='ltr'><strong>remedium</strong></span> <span class='ocrx_word' id='word_1_610' title='bbox 944 5018 1029 5071; x_wconf 79' lang='lat' dir='ltr'><strong>sui</strong></span> <span class='ocrx_word' id='word_1_611' title='bbox 1068 5014 1120 5068; x_wconf 92' lang='lat' dir='ltr'><strong>in</strong></span> <span class='ocrx_word' id='word_1_612' title='bbox 1154 5013 1484 5068; x_wconf 86' lang='lat' dir='ltr'><strong>monitorem</strong></span> <span class='ocrx_word' id='word_1_613' title='bbox 1514 5011 1628 5066; x_wconf 89' lang='lat' dir='ltr'><strong>odii</strong></span> <span class='ocrx_word' id='word_1_614' title='bbox 1664 5007 1929 5087; x_wconf 76' lang='lat' dir='ltr'><strong>inveniet.</strong></span> <span class='ocrx_word' id='word_1_615' title='bbox 2046 4998 2057 5007; x_wconf 85' lang='grc'><em>’</em></span> 
     </span>
    </p>
   </div>
   <div class='ocr_carea' id='block_1_90' title="bbox 530 5333 2042 5409">
    <p class='ocr_par' dir='ltr' id='par_1_90' title="bbox 530 5333 2042 5409">
     <span class='ocr_line' id='line_1_90' title="bbox 530 5333 2042 5409; baseline -0.009 -8"><span class='ocrx_word' id='word_1_616' title='bbox 530 5343 691 5400; x_wconf 70' lang='lat' dir='ltr'><strong>Vens.</strong></span> <span class='ocrx_word' id='word_1_617' title='bbox 720 5347 777 5400; x_wconf 72' lang='lat'><strong>2.</strong></span> <span class='ocrx_word' id='word_1_618' title='bbox 825 5343 965 5398; x_wconf 90' lang='lat' dir='ltr'><strong>Dum</strong></span> <span class='ocrx_word' id='word_1_619' title='bbox 1000 5341 1296 5397; x_wconf 84' lang='lat' dir='ltr'><strong>laudantur</strong></span> <span class='ocrx_word' id='word_1_620' title='bbox 1323 5338 1484 5409; x_wconf 84' lang='lat' dir='ltr'><strong>justi,</strong></span> <span class='ocrx_word' id='word_1_621' title='bbox 1529 5337 1783 5392; x_wconf 74' lang='lat' dir='ltr'><strong>lwtantur</strong></span> <span class='ocrx_word' id='word_1_622' title='bbox 1826 5333 2042 5403; x_wconf 81' lang='lat' dir='ltr'><strong>populi;</strong></span> 
     </span>
    </p>
   </div>
   <div class='ocr_carea' id='block_1_91' title="bbox 452 5426 2043 5504">
    <p class='ocr_par' dir='ltr' id='par_1_91' title="bbox 452 5426 2043 5504">
     <span class='ocr_line' id='line_1_91' title="bbox 452 5426 2043 5504; baseline -0.006 -15"><span class='ocrx_word' id='word_1_623' title='bbox 452 5437 838 5504; x_wconf 81' lang='lat' dir='ltr'><strong>imperantibus</strong></span> <span class='ocrx_word' id='word_1_624' title='bbox 872 5450 1052 5490; x_wconf 78' lang='lat' dir='ltr'><strong>autem</strong></span> <span class='ocrx_word' id='word_1_625' title='bbox 1097 5435 1299 5502; x_wconf 84' lang='lat' dir='ltr'><strong>impiis,</strong></span> <span class='ocrx_word' id='word_1_626' title='bbox 1334 5438 1549 5501; x_wconf 87' lang='lat' dir='ltr'><strong>gemunt</strong></span> <span class='ocrx_word' id='word_1_627' title='bbox 1584 5429 1702 5483; x_wconf 83' lang='lat' dir='ltr'><strong>viri.</strong></span> <span class='ocrx_word' id='word_1_628' title='bbox 1737 5426 2043 5481; x_wconf 77' lang='lat' dir='ltr'><strong>Celebratis</strong></span> 
     </span>
    </p>
   </div>
   <div class='ocr_carea' id='block_1_92' title="bbox 454 5518 2040 5599">
    <p class='ocr_par' dir='ltr' id='par_1_92' title="bbox 454 5518 2040 5599">
     <span class='ocr_line' id='line_1_92' title="bbox 454 5518 2040 5599; baseline -0.004 -19"><span class='ocrx_word' id='word_1_629' title='bbox 454 5529 799 5599; x_wconf 72' lang='lat' dir='ltr'><strong>principibus</strong></span> <span class='ocrx_word' id='word_1_630' title='bbox 882 5529 973 5595; x_wconf 86' lang='lat' dir='ltr'><strong>qui</strong></span> <span class='ocrx_word' id='word_1_631' title='bbox 1047 5526 1314 5593; x_wconf 74' lang='lat' dir='ltr'><strong>subjectis</strong></span> <span class='ocrx_word' id='word_1_632' title='bbox 1386 5523 1649 5577; x_wconf 85' lang='lat' dir='ltr'><strong>omnibus</strong></span> <span class='ocrx_word' id='word_1_633' title='bbox 1711 5534 1874 5574; x_wconf 81' lang='lat' dir='ltr'><strong>suum</strong></span> <span class='ocrx_word' id='word_1_634' title='bbox 1946 5518 2040 5587; x_wconf 87' lang='lat' dir='ltr'><strong>jus</strong></span> 
     </span>
    </p>
   </div>
   <div class='ocr_carea' id='block_1_93' title="bbox 453 5611 2041 5684">
    <p class='ocr_par' dir='ltr' id='par_1_93' title="bbox 453 5611 2041 5684">
     <span class='ocr_line' id='line_1_93' title="bbox 453 5611 2041 5684; baseline -0.006 -12"><span class='ocrx_word' id='word_1_635' title='bbox 453 5622 739 5681; x_wconf 78' lang='lat' dir='ltr'><strong>trtlmunt,</strong></span> <span class='ocrx_word' id='word_1_636' title='bbox 811 5619 887 5671; x_wconf 87' lang='lat' dir='ltr'><strong>illi</strong></span> <span class='ocrx_word' id='word_1_637' title='bbox 953 5621 1301 5681; x_wconf 63' lang='lat' dir='ltr'><strong>laetabuntur,</strong></span> <span class='ocrx_word' id='word_1_638' title='bbox 1358 5629 1539 5684; x_wconf 82' lang='lat' dir='ltr'><strong>neque</strong></span> <span class='ocrx_word' id='word_1_639' title='bbox 1595 5614 1763 5667; x_wconf 84' lang='lat' dir='ltr'><strong>ullam</strong></span> <span class='ocrx_word' id='word_1_640' title='bbox 1821 5611 2041 5681; x_wconf 81' lang='lat' dir='ltr'><strong>dignam</strong></span> 
     </span>
    </p>
   </div>
   <div class='ocr_carea' id='block_1_94' title="bbox 453 5703 2044 5776">
    <p class='ocr_par' dir='ltr' id='par_1_94' title="bbox 453 5703 2044 5776">
     <span class='ocr_line' id='line_1_94' title="bbox 453 5703 2044 5776; baseline -0.004 -14"><span class='ocrx_word' id='word_1_641' title='bbox 453 5711 691 5776; x_wconf 72' lang='lat' dir='ltr'><strong>querelae</strong></span> <span class='ocrx_word' id='word_1_642' title='bbox 722 5725 949 5763; x_wconf 78' lang='lat' dir='ltr'><strong>causam</strong></span> <span class='ocrx_word' id='word_1_643' title='bbox 1006 5708 1307 5761; x_wconf 78' lang='lat' dir='ltr'><strong>habebunt.</strong></span> <span class='ocrx_word' id='word_1_644' title='bbox 1366 5705 1407 5757; x_wconf 88' lang='grc' dir='ltr'><strong>Ε</strong></span> <span class='ocrx_word' id='word_1_645' title='bbox 1440 5714 1655 5768; x_wconf 83' lang='lat' dir='ltr'><strong>contra,</strong></span> <span class='ocrx_word' id='word_1_646' title='bbox 1695 5703 1931 5758; x_wconf 82' lang='lat' dir='ltr'><strong>laudatis</strong></span> <span class='ocrx_word' id='word_1_647' title='bbox 1959 5712 2044 5773; x_wconf 84' lang='lat' dir='ltr'><strong>ty-</strong></span> 
     </span>
    </p>
   </div>
   <div class='ocr_carea' id='block_1_95' title="bbox 459 5798 2038 5876">
    <p class='ocr_par' dir='ltr' id='par_1_95' title="bbox 459 5798 2038 5876">
     <span class='ocr_line' id='line_1_95' title="bbox 459 5798 2038 5876; baseline -0.006 -21"><span class='ocrx_word' id='word_1_648' title='bbox 459 5798 647 5876; x_wconf 64' lang='lat' dir='ltr'><strong>rannis</strong></span> <span class='ocrx_word' id='word_1_649' title='bbox 686 5804 778 5869; x_wconf 84' lang='lat' dir='ltr'><strong>qui</strong></span> <span class='ocrx_word' id='word_1_650' title='bbox 821 5798 989 5854; x_wconf 73' lang='lat' dir='ltr'><strong>Deum</strong></span> <span class='ocrx_word' id='word_1_651' title='bbox 1048 5799 1205 5853; x_wconf 78' lang='lat' dir='ltr'><strong>Louis</strong></span> <span class='ocrx_word' id='word_1_652' title='bbox 1240 5798 1502 5868; x_wconf 83' lang='lat' dir='ltr'><strong>operibus</strong></span> <span class='ocrx_word' id='word_1_653' title='bbox 1534 5811 1641 5851; x_wconf 80' lang='lat' dir='ltr'><strong>non</strong></span> <span class='ocrx_word' id='word_1_654' title='bbox 1676 5812 1781 5851; x_wconf 86' lang='lat' dir='ltr'><strong>ven</strong></span> <span class='ocrx_word' id='word_1_655' title='bbox 1824 5804 2038 5860; x_wconf 68' lang='lat' dir='ltr'><strong>rantur,</strong></span> 
     </span>
    </p>
   </div>
   <div class='ocr_carea' id='block_1_96' title="bbox 2135 4549 3751 4623">
    <p class='ocr_par' dir='ltr' id='par_1_96' title="bbox 2135 4549 3751 4623">
     <span class='ocr_line' id='line_1_96' title="bbox 2135 4549 3751 4623; baseline -0.008 -8"><span class='ocrx_word' id='word_1_656' title='bbox 2135 4560 2311 4615; x_wconf 77' lang='grc' dir='ltr'>ἐστιν</span> <span class='ocrx_word' id='word_1_657' title='bbox 2343 4557 2532 4623; x_wconf 78' lang='grc' dir='ltr'>ἵασις.</span> <span class='ocrx_word' id='word_1_658' title='bbox 2587 4555 2652 4608; x_wconf 82' lang='lat' dir='ltr'><strong>Ei</strong></span> <span class='ocrx_word' id='word_1_659' title='bbox 2701 4555 2800 4607; x_wconf 72' lang='grc' dir='ltr'>καὶ</span> <span class='ocrx_word' id='word_1_660' title='bbox 2843 4553 3299 4623; x_wconf 84' lang='grc' dir='ltr'>ἀνεπιστημόνως</span> <span class='ocrx_word' id='word_1_661' title='bbox 3329 4551 3480 4603; x_wconf 77' lang='grc' dir='ltr'>ποιεῖ</span> <span class='ocrx_word' id='word_1_662' title='bbox 3518 4551 3551 4607; x_wconf 84' lang='grc' dir='ltr'><strong>ό</strong></span> <span class='ocrx_word' id='word_1_663' title='bbox 3590 4549 3751 4617; x_wconf 78' lang='grc' dir='ltr'>ἐλέγ-</span> 
     </span>
    </p>
   </div>
   <div class='ocr_carea' id='block_1_97' title="bbox 2135 4636 3750 4723">
    <p class='ocr_par' dir='ltr' id='par_1_97' title="bbox 2135 4636 3750 4723">
     <span class='ocr_line' id='line_1_97' title="bbox 2135 4636 3750 4723; baseline -0.007 -19"><span class='ocrx_word' id='word_1_664' title='bbox 2135 4636 2248 4723; x_wconf 84' lang='grc' dir='ltr'><strong>χων</strong></span> <span class='ocrx_word' id='word_1_665' title='bbox 2274 4649 2366 4703; x_wconf 76' lang='grc' dir='ltr'>τὸν</span> <span class='ocrx_word' id='word_1_666' title='bbox 2405 4646 2645 4717; x_wconf 79' lang='grc' dir='ltr'>ἀκαμπῆ</span> <span class='ocrx_word' id='word_1_667' title='bbox 2693 4661 2754 4698; x_wconf 90' lang='grc' dir='ltr'><strong>τε</strong></span> <span class='ocrx_word' id='word_1_668' title='bbox 2789 4645 2886 4698; x_wconf 81' lang='grc' dir='ltr'>καὶ</span> <span class='ocrx_word' id='word_1_669' title='bbox 2936 4641 3340 4705; x_wconf 82' lang='grc' dir='ltr'>ἀνυπότακτον,</span> <span class='ocrx_word' id='word_1_670' title='bbox 3387 4642 3474 4704; x_wconf 85' lang='grc' dir='ltr'><strong>είς</strong></span> <span class='ocrx_word' id='word_1_671' title='bbox 3522 4640 3586 4695; x_wconf 68' lang='grc' dir='ltr'><strong>τ’)</strong></span> <span class='ocrx_word' id='word_1_672' title='bbox 3624 4638 3750 4692; x_wconf 71' lang='grc' dir='ltr'>καθ’</span> 
     </span>
    </p>
   </div>
   <div class='ocr_carea' id='block_1_98' title="bbox 2138 4731 3751 4809">
    <p class='ocr_par' dir='ltr' id='par_1_98' title="bbox 2138 4731 3751 4809">
     <span class='ocr_line' id='line_1_98' title="bbox 2138 4731 3751 4809; baseline -0.006 -14"><span class='ocrx_word' id='word_1_673' title='bbox 2138 4739 2339 4795; x_wconf 78' lang='grc' dir='ltr'>ἐαυτοῦ</span> <span class='ocrx_word' id='word_1_674' title='bbox 2372 4740 2530 4809; x_wconf 87' lang='grc' dir='ltr'>μῖσος</span> <span class='ocrx_word' id='word_1_675' title='bbox 2558 4737 2847 4806; x_wconf 87' lang='grc' dir='ltr'>διεγείρων</span> <span class='ocrx_word' id='word_1_676' title='bbox 2875 4734 3064 4801; x_wconf 67' lang='grc' dir='ltr'>αὐτὸν,</span> <span class='ocrx_word' id='word_1_677' title='bbox 3097 4735 3194 4787; x_wconf 77' lang='grc' dir='ltr'>καὶ</span> <span class='ocrx_word' id='word_1_678' title='bbox 3245 4731 3508 4801; x_wconf 70' lang='grc' dir='ltr'>βλάπτων</span> <span class='ocrx_word' id='word_1_679' title='bbox 3543 4731 3751 4801; x_wconf 78' lang='grc' dir='ltr'>μᾶλλον</span> 
     </span>
    </p>
   </div>
   <div class='ocr_carea' id='block_1_99' title="bbox 2137 4825 3752 4903">
    <p class='ocr_par' dir='ltr' id='par_1_99' title="bbox 2137 4825 3752 4903">
     <span class='ocr_line' id='line_1_99' title="bbox 2137 4825 3752 4903; baseline -0.006 -16"><span class='ocrx_word' id='word_1_680' title='bbox 2137 4833 2172 4903; x_wconf 82' lang='grc' dir='ltr'><strong>ἢ</strong></span> <span class='ocrx_word' id='word_1_681' title='bbox 2223 4831 2473 4903; x_wconf 84' lang='grc' dir='ltr'>ὠφελῶν,</span> <span class='ocrx_word' id='word_1_682' title='bbox 2533 4829 2649 4884; x_wconf 79' lang='grc' dir='ltr'>ἀλλ’</span> <span class='ocrx_word' id='word_1_683' title='bbox 2702 4829 2857 4900; x_wconf 84' lang='grc' dir='ltr'>ὅμως</span> <span class='ocrx_word' id='word_1_684' title='bbox 2912 4826 3107 4879; x_wconf 87' lang='grc' dir='ltr'>τούτου</span> <span class='ocrx_word' id='word_1_685' title='bbox 3155 4825 3399 4879; x_wconf 84' lang='grc' dir='ltr'>καλλίων</span> <span class='ocrx_word' id='word_1_686' title='bbox 3448 4825 3633 4891; x_wconf 76' lang='grc' dir='ltr'>ἐστὶν,</span> <span class='ocrx_word' id='word_1_687' title='bbox 3676 4825 3752 4888; x_wconf 83' lang='grc' dir='ltr'><strong>ὡς</strong></span> 
     </span>
    </p>
   </div>
   <div class='ocr_carea' id='block_1_100' title="bbox 2139 4914 3753 4993">
    <p class='ocr_par' dir='ltr' id='par_1_100' title="bbox 2139 4914 3753 4993">
     <span class='ocr_line' id='line_1_100' title="bbox 2139 4914 3753 4993; baseline -0.005 -16"><span class='ocrx_word' id='word_1_688' title='bbox 2139 4924 2402 4993; x_wconf 76' lang='grc' dir='ltr'>ἐλέγχους</span> <span class='ocrx_word' id='word_1_689' title='bbox 2456 4918 2691 4973; x_wconf 81' lang='grc' dir='ltr'>ἀκοῦσαι</span> <span class='ocrx_word' id='word_1_690' title='bbox 2734 4921 2763 4972; x_wconf 89' lang='grc' dir='ltr'><strong>ό</strong></span> <span class='ocrx_word' id='word_1_691' title='bbox 2811 4917 3071 4986; x_wconf 79' lang='grc' dir='ltr'>ἀπειθὴς,</span> <span class='ocrx_word' id='word_1_692' title='bbox 3114 4916 3212 4970; x_wconf 80' lang='grc' dir='ltr'>καὶ</span> <span class='ocrx_word' id='word_1_693' title='bbox 3256 4914 3397 4986; x_wconf 76' lang='grc' dir='ltr'>πρὸς</span> <span class='ocrx_word' id='word_1_694' title='bbox 3439 4915 3615 4986; x_wconf 82' lang='grc' dir='ltr'>ὀργὴν</span> <span class='ocrx_word' id='word_1_695' title='bbox 3661 4917 3753 4969; x_wconf 78' lang='grc' dir='ltr'><strong>εὐ-</strong></span> 
     </span>
    </p>
   </div>
   <div class='ocr_carea' id='block_1_101' title="bbox 2140 5007 3751 5080">
    <p class='ocr_par' dir='ltr' id='par_1_101' title="bbox 2140 5007 3751 5080">
     <span class='ocr_line' id='line_1_101' title="bbox 2140 5007 3751 5080; baseline -0.006 -11"><span class='ocrx_word' id='word_1_696' title='bbox 2140 5015 2238 5079; x_wconf 83' lang='grc' dir='ltr'>θὺς</span> <span class='ocrx_word' id='word_1_697' title='bbox 2283 5013 2353 5067; x_wconf 86' lang='grc' dir='ltr'><strong>δι’</strong></span> <span class='ocrx_word' id='word_1_698' title='bbox 2407 5013 2620 5067; x_wconf 77' lang='grc' dir='ltr'>οἰκείαν</span> <span class='ocrx_word' id='word_1_699' title='bbox 2652 5011 2950 5065; x_wconf 76' lang='grc' dir='ltr'>αὐθάδειαν</span> <span class='ocrx_word' id='word_1_700' title='bbox 2997 5007 3441 5080; x_wconf 83' lang='grc' dir='ltr'>ἐμπυρούμενος,</span> <span class='ocrx_word' id='word_1_701' title='bbox 3485 5007 3751 5077; x_wconf 73' lang='grc' dir='ltr'>οὐδεμιᾶς</span> 
     </span>
    </p>
   </div>
   <div class='ocr_carea' id='block_1_102' title="bbox 2090 5097 3747 5187">
    <p class='ocr_par' dir='ltr' id='par_1_102' title="bbox 2090 5097 3747 5187">
     <span class='ocr_line' id='line_1_102' title="bbox 2090 5097 3747 5187; baseline -0.008 -24"><span class='ocrx_word' id='word_1_702' title='bbox 2090 5184 2095 5187; x_wconf 10' lang='grc' dir='ltr'>δ</span> <span class='ocrx_word' id='word_1_703' title='bbox 2141 5108 2441 5179; x_wconf 83' lang='grc' dir='ltr'>θεραπείας</span> <span class='ocrx_word' id='word_1_704' title='bbox 2471 5106 2831 5176; x_wconf 78' lang='grc' dir='ltr'>ἐπιτυγχάνει</span> <span class='ocrx_word' id='word_1_705' title='bbox 2885 5102 2981 5156; x_wconf 89' lang='grc' dir='ltr'><strong>τοῦ</strong></span> <span class='ocrx_word' id='word_1_706' title='bbox 3011 5101 3152 5173; x_wconf 83' lang='grc' dir='ltr'>πρὸς</span> <span class='ocrx_word' id='word_1_707' title='bbox 3189 5100 3285 5153; x_wconf 74' lang='grc' dir='ltr'>τὸν</span> <span class='ocrx_word' id='word_1_708' title='bbox 3318 5097 3620 5169; x_wconf 78' lang='grc' dir='ltr'>ἐλέγχοντα</span> <span class='ocrx_word' id='word_1_709' title='bbox 3660 5100 3747 5169; x_wconf 86' lang='grc' dir='ltr'>μί-</span> 
     </span>
    </p>
   </div>
   <div class='ocr_carea' id='block_1_103' title="bbox 2148 5218 2297 5264">
    <p class='ocr_par' dir='ltr' id='par_1_103' title="bbox 2148 5218 2297 5264">
     <span class='ocr_line' id='line_1_103' title="bbox 2148 5218 2297 5264; baseline 0.007 -9"><span class='ocrx_word' id='word_1_710' title='bbox 2148 5218 2297 5264; x_wconf 86' lang='grc' dir='ltr'>σους.</span> 
     </span>
    </p>
   </div>
   <div class='ocr_carea' id='block_1_104' title="bbox 2220 5325 3752 5406">
    <p class='ocr_par' dir='ltr' id='par_1_104' title="bbox 2220 5325 3752 5406">
     <span class='ocr_line' id='line_1_104' title="bbox 2220 5325 3752 5406; baseline -0.009 -15"><span class='ocrx_word' id='word_1_711' title='bbox 2220 5336 2287 5406; x_wconf 84' lang='grc' dir='ltr'><strong>β’.</strong></span> <span class='ocrx_word' id='word_1_712' title='bbox 2326 5331 2882 5404; x_wconf 75' lang='grc' dir='ltr'>Ἔγκωμιαζομένων</span> <span class='ocrx_word' id='word_1_713' title='bbox 2912 5329 3182 5396; x_wconf 76' lang='grc' dir='ltr'>δικαίων,</span> <span class='ocrx_word' id='word_1_714' title='bbox 3210 5325 3752 5398; x_wconf 66' lang='grc' dir='ltr'>εὐφρανθήσονται</span> 
     </span>
    </p>
   </div>
   <div class='ocr_carea' id='block_1_105' title="bbox 2143 5418 3751 5495">
    <p class='ocr_par' dir='ltr' id='par_1_105' title="bbox 2143 5418 3751 5495">
     <span class='ocr_line' id='line_1_105' title="bbox 2143 5418 3751 5495; baseline -0.008 -13"><span class='ocrx_word' id='word_1_715' title='bbox 2143 5429 2285 5483; x_wconf 78' lang='grc' dir='ltr'>λαοί</span> <span class='ocrx_word' id='word_1_716' title='bbox 2315 5442 2330 5457; x_wconf 91' lang='grc'><strong>·</strong></span> <span class='ocrx_word' id='word_1_717' title='bbox 2367 5426 2683 5495; x_wconf 81' lang='grc' dir='ltr'>ἀρχόντων</span> <span class='ocrx_word' id='word_1_718' title='bbox 2727 5422 2796 5476; x_wconf 83' lang='grc' dir='ltr'>δὲ</span> <span class='ocrx_word' id='word_1_719' title='bbox 2843 5420 3102 5485; x_wconf 77' lang='grc' dir='ltr'>ἀσεϐῶν,</span> <span class='ocrx_word' id='word_1_720' title='bbox 3142 5421 3481 5476; x_wconf 75' lang='grc' dir='ltr'>στένουσιν</span> <span class='ocrx_word' id='word_1_721' title='bbox 3509 5418 3751 5485; x_wconf 77' lang='grc' dir='ltr'>ἄνδρες.</span> 
     </span>
    </p>
   </div>
   <div class='ocr_carea' id='block_1_106' title="bbox 2156 5507 3755 5586">
    <p class='ocr_par' dir='ltr' id='par_1_106' title="bbox 2156 5507 3755 5586">
     <span class='ocr_line' id='line_1_106' title="bbox 2156 5507 3755 5586; baseline -0.008 -13"><span class='ocrx_word' id='word_1_722' title='bbox 2156 5519 2415 5573; x_wconf 77' lang='grc' dir='ltr'>Ἐπαινου</span> <span class='ocrx_word' id='word_1_723' title='bbox 2425 5518 2599 5586; x_wconf 84' lang='grc' dir='ltr'>μένων</span> <span class='ocrx_word' id='word_1_724' title='bbox 2623 5513 2909 5586; x_wconf 81' lang='grc' dir='ltr'>ἀρχηγῶν,</span> <span class='ocrx_word' id='word_1_725' title='bbox 2941 5513 3331 5583; x_wconf 81' lang='grc' dir='ltr'>ἀπονεμόντων</span> <span class='ocrx_word' id='word_1_726' title='bbox 3354 5511 3417 5564; x_wconf 85' lang='grc' dir='ltr'>τὸ</span> <span class='ocrx_word' id='word_1_727' title='bbox 3441 5510 3562 5563; x_wconf 70' lang='grc' dir='ltr'>κατ’</span> <span class='ocrx_word' id='word_1_728' title='bbox 3592 5507 3755 5573; x_wconf 76' lang='grc' dir='ltr'>ἀξίαν</span> 
     </span>
    </p>
   </div>
   <div class='ocr_carea' id='block_1_107' title="bbox 2146 5599 3758 5676">
    <p class='ocr_par' dir='ltr' id='par_1_107' title="bbox 2146 5599 3758 5676">
     <span class='ocr_line' id='line_1_107' title="bbox 2146 5599 3758 5676; baseline -0.007 -15"><span class='ocrx_word' id='word_1_729' title='bbox 2146 5608 2363 5675; x_wconf 77' lang='grc' dir='ltr'>ἑκάστῳ</span> <span class='ocrx_word' id='word_1_730' title='bbox 2398 5606 2504 5660; x_wconf 81' lang='grc' dir='ltr'>τῶν</span> <span class='ocrx_word' id='word_1_731' title='bbox 2537 5605 2628 5658; x_wconf 79' lang='grc' dir='ltr'><strong>ὑπ’</strong></span> <span class='ocrx_word' id='word_1_732' title='bbox 2658 5607 2876 5669; x_wconf 72' lang='grc' dir='ltr'>αὐτοὺς,</span> <span class='ocrx_word' id='word_1_733' title='bbox 2914 5605 3256 5676; x_wconf 72' lang='grc' dir='ltr'>χαρήσονται</span> <span class='ocrx_word' id='word_1_734' title='bbox 3305 5604 3355 5654; x_wconf 81' lang='lat' dir='ltr'><strong>oi</strong></span> <span class='ocrx_word' id='word_1_735' title='bbox 3390 5600 3607 5663; x_wconf 85' lang='grc' dir='ltr'>τούτοις</span> <span class='ocrx_word' id='word_1_736' title='bbox 3650 5599 3758 5651; x_wconf 77' lang='grc' dir='ltr'><strong>ὑπ-</strong></span> 
     </span>
    </p>
   </div>
   <div class='ocr_carea' id='block_1_108' title="bbox 2146 5689 3763 5771">
    <p class='ocr_par' dir='ltr' id='par_1_108' title="bbox 2146 5689 3763 5771">
     <span class='ocr_line' id='line_1_108' title="bbox 2146 5689 3763 5771; baseline -0.007 -17"><span class='ocrx_word' id='word_1_737' title='bbox 2146 5703 2324 5771; x_wconf 83' lang='grc' dir='ltr'>ήκοοι,</span> <span class='ocrx_word' id='word_1_738' title='bbox 2363 5698 2633 5769; x_wconf 73' lang='grc' dir='ltr'>μηδεμίαν</span> <span class='ocrx_word' id='word_1_739' title='bbox 2677 5697 2738 5763; x_wconf 73' lang='grc' dir='ltr'>ἐξ</span> <span class='ocrx_word' id='word_1_740' title='bbox 2788 5696 2971 5750; x_wconf 77' lang='grc' dir='ltr'>αὐτῶν</span> <span class='ocrx_word' id='word_1_741' title='bbox 3024 5695 3204 5765; x_wconf 87' lang='grc' dir='ltr'>λύπης</span> <span class='ocrx_word' id='word_1_742' title='bbox 3239 5693 3497 5765; x_wconf 73' lang='grc' dir='ltr'>ἀφορμὴν</span> <span class='ocrx_word' id='word_1_743' title='bbox 3528 5689 3763 5759; x_wconf 79' lang='grc' dir='ltr'>εὔλογον</span> 
     </span>
    </p>
   </div>
   <div class='ocr_carea' id='block_1_109' title="bbox 2150 5783 3763 5862">
    <p class='ocr_par' dir='ltr' id='par_1_109' title="bbox 2150 5783 3763 5862">
     <span class='ocr_line' id='line_1_109' title="bbox 2150 5783 3763 5862; baseline -0.004 -18"><span class='ocrx_word' id='word_1_744' title='bbox 2150 5792 2365 5862; x_wconf 74' lang='grc' dir='ltr'>ἔχοντες</span> <span class='ocrx_word' id='word_1_745' title='bbox 2395 5807 2409 5822; x_wconf 95' lang='grc'><strong>·</strong></span> <span class='ocrx_word' id='word_1_746' title='bbox 2445 5791 2883 5861; x_wconf 82' lang='grc' dir='ltr'>εύφημουμένων</span> <span class='ocrx_word' id='word_1_747' title='bbox 2910 5791 2968 5846; x_wconf 84' lang='grc' dir='ltr'><strong>δέ</strong></span> <span class='ocrx_word' id='word_1_748' title='bbox 2998 5790 3162 5846; x_wconf 78' lang='grc' dir='ltr'>πάλιν</span> <span class='ocrx_word' id='word_1_749' title='bbox 3186 5787 3451 5861; x_wconf 80' lang='grc' dir='ltr'>ἀρχηγῶν</span> <span class='ocrx_word' id='word_1_750' title='bbox 3483 5783 3763 5857; x_wconf 66' lang='grc' dir='ltr'>κρατούν-</span> 
     </span>
    </p>
   </div>
  </div>
