3976 6428
283 373 418 440 1513

1305 372 1838 434 COMMENTARII
1906 374 1987 434 IN
2044 373 2504 436 PROVERBIA.

3421 353 3562 452 iw.

279 499 386 539 των
410 483 778 554 τυραννικῶς,
811 485 904 538 καὶ
941 486 1016 556 μὴ
1065 485 1136 539 δι’
1181 485 1406 554 ἀγαθῶν
1449 487 1628 557 ἔργων
1659 484 1868 557 τιμῶν-

2003 498 2200 546 ietnunt
2233 489 2450 558 viriqui
2475 485 2617 540 mala
2649 483 2755 539 sibi
2791 483 2860 536 ab
2887 480 2967 536 eis
3001 480 3145 533 illata
3176 477 3444 547 patienter
3476 485 3559 528 to-
3637 506 3650 520 κ

277 593 388 631 των
415 576 574 640 Θεὸν,
605 577 958 641 στενάζουσιν
993 579 1042 630 οἱ
1091 579 1356 647 γενναίως
1401 579 1470 633 τά
1519 580 1650 650 παρ’
1695 579 1878 633 αὐτῶν
1979 581 2180 636 lerant.

280 667 468 730 αὐτοῖς
504 665 857 737 ἐπερχόμενα
887 667 1114 738 λυπηρά
1141 663 1420 738 φέροντες.

347 764 424 826 γ’.
487 757 737 828 Ἀνδρος
800 758 1126 829 φιλοῦντος
1171 761 1438 829 σοφίαν,
1493 762 1881 831 εὐφραίνεται

2053 757 2220 814 Vsus.
2250 759 2304 813 '5.
2371 757 2464 812 Vir
2501 772 2690 811 amans
2719 731 3037 823 sapientiam
3075 751 3318 820 (reti/irai
3360 756 3567 817 patrem

279 847 479 917 πατὴρ
526 847 716 903 αὐτοῦ
740 865 754 878 ’
801 850 870 914 ὃς
917 848 988 902 δὲ
1029 851 1332 919 ποιμαίνει
1382 853 1633 919 πόρνας,
1664 851 1890 908 ἀπολεῖ

2003 867 2135 905 :uum
2156 851 2281 920 ;qui
2308 858 2484 903 autent
2505 849 2682 918 pascit
2710 841 3305 909 meretrices,disperdet
3326 839 3564 896 divitias.

280 940 574 994 πλοῦτον.
623 939 732 994 Τοῦ
773 941 1041 1010 γενναίως
1071 941 1140 996 τὰ
1179 941 1326 1014 πάοη
1358 943 1502 997 κατά
1547 943 1748 1012 πρᾶξιν
1778 961 1880 998 κα-

277 1031 742 1100 ταπαλαίσαντος,
797 1033 1092 1097 ποθοῦντος
1140 1033 1347 1102 γνῶναι
1393 1034 1494 1106 τὴν
1541 1036 1724 1090 αἰτίαν
1769 1037 1881 1092 τῶν

280 1122 419 1176 ὅλων
448 1123 660 1192 σοφίαν,
701 1121 847 1179 κατά
886 1123 986 1195 τὴν
1019 1124 1078 1176 ἐν
1134 1123 1414 1195 πνεύματι
1464 1124 1705 1198 φυσικὴν
1737 1125 1879 1181 θεω-

283 1211 408 1284 ρίαν
428 1212 537 1266 τῶν
566 1211 759 1278 ὄντων,
789 1213 885 1267 καὶ
914 1210 1056 1266 οὕτω
1089 1213 1228 1285 πρὸς
1276 1213 1555 1284 σωτηρίαν
1587 1213 1882 1284 ἐπειγομέ-

287 1319 402 1369 νου,
437 1303 619 1375 χαίρει
649 1303 737 1357 διά
764 1303 1182 1375 φιλανθρωπίαν
1221 1304 1249 1356 6
1295 1303 1486 1357 τοῦτον
1530 1304 1671 1358 κατὰ
1721 1305 1882 1376 χάριν

281 1393 796 1468 υἱοθε[τη]σάμενος
828 1394 1241 1466 πανοικτίρμων
1267 1393 1399 1458 Θεός
1428 1411 1442 1424 ’
1467 1399 1495 1449 6
1523 1395 1566 1448 δ’
1589 1397 1669 1459 είς
1696 1395 1886 1449 ἐπιθυ-

287 1487 420 1558 μίας
441 1485 764 1548 ἀλλοκότους
797 1485 1199 1556 προνοούμενος
1219 1484 1437 1552 ἑαυτοῦ,
1459 1485 1757 1540 κάντεῦθεν
1785 1486 1884 1552 τὰς

284 1576 479 1649 «idem
505 1573 600 1628 τοῦ
620 1573 784 1644 λόγου
809 1573 1072 1636 νευούσας
1090 1575 1372 1646 αἰσθήσεις
1401 1578 1524 1638 ταῖς
1551 1575 1884 1646 ἐμπαθείαις

283 1665 588 1736 ἐκτρέφων,
619 1663 916 1736 ζημιοῦται
962 1664 1056 1719 τὸν
1120 1664 1263 1720 κατὰ
1292 1665 1498 1735 γνῶσιν
1546 1666 1642 1720 καὶ
1683 1667 1884 1738 ἀρετὴν

288 1753 668 1826 πνευματικὸν
696 1753 948 1807 πλοῦτον.

1985 944 2045 1000 Si
2091 943 2216 1014 quis
2271 943 2560 1012 passiones
2591 940 2848 1009 operibus
2903 936 3125 991 fortiter
3171 926 3566 998 debellaverit,
3661 979 3669 986 .

1995 1034 2323 1105 sapientiam
2361 1033 2610 1087 omnium
2644 1037 2928 1102 parentem
2960 1042 3305 1100 cognoscere
3336 1026 3569 1081 studue-

1986 1121 2098 1187 rit,
2149 1130 2404 1176 naturam
2452 1135 2633 1174 rerum
2682 1118 2968 1173 intellectu
3015 1115 3349 1176 meditando,
3383 1115 3571 1184 itaque

1985 1213 2054 1268 ad
2099 1213 2332 1268 salutem
2368 1208 2704 1278 perrexerit;
2763 1209 2854 1262 ille
2904 1205 3104 1276 gaudio
3141 1212 3198 1260 et
3247 1197 3424 1258 amori
3465 1205 3572 1258 erit

1987 1305 2099 1360 Deo
2133 1303 2518 1368 misericordi,
2552 1301 2645 1371 qui
2678 1316 2804 1356 eum
2839 1300 2893 1353 in
2933 1301 3102 1353 lilium
3131 1299 3307 1370 gratia
3339 1297 3568 1367 adopta-

1985 1394 2086 1450 vit.
2115 1394 2220 1462 Qui
2250 1409 2380 1450 vero
2411 1393 2666 1463 turpibus
2715 1391 3124 1462 cupiditatibus
3177 1390 3458 1462 indulget,
3515 1398 3572 1442 ct

1986 1487 2274 1544 aﬂ‘cctibus
2321 1485 2665 1544 sensationes
2714 1485 2983 1539 rationem
3020 1492 3366 1550 excaecantes
3398 1483 3568 1545 foret,

1985 1581 2097 1638 iste
2120 1579 2344 1637 divitias
2374 1579 2691 1637 intellectus
2719 1585 2776 1634 et
2808 1577 3026 1634 virtutis
3055 1577 3288 1633 amittet.

356 1823 758 1910 δ’ξΒασιλεὺς
795 1843 1050 1911 δίκαιος,
1102 1844 1394 1914 ἀνίστησι
1437 1845 1679 1915 χώραν’
1727 1843 1886 1916 ἀνὴρ

2059 1849 2228 1905 Vsus.
2259 1849 2314 1904 4.
2357 1847 2470 1904 Rea:
2507 1847 2692 1918 justus
2726 1823 2879 1918 erigit
2917 1846 3214 1918 regionem,
3273 1847 3355 1900 vir
3398 1854 3574 1900 autem

293 1935 365 1990 δὲ
385 1934 736 2005 παράνομος
764 1933 1198 1990 κατασκάπτει.
1237 1936 1300 1990 Ὀ
1328 1935 1423 1989 τοῦ
1460 1935 1663 1999 παντὸς
1686 1920 1889 1990 Ᾰεσπό-

283 2043 389 2098 της
417 2027 512 2080 καὶ
559 2026 770 2090 δίκαιος
811 2024 922 2080 τῶν
960 2025 1100 2078 ὅλων
1148 2027 1344 2098 κριτὴς
1370 2026 1522 2091 Θεὸς,
1560 2025 1621 2079 τὺ
1658 2025 1767 2080 τῶν
1795 2026 1890 2079 άν-

288 2119 528 2192 θρὼπων
559 2119 718 2188 γένος
743 2117 838 2172 τοῦ
885 2117 1013 2172 καθ’
1055 2119 1337 2190 ἁμαρτίαν
1375 2119 1583 2192 ἐγείρει
1627 2117 1886 2180 θανάτου,

291 2210 438 2283 πρὸς
467 2209 734 2280 ἐργασίαν
761 2209 871 2262 τῶν
905 2209 1077 2262 αὐτοῦ
1106 2209 1362 2274 ἐντολῶν,
1404 2211 1528 2273 ταῖς
1555 2225 1615 2262 τε
1639 2209 1748 2262 τῶν
1793 2225 1888 2262 κο-

286 2299 503 2354 λάσεων
532 2299 809 2364 ἀπειλαῖς,
839 2297 936 2352 καὶ
960 2299 1081 2362 ταῖς
1109 2297 1473 2368 ἐπαγγελίαις
1505 2297 1617 2352 τῶν
1647 2297 1887 2367 ἀγαθῶψ

287 2391 319 2443 6
350 2391 410 2445 δέ
455 2391 547 2444 τὸν
579 2389 761 2458 λόγον,
821 2387 943 2443 καθ’
998 2388 1058 2442 ὃν
1105 2389 1318 2459 γέγονε,
1366 2388 1621 2459 παραϐὰς
1654 2389 1887 2460 δαίμων,

287 2487 358 2558 τῇ
405 2482 820 2554 καταγγελτικῇ
871 2481 967 2536 τοῦ
1013 2482 1160 2536 θείου
1202 2481 1512 2552 θελήματος
1539 2481 1793 2552 δυνάμει,
1823 2483 1891 2558 ἣν

285 2577 448 2650 παρά
507 2575 644 2630 Θεοῦ
697 2575 860 2629 ἔλαϐε
922 2573 1402 2646 παραχρώμενος,
1457 2573 1757 2628 κάντεῦθεν
1813 2573 1891 2626 ὢν

259 2672 264 2676 ’
289 2667 518 2741 ἰσχυρὸς
546 2665 642 2720 τοῦ
671 2669 992 2722 κακοποιεῖν
1031 2667 1158 2730 τοὺς
1195 2666 1511 2739 αὐθαιρέτῳ
1543 2665 1741 2739 γνώμῃ
1769 2684 1894 2721 πει-

286 2759 560 2830 θομένους
602 2759 778 2831 αὐτῷ,
827 2759 952 2814 ἀντὶ
997 2758 1092 2812 τοῦ
1148 2761 1434 2832 συνεργεῖν
1473 2761 1554 2822 είς
1600 2758 1701 2830 τὴν
1749 2759 1893 2816 κατὰ

286 2851 430 2906 Θεὸν
463 2851 746 2922 ἡμετέραν
783 2849 1096 2922 οἰκοδομὴν,
1133 2850 1388 2922 καθαιρεῖ
1434 2849 1513 2923 τῷ
1550 2849 1672 2904 κατ’
1695 2850 1894 2923 αἴσθη-

289 2960 384 3000 σιν
411 2941 684 3018 ἀπατηλῷ
711 2943 810 2997 καὶ
835 2942 1191 3016 προσκαίρως
1220 2943 1358 3016 ήδεϊ.

366 3035 428 3092 ε’.
473 3038 580 3103 ’ος
621 3033 1066 3104 παρασκευάᾱῑι
1095 3035 1196 3090 ἐπὶ
1240 3036 1570 3105 πρόσωπον
1604 3034 1715 3090 τοῦ
1751 3035 1893 3091 ἐαυ-

286 3126 404 3185 τοῦ
435 3126 622 3198 φίλου
667 3125 943 3193 δίκτυον,
1001 3124 1353 3196 περιϐάλλει
1388 3127 1536 3182 αὐτὸ
1581 3126 1707 3194 τοῖς
1753 3127 1895 3183 ἐαυ-

1991 1943 2206 2015 iniquus
2239 1941 2488 1996 destruit.
2521 1940 2688 2005 Deus,
2727 1939 2823 2010 qui
2856 1939 3118 1994 omnibus
3157 1939 3428 1995 creaturis
3474 1939 3574 1996 do-

1991 2035 2237 2088 minatur
2287 2047 2496 2104 easque
2545 2031 2697 2102 juste
2751 2029 2986 2101 judicat,
3051 2047 3226 2102 genus
3291 2032 3574 2088 hominum

1991 2127 2192 2185 avertit
2242 2142 2271 2181 a
2333 2135 2508 2180 morte
2572 2124 2785 2195 peccati
2837 2123 2904 2177 ad
2947 2123 3224 2194 implenda
3263 2138 3362 2178 sua
3421 2124 3578 2190 mari—

1990 2219 2155 2284 data,
2234 2217 2350 2272 sive
2433 2217 2596 2271 minis
2653 2215 3074 2280 damnationis,
3133 2215 3250 2270 sive
3323 2213 3578 2269 mercede

1994 2311 2293 2380 promissa.
2328 2308 2592 2364 Diabolus
2619 2323 2774 2373 vero,
2803 2315 3114 2377 eontempta
3146 2321 3258 2360 sua:
3278 2306 3579 2362 creationis

1995 2400 2312 2456 conditione
2339 2439 2355 2463 ,
2408 2399 2656 2454 abutitur
2684 2407 2958 2468 potestate
2989 2413 3054 2455 ac
3107 2397 3217 2452 Deo
3250 2407 3477 2468 accepta
3510 2401 3578 2450 ad

1996 2490 2576 2561 aununtiandamejus
2605 2491 2970 2554 voluntatem,
3003 2498 3058 2545 et
3085 2491 3251 2561 pollet
3279 2491 3347 2544 ad
3376 2507 3582 2546 nocen-

1993 2583 2127 2639 dum
2155 2584 2476 2639 hominibus
2505 2583 2601 2654 qui
2635 2583 2873 2640 libenter
2903 2583 3006 2654 ipsi
3037 2585 3304 2650 credunt;
3336 2583 3576 2639 aediﬁca-

1995 2675 2131 2732 tioni
2191 2687 2396 2732 nostra:
2439 2677 2492 2732 in
2529 2677 2644 2734 Deo
2694 2675 2894 2732 nedum
2943 2677 3170 2740 serviat,
3219 2691 3342 2731 eam
3392 2692 3612 2732 erroro'

1995 2782 2264 2824 sensuum
2313 2773 2368 2824 et
2403 2767 2666 2824 brevibus
2695 2765 3073 2839 voluptatibus
3098 2765 3294 2846 ,dirulit.

2072 3009 2239 3066 Vsus.
2275 3011 2330 3066 5.
2397 3009 2504 3078 Qui
2533 3016 2805 3080 praeparat
2836 3009 2906 3064 ad
2924 3009 3116 3081 faciem
3146 3009 3232 3065 sui
3257 3010 3416 3064 amici
3455 3020 3583 3078 rete,

1999 3102 2137 3158 illud
2209 3101 2478 3174 impingit
2527 3104 2640 3159 suis
2691 3101 2931 3173 pedibus.
2995 3101 3171 3158 Homo
3240 3105 3334 3174 qui
3393 3104 3588 3159 dolose

288 3217 408 3282 τοῦ
435 3189 646 3273 ποσίν.
691 3219 788 3282 Ὃς
824 3189 1019 3282 δολίως
1053 3189 1424 3272 ίπιϐουλεύων
1469 3217 1552 3291 τῷ
1607 3189 1891 3288 ἀγαπῶντι

2003 3193 2297 3251 insidiatur
2323 3195 2502 3250 amico
2534 3209 2638 3252 suo
2658 3236 2672 3262 ,
2719 3196 2772 3251 ei
2798 3205 3015 3252 secreto
3069 3209 3275 3267 corpus
3305 3198 3585 3264 vulnerat,

285 3311 482 3380 αὐτὸν,
510 3307 688 3382 λάθρα
733 3309 928 3366 πλέκει
977 3311 1101 3365 κατ’
1140 3310 1309 3366 αὑτοῦ
1360 3309 1571 3382 βλάϐην
1613 3309 1892 3382 σώματος,

284 3403 323 3462 ὃ
373 3403 490 3457 ἐστι
544 3402 841 3474 πρόσωπον
881 3400 985 3471 τῆς
1032 3401 1216 3474 ψυχῆς
1258 3401 1334 3466 ὡς
1382 3403 1588 3475 ταύτης
1616 3420 1897 3476 χαρακτη-

289 3493 566 3566 ριστικδν,
609 3493 730 3548 κατ’
761 3493 1051 3564 ἐνέργειαν
1101 3491 1285 3564 ἑαυτῷ
1337 3495 1770 3567 προηγουμένως
1798 3495 1898 3566 τὴν

285 3586 559 3658 τοιαύτην
599 3585 912 3656 περιτίθησι
942 3583 1152 3656 βλάϐην
1185 3585 1328 3639 κατά
1355 3585 1597 3640 διάνοιαν
1621 3604 1638 3620 ο
1688 3583 1757 3660 ἦς
1781 3591 1896 3654 τοῖς

286 3678 620 3750 κινήμασιν,
655 3675 730 3742 ὥς
767 3693 879 3732 τισι
925 3676 1081 3742 ποσὶ,
1136 3676 1316 3748 διήκει
1366 3678 1511 3732 κατὰ
1543 3679 1724 3750 ψυχὴν
1756 3679 1896 3751 πρὸς

287 3768 578 3825 ἀπώλειαν
601 3785 617 3801 ο
650 3767 749 3822 καὶ
775 3768 838 3822 τὸ
893 3768 995 3841 μὲν
1053 3768 1320 3842 βλαϐῆναι
1375 3770 1528 3843 παρά
1572 3773 1766 3825 τούτου
1799 3771 1892 3826 τὸν

285 3859 810 3932 ἐπιϐουλευόμενον,
835 3860 1053 3932 ἄδηλον,
1076 3861 1152 3926 ὡς
1181 3861 1341 3934 παρὰ
1372 3863 1437 3934 τῇ
1475 3863 1654 3933 κρίσει
1701 3863 1893 3936 κείμε-

285 3974 390 4013 νον
423 3958 518 4013 τοῦ
562 3956 698 4013 Θεοῦ
719 3973 733 3988 ο
783 3957 845 4011 τὸ
873 3957 919 4010 δ’
953 3955 1208 4012 ἐντεῦθεν
1243 3956 1407 4011 αὐτὸν
1458 3956 1548 4026 ὑφ’
1579 3955 1776 4012 ἐαυτοῦ
1821 3955 1891 4010 τὰ

1998 3285 2196 3342 animae
2215 3288 2526 3357 speculum,
2545 3297 2602 3342 et
2621 3287 2857 3343 indicem
2878 3287 3003 3357 ;sed
3021 3288 3202 3360 reipsa
3217 3289 3360 3345 idem
3387 3290 3589 3346 vulnus

1999 3377 2104 3432 sibi
2135 3377 2190 3432 in
2223 3379 2412 3433 animo
2453 3379 2610 3450 prius
2655 3377 2875 3451 inﬂigit,
2907 3380 3079 3450 cujus
3115 3381 3548 3452 cogitationibus
3570 3420 3586 3444 ,

1999 3471 2160 3540 quasi
2241 3469 2520 3542 pedibus,
2594 3472 2774 3543 pergit
2840 3472 2907 3526 ad
2977 3471 3268 3542 Spirituale
3335 3474 3588 3528 exitium.

2002 3561 2161 3630 Quod
2187 3563 2392 3634 petitus
2421 3565 2492 3619 ab
2519 3578 2587 3620 eo
2618 3563 2996 3636 percutiatur,"
3021 3565 3288 3621 incertum
3321 3575 3426 3632 est,
3458 3568 3590 3637 quia

2001 3655 2096 3712 Dei
2140 3655 2356 3728 judicio
2408 3667 2763 3723 reservatur;
2816 3657 2966 3729 quod
3011 3658 3130 3730 ipse
3178 3659 3299 3715 sibi
3349 3661 3591 3716 maxima

2002 3748 2146 3803 mala
2181 3747 2382 3804 inierat
2436 3758 2522 3806 est
2553 3749 2813 3819 evidens,
2841 3765 2871 3806 a
2901 3749 3012 3807 Deo
3045 3751 3138 3823 qui
3199 3751 3317 3822 ipsa
3352 3753 3593 3807 Charitas

1999 3849 2084 3894 est
2105 3878 2118 3904 ,
2155 3853 2216 3896 se
2240 3847 2422 3896 mente
2461 3842 2758 3912 elongavit,
2784 3851 2845 3898 et
2885 3842 3176 3900 homicidae
3207 3843 3428 3901 diabolo
3458 3845 3594 3901 sub-

1995 3929 2177 3999 jectus
2209 3939 2314 3988 est.

287 4051 540 4125 μέγιστα
579 4047 1091 4116 καταϐλάπτεσθαι,
1129 4048 1439 4121 πρόδηλονο
1484 4043 1574 4103 οἶα
1623 4047 1758 4104 Θεοῦ
1801 4051 1904 4121 τῆς
1951 4047 2307 4120 αὐτοαγάπης
2341 4049 2482 4104 κατά
2510 4049 2750 4106 διάθεσιν
2773 4049 3166 4122 ἀφιστάμενον,
3199 4051 3294 4105 καὶ
3360 4051 3440 4124 τῷ
3501 4053 3598 4106 ἀν-

287 4145 672 4222 θρωποκτόνῳ
701 4145 920 4216 Σατανᾷ
944 4145 1395 4217 προστιθέμενον.
1575 4127 1578 4132 ’
3389 4157 3402 4167 ι

369 4251 450 4312 ς’.
475 4240 906 4313 ’Δμαρτάνοντι
942 4239 1139 4309 ἀνδρί,
1161 4241 1398 4313 μεγάλη
1429 4243 1611 4311 παγίς
1627 4259 1642 4274 ο
1669 4239 1891 4310 δίκαιος

2060 4237 2228 4294 Vsus.
2247 4237 2300 4293 6.
2317 4237 2570 4294 Peccanti
2583 4238 2719 4306 viro,
2735 4255 2960 4310 magnus
2978 4238 3194 4312 laqueus
3203 4239 3404 4310 ,justus
3421 4251 3595 4296 autem

282 4335 369 4392 δὲ
417 4335 492 4392 ἐν
525 4331 706 4406 χαρᾷ,
757 4329 858 4387 καί
909 4332 980 4386 ἐν
1023 4332 1376 4404 εὐφροσύνῃ
1413 4331 1606 4388 ἔσται.
1661 4331 1752 4404 Τῷ
1801 4331 1891 4404 μὲι

2012 4333 2068 4390 in
2088 4330 2288 4404 gaudio
2315 4340 2364 4387 et
2397 4331 2590 4388 latitia
2616 4332 2739 4387 erit.
2765 4331 3101 4388 Cadentibus
3126 4343 3180 4389 et
3205 4334 3460 4389 mandata
3499 4334 3595 4389 Dei

281 4427 552 4485 ⁸ιιτ”¹ι·ει,ίοντι
579 4425 724 4480 κατὰ
753 4425 814 4479 τὸ
854 4418 1224 4494 παραϐαίνειν
1253 4424 1354 4488 τὰς
1383 4425 1536 4490 θείας
1561 4425 1779 4490 ἐντολὰς
1809 4425 1891 4480 ἀν·

2019 4425 2479 4499 prtetereuntibus
2511 4440 2710 4496 magna
2741 4425 3032 4481 calamitas
3067 4425 3319 4480 imminet
3353 4426 3408 4480 in
3443 4425 3597 4482 futu-

283 4519 528 4594 θρώπῳ,
581 4517 797 4590 μεγάλη
833 4515 1080 4590 τιμωρία
1128 4515 1280 4570 ἔσται
1347 4517 1491 4572 κατά
1524 4519 1587 4572 τὸ
1619 4518 1833 4590 μέλλον,
1866 4519 1891 4589 ἢ

2009 4537 2168 4577 rum:
2201 4519 2373 4576 Deum
2420 4533 2737 4590 supremum
2790 4517 2993 4574 bonum
3049 4521 3333 4588 amittere;
3383 4521 3452 4578 iis
3499 4537 3598 4576 au-

278 4614 412 4672 ἀπὸ
437 4611 596 4678 Θεοῦ,
647 4610 742 4666 τοῦ
799 4609 1038 4682 ἐσχάτου
1089 4608 1345 4681 όρεκτοῦ,
1383 4609 1699 4676 ἔκπτωσις·
1749 4609 1830 4682 τῷ
1859 4611 1890 4665 δ

2011 4621 2120 4670 tem
2159 4613 2253 4685 qui
2282 4621 2410 4684 sunt
2447 4609 2964 4683 irreprehensibiles
2992 4610 3148 4682 juxta
3180 4613 3437 4668 mandata
3469 4620 3596 4670 tan-

275 4705 608 4778 ἁμέμπτως
661 4703 804 4758 κατά
839 4705 940 4766 τὰς
991 4702 1159 4756 αὑτοῦ
1200 4700 1422 4767 ἐντολὰς
1476 4702 1891 4775 πολιτευομένῳ,

2009 4716 2118 4764 tam
2137 4707 2562 4764 exsultationem
2591 4713 2648 4762 et
2669 4703 2984 4760 fruitionem
3019 4705 3217 4762 tribuit
3239 4705 3370 4772 felix
3392 4707 3594 4773 exitus,

275 4795 624 4869 ἀγαλλίασις
675 4795 771 4849 καὶ
817 4794 1148 4858 ἀπόλαυσις,
1182 4793 1218 4865 ἡ
1261 4792 1545 4864 ἐπιτυχία,
1586 4779 1891 4849 τοσοῦτονί

2006 4809 2267 4872 quantam
2300 4799 2584 4856 tristitiam
2626 4797 2818 4853 infelix
2843 4805 3093 4854 eventus.

271 4886 578 4958 ἀποτυχία
606 4887 798 4940 λυπεῖ.

369 4978 439 5044 ζ’.
485 4977 842 5034 Ἐπίσταται
875 4975 1110 5044 δίκαιος
1133 4977 1365 5046 κρίνειν
1389 4975 1696 5048 πενιχροῒς
1724 4991 1738 5007 ⁸
1766 4979 1802 5032 ὁ
1836 4977 1906 5031 δὲ

269 5069 532 5138 ἀσεϐὴς
569 5073 642 5124 οὺ
680 5069 808 5124 νοεῖ
849 5068 1080 5142 γνῶσιν
1106 5088 1121 5098 ·
1179 5068 1282 5122 καί
1313 5068 1528 5138 πτωχῷ
1573 5071 1687 5139 οὐχ
1718 5069 1906 5138 ὑπάρ-

266 5181 394 5238 χει
421 5163 570 5231 νοῦς
607 5159 980 5234 ἐπιγνώμων.
1017 5159 1174 5218 Οἶδεν
1203 5155 1520 5228 ἀπταίστως
1571 5166 1600 5218 6
1629 5163 1722 5218 τὸν
1771 5164 1904 5217 Θεὸν

267 5258 488 5331 ἔργοις
551 5249 903 5326 δικαιοσύνης
974 5255 1196 5327 τιμῶν,
1281 5251 1728 5309 ἀποδιαστέλλει“ν
1793 5253 1904 5308 τῶν

265 5345 630 5420 κρειττόνων
673 5346 744 5398 τὰ
793 5344 1042 5418 χείρονα,
1086 5340 1176 5398 οἷα
1227 5343 1607 5416 διαγινώσκων
1651 5345 1761 5399 ἀπὸ
1802 5345 1906 5416 τῆς

263 5440 499 5510 πείρας
531 5436 626 5494 τοῦ
657 5437 867 5507 ἀγαθοῦ
901 5438 963 5492 τὸ
1001 5437 1193 5493 τούτου
1225 5439 1472 5494 ἐναντίον
1517 5439 1689 5493 κακόν
1711 5459 1724 5472 ·
1772 5441 1800 5492 6
1845 5441 1904 5494 δέ

265 5537 372 5612 μὴ
411 5533 557 5588 οὓτω
585 5532 775 5586 τοῦτον
802 5531 1000 5604 τιμῶν,
1047 5533 1272 5614 τάιάπὸ
1317 5532 1513 5587 τούτου
1555 5533 1904 5604 μακρύνοντα

221 5613 224 5618 ’
259 5625 642 5695 διανοήματα
671 5623 766 5677 τοῦ
794 5625 1110 5694 ἀρχεκάκου
1145 5622 1345 5696 ἐχθροῦ
1389 5624 1600 5693 ἀγνοεῖ,
1632 5625 1727 5678 καὶ
1788 5623 1891 5677 τού·

2007 5621 2212 5689 nantis,
2266 5623 2442 5693 iisque
2493 5624 2770 5693 periturus
2795 5625 3194 5695 capiturzltuic
3229 5626 3436 5681 homini
3473 5644 3596 5682 mo-

260 5732 418 5778 τοις
439 5717 722 5770 ἁλίσκεται
753 5715 891 5786 πρὸς
933 5713 1214 5768 ἀπώλειαν
1237 5729 1254 5744 ο
1285 5715 1380 5782 καὶ
1407 5713 1489 5785 τῷ
1525 5713 1776 5768 ἐντεῦθεν
1800 5731 1891 5766 κα·

2007 5715 2145 5769 diem
2179 5712 2426 5768 scientiae
2462 5715 2798 5787 relinquitur
2829 5716 3138 5772 intellectus
3163 5733 3272 5774 non
3298 5719 3362 5772 ad
3393 5711 3597 5791 cegiio-

258 5810 356 5866 τὰ
402 5806 602 5876 γνῶσιν
645 5804 1002 5876 πτωχεύοντι,
1034 5805 1134 5859 οὐκ
1181 5804 1296 5858 ἔστι
1347 5805 1474 5868 νοῦς
1523 5803 1891 5877 ἐπιγινώσκωι

2010 5806 2276 5863 scendum
2306 5805 2476 5864 Deum
2511 5807 2740 5878 bonum,
2792 5809 2888 5866 sed
2947 5809 3016 5864 ad
3046 5810 3494 5868 calumniandum
3527 5803 3594 5884 de

115 5907 153 5921 ‘
639 5902 918 5964 Ρηιιοι.
959 5901 1079 5965 Gn.
1128 5901 1514 5966 LXXXVII.

3196 5904 3270 5968 4‘3

2081 4981 2248 5038 Vsus.
2285 4980 2337 5034 7.
2385 4977 2548 5037 Novit
2572 4981 2756 5052 justus
2798 4979 3048 5050 judicare
3083 4979 3446 5051 pauperibus;
3494 4982 3598 5036 im-

2005 5075 2127 5145 pius
2155 5085 2332 5128 autem
2363 5091 2468 5128 non
2496 5074 2694 5144 cogitat
2727 5073 3028 5138 scientiam,
3061 5081 3112 5127 et
3147 5073 3291 5138 inopi
3311 5090 3414 5128 non
3458 5075 3596 5130 inest

2007 5183 2155 5222 mens
2203 5181 2542 5236 cognoscens.
2579 5164 2740 5218 Novit
2773 5166 2867 5235 qui
2905 5163 3076 5221 Deum
3119 5167 3381 5237 operibus
3422 5167 3596 5238 justis

2008 5255 2264 5319 honorat,
2315 5263 2434 5309 tute
2465 5255 2781 5310 discernere
2813 5254 3002 5326 pejora
3033 5271 3063 5310 a
3101 5256 3423 5315 melioribus
3448 5298 3462 5325 ,
3497 5260 3594 5331 qui

2006 5363 2073 5402 ex
2139 5347 2478 5416 experientia
2521 5347 2651 5402 boni
2717 5345 2910 5402 didicit
2976 5349 3323 5404 contrarium
3387 5354 3594 5408 malum

2007 5453 2328 5516 agnoscere.
2395 5439 2498 5506 Qui
2572 5455 2705 5495 vero
2783 5437 2954 5494 Deum
3011 5457 3122 5504 non
3181 5443 3262 5498 sic
3317 5443 3594 5507 honorat,

2008 5532 2244 5602 ignorat,
2281 5533 2512 5588 consi-lia
2565 5534 2790 5602 pessimi
2840 5533 3050 5592 inimici
3100 5549 3130 5588 a
3183 5535 3296 5592 Dco
3331 5552 3432 5592 nos
3459 5538 3594 5604 alie-
