3976 6450
408 410 544 479 1517

1432 402 1967 487 COMMENTARH
2005 404 2091 467 IN
2118 402 2583 468 PBOVERBIA.

3548 399 3684 463 1518

396 544 604 586 ’πονονο
644 526 1018 584 συνελθουσῶν
1060 521 1154 582 οὗν
1202 524 1486 599 ἀλλήλαις,
1522 525 1624 595 τῆς
1668 523 1768 595 μὲν
1814 522 1994 595 ψυχῆς

2138 520 2449 577 estimentis
2508 518 2746 573 maxime
2799 516 3176 581 necessariis;
3228 524 3279 571 ct
3339 532 3504 573 carne
3559 531 3685 573 cum

401 627 474 695 τῇ
507 623 687 695 σαρκὶ,
734 621 874 694 πρὸς
920 622 982 674 τὸ
1036 620 1443 702 περιποιεῖσθαι
1486 618 1627 689 αὐτῇ
1671 614 1991 686 διατροφὰς,

400 715 505 769 καὶ
545 715 910 786 σκεπάσματα
962 712 1032 768 τὰ
1089 712 1251 785 μόνον
1304 710 1748 780 ἀναγκαιότατα·
1793 708 1897 779 τῆς
1935 706 1996 761 δὲ

412 808 616 877 σαρκὸς
639 804 707 880 τῇ
737 807 908 880 ψυχῇ,
954 807 1036 870 είς
1074 806 1135 859 τὸ
1159 805 1407 882 ὑπείκειν
1436 802 1610 875 ταύτῃ
1632 801 1770 874 πρὸς
1796 798 1998 871 πρᾶξιν

2106 613 2287 669 anima
2318 613 2377 667 in
2425 610 2735 667 obediendo
2778 620 2836 665 et
2875 609 3127 665 facienda
3179 609 3407 675 virtute,
3469 610 3690 680 tttt‘iqm‘:

2110 705 2383 778 prospicit
2448 702 2593 759 Deus
2663 703 2847 758 omnis
2901 711 3174 757 creatura:
3230 701 3577 757 rationabilis
3637 710 3692 755 ιι

2104 790 2401 865 sensiiivae,
2433 809 2489 855 et
2519 796 2684 854 saluti
2716 795 3046 853 necessaria
3073 793 3299 865 utrique
3330 793 3557 864 praebet.
3660 814 3665 821 ·

410 900 521 956 τῶν
576 900 815 972 ἀρετῶν,
865 899 1188 973 ἀμφοτέρας
1236 897 1613 970 προνοητικῶς
1668 894 1957 950 ἐπιϐλέπει
1999 894 2029 948 ὁ
2065 891 2352 964 Δεσπότης
2421 894 2603 958 πάσης
2661 883 2776 963 ’τῆς
2863 890 3064 962 νοητῆς
3112 889 3210 944 καὶ⁸
3261 888 3361 960 τῆς
3420 887 3697 959 αισθητῆς

412 995 665 1063 κτίσεως,
699 996 955 1070 χορηγῶν
976 997 1169 1062 αὐταῖς
1197 996 1266 1051 τὰ
1287 997 1527 1067 ἑκατέρᾳ
1546 995 1685 1066 πρὸς
1716 993 1993 1066 σωτηρίαν
2030 989 2341 1061 πρόσφορα.

484 1090 567 1147 ιδ’.
599 1089 909 1156 Βασιλέως
949 1089 1020 1143 ἐν
1045 1089 1300 1158 ἀληθείᾳ
1346 1087 1666 1159 κρίνοντος
1696 1084 1994 1155 πτωχοὺς,

415 1185 449 1237 ό
469 1182 683 1251 θρόνος
721 1179 910 1237 αὐτοῦ
956 1182 1044 1248 είς
1072 1180 1404 1251 μαρτύριον
1454 1176 1998 1247 κάττασταθήσεται.

417 1270 630 1341 Ὠσπερ
658 1269 926 1341 βασιλέως
952 1268 1097 1333 τινὸς
1121 1266 1269 1343 κατά
1307 1267 1407 1327 τὰς
1436 1264 1676 1337 ψυχικὰς
1703 1262 2001 1327 διαθέσεις,

414 1363 544 1427 τοὺς
571 1361 663 1416 ὑπ’
684 1361 847 1416 αὑτὸν
869 1362 1173 1436 κρίνοντος,
1197 1359 1295 1414 καὶ
1314 1358 1436 1431 οὐχὶ
1457 1358 1601 1414 κατά
1626 1357 1727 1420 τάς
1743 1353 2005 1428 φαινομέ-

415 1471 515 1520 νας
540 1454 717 1521 ἀξίας,
751 1454 859 1508 κᾶν
883 1452 1089 1508 τούτων
1122 1452 1473 1523 ὑπάρχοντας
1518 1450 1647 1514 τοὺς
1693 1447 1787 1502 ὑπ’
1838 1445 2004 1502 αὐτὸν

400 1546 721 1613 ’ἐνδεείς,τδ
753 1543 1035 1618 βασιλικὸν
1079 1544 1275 1598 τούτου
1320 1542 1566 1613 ἀξίωμα,
1590 1542 1729 1612 ὅπερ
1766 1542 1794 1594 ὁ
1815 1539 2008 1611 θρόνος

418 1638 745 1710 παραδηλοῖ,
783 1638 867 1702 είς
927 1637 1149 1708 ἔλεγχον
1194 1635 1348 1690 ἔσται
1376 1634 1488 1689 τῶν
1520 1650 1581 1687 τε
1618 1631 1871 1702 ἀγαθῶν,
1911 1633 2009 1687 καὶ

417 1734 531 1790 τῶν
567 1734 643 1806 μὴ
670 1733 954 1800 τοιούτων,
1007 1731 1153 1786 οὕτω
1182 1731 1279 1785 καὶ
1320 1728 1415 1783 τοῦ
1448 1727 1715 1800 ἡγεμόνος
1754 1722 1896 1798 [νοῦ]
1932 1725 2009 1796 μὴ

422 1825 562 1897 πρὸς
602 1825 672 1879 τὰ
706 1825 1013 1897 φαινόμενα
1065 1821 1264 1892 κάλλη,
1309 1820 1449 1875 ἀλλὰ
1505 1818 1647 1892 πρὸς
1701 1816 1774 1871 τά
1824 1815 2008 1887 ἀφανῆ

2180 1078 2352 1135 Vens.
2391 1080 2479 1137 M.
2507 1078 2666 1151 Regis
2694 1081 2751 1135 in
2800 1081 3028 1137 veritate
3058 1081 3361 1151 iudicantis
3412 1097 3697 1151 pauperes,

2109 1172 2257 1228 sedes
2299 1172 2414 1243 ejus
2462 1173 2518 1227 in
2558 1174 2920 1230 testimonium
2968 1176 3342 1232 constituetur.
3388 1175 3544 1233 Sicut
3605 1191 3701 1230 rex

2108 1262 2387 1333 subjectos
2404 1262 2611 1333 judicat
2634 1265 2858 1322 attentis
2883 1266 3078 1321 animae
3092 1267 3565 1337 dispositionibus,
3590 1282 3702 1321 non

2094 1364 2337 1412 externa
2363 1355 2652 1428 dignitate,
2679 1359 2762 1414 vel
2792 1358 3109 1416 hominibus
3138 1375 3203 1415 ea
3234 1360 3473 1425 vestitis,
3508 1360 3601 1430 qt'ti
3634 1360 3703 1414 ad

2113 1464 2174 1506 se
2195 1450 2445 1517 veniunt,
2472 1449 2641 1522 hujus
2663 1451 2811 1522 regis
2838 1453 3110 1508 sententia
3129 1468 3160 1507 e
3183 1453 3384 1508 throno
3400 1449 3702 1525 refulgens,

2114 1542 2245 1598 boni
2279 1551 2335 1599 et
2362 1541 2493 1597 mali
2537 1544 2646 1599 erit
2693 1543 2982 1601 indicium.
3018 1545 3101 1599 Ita
3121 1546 3341 1617 quando
3371 1546 3703 1609 intellectus,

2114 1652 2227 1711 quo
2252 1638 2535 1706 ducimur,
2570 1639 2639 1696 ad
2658 1640 2941 1707 latentem,
2977 1656 3087 1696 non
3120 1642 3185 1697 ad
3213 1654 3563 1714 apparentem
3587 1643 3709 1714 pul-

2120 1730 2498 1787 chritudinem
2533 1733 2763 1804 respicit
2792 1742 2848 1788 et
2872 1730 3007 1789 vere
3042 1734 3186 1789 bona
3227 1735 3501 1791 illusoriis
3565 1749 3707 1806 prae—

2118 1821 2293 1891 ponit,
2330 1821 2473 1879 liber
2486 1834 2572 1879 est
2604 1838 2634 1878 a
2658 1824 3016 1894 passionibus
3038 1826 3484 1897 gratia'Spiritus
3506 1828 3707 1890 sancti,

422 1915 740 1988 βλέποντος,
796 1917 893 1971 καὶ
942 1914 1014 1970 τά
1066 1914 1240 1977 ὅντως
1262 1911 1443 1981 ἀγαθά
1483 1909 1595 1964 τῶν
1633 1907 2013 1980 νομιζομένων

2138 1919 2176 1968 ξι
2208 1914 2403 1985 recipit
2454 1914 2639 1972 lumen
2677 1914 2745 1972 ad
2799 1916 3166 1988 iudicandum
3224 1918 3369 1974 inter
3419 1919 3621 1975 bonum
3656 1928 3712 1973 et

422 2009 838 2083 προκρίνοντος,
888 2010 923 2078 ὴ
958 2008 1119 2061 -κατὰ
1169 2006 1283 2059 τῶν
1316 2002 1511 2059 παθῶν
1537 2001 1759 2070 ἐξουσία
1788 2001 2007 2069 τούτου,
2035 1996 2086 2056 Β
2113 2006 2341 2062 malum.
3183 2004 3193 2019 ‘

423 2104 546 2176 ἥτις
574 2101 668 2156 τοῦ
696 2100 967 2170 παναγίου
1010 2094 1338 2170 Πνεύματος
1355 2097 1518 2168 χάρις
1547 2095 1667 2149 ἐστὶ
1730 2093 1849 2164 φῶς
1908 2093 2235 2167 ὑπάρχουσα
2287 2096 2547 2168 γνώσεως
2602 2099 2785 2172 λόγοις
2865 2099 3275 2167 διδασκαλικοτς
3323 2102 3590 2173 διελέγξει
3651 2106 3714 2159 τό

422 2213 484 2250 τε
509 2195 737 2266 ἀγαθὸν,
776 2195 872 2249 καὶ
909 2194 969 2247 τὸ
998 2192 1259 2263 πονηρόν.

499 2291 586 2346 ιε’.
612 2287 973 2362 tumulata!
1009 2288 1251 2358 ἔλεγχοι
1300 2285 1538 2341 διδόασι
1589 2284 1851 2355 σοφίαν·
1872 2283 2016 2352 παῖς

426 2385 496 2440 δὲ
514 2383 930 2454 πλανώμενος,
957 2379 1237 2449 αίσχύνει
1266 2378 1464 2449 γονεῖς
1500 2376 1710 2433 αὐτοῦ.
1740 2376 2019 2449 Τιμωρίαι

429 2475 534 2547 υἱῷ
576 2475 797 2539 πάντως
861 2472 1016 2547 παρὰ
1052 2470 1274 2542 πατρὸς
1325 2469 1693 2540 ἐπαγόμεναι,
1744 2471 1840 2523 καὶ
1868 2469 2018 2538 λόγοι

432 2568 573 2640 μετά
598 2565 915 2637 παρρησίας
935 2562 1300 2635 φανεροῦντει,
1328 2562 1399 2617 τά
1426 2563 1579 2617 αίτια
1597 2561 1710 2616 τῶν
1729 2561 2017 2634 τιμωριῶν

431 2659 859 2732 ἀμαρτήματα,,
880 2656 975 2711 καὶ
1003 2654 1471 2726 καταισχύνοντες
1498 2655 1663 2709 αὐτὸν
1696 2654 1835 2725 πρὸς
1871 2653 2018 2726 διόρ-

430 2747 620 2812 θωσιν,
652 2746 915 2819 ἀληθείας
973 2745 1176 2815 γνῶσιν
1212 2746 1390 2817 τούτῳ
1438 2743 1746 2817 χαρίζεται.
1786 2744 1913 2809 Υἱὸς
1936 2742 2016 2811 δὲ,

429 2838 532 2908 τῆς
562 2835 821 2907 ἀληθείας
877 2833 1371 2905 ἀποπλανώμενος,
1393 2835 1490 2889 καὶ
1520 2834 1634 2891 τῶν
1674 2832 1847 2899 ὅντως
1875 2835 2018 2903 ἀγα-

428 2929 542 2982 θῶν
562 2928 630 2983 τὰ
658 2927 994 2999 νομιζόμενα
1022 2926 1475 2998 προτιμώμενος,
1525 2927 1592 2980 ἐκ
1620 2925 1717 2980 τοῦ
1752 2925 2019 2998 πράττειν
2064 2950 2070 2956 ·

432 3014 505 3076 τὰ
530 3020 840 3093 παράλογα,
868 3020 998 3084 τοὺς
1057 3019 1223 3084 ἰδίους
1271 3019 1629 3091 καταισχύνει
1661 3018 2020 3091 γεννήτορας,

436 3115 652 3171 πολλῶν
715 3114 978 3187 μέμψεων
1052 3112 1270 3178 τούτοις
1331 3113 1596 3185 ὑπάρχων
1696 3112 1988 3185 παραίτιος
2007 3127 2024 3143 ο

2198 2282 2364 2341 Vens.
2401 2285 2489 2341 15.
2518 2284 2702 2357 Plaga:
2739 2293 2792 2340 et
2825 2288 3176 2356 correptiones
3199 2286 3332 2343 dant
3370 2288 3711 2357 sapientiam,

2122 2393 2253 2447 puer
2290 2388 2468 2433 autem
2512 2395 2701 2434 errans
2732 2379 3013 2449 confundit
3042 2389 3291 2448 parentes
3322 2397 3470 2436 suos.
3531 2381 3717 2437 Pinnae

2124 2484 2248 2542 quae
2309 2469 2473 2526 tilioa
2530 2477 2686 2541 patre
2714 2470 3056 2542 inﬂigentur,
3093 2480 3148 2526 et
3179 2485 3471 2545 sermones
3514 2472 3717 2545 quibus

2125 2540 2305 2620 libere
2359 2540 2795 2619 maniiestantur
2839 2540 3079 2632 peccata
3120 2540 3302 2634 pcen'is
3357 2540 3547 2635 digna,
3579 2579 3719 2632 quo-

2124 2670 2359 2726 rumque
2388 2655 2598 2726 pudore
2645 2655 2715 2711 ad
2764 2656 3209 2713 emendationem
3260 2657 3506 2724 ducitur,
3570 2658 3719 2715 httuc

2125 2748 2192 2805 ad
2224 2748 2668 2819 cognoscendam
2701 2749 2994 2804 veritatem
3029 2747 3527 2805 erudiuntuFilius
3576 2764 3713 2805 vero

2125 2842 2220 2914 qui
2251 2852 2459 2899 errata
2484 2844 2745 2909 veritate,
2773 2842 2866 2912 qui
2910 2842 3055 2900 veris
3090 2841 3231 2899 falsa
3281 2842 3532 2913 praefert,
3589 2859 3716 2898 cum

2127 2934 2349 3007 iniusta.
2388 2933 2603 3000 fecerit,
2654 2936 2775 2991 suis
2823 2934 3153 3006 parentibus
3214 2935 3445 3007 pudoris
3509 2920 3721 2991 multo-

2133 3043 2368 3098 rumque
2394 3028 2794 3097 vituperiorum
2822 3042 2993 3085 causa
3011 3029 3137 3096 erit,
3160 3020 3204 3083 ‘a
3242 3029 3444 3099 quibus
3497 3028 3723 3101 dignam

2139 3118 2488 3191 disciplinam
2523 3134 2635 3175 non
2668 3120 2902 3192 accepit.
3536 3110 3541 3115 ’

438 3210 642 3282 ἐπειδὴ
664 3209 740 3282 μὴ
771 3209 871 3281 τῆς
904 3205 1297 3280 προσηκούσης
1318 3205 1571 3271 παιδείας
1599 3203 1868 3279 τετύχηκε
1892 3206 2027 3277 παρ’
2056 3258 2101 3315 C

437 3300 643 3355 αὐτῶν.

516 3391 888 3458 ιζ’.οηολλῶν
926 3390 1118 3446 ὄντων
1160 3387 1420 3455 ἀσεϐῶν,
1480 3386 1706 3444 πολλαὶ
1758 3387 2029 3465 γίνονται

441 3483 718 3553 ἁμαρτίαι
732 3499 747 3515 ο
785 3483 840 3536 οι
855 3480 924 3534 δὲ
942 3479 1180 3544 δίκαιοι,
1205 3479 1456 3534 ἐκείνων
1475 3478 1838 3543 πιπτόντων,
1849 3474 2033 3531 κατά-

441 3576 616 3645 φοὸοι
642 3576 927 3645 γίνονται.
983 3572 1106 3629 Τῶν
1154 3571 1368 3626 πολλῶν
1425 3570 1504 3643 μή
1552 3568 1621 3626 δι’
1659 3567 2029 3640 ἀγαθοεργίας

442 3664 730 3737 τιμώντων
762 3664 917 3730 Θεὸν,
968 3663 1140 3718 πολλά
1194 3662 1369 3733 τούτῳ
1408 3662 1484 3735 μὴ
1512 3661 1819 3736 ἀρέσκοντα
1853 3660 2032 3734 πράτ⁴

441 3773 663 3812 τονταιο
713 3757 940 3822 τούτους
987 3756 1045 3811 δὲ
1108 3757 1159 3811 οἱ
1236 3757 1569 3828 ἀμέμπτως,
1620 3754 2031 3826 πολιτευόμενοι

445 3848 727 3914 ἐλεοῦντες
770 3848 867 3904 τοῦ
930 3847 1247 3920 πτώματος,
1305 3846 1536 3911 ἑαυτοὺς
1592 3845 1671 3918 τῷ
1714 3845 1846 3916 θείῳ
1880 3843 2033 3917 φόϐῳ

443 3939 972 4011 κατασφαλίζονται,
1022 3938 1166 3993 ὥστε
1226 3937 1305 4011 μὴ
1333 3939 1444 4002 τοῖς
1490 3936 1700 4008 ὁμοίοις
1729 3936 2030 4008 περιπέσῃ.

522 4031 609 4098 ιζ’.
635 4031 888 4087 Halanus
915 4032 1053 4087 υἱόν
1103 4014 1244 4097 σου,
1277 4030 1377 4084 καὶ
1409 4030 1752 4085 ἀναπαύσει
1785 4042 1860 4084 σε
1879 4046 1894 4061 ο
1929 4028 2033 4086 καί

443 4119 626 4177 δώσει
651 4122 885 4192 κόσμον
934 4120 1011 4190 τῇ
1060 4119 1235 4190 ψυχῇ
1265 4136 1405 4175 σου.
1439 4120 1577 4189 Ἀγε
1621 4119 1713 4173 τὸν
1737 4117 1831 4172 σὺν
1866 4118 2037 4173 παῖδα

442 4210 810 4284 ψυχωφελῶς,
839 4212 985 4267 άντε
1013 4211 1277 4282 σαρκικὸς
1312 4210 1418 4281 εἴη,
1446 4208 1513 4264 ἀν
1544 4225 1606 4263 τε
1640 4207 2035 4281 πνευματικὸς,

444 4301 676 4371 ἀγνοίας
702 4302 800 4357 καὶ
829 4303 1035 4367 κακίας
1061 4302 1337 4366 ἐπιπόνως
1395 4301 1674 4372 καθαίρων
1702 4300 1900 4357 αὐτόν’
1941 4299 2040 4355 καὶ

444 4394 785 4467 θεραπεύσει
812 4395 1157 4467 σε,“πληρῶν
1210 4395 1274 4449 τὸ
1304 4387 1390 4449 ἐπ’
1445 4395 1598 4467 αὐτῷ
1627 4396 1698 4450 τὰ
1724 4395 1825 4467 τῆς
1854 4395 2037 4468 ψυχῆς

448 4506 547 4544 σου
571 4488 892 4561 βουλήματα
914 4504 929 4518 ·
974 4489 1069 4543 καὶ
1123 4487 1399 4560 προσάψει
1451 4487 1591 4560 αὐτῇ
1645 4487 1723 4552 ὡς
1752 4487 1904 4560 αἰτίᾳ
1936 4487 2038 4560 τὴν

445 4583 538 4651 ἐφ’
572 4580 754 4652 ἔαυτῷ
780 4579 1058 4634 ποικιλίαν
1079 4578 1191 4633 τῶν
1226 4579 1462 4652 ἀρετῶν.

526 4679 617 4747 ιη’.
648 4674 732 4729 Οὐ
747 4673 834 4745 μὴ
866 4672 1107 4743 ὑπάρξῃ
1147 4671 1454 4744 ἐξηγητὴς
1485 4671 1644 4728 ἔθνει
1670 4671 1996 4742 παρανόμῳ
2020 4687 2036 4705 ο

446 4768 487 4821 ό
508 4763 576 4820 δὲ
596 4764 939 4835 φυλάσσων
961 4763 1069 4819 τὸν
1093 4765 1303 4833 νόμον,
1318 4765 1711 4834 μακαριστός.
1745 4763 1862 4817 Οὐκ
1886 4761 2041 4817 ἐσται

449 4855 730 4929 ἑρμηνεὺς
784 4854 895 4910 τῶν
955 4854 1208 4927 νομίμων
1282 4854 1503 4920 πάντως
1548 4854 1900 4926 διδαγμάτων
1944 4852 2041 4908 τοῦ

446 4946 797 5019 Πνεύματος,
832 4947 950 5019 λαῷ
974 4946 1088 5002 ἐθει
1125 4947 1328 5012 κακίας
1353 4947 1449 5001 καὶ
1478 4946 1676 5019 ἀγνοίᾳ
1704 4945 2041 5011 δουλεύοντι,

446 5039 551 5094 καὶ
582 5037 830 5111 μηδόλως
873 5037 1310 5112 παραδεχομένῳ
1339 5038 1433 5093 τὸν
1461 5040 1628 5110 νόμον
1655 5037 1752 5092 τοῦ
1786 5036 2044 5108 Πνεύμα-

447 5146 545 5196 τος
566 5146 580 5160 ·
605 5131 656 5185 oi
686 5134 797 5204 γὰρ
846 5131 924 5204 μὴ
973 5131 1164 5186 τοῦτον
1195 5126 1654 5204 παραδεχόμενοι,
1689 5130 1793 5184 οὐκ
1821 5130 1887 5185 ἂν
1919 5128 2046 5201 δεη-

451 5220 600 5276 θεῖεν
629 5223 732 5293 τῆς
763 5221 931 5277 αὑτοῦ
965 5221 1285 5295 ἐξηγήσεως
1303 5239 1319 5255 ο
1340 5222 1430 5277 ἵνα
1451 5222 1546 5277 καὶ
1571 5220 1848 5293 ἐξηγητὴν
1874 5221 2044 5275 αὐτοῦ

451 5314 674 5381 ἔξουσιο
708 5315 790 5370 διὸ
814 5315 879 5369 τὸ
906 5316 1099 5380 σκότος
1141 5316 1243 5387 τῆς
1273 5314 1504 5385 ἀγνοίας
1531 5315 1938 5388 περικείμενοι,
1964 5314 2045 5387 τῷ

448 5409 661 5481 ὀλέθρῳ
683 5409 783 5479 τῆς
816 5409 1017 5474 κακίας
1044 5411 1473 5481 περιπίπτουσιν
1492 5425 1508 5442 ο
1539 5408 1599 5473 ὃς
1625 5408 1683 5462 δὲ
1702 5407 1812 5462 τῶν
1836 5407 2047 5479 ἀνθρώ-

450 5518 599 5567 πων,
628 5501 722 5556 τδν
757 5487 1000 5556 τοιοῦτον
1029 5502 1196 5573 νόμον
1212 5502 1392 5573 τηρεῖ,
1426 5499 1734 5572 ἀνώλεθρός
1764 5502 1937 5568 ἐστιν,
1967 5500 2046 5565 ώς

443 5590 532 5664 τῷ
553 5591 771 5664 θανάτῳ
801 5594 900 5662 τῆς
931 5593 1208 5666 ἁμαρτίας
1233 5595 1532 5658 ἀνάλωτος.

528 5683 616 5739 .θ⁵.
641 5686 944 5757 Λόγοιςω)
963 5686 1438 5755 παιδευθήσεται
1463 5685 1703 5755 οίκέτης
1728 5685 1999 5754 σκληρός
2024 5699 2041 5715 ⁸

443 5777 555 5833 ἐὰν
590 5778 704 5848 γὰρ
730 5779 829 5834 καὶ
846 5780 1068 5850 νοήσῃ,
1093 5782 1359 5851 ἀλλὀὐχ
1388 5778 2044 5848 ὺπακούσεται.”Ωσπερ

442 5869 642 5942 μόνοις
674 5872 888 5947 ῥήμασι
916 5875 1285 5943 -σκωπτικοῖς,
1315 5872 1505 5937 δοῦλος
1543 5871 1778 5946 ἀπειθὴς
1801 5870 1864 5924 ού
1893 5869 2045 5942 διορ-

2205 3385 2373 3441 Vsus.
2411 3384 2496 3442 l6.
2534 3384 2671 3442 Cum
2710 3387 2867 3441 multi
2886 3395 3011 3441 sunt
3043 3386 3218 3457 impii,
3249 3387 3421 3440 multa
3451 3396 3576 3442 sunt
3603 3403 3729 3457 pec—

2132 3482 2292 3538 cata;
2326 3472 2470 3542 justi
2533 3481 2734 3537 autem,
2773 3473 2885 3527 illis
2920 3472 3260 3539 cadentibus,
3331 3474 3510 3528 timidi
3542 3475 3723 3545 ﬁunt.

2131 3560 2267 3617 Cum
2321 3561 2479 3616 multi
2536 3573 2669 3618 sunt
2731 3562 2825 3633 qui
2857 3560 3030 3619 Deum
3083 3563 3346 3633 operibus
3402 3564 3563 3620 bonis
3616 3581 3725 3620 non

2124 3654 2435 3729 honorant,
2468 3655 2652 3709 multa
2690 3654 2830 3710 tiunt
2853 3670 2976 3727 quas
3006 3655 3088 3711 illi
3118 3655 3441 3727 displicent.
3475 3657 3724 3724 Quorum

2132 3760 2297 3804 casus
2327 3761 2453 3803 cum
2484 3747 2827 3804 miserentur
2857 3748 3112 3806 homines
3144 3749 3345 3816 sancti,
3384 3750 3583 3807 timore
3632 3750 3728 3807 Dei

2132 3841 2461 3897 muniuntur
2480 3857 2550 3899 ne
2577 3843 2634 3900 in
2652 3843 2852 3901 similia
2883 3842 3150 3900 incidant.
3206 3864 3207 3867 η

2209 4025 2374 4081 Vsus.
2408 4025 2499 4080 17.
2535 4024 2710 4080 Erudi
2745 4024 2919 4095 ﬁlium
2972 4034 3145 4092 tuum,
3175 4034 3225 4081 et
3248 4018 3506 4098 requiem
3574 4026 3727 4081 dabit

2137 4120 2252 4187 tibi,
2284 4126 2335 4175 et
2373 4118 2522 4174 dabit
2563 4128 2813 4175 ornatum
2863 4119 3057 4175 animae
3124 4112 3271 4175 tute.
3298 4106 3418 4185 Filii
3452 4103 3563 4175 "tui
3614 4120 3732 4176 sive

2135 4213 2400 4279 carnalis,
2418 4213 2535 4268 sive
2553 4211 2858 4283 spiritualis
2875 4213 3119 4267 animum
3141 4200 3344 4287 dirige";
3365 4198 3731 4282 ignarantia'm

2136 4308 2191 4358 et
2216 4302 2516 4375 nequitiam
2549 4302 2617 4358 ab
2645 4316 2715 4358 eo
2748 4296 2992 4360 studiose
3016 4296 3240 4374 repelle,
3280 4289 3336 4377 et
3376 4294 3493 4359 ille
3544 4311 3598 4359 te
3643 4320 3734 4360 rc—

2137 4394 2439 4461 verebitur,
2468 4394 2723 4451 adductis
2777 4396 2834 4450 in
2878 4392 3127 4466 praxim;
3148 4384 3417 4471 quantum
3450 4395 3504 4451 in
3528 4412 3588 4454 se
3626 4404 3733 4460 est,

2140 4486 2338 4543 animas
2366 4494 2475 4542 tua:
2506 4486 2780 4550 consiliis,
2813 4487 2902 4542 cui
2935 4495 2994 4542 ut
3034 4489 3272 4567 propria:
3309 4502 3491 4544 causae
3520 4490 3735 4563 copiam

2070 4605 2118 4663 Ι)
2143 4594 2368 4637 suarum
2393 4578 2658 4635 virtutum
2695 4580 2983 4635 attribuet.

2213 4671 2384 4730 Vens.
2420 4671 2506 4727 18.
2552 4670 2675 4727 Non
2699 4673 2799 4729 erit
2829 4671 3083 4743 propheta
3112 4672 3255 4745 genti
3311 4672 3526 4745 iniquis,
3558 4666 3734 4731 custo-

2141 4766 2291 4821 diens
2347 4772 2527 4821 autem
2573 4766 2734 4836 legem
2795 4764 3156 4821 beatissimus.
3202 4766 3532 4838 Prophetam
3566 4784 3596 4822 a
3626 4774 3739 4839 quo

2142 4859 2317 4932 legem
2329 4857 2584 4929 'Spiritus
2603 4857 2889 4926 doceatur,
2911 4873 3023 4914 non
3046 4857 3274 4916 habebit
3298 4859 3532 4930 populus
3554 4862 3738 4937 pravis

2143 4951 2425 5008 habilibus
2484 4957 2539 5007 et
2598 4951 2777 5007 errori
2822 4950 3093 5015 serviens,
3168 4942 3459 5026 legemque
3497 4938 3765 5035 Spiritus,

2145 5042 2372 5098 minime
2440 5042 2759 5114 recipiens;
2818 5041 2915 5113 qui
2976 5042 3125 5098 enim
3195 5042 3341 5098 hanc
3396 5032 3775 5117 legem/itione
3874 5054 3879 5059 ·

2142 5134 2443 5206 recipiunt,
2505 5150 2625 5191 eam
2686 5135 2791 5191 sibi
2841 5135 3109 5205 explicari
3166 5150 3275 5191 non
3343 5130 3748 5207 postulant’,f‘ut'

2144 5227 2472 5299 prophetam
2494 5225 2792 5298 accipiant;
2817 5235 2871 5282 et
2892 5227 2973 5283 sic
3014 5227 3249 5283 involuti
3277 5230 3524 5287 tenebris
3581 5226 3741 5311 erro-

2144 5333 2268 5373 rum
2309 5317 2368 5373 in
2423 5318 2687 5390 abyssum
2750 5319 3022 5374 malorum
3078 5320 3362 5399 incidunt.
3398 5320 3492 5379 Ille
3557 5326 3801 5395 autem
3850 5364 3855 5371 .

2150 5411 2319 5467 homo
2382 5412 2478 5484 qui
2532 5412 2705 5483 legem
2739 5420 2948 5477 servat,
3004 5412 3341 5471 immortalis
3393 5424 3498 5485 est,
3554 5406 3744 5489 utpote

2144 5512 2328 5562 morte
2355 5507 2567 5577 peccati
2598 5520 2709 5562 non
2740 5506 3140 5564 absumendus.
3669 5519 3692 5566 Ξ

2224 5682 2391 5741 Vsus.
2429 5683 2515 5739 i9.
2560 5682 2745 5740 Verbis
2768 5702 2874 5741 non
2892 5684 3165 5740 erudietur
3182 5702 3361 5741 servus
3388 5687 3593 5753 durus;
3622 5704 3747 5742 nam

2147 5775 2249 5829 etsi
2272 5775 2622 5842 intellexerit,
2670 5793 2774 5831 non
2811 5787 2991 5832 tamen
3041 5778 3240 5834 audiet.
3274 5775 3747 5845 Quemadmodtitn

2148 5868 2333 5924 verbis
2353 5868 2563 5941 jocosis
2612 5884 2806 5929 servus
2847 5870 3103 5930 indocilis
3154 5887 3264 5929 non
3293 5871 3574 5944 dirigitur,
3618 5889 3745 5928 nam
3810 5950 3813 5953 ν

2553 6172 2579 6203 κ
