3976 6398
418 436 553 504 1521

1448 439 1987 503 COMMENTARII
2020 445 2103 506 IN
2162 447 2624 511 PROVERBIA.

3550 437 3690 505 1522

412 547 843 621 φανερωθέντες,
878 549 945 622 τῇ
973 547 1102 621 παρ’
1123 546 1430 621 ἀνθρώπων
1447 551 1807 625 προσηκούσῃ
1834 571 1995 624 τιμῶ⁴

2113 572 2252 626 mus,
2291 560 2515 616 noluisti
2549 559 2844 616 imminens
2876 558 3041 615 menti
3068 564 3121 611 et
3143 554 3365 626 corpori
3388 553 3693 625 periculum

415 642 532 712 ρίᾳ,
566 640 662 694 καὶ
700 638 933 711 αἰσχύνῃ
972 638 1322 705 ὑποπέσοιεν,
1355 639 1719 712 ἠπατήθησαν
1744 654 1758 669 ⁸
1779 641 1868 697 διά
1899 642 2000 714 τὴν

410 731 713 804 εἰρημένην
732 732 935 796 αἰτίαν,
969 731 1063 785 τὸν
1113 732 1479 802 ἀποκείμενον
1532 733 1720 797 αὐτοῖς
1768 734 2002 806 ψυχικόν

418 838 471 877 ιε
497 824 592 878 καὶ
614 823 928 896 σωματικὸν
956 824 1200 879 κίνδυνον
1228 826 1493 895 ἐκφυγεῖν
1538 826 1613 897 μὴ
1646 825 1997 898 θελήσαντες.

420 910 552 966 Ὅδέ
601 911 821 984 θαρρῶν
879 915 971 969 ἐπὶ
1021 914 1101 985 τῷ
1160 916 1556 988 παντοδυνάμῳ
1601 916 1742 988 Θεῷ,
1770 920 1865 973 καὶ
1899 918 1996 973 τοῦ

374 1077 380 1083 ι
412 1002 757 1074 ἀνθρωπίνου
788 1004 955 1074 φόϐου
991 1005 1371 1078 καταφρονῶν,
1403 1008 1824 1080 χαρήσεταιτῆς
1853 1009 1993 1064 κατὰ

408 1095 589 1166 ψυχὴν
621 1097 716 1150 καὶ
743 1086 905 1168 σῶμα
929 1097 1135 1168 βλάϐης
1160 1098 1498 1169 ἀπαλλαγείς
1530 1113 1546 1130 ⁸
1571 1100 1664 1155 καὶ
1681 1099 1791 1171 γὰρ
1820 1101 1849 1154 ὁ
1885 1101 1993 1181 πρὸ

2114 648 2374 722 en‘ugere.
2411 650 2515 719 Qui
2551 660 2734 707 autem
2776 649 3005 708 confidit
3042 650 3095 703 in
3143 647 3256 703 Deo
3300 644 3694 715 omnipotenti,

2114 740 2525 814 humanumque
2556 745 2810 800 timorem
2844 742 3081 814 spernit,
3119 739 3400 795 laetabitur
3458 752 3696 793 securus

2108 847 2138 886 a
2176 834 2422 903 pernicie
2449 836 2654 893 mentis
2689 844 2744 891 et
2773 834 3029 905 corporis
3058 851 3072 889 :
3105 832 3201 905 qui
3242 832 3388 887 enim
3444 828 3691 883 nondum

2106 925 2398 981 convictus
2458 941 2621 982 suum
2690 931 2975 996 peccatum
3031 922 3361 983 confitetur,
3390 934 3503 973 non
3530 915 3694 971 modo

2103 1017 2409 1086 spirituale,
2449 1017 2546 1075 sed
2603 1020 2769 1074 etiam
2812 1015 3095 1088 corporale
3131 1013 3433 1087 periculum
3474 1011 3517 1066 si
3546 1009 3696 1062 acci-

2098 1100 2259 1167 derit,
2291 1104 2499 1160 vitabit.

410 1188 519 1243 τῶν
559 1189 801 1260 ἐλέγχων
839 1188 899 1242 τὸ
926 1191 1126 1244 οίκεῖον
1146 1190 1455 1262 ἁμάρτημα
1476 1190 1997 1263 ἐξομολογούμενος,
2034 1191 2095 1247 οὐ
2123 1195 2285 1264 μόνον
2315 1195 2409 1250 τοῦ
2431 1195 2664 1268 ψυχικοῦ
2687 1197 2958 1262 κινδύνου,
2993 1194 3130 1250 ἀλλὰ
3173 1193 3268 1247 καὶ
3342 1191 3437 1244 τοῦ
3506 1208 3696 1263 σωμα-

411 1280 587 1346 τικοῦ,
618 1281 668 1335 εί
701 1280 1013 1353 πρόκειται,
1037 1282 1462 1338 ἀπαλλάττεται.
1524 1348 1539 1357 l

493 1371 755 1428 Ἀσέϐεια
775 1373 950 1443 ἀνδρὶ
1000 1372 1212 1429 δίδωσι
1244 1374 1501 1446 σφάλμα
1524 1393 1538 1408 ·
1580 1373 1649 1443 ὃς
1688 1375 1758 1430 δὲ
1801 1376 2004 1432 πέποιο

411 1470 521 1521 θεν
543 1466 644 1519 ἐπὶ
663 1463 743 1531 τῷ
769 1466 1067 1534 Δεσπότῃ,
1099 1466 1463 1535 σωθήσεται.
1494 1468 1568 1521 Τὸ
1600 1468 1676 1541 μὴ
1706 1470 1884 1541 τιμᾷν
1910 1469 2003 1523 τὸν

411 1555 565 1619 Θεὸν,
605 1558 665 1609 ἐν
692 1553 771 1627 τῷ
797 1556 872 1625 μὴ
887 1556 1214 1627 προκρίνειν
1237 1559 1461 1613 πάντων
1484 1558 1583 1631 τὴν
1610 1558 1779 1614 αὐτοῦ
1805 1559 2003 1633 εὐαρέ-

415 1663 627 1718 στησιν,
664 1647 804 1719 μηδέ
837 1646 1062 1719 θαρρεῖν
1091 1649 1179 1702 ἐπ’
1228 1648 1379 1720 αύτῷ
1407 1651 1465 1703 ἐν
1502 1652 1638 1704 πᾶσι
1666 1652 1780 1714 τοῖς
1818 1652 2002 1721 ἐγχειο

414 1739 683 1811 ρήμασιν,
713 1735 972 1810 προξενεῖ
987 1738 1065 1810 τῷ
1097 1739 1243 1794 κατὰ
1285 1740 1521 1810 θεωρίαν
1558 1741 1821 1814 ἢπρᾶξιν
1862 1758 2001 1812 καρ-

2172 1379 2429 1451 Impietas
2462 1380 2573 1437 viro
2617 1381 2711 1436 dat
2750 1382 3165 1451 prolapsionem;
3198 1380 3289 1450 qui
3320 1388 3495 1430 autem
3530 1376 3689 1445 conﬁ'a
3770 1436 3807 1447 ,η

2099 1474 2177 1528 dit
2203 1475 2257 1528 in
2293 1473 2547 1537 Domino.
2572 1473 2890 1529 salrabitur.
2923 1473 2981 1529 Si
3004 1476 3131 1545 quis
3164 1471 3332 1526 Deum
3372 1486 3478 1523 non
3515 1468 3695 1523 hono-

2102 1573 2207 1630 rat,
2263 1580 2462 1636 nempe
2514 1566 2563 1623 si
2614 1554 3019 1634 beneplacitum
3072 1563 3193 1631 ejus
3250 1562 3405 1616 omni
3463 1559 3540 1615 rei
3580 1575 3691 1614 ησιιι

2100 1655 2390 1728 prmponit,
2450 1655 2498 1712 si
2550 1670 2662 1710 non
2724 1655 2782 1711 in
2833 1654 3091 1710 omnibus
3144 1651 3264 1708 suis
3320 1648 3557 1721 inceptis
3601 1647 3694 1701 ille
3770 1674 3779 1681 -

2108 1746 2516 1817 cupidissimus
2564 1745 2947 1818 intelligentiae
3002 1752 3059 1801 et
3119 1742 3343 1798 virtutis
3396 1748 3578 1795 mente
3638 1746 3695 1792 et

411 1830 586 1901 τερῶς
634 1829 1022 1901 ἐπιχειροῦντι,
1067 1832 1271 1899 γνῶσιν
1317 1831 1351 1903 ἢ
1394 1833 1599 1904 ἀρετὴν
1651 1832 1990 1906 κατορθοῦν,

2113 1837 2375 1893 roluntate
2407 1838 2894 1908 acquirendarum,
2935 1852 2967 1892 a
2999 1851 3128 1893 vero
3155 1842 3210 1893 et
3232 1835 3377 1891 bono
3399 1830 3635 1894 decidet,
3665 1846 3695 1884 a

412 1923 861 1994 παρασφαλῆναι,
902 1922 1013 1978 εἴτε
1039 1924 1137 1994 τῆς
1167 1925 1449 1996 ἀληθείας,
1483 1926 1593 1980 εἴτε
1620 1925 1716 1981 τοῦ
1745 1925 1952 1995 ἀγαθοῦ
1982 1942 1998 1957 ο

409 2017 510 2086 τῆς
539 2016 660 2087 μέν,
722 2019 883 2086 εἰπερ
930 2017 1016 2086 είη
1058 2017 1122 2070 τὸ
1172 2017 1482 2090 ἐγχείρημα
1528 2018 1883 2090 θεωρητικὸν,
1915 2018 2000 2074 ὅτι

409 2108 561 2170 τέλος
594 2109 628 2179 ἠ
659 2105 887 2178 ἀλήθεια
934 2108 1047 2173 τῶν
1092 2108 1386 2178 γνωστῶν,
1435 2109 1512 2173 ὡς
1551 2110 1822 2182 ἁλάθητον
1856 2127 2000 2180 γνωο

412 2200 538 2256 στόν
558 2216 572 2231 ·
603 2200 697 2255 τοῦ
727 2201 803 2266 δὲ,
837 2202 997 2273 εἴπερ
1042 2203 1161 2256 ἐστὶ
1225 2204 1549 2276 πρακτικὸν,
1588 2205 1671 2259 ὅτι
1705 2204 1859 2268 τέλος
1886 2202 1998 2258 τῶν

411 2294 738 2367 πρακτικῶν
788 2295 851 2349 τὸ
917 2297 1143 2364 ἀγαθὸν,
1194 2296 1271 2362 ὡς
1321 2297 1549 2369 ἔσχατον
1588 2299 1850 2370 δρεκτόν’
1879 2300 1910 2353 ὁ
1936 2297 1997 2352 δὲ

410 2384 632 2455 θαρρῶν
670 2384 764 2437 ἐπὶ
786 2382 863 2454 τῷ
915 2383 1228 2455 κυριεύοντι
1277 2387 1496 2440 πάντων
1531 2386 1678 2459 Θεῷ,
1703 2388 1781 2452 ὼς
1802 2389 1999 2445 τοῦτον

408 2476 467 2528 ἐν
495 2474 670 2529 ἅπασι
728 2475 1035 2546 προτιμῶν,
1096 2476 1193 2530 καὶ
1223 2476 1471 2532 σπεύδων
1519 2479 1615 2533 ἐπὶ
1658 2480 1797 2534 πᾶσι
1822 2480 2000 2553 τούτῳ

410 2566 750 2638 εὐαρεστεῖν,
794 2566 1041 2637 μετάσχῃ
1068 2566 1177 2621 τῶν
1205 2567 1347 2638 ὑπὲρ
1368 2567 1536 2637 φύσιν
1563 2570 1727 2624 αὐτοῦ
1757 2570 2000 2642 δωρεῶν,

408 2660 545 2730 ὅπερ
573 2659 648 2722 ὡς
676 2659 915 2722 πίστεως
946 2659 1103 2723 τέλος
1122 2660 1367 2730 σωτηρία
1400 2662 1537 2726 ἐστὶ,
1562 2663 1745 2716 πᾶσαν
1768 2662 1998 2732 ἄγνοιαν

408 2750 502 2805 καὶ
528 2748 725 2804 κακίαν
745 2749 1043 2818 διαφυγὼν,
1080 2745 1278 2819 οἷάπερ
1323 2749 1400 2821 μὴ
1428 2751 1816 2823 διαμαρτήσας
1832 2752 1992 2820 Θεοῦ,

408 2841 545 2896 ἀλλά
575 2841 713 2895 κατὰ
746 2840 950 2909 γνῶσιν
1000 2839 1131 2913 καὶ,
1151 2839 1353 2911 ἀρετὴν
1384 2840 1578 2895 τούτου
1609 2841 1908 2912 ἐπιτυχὼν,
1933 2844 1993 2907 ὃς

408 2935 557 2987 ἐστιν
590 2935 624 3003 ἡ
660 2930 888 3003 ἀλήθεια
916 2931 1012 2986 καὶ
1034 2930 1095 2984 τὸ
1120 2931 1321 3000 ἀγαθόν
1342 2948 1357 2962 ο
1386 2932 1448 2985 τὸ
1509 2934 1608 3004 μὲν
1635 2927 1765 2987 δ’ταν
1796 2934 1861 2987 ἐκ
1891 2934 1995 3004 τῆς

2108 1943 2242 1984 vero
2267 1929 2512 2000 quidem,
2532 1929 2580 1986 si
2618 1929 2862 1987 scientire
2887 1930 3078 1995 instat,
3110 1928 3237 1999 quia
3263 1926 3385 1981 nnis
3417 1924 3583 1981 studii
3613 1931 3698 1979 est

2105 2021 2329 2084 veritas,
2355 2028 2411 2075 et
2426 2018 2568 2076 Deus
2597 2028 2681 2076 est
2695 2020 3005 2075 necessaria
3020 2019 3247 2084 veritas;
3268 2031 3296 2069 a
3322 2018 3489 2076 bono,
3506 2014 3550 2069 si
3575 2030 3700 2084 aga-

2107 2120 2198 2165 tur
2219 2108 2286 2165 de
2314 2110 2552 2174 actibus,
2584 2109 2709 2179 quia
2747 2108 2870 2164 tlnis
2901 2118 3057 2163 actus
3095 2116 3176 2164 est
3213 2083 3441 2170 bonum,
3465 2113 3517 2158 et
3554 2102 3697 2158 Deus

2104 2211 2189 2258 est
2216 2217 2534 2273 supremum
2580 2202 2809 2258 bonum.
2842 2201 2948 2270 Qui
2980 2207 3162 2257 autem
3212 2198 3436 2255 conﬁdit
3484 2199 3538 2252 in
3586 2196 3692 2250 Deo

2105 2294 2742 2365 omnipotenti,eumque
2765 2294 2818 2348 in
2855 2292 3002 2348 omni
3043 2308 3102 2347 re
3130 2291 3388 2356 honorat,
3420 2296 3472 2343 et
3505 2288 3692 2342 studet

2106 2383 2155 2439 ei
2183 2383 2471 2454 placerein
2500 2382 2777 2450 omnibus,
2805 2384 3078 2454 particeps
3104 2382 3208 2437 erit
3224 2380 3345 2450 ejus
3372 2386 3697 2448 supernatu-

2109 2474 2305 2530 ralium
2331 2474 2601 2529 donorum
2621 2515 2637 2541 ,
2666 2473 2719 2532 id
2747 2483 2833 2531 est
2884 2472 3071 2530 salvus
3099 2472 3227 2538 erit,
3252 2470 3319 2526 ad
3343 2469 3489 2541 quod
3522 2468 3697 2522 tendit

2112 2565 2288 2633 ﬁdes;
2313 2567 2464 2621 omni
2503 2581 2693 2622 errore
2732 2572 2787 2621 et
2817 2565 3071 2636 nequitia
3108 2563 3351 2626 evitatis,
3393 2577 3503 2615 non
3529 2560 3694 2613 amit.

2106 2665 2203 2723 tet,
2236 2659 2333 2715 sed
2383 2658 2489 2714 title
2521 2666 2577 2714 ct
2630 2657 2834 2714 virtute
2890 2657 3059 2714 Deum
3114 2655 3408 2714 obtinebit.
3463 2653 3556 2724 qui
3612 2659 3699 2706 est

2112 2750 2318 2805 veritas
2353 2757 2408 2805 et
2442 2750 2693 2817 bonum;
2734 2766 2901 2806 unum
2953 2765 3018 2805 ex
3072 2757 3290 2812 natura,
3348 2749 3579 2801 alterum
3630 2758 3695 2797 ex

2100 2842 2379 2912 operibus,
2444 2842 2717 2912 siquidem
2752 2842 2955 2897 veritas
2976 2851 3062 2896 est
3094 2836 3455 2893 immutabilis
3491 2846 3544 2889 et
3595 2835 3696 2888 bo-

2099 2949 2229 2988 num
2261 2948 2384 2989 sese
2412 2935 2575 2989 nobis
2612 2932 3060 2988 accommodans.

408 3026 620 3090 ούσίας,
668 3024 729 3078 τὸ
780 3022 825 3077 δ’
869 3024 997 3081 ὅταν
1030 3023 1097 3076 ἐκ
1145 3023 1245 3093 τῆς
1282 3024 1566 3095 ἐνεργείας
1614 3025 1765 3079 δοκεῖ
1791 3024 2190 3098 σημαίνεσθαι·
2218 3025 2490 3098 ἄτρεπτον
2522 3025 2632 3097 γὰρ
2687 3024 3008 3097 ήάλήθειαο
3081 3022 3436 3093 εύαρεστικδν
3507 3020 3565 3074 δὲ
3636 3021 3699 3075 τδ

409 3122 643 3193 ἀγαθόν.

480 3220 596 3280 κςν.
621 3213 844 3268 Πολλοὶ
882 3215 1286 3284 θεραπεύουσι
1301 3217 1597 3284 πρόσωπα
1617 3216 1988 3287 ἡγουμένων-ο

2167 3212 2337 3270 Vnus.
2379 3210 2472 3267 26.
2515 3209 2676 3264 Multi
2710 3208 2890 3262 colunt
2923 3204 3086 3274 [acies
3120 3204 3335 3269 ducum,
3381 3222 3412 3257 a
3476 3203 3699 3256 Domino

408 3307 571 3376 παρὰ
589 3306 651 3360 δὲ
682 3306 903 3374 Κυρίου
925 3307 1151 3375 γίνεται
1175 3306 1243 3360 τὸ
1270 3304 1507 3362 δίκαιον
1527 3307 1702 3376 ἀνδρί
1710 3350 1723 3364 .
1752 3307 1999 3363 Πλεῖστοι

410 3400 539 3463 τοὺς
562 3398 915 3469 προεστῶτας
958 3399 1039 3462 είς
1084 3399 1379 3468 πρόσωπον
1425 3398 1756 3469 θεραπεύειν
1788 3401 2000 3470 ἐπιχειο

413 3487 599 3559 ροῦσιν
622 3527 637 3552 ,
678 3488 1006 3551 ἵν’,εύνοῐκοὶ
1029 3488 1239 3552 τούτοις
1278 3488 1553 3554 δόξαντες,
1582 3491 1682 3559 τὴν
1712 3490 1997 3561 εὐμένειαν

412 3580 593 3634 αὐτῶν
616 3579 1042 3634 ἐπισπάσωνται
1068 3596 1084 3612 ⁶
1120 3580 1271 3651 παρὰ
1297 3580 1354 3633 δὲ
1377 3578 1472 3632 τοῦ
1498 3582 1569 3635 τὰ
1600 3581 1779 3635 πάντα
1796 3583 1999 3645 εἰδότος

411 3670 692 3724 Δεσπότου
713 3670 821 3724 τῶν
838 3671 975 3725 ὅλων
996 3671 1155 3736 Θεοῦ,
1188 3670 1501 3725 ἀποδίδοται
1528 3662 1762 3744 νέκάστῳ
1800 3676 1834 3746 ἠ
1863 3675 1997 3728 ἀνά-

410 3762 570 3831 λογος
593 3763 908 3834 ἀντιμισθία
935 3766 1000 3832 τῇ
1056 3762 1293 3816 διαθέσει
1324 3762 1492 3816 αὑτοῦ
1521 3762 1669 3818 ⁴καὶ
1696 3763 1797 3818 ούκ
1841 3762 1997 3818 ἔσται

411 3855 521 3908 τινὶ
546 3854 607 3920 ἐξ
626 3856 969 3927 ὑποκρίσεως
998 3856 1258 3924 ὠφέλεια.
1900 3898 1903 3903 .

484 3944 585 4011 κζ’.
614 3945 929 4025 Βδέλυγμα
949 3946 1176 4012 δικαίῳ,
1198 3945 1354 4014 ἀνὴρ
1406 3946 1616 4013 ἄδικος
1633 3964 1646 3979 ⁶
1672 3946 1996 4017 ,ϐδέλυγμα

407 4035 481 4090 δὲ
536 4038 757 4105 ἀνόμῳ,
786 4037 1241 4091 κατευθύνουσα
1289 4036 1450 4103 ὁδός.
1492 4039 1739 4108 Μισητὸς
1774 4040 1892 4110 Θεῷ
1919 4039 1997 4110 τῷ

406 4128 715 4184 ἀποδιδόντι
736 4128 954 4198 ἑκάστῳ
985 4128 1129 4184 κατά
1154 4129 1224 4182 τὰ
1250 4128 1388 4200 ἔργα
1420 4129 1607 4193 αὐτοῦ,
1653 4133 1681 4183 ὁ
1724 4131 1799 4201 μὴ
1852 4132 1995 4186 κατὰ

405 4218 539 4279 τοὺς
572 4216 772 4287 νόμους
818 4214 1009 4270 τούτου
1065 4218 1518 4289 πολιτευόμενος,
1555 4218 1631 4281 ὡς
1665 4220 1997 4291 παραϐάτης

405 4309 517 4363 τῶν
547 4308 706 4362 θείων
749 4308 914 4362 αὐτοῦ
975 4309 1203 4363 ἐντολῶν
1227 4325 1243 4342 ’
1293 4311 1496 4383 μισητὴ
1522 4310 1579 4363 δὲ
1612 4311 1689 4381 τῷ
1721 4311 1998 4381 παραϐαί-

406 4418 556 4456 νοντι
583 4401 805 4468 ταύτας,
837 4404 870 4472 ἡ
889 4402 1025 4473 πρὸς
1053 4403 1327 4473 σωτηρίαν
1349 4403 1767 4472 ἀπαρεγκλίτως
1790 4404 1995 4471 ἄγουσα

405 4494 664 4565 ἐνάρετος
694 4494 960 4559 πολιτεία,
987 4496 1063 4560 ὡς
1078 4498 1305 4567 τραχεῖά
1333 4513 1391 4548 τε
1424 4499 1519 4549 καὶ
1553 4495 1837 4559 ἐπίπονος,

1011 4627 1265 4681 ΚΕΦΑΛ.
1310 4628 1389 4680 Λ’.

482 4768 550 4816 α’.
571 4762 714 4829 Τοὺς
734 4763 1171 4832 ἑμοὺςλόγους,
1203 4764 1317 4823 υἱὲ,
1346 4763 1660 4833 φοϐήθητι,
1694 4763 1793 4817 καὶ
1823 4762 1998 4827 δεεά-

400 4870 593 4926 perac
616 4856 842 4921 αὐτοὺς
868 4857 1170 4924 par-ardet.
1196 4857 1306 4917 Τάς
1330 4857 1468 4926 ἐμὰς
1495 4854 1737 4917 ἐντολὰς,
1760 4855 1995 4917 τεκνίον,

413 4947 491 5018 μὴ
519 4946 842 5015 περιφρόνει
865 4961 878 4974 ο
907 4948 1020 5008 τοῖς
1049 4947 1094 4999 δ’
1123 4946 1228 4999 ὠσί
1254 4963 1348 4998 σου
1372 4945 1578 5008 ταύτας
1607 4944 1996 5015 παραδεξάμε-

406 5054 523 5099 νον,
556 5038 640 5106 ἐφ’
675 5033 757 5100 οἶς
788 5038 1057 5108 ἥμαρτες,
1101 5040 1508 5108 μεταγίνωσκε.

482 5128 634 5184 Τάδε
666 5129 827 5197 λέγει
876 5133 909 5184 ό
958 5130 1115 5198 ἀνὴρ
1157 5131 1282 5195 τοῖς
1314 5131 1676 5185 πιστεύουσι
1721 5128 1865 5197 Θεῷ,
1898 5131 1997 5187 καί

411 5220 694 5285 παύομαι.
723 5219 908 5275 Ταῦτα
938 5221 964 5272 ὁ
990 5220 1288 5289 ἀνδρωθεὶς
1307 5222 1366 5272 ἐν
1394 5221 1472 5290 τῷ
1498 5222 1750 5289 γενέσθαι
1780 5222 1997 5291 άληθῶς

403 5309 716 5380 ἄνθρωπος,
753 5313 1052 5381 μονογενὴς
1082 5311 1175 5366 τοῦ
1209 5312 1343 5365 Θεοῦ
1374 5312 1504 5375 Υἱὸς
1552 5315 1647 5367 καὶ
1691 5316 1883 5383 Λόγος,
1918 5316 1996 5369 δι-

400 5403 595 5457 δάσκει
630 5404 1158 5467 τοὺςπιστεύοντας
1188 5405 1364 5475 αὐτῷ,
1400 5406 1474 5468 ὡς
1508 5404 1661 5476 Θεῷ’
1696 5408 1789 5461 καὶ
1824 5425 1998 5461 κατα-

401 5491 602 5545 παύσω
659 5493 822 5555 αὐτὸς
879 5494 973 5547 τοῦ
1030 5500 1248 5565 φρονεῖν
1297 5499 1516 5560 πάντως
1571 5497 1640 5551 τὰ
1705 5500 1803 5569 τῆς
1860 5518 1989 5573 σαρ-

401 5599 523 5645 κος.

480 5674 545 5745 β’.
587 5676 1065 5745 Ἀφρονέστατος
1093 5681 1200 5749 γάρ
1231 5683 1348 5749 ειμι
1371 5680 1613 5736 πάντων
1636 5684 1987 5753 ἀνθρώπων,

400 5764 503 5817 καὶ
535 5768 832 5833 φρόνησις
861 5768 1191 5835 ἀνθρώπων
1222 5772 1332 5826 οὐκ
1365 5772 1535 5826 ἔστιν
1563 5776 1633 5826 ἐν
1663 5775 1813 5843 ἐμοί’.
1853 5777 1994 5829 Πάν-

396 5872 512 5909 των
552 5857 660 5928 γὰρ
712 5859 818 5913 τῶν
851 5860 918 5913 τὰ
971 5862 1210 5934 σαρκικᾶ
1260 5863 1601 5934 φρονούντων
1656 5867 1987 5939 ἀνθρώπων,

2106 3316 2281 3362 autem
2310 3305 2371 3375 ﬁt
2397 3305 2610 3374 justum
2672 3302 2808 3356 viro.
2842 3298 2995 3354 Multi
3034 3298 3375 3370 principibus
3410 3298 3476 3352 ad
3502 3308 3693 3351 nutum

2103 3399 2310 3453 servire
2340 3403 2635 3457 conantur,
2679 3400 2759 3451 ut.
2786 3391 3044 3447 simulata
3095 3389 3235 3445 bona
3273 3388 3574 3449 voluntate,
3598 3386 3695 3443 be-

2104 3489 2464 3546 nevolentiam
2511 3503 2699 3543 eorum
2755 3485 2855 3540 sibi
2912 3484 3222 3553 acquirant.
3272 3484 3316 3537 Α
3364 3484 3469 3537 Deo
3514 3493 3695 3537 autem

2101 3579 2471 3645 omniscienti,
2519 3578 2611 3647 qui
2645 3577 2911 3649 gubernat
2943 3576 3149 3637 omnia.
3186 3577 3483 3644 unicuique
3516 3575 3696 3628 reddi-

2102 3682 2192 3727 tur
2230 3671 2534 3743 przemium,
2559 3670 2707 3740 juxta
2735 3668 2985 3724 meritum
3019 3668 3138 3738 ejus
3165 3688 3178 3723 :
3211 3668 3413 3722 nemini
3459 3669 3698 3739 proterit

2102 3779 2201 3819 sua
2235 3762 2578 3833 hypocrisis.

2172 3940 2340 3996 Vens.
2400 3940 2492 3994 27.
2541 3941 2885 3995 Abominatio
2935 3940 3087 4011 justo
3140 3940 3248 3995 viro
3297 3939 3374 3992 vir
3425 3935 3694 4004 injustus;

2102 4035 2425 4088 abominatio
2455 4034 2632 4103 iniquo
2668 4042 2804 4088 recte
2824 4050 3054 4104 pergens
3082 4032 3187 4087 tia.
3225 4030 3367 4085 Deus
3393 4030 3485 4098 qui
3519 4029 3697 4081 reddit

2104 4125 2398 4192 unicuique
2421 4125 2576 4196 juxta
2618 4140 2784 4194 opera
2818 4140 2936 4188 sna,
2969 4123 3085 4177 odit
3117 4122 3394 4177 hominem
3427 4135 3537 4174 non
3579 4135 3693 4172 am-

2102 4218 2380 4274 bulantem
2439 4217 2494 4272 in
2528 4216 2643 4287 lege
2672 4232 2795 4279 sua,
2839 4223 3027 4286 utpote
3082 4219 3514 4282 contemptorem
3570 4225 3701 4265 suo-

2100 4327 2221 4365 rum
2253 4319 2669 4382 prmccptorum.
2698 4309 2831 4363 Nam
2858 4310 2945 4363 hic
2975 4308 3195 4377 quidem
3225 4306 3392 4359 vitam
3427 4304 3697 4358 immacuo

2101 4403 2286 4467 latam,
2324 4420 2445 4470 quae
2488 4411 2639 4456 certo
2669 4402 2820 4455 ducit.
2851 4401 2915 4456 ad
2947 4401 3196 4464 salutem,
3232 4404 3417 4468 utpote
3445 4410 3698 4466 asperam

2100 4508 2154 4550 et
2186 4497 2477 4559 diliicilem,
2511 4496 2645 4551 odit.

2710 4630 2864 4685 CAP.
2907 4628 3079 4683 XXX.

2173 4762 2336 4818 Vsus.
2368 4763 2411 4816 l.
2454 4761 2618 4826 Time,
2651 4763 2764 4831 ﬁli,
2800 4779 2916 4815 mea
2979 4759 3156 4825 verba,
3187 4767 3236 4813 et
3286 4758 3580 4828 suscipiens
3637 4774 3700 4811 ea

2098 4856 2456 4924 pa’nitentiam
2498 4871 2611 4923 age.
2644 4851 2898 4906 Mandata
2932 4868 3071 4913 mea,
3116 4851 3213 4915 fili,
3242 4868 3309 4905 ne
3332 4858 3694 4905 contemnas:

2099 4950 2332 5003 auribus
2364 4955 2550 5001 autem
2581 4946 2866 5016 excipiens
2894 4961 2980 5007 ea,
3016 4948 3083 4999 de
3140 4945 3383 5015 peccatis
3427 4944 3536 4998 tuis
3599 4959 3699 5012 age

2101 5039 2504 5110 paenitentiam.

2178 5129 2303 5185 Ilarc
2340 5129 2467 5182 dicit
2498 5130 2577 5183 vir
2616 5126 2951 5183 credentibus
2990 5127 3117 5190 Deo,
3179 5135 3228 5180 et
3260 5126 3495 5195 quiesco.
3570 5124 3697 5178 llvec

2101 5221 2421 5288 ttnigenitus
2487 5218 2578 5274 Dei
2607 5219 2782 5274 Filius
2814 5233 2879 5273 ac
2916 5216 3153 5272 Verbum
3188 5216 3355 5271 homo
3409 5232 3535 5271 vere
3586 5219 3697 5269 tac-

2103 5321 2191 5365 tus
2219 5312 2377 5365 docet
2407 5312 2693 5365 credentes
2728 5311 2780 5365 in
2820 5325 2946 5365 eum
2990 5319 3048 5363 ut
3081 5307 3277 5364 Deum.
3310 5290 3497 5377 Etego
3534 5322 3692 5377 pror-

2103 5419 2198 5456 sus
2228 5403 2508 5471 quiescam
2558 5402 2768 5457 sentire
2805 5402 3073 5456 carnalia.

2178 5689 2342 5744 Vens.
2392 5688 2446 5742 2.
2488 5685 2963 5757 Insipientissimus
3002 5689 3140 5743 enim
3171 5707 3283 5743 sum
3315 5688 3551 5741 omnium
3591 5688 3688 5742 lm-

2101 5782 2295 5833 minwn
2331 5789 2378 5833 et
2410 5779 2696 5849 prudentia
2727 5781 2997 5835 hominum
3031 5798 3130 5834 non
3155 5791 3230 5835 cst
3284 5781 3335 5833 in
3386 5796 3482 5833 me.
3553 5781 3687 5833 (lino

2103 5874 2251 5925 nium
2287 5872 2428 5926 enim
2490 5871 2772 5926 hominum
2811 5871 3054 5926 carnalia
3110 5870 3495 5936 sentientium,
3558 5871 3689 5925 insi.
