  <div class='ocr_page' id='page_1' title='image "/cluster/home/n/w/nwhite01/storage/ocr_20150623/87:pt.1/coo.31924054869882/772.png"; bbox 0 0 3976 6430; ppageno 0'>
   <div class='ocr_carea' id='block_1_1' title="bbox 261 371 430 482">
    <p class='ocr_par' dir='ltr' id='par_1_1' title="bbox 261 371 430 482">
     <span class='ocr_line' id='line_1_1' title="bbox 261 371 430 482; baseline -0.012 0"><span class='ocrx_word' id='word_1_1' title='bbox 261 371 430 482; x_wconf 64' lang='grc'><strong>’1523</strong></span> 
     </span>
    </p>
   </div>
   <div class='ocr_carea' id='block_1_2' title="bbox 1626 401 2260 466">
    <p class='ocr_par' dir='ltr' id='par_1_2' title="bbox 1626 401 2260 466">
     <span class='ocr_line' id='line_1_2' title="bbox 1626 401 2260 466; baseline -0.003 0"><span class='ocrx_word' id='word_1_2' title='bbox 1626 401 1981 466; x_wconf 79' lang='lat' dir='ltr'><strong>PROCOPII</strong></span> <span class='ocrx_word' id='word_1_3' title='bbox 2012 401 2260 464; x_wconf 65' lang='lat' dir='ltr'><strong>GAZEI</strong></span> 
     </span>
    </p>
   </div>
   <div class='ocr_carea' id='block_1_3' title="bbox 3431 391 3571 458">
    <p class='ocr_par' dir='ltr' id='par_1_3' title="bbox 3431 391 3571 458">
     <span class='ocr_line' id='line_1_3' title="bbox 3431 391 3571 458; baseline 0 -2"><span class='ocrx_word' id='word_1_4' title='bbox 3431 391 3571 458; x_wconf 70' lang='grc'><strong>1524</strong></span> 
     </span>
    </p>
   </div>
   <div class='ocr_carea' id='block_1_4' title="bbox 277 505 1874 603">
    <p class='ocr_par' dir='ltr' id='par_1_4' title="bbox 277 514 1869 603">
     <span class='ocr_line' id='line_1_4' title="bbox 277 514 1869 603; baseline -0.011 -17"><span class='ocrx_word' id='word_1_5' title='bbox 277 526 663 603; x_wconf 86' lang='lat' dir='ltr'><strong>pientissimus</strong></span> <span class='ocrx_word' id='word_1_6' title='bbox 693 538 839 593; x_wconf 85' lang='lat' dir='ltr'><strong>sum,</strong></span> <span class='ocrx_word' id='word_1_7' title='bbox 875 520 1004 597; x_wconf 86' lang='lat' dir='ltr'><strong>quia</strong></span> <span class='ocrx_word' id='word_1_8' title='bbox 1036 524 1098 577; x_wconf 90' lang='lat' dir='ltr'><strong>ut</strong></span> <span class='ocrx_word' id='word_1_9' title='bbox 1144 517 1454 593; x_wconf 85' lang='lat' dir='ltr'><strong>spiritualia</strong></span> <span class='ocrx_word' id='word_1_10' title='bbox 1479 514 1737 576; x_wconf 83' lang='lat' dir='ltr'><strong>sentienti</strong></span> <span class='ocrx_word' id='word_1_11' title='bbox 1760 527 1869 569; x_wconf 89' lang='lat' dir='ltr'><strong>non</strong></span> 
     </span>
    </p>
   </div>
   <div class='ocr_carea' id='block_1_5' title="bbox 1996 505 3575 603">
    <p class='ocr_par' dir='ltr' id='par_1_5' title="bbox 1996 505 3575 585">
     <span class='ocr_line' id='line_1_5' title="bbox 1996 505 3575 585; baseline -0.002 -21"><span class='ocrx_word' id='word_1_12' title='bbox 1996 512 2385 585; x_wconf 77' lang='grc' dir='ltr'>ἱφρονέστατος</span> <span class='ocrx_word' id='word_1_13' title='bbox 2417 506 2669 566; x_wconf 67' lang='grc' dir='ltr'>ἐντεῦθέν</span> <span class='ocrx_word' id='word_1_14' title='bbox 2699 505 2839 583; x_wconf 82' lang='grc' dir='ltr'>εἰμι,</span> <span class='ocrx_word' id='word_1_15' title='bbox 2868 507 3061 582; x_wconf 66' lang='grc' dir='ltr'>ἐπειδὴ</span> <span class='ocrx_word' id='word_1_16' title='bbox 3083 506 3159 574; x_wconf 77' lang='grc' dir='ltr'>ὡς</span> <span class='ocrx_word' id='word_1_17' title='bbox 3186 506 3475 581; x_wconf 70' lang='grc' dir='ltr'><strong>φρονοῦντι</strong></span> <span class='ocrx_word' id='word_1_18' title='bbox 3500 506 3575 562; x_wconf 79' lang='grc' dir='ltr'>τὰ</span> 
     </span>
    </p>
   </div>
   <div class='ocr_carea' id='block_1_6' title="bbox 278 610 1690 683">
    <p class='ocr_par' dir='ltr' id='par_1_6' title="bbox 278 610 1690 683">
     <span class='ocr_line' id='line_1_6' title="bbox 278 610 1690 683; baseline -0.011 -5"><span class='ocrx_word' id='word_1_19' title='bbox 278 622 417 678; x_wconf 88' lang='lat' dir='ltr'><strong>mihi</strong></span> <span class='ocrx_word' id='word_1_20' title='bbox 450 620 708 679; x_wconf 91' lang='lat' dir='ltr'><strong>subsistit</strong></span> <span class='ocrx_word' id='word_1_21' title='bbox 744 616 991 675; x_wconf 83' lang='lat' dir='ltr'><strong>carnalis</strong></span> <span class='ocrx_word' id='word_1_22' title='bbox 1028 621 1083 672; x_wconf 85' lang='lat' dir='ltr'><strong>et</strong></span> <span class='ocrx_word' id='word_1_23' title='bbox 1113 615 1357 670; x_wconf 85' lang='lat' dir='ltr'><strong>humana</strong></span> <span class='ocrx_word' id='word_1_24' title='bbox 1405 610 1690 683; x_wconf 72' lang='lat' dir='ltr'><strong>cogitatio.</strong></span> 
     </span>
    </p>
   </div>
   <div class='ocr_carea' id='block_1_7' title="bbox 351 782 1868 859">
    <p class='ocr_par' dir='ltr' id='par_1_7' title="bbox 351 782 1868 859">
     <span class='ocr_line' id='line_1_7' title="bbox 351 782 1868 859; baseline -0.009 -8"><span class='ocrx_word' id='word_1_25' title='bbox 351 793 518 851; x_wconf 78' lang='lat' dir='ltr'><strong>Vens.</strong></span> <span class='ocrx_word' id='word_1_26' title='bbox 556 795 611 851; x_wconf 75' lang='lat'><strong>3.</strong></span> <span class='ocrx_word' id='word_1_27' title='bbox 647 792 788 850; x_wconf 88' lang='lat' dir='ltr'><strong>Deus</strong></span> <span class='ocrx_word' id='word_1_28' title='bbox 846 792 1028 848; x_wconf 80' lang='lat' dir='ltr'><strong>docuit</strong></span> <span class='ocrx_word' id='word_1_29' title='bbox 1086 806 1167 845; x_wconf 89' lang='lat' dir='ltr'><strong>me</strong></span> <span class='ocrx_word' id='word_1_30' title='bbox 1206 785 1551 859; x_wconf 76' lang='lat' dir='ltr'><strong>sapientiam,</strong></span> <span class='ocrx_word' id='word_1_31' title='bbox 1581 793 1633 840; x_wconf 86' lang='lat' dir='ltr'><strong>et</strong></span> <span class='ocrx_word' id='word_1_32' title='bbox 1695 782 1868 839; x_wconf 83' lang='lat' dir='ltr'><strong>scien-</strong></span> 
     </span>
    </p>
   </div>
   <div class='ocr_carea' id='block_1_8' title="bbox 283 879 1871 956">
    <p class='ocr_par' dir='ltr' id='par_1_8' title="bbox 283 879 1871 956">
     <span class='ocr_line' id='line_1_8' title="bbox 283 879 1871 956; baseline -0.006 -15"><span class='ocrx_word' id='word_1_33' title='bbox 283 889 418 943; x_wconf 88' lang='lat' dir='ltr'><strong>tiam</strong></span> <span class='ocrx_word' id='word_1_34' title='bbox 450 902 761 942; x_wconf 63' lang='lat' dir='ltr'><strong>soncrooum</strong></span> <span class='ocrx_word' id='word_1_35' title='bbox 818 886 1058 956; x_wconf 84' lang='lat' dir='ltr'><strong>cognovi.</strong></span> <span class='ocrx_word' id='word_1_36' title='bbox 1097 884 1243 940; x_wconf 85' lang='lat' dir='ltr'><strong>Deus</strong></span> <span class='ocrx_word' id='word_1_37' title='bbox 1278 890 1462 938; x_wconf 88' lang='lat' dir='ltr'><strong>autem</strong></span> <span class='ocrx_word' id='word_1_38' title='bbox 1496 879 1701 937; x_wconf 69' lang='lat' dir='ltr'><strong>divinae</strong></span> <span class='ocrx_word' id='word_1_39' title='bbox 1754 889 1871 935; x_wconf 64' lang='lat' dir='ltr'><strong>sua:</strong></span> 
     </span>
    </p>
   </div>
   <div class='ocr_carea' id='block_1_9' title="bbox 283 970 1870 1051">
    <p class='ocr_par' dir='ltr' id='par_1_9' title="bbox 283 970 1870 1051">
     <span class='ocr_line' id='line_1_9' title="bbox 283 970 1870 1051; baseline -0.006 -16"><span class='ocrx_word' id='word_1_40' title='bbox 283 980 593 1051; x_wconf 81' lang='lat' dir='ltr'><strong>disciplinae</strong></span> <span class='ocrx_word' id='word_1_41' title='bbox 621 995 708 1037; x_wconf 88' lang='lat' dir='ltr'><strong>me</strong></span> <span class='ocrx_word' id='word_1_42' title='bbox 741 978 1069 1050; x_wconf 80' lang='lat' dir='ltr'><strong>participem</strong></span> <span class='ocrx_word' id='word_1_43' title='bbox 1113 976 1322 1033; x_wconf 78' lang='lat' dir='ltr'><strong>etl‘ccit.</strong></span> <span class='ocrx_word' id='word_1_44' title='bbox 1365 975 1434 1031; x_wconf 84' lang='lat' dir='ltr'><strong>Et</strong></span> <span class='ocrx_word' id='word_1_45' title='bbox 1462 973 1655 1044; x_wconf 84' lang='lat' dir='ltr'><strong>excepi</strong></span> <span class='ocrx_word' id='word_1_46' title='bbox 1682 970 1870 1028; x_wconf 89' lang='lat' dir='ltr'><strong>divina</strong></span> 
     </span>
    </p>
   </div>
   <div class='ocr_carea' id='block_1_10' title="bbox 282 1052 1408 1144">
    <p class='ocr_par' dir='ltr' id='par_1_10' title="bbox 282 1052 1408 1144">
     <span class='ocr_line' id='line_1_10' title="bbox 282 1052 1408 1144; baseline -0.003 -18"><span class='ocrx_word' id='word_1_47' title='bbox 282 1072 543 1144; x_wconf 80' lang='lat' dir='ltr'><strong>mysteria</strong></span> <span class='ocrx_word' id='word_1_48' title='bbox 585 1085 710 1144; x_wconf 74' lang='lat' dir='ltr'><strong>quae</strong></span> <span class='ocrx_word' id='word_1_49' title='bbox 751 1077 958 1127; x_wconf 85' lang='lat' dir='ltr'><strong>norunt</strong></span> <span class='ocrx_word' id='word_1_50' title='bbox 991 1068 1181 1125; x_wconf 87' lang='lat' dir='ltr'><strong>mundi</strong></span> <span class='ocrx_word' id='word_1_51' title='bbox 1219 1052 1408 1125; x_wconf 76' lang='lat' dir='ltr'><strong>corde.</strong></span> 
     </span>
    </p>
   </div>
   <div class='ocr_carea' id='block_1_11' title="bbox 352 1154 1874 1230">
    <p class='ocr_par' dir='ltr' id='par_1_11' title="bbox 352 1154 1874 1230">
     <span class='ocr_line' id='line_1_11' title="bbox 352 1154 1874 1230; baseline -0.003 -15"><span class='ocrx_word' id='word_1_52' title='bbox 352 1161 525 1220; x_wconf 78' lang='lat' dir='ltr'><strong>Vens.</strong></span> <span class='ocrx_word' id='word_1_53' title='bbox 560 1163 617 1218; x_wconf 72' lang='grc'><strong>4.</strong></span> <span class='ocrx_word' id='word_1_54' title='bbox 653 1162 787 1230; x_wconf 84' lang='lat' dir='ltr'><strong>Quis</strong></span> <span class='ocrx_word' id='word_1_55' title='bbox 840 1160 1080 1217; x_wconf 76' lang='lat' dir='ltr'><strong>ascendit</strong></span> <span class='ocrx_word' id='word_1_56' title='bbox 1119 1162 1175 1215; x_wconf 87' lang='lat' dir='ltr'><strong>in</strong></span> <span class='ocrx_word' id='word_1_57' title='bbox 1203 1160 1395 1214; x_wconf 64' lang='lat' dir='ltr'><strong>cadum</strong></span> <span class='ocrx_word' id='word_1_58' title='bbox 1448 1166 1500 1213; x_wconf 89' lang='lat' dir='ltr'><strong>et</strong></span> <span class='ocrx_word' id='word_1_59' title='bbox 1550 1154 1874 1212; x_wconf 74' lang='lat' dir='ltr'><strong>descendit?</strong></span> 
     </span>
    </p>
   </div>
   <div class='ocr_carea' id='block_1_12' title="bbox 280 1244 1868 1321">
    <p class='ocr_par' dir='ltr' id='par_1_12' title="bbox 280 1244 1868 1321">
     <span class='ocr_line' id='line_1_12' title="bbox 280 1244 1868 1321; baseline -0.005 -14"><span class='ocrx_word' id='word_1_60' title='bbox 280 1253 419 1321; x_wconf 83' lang='lat' dir='ltr'><strong>Quis</strong></span> <span class='ocrx_word' id='word_1_61' title='bbox 451 1270 480 1309; x_wconf 87' lang='lat' dir='ltr'><strong>a</strong></span> <span class='ocrx_word' id='word_1_62' title='bbox 513 1262 665 1311; x_wconf 89' lang='lat' dir='ltr'><strong>terra</strong></span> <span class='ocrx_word' id='word_1_63' title='bbox 704 1253 775 1310; x_wconf 86' lang='lat' dir='ltr'><strong>ad</strong></span> <span class='ocrx_word' id='word_1_64' title='bbox 798 1253 999 1310; x_wconf 77' lang='lat' dir='ltr'><strong>emtum</strong></span> <span class='ocrx_word' id='word_1_65' title='bbox 1031 1250 1335 1309; x_wconf 82' lang='lat' dir='ltr'><strong>ascendit?</strong></span> <span class='ocrx_word' id='word_1_66' title='bbox 1367 1248 1472 1317; x_wconf 87' lang='lat' dir='ltr'><strong>Qui</strong></span> <span class='ocrx_word' id='word_1_67' title='bbox 1515 1247 1750 1320; x_wconf 83' lang='lat' dir='ltr'><strong>primum</strong></span> <span class='ocrx_word' id='word_1_68' title='bbox 1802 1244 1868 1300; x_wconf 90' lang='lat' dir='ltr'><strong>ad</strong></span> 
     </span>
    </p>
   </div>
   <div class='ocr_carea' id='block_1_13' title="bbox 281 1336 1874 1408">
    <p class='ocr_par' dir='ltr' id='par_1_13' title="bbox 281 1336 1874 1408">
     <span class='ocr_line' id='line_1_13' title="bbox 281 1336 1874 1408; baseline -0.005 -8"><span class='ocrx_word' id='word_1_69' title='bbox 281 1353 535 1402; x_wconf 84' lang='lat' dir='ltr'><strong>nostrum</strong></span> <span class='ocrx_word' id='word_1_70' title='bbox 567 1344 852 1401; x_wconf 88' lang='lat' dir='ltr'><strong>descendit</strong></span> <span class='ocrx_word' id='word_1_71' title='bbox 885 1343 1081 1408; x_wconf 88' lang='lat' dir='ltr'><strong>lutum,</strong></span> <span class='ocrx_word' id='word_1_72' title='bbox 1122 1353 1181 1398; x_wconf 91' lang='lat' dir='ltr'><strong>ut</strong></span> <span class='ocrx_word' id='word_1_73' title='bbox 1214 1341 1357 1397; x_wconf 88' lang='lat' dir='ltr'><strong>illud.</strong></span> <span class='ocrx_word' id='word_1_74' title='bbox 1388 1339 1455 1395; x_wconf 89' lang='lat' dir='ltr'><strong>ad</strong></span> <span class='ocrx_word' id='word_1_75' title='bbox 1481 1353 1640 1395; x_wconf 85' lang='lat' dir='ltr'><strong>suam</strong></span> <span class='ocrx_word' id='word_1_76' title='bbox 1698 1336 1874 1394; x_wconf 83' lang='lat' dir='ltr'><strong>extol-</strong></span> 
     </span>
    </p>
   </div>
   <div class='ocr_carea' id='block_1_14' title="bbox 282 1434 1305 1507">
    <p class='ocr_par' dir='ltr' id='par_1_14' title="bbox 282 1434 1305 1507">
     <span class='ocr_line' id='line_1_14' title="bbox 282 1434 1305 1507; baseline -0.004 -15"><span class='ocrx_word' id='word_1_77' title='bbox 282 1438 419 1493; x_wconf 72' lang='lat' dir='ltr'><strong>leret</strong></span> <span class='ocrx_word' id='word_1_78' title='bbox 447 1436 900 1507; x_wconf 86' lang='lat' dir='ltr'><strong>supracoelestem</strong></span> <span class='ocrx_word' id='word_1_79' title='bbox 935 1434 1305 1507; x_wconf 61' lang='lat' dir='ltr'><strong>altitudinem,</strong></span> 
     </span>
    </p>
   </div>
   <div class='ocr_carea' id='block_1_15' title="bbox 356 1519 1876 1599">
    <p class='ocr_par' dir='ltr' id='par_1_15' title="bbox 356 1519 1876 1599">
     <span class='ocr_line' id='line_1_15' title="bbox 356 1519 1876 1599; baseline -0.005 -17"><span class='ocrx_word' id='word_1_80' title='bbox 356 1527 489 1596; x_wconf 84' lang='lat' dir='ltr'><strong>Quis</strong></span> <span class='ocrx_word' id='word_1_81' title='bbox 523 1527 855 1599; x_wconf 74' lang='lat' dir='ltr'><strong>congregavit</strong></span> <span class='ocrx_word' id='word_1_82' title='bbox 883 1534 1061 1584; x_wconf 81' lang='lat' dir='ltr'><strong>ventos</strong></span> <span class='ocrx_word' id='word_1_83' title='bbox 1102 1525 1158 1578; x_wconf 87' lang='lat' dir='ltr'><strong>in</strong></span> <span class='ocrx_word' id='word_1_84' title='bbox 1200 1523 1376 1579; x_wconf 88' lang='lat' dir='ltr'><strong>sinu?</strong></span> <span class='ocrx_word' id='word_1_85' title='bbox 1415 1520 1481 1576; x_wconf 88' lang='lat' dir='ltr'><strong>Et</strong></span> <span class='ocrx_word' id='word_1_86' title='bbox 1529 1535 1722 1577; x_wconf 76' lang='lat' dir='ltr'><strong>omnes</strong></span> <span class='ocrx_word' id='word_1_87' title='bbox 1764 1519 1876 1590; x_wconf 83' lang='lat' dir='ltr'><strong>spi-</strong></span> 
     </span>
    </p>
   </div>
   <div class='ocr_carea' id='block_1_16' title="bbox 284 1616 1390 1694">
    <p class='ocr_par' dir='ltr' id='par_1_16' title="bbox 284 1616 1390 1694">
     <span class='ocr_line' id='line_1_16' title="bbox 284 1616 1390 1694; baseline -0.003 -18"><span class='ocrx_word' id='word_1_88' title='bbox 284 1621 513 1678; x_wconf 87' lang='lat' dir='ltr'><strong>rituales</strong></span> <span class='ocrx_word' id='word_1_89' title='bbox 551 1622 830 1694; x_wconf 83' lang='lat' dir='ltr'><strong>potentias</strong></span> <span class='ocrx_word' id='word_1_90' title='bbox 859 1620 914 1675; x_wconf 90' lang='lat' dir='ltr'><strong>in</strong></span> <span class='ocrx_word' id='word_1_91' title='bbox 943 1619 1142 1675; x_wconf 68' lang='lat' dir='ltr'><strong>animae</strong></span> <span class='ocrx_word' id='word_1_92' title='bbox 1170 1616 1390 1674; x_wconf 64' lang='lat' dir='ltr'><strong>aerario.</strong></span> 
     </span>
    </p>
   </div>
   <div class='ocr_carea' id='block_1_17' title="bbox 357 1791 1877 1869">
    <p class='ocr_par' dir='ltr' id='par_1_17' title="bbox 357 1791 1877 1869">
     <span class='ocr_line' id='line_1_17' title="bbox 357 1791 1877 1869; baseline -0.004 -14"><span class='ocrx_word' id='word_1_93' title='bbox 357 1799 491 1868; x_wconf 83' lang='lat' dir='ltr'><strong>Quis</strong></span> <span class='ocrx_word' id='word_1_94' title='bbox 543 1800 801 1854; x_wconf 83' lang='lat' dir='ltr'><strong>convertit</strong></span> <span class='ocrx_word' id='word_1_95' title='bbox 845 1813 1039 1869; x_wconf 87' lang='lat' dir='ltr'><strong>aquam</strong></span> <span class='ocrx_word' id='word_1_96' title='bbox 1093 1797 1149 1851; x_wconf 86' lang='lat' dir='ltr'><strong>in</strong></span> <span class='ocrx_word' id='word_1_97' title='bbox 1201 1791 1647 1851; x_wconf 78' lang='lat' dir='ltr'><strong>eestimento?Et</strong></span> <span class='ocrx_word' id='word_1_98' title='bbox 1681 1806 1877 1849; x_wconf 81' lang='lat' dir='ltr'><strong>omnes</strong></span> 
     </span>
    </p>
   </div>
   <div class='ocr_carea' id='block_1_18' title="bbox 1964 600 3574 676">
    <p class='ocr_par' dir='ltr' id='par_1_18' title="bbox 1964 600 3574 676">
     <span class='ocr_line' id='line_1_18' title="bbox 1964 600 3574 676; baseline -0.002 -18"><span class='ocrx_word' id='word_1_99' title='bbox 1964 603 2061 658; x_wconf 87' lang='grc' dir='ltr'><strong>τοῦ</strong></span> <span class='ocrx_word' id='word_1_100' title='bbox 2092 604 2430 676; x_wconf 83' lang='grc' dir='ltr'>πνεύματος,</span> <span class='ocrx_word' id='word_1_101' title='bbox 2473 603 2576 674; x_wconf 83' lang='grc' dir='ltr'><strong>οὐχ</strong></span> <span class='ocrx_word' id='word_1_102' title='bbox 2627 600 2868 675; x_wconf 71' lang='grc' dir='ltr'>ὑπάρχει</span> <span class='ocrx_word' id='word_1_103' title='bbox 2910 603 2968 657; x_wconf 75' lang='grc' dir='ltr'>ἑν</span> <span class='ocrx_word' id='word_1_104' title='bbox 2996 601 3124 673; x_wconf 71' lang='grc' dir='ltr'>ἐμοὶ</span> <span class='ocrx_word' id='word_1_105' title='bbox 3164 601 3435 673; x_wconf 78' lang='grc' dir='ltr'>σαρκικδν</span> <span class='ocrx_word' id='word_1_106' title='bbox 3473 600 3574 655; x_wconf 71' lang='grc' dir='ltr'><strong>καὶ</strong></span> 
     </span>
    </p>
   </div>
   <div class='ocr_carea' id='block_1_19' title="bbox 1965 696 2627 769">
    <p class='ocr_par' dir='ltr' id='par_1_19' title="bbox 1965 696 2627 769">
     <span class='ocr_line' id='line_1_19' title="bbox 1965 696 2627 769; baseline -0.003 -18"><span class='ocrx_word' id='word_1_107' title='bbox 1965 696 2312 769; x_wconf 81' lang='grc' dir='ltr'>ἀνθρώπινον</span> <span class='ocrx_word' id='word_1_108' title='bbox 2346 696 2627 767; x_wconf 88' lang='grc' dir='ltr'>φρόνημα.</span> 
     </span>
    </p>
   </div>
   <div class='ocr_carea' id='block_1_20' title="bbox 2038 784 3574 857">
    <p class='ocr_par' dir='ltr' id='par_1_20' title="bbox 2038 784 3574 857">
     <span class='ocr_line' id='line_1_20' title="bbox 2038 784 3574 857; baseline -0.002 -15"><span class='ocrx_word' id='word_1_109' title='bbox 2038 792 2108 856; x_wconf 82' lang='grc' dir='ltr'><strong>γ’.</strong></span> <span class='ocrx_word' id='word_1_110' title='bbox 2153 789 2302 854; x_wconf 85' lang='grc' dir='ltr'><strong>Θεὸς</strong></span> <span class='ocrx_word' id='word_1_111' title='bbox 2349 786 2418 841; x_wconf 82' lang='grc' dir='ltr'>δὲ</span> <span class='ocrx_word' id='word_1_112' title='bbox 2451 784 2694 851; x_wconf 78' lang='grc' dir='ltr'>ἐδίδαξέ</span> <span class='ocrx_word' id='word_1_113' title='bbox 2753 802 2831 855; x_wconf 81' lang='grc' dir='ltr'><strong>με</strong></span> <span class='ocrx_word' id='word_1_114' title='bbox 2879 786 3130 856; x_wconf 74' lang='grc' dir='ltr'>σοφίαν,</span> <span class='ocrx_word' id='word_1_115' title='bbox 3183 787 3284 842; x_wconf 73' lang='grc' dir='ltr'><strong>καί</strong></span> <span class='ocrx_word' id='word_1_116' title='bbox 3337 785 3574 857; x_wconf 75' lang='grc' dir='ltr'>γνῶσιν</span> 
     </span>
    </p>
   </div>
   <div class='ocr_carea' id='block_1_21' title="bbox 1969 876 3572 949">
    <p class='ocr_par' dir='ltr' id='par_1_21' title="bbox 1969 876 3572 949">
     <span class='ocr_line' id='line_1_21' title="bbox 1969 876 3572 949; baseline -0.002 -16"><span class='ocrx_word' id='word_1_117' title='bbox 1969 877 2156 949; x_wconf 82' lang='grc' dir='ltr'>ἁγίων</span> <span class='ocrx_word' id='word_1_118' title='bbox 2187 877 2443 949; x_wconf 65' lang='grc' dir='ltr'>ἐγνωκαε</span> <span class='ocrx_word' id='word_1_119' title='bbox 2480 877 2613 941; x_wconf 82' lang='grc' dir='ltr'>Θεὸς</span> <span class='ocrx_word' id='word_1_120' title='bbox 2647 876 2704 930; x_wconf 82' lang='grc' dir='ltr'>δέ</span> <span class='ocrx_word' id='word_1_121' title='bbox 2755 893 2848 946; x_wconf 88' lang='grc' dir='ltr'><strong>μοι</strong></span> <span class='ocrx_word' id='word_1_122' title='bbox 2883 880 2984 948; x_wconf 79' lang='grc' dir='ltr'><strong>τῆς</strong></span> <span class='ocrx_word' id='word_1_123' title='bbox 3017 877 3173 941; x_wconf 83' lang='grc' dir='ltr'><strong>θείας</strong></span> <span class='ocrx_word' id='word_1_124' title='bbox 3208 876 3377 932; x_wconf 80' lang='grc' dir='ltr'>αὑτοῦ</span> <span class='ocrx_word' id='word_1_125' title='bbox 3418 877 3572 941; x_wconf 74' lang='grc' dir='ltr'>διδαο</span> 
     </span>
    </p>
   </div>
   <div class='ocr_carea' id='block_1_22' title="bbox 1972 968 3566 1041">
    <p class='ocr_par' dir='ltr' id='par_1_22' title="bbox 1972 968 3566 1041">
     <span class='ocr_line' id='line_1_22' title="bbox 1972 968 3566 1041; baseline 0.001 -20"><span class='ocrx_word' id='word_1_126' title='bbox 1972 968 2203 1035; x_wconf 89' lang='grc' dir='ltr'>σκαλίας</span> <span class='ocrx_word' id='word_1_127' title='bbox 2234 970 2544 1041; x_wconf 79' lang='grc' dir='ltr'><strong>μετέδωκε·</strong></span> <span class='ocrx_word' id='word_1_128' title='bbox 2601 969 2698 1024; x_wconf 73' lang='grc' dir='ltr'><strong>καὶ</strong></span> <span class='ocrx_word' id='word_1_129' title='bbox 2725 969 3031 1024; x_wconf 76' lang='grc' dir='ltr'>κατέλαϐον</span> <span class='ocrx_word' id='word_1_130' title='bbox 3085 971 3209 1024; x_wconf 83' lang='grc' dir='ltr'>θεῖα</span> <span class='ocrx_word' id='word_1_131' title='bbox 3265 971 3566 1041; x_wconf 78' lang='grc' dir='ltr'><strong>μυστήρια,</strong></span> 
     </span>
    </p>
   </div>
   <div class='ocr_carea' id='block_1_23' title="bbox 1970 1053 3246 1133">
    <p class='ocr_par' dir='ltr' id='par_1_23' title="bbox 1970 1053 3246 1133">
     <span class='ocr_line' id='line_1_23' title="bbox 1970 1053 3246 1133; baseline 0.001 -19"><span class='ocrx_word' id='word_1_132' title='bbox 1970 1053 2167 1133; x_wconf 78' lang='grc' dir='ltr'>οἷάπερ</span> <span class='ocrx_word' id='word_1_133' title='bbox 2188 1059 2494 1131; x_wconf 74' lang='grc' dir='ltr'>ἐγνώκασιν</span> <span class='ocrx_word' id='word_1_134' title='bbox 2513 1060 2571 1114; x_wconf 82' lang='grc' dir='ltr'><strong>οἰ</strong></span> <span class='ocrx_word' id='word_1_135' title='bbox 2592 1060 2830 1131; x_wconf 75' lang='grc' dir='ltr'>καθαροὶ</span> <span class='ocrx_word' id='word_1_136' title='bbox 2856 1062 2955 1132; x_wconf 82' lang='grc' dir='ltr'>τὴν</span> <span class='ocrx_word' id='word_1_137' title='bbox 2980 1059 3246 1116; x_wconf 82' lang='grc' dir='ltr'>διάνοιαν.</span> 
     </span>
    </p>
   </div>
   <div class='ocr_carea' id='block_1_24' title="bbox 2038 1151 3573 1222">
    <p class='ocr_par' dir='ltr' id='par_1_24' title="bbox 2038 1151 3573 1222">
     <span class='ocr_line' id='line_1_24' title="bbox 2038 1151 3573 1222; baseline -0.002 -14"><span class='ocrx_word' id='word_1_138' title='bbox 2038 1153 2103 1208; x_wconf 79' lang='grc' dir='ltr'><strong>δ’.</strong></span> <span class='ocrx_word' id='word_1_139' title='bbox 2144 1153 2243 1219; x_wconf 85' lang='grc' dir='ltr'>Τίς</span> <span class='ocrx_word' id='word_1_140' title='bbox 2279 1152 2467 1222; x_wconf 78' lang='grc' dir='ltr'><strong>ἀνέϐη</strong></span> <span class='ocrx_word' id='word_1_141' title='bbox 2517 1153 2604 1219; x_wconf 77' lang='grc' dir='ltr'><strong>εἰς</strong></span> <span class='ocrx_word' id='word_1_142' title='bbox 2638 1151 2749 1207; x_wconf 84' lang='grc' dir='ltr'><strong>τόν</strong></span> <span class='ocrx_word' id='word_1_143' title='bbox 2791 1152 3105 1221; x_wconf 66' lang='grc' dir='ltr'><strong>οὐρανὸν,Δ</strong></span> <span class='ocrx_word' id='word_1_144' title='bbox 3149 1152 3251 1206; x_wconf 80' lang='grc' dir='ltr'><strong>καί</strong></span> <span class='ocrx_word' id='word_1_145' title='bbox 3308 1151 3573 1218; x_wconf 62' lang='grc' dir='ltr'><strong>Μτέἅικ</strong></span> 
     </span>
    </p>
   </div>
   <div class='ocr_carea' id='block_1_25' title="bbox 1972 1238 3576 1313">
    <p class='ocr_par' dir='ltr' id='par_1_25' title="bbox 1972 1238 3576 1313">
     <span class='ocr_line' id='line_1_25' title="bbox 1972 1238 3576 1313; baseline -0.002 -16"><span class='ocrx_word' id='word_1_146' title='bbox 1972 1241 2070 1307; x_wconf 83' lang='grc' dir='ltr'><strong>Τίς</strong></span> <span class='ocrx_word' id='word_1_147' title='bbox 2097 1241 2207 1297; x_wconf 81' lang='grc' dir='ltr'>ἀπὸ</span> <span class='ocrx_word' id='word_1_148' title='bbox 2234 1241 2341 1313; x_wconf 86' lang='grc' dir='ltr'>γῆς</span> <span class='ocrx_word' id='word_1_149' title='bbox 2386 1240 2577 1313; x_wconf 79' lang='grc' dir='ltr'>ὑψώθη</span> <span class='ocrx_word' id='word_1_150' title='bbox 2604 1240 2742 1313; x_wconf 79' lang='grc' dir='ltr'>πρὸς</span> <span class='ocrx_word' id='word_1_151' title='bbox 2782 1240 3049 1313; x_wconf 70' lang='grc' dir='ltr'>οὑρανόνς</span> <span class='ocrx_word' id='word_1_152' title='bbox 3098 1238 3160 1305; x_wconf 81' lang='grc' dir='ltr'>ὃς</span> <span class='ocrx_word' id='word_1_153' title='bbox 3208 1239 3306 1295; x_wconf 80' lang='grc' dir='ltr'>καὶ</span> <span class='ocrx_word' id='word_1_154' title='bbox 3350 1240 3576 1312; x_wconf 85' lang='grc' dir='ltr'>πρῶτον</span> 
     </span>
    </p>
   </div>
   <div class='ocr_carea' id='block_1_26' title="bbox 1975 1331 3574 1406">
    <p class='ocr_par' dir='ltr' id='par_1_26' title="bbox 1975 1331 3574 1406">
     <span class='ocr_line' id='line_1_26' title="bbox 1975 1331 3574 1406; baseline -0.004 -17"><span class='ocrx_word' id='word_1_155' title='bbox 1975 1334 2287 1406; x_wconf 78' lang='grc' dir='ltr'>συγκατέόη</span> <span class='ocrx_word' id='word_1_156' title='bbox 2318 1333 2398 1406; x_wconf 79' lang='grc' dir='ltr'>τῷ</span> <span class='ocrx_word' id='word_1_157' title='bbox 2427 1333 2686 1406; x_wconf 83' lang='grc' dir='ltr'><strong>ἡμετέρῳ</strong></span> <span class='ocrx_word' id='word_1_158' title='bbox 2726 1333 3030 1406; x_wconf 83' lang='grc' dir='ltr'>φυράματι,</span> <span class='ocrx_word' id='word_1_159' title='bbox 3066 1332 3212 1388; x_wconf 81' lang='grc' dir='ltr'>ὥστε</span> <span class='ocrx_word' id='word_1_160' title='bbox 3265 1331 3574 1387; x_wconf 83' lang='grc' dir='ltr'>ἀνελκῦσαι</span> 
     </span>
    </p>
   </div>
   <div class='ocr_carea' id='block_1_27' title="bbox 1973 1423 3217 1498">
    <p class='ocr_par' dir='ltr' id='par_1_27' title="bbox 1973 1423 3217 1498">
     <span class='ocr_line' id='line_1_27' title="bbox 1973 1423 3217 1498; baseline -0.002 -17"><span class='ocrx_word' id='word_1_161' title='bbox 1973 1427 2132 1481; x_wconf 83' lang='grc' dir='ltr'>τοῦτο</span> <span class='ocrx_word' id='word_1_162' title='bbox 2166 1425 2305 1497; x_wconf 82' lang='grc' dir='ltr'>πρὸς</span> <span class='ocrx_word' id='word_1_163' title='bbox 2329 1425 2393 1479; x_wconf 80' lang='grc' dir='ltr'><strong>τὸ</strong></span> <span class='ocrx_word' id='word_1_164' title='bbox 2422 1424 2822 1498; x_wconf 80' lang='grc' dir='ltr'>ὑπερουράνιον</span> <span class='ocrx_word' id='word_1_165' title='bbox 2855 1424 3025 1479; x_wconf 86' lang='grc' dir='ltr'>αὐτοῦ</span> <span class='ocrx_word' id='word_1_166' title='bbox 3059 1423 3217 1494; x_wconf 76' lang='grc' dir='ltr'>ὕψος.</span> 
     </span>
    </p>
   </div>
   <div class='ocr_carea' id='block_1_28' title="bbox 2052 1509 3575 1586">
    <p class='ocr_par' dir='ltr' id='par_1_28' title="bbox 2052 1509 3575 1586">
     <span class='ocr_line' id='line_1_28' title="bbox 2052 1509 3575 1586; baseline -0.005 -15"><span class='ocrx_word' id='word_1_167' title='bbox 2052 1515 2150 1581; x_wconf 80' lang='grc' dir='ltr'>Τίς</span> <span class='ocrx_word' id='word_1_168' title='bbox 2181 1514 2536 1586; x_wconf 73' lang='grc' dir='ltr'>συνήγαγεν</span> <span class='ocrx_word' id='word_1_169' title='bbox 2579 1512 2843 1584; x_wconf 78' lang='grc' dir='ltr'><strong>ἀνέμους</strong></span> <span class='ocrx_word' id='word_1_170' title='bbox 2877 1513 2949 1569; x_wconf 84' lang='grc' dir='ltr'>ἐν</span> <span class='ocrx_word' id='word_1_171' title='bbox 2975 1513 3221 1580; x_wconf 74' lang='grc' dir='ltr'>κόλπφς</span> <span class='ocrx_word' id='word_1_172' title='bbox 3253 1510 3365 1566; x_wconf 73' lang='grc' dir='ltr'><strong>Καὶ</strong></span> <span class='ocrx_word' id='word_1_173' title='bbox 3387 1509 3575 1572; x_wconf 80' lang='grc' dir='ltr'>πάσας</span> 
     </span>
    </p>
   </div>
   <div class='ocr_carea' id='block_1_29' title="bbox 1976 1603 3577 1680">
    <p class='ocr_par' dir='ltr' id='par_1_29' title="bbox 1976 1603 3577 1680">
     <span class='ocr_line' id='line_1_29' title="bbox 1976 1603 3577 1680; baseline -0.002 -19"><span class='ocrx_word' id='word_1_174' title='bbox 1976 1606 2077 1672; x_wconf 82' lang='grc' dir='ltr'>τὰς</span> <span class='ocrx_word' id='word_1_175' title='bbox 2120 1607 2407 1680; x_wconf 76' lang='grc' dir='ltr'>ἐνεργείας</span> <span class='ocrx_word' id='word_1_176' title='bbox 2456 1604 2552 1661; x_wconf 88' lang='grc' dir='ltr'><strong>τοῦ</strong></span> <span class='ocrx_word' id='word_1_177' title='bbox 2599 1604 2915 1679; x_wconf 80' lang='grc' dir='ltr'>πνεύματος</span> <span class='ocrx_word' id='word_1_178' title='bbox 2965 1605 3031 1660; x_wconf 79' lang='grc' dir='ltr'>ὲν</span> <span class='ocrx_word' id='word_1_179' title='bbox 3075 1604 3156 1678; x_wconf 84' lang='grc' dir='ltr'>τῷ</span> <span class='ocrx_word' id='word_1_180' title='bbox 3200 1603 3343 1660; x_wconf 76' lang='grc' dir='ltr'>κατὰ</span> <span class='ocrx_word' id='word_1_181' title='bbox 3390 1603 3577 1675; x_wconf 80' lang='grc' dir='ltr'>ψυχὴν</span> 
     </span>
    </p>
   </div>
   <div class='ocr_carea' id='block_1_30' title="bbox 1976 1699 2238 1772">
    <p class='ocr_par' dir='ltr' id='par_1_30' title="bbox 1976 1699 2238 1772">
     <span class='ocr_line' id='line_1_30' title="bbox 1976 1699 2238 1772; baseline 0.008 -19"><span class='ocrx_word' id='word_1_182' title='bbox 1976 1699 2238 1772; x_wconf 81' lang='grc' dir='ltr'>ταμιείῳ.</span> 
     </span>
    </p>
   </div>
   <div class='ocr_carea' id='block_1_31' title="bbox 2054 1788 3576 1864">
    <p class='ocr_par' dir='ltr' id='par_1_31' title="bbox 2054 1788 3576 1864">
     <span class='ocr_line' id='line_1_31' title="bbox 2054 1788 3576 1864; baseline -0.003 -15"><span class='ocrx_word' id='word_1_183' title='bbox 2054 1795 2152 1862; x_wconf 81' lang='grc' dir='ltr'>Τίς</span> <span class='ocrx_word' id='word_1_184' title='bbox 2182 1796 2607 1864; x_wconf 70' lang='grc' dir='ltr'><strong>συνέστρεψεν</strong></span> <span class='ocrx_word' id='word_1_185' title='bbox 2625 1793 2785 1862; x_wconf 84' lang='grc' dir='ltr'>ὕδωρ</span> <span class='ocrx_word' id='word_1_186' title='bbox 2814 1793 2886 1848; x_wconf 81' lang='grc' dir='ltr'>ἐν</span> <span class='ocrx_word' id='word_1_187' title='bbox 2911 1792 3164 1864; x_wconf 77' lang='grc' dir='ltr'>ίματίφ;</span> <span class='ocrx_word' id='word_1_188' title='bbox 3209 1790 3322 1846; x_wconf 74' lang='grc' dir='ltr'>Καὶ</span> <span class='ocrx_word' id='word_1_189' title='bbox 3346 1791 3479 1855; x_wconf 69' lang='grc' dir='ltr'>τοὺς</span> <span class='ocrx_word' id='word_1_190' title='bbox 3511 1788 3576 1844; x_wconf 77' lang='grc' dir='ltr'>ἐν</span> 
     </span>
    </p>
   </div>
   <div class='ocr_carea' id='block_1_32' title="bbox 281 1874 1874 1959">
    <p class='ocr_par' dir='ltr' id='par_1_32' title="bbox 281 1881 1873 1955">
     <span class='ocr_line' id='line_1_32' title="bbox 281 1881 1873 1955; baseline -0.005 -10"><span class='ocrx_word' id='word_1_191' title='bbox 281 1904 576 1947; x_wconf 79' lang='lat' dir='ltr'><strong>sermones</strong></span> <span class='ocrx_word' id='word_1_192' title='bbox 608 1891 661 1946; x_wconf 88' lang='lat' dir='ltr'><strong>in</strong></span> <span class='ocrx_word' id='word_1_193' title='bbox 696 1903 863 1945; x_wconf 87' lang='lat' dir='ltr'><strong>carne</strong></span> <span class='ocrx_word' id='word_1_194' title='bbox 890 1886 1252 1949; x_wconf 84' lang='lat' dir='ltr'><strong>circumtulit,</strong></span> <span class='ocrx_word' id='word_1_195' title='bbox 1271 1886 1326 1940; x_wconf 92' lang='lat' dir='ltr'><strong>i-n</strong></span> <span class='ocrx_word' id='word_1_196' title='bbox 1353 1900 1496 1955; x_wconf 86' lang='lat' dir='ltr'><strong>aqua</strong></span> <span class='ocrx_word' id='word_1_197' title='bbox 1520 1881 1873 1954; x_wconf 75' lang='lat' dir='ltr'><strong>congregavit</strong></span> 
     </span>
    </p>
   </div>
   <div class='ocr_carea' id='block_1_33' title="bbox 1996 1874 3577 1959">
    <p class='ocr_par' dir='ltr' id='par_1_33' title="bbox 1996 1877 3577 1959">
     <span class='ocr_line' id='line_1_33' title="bbox 1996 1877 3577 1959; baseline -0.001 -22"><span class='ocrx_word' id='word_1_198' title='bbox 1996 1883 2051 1957; x_wconf 74' lang='grc' dir='ltr'><strong>τῷ</strong></span> <span class='ocrx_word' id='word_1_199' title='bbox 2104 1885 2275 1941; x_wconf 74' lang='grc' dir='ltr'>παντὶ</span> <span class='ocrx_word' id='word_1_200' title='bbox 2331 1885 2526 1954; x_wconf 82' lang='grc' dir='ltr'>λόγους</span> <span class='ocrx_word' id='word_1_201' title='bbox 2588 1885 3073 1958; x_wconf 70' lang='grc' dir='ltr'>συμπεριήνεγκεν</span> <span class='ocrx_word' id='word_1_202' title='bbox 3124 1883 3184 1938; x_wconf 75' lang='grc' dir='ltr'>ἐν</span> <span class='ocrx_word' id='word_1_203' title='bbox 3339 1881 3577 1954; x_wconf 74' lang='grc' dir='ltr'>ἑφόρεσι</span> 
     </span>
    </p>
   </div>
   <div class='ocr_carea' id='block_1_34' title="bbox 286 1974 1875 2052">
    <p class='ocr_par' dir='ltr' id='par_1_34' title="bbox 286 1974 1875 2052">
     <span class='ocr_line' id='line_1_34' title="bbox 286 1974 1875 2052; baseline -0.004 -15"><span class='ocrx_word' id='word_1_204' title='bbox 286 1998 421 2048; x_wconf 88' lang='lat' dir='ltr'><strong>eos,</strong></span> <span class='ocrx_word' id='word_1_205' title='bbox 477 1997 672 2038; x_wconf 92' lang='lat' dir='ltr'><strong>omnes</strong></span> <span class='ocrx_word' id='word_1_206' title='bbox 710 1981 1084 2052; x_wconf 88' lang='lat' dir='ltr'><strong>complectens</strong></span> <span class='ocrx_word' id='word_1_207' title='bbox 1142 1978 1404 2050; x_wconf 86' lang='lat' dir='ltr'><strong>mysterio</strong></span> <span class='ocrx_word' id='word_1_208' title='bbox 1474 1974 1875 2032; x_wconf 83' lang='lat' dir='ltr'><strong>incarnationis</strong></span> 
     </span>
    </p>
   </div>
   <div class='ocr_carea' id='block_1_35' title="bbox 322 2089 553 2130">
    <p class='ocr_par' dir='ltr' id='par_1_35' title="bbox 322 2089 553 2130">
     <span class='ocr_line' id='line_1_35' title="bbox 322 2089 553 2130; baseline -0.009 0"><span class='ocrx_word' id='word_1_209' title='bbox 322 2089 383 2130; x_wconf 88' lang='lat' dir='ltr'><strong>er</strong></span> <span class='ocrx_word' id='word_1_210' title='bbox 412 2089 553 2130; x_wconf 89' lang='lat' dir='ltr'><strong>eam.</strong></span> 
     </span>
    </p>
   </div>
   <div class='ocr_carea' id='block_1_36' title="bbox 284 2090 1876 2230">
    <p class='ocr_par' dir='ltr' id='par_1_36' title="bbox 284 2090 1876 2230">
     <span class='ocr_line' id='line_1_36' title="bbox 322 2090 687 2130; baseline -0.005 0"><span class='ocrx_word' id='word_1_211' title='bbox 322 2090 383 2130; x_wconf 88' lang='lat' dir='ltr'><strong>er</strong></span> <span class='ocrx_word' id='word_1_212' title='bbox 412 2090 553 2130; x_wconf 83' lang='lat' dir='ltr'><strong>eain.</strong></span> <span class='ocrx_word' id='word_1_213' title='bbox 676 2116 687 2129; x_wconf 87' lang='lat'><strong>.</strong></span> 
     </span>
     <span class='ocr_line' id='line_1_37' title="bbox 284 2090 1876 2230; baseline -0.002 -12"><span class='ocrx_word' id='word_1_214' title='bbox 284 2090 320 2146; x_wconf 60' lang='grc' dir='ltr'><strong>Ρ</strong></span> <span class='ocrx_word' id='word_1_215' title='bbox 361 2164 493 2230; x_wconf 81' lang='lat' dir='ltr'><strong>Quis</strong></span> <span class='ocrx_word' id='word_1_216' title='bbox 520 2162 998 2220; x_wconf 85' lang='lat' dir='ltr'><strong>suscitavitomnia</strong></span> <span class='ocrx_word' id='word_1_217' title='bbox 1021 2170 1258 2216; x_wconf 70' lang='lat' dir='ltr'><strong>extrema</strong></span> <span class='ocrx_word' id='word_1_218' title='bbox 1290 2160 1569 2217; x_wconf 72' lang='lat' dir='ltr'><strong>terrtei’Et</strong></span> <span class='ocrx_word' id='word_1_219' title='bbox 1591 2167 1653 2215; x_wconf 81' lang='lat' dir='ltr'><strong>ut</strong></span> <span class='ocrx_word' id='word_1_220' title='bbox 1694 2158 1876 2215; x_wconf 82' lang='lat' dir='ltr'><strong>omnis</strong></span> 
     </span>
    </p>
   </div>
   <div class='ocr_carea' id='block_1_37' title="bbox 285 2253 1876 2326">
    <p class='ocr_par' dir='ltr' id='par_1_37' title="bbox 285 2253 1876 2326">
     <span class='ocr_line' id='line_1_38' title="bbox 285 2253 1876 2326; baseline -0.005 -13"><span class='ocrx_word' id='word_1_221' title='bbox 285 2257 583 2313; x_wconf 88' lang='lat' dir='ltr'><strong>creationis</strong></span> <span class='ocrx_word' id='word_1_222' title='bbox 619 2256 907 2311; x_wconf 89' lang='lat' dir='ltr'><strong>Dominus.</strong></span> <span class='ocrx_word' id='word_1_223' title='bbox 949 2270 1126 2326; x_wconf 89' lang='lat' dir='ltr'><strong>usque</strong></span> <span class='ocrx_word' id='word_1_224' title='bbox 1155 2253 1220 2310; x_wconf 85' lang='lat' dir='ltr'><strong>ad</strong></span> <span class='ocrx_word' id='word_1_225' title='bbox 1248 2253 1515 2309; x_wconf 87' lang='lat' dir='ltr'><strong>terminos</strong></span> <span class='ocrx_word' id='word_1_226' title='bbox 1553 2259 1713 2307; x_wconf 74' lang='lat' dir='ltr'><strong>terra:</strong></span> <span class='ocrx_word' id='word_1_227' title='bbox 1746 2265 1876 2322; x_wconf 80' lang='lat' dir='ltr'><strong>pro-</strong></span> 
     </span>
    </p>
   </div>
   <div class='ocr_carea' id='block_1_38' title="bbox 285 2342 1874 2422">
    <p class='ocr_par' dir='ltr' id='par_1_38' title="bbox 285 2342 1874 2422">
     <span class='ocr_line' id='line_1_39' title="bbox 285 2342 1874 2422; baseline -0.003 -20"><span class='ocrx_word' id='word_1_228' title='bbox 285 2349 507 2422; x_wconf 80' lang='lat' dir='ltr'><strong>pagarit</strong></span> <span class='ocrx_word' id='word_1_229' title='bbox 545 2347 900 2417; x_wconf 84' lang='lat' dir='ltr'><strong>Evangelium</strong></span> <span class='ocrx_word' id='word_1_230' title='bbox 952 2362 1112 2402; x_wconf 91' lang='lat' dir='ltr'><strong>suum</strong></span> <span class='ocrx_word' id='word_1_231' title='bbox 1136 2386 1150 2412; x_wconf 91' lang='lat'><strong>,</strong></span> <span class='ocrx_word' id='word_1_232' title='bbox 1192 2352 1495 2416; x_wconf 82' lang='lat' dir='ltr'><strong>gentesque</strong></span> <span class='ocrx_word' id='word_1_233' title='bbox 1527 2345 1676 2415; x_wconf 87' lang='lat' dir='ltr'><strong>ipsas</strong></span> <span class='ocrx_word' id='word_1_234' title='bbox 1710 2342 1874 2398; x_wconf 86' lang='lat' dir='ltr'><strong>inha-</strong></span> 
     </span>
    </p>
   </div>
   <div class='ocr_carea' id='block_1_39' title="bbox 285 2434 1877 2512">
    <p class='ocr_par' dir='ltr' id='par_1_39' title="bbox 285 2434 1877 2512">
     <span class='ocr_line' id='line_1_40' title="bbox 285 2434 1877 2512; baseline -0.004 -14"><span class='ocrx_word' id='word_1_235' title='bbox 285 2443 527 2498; x_wconf 87' lang='lat' dir='ltr'><strong>bitantes</strong></span> <span class='ocrx_word' id='word_1_236' title='bbox 562 2439 792 2512; x_wconf 87' lang='lat' dir='ltr'><strong>imperio</strong></span> <span class='ocrx_word' id='word_1_237' title='bbox 831 2437 1070 2509; x_wconf 78' lang='lat' dir='ltr'><strong>subegit,</strong></span> <span class='ocrx_word' id='word_1_238' title='bbox 1120 2445 1317 2508; x_wconf 88' lang='lat' dir='ltr'><strong>sponte</strong></span> <span class='ocrx_word' id='word_1_239' title='bbox 1351 2435 1599 2509; x_wconf 86' lang='lat' dir='ltr'><strong>regimen</strong></span> <span class='ocrx_word' id='word_1_240' title='bbox 1636 2435 1757 2508; x_wconf 81' lang='lat' dir='ltr'><strong>ejus</strong></span> <span class='ocrx_word' id='word_1_241' title='bbox 1779 2434 1877 2492; x_wconf 87' lang='lat' dir='ltr'><strong>ad-</strong></span> 
     </span>
    </p>
   </div>
   <div class='ocr_carea' id='block_1_40' title="bbox 292 2535 598 2589">
    <p class='ocr_par' dir='ltr' id='par_1_40' title="bbox 292 2535 598 2589">
     <span class='ocr_line' id='line_1_41' title="bbox 292 2535 598 2589; baseline -0.007 -1"><span class='ocrx_word' id='word_1_242' title='bbox 292 2535 598 2589; x_wconf 68' lang='lat' dir='ltr'><strong>mittentes.</strong></span> 
     </span>
    </p>
   </div>
   <div class='ocr_carea' id='block_1_41' title="bbox 362 2688 1872 2776">
    <p class='ocr_par' dir='ltr' id='par_1_41' title="bbox 362 2688 1872 2776">
     <span class='ocr_line' id='line_1_42' title="bbox 362 2688 1872 2776; baseline 0 -15"><span class='ocrx_word' id='word_1_243' title='bbox 362 2708 527 2764; x_wconf 68' lang='lat' dir='ltr'><strong>Vens.</strong></span> <span class='ocrx_word' id='word_1_244' title='bbox 573 2707 625 2763; x_wconf 77' lang='grc' dir='ltr'><strong>ὅ.</strong></span> <span class='ocrx_word' id='word_1_245' title='bbox 669 2707 824 2774; x_wconf 84' lang='lat' dir='ltr'><strong>Quod</strong></span> <span class='ocrx_word' id='word_1_246' title='bbox 854 2688 1045 2763; x_wconf 81' lang='lat' dir='ltr'><strong>nomen</strong></span> <span class='ocrx_word' id='word_1_247' title='bbox 1080 2707 1129 2761; x_wconf 92' lang='lat' dir='ltr'><strong>ei</strong></span> <span class='ocrx_word' id='word_1_248' title='bbox 1152 2707 1179 2760; x_wconf 75' lang='lat'><strong>.9</strong></span> <span class='ocrx_word' id='word_1_249' title='bbox 1210 2715 1301 2760; x_wconf 87' lang='lat' dir='ltr'><strong>aut</strong></span> <span class='ocrx_word' id='word_1_250' title='bbox 1334 2704 1474 2776; x_wconf 83' lang='lat' dir='ltr'><strong>quod</strong></span> <span class='ocrx_word' id='word_1_251' title='bbox 1504 2720 1691 2761; x_wconf 83' lang='lat' dir='ltr'><strong>nomen</strong></span> <span class='ocrx_word' id='word_1_252' title='bbox 1726 2704 1872 2775; x_wconf 79' lang='lat' dir='ltr'><strong>[ilius</strong></span> 
     </span>
    </p>
   </div>
   <div class='ocr_carea' id='block_1_42' title="bbox 286 2796 1876 2869">
    <p class='ocr_par' dir='ltr' id='par_1_42' title="bbox 286 2796 1876 2869">
     <span class='ocr_line' id='line_1_43' title="bbox 286 2796 1876 2869; baseline -0.001 -17"><span class='ocrx_word' id='word_1_253' title='bbox 286 2801 450 2869; x_wconf 73' lang='lat' dir='ltr'><strong>ejus?</strong></span> <span class='ocrx_word' id='word_1_254' title='bbox 479 2799 660 2855; x_wconf 81' lang='lat' dir='ltr'><strong>omnia</strong></span> <span class='ocrx_word' id='word_1_255' title='bbox 684 2801 823 2853; x_wconf 84' lang='lat' dir='ltr'><strong>enim</strong></span> <span class='ocrx_word' id='word_1_256' title='bbox 852 2799 1009 2853; x_wconf 78' lang='lat' dir='ltr'><strong>verba</strong></span> <span class='ocrx_word' id='word_1_257' title='bbox 1081 2797 1174 2852; x_wconf 89' lang='lat' dir='ltr'><strong>Dei</strong></span> <span class='ocrx_word' id='word_1_258' title='bbox 1238 2797 1432 2869; x_wconf 79' lang='lat' dir='ltr'><strong>ignita.</strong></span> <span class='ocrx_word' id='word_1_259' title='bbox 1472 2796 1734 2863; x_wconf 72' lang='lat' dir='ltr'><strong>Quaenam</strong></span> <span class='ocrx_word' id='word_1_260' title='bbox 1788 2801 1876 2853; x_wconf 84' lang='lat' dir='ltr'><strong>est</strong></span> 
     </span>
    </p>
   </div>
   <div class='ocr_carea' id='block_1_43' title="bbox 290 2885 1877 2960">
    <p class='ocr_par' dir='ltr' id='par_1_43' title="bbox 290 2885 1877 2960">
     <span class='ocr_line' id='line_1_44' title="bbox 290 2885 1877 2960; baseline -0.001 -17"><span class='ocrx_word' id='word_1_261' title='bbox 290 2890 590 2944; x_wconf 85' lang='lat' dir='ltr'><strong>summaria</strong></span> <span class='ocrx_word' id='word_1_262' title='bbox 632 2889 926 2960; x_wconf 78' lang='lat' dir='ltr'><strong>appellatio</strong></span> <span class='ocrx_word' id='word_1_263' title='bbox 957 2887 1282 2958; x_wconf 81' lang='lat' dir='ltr'><strong>qualitatem</strong></span> <span class='ocrx_word' id='word_1_264' title='bbox 1312 2887 1435 2958; x_wconf 86' lang='lat' dir='ltr'><strong>ejus</strong></span> <span class='ocrx_word' id='word_1_265' title='bbox 1459 2885 1877 2943; x_wconf 66' lang='lat' dir='ltr'><strong>demonstrans?</strong></span> 
     </span>
    </p>
   </div>
   <div class='ocr_carea' id='block_1_44' title="bbox 202 2976 1876 3052">
    <p class='ocr_par' dir='ltr' id='par_1_44' title="bbox 202 2976 1876 3052">
     <span class='ocr_line' id='line_1_45' title="bbox 202 2976 1876 3052; baseline -0.001 -17"><span class='ocrx_word' id='word_1_266' title='bbox 202 3046 209 3052; x_wconf 38' lang='grc'><em>,</em></span> <span class='ocrx_word' id='word_1_267' title='bbox 287 2989 342 3035; x_wconf 93' lang='lat' dir='ltr'><strong>ct</strong></span> <span class='ocrx_word' id='word_1_268' title='bbox 374 2996 623 3050; x_wconf 71' lang='lat' dir='ltr'><strong>quaenam</strong></span> <span class='ocrx_word' id='word_1_269' title='bbox 674 2981 874 3037; x_wconf 88' lang='lat' dir='ltr'><strong>lterum</strong></span> <span class='ocrx_word' id='word_1_270' title='bbox 924 2979 1225 3051; x_wconf 83' lang='lat' dir='ltr'><strong>appellatio</strong></span> <span class='ocrx_word' id='word_1_271' title='bbox 1257 2978 1655 3049; x_wconf 84' lang='lat' dir='ltr'><strong>discipulorum</strong></span> <span class='ocrx_word' id='word_1_272' title='bbox 1711 2976 1876 3049; x_wconf 73' lang='lat' dir='ltr'><strong>eius?</strong></span> 
     </span>
    </p>
   </div>
   <div class='ocr_carea' id='block_1_45' title="bbox 285 3066 1875 3142">
    <p class='ocr_par' dir='ltr' id='par_1_45' title="bbox 285 3066 1875 3142">
     <span class='ocr_line' id='line_1_46' title="bbox 285 3066 1875 3142; baseline 0.001 -19"><span class='ocrx_word' id='word_1_273' title='bbox 285 3070 544 3126; x_wconf 80' lang='lat' dir='ltr'><strong>Christus</strong></span> <span class='ocrx_word' id='word_1_274' title='bbox 608 3072 798 3142; x_wconf 85' lang='lat' dir='ltr'><strong>utique</strong></span> <span class='ocrx_word' id='word_1_275' title='bbox 850 3078 907 3125; x_wconf 89' lang='lat' dir='ltr'><strong>et</strong></span> <span class='ocrx_word' id='word_1_276' title='bbox 939 3066 1263 3125; x_wconf 80' lang='lat' dir='ltr'><strong>Christiani.</strong></span> <span class='ocrx_word' id='word_1_277' title='bbox 1333 3070 1591 3127; x_wconf 78' lang='lat' dir='ltr'><strong>Christus</strong></span> <span class='ocrx_word' id='word_1_278' title='bbox 1654 3067 1875 3141; x_wconf 78' lang='lat' dir='ltr'><strong>quidem</strong></span> 
     </span>
    </p>
   </div>
   <div class='ocr_carea' id='block_1_46' title="bbox 287 3161 1875 3234">
    <p class='ocr_par' dir='ltr' id='par_1_46' title="bbox 287 3161 1875 3234">
     <span class='ocr_line' id='line_1_47' title="bbox 287 3161 1875 3234; baseline 0.001 -18"><span class='ocrx_word' id='word_1_279' title='bbox 287 3163 416 3234; x_wconf 88' lang='lat' dir='ltr'><strong>quia</strong></span> <span class='ocrx_word' id='word_1_280' title='bbox 462 3164 748 3219; x_wconf 89' lang='lat' dir='ltr'><strong>divinitate</strong></span> <span class='ocrx_word' id='word_1_281' title='bbox 778 3164 935 3219; x_wconf 83' lang='lat' dir='ltr'><strong>unxit</strong></span> <span class='ocrx_word' id='word_1_282' title='bbox 986 3162 1381 3218; x_wconf 81' lang='lat' dir='ltr'><strong>humanitatem</strong></span> <span class='ocrx_word' id='word_1_283' title='bbox 1414 3204 1431 3229; x_wconf 91' lang='lat'><strong>,</strong></span> <span class='ocrx_word' id='word_1_284' title='bbox 1474 3177 1572 3233; x_wconf 86' lang='lat' dir='ltr'><strong>per</strong></span> <span class='ocrx_word' id='word_1_285' title='bbox 1615 3161 1875 3219; x_wconf 88' lang='lat' dir='ltr'><strong>unionem</strong></span> 
     </span>
    </p>
   </div>
   <div class='ocr_carea' id='block_1_47' title="bbox 290 3254 1876 3335">
    <p class='ocr_par' dir='ltr' id='par_1_47' title="bbox 290 3254 1876 3335">
     <span class='ocr_line' id='line_1_48' title="bbox 290 3254 1876 3335; baseline 0.003 -27"><span class='ocrx_word' id='word_1_286' title='bbox 290 3256 692 3326; x_wconf 87' lang='lat' dir='ltr'><strong>hypostaticam</strong></span> <span class='ocrx_word' id='word_1_287' title='bbox 757 3257 1050 3335; x_wconf 89' lang='lat' dir='ltr'><strong>utriusque</strong></span> <span class='ocrx_word' id='word_1_288' title='bbox 1130 3262 1340 3311; x_wconf 82' lang='lat' dir='ltr'><strong>naturae</strong></span> <span class='ocrx_word' id='word_1_289' title='bbox 1419 3256 1476 3311; x_wconf 90' lang='lat' dir='ltr'><strong>in</strong></span> <span class='ocrx_word' id='word_1_290' title='bbox 1557 3254 1876 3324; x_wconf 87' lang='lat' dir='ltr'><strong>semetipso.</strong></span> 
     </span>
    </p>
   </div>
   <div class='ocr_carea' id='block_1_48' title="bbox 287 3347 1881 3422">
    <p class='ocr_par' dir='ltr' id='par_1_48' title="bbox 287 3347 1881 3422">
     <span class='ocr_line' id='line_1_49' title="bbox 287 3347 1881 3422; baseline -0.001 -18"><span class='ocrx_word' id='word_1_291' title='bbox 287 3347 591 3404; x_wconf 86' lang='lat' dir='ltr'><strong>Christiani</strong></span> <span class='ocrx_word' id='word_1_292' title='bbox 667 3356 875 3416; x_wconf 91' lang='lat' dir='ltr'><strong>autem,</strong></span> <span class='ocrx_word' id='word_1_293' title='bbox 943 3350 1070 3421; x_wconf 89' lang='lat' dir='ltr'><strong>quia</strong></span> <span class='ocrx_word' id='word_1_294' title='bbox 1138 3350 1339 3407; x_wconf 84' lang='lat' dir='ltr'><strong>Christi</strong></span> <span class='ocrx_word' id='word_1_295' title='bbox 1399 3350 1695 3422; x_wconf 85' lang='lat' dir='ltr'><strong>participes</strong></span> <span class='ocrx_word' id='word_1_296' title='bbox 1758 3362 1881 3419; x_wconf 78' lang='lat' dir='ltr'><strong>gra-</strong></span> 
     </span>
    </p>
   </div>
   <div class='ocr_carea' id='block_1_49' title="bbox 289 3439 1878 3513">
    <p class='ocr_par' dir='ltr' id='par_1_49' title="bbox 289 3439 1878 3513">
     <span class='ocr_line' id='line_1_50' title="bbox 289 3439 1878 3513; baseline 0.001 -17"><span class='ocrx_word' id='word_1_297' title='bbox 289 3440 420 3496; x_wconf 88' lang='lat' dir='ltr'><strong>tiam</strong></span> <span class='ocrx_word' id='word_1_298' title='bbox 455 3439 695 3511; x_wconf 87' lang='lat' dir='ltr'><strong>Spiritus</strong></span> <span class='ocrx_word' id='word_1_299' title='bbox 739 3456 835 3513; x_wconf 90' lang='lat' dir='ltr'><strong>per</strong></span> <span class='ocrx_word' id='word_1_300' title='bbox 864 3457 989 3498; x_wconf 89' lang='lat' dir='ltr'><strong>eum</strong></span> <span class='ocrx_word' id='word_1_301' title='bbox 1027 3451 1361 3513; x_wconf 88' lang='lat' dir='ltr'><strong>acceperunt</strong></span> <span class='ocrx_word' id='word_1_302' title='bbox 1409 3451 1465 3499; x_wconf 86' lang='lat' dir='ltr'><strong>et</strong></span> <span class='ocrx_word' id='word_1_303' title='bbox 1504 3442 1597 3499; x_wconf 78' lang='lat' dir='ltr'><strong>tilii</strong></span> <span class='ocrx_word' id='word_1_304' title='bbox 1645 3442 1740 3499; x_wconf 85' lang='lat' dir='ltr'><strong>Dei</strong></span> <span class='ocrx_word' id='word_1_305' title='bbox 1769 3441 1878 3498; x_wconf 89' lang='lat' dir='ltr'><strong>Pa-</strong></span> 
     </span>
    </p>
   </div>
   <div class='ocr_carea' id='block_1_50' title="bbox 285 3531 1876 3607">
    <p class='ocr_par' dir='ltr' id='par_1_50' title="bbox 285 3531 1876 3607">
     <span class='ocr_line' id='line_1_51' title="bbox 285 3531 1876 3607; baseline 0.001 -19"><span class='ocrx_word' id='word_1_306' title='bbox 285 3532 390 3588; x_wconf 86' lang='lat' dir='ltr'><strong>tris</strong></span> <span class='ocrx_word' id='word_1_307' title='bbox 418 3542 548 3589; x_wconf 82' lang='lat' dir='ltr'><strong>sunt</strong></span> <span class='ocrx_word' id='word_1_308' title='bbox 577 3531 779 3590; x_wconf 75' lang='lat' dir='ltr'><strong>eﬂ‘eeti.</strong></span> <span class='ocrx_word' id='word_1_309' title='bbox 826 3532 1124 3591; x_wconf 87' lang='lat' dir='ltr'><strong>Sermones</strong></span> <span class='ocrx_word' id='word_1_310' title='bbox 1159 3535 1306 3591; x_wconf 90' lang='lat' dir='ltr'><strong>enim</strong></span> <span class='ocrx_word' id='word_1_311' title='bbox 1337 3537 1525 3591; x_wconf 87' lang='lat' dir='ltr'><strong>omnia</strong></span> <span class='ocrx_word' id='word_1_312' title='bbox 1556 3536 1720 3593; x_wconf 88' lang='lat' dir='ltr'><strong>verba</strong></span> <span class='ocrx_word' id='word_1_313' title='bbox 1754 3535 1876 3607; x_wconf 88' lang='lat' dir='ltr'><strong>Dei,</strong></span> 
     </span>
    </p>
   </div>
   <div class='ocr_carea' id='block_1_51' title="bbox 289 3625 1877 3700">
    <p class='ocr_par' dir='ltr' id='par_1_51' title="bbox 289 3625 1877 3700">
     <span class='ocr_line' id='line_1_52' title="bbox 289 3625 1877 3700; baseline 0.004 -22"><span class='ocrx_word' id='word_1_314' title='bbox 289 3625 457 3695; x_wconf 78' lang='lat' dir='ltr'><strong>ignita</strong></span> <span class='ocrx_word' id='word_1_315' title='bbox 499 3625 551 3680; x_wconf 91' lang='lat' dir='ltr'><strong>in</strong></span> <span class='ocrx_word' id='word_1_316' title='bbox 590 3625 715 3697; x_wconf 82' lang='lat' dir='ltr'><strong>igne</strong></span> <span class='ocrx_word' id='word_1_317' title='bbox 748 3627 1080 3697; x_wconf 79' lang='lat' dir='ltr'><strong>cognitionis</strong></span> <span class='ocrx_word' id='word_1_318' title='bbox 1125 3627 1218 3683; x_wconf 83' lang='lat' dir='ltr'><strong>Dei</strong></span> <span class='ocrx_word' id='word_1_319' title='bbox 1248 3642 1465 3683; x_wconf 90' lang='lat' dir='ltr'><strong>omnem</strong></span> <span class='ocrx_word' id='word_1_320' title='bbox 1512 3630 1877 3700; x_wconf 81' lang='lat' dir='ltr'><strong>ignorantiam</strong></span> 
     </span>
    </p>
   </div>
   <div class='ocr_carea' id='block_1_52' title="bbox 287 3716 1873 3788">
    <p class='ocr_par' dir='ltr' id='par_1_52' title="bbox 287 3716 1873 3788">
     <span class='ocr_line' id='line_1_53' title="bbox 287 3716 1873 3788; baseline 0.006 -23"><span class='ocrx_word' id='word_1_321' title='bbox 287 3725 342 3770; x_wconf 79' lang='grc' dir='ltr'><strong>ρι</strong></span> <span class='ocrx_word' id='word_1_322' title='bbox 402 3716 726 3787; x_wconf 85' lang='lat' dir='ltr'><strong>pravitatem</strong></span> <span class='ocrx_word' id='word_1_323' title='bbox 808 3719 1180 3773; x_wconf 89' lang='lat' dir='ltr'><strong>consumenti.</strong></span> <span class='ocrx_word' id='word_1_324' title='bbox 1246 3717 1352 3785; x_wconf 83' lang='lat' dir='ltr'><strong>Qui</strong></span> <span class='ocrx_word' id='word_1_325' title='bbox 1417 3719 1506 3776; x_wconf 88' lang='lat' dir='ltr'><strong>his</strong></span> <span class='ocrx_word' id='word_1_326' title='bbox 1534 3720 1873 3788; x_wconf 88' lang='lat' dir='ltr'><strong>detinentur,</strong></span> 
     </span>
    </p>
   </div>
   <div class='ocr_carea' id='block_1_53' title="bbox 289 3808 1402 3878">
    <p class='ocr_par' dir='ltr' id='par_1_53' title="bbox 289 3808 1402 3878">
     <span class='ocr_line' id='line_1_54' title="bbox 289 3808 1402 3878; baseline 0.004 -18"><span class='ocrx_word' id='word_1_327' title='bbox 289 3808 391 3863; x_wconf 90' lang='lat' dir='ltr'><strong>hos</strong></span> <span class='ocrx_word' id='word_1_328' title='bbox 429 3822 712 3862; x_wconf 86' lang='lat' dir='ltr'><strong>sermones</strong></span> <span class='ocrx_word' id='word_1_329' title='bbox 747 3814 976 3878; x_wconf 80' lang='lat' dir='ltr'><strong>tangere</strong></span> <span class='ocrx_word' id='word_1_330' title='bbox 1001 3823 1111 3864; x_wconf 88' lang='lat' dir='ltr'><strong>non</strong></span> <span class='ocrx_word' id='word_1_331' title='bbox 1152 3819 1402 3878; x_wconf 76' lang='lat' dir='ltr'><strong>possunt.</strong></span> 
     </span>
    </p>
   </div>
   <div class='ocr_carea' id='block_1_54' title="bbox 360 3896 1873 3973">
    <p class='ocr_par' dir='ltr' id='par_1_54' title="bbox 360 3896 1873 3973">
     <span class='ocr_line' id='line_1_55' title="bbox 360 3896 1873 3973; baseline 0.005 -23"><span class='ocrx_word' id='word_1_332' title='bbox 360 3896 600 3969; x_wconf 86' lang='lat' dir='ltr'><strong>Protegit</strong></span> <span class='ocrx_word' id='word_1_333' title='bbox 643 3907 820 3953; x_wconf 85' lang='lat' dir='ltr'><strong>autem</strong></span> <span class='ocrx_word' id='word_1_334' title='bbox 888 3901 1001 3968; x_wconf 87' lang='lat' dir='ltr'><strong>ipse</strong></span> <span class='ocrx_word' id='word_1_335' title='bbox 1058 3916 1147 3954; x_wconf 88' lang='lat' dir='ltr'><strong>eos</strong></span> <span class='ocrx_word' id='word_1_336' title='bbox 1176 3901 1266 3970; x_wconf 84' lang='lat' dir='ltr'><strong>qui</strong></span> <span class='ocrx_word' id='word_1_337' title='bbox 1322 3910 1622 3957; x_wconf 76' lang='lat' dir='ltr'><strong>reverentur</strong></span> <span class='ocrx_word' id='word_1_338' title='bbox 1678 3903 1873 3973; x_wconf 85' lang='lat' dir='ltr'><strong>ipsum,</strong></span> 
     </span>
    </p>
   </div>
   <div class='ocr_carea' id='block_1_55' title="bbox 289 3986 1875 4067">
    <p class='ocr_par' dir='ltr' id='par_1_55' title="bbox 289 3986 1875 4067">
     <span class='ocr_line' id='line_1_56' title="bbox 289 3986 1875 4067; baseline 0.008 -28"><span class='ocrx_word' id='word_1_339' title='bbox 289 3986 410 4057; x_wconf 89' lang='lat' dir='ltr'><strong>Ipse</strong></span> <span class='ocrx_word' id='word_1_340' title='bbox 463 3988 792 4047; x_wconf 89' lang='lat' dir='ltr'><strong>timentibus</strong></span> <span class='ocrx_word' id='word_1_341' title='bbox 824 4005 886 4047; x_wconf 92' lang='lat' dir='ltr'><strong>se</strong></span> <span class='ocrx_word' id='word_1_342' title='bbox 917 3999 1140 4062; x_wconf 62' lang='lat' dir='ltr'><strong>praestat</strong></span> <span class='ocrx_word' id='word_1_343' title='bbox 1170 3991 1437 4049; x_wconf 81' lang='lat' dir='ltr'><strong>auxilium</strong></span> <span class='ocrx_word' id='word_1_344' title='bbox 1467 4003 1662 4051; x_wconf 87' lang='lat' dir='ltr'><strong>contra</strong></span> <span class='ocrx_word' id='word_1_345' title='bbox 1697 4009 1875 4067; x_wconf 83' lang='lat' dir='ltr'><strong>oppu-</strong></span> 
     </span>
    </p>
   </div>
   <div class='ocr_carea' id='block_1_56' title="bbox 288 4090 679 4149">
    <p class='ocr_par' dir='ltr' id='par_1_56' title="bbox 288 4090 679 4149">
     <span class='ocr_line' id='line_1_57' title="bbox 288 4090 679 4149; baseline 0.008 -16"><span class='ocrx_word' id='word_1_346' title='bbox 288 4090 525 4149; x_wconf 81' lang='lat' dir='ltr'><strong>gnanles</strong></span> <span class='ocrx_word' id='word_1_347' title='bbox 563 4095 679 4138; x_wconf 89' lang='lat' dir='ltr'><strong>eos.</strong></span> 
     </span>
    </p>
   </div>
   <div class='ocr_carea' id='block_1_57' title="bbox 359 4192 1877 4274">
    <p class='ocr_par' dir='ltr' id='par_1_57' title="bbox 359 4192 1877 4274">
     <span class='ocr_line' id='line_1_58' title="bbox 359 4192 1877 4274; baseline 0.008 -27"><span class='ocrx_word' id='word_1_348' title='bbox 359 4192 527 4273; x_wconf 74' lang='lat' dir='ltr'><strong>Vens.</strong></span> <span class='ocrx_word' id='word_1_349' title='bbox 570 4192 621 4249; x_wconf 87' lang='lat'><strong>6.</strong></span> <span class='ocrx_word' id='word_1_350' title='bbox 668 4192 751 4249; x_wconf 88' lang='lat' dir='ltr'><strong>Ne</strong></span> <span class='ocrx_word' id='word_1_351' title='bbox 781 4195 953 4253; x_wconf 89' lang='lat' dir='ltr'><strong>addas</strong></span> <span class='ocrx_word' id='word_1_352' title='bbox 1000 4199 1171 4254; x_wconf 81' lang='lat' dir='ltr'><strong>verbis</strong></span> <span class='ocrx_word' id='word_1_353' title='bbox 1202 4199 1340 4270; x_wconf 87' lang='lat' dir='ltr'><strong>ejus,</strong></span> <span class='ocrx_word' id='word_1_354' title='bbox 1373 4209 1434 4255; x_wconf 87' lang='lat' dir='ltr'><strong>ut</strong></span> <span class='ocrx_word' id='word_1_355' title='bbox 1472 4217 1578 4257; x_wconf 91' lang='lat' dir='ltr'><strong>non</strong></span> <span class='ocrx_word' id='word_1_356' title='bbox 1608 4211 1800 4274; x_wconf 85' lang='lat' dir='ltr'><strong>arguat</strong></span> <span class='ocrx_word' id='word_1_357' title='bbox 1829 4211 1877 4260; x_wconf 88' lang='lat' dir='ltr'><strong>te</strong></span> 
     </span>
    </p>
   </div>
   <div class='ocr_carea' id='block_1_58' title="bbox 285 4288 1875 4366">
    <p class='ocr_par' dir='ltr' id='par_1_58' title="bbox 285 4288 1875 4366">
     <span class='ocr_line' id='line_1_59' title="bbox 285 4288 1875 4366; baseline 0.007 -23"><span class='ocrx_word' id='word_1_358' title='bbox 285 4296 334 4343; x_wconf 84' lang='lat' dir='ltr'><strong>et</strong></span> <span class='ocrx_word' id='word_1_359' title='bbox 353 4288 455 4358; x_wconf 76' lang='lat' dir='ltr'><strong>[ias</strong></span> <span class='ocrx_word' id='word_1_360' title='bbox 490 4288 742 4345; x_wconf 70' lang='lat' dir='ltr'><strong>mendax.</strong></span> <span class='ocrx_word' id='word_1_361' title='bbox 777 4288 901 4345; x_wconf 92' lang='lat' dir='ltr'><strong>Noli</strong></span> <span class='ocrx_word' id='word_1_362' title='bbox 930 4291 1232 4363; x_wconf 89' lang='lat' dir='ltr'><strong>quidquam</strong></span> <span class='ocrx_word' id='word_1_363' title='bbox 1284 4294 1529 4366; x_wconf 83' lang='lat' dir='ltr'><strong>cogitare</strong></span> <span class='ocrx_word' id='word_1_364' title='bbox 1582 4303 1784 4366; x_wconf 61' lang='lat' dir='ltr'><strong>praeter</strong></span> <span class='ocrx_word' id='word_1_365' title='bbox 1809 4312 1875 4354; x_wconf 88' lang='lat' dir='ltr'><strong>ea</strong></span> 
     </span>
    </p>
   </div>
   <div class='ocr_carea' id='block_1_59' title="bbox 284 4380 1877 4456">
    <p class='ocr_par' dir='ltr' id='par_1_59' title="bbox 284 4380 1877 4456">
     <span class='ocr_line' id='line_1_60' title="bbox 284 4380 1877 4456; baseline 0.007 -20"><span class='ocrx_word' id='word_1_366' title='bbox 284 4396 408 4453; x_wconf 84' lang='lat' dir='ltr'><strong>quae</strong></span> <span class='ocrx_word' id='word_1_367' title='bbox 438 4391 491 4438; x_wconf 90' lang='lat' dir='ltr'><strong>te</strong></span> <span class='ocrx_word' id='word_1_368' title='bbox 524 4380 713 4438; x_wconf 87' lang='lat' dir='ltr'><strong>docuit</strong></span> <span class='ocrx_word' id='word_1_369' title='bbox 736 4423 752 4448; x_wconf 91' lang='lat'><strong>,</strong></span> <span class='ocrx_word' id='word_1_370' title='bbox 808 4398 879 4439; x_wconf 88' lang='lat' dir='ltr'><strong>ne</strong></span> <span class='ocrx_word' id='word_1_371' title='bbox 913 4383 1033 4455; x_wconf 80' lang='lat' dir='ltr'><strong>ipse</strong></span> <span class='ocrx_word' id='word_1_372' title='bbox 1064 4383 1156 4456; x_wconf 92' lang='lat' dir='ltr'><strong>qui</strong></span> <span class='ocrx_word' id='word_1_373' title='bbox 1205 4385 1410 4443; x_wconf 87' lang='lat' dir='ltr'><strong>veritas</strong></span> <span class='ocrx_word' id='word_1_374' title='bbox 1469 4395 1576 4455; x_wconf 88' lang='lat' dir='ltr'><strong>est,</strong></span> <span class='ocrx_word' id='word_1_375' title='bbox 1603 4388 1877 4447; x_wconf 88' lang='lat' dir='ltr'><strong>mendacii</strong></span> 
     </span>
    </p>
   </div>
   <div class='ocr_carea' id='block_1_60' title="bbox 284 4475 1874 4558">
    <p class='ocr_par' dir='ltr' id='par_1_60' title="bbox 284 4475 1874 4558">
     <span class='ocr_line' id='line_1_61' title="bbox 284 4475 1874 4558; baseline 0.008 -32"><span class='ocrx_word' id='word_1_376' title='bbox 284 4481 342 4527; x_wconf 90' lang='lat' dir='ltr'><strong>te</strong></span> <span class='ocrx_word' id='word_1_377' title='bbox 381 4482 601 4544; x_wconf 82' lang='lat' dir='ltr'><strong>arguat,</strong></span> <span class='ocrx_word' id='word_1_378' title='bbox 634 4481 825 4545; x_wconf 89' lang='lat' dir='ltr'><strong>utpote</strong></span> <span class='ocrx_word' id='word_1_379' title='bbox 859 4489 888 4528; x_wconf 90' lang='lat' dir='ltr'><strong>a</strong></span> <span class='ocrx_word' id='word_1_380' title='bbox 925 4475 1296 4558; x_wconf 84' lang='lat' dir='ltr'><strong>veritateipsa</strong></span> <span class='ocrx_word' id='word_1_381' title='bbox 1319 4478 1681 4538; x_wconf 79' lang='lat' dir='ltr'><strong>excidentem.</strong></span> <span class='ocrx_word' id='word_1_382' title='bbox 1716 4479 1874 4539; x_wconf 89' lang='lat' dir='ltr'><strong>Illum</strong></span> 
     </span>
    </p>
   </div>
   <div class='ocr_carea' id='block_1_61' title="bbox 288 4565 1023 4637">
    <p class='ocr_par' dir='ltr' id='par_1_61' title="bbox 288 4565 1023 4637">
     <span class='ocr_line' id='line_1_62' title="bbox 288 4565 1023 4637; baseline 0.004 -19"><span class='ocrx_word' id='word_1_383' title='bbox 288 4573 469 4635; x_wconf 81' lang='lat' dir='ltr'><strong>autem</strong></span> <span class='ocrx_word' id='word_1_384' title='bbox 493 4567 797 4637; x_wconf 86' lang='lat' dir='ltr'><strong>deprecans</strong></span> <span class='ocrx_word' id='word_1_385' title='bbox 823 4565 976 4623; x_wconf 85' lang='lat' dir='ltr'><strong>addit</strong></span> <span class='ocrx_word' id='word_1_386' title='bbox 1009 4585 1023 4621; x_wconf 93' lang='lat'><strong>:</strong></span> 
     </span>
    </p>
   </div>
   <div class='ocr_carea' id='block_1_62' title="bbox 359 4781 1875 4863">
    <p class='ocr_par' dir='ltr' id='par_1_62' title="bbox 359 4781 1875 4863">
     <span class='ocr_line' id='line_1_63' title="bbox 359 4781 1875 4863; baseline 0.009 -25"><span class='ocrx_word' id='word_1_387' title='bbox 359 4781 527 4841; x_wconf 70' lang='lat' dir='ltr'><strong>Vens.</strong></span> <span class='ocrx_word' id='word_1_388' title='bbox 562 4784 613 4841; x_wconf 87' lang='lat'><strong>7.</strong></span> <span class='ocrx_word' id='word_1_389' title='bbox 650 4783 769 4840; x_wconf 86' lang='lat' dir='ltr'><strong>Duo</strong></span> <span class='ocrx_word' id='word_1_390' title='bbox 796 4797 915 4855; x_wconf 82' lang='lat' dir='ltr'><strong>peto</strong></span> <span class='ocrx_word' id='word_1_391' title='bbox 943 4794 1070 4858; x_wconf 85' lang='lat' dir='ltr'><strong>ate,</strong></span> <span class='ocrx_word' id='word_1_392' title='bbox 1103 4804 1168 4845; x_wconf 86' lang='lat' dir='ltr'><strong>ne</strong></span> <span class='ocrx_word' id='word_1_393' title='bbox 1191 4791 1411 4861; x_wconf 78' lang='lat' dir='ltr'><strong>auferas</strong></span> <span class='ocrx_word' id='word_1_394' title='bbox 1447 4806 1595 4848; x_wconf 76' lang='lat' dir='ltr'><strong>a&#39;me</strong></span> <span class='ocrx_word' id='word_1_395' title='bbox 1642 4794 1875 4863; x_wconf 84' lang='lat' dir='ltr'><strong>gratiam</strong></span> 
     </span>
    </p>
   </div>
   <div class='ocr_carea' id='block_1_63' title="bbox 286 4878 1875 4957">
    <p class='ocr_par' dir='ltr' id='par_1_63' title="bbox 286 4878 1875 4957">
     <span class='ocr_line' id='line_1_64' title="bbox 286 4878 1875 4957; baseline 0.007 -26"><span class='ocrx_word' id='word_1_396' title='bbox 286 4885 568 4950; x_wconf 72' lang='lat' dir='ltr'><strong>antequam</strong></span> <span class='ocrx_word' id='word_1_397' title='bbox 600 4893 696 4948; x_wconf 90' lang='lat' dir='ltr'><strong>ego</strong></span> <span class='ocrx_word' id='word_1_398' title='bbox 725 4880 946 4935; x_wconf 87' lang='lat' dir='ltr'><strong>moriar.</strong></span> <span class='ocrx_word' id='word_1_399' title='bbox 994 4878 1121 4936; x_wconf 86' lang='lat' dir='ltr'><strong>Duo</strong></span> <span class='ocrx_word' id='word_1_400' title='bbox 1152 4883 1267 4939; x_wconf 61' lang='lat' dir='ltr'><strong>haec</strong></span> <span class='ocrx_word' id='word_1_401' title='bbox 1312 4898 1343 4938; x_wconf 89' lang='lat' dir='ltr'><strong>a</strong></span> <span class='ocrx_word' id='word_1_402' title='bbox 1371 4894 1424 4940; x_wconf 88' lang='lat' dir='ltr'><strong>te</strong></span> <span class='ocrx_word' id='word_1_403' title='bbox 1465 4886 1712 4957; x_wconf 85' lang='lat' dir='ltr'><strong>recipere</strong></span> <span class='ocrx_word' id='word_1_404' title='bbox 1775 4901 1875 4943; x_wconf 85' lang='lat' dir='ltr'><strong>cu-</strong></span> 
     </span>
    </p>
   </div>
   <div class='ocr_carea' id='block_1_64' title="bbox 285 4970 1878 5046">
    <p class='ocr_par' dir='ltr' id='par_1_64' title="bbox 285 4970 1878 5046">
     <span class='ocr_line' id='line_1_65' title="bbox 285 4970 1878 5046; baseline 0.006 -19"><span class='ocrx_word' id='word_1_405' title='bbox 285 4971 378 5040; x_wconf 89' lang='lat' dir='ltr'><strong>pio</strong></span> <span class='ocrx_word' id='word_1_406' title='bbox 401 5013 419 5039; x_wconf 96' lang='lat'><strong>,</strong></span> <span class='ocrx_word' id='word_1_407' title='bbox 447 4970 689 5029; x_wconf 79' lang='lat' dir='ltr'><strong>Verbum</strong></span> <span class='ocrx_word' id='word_1_408' title='bbox 751 4970 870 5039; x_wconf 87' lang='lat' dir='ltr'><strong>Dei,</strong></span> <span class='ocrx_word' id='word_1_409' title='bbox 903 4973 1147 5045; x_wconf 80' lang='lat' dir='ltr'><strong>Spiritus</strong></span> <span class='ocrx_word' id='word_1_410' title='bbox 1209 4976 1389 5032; x_wconf 87' lang='lat' dir='ltr'><strong>sancti</strong></span> <span class='ocrx_word' id='word_1_411' title='bbox 1427 4977 1656 5046; x_wconf 90' lang='lat' dir='ltr'><strong>donum,</strong></span> <span class='ocrx_word' id='word_1_412' title='bbox 1691 4981 1878 5037; x_wconf 87' lang='lat' dir='ltr'><strong>lumen</strong></span> 
     </span>
    </p>
   </div>
   <div class='ocr_carea' id='block_1_65' title="bbox 287 5064 1877 5144">
    <p class='ocr_par' dir='ltr' id='par_1_65' title="bbox 287 5064 1877 5144">
     <span class='ocr_line' id='line_1_66' title="bbox 287 5064 1877 5144; baseline 0.006 -22"><span class='ocrx_word' id='word_1_413' title='bbox 287 5064 703 5132; x_wconf 82' lang='lat' dir='ltr'><strong>intellectuale,</strong></span> <span class='ocrx_word' id='word_1_414' title='bbox 737 5065 883 5137; x_wconf 89' lang='lat' dir='ltr'><strong>quod</strong></span> <span class='ocrx_word' id='word_1_415' title='bbox 935 5067 1311 5137; x_wconf 87' lang='lat' dir='ltr'><strong>speculativas</strong></span> <span class='ocrx_word' id='word_1_416' title='bbox 1353 5068 1552 5126; x_wconf 70' lang='lat' dir='ltr'><strong>anima:</strong></span> <span class='ocrx_word' id='word_1_417' title='bbox 1594 5086 1734 5128; x_wconf 58' lang='lat' dir='ltr'><strong>mea:</strong></span> <span class='ocrx_word' id='word_1_418' title='bbox 1774 5087 1877 5144; x_wconf 86' lang='lat' dir='ltr'><strong>po-</strong></span> 
     </span>
    </p>
   </div>
   <div class='ocr_carea' id='block_1_66' title="bbox 285 5158 1873 5233">
    <p class='ocr_par' dir='ltr' id='par_1_66' title="bbox 285 5158 1873 5233">
     <span class='ocr_line' id='line_1_67' title="bbox 285 5158 1873 5233; baseline 0.006 -20"><span class='ocrx_word' id='word_1_419' title='bbox 285 5160 487 5216; x_wconf 89' lang='lat' dir='ltr'><strong>tentias</strong></span> <span class='ocrx_word' id='word_1_420' title='bbox 519 5200 535 5227; x_wconf 93' lang='lat'><strong>,</strong></span> <span class='ocrx_word' id='word_1_421' title='bbox 570 5158 914 5216; x_wconf 80' lang='lat' dir='ltr'><strong>intellectum</strong></span> <span class='ocrx_word' id='word_1_422' title='bbox 942 5159 1155 5218; x_wconf 87' lang='lat' dir='ltr'><strong>scilicet</strong></span> <span class='ocrx_word' id='word_1_423' title='bbox 1199 5176 1267 5217; x_wconf 87' lang='lat' dir='ltr'><strong>ac</strong></span> <span class='ocrx_word' id='word_1_424' title='bbox 1301 5170 1541 5219; x_wconf 80' lang='lat' dir='ltr'><strong>mentem</strong></span> <span class='ocrx_word' id='word_1_425' title='bbox 1573 5164 1873 5233; x_wconf 87' lang='lat' dir='ltr'><strong>illuminat,</strong></span> 
     </span>
    </p>
   </div>
   <div class='ocr_carea' id='block_1_67' title="bbox 287 5247 1734 5327">
    <p class='ocr_par' dir='ltr' id='par_1_67' title="bbox 287 5247 1734 5327">
     <span class='ocr_line' id='line_1_68' title="bbox 287 5247 1734 5327; baseline 0.007 -25"><span class='ocrx_word' id='word_1_426' title='bbox 287 5262 358 5302; x_wconf 89' lang='lat' dir='ltr'><strong>ne</strong></span> <span class='ocrx_word' id='word_1_427' title='bbox 379 5247 601 5305; x_wconf 87' lang='lat' dir='ltr'><strong>auferas</strong></span> <span class='ocrx_word' id='word_1_428' title='bbox 638 5264 667 5305; x_wconf 88' lang='lat' dir='ltr'><strong>a</strong></span> <span class='ocrx_word' id='word_1_429' title='bbox 704 5264 790 5306; x_wconf 85' lang='lat' dir='ltr'><strong>me</strong></span> <span class='ocrx_word' id='word_1_430' title='bbox 820 5265 920 5319; x_wconf 85' lang='lat' dir='ltr'><strong>per</strong></span> <span class='ocrx_word' id='word_1_431' title='bbox 951 5250 1124 5308; x_wconf 85' lang='lat' dir='ltr'><strong>totius</strong></span> <span class='ocrx_word' id='word_1_432' title='bbox 1164 5253 1293 5309; x_wconf 58' lang='lat' dir='ltr'><strong>vitae</strong></span> <span class='ocrx_word' id='word_1_433' title='bbox 1333 5268 1474 5310; x_wconf 74' lang='lat' dir='ltr'><strong>meae</strong></span> <span class='ocrx_word' id='word_1_434' title='bbox 1500 5264 1734 5327; x_wconf 88' lang='lat' dir='ltr'><strong>tempus.</strong></span> 
     </span>
    </p>
   </div>
   <div class='ocr_carea' id='block_1_68' title="bbox 356 5360 1878 5443">
    <p class='ocr_par' dir='ltr' id='par_1_68' title="bbox 356 5360 1878 5443">
     <span class='ocr_line' id='line_1_69' title="bbox 356 5360 1878 5443; baseline 0.009 -28"><span class='ocrx_word' id='word_1_435' title='bbox 356 5360 528 5418; x_wconf 70' lang='lat' dir='ltr'><strong>Vens.</strong></span> <span class='ocrx_word' id='word_1_436' title='bbox 562 5363 616 5419; x_wconf 90' lang='lat'><strong>8.</strong></span> <span class='ocrx_word' id='word_1_437' title='bbox 664 5363 888 5419; x_wconf 85' lang='lat' dir='ltr'><strong>Verbum</strong></span> <span class='ocrx_word' id='word_1_438' title='bbox 936 5382 1126 5421; x_wconf 77' lang='lat' dir='ltr'><strong>vanum</strong></span> <span class='ocrx_word' id='word_1_439' title='bbox 1154 5377 1204 5423; x_wconf 86' lang='lat' dir='ltr'><strong>et</strong></span> <span class='ocrx_word' id='word_1_440' title='bbox 1234 5370 1479 5425; x_wconf 74' lang='lat' dir='ltr'><strong>mendax.</strong></span> <span class='ocrx_word' id='word_1_441' title='bbox 1508 5369 1659 5441; x_wconf 87' lang='lat' dir='ltr'><strong>longe</strong></span> <span class='ocrx_word' id='word_1_442' title='bbox 1702 5372 1791 5443; x_wconf 78' lang='lat' dir='ltr'><strong>[ac</strong></span> <span class='ocrx_word' id='word_1_443' title='bbox 1844 5391 1878 5428; x_wconf 87' lang='lat' dir='ltr'><strong>a</strong></span> 
     </span>
    </p>
   </div>
   <div class='ocr_carea' id='block_1_69' title="bbox 288 5452 1879 5535">
    <p class='ocr_par' dir='ltr' id='par_1_69' title="bbox 288 5452 1879 5535">
     <span class='ocr_line' id='line_1_70' title="bbox 288 5452 1879 5535; baseline 0.009 -28"><span class='ocrx_word' id='word_1_444' title='bbox 288 5471 387 5510; x_wconf 85' lang='lat' dir='ltr'><strong>me.</strong></span> <span class='ocrx_word' id='word_1_445' title='bbox 459 5452 567 5509; x_wconf 91' lang='lat' dir='ltr'><strong>Sed</strong></span> <span class='ocrx_word' id='word_1_446' title='bbox 629 5456 787 5527; x_wconf 85' lang='lat' dir='ltr'><strong>quasi</strong></span> <span class='ocrx_word' id='word_1_447' title='bbox 852 5458 906 5513; x_wconf 91' lang='lat' dir='ltr'><strong>in</strong></span> <span class='ocrx_word' id='word_1_448' title='bbox 971 5458 1095 5535; x_wconf 79' lang='lat' dir='ltr'><strong>luce</strong></span> <span class='ocrx_word' id='word_1_449' title='bbox 1153 5460 1495 5534; x_wconf 84' lang='lat' dir='ltr'><strong>redarguens</strong></span> <span class='ocrx_word' id='word_1_450' title='bbox 1529 5463 1777 5520; x_wconf 87' lang='lat' dir='ltr'><strong>inutilem</strong></span> <span class='ocrx_word' id='word_1_451' title='bbox 1825 5474 1879 5521; x_wconf 89' lang='lat' dir='ltr'><strong>et</strong></span> 
     </span>
    </p>
   </div>
   <div class='ocr_carea' id='block_1_70' title="bbox 288 5544 1874 5623">
    <p class='ocr_par' dir='ltr' id='par_1_70' title="bbox 288 5544 1874 5623">
     <span class='ocr_line' id='line_1_71' title="bbox 288 5544 1874 5623; baseline 0.008 -24"><span class='ocrx_word' id='word_1_452' title='bbox 288 5544 611 5601; x_wconf 88' lang='lat' dir='ltr'><strong>mendacem</strong></span> <span class='ocrx_word' id='word_1_453' title='bbox 640 5560 708 5601; x_wconf 81' lang='lat' dir='ltr'><strong>ex</strong></span> <span class='ocrx_word' id='word_1_454' title='bbox 767 5549 1127 5620; x_wconf 85' lang='lat' dir='ltr'><strong>suggestione</strong></span> <span class='ocrx_word' id='word_1_455' title='bbox 1159 5553 1290 5608; x_wconf 87' lang='lat' dir='ltr'><strong>mali</strong></span> <span class='ocrx_word' id='word_1_456' title='bbox 1341 5554 1821 5613; x_wconf 79' lang='lat' dir='ltr'><strong>ratiocinationem</strong></span> <span class='ocrx_word' id='word_1_457' title='bbox 1858 5596 1874 5623; x_wconf 92' lang='lat'><strong>,</strong></span> 
     </span>
    </p>
   </div>
   <div class='ocr_carea' id='block_1_71' title="bbox 291 5635 921 5707">
    <p class='ocr_par' dir='ltr' id='par_1_71' title="bbox 291 5635 921 5707">
     <span class='ocr_line' id='line_1_72' title="bbox 291 5635 921 5707; baseline 0.005 -17"><span class='ocrx_word' id='word_1_458' title='bbox 291 5649 409 5691; x_wconf 85' lang='lat' dir='ltr'><strong>eam</strong></span> <span class='ocrx_word' id='word_1_459' title='bbox 443 5635 604 5707; x_wconf 85' lang='lat' dir='ltr'><strong>longe</strong></span> <span class='ocrx_word' id='word_1_460' title='bbox 639 5638 723 5692; x_wconf 82' lang='lat' dir='ltr'><strong>fac</strong></span> <span class='ocrx_word' id='word_1_461' title='bbox 754 5652 781 5691; x_wconf 91' lang='lat' dir='ltr'><strong>a</strong></span> <span class='ocrx_word' id='word_1_462' title='bbox 815 5654 921 5694; x_wconf 90' lang='lat' dir='ltr'><strong>mc.</strong></span> 
     </span>
    </p>
   </div>
   <div class='ocr_carea' id='block_1_72' title="bbox 369 5746 1873 5820">
    <p class='ocr_par' dir='ltr' id='par_1_72' title="bbox 369 5746 1873 5820">
     <span class='ocr_line' id='line_1_73' title="bbox 369 5746 1873 5820; baseline 0.015 -24"><span class='ocrx_word' id='word_1_463' title='bbox 369 5746 591 5803; x_wconf 70' lang='lat' dir='ltr'><strong>Divitias</strong></span> <span class='ocrx_word' id='word_1_464' title='bbox 641 5758 817 5805; x_wconf 86' lang='lat' dir='ltr'><strong>autem</strong></span> <span class='ocrx_word' id='word_1_465' title='bbox 842 5760 889 5805; x_wconf 89' lang='lat' dir='ltr'><strong>et</strong></span> <span class='ocrx_word' id='word_1_466' title='bbox 920 5763 1285 5820; x_wconf 85' lang='lat' dir='ltr'><strong>paupertatem</strong></span> <span class='ocrx_word' id='word_1_467' title='bbox 1330 5775 1393 5813; x_wconf 83' lang='lat' dir='ltr'><strong>ne</strong></span> <span class='ocrx_word' id='word_1_468' title='bbox 1459 5760 1667 5816; x_wconf 84' lang='lat' dir='ltr'><strong>dederis</strong></span> <span class='ocrx_word' id='word_1_469' title='bbox 1723 5765 1873 5819; x_wconf 80' lang='lat' dir='ltr'><strong>mihi.</strong></span> 
     </span>
    </p>
   </div>
   <div class='ocr_carea' id='block_1_73' title="bbox 294 5827 1866 5917">
    <p class='ocr_par' dir='ltr' id='par_1_73' title="bbox 294 5827 1866 5917">
     <span class='ocr_line' id='line_1_74' title="bbox 294 5827 1866 5917; baseline 0.014 -30"><span class='ocrx_word' id='word_1_470' title='bbox 294 5832 369 5888; x_wconf 71' lang='lat' dir='ltr'><strong>Nu</strong></span> <span class='ocrx_word' id='word_1_471' title='bbox 407 5837 679 5895; x_wconf 63' lang='lat' dir='ltr'><strong>concedas</strong></span> <span class='ocrx_word' id='word_1_472' title='bbox 711 5828 883 5894; x_wconf 77' lang='lat' dir='ltr'><strong>lilsero</strong></span> <span class='ocrx_word' id='word_1_473' title='bbox 927 5856 1048 5896; x_wconf 86' lang='lat' dir='ltr'><strong>meo</strong></span> <span class='ocrx_word' id='word_1_474' title='bbox 1086 5845 1344 5917; x_wconf 78' lang='lat' dir='ltr'><strong>arbitrio</strong></span> <span class='ocrx_word' id='word_1_475' title='bbox 1375 5888 1389 5917; x_wconf 90' lang='lat'><strong>,</strong></span> <span class='ocrx_word' id='word_1_476' title='bbox 1442 5851 1561 5907; x_wconf 88' lang='lat' dir='ltr'><strong>sive</strong></span> <span class='ocrx_word' id='word_1_477' title='bbox 1594 5827 1866 5911; x_wconf 76' lang='lat' dir='ltr'><strong>inutiliter</strong></span> 
     </span>
    </p>
   </div>
   <div class='ocr_carea' id='block_1_74' title="bbox 1979 1974 3581 2050">
    <p class='ocr_par' dir='ltr' id='par_1_74' title="bbox 1979 1974 3581 2050">
     <span class='ocr_line' id='line_1_75' title="bbox 1979 1974 3581 2050; baseline -0.002 -18"><span class='ocrx_word' id='word_1_478' title='bbox 1979 1976 2176 2050; x_wconf 85' lang='grc' dir='ltr'>σαρκί·</span> <span class='ocrx_word' id='word_1_479' title='bbox 2227 1976 2308 2049; x_wconf 81' lang='grc' dir='ltr'>τῷ</span> <span class='ocrx_word' id='word_1_480' title='bbox 2365 1979 2489 2032; x_wconf 75' lang='grc' dir='ltr'>κατ’</span> <span class='ocrx_word' id='word_1_481' title='bbox 2547 1975 2723 2048; x_wconf 75' lang='grc' dir='ltr'>αὐτὴν</span> <span class='ocrx_word' id='word_1_482' title='bbox 2758 1976 2860 2050; x_wconf 86' lang='grc' dir='ltr'>τῆς</span> <span class='ocrx_word' id='word_1_483' title='bbox 2909 1974 3233 2049; x_wconf 88' lang='grc' dir='ltr'>οἰκονομίας</span> <span class='ocrx_word' id='word_1_484' title='bbox 3285 1974 3581 2046; x_wconf 77' lang='grc' dir='ltr'><strong>μυστηρίῳ</strong></span> 
     </span>
    </p>
   </div>
   <div class='ocr_carea' id='block_1_75' title="bbox 1976 2069 2560 2144">
    <p class='ocr_par' dir='ltr' id='par_1_75' title="bbox 1976 2069 2560 2144">
     <span class='ocr_line' id='line_1_76' title="bbox 1976 2069 2560 2144; baseline 0.002 -20"><span class='ocrx_word' id='word_1_485' title='bbox 1976 2071 2187 2136; x_wconf 80' lang='grc' dir='ltr'><strong>πάντας</strong></span> <span class='ocrx_word' id='word_1_486' title='bbox 2223 2088 2293 2127; x_wconf 88' lang='grc' dir='ltr'><strong>πε</strong></span> <span class='ocrx_word' id='word_1_487' title='bbox 2300 2069 2560 2144; x_wconf 82' lang='grc' dir='ltr'>ριλασών.</span> 
     </span>
    </p>
   </div>
   <div class='ocr_carea' id='block_1_76' title="bbox 2053 2155 3579 2233">
    <p class='ocr_par' dir='ltr' id='par_1_76' title="bbox 2053 2155 3579 2233">
     <span class='ocr_line' id='line_1_77' title="bbox 2053 2155 3579 2233; baseline -0.006 -14"><span class='ocrx_word' id='word_1_488' title='bbox 2053 2164 2147 2231; x_wconf 81' lang='grc' dir='ltr'>Τίς</span> <span class='ocrx_word' id='word_1_489' title='bbox 2178 2161 2481 2233; x_wconf 81' lang='grc' dir='ltr'>ἐκράτησε</span> <span class='ocrx_word' id='word_1_490' title='bbox 2512 2161 2634 2218; x_wconf 82' lang='grc' dir='ltr'>τῶν</span> <span class='ocrx_word' id='word_1_491' title='bbox 2658 2161 2863 2232; x_wconf 75' lang='grc' dir='ltr'>ἄκρων</span> <span class='ocrx_word' id='word_1_492' title='bbox 2891 2159 3006 2231; x_wconf 81' lang='grc' dir='ltr'>τῆς</span> <span class='ocrx_word' id='word_1_493' title='bbox 3033 2158 3150 2232; x_wconf 78' lang='grc' dir='ltr'><strong>τῆς</strong></span> <span class='ocrx_word' id='word_1_494' title='bbox 3173 2176 3195 2227; x_wconf 85' lang='grc'><strong><em>;</em></strong></span> <span class='ocrx_word' id='word_1_495' title='bbox 3218 2158 3332 2213; x_wconf 78' lang='lat' dir='ltr'><strong>Kal.</strong></span> <span class='ocrx_word' id='word_1_496' title='bbox 3356 2155 3449 2212; x_wconf 80' lang='grc' dir='ltr'><strong>οἷα</strong></span> <span class='ocrx_word' id='word_1_497' title='bbox 3475 2158 3579 2211; x_wconf 84' lang='grc' dir='ltr'><strong>Δε-</strong></span> 
     </span>
    </p>
   </div>
   <div class='ocr_carea' id='block_1_77' title="bbox 1979 2249 3579 2329">
    <p class='ocr_par' dir='ltr' id='par_1_77' title="bbox 1979 2249 3579 2329">
     <span class='ocr_line' id='line_1_78' title="bbox 1979 2249 3579 2329; baseline -0.004 -18"><span class='ocrx_word' id='word_1_498' title='bbox 1979 2256 2187 2329; x_wconf 80' lang='grc' dir='ltr'>σπότης</span> <span class='ocrx_word' id='word_1_499' title='bbox 2234 2256 2419 2328; x_wconf 82' lang='grc' dir='ltr'><strong>πάσης</strong></span> <span class='ocrx_word' id='word_1_500' title='bbox 2442 2255 2545 2327; x_wconf 86' lang='grc' dir='ltr'><strong>τῆς</strong></span> <span class='ocrx_word' id='word_1_501' title='bbox 2580 2254 2838 2321; x_wconf 80' lang='grc' dir='ltr'><strong>κτίσεως,</strong></span> <span class='ocrx_word' id='word_1_502' title='bbox 2881 2253 2991 2319; x_wconf 67' lang='grc' dir='ltr'><strong>ἕως</strong></span> <span class='ocrx_word' id='word_1_503' title='bbox 3036 2251 3150 2308; x_wconf 79' lang='grc' dir='ltr'>τῶν</span> <span class='ocrx_word' id='word_1_504' title='bbox 3183 2252 3441 2325; x_wconf 77' lang='grc' dir='ltr'><strong>περάτων</strong></span> <span class='ocrx_word' id='word_1_505' title='bbox 3468 2249 3579 2321; x_wconf 80' lang='grc' dir='ltr'>τῆς</span> 
     </span>
    </p>
   </div>
   <div class='ocr_carea' id='block_1_78' title="bbox 1976 2340 3577 2420">
    <p class='ocr_par' dir='ltr' id='par_1_78' title="bbox 1976 2340 3577 2420">
     <span class='ocr_line' id='line_1_79' title="bbox 1976 2340 3577 2420; baseline -0.014 -14"><span class='ocrx_word' id='word_1_506' title='bbox 1976 2349 2084 2420; x_wconf 79' lang='grc' dir='ltr'><strong>γῆς</strong></span> <span class='ocrx_word' id='word_1_507' title='bbox 2114 2346 2440 2414; x_wconf 80' lang='grc' dir='ltr'>ὲξαπλὼσας</span> <span class='ocrx_word' id='word_1_508' title='bbox 2468 2348 2531 2402; x_wconf 77' lang='grc' dir='ltr'><strong>τὸ</strong></span> <span class='ocrx_word' id='word_1_509' title='bbox 2560 2346 2758 2402; x_wconf 71' lang='grc' dir='ltr'>ἑαυτοῦ</span> <span class='ocrx_word' id='word_1_510' title='bbox 2792 2347 3085 2419; x_wconf 80' lang='grc' dir='ltr'>κήρυγμα,</span> <span class='ocrx_word' id='word_1_511' title='bbox 3113 2343 3187 2400; x_wconf 76' lang='grc' dir='ltr'>τὰ</span> <span class='ocrx_word' id='word_1_512' title='bbox 3232 2343 3400 2416; x_wconf 83' lang='grc' dir='ltr'>μέχρι</span> <span class='ocrx_word' id='word_1_513' title='bbox 3438 2340 3577 2396; x_wconf 75' lang='grc' dir='ltr'><strong>τού-</strong></span> 
     </span>
    </p>
   </div>
   <div class='ocr_carea' id='block_1_79' title="bbox 1974 2434 3581 2512">
    <p class='ocr_par' dir='ltr' id='par_1_79' title="bbox 1974 2434 3581 2512">
     <span class='ocr_line' id='line_1_80' title="bbox 1974 2434 3581 2512; baseline -0.002 -20"><span class='ocrx_word' id='word_1_514' title='bbox 1974 2454 2088 2492; x_wconf 88' lang='grc' dir='ltr'><strong>των</strong></span> <span class='ocrx_word' id='word_1_515' title='bbox 2135 2438 2396 2495; x_wconf 79' lang='grc' dir='ltr'>οἰκοῦντα</span> <span class='ocrx_word' id='word_1_516' title='bbox 2448 2438 2639 2512; x_wconf 72' lang='grc' dir='ltr'>ἔθνη,”</span> <span class='ocrx_word' id='word_1_517' title='bbox 2668 2437 2776 2494; x_wconf 76' lang='grc' dir='ltr'><strong>ὑπὸ</strong></span> <span class='ocrx_word' id='word_1_518' title='bbox 2827 2438 2932 2511; x_wconf 79' lang='grc' dir='ltr'>τὴν</span> <span class='ocrx_word' id='word_1_519' title='bbox 2993 2434 3581 2492; x_wconf 80' lang='grc' dir='ltr'>ἑαυτοῦδεσποτείαν</span> 
     </span>
    </p>
   </div>
   <div class='ocr_carea' id='block_1_80' title="bbox 1852 2526 3578 2604">
    <p class='ocr_par' dir='ltr' id='par_1_80' title="bbox 1852 2526 3578 2604">
     <span class='ocr_line' id='line_1_81' title="bbox 1852 2526 3578 2604; baseline -0.001 -21"><span class='ocrx_word' id='word_1_520' title='bbox 1852 2542 1863 2548; x_wconf 85' lang='grc'><em>’</em></span> <span class='ocrx_word' id='word_1_521' title='bbox 1976 2528 2258 2602; x_wconf 64' lang='grc' dir='ltr'>εποίησεν,</span> <span class='ocrx_word' id='word_1_522' title='bbox 2292 2531 2560 2598; x_wconf 79' lang='grc' dir='ltr'>ἑκουσίως</span> <span class='ocrx_word' id='word_1_523' title='bbox 2593 2530 2853 2587; x_wconf 73' lang='grc' dir='ltr'>ἐντεῦθεν</span> <span class='ocrx_word' id='word_1_524' title='bbox 2882 2529 3157 2604; x_wconf 79' lang='grc' dir='ltr'>δεξάμενα</span> <span class='ocrx_word' id='word_1_525' title='bbox 3181 2529 3245 2584; x_wconf 77' lang='grc' dir='ltr'><strong>τὸ</strong></span> <span class='ocrx_word' id='word_1_526' title='bbox 3282 2528 3379 2583; x_wconf 80' lang='grc' dir='ltr'><strong>ὑπ’</strong></span> <span class='ocrx_word' id='word_1_527' title='bbox 3401 2526 3578 2584; x_wconf 80' lang='grc' dir='ltr'>αὑτοῦ</span> 
     </span>
    </p>
   </div>
   <div class='ocr_carea' id='block_1_81' title="bbox 1979 2622 2390 2696">
    <p class='ocr_par' dir='ltr' id='par_1_81' title="bbox 1979 2622 2390 2696">
     <span class='ocr_line' id='line_1_82' title="bbox 1979 2622 2390 2696; baseline 0.005 -18"><span class='ocrx_word' id='word_1_528' title='bbox 1979 2622 2390 2696; x_wconf 79' lang='grc' dir='ltr'>βασιλεύεσθαι.</span> 
     </span>
    </p>
   </div>
   <div class='ocr_carea' id='block_1_82' title="bbox 2048 2716 3577 2792">
    <p class='ocr_par' dir='ltr' id='par_1_82' title="bbox 2048 2716 3577 2792">
     <span class='ocr_line' id='line_1_83' title="bbox 2048 2716 3577 2792; baseline 0.001 -21"><span class='ocrx_word' id='word_1_529' title='bbox 2048 2722 2111 2771; x_wconf 84' lang='grc' dir='ltr'><strong>ε’.</strong></span> <span class='ocrx_word' id='word_1_530' title='bbox 2157 2717 2219 2773; x_wconf 84' lang='grc' dir='ltr'>Τί</span> <span class='ocrx_word' id='word_1_531' title='bbox 2268 2716 2458 2790; x_wconf 82' lang='grc' dir='ltr'>ὄνομα</span> <span class='ocrx_word' id='word_1_532' title='bbox 2503 2719 2709 2788; x_wconf 83' lang='grc' dir='ltr'><strong>αὐτῷ;</strong></span> <span class='ocrx_word' id='word_1_533' title='bbox 2738 2719 2778 2791; x_wconf 79' lang='grc' dir='ltr'><em>ἢ</em></span> <span class='ocrx_word' id='word_1_534' title='bbox 2827 2719 2890 2775; x_wconf 82' lang='grc' dir='ltr'><strong>τί</strong></span> <span class='ocrx_word' id='word_1_535' title='bbox 2931 2719 3120 2792; x_wconf 82' lang='grc' dir='ltr'>ὄνομα</span> <span class='ocrx_word' id='word_1_536' title='bbox 3157 2717 3285 2786; x_wconf 81' lang='grc' dir='ltr'>τοῖς</span> <span class='ocrx_word' id='word_1_537' title='bbox 3335 2716 3577 2782; x_wconf 76' lang='grc' dir='ltr'>τέκνοις</span> 
     </span>
    </p>
   </div>
   <div class='ocr_carea' id='block_1_83' title="bbox 1976 2796 3579 2883">
    <p class='ocr_par' dir='ltr' id='par_1_83' title="bbox 1976 2796 3579 2883">
     <span class='ocr_line' id='line_1_84' title="bbox 1976 2796 3579 2883; baseline -0.001 -20"><span class='ocrx_word' id='word_1_538' title='bbox 1976 2807 2205 2876; x_wconf 68' lang='lat' dir='ltr'><strong>aurei};</strong></span> <span class='ocrx_word' id='word_1_539' title='bbox 2237 2809 2462 2879; x_wconf 82' lang='grc' dir='ltr'>πάντες</span> <span class='ocrx_word' id='word_1_540' title='bbox 2488 2812 2600 2883; x_wconf 80' lang='grc' dir='ltr'>γὰρ</span> <span class='ocrx_word' id='word_1_541' title='bbox 2627 2796 2802 2883; x_wconf 60' lang='grc' dir='ltr'>λόγοι</span> <span class='ocrx_word' id='word_1_542' title='bbox 2835 2810 2986 2867; x_wconf 82' lang='grc' dir='ltr'>Θεοῦ</span> <span class='ocrx_word' id='word_1_543' title='bbox 3016 2808 3450 2882; x_wconf 78' lang='grc' dir='ltr'><strong>πεπυρωμένοι.</strong></span> <span class='ocrx_word' id='word_1_544' title='bbox 3473 2807 3579 2873; x_wconf 82' lang='grc' dir='ltr'>Τίς</span> 
     </span>
    </p>
   </div>
   <div class='ocr_carea' id='block_1_84' title="bbox 1976 2900 3578 2977">
    <p class='ocr_par' dir='ltr' id='par_1_84' title="bbox 1976 2900 3578 2977">
     <span class='ocr_line' id='line_1_85' title="bbox 1976 2900 3578 2977; baseline -0.001 -22"><span class='ocrx_word' id='word_1_545' title='bbox 1976 2900 2039 2956; x_wconf 81' lang='grc' dir='ltr'><strong>τέ</strong></span> <span class='ocrx_word' id='word_1_546' title='bbox 2061 2901 2180 2955; x_wconf 67' lang='grc' dir='ltr'>ἐστι</span> <span class='ocrx_word' id='word_1_547' title='bbox 2208 2902 2595 2976; x_wconf 76' lang='grc' dir='ltr'>κεφαλαιώδης</span> <span class='ocrx_word' id='word_1_548' title='bbox 2623 2903 2975 2977; x_wconf 77' lang='grc' dir='ltr'>προσηγορία</span> <span class='ocrx_word' id='word_1_549' title='bbox 3020 2903 3123 2975; x_wconf 84' lang='grc' dir='ltr'><strong>τῆς</strong></span> <span class='ocrx_word' id='word_1_550' title='bbox 3154 2901 3445 2973; x_wconf 83' lang='grc' dir='ltr'>ποιότητος</span> <span class='ocrx_word' id='word_1_551' title='bbox 3474 2900 3578 2955; x_wconf 83' lang='grc' dir='ltr'><strong>αὒ-</strong></span> 
     </span>
    </p>
   </div>
   <div class='ocr_carea' id='block_1_85' title="bbox 1977 2991 3573 3067">
    <p class='ocr_par' dir='ltr' id='par_1_85' title="bbox 1977 2991 3573 3067">
     <span class='ocr_line' id='line_1_86' title="bbox 1977 2991 3573 3067; baseline 0.001 -21"><span class='ocrx_word' id='word_1_552' title='bbox 1977 2992 2073 3046; x_wconf 89' lang='grc' dir='ltr'><strong>τοῦ</strong></span> <span class='ocrx_word' id='word_1_553' title='bbox 2097 2995 2519 3067; x_wconf 73' lang='grc' dir='ltr'>παραστατική;</span> <span class='ocrx_word' id='word_1_554' title='bbox 2545 2995 2643 3051; x_wconf 77' lang='grc' dir='ltr'>καὶ</span> <span class='ocrx_word' id='word_1_555' title='bbox 2662 2996 2748 3060; x_wconf 88' lang='grc' dir='ltr'><strong>τίς</strong></span> <span class='ocrx_word' id='word_1_556' title='bbox 2767 2995 2934 3052; x_wconf 78' lang='grc' dir='ltr'>πάλιν</span> <span class='ocrx_word' id='word_1_557' title='bbox 2956 2994 3063 3050; x_wconf 85' lang='grc' dir='ltr'><strong>τῶν</strong></span> <span class='ocrx_word' id='word_1_558' title='bbox 3085 2994 3252 3050; x_wconf 83' lang='grc' dir='ltr'>αὐτοῦ</span> <span class='ocrx_word' id='word_1_559' title='bbox 3277 2991 3573 3065; x_wconf 75' lang='grc' dir='ltr'>μαθητῶνς</span> 
     </span>
    </p>
   </div>
   <div class='ocr_carea' id='block_1_86' title="bbox 1978 3085 3575 3160">
    <p class='ocr_par' dir='ltr' id='par_1_86' title="bbox 1978 3085 3575 3160">
     <span class='ocr_line' id='line_1_87' title="bbox 1978 3085 3575 3160; baseline 0.001 -21"><span class='ocrx_word' id='word_1_560' title='bbox 1978 3085 2217 3155; x_wconf 77' lang='grc' dir='ltr'>Χριστὸς</span> <span class='ocrx_word' id='word_1_561' title='bbox 2242 3087 2462 3152; x_wconf 82' lang='grc' dir='ltr'>πάντως</span> <span class='ocrx_word' id='word_1_562' title='bbox 2501 3088 2600 3142; x_wconf 74' lang='grc' dir='ltr'><strong>καὶ</strong></span> <span class='ocrx_word' id='word_1_563' title='bbox 2631 3086 2951 3159; x_wconf 83' lang='grc' dir='ltr'>Χριστιανοί</span> <span class='ocrx_word' id='word_1_564' title='bbox 2968 3103 2982 3119; x_wconf 79' lang='grc' dir='ltr'><strong>ο</strong></span> <span class='ocrx_word' id='word_1_565' title='bbox 3007 3088 3037 3141; x_wconf 90' lang='grc' dir='ltr'><strong>ό</strong></span> <span class='ocrx_word' id='word_1_566' title='bbox 3068 3087 3203 3159; x_wconf 76' lang='grc' dir='ltr'>μὲν,</span> <span class='ocrx_word' id='word_1_567' title='bbox 3241 3085 3319 3152; x_wconf 86' lang='grc' dir='ltr'>ὡς</span> <span class='ocrx_word' id='word_1_568' title='bbox 3353 3087 3422 3160; x_wconf 84' lang='grc' dir='ltr'>τῇ</span> <span class='ocrx_word' id='word_1_569' title='bbox 3446 3085 3575 3141; x_wconf 84' lang='grc' dir='ltr'>θεό-</span> 
     </span>
    </p>
   </div>
   <div class='ocr_carea' id='block_1_87' title="bbox 1978 3176 3575 3252">
    <p class='ocr_par' dir='ltr' id='par_1_87' title="bbox 1978 3176 3575 3252">
     <span class='ocr_line' id='line_1_88' title="bbox 1978 3176 3575 3252; baseline 0 -22"><span class='ocrx_word' id='word_1_570' title='bbox 1978 3192 2103 3247; x_wconf 85' lang='grc' dir='ltr'>τητι</span> <span class='ocrx_word' id='word_1_571' title='bbox 2136 3176 2335 3250; x_wconf 85' lang='grc' dir='ltr'>χρίσας</span> <span class='ocrx_word' id='word_1_572' title='bbox 2362 3177 2463 3250; x_wconf 79' lang='grc' dir='ltr'>τὴν</span> <span class='ocrx_word' id='word_1_573' title='bbox 2483 3178 2908 3252; x_wconf 79' lang='grc' dir='ltr'>ἁνθρωπότητα,</span> <span class='ocrx_word' id='word_1_574' title='bbox 2934 3178 3025 3233; x_wconf 80' lang='grc' dir='ltr'>διὰ</span> <span class='ocrx_word' id='word_1_575' title='bbox 3054 3177 3156 3250; x_wconf 83' lang='grc' dir='ltr'><strong>τὴν</strong></span> <span class='ocrx_word' id='word_1_576' title='bbox 3179 3180 3239 3233; x_wconf 76' lang='grc' dir='ltr'><strong>εν</strong></span> <span class='ocrx_word' id='word_1_577' title='bbox 3267 3177 3418 3250; x_wconf 77' lang='grc' dir='ltr'>αὐτῷ</span> <span class='ocrx_word' id='word_1_578' title='bbox 3446 3176 3575 3233; x_wconf 79' lang='grc' dir='ltr'>καθ’</span> 
     </span>
    </p>
   </div>
   <div class='ocr_carea' id='block_1_88' title="bbox 1983 3266 3575 3341">
    <p class='ocr_par' dir='ltr' id='par_1_88' title="bbox 1983 3266 3575 3341">
     <span class='ocr_line' id='line_1_89' title="bbox 1983 3266 3575 3341; baseline 0.003 -20"><span class='ocrx_word' id='word_1_579' title='bbox 1983 3266 2288 3323; x_wconf 77' lang='grc' dir='ltr'>ὑπόστασιν</span> <span class='ocrx_word' id='word_1_580' title='bbox 2316 3269 2425 3324; x_wconf 83' lang='grc' dir='ltr'>τῶν</span> <span class='ocrx_word' id='word_1_581' title='bbox 2468 3270 2733 3326; x_wconf 78' lang='grc' dir='ltr'>τοιούτων</span> <span class='ocrx_word' id='word_1_582' title='bbox 2761 3270 2982 3341; x_wconf 86' lang='grc' dir='ltr'>φύσεων</span> <span class='ocrx_word' id='word_1_583' title='bbox 3023 3268 3223 3324; x_wconf 73' lang='grc' dir='ltr'>ἕνωσιν</span> <span class='ocrx_word' id='word_1_584' title='bbox 3241 3287 3258 3304; x_wconf 81' lang='grc' dir='ltr'><strong>ο</strong></span> <span class='ocrx_word' id='word_1_585' title='bbox 3306 3270 3358 3324; x_wconf 85' lang='grc' dir='ltr'><strong>οἰ</strong></span> <span class='ocrx_word' id='word_1_586' title='bbox 3386 3269 3464 3337; x_wconf 70' lang='grc' dir='ltr'><strong>δὲ,</strong></span> <span class='ocrx_word' id='word_1_587' title='bbox 3493 3269 3575 3334; x_wconf 81' lang='grc' dir='ltr'>ὥς</span> 
     </span>
    </p>
   </div>
   <div class='ocr_carea' id='block_1_89' title="bbox 1982 3358 3572 3434">
    <p class='ocr_par' dir='ltr' id='par_1_89' title="bbox 1982 3358 3572 3434">
     <span class='ocr_line' id='line_1_90' title="bbox 1982 3358 3572 3434; baseline 0.001 -21"><span class='ocrx_word' id='word_1_588' title='bbox 1982 3358 2177 3415; x_wconf 85' lang='grc' dir='ltr'>τούτου</span> <span class='ocrx_word' id='word_1_589' title='bbox 2209 3363 2452 3434; x_wconf 87' lang='grc' dir='ltr'>μέτοχοι,</span> <span class='ocrx_word' id='word_1_590' title='bbox 2486 3362 2583 3417; x_wconf 78' lang='grc' dir='ltr'><strong>καὶ</strong></span> <span class='ocrx_word' id='word_1_591' title='bbox 2632 3363 2703 3417; x_wconf 85' lang='grc' dir='ltr'>δι’</span> <span class='ocrx_word' id='word_1_592' title='bbox 2752 3360 2924 3417; x_wconf 85' lang='grc' dir='ltr'>αὐτοῦ</span> <span class='ocrx_word' id='word_1_593' title='bbox 2954 3362 3215 3427; x_wconf 74' lang='grc' dir='ltr'>λαϐόντες</span> <span class='ocrx_word' id='word_1_594' title='bbox 3255 3360 3358 3433; x_wconf 78' lang='grc' dir='ltr'>τὴν</span> <span class='ocrx_word' id='word_1_595' title='bbox 3405 3361 3572 3432; x_wconf 83' lang='grc' dir='ltr'>χάριν</span> 
     </span>
    </p>
   </div>
   <div class='ocr_carea' id='block_1_90' title="bbox 1982 3454 3571 3531">
    <p class='ocr_par' dir='ltr' id='par_1_90' title="bbox 1982 3454 3571 3531">
     <span class='ocr_line' id='line_1_91' title="bbox 1982 3454 3571 3531; baseline 0.002 -22"><span class='ocrx_word' id='word_1_596' title='bbox 1982 3454 2078 3510; x_wconf 89' lang='grc' dir='ltr'><strong>τοῦ</strong></span> <span class='ocrx_word' id='word_1_597' title='bbox 2105 3456 2450 3530; x_wconf 81' lang='grc' dir='ltr'>Πνεύματος,</span> <span class='ocrx_word' id='word_1_598' title='bbox 2490 3459 2585 3514; x_wconf 78' lang='grc' dir='ltr'>καὶ</span> <span class='ocrx_word' id='word_1_599' title='bbox 2619 3458 3030 3531; x_wconf 82' lang='grc' dir='ltr'>υἰοθετηθέντες</span> <span class='ocrx_word' id='word_1_600' title='bbox 3056 3458 3136 3531; x_wconf 81' lang='grc' dir='ltr'>τῷ</span> <span class='ocrx_word' id='word_1_601' title='bbox 3167 3456 3288 3529; x_wconf 77' lang='grc' dir='ltr'>θεῷ</span> <span class='ocrx_word' id='word_1_602' title='bbox 3325 3457 3419 3512; x_wconf 74' lang='grc' dir='ltr'>καὶ</span> <span class='ocrx_word' id='word_1_603' title='bbox 3450 3457 3571 3512; x_wconf 80' lang='lat' dir='ltr'><strong>Ila.-</strong></span> 
     </span>
    </p>
   </div>
   <div class='ocr_carea' id='block_1_91' title="bbox 1978 3548 3573 3625">
    <p class='ocr_par' dir='ltr' id='par_1_91' title="bbox 1978 3548 3573 3625">
     <span class='ocr_line' id='line_1_92' title="bbox 1978 3548 3573 3625; baseline 0.001 -22"><span class='ocrx_word' id='word_1_604' title='bbox 1978 3548 2093 3621; x_wconf 88' lang='grc' dir='ltr'>τρί.</span> <span class='ocrx_word' id='word_1_605' title='bbox 2125 3550 2292 3622; x_wconf 82' lang='grc' dir='ltr'>Λόγοι</span> <span class='ocrx_word' id='word_1_606' title='bbox 2331 3552 2440 3624; x_wconf 80' lang='grc' dir='ltr'>γὰρ</span> <span class='ocrx_word' id='word_1_607' title='bbox 2469 3551 2537 3608; x_wconf 83' lang='grc' dir='ltr'>τὰ</span> <span class='ocrx_word' id='word_1_608' title='bbox 2580 3553 2851 3625; x_wconf 76' lang='grc' dir='ltr'>εἰρημένα</span> <span class='ocrx_word' id='word_1_609' title='bbox 2901 3552 3081 3608; x_wconf 84' lang='grc' dir='ltr'>πάντα</span> <span class='ocrx_word' id='word_1_610' title='bbox 3127 3551 3286 3617; x_wconf 82' lang='grc' dir='ltr'>Θεοῦ,</span> <span class='ocrx_word' id='word_1_611' title='bbox 3319 3568 3573 3623; x_wconf 86' lang='grc' dir='ltr'>πεπυρα-</span> 
     </span>
    </p>
   </div>
   <div class='ocr_carea' id='block_1_92' title="bbox 1980 3642 3573 3716">
    <p class='ocr_par' dir='ltr' id='par_1_92' title="bbox 1980 3642 3573 3716">
     <span class='ocr_line' id='line_1_93' title="bbox 1980 3642 3573 3716; baseline -0.001 -19"><span class='ocrx_word' id='word_1_612' title='bbox 1980 3642 2258 3714; x_wconf 81' lang='grc' dir='ltr'>κτωμένοι</span> <span class='ocrx_word' id='word_1_613' title='bbox 2309 3645 2371 3699; x_wconf 76' lang='grc' dir='ltr'>ὲν</span> <span class='ocrx_word' id='word_1_614' title='bbox 2408 3644 2488 3716; x_wconf 85' lang='grc' dir='ltr'><strong>τῷ</strong></span> <span class='ocrx_word' id='word_1_615' title='bbox 2523 3646 2705 3700; x_wconf 82' lang='grc' dir='ltr'>πᾶσαν</span> <span class='ocrx_word' id='word_1_616' title='bbox 2755 3645 2980 3716; x_wconf 81' lang='grc' dir='ltr'>ἄγνοιαν</span> <span class='ocrx_word' id='word_1_617' title='bbox 3024 3646 3120 3700; x_wconf 81' lang='grc' dir='ltr'>καὶ</span> <span class='ocrx_word' id='word_1_618' title='bbox 3148 3645 3350 3700; x_wconf 81' lang='grc' dir='ltr'>κακίαν</span> <span class='ocrx_word' id='word_1_619' title='bbox 3399 3661 3573 3697; x_wconf 85' lang='grc' dir='ltr'>κατα-</span> 
     </span>
    </p>
   </div>
   <div class='ocr_carea' id='block_1_93' title="bbox 1979 3734 3572 3810">
    <p class='ocr_par' dir='ltr' id='par_1_93' title="bbox 1979 3734 3572 3810">
     <span class='ocr_line' id='line_1_94' title="bbox 1979 3734 3572 3810; baseline 0 -20"><span class='ocrx_word' id='word_1_620' title='bbox 1979 3734 2195 3790; x_wconf 85' lang='grc' dir='ltr'>καίοντι</span> <span class='ocrx_word' id='word_1_621' title='bbox 2222 3738 2324 3807; x_wconf 81' lang='grc' dir='ltr'>τῆς</span> <span class='ocrx_word' id='word_1_622' title='bbox 2351 3736 2691 3806; x_wconf 87' lang='grc' dir='ltr'>θεογνωσίας</span> <span class='ocrx_word' id='word_1_623' title='bbox 2721 3738 2860 3809; x_wconf 80' lang='grc' dir='ltr'>πυρί</span> <span class='ocrx_word' id='word_1_624' title='bbox 2878 3754 2893 3769; x_wconf 91' lang='grc'><strong>·</strong></span> <span class='ocrx_word' id='word_1_625' title='bbox 2926 3739 3158 3802; x_wconf 81' lang='grc' dir='ltr'>καὶτοῖς</span> <span class='ocrx_word' id='word_1_626' title='bbox 3179 3736 3572 3810; x_wconf 80' lang='grc' dir='ltr'>κατεχομένοις</span> 
     </span>
    </p>
   </div>
   <div class='ocr_carea' id='block_1_94' title="bbox 1978 3825 2677 3899">
    <p class='ocr_par' dir='ltr' id='par_1_94' title="bbox 1978 3825 2677 3899">
     <span class='ocr_line' id='line_1_95' title="bbox 1978 3825 2677 3899; baseline 0.007 -20"><span class='ocrx_word' id='word_1_627' title='bbox 1978 3825 2207 3890; x_wconf 81' lang='grc' dir='ltr'>ταύταις</span> <span class='ocrx_word' id='word_1_628' title='bbox 2237 3827 2677 3899; x_wconf 76' lang='grc' dir='ltr'>ἀπρόσψαυστοι.</span> 
     </span>
    </p>
   </div>
   <div class='ocr_carea' id='block_1_95' title="bbox 2061 3918 3571 3992">
    <p class='ocr_par' dir='ltr' id='par_1_95' title="bbox 2061 3918 3571 3992">
     <span class='ocr_line' id='line_1_96' title="bbox 2061 3918 3571 3992; baseline 0.001 -20"><span class='ocrx_word' id='word_1_629' title='bbox 2061 3918 2486 3988; x_wconf 79' lang='grc' dir='ltr'>Ὑπερασπιζει</span> <span class='ocrx_word' id='word_1_630' title='bbox 2507 3920 2578 3975; x_wconf 76' lang='grc' dir='ltr'>δὲ</span> <span class='ocrx_word' id='word_1_631' title='bbox 2605 3921 2792 3988; x_wconf 81' lang='grc' dir='ltr'>αὐτὸς</span> <span class='ocrx_word' id='word_1_632' title='bbox 2811 3921 2935 3977; x_wconf 86' lang='grc' dir='ltr'><strong>τῶν</strong></span> <span class='ocrx_word' id='word_1_633' title='bbox 2966 3918 3430 3992; x_wconf 61' lang='grc' dir='ltr'><strong>εὐλαόὀυμιίὲνιι»⁸</strong></span> <span class='ocrx_word' id='word_1_634' title='bbox 3458 3919 3571 3974; x_wconf 82' lang='grc' dir='ltr'><strong>αὐ-</strong></span> 
     </span>
    </p>
   </div>
   <div class='ocr_carea' id='block_1_96' title="bbox 1978 4005 3575 4086">
    <p class='ocr_par' dir='ltr' id='par_1_96' title="bbox 1978 4005 3575 4086">
     <span class='ocr_line' id='line_1_97' title="bbox 1978 4005 3575 4086; baseline 0.001 -23"><span class='ocrx_word' id='word_1_635' title='bbox 1978 4010 2107 4067; x_wconf 81' lang='grc' dir='ltr'>τόν.</span> <span class='ocrx_word' id='word_1_636' title='bbox 2148 4005 2321 4076; x_wconf 84' lang='grc' dir='ltr'>Οὗτος</span> <span class='ocrx_word' id='word_1_637' title='bbox 2354 4013 2414 4067; x_wconf 77' lang='grc' dir='ltr'>δὲ</span> <span class='ocrx_word' id='word_1_638' title='bbox 2452 4014 2568 4078; x_wconf 79' lang='grc' dir='ltr'>τοῖς</span> <span class='ocrx_word' id='word_1_639' title='bbox 2597 4012 2959 4086; x_wconf 77' lang='grc' dir='ltr'>φοϐουμένοις</span> <span class='ocrx_word' id='word_1_640' title='bbox 2990 4012 3155 4067; x_wconf 67' lang='lat' dir='ltr'><strong>at.sz</strong></span> <span class='ocrx_word' id='word_1_641' title='bbox 3186 4011 3391 4084; x_wconf 78' lang='grc' dir='ltr'>βοηθεῖ,</span> <span class='ocrx_word' id='word_1_642' title='bbox 3428 4008 3575 4065; x_wconf 77' lang='grc' dir='ltr'>κατὰ</span> 
     </span>
    </p>
   </div>
   <div class='ocr_carea' id='block_1_97' title="bbox 1979 4101 2793 4177">
    <p class='ocr_par' dir='ltr' id='par_1_97' title="bbox 1979 4101 2793 4177">
     <span class='ocr_line' id='line_1_98' title="bbox 1979 4101 2793 4177; baseline 0.005 -20"><span class='ocrx_word' id='word_1_643' title='bbox 1979 4101 2090 4158; x_wconf 86' lang='grc' dir='ltr'>τῶν</span> <span class='ocrx_word' id='word_1_644' title='bbox 2112 4103 2503 4177; x_wconf 74' lang='grc' dir='ltr'>πολεμούντων</span> <span class='ocrx_word' id='word_1_645' title='bbox 2532 4107 2763 4171; x_wconf 87' lang='grc' dir='ltr'>τούτοις.</span> <span class='ocrx_word' id='word_1_646' title='bbox 2787 4164 2793 4172; x_wconf 64' lang='grc'><strong><em>,</em></strong></span> 
     </span>
    </p>
   </div>
   <div class='ocr_carea' id='block_1_98' title="bbox 2054 4213 3572 4289">
    <p class='ocr_par' dir='ltr' id='par_1_98' title="bbox 2054 4213 3572 4289">
     <span class='ocr_line' id='line_1_99' title="bbox 2054 4213 3572 4289; baseline -0.002 -16"><span class='ocrx_word' id='word_1_647' title='bbox 2054 4215 2130 4283; x_wconf 83' lang='grc' dir='ltr'><strong>ς’.</strong></span> <span class='ocrx_word' id='word_1_648' title='bbox 2168 4216 2268 4287; x_wconf 79' lang='grc' dir='ltr'><strong>Μὴ</strong></span> <span class='ocrx_word' id='word_1_649' title='bbox 2320 4216 2598 4288; x_wconf 73' lang='grc' dir='ltr'>προσθῇς</span> <span class='ocrx_word' id='word_1_650' title='bbox 2649 4216 2779 4286; x_wconf 80' lang='grc' dir='ltr'>τοῖς</span> <span class='ocrx_word' id='word_1_651' title='bbox 2828 4217 3037 4289; x_wconf 82' lang='grc' dir='ltr'>λόγοις</span> <span class='ocrx_word' id='word_1_652' title='bbox 3077 4216 3293 4283; x_wconf 84' lang='grc' dir='ltr'>αὐτοῦ,</span> <span class='ocrx_word' id='word_1_653' title='bbox 3341 4215 3447 4271; x_wconf 78' lang='grc' dir='ltr'>ινα</span> <span class='ocrx_word' id='word_1_654' title='bbox 3482 4213 3572 4286; x_wconf 76' lang='grc' dir='ltr'><strong>μὴ</strong></span> 
     </span>
    </p>
   </div>
   <div class='ocr_carea' id='block_1_99' title="bbox 1978 4306 3575 4382">
    <p class='ocr_par' dir='ltr' id='par_1_99' title="bbox 1978 4306 3575 4382">
     <span class='ocr_line' id='line_1_100' title="bbox 1978 4306 3575 4382; baseline -0.003 -17"><span class='ocrx_word' id='word_1_655' title='bbox 1978 4308 2202 4382; x_wconf 71' lang='grc' dir='ltr'>ἐλέγξῃ</span> <span class='ocrx_word' id='word_1_656' title='bbox 2255 4321 2333 4364; x_wconf 82' lang='grc' dir='ltr'><strong>σε</strong></span> <span class='ocrx_word' id='word_1_657' title='bbox 2373 4309 2475 4365; x_wconf 77' lang='grc' dir='ltr'>καὶ</span> <span class='ocrx_word' id='word_1_658' title='bbox 2518 4308 2762 4380; x_wconf 74' lang='grc' dir='ltr'>ψευδὴς</span> <span class='ocrx_word' id='word_1_659' title='bbox 2805 4308 2976 4380; x_wconf 78' lang='grc' dir='ltr'>γένῃ.</span> <span class='ocrx_word' id='word_1_660' title='bbox 3026 4309 3120 4382; x_wconf 85' lang='grc' dir='ltr'><strong>Μὴ</strong></span> <span class='ocrx_word' id='word_1_661' title='bbox 3160 4308 3325 4362; x_wconf 75' lang='grc' dir='ltr'>πλέον</span> <span class='ocrx_word' id='word_1_662' title='bbox 3375 4306 3575 4380; x_wconf 73' lang='grc' dir='ltr'>ἐθέλῃς</span> 
     </span>
    </p>
   </div>
   <div class='ocr_carea' id='block_1_100' title="bbox 1978 4397 3574 4474">
    <p class='ocr_par' dir='ltr' id='par_1_100' title="bbox 1978 4397 3574 4474">
     <span class='ocr_line' id='line_1_101' title="bbox 1978 4397 3574 4474; baseline -0.003 -19"><span class='ocrx_word' id='word_1_663' title='bbox 1978 4403 2124 4456; x_wconf 83' lang='grc' dir='ltr'>νοεῖν</span> <span class='ocrx_word' id='word_1_664' title='bbox 2147 4400 2258 4456; x_wconf 85' lang='grc' dir='ltr'><strong>τῶν</strong></span> <span class='ocrx_word' id='word_1_665' title='bbox 2291 4401 2425 4474; x_wconf 84' lang='grc' dir='ltr'>παρ’</span> <span class='ocrx_word' id='word_1_666' title='bbox 2455 4400 2623 4455; x_wconf 85' lang='grc' dir='ltr'>αὑτοῦ</span> <span class='ocrx_word' id='word_1_667' title='bbox 2650 4400 3010 4472; x_wconf 80' lang='grc' dir='ltr'>διδαχθέντων</span> <span class='ocrx_word' id='word_1_668' title='bbox 3033 4416 3140 4467; x_wconf 89' lang='grc' dir='ltr'>σοι,</span> <span class='ocrx_word' id='word_1_669' title='bbox 3161 4399 3252 4454; x_wconf 81' lang='grc' dir='ltr'><strong>ἵνα</strong></span> <span class='ocrx_word' id='word_1_670' title='bbox 3276 4398 3353 4470; x_wconf 81' lang='grc' dir='ltr'><strong>μὴ</strong></span> <span class='ocrx_word' id='word_1_671' title='bbox 3382 4397 3574 4469; x_wconf 72' lang='grc' dir='ltr'>ἐπειδὴ</span> 
     </span>
    </p>
   </div>
   <div class='ocr_carea' id='block_1_101' title="bbox 1978 4489 3575 4565">
    <p class='ocr_par' dir='ltr' id='par_1_101' title="bbox 1978 4489 3575 4565">
     <span class='ocr_line' id='line_1_102' title="bbox 1978 4489 3575 4565; baseline -0.004 -17"><span class='ocrx_word' id='word_1_672' title='bbox 1978 4492 2146 4558; x_wconf 81' lang='grc' dir='ltr'>αὐτός</span> <span class='ocrx_word' id='word_1_673' title='bbox 2180 4493 2333 4548; x_wconf 77' lang='grc' dir='ltr'>ἐστιν</span> <span class='ocrx_word' id='word_1_674' title='bbox 2362 4495 2397 4565; x_wconf 85' lang='grc' dir='ltr'><strong>ή</strong></span> <span class='ocrx_word' id='word_1_675' title='bbox 2424 4493 2680 4564; x_wconf 84' lang='grc' dir='ltr'>ἀλήθεια,</span> <span class='ocrx_word' id='word_1_676' title='bbox 2702 4491 3036 4564; x_wconf 76' lang='grc' dir='ltr'>ψευδόμενον</span> <span class='ocrx_word' id='word_1_677' title='bbox 3066 4489 3352 4563; x_wconf 77' lang='grc' dir='ltr'>ἀπελέγξῃ</span> <span class='ocrx_word' id='word_1_678' title='bbox 3385 4506 3470 4556; x_wconf 86' lang='grc' dir='ltr'>σε,</span> <span class='ocrx_word' id='word_1_679' title='bbox 3495 4489 3575 4553; x_wconf 80' lang='grc' dir='ltr'>ὡς</span> 
     </span>
    </p>
   </div>
   <div class='ocr_carea' id='block_1_102' title="bbox 1906 4582 3574 4655">
    <p class='ocr_par' dir='ltr' id='par_1_102' title="bbox 1906 4582 3574 4655">
     <span class='ocr_line' id='line_1_103' title="bbox 1906 4582 3574 4655; baseline -0.001 -19"><span class='ocrx_word' id='word_1_680' title='bbox 1906 4586 1951 4643; x_wconf 85' lang='lat' dir='ltr'><strong>D</strong></span> <span class='ocrx_word' id='word_1_681' title='bbox 1983 4583 2159 4654; x_wconf 81' lang='grc' dir='ltr'>αὐτῆς</span> <span class='ocrx_word' id='word_1_682' title='bbox 2205 4582 2465 4638; x_wconf 77' lang='grc' dir='ltr'>ἐντεῦθεν</span> <span class='ocrx_word' id='word_1_683' title='bbox 2501 4585 2601 4655; x_wconf 81' lang='grc' dir='ltr'>τῆς</span> <span class='ocrx_word' id='word_1_684' title='bbox 2647 4583 2912 4655; x_wconf 84' lang='grc' dir='ltr'>ἀληθείας</span> <span class='ocrx_word' id='word_1_685' title='bbox 2970 4583 3344 4637; x_wconf 73' lang='grc' dir='ltr'>ἐκπίπτονταο</span> <span class='ocrx_word' id='word_1_686' title='bbox 3402 4597 3574 4654; x_wconf 84' lang='grc' dir='ltr'>προσ-</span> 
     </span>
    </p>
   </div>
   <div class='ocr_carea' id='block_1_103' title="bbox 1986 4672 2962 4747">
    <p class='ocr_par' dir='ltr' id='par_1_103' title="bbox 1986 4672 2962 4747">
     <span class='ocr_line' id='line_1_104' title="bbox 1986 4672 2962 4747; baseline 0 -18"><span class='ocrx_word' id='word_1_687' title='bbox 1986 4674 2285 4747; x_wconf 84' lang='grc' dir='ltr'>ευχόμενος</span> <span class='ocrx_word' id='word_1_688' title='bbox 2317 4674 2377 4730; x_wconf 83' lang='grc' dir='ltr'>δὲ</span> <span class='ocrx_word' id='word_1_689' title='bbox 2406 4672 2578 4747; x_wconf 84' lang='grc' dir='ltr'>αὐτῷ,</span> <span class='ocrx_word' id='word_1_690' title='bbox 2607 4673 2758 4744; x_wconf 79' lang='grc' dir='ltr'>λέγει</span> <span class='ocrx_word' id='word_1_691' title='bbox 2785 4673 2915 4729; x_wconf 82' lang='grc' dir='ltr'>τάδε</span> <span class='ocrx_word' id='word_1_692' title='bbox 2946 4688 2962 4705; x_wconf 81' lang='grc'><strong>⁸</strong></span> 
     </span>
    </p>
   </div>
   <div class='ocr_carea' id='block_1_104' title="bbox 2052 4764 3573 4861">
    <p class='ocr_par' dir='ltr' id='par_1_104' title="bbox 2052 4764 3573 4861">
     <span class='ocr_line' id='line_1_105' title="bbox 2052 4764 3573 4861; baseline -0.005 -14"><span class='ocrx_word' id='word_1_693' title='bbox 2052 4788 2119 4854; x_wconf 78' lang='grc' dir='ltr'><strong>ζ’.</strong></span> <span class='ocrx_word' id='word_1_694' title='bbox 2160 4790 2277 4844; x_wconf 84' lang='grc' dir='ltr'>Δύο</span> <span class='ocrx_word' id='word_1_695' title='bbox 2308 4789 2588 4861; x_wconf 74' lang='grc' dir='ltr'>αἰτοῦμαι</span> <span class='ocrx_word' id='word_1_696' title='bbox 2616 4788 2779 4859; x_wconf 82' lang='grc' dir='ltr'>παρὰ</span> <span class='ocrx_word' id='word_1_697' title='bbox 2801 4788 2943 4856; x_wconf 85' lang='grc' dir='ltr'>σοῦ,</span> <span class='ocrx_word' id='word_1_698' title='bbox 2970 4788 3057 4858; x_wconf 70' lang='grc' dir='ltr'><strong>μὴ</strong></span> <span class='ocrx_word' id='word_1_699' title='bbox 3094 4764 3333 4860; x_wconf 72' lang='grc' dir='ltr'>ἀφέλῃς</span> <span class='ocrx_word' id='word_1_700' title='bbox 3358 4803 3437 4858; x_wconf 74' lang='grc' dir='ltr'>με</span> <span class='ocrx_word' id='word_1_701' title='bbox 3464 4784 3573 4855; x_wconf 75' lang='grc' dir='ltr'><strong>χά-</strong></span> 
     </span>
    </p>
   </div>
   <div class='ocr_carea' id='block_1_105' title="bbox 1971 4875 3570 4955">
    <p class='ocr_par' dir='ltr' id='par_1_105' title="bbox 1971 4875 3570 4955">
     <span class='ocr_line' id='line_1_106' title="bbox 1971 4875 3570 4955; baseline -0.004 -15"><span class='ocrx_word' id='word_1_702' title='bbox 1971 4900 2076 4955; x_wconf 86' lang='grc' dir='ltr'><strong>ριν</strong></span> <span class='ocrx_word' id='word_1_703' title='bbox 2099 4884 2216 4954; x_wconf 78' lang='grc' dir='ltr'>πρὸ</span> <span class='ocrx_word' id='word_1_704' title='bbox 2234 4883 2348 4939; x_wconf 75' lang='grc' dir='ltr'><strong>τοῦ</strong></span> <span class='ocrx_word' id='word_1_705' title='bbox 2370 4883 2702 4944; x_wconf 76' lang='grc' dir='ltr'>ἀποθανεῖν</span> <span class='ocrx_word' id='word_1_706' title='bbox 2718 4901 2819 4954; x_wconf 83' lang='grc' dir='ltr'>με.</span> <span class='ocrx_word' id='word_1_707' title='bbox 2836 4882 2943 4939; x_wconf 85' lang='grc' dir='ltr'>Δύο</span> <span class='ocrx_word' id='word_1_708' title='bbox 2966 4881 3163 4950; x_wconf 87' lang='grc' dir='ltr'>ταῦτα,</span> <span class='ocrx_word' id='word_1_709' title='bbox 3181 4875 3227 4937; x_wconf 75' lang='grc' dir='ltr'><strong>ὦ</strong></span> <span class='ocrx_word' id='word_1_710' title='bbox 3244 4881 3388 4950; x_wconf 84' lang='grc' dir='ltr'>Δόγε</span> <span class='ocrx_word' id='word_1_711' title='bbox 3411 4877 3570 4945; x_wconf 80' lang='grc' dir='ltr'>Θεοῦ,</span> 
     </span>
    </p>
   </div>
   <div class='ocr_carea' id='block_1_106' title="bbox 1977 4972 3569 5050">
    <p class='ocr_par' dir='ltr' id='par_1_106' title="bbox 1977 4972 3569 5050">
     <span class='ocr_line' id='line_1_107' title="bbox 1977 4972 3569 5050; baseline -0.003 -18"><span class='ocrx_word' id='word_1_712' title='bbox 1977 4977 2174 5050; x_wconf 81' lang='grc' dir='ltr'>δέομαι</span> <span class='ocrx_word' id='word_1_713' title='bbox 2210 4976 2403 5033; x_wconf 76' lang='grc' dir='ltr'>λαϐεῖν</span> <span class='ocrx_word' id='word_1_714' title='bbox 2439 4977 2551 5032; x_wconf 80' lang='grc' dir='ltr'><strong>ἀπὸ</strong></span> <span class='ocrx_word' id='word_1_715' title='bbox 2580 4976 2678 5032; x_wconf 91' lang='grc' dir='ltr'><strong>σοῦ</strong></span> <span class='ocrx_word' id='word_1_716' title='bbox 2699 4993 2715 5010; x_wconf 78' lang='grc' dir='ltr'><strong>ο</strong></span> <span class='ocrx_word' id='word_1_717' title='bbox 2748 4976 2850 5047; x_wconf 81' lang='grc' dir='ltr'><strong>τὴν</strong></span> <span class='ocrx_word' id='word_1_718' title='bbox 2871 4975 2969 5031; x_wconf 90' lang='grc' dir='ltr'><strong>τοῦ</strong></span> <span class='ocrx_word' id='word_1_719' title='bbox 3005 4974 3279 5045; x_wconf 76' lang='grc' dir='ltr'>παναγίω</span> <span class='ocrx_word' id='word_1_720' title='bbox 3312 4972 3569 5044; x_wconf 83' lang='grc' dir='ltr'>Πνεύμα-</span> 
     </span>
    </p>
   </div>
   <div class='ocr_carea' id='block_1_107' title="bbox 1977 5066 3571 5143">
    <p class='ocr_par' dir='ltr' id='par_1_107' title="bbox 1977 5066 3571 5143">
     <span class='ocr_line' id='line_1_108' title="bbox 1977 5066 3571 5143; baseline -0.003 -18"><span class='ocrx_word' id='word_1_721' title='bbox 1977 5088 2068 5136; x_wconf 89' lang='grc' dir='ltr'><strong>τος</strong></span> <span class='ocrx_word' id='word_1_722' title='bbox 2106 5070 2343 5143; x_wconf 84' lang='grc' dir='ltr'>δωρεὰν,</span> <span class='ocrx_word' id='word_1_723' title='bbox 2382 5071 2446 5127; x_wconf 81' lang='grc' dir='ltr'><strong>τὸ</strong></span> <span class='ocrx_word' id='word_1_724' title='bbox 2479 5070 2670 5143; x_wconf 80' lang='grc' dir='ltr'>νοερὸν</span> <span class='ocrx_word' id='word_1_725' title='bbox 2707 5069 2849 5141; x_wconf 83' lang='grc' dir='ltr'>φῶς,</span> <span class='ocrx_word' id='word_1_726' title='bbox 2877 5069 2906 5124; x_wconf 80' lang='grc' dir='ltr'><strong>ὃ</strong></span> <span class='ocrx_word' id='word_1_727' title='bbox 2943 5070 3046 5133; x_wconf 85' lang='grc' dir='ltr'>τὰς</span> <span class='ocrx_word' id='word_1_728' title='bbox 3083 5067 3432 5141; x_wconf 76' lang='grc' dir='ltr'>θεωρητικὰς</span> <span class='ocrx_word' id='word_1_729' title='bbox 3469 5066 3571 5138; x_wconf 79' lang='grc' dir='ltr'>τῆς</span> 
     </span>
    </p>
   </div>
   <div class='ocr_carea' id='block_1_108' title="bbox 1977 5156 3660 5235">
    <p class='ocr_par' dir='ltr' id='par_1_108' title="bbox 1977 5156 3660 5235">
     <span class='ocr_line' id='line_1_109' title="bbox 1977 5156 3660 5235; baseline -0.008 -13"><span class='ocrx_word' id='word_1_730' title='bbox 1977 5162 2160 5235; x_wconf 79' lang='grc' dir='ltr'>ψυχῆς</span> <span class='ocrx_word' id='word_1_731' title='bbox 2191 5179 2293 5234; x_wconf 86' lang='grc' dir='ltr'>μου</span> <span class='ocrx_word' id='word_1_732' title='bbox 2327 5162 2612 5235; x_wconf 78' lang='grc' dir='ltr'>δυνάμεις,</span> <span class='ocrx_word' id='word_1_733' title='bbox 2643 5161 2772 5217; x_wconf 87' lang='grc' dir='ltr'>νοῦν</span> <span class='ocrx_word' id='word_1_734' title='bbox 2800 5161 2899 5217; x_wconf 77' lang='grc' dir='ltr'>καὶ</span> <span class='ocrx_word' id='word_1_735' title='bbox 2939 5161 3181 5233; x_wconf 78' lang='grc' dir='ltr'>διάνοιαν</span> <span class='ocrx_word' id='word_1_736' title='bbox 3218 5160 3464 5231; x_wconf 77' lang='grc' dir='ltr'>φωτίζει,</span> <span class='ocrx_word' id='word_1_737' title='bbox 3492 5156 3569 5229; x_wconf 75' lang='grc' dir='ltr'><strong>μὴ</strong></span> <span class='ocrx_word' id='word_1_738' title='bbox 3652 5229 3660 5234; x_wconf 32' lang='grc'><strong>1</strong></span> 
     </span>
    </p>
   </div>
   <div class='ocr_carea' id='block_1_109' title="bbox 1977 5252 3179 5329">
    <p class='ocr_par' dir='ltr' id='par_1_109' title="bbox 1977 5252 3179 5329">
     <span class='ocr_line' id='line_1_110' title="bbox 1977 5252 3179 5329; baseline -0.001 -18"><span class='ocrx_word' id='word_1_739' title='bbox 1977 5255 2186 5328; x_wconf 79' lang='grc' dir='ltr'><strong>ἀφέλῃς</strong></span> <span class='ocrx_word' id='word_1_740' title='bbox 2206 5255 2305 5311; x_wconf 76' lang='grc' dir='ltr'><strong>ἀπ’</strong></span> <span class='ocrx_word' id='word_1_741' title='bbox 2327 5254 2464 5329; x_wconf 69' lang='grc' dir='ltr'>ἐμοῦ</span> <span class='ocrx_word' id='word_1_742' title='bbox 2485 5255 2555 5310; x_wconf 86' lang='grc' dir='ltr'>δι’</span> <span class='ocrx_word' id='word_1_743' title='bbox 2584 5254 2717 5327; x_wconf 87' lang='grc' dir='ltr'>ὅλης</span> <span class='ocrx_word' id='word_1_744' title='bbox 2746 5271 2850 5327; x_wconf 85' lang='grc' dir='ltr'>μου</span> <span class='ocrx_word' id='word_1_745' title='bbox 2873 5254 2976 5325; x_wconf 80' lang='grc' dir='ltr'>τῆς</span> <span class='ocrx_word' id='word_1_746' title='bbox 3005 5252 3179 5319; x_wconf 75' lang='grc' dir='ltr'>ζωῆς.</span> 
     </span>
    </p>
   </div>
   <div class='ocr_carea' id='block_1_110' title="bbox 2047 5364 3567 5444">
    <p class='ocr_par' dir='ltr' id='par_1_110' title="bbox 2047 5364 3567 5444">
     <span class='ocr_line' id='line_1_111' title="bbox 2047 5364 3567 5444; baseline -0.005 -16"><span class='ocrx_word' id='word_1_747' title='bbox 2047 5378 2121 5444; x_wconf 84' lang='grc' dir='ltr'><strong>η’.</strong></span> <span class='ocrx_word' id='word_1_748' title='bbox 2181 5371 2453 5428; x_wconf 83' lang='grc' dir='ltr'>Μάταιον</span> <span class='ocrx_word' id='word_1_749' title='bbox 2492 5372 2683 5443; x_wconf 76' lang='grc' dir='ltr'>λόγον</span> <span class='ocrx_word' id='word_1_750' title='bbox 2754 5371 2856 5425; x_wconf 80' lang='grc' dir='ltr'>καὶ</span> <span class='ocrx_word' id='word_1_751' title='bbox 2906 5367 3107 5440; x_wconf 76' lang='grc' dir='ltr'><strong>ψευδῆ</strong></span> <span class='ocrx_word' id='word_1_752' title='bbox 3143 5364 3387 5439; x_wconf 79' lang='grc' dir='ltr'>μακράν</span> <span class='ocrx_word' id='word_1_753' title='bbox 3448 5381 3567 5435; x_wconf 79' lang='grc' dir='ltr'>μου</span> 
     </span>
    </p>
   </div>
   <div class='ocr_carea' id='block_1_111' title="bbox 1979 5456 3565 5536">
    <p class='ocr_par' dir='ltr' id='par_1_111' title="bbox 1979 5456 3565 5536">
     <span class='ocr_line' id='line_1_112' title="bbox 1979 5456 3565 5536; baseline -0.006 -17"><span class='ocrx_word' id='word_1_754' title='bbox 1979 5466 2262 5535; x_wconf 79' lang='grc' dir='ltr'>ποίησον.</span> <span class='ocrx_word' id='word_1_755' title='bbox 2298 5463 2444 5519; x_wconf 80' lang='grc' dir='ltr'>Ἀλλ’</span> <span class='ocrx_word' id='word_1_756' title='bbox 2478 5463 2555 5529; x_wconf 86' lang='grc' dir='ltr'>ὡς</span> <span class='ocrx_word' id='word_1_757' title='bbox 2592 5464 2650 5517; x_wconf 79' lang='grc' dir='ltr'>ὲν</span> <span class='ocrx_word' id='word_1_758' title='bbox 2682 5462 2825 5533; x_wconf 78' lang='grc' dir='ltr'>φωτὶ</span> <span class='ocrx_word' id='word_1_759' title='bbox 2864 5461 3161 5532; x_wconf 81' lang='grc' dir='ltr'>διελέγχων</span> <span class='ocrx_word' id='word_1_760' title='bbox 3202 5459 3297 5536; x_wconf 76' lang='grc' dir='ltr'>τὸν</span> <span class='ocrx_word' id='word_1_761' title='bbox 3338 5456 3401 5524; x_wconf 73' lang='grc' dir='ltr'><strong>ἐξ</strong></span> <span class='ocrx_word' id='word_1_762' title='bbox 3434 5459 3565 5512; x_wconf 83' lang='grc' dir='ltr'>ὑπο-</span> 
     </span>
    </p>
   </div>
   <div class='ocr_carea' id='block_1_112' title="bbox 1980 5549 3566 5630">
    <p class='ocr_par' dir='ltr' id='par_1_112' title="bbox 1980 5549 3566 5630">
     <span class='ocr_line' id='line_1_113' title="bbox 1980 5549 3566 5630; baseline -0.006 -18"><span class='ocrx_word' id='word_1_763' title='bbox 1980 5557 2155 5630; x_wconf 82' lang='grc' dir='ltr'>θήκης</span> <span class='ocrx_word' id='word_1_764' title='bbox 2182 5556 2279 5611; x_wconf 90' lang='grc' dir='ltr'><strong>τοῦ</strong></span> <span class='ocrx_word' id='word_1_765' title='bbox 2306 5555 2548 5629; x_wconf 86' lang='grc' dir='ltr'>πονηροῦ</span> <span class='ocrx_word' id='word_1_766' title='bbox 2584 5555 2840 5625; x_wconf 84' lang='grc' dir='ltr'>ἀνωφελῆ</span> <span class='ocrx_word' id='word_1_767' title='bbox 2871 5554 2967 5609; x_wconf 70' lang='grc' dir='ltr'><strong>καί⁵</strong></span> <span class='ocrx_word' id='word_1_768' title='bbox 2991 5555 3069 5627; x_wconf 82' lang='grc' dir='ltr'><strong>μὴ</strong></span> <span class='ocrx_word' id='word_1_769' title='bbox 3104 5551 3439 5625; x_wconf 82' lang='grc' dir='ltr'>ἀληθεύοντα</span> <span class='ocrx_word' id='word_1_770' title='bbox 3480 5549 3566 5604; x_wconf 85' lang='grc' dir='ltr'>λο-</span> 
     </span>
    </p>
   </div>
   <div class='ocr_carea' id='block_1_113' title="bbox 1874 5644 3247 5721">
    <p class='ocr_par' dir='ltr' id='par_1_113' title="bbox 1874 5644 3247 5721">
     <span class='ocr_line' id='line_1_114' title="bbox 1874 5644 3247 5721; baseline -0.004 -17"><span class='ocrx_word' id='word_1_771' title='bbox 1874 5660 1877 5661; x_wconf 66' lang='lat'><strong><em>&#39;</em></strong></span> <span class='ocrx_word' id='word_1_772' title='bbox 1979 5648 2200 5720; x_wconf 78' lang='grc' dir='ltr'>γισμὸν,</span> <span class='ocrx_word' id='word_1_773' title='bbox 2233 5647 2428 5721; x_wconf 66' lang='grc' dir='ltr'>πόρρω</span> <span class='ocrx_word' id='word_1_774' title='bbox 2460 5647 2563 5718; x_wconf 81' lang='grc' dir='ltr'><strong>τῆς</strong></span> <span class='ocrx_word' id='word_1_775' title='bbox 2593 5647 2772 5719; x_wconf 74' lang='grc' dir='ltr'>ψυχῆς</span> <span class='ocrx_word' id='word_1_776' title='bbox 2818 5663 2923 5717; x_wconf 84' lang='grc' dir='ltr'>μου</span> <span class='ocrx_word' id='word_1_777' title='bbox 2953 5644 3247 5700; x_wconf 82' lang='grc' dir='ltr'>ἁπέλασον.</span> 
     </span>
    </p>
   </div>
   <div class='ocr_carea' id='block_1_114' title="bbox 2051 5755 3563 5832">
    <p class='ocr_par' dir='ltr' id='par_1_114' title="bbox 2051 5755 3563 5832">
     <span class='ocr_line' id='line_1_115' title="bbox 2051 5755 3563 5832; baseline -0.009 -12"><span class='ocrx_word' id='word_1_778' title='bbox 2051 5765 2328 5821; x_wconf 83' lang='grc' dir='ltr'>Πλοῦτον</span> <span class='ocrx_word' id='word_1_779' title='bbox 2357 5763 2427 5819; x_wconf 80' lang='grc' dir='ltr'>δὲ</span> <span class='ocrx_word' id='word_1_780' title='bbox 2452 5763 2551 5819; x_wconf 83' lang='grc' dir='ltr'>καὶ</span> <span class='ocrx_word' id='word_1_781' title='bbox 2583 5763 2799 5817; x_wconf 74' lang='grc' dir='ltr'>πενίαν</span> <span class='ocrx_word' id='word_1_782' title='bbox 2823 5762 2922 5832; x_wconf 79' lang='grc' dir='ltr'><strong>’μή</strong></span> <span class='ocrx_word' id='word_1_783' title='bbox 2946 5778 3050 5831; x_wconf 82' lang='grc' dir='ltr'><strong>μοι</strong></span> <span class='ocrx_word' id='word_1_784' title='bbox 3071 5757 3210 5826; x_wconf 82' lang='grc' dir='ltr'>δῷς.</span> <span class='ocrx_word' id='word_1_785' title='bbox 3237 5755 3330 5829; x_wconf 77' lang='grc' dir='ltr'><strong>Μὴ</strong></span> <span class='ocrx_word' id='word_1_786' title='bbox 3357 5771 3563 5825; x_wconf 83' lang='grc' dir='ltr'>συγχω-</span> 
     </span>
    </p>
   </div>
   <div class='ocr_carea' id='block_1_115' title="bbox 1986 5845 3556 5927">
    <p class='ocr_par' dir='ltr' id='par_1_115' title="bbox 1986 5845 3556 5927">
     <span class='ocr_line' id='line_1_116' title="bbox 1986 5845 3556 5927; baseline -0.004 -21"><span class='ocrx_word' id='word_1_787' title='bbox 1986 5857 2159 5927; x_wconf 77' lang='grc' dir='ltr'>ρήσῃς</span> <span class='ocrx_word' id='word_1_788' title='bbox 2213 5854 2270 5909; x_wconf 78' lang='grc' dir='ltr'><em>δέ</em></span> <span class='ocrx_word' id='word_1_789' title='bbox 2310 5871 2409 5925; x_wconf 85' lang='grc' dir='ltr'><strong>μου</strong></span> <span class='ocrx_word' id='word_1_790' title='bbox 2460 5853 2538 5926; x_wconf 78' lang='grc' dir='ltr'><strong>τῷ</strong></span> <span class='ocrx_word' id='word_1_791' title='bbox 2609 5851 3097 5923; x_wconf 67' lang='grc' dir='ltr'>αὐτεξουσίῳιτῆς</span> <span class='ocrx_word' id='word_1_792' title='bbox 3155 5845 3556 5922; x_wconf 79' lang='grc' dir='ltr'>προαιρέσεως,</span> 
     </span>
    </p>
   </div>
   <div class='ocr_carea' id='block_1_116' title="bbox 3520 5990 3976 6430">
    <p class='ocr_par' dir='ltr' id='par_1_116' title="bbox 3520 5990 3976 6430">
     <span class='ocr_line' id='line_1_117' title="bbox 3520 5990 3976 6430; baseline 0 0"><span class='ocrx_word' id='word_1_793' title='bbox 3560 5990 3976 6430; x_wconf 55' lang='grc' dir='ltr'><em>Δ</em></span> 
     </span>
    </p>
   </div>
  </div>
