3976 6400
381 403 518 502 i521

1714 401 2074 464 PROCOPII
2108 361 2353 462 eum

3515 377 3654 447 1528

373 495 568 570 citiam
621 487 882 580 acerant,
905 521 967 568 ut
1004 511 1238 584 perdant
1271 519 1324 568 et
1370 509 1665 568 comedant
1715 511 1988 578 humiles,

2097 511 2182 573 αἶς
2249 503 2655 578 τιτρώσκοντας
2733 500 3059 575 ἀνθρώπους
3079 517 3095 531 ·
3154 515 3250 553 και
3313 495 3658 566 διανοήματα

376 621 583 676 eosque
612 621 644 661 e
675 614 818 661 terra
842 621 1066 676 prorsus
1097 603 1372 660 aboleaot.

2065 599 2388 672 περιφέρει,
2423 597 2583 668 δίκην
2631 594 2740 650 τῶν
2769 594 3084 666 ἀληθὸντων
3135 589 3362 662 ἀφανῶς
3399 587 3655 649 ὀδόντων,

375 697 620 769 τμητικὰ
667 698 768 768 τῆς
817 697 926 751 τῶν
967 696 1223 767 ὁμοφυῶν
1269 695 1658 768 ἀλληλουχίαςο
1702 697 1780 762 ὡς
1829 694 2164 766 διαφθείρειν
2202 693 2298 747 καὶ
2343 690 2672 765 βισρώσκειν
2727 689 2856 754 τοὺς
2885 685 3132 750 εὐτελεῖς
3162 683 3272 738 τῶν
3309 680 3616 755 ἀνθρώπων
3635 718 3656 747 ,

377 790 678 845 κάντεῦθεν
715 789 938 853 τούτους
983 789 1168 843 τέλεον
1204 787 1305 859 τῆς
1352 791 1457 860 γῆς
1483 787 1854 858 ὲξαφανίζειν.

449 881 617 938 Vens.
645 880 734 937 15.
774 880 1129 952 Sanguisugw
1165 889 1269 935 tres
1299 888 1452 934 erant
1497 879 1662 949 ﬁlice,
1687 878 1973 934 dilectione

379 973 606 1037 dilectw,
631 981 682 1026 et
707 983 813 1027 tres
841 973 974 1041 ipsis
1005 988 1109 1026 non
1131 979 1506 1026 saturaverunt
1531 987 1671 1036 eam,
1689 978 1740 1026 et
1767 979 1976 1042 quarta:

378 1083 484 1120 mm
509 1065 696 1135 sufficit
731 1065 924 1130 dicere,
953 1063 1099 1120 Satis
1131 1073 1230 1118 est.
1268 1063 1398 1120 Post
1421 1064 1654 1134 primam
1691 1071 1977 1134 trangres-

379 1158 630 1222 sionem,
661 1157 1000 1214 irrationalis
1032 1171 1098 1210 ac
1128 1171 1332 1226 pravus
1373 1155 1760 1227 cujuscunque
1812 1169 1977 1226 appe-

379 1247 535 1312 titus,
566 1250 759 1318 genuit
782 1247 940 1318 quasi
971 1257 1086 1303 tres
1117 1247 1257 1304 ﬁlias
1284 1238 1520 1303 maxime
1542 1238 1975 1314 desiderabiles;

379 1336 752 1408 ignorantiam
778 1339 1002 1410 quidem
1045 1339 1101 1394 in
1132 1339 1370 1403 ratione,
1399 1353 1642 1394 amorem
1671 1338 1757 1394 sui
1791 1339 1846 1394 in
1875 1353 1976 1409 ap-

378 1429 552 1502 petitu
603 1431 1030 1501 concupiscibili
1082 1437 1138 1487 et
1189 1430 1244 1485 in
1297 1430 1541 1502 appetitu
1600 1429 1868 1486 irascibili
1919 1430 1977 1486 in

377 1523 696 1595 proximum
737 1523 1131 1596 tyrannidem;
1175 1519 1280 1578 tria
1317 1523 1580 1589 maxima,
1621 1521 1690 1578 ab
1742 1521 1977 1578 invicem

377 1615 697 1686 pendentia,
730 1616 994 1686 pessima,
1017 1629 1082 1671 ac
1113 1630 1225 1671 uno
1254 1613 1422 1670 verbo
1465 1613 1649 1671 omnis
1690 1612 1982 1685 pravitatis

377 1705 536 1776 origo
562 1722 578 1772 ;
607 1707 738 1776 quia
766 1721 796 1760 a
839 1704 952 1761 Deo
983 1713 1238 1760 avertunt
1265 1722 1280 1760 :
1315 1703 1628 1776 ignorantia
1655 1743 1672 1772 ,
1701 1719 1732 1759 a
1769 1701 1880 1758 Deo
1919 1719 1982 1776 ιιι

379 1811 599 1852 summo
617 1795 1002 1869 cognoscendo
1021 1812 1173 1862 vero;
1196 1810 1351 1852 amor
1363 1795 1522 1864 suiﬁa
1538 1795 1670 1862 Deo,
1689 1803 1748 1850 ut
1765 1810 1982 1852 summo

377 1887 528 1944 bono
556 1889 898 1960 appetendo;
941 1890 1189 1961 tyrannis
1238 1888 1484 1956 tandem,
1523 1902 1646 1958 quae
1668 1896 1858 1944 mutua
1898 1895 1984 1944 est

335 2021 344 2034 .
379 1981 413 2035 d
452 1982 708 2046 structio,
741 1982 902 2036 ruina
935 1989 1020 2038 est
1050 1982 1250 2037 iterum
1282 1979 1591 2051 corporalis
1616 1977 1981 2036 sustentatio-

382 2073 508 2138 nis,
547 2088 711 2142 quam
760 2073 980 2130 videtur
1021 2087 1381 2145 oppugnare,
1409 2071 1714 2143 appetitum
1756 2069 1982 2126 irratio-

2149 883 2230 934 ιε’.
2259 875 2340 947 Τῇ
2357 875 2597 945 βδέλλῃ
2616 871 2774 942 τρεῖς
2799 869 3119 942 θυγατέρες
3148 863 3332 940 ἦσαν,
3352 859 3659 934 ἀγαπήσει

2073 969 2458 1042 ἀγαπώμεναι
2473 985 2490 1001 ·
2523 966 2624 1022 καὶ
2652 969 2713 1022 al
2733 965 2894 1035 τρεῖς
2924 959 3106 1020 αὗται
3134 963 3250 1016 οὐκ
3285 957 3660 1029 evagatam-

2073 1078 2198 1119 σαν
2232 1061 2431 1130 αὑτήν
2448 1076 2464 1092 ο
2517 1059 2618 1114 καί
2649 1059 2690 1128 ἡ
2707 1058 2956 1126 τετάρτη
3007 1057 3122 1111 οὐκ
3159 1053 3428 1124 ἠρκέσθη
3459 1045 3662 1104 εἰπεῖν

2077 1154 2310 1212 ίκανόν.
2336 1153 2404 1208 Ἥ
2435 1151 2574 1224 μετὰ
2597 1151 2699 1222 τὴν
2715 1149 2942 1222 πρώτην
2967 1145 3307 1220 παράϐασιν,
3327 1143 3486 1198 ἄλλου
3508 1139 3662 1201 τινὸς

2080 1246 2232 1321 παρὰ
2280 1247 2382 1318 τὴν
2436 1245 2618 1300 αἰτίαν
2663 1243 2950 1312 ἀλόγιστος
2983 1240 3194 1312 ἔφεσις,
3229 1238 3520 1300 ἀπέτεκεν,
3565 1229 3664 1288 οἷᾶ

2077 1355 2204 1393 τινα
2226 1337 2354 1409 τρία
2379 1335 2652 1407 θυγάτρια
2675 1331 3050 1388 ποθεινόταταο
3075 1331 3176 1402 τὴν
3201 1327 3303 1399 μὲν
3319 1327 3564 1397 ἄγνοιαν,
3583 1322 3666 1394 τῷ

2079 1427 2372 1500 λογιστικῷ
2395 1427 2494 1499 τῆς
2530 1425 2710 1498 ψυχῆς
2731 1443 2748 1460 ο
2773 1425 2874 1498 τὴν
2905 1424 2964 1479 δὲ
3005 1422 3318 1495 φιλαυτίαν,
3345 1419 3427 1491 τῷ
3465 1417 3666 1473 ἐπιθυ-

2085 1520 2305 1596 μητικῷ
2323 1537 2336 1552 ·
2369 1519 2464 1574 καὶ
2485 1518 2584 1590 τὴν
2617 1518 2760 1572 κατά
2801 1516 2912 1572 τῶν
2939 1511 3200 1588 ὁμοφυῶν
3248 1510 3561 1585 τυραννίδα,
3581 1507 3667 1596 τῷ

2083 1595 2338 1683 θυμικῷ·
2366 1609 2438 1664 τά
2471 1607 2720 1679 ἀλλήλων
2745 1603 3094 1677 ἐξηρτημένα
3123 1601 3254 1674 τρία
3283 1599 3535 1670 μέγιστα,
3567 1595 3669 1651 καὶ

2081 1703 2392 1776 ἀρχέκακα,
2452 1700 2548 1756 καὶ
2583 1698 2770 1770 πάσης
2823 1695 3015 1760 ἁπλῶς
3059 1695 3238 1748 εἰπεῖν
3283 1690 3483 1754 κακίας
3515 1703 3672 1758 παρ-

2082 1797 2267 1852 αίτια’
2300 1793 2426 1848 ἐπεὶ
2457 1791 2504 1848 δ’
2551 1789 2848 1863 ἀποτυχίαι
2879 1789 2992 1843 εἰσὶ
3041 1785 3177 1842 Θεοῦ
3201 1803 3216 1818 ο
3244 1786 3280 1857 ἡ
3313 1783 3410 1854 μὲν
3445 1782 3666 1852 ἄγνοια,

2083 1887 2159 1949 ὡς
2185 1884 2458 1957 ἀλαθήτου
2498 1881 2778 1954 γνωστοῦ·
2815 1881 2849 1951 ἡ
2880 1880 2938 1935 δὲ
2983 1877 3262 1948 φιλαυτία,
3305 1873 3382 1938 ὡς
3431 1872 3670 1943 ἐσχάτου

2084 1974 2313 2048 ὀρεκτοῦ
2337 1991 2352 2008 ο
2393 1975 2427 2045 ἡ
2458 1973 2515 2026 δέ
2549 1989 2614 2042 γε
2653 1971 2912 2044 τυραννὶς
2957 1967 3134 2039 φθορά
3167 1962 3304 2021 οῦσα
3356 1961 3674 2048 διάλληλος,

2087 2045 2362 2138 ἀνποτυχία
2388 2063 2555 2120 πάλιν
2579 2063 2700 2118 ἐστὶ
2730 2063 2830 2134 τῆς
2869 2059 3190 2132 σωματικῆς
3226 2055 3565 2116 συστάσεως,
3599 2045 3676 2124 ἦς

380 2163 562 2218 nalem
599 2163 723 2220 illas
752 2165 1054 2234 parientem
1091 2164 1298 2220 satiare
1335 2163 1463 2234 jure
1492 2177 1604 2218 non
1632 2161 1865 2228 valens;
1894 2167 1980 2214 ut-

2097 2159 2179 2216 ιαὶ
2199 2159 2353 2212 δοκεῖ
2377 2154 2918 2227 ὓπεραγωνίζεσθαι,
2946 2151 3174 2214 εἰκότως
3205 2149 3304 2218 τὴν
3352 2145 3553 2208 ταύτας
3581 2157 3678 2195 τεο

344 2245 512 2326 ’ροῑε
569 2255 730 2326 quasi
785 2255 1117 2326 sanguisuga
1166 2247 1536 2310 insatiabilem
1591 2251 1972 2308 exsistentem.

385 2343 600 2408 Idcirco
635 2353 692 2402 et
735 2346 825 2402 illa
872 2360 993 2418 qua:
1033 2363 1158 2404 cum
1207 2347 1334 2404 ﬁliis
1377 2354 1638 2416 quartum
1684 2327 1975 2401 numerum

385 2439 661 2510 complet,
695 2453 806 2494 non
837 2440 1104 2504 satiatur,
1141 2439 1214 2494 ita
1247 2448 1308 2496 ut
1338 2453 1368 2494 a
1395 2447 1549 2494 motu
1583 2445 1778 2495 contra
1815 2447 1979 2492 natu-

386 2547 506 2587 ram
558 2532 862 2596 abstineat,
903 2533 1078 2588 donec
1122 2533 1340 2589 ratione
1391 2532 1623 2588 subacta
1665 2531 1734 2585 ad
1762 2546 1825 2586 ea
1857 2544 1982 2600 qua:

390 2631 522 2678 sunt
547 2639 712 2695 supra
749 2635 1003 2680 naturam
1045 2639 1107 2680 se
1157 2632 1480 2694 convertat.
1518 2623 1611 2680 ubi
1642 2622 1860 2679 tandem
1891 2637 1982 2679 sa-

387 2713 640 2782 tiabitur,
675 2715 898 2786 quando
926 2714 1131 2773 videbit
1163 2715 1588 2807 homo.gloriam
1628 2713 1744 2770 Dei.

460 2987 628 3046 Vsus.
661 2973 746 3046 ιθ.
773 2989 1059 3060 Infernae,
1095 2999 1145 3046 et
1170 3006 1322 3046 amor
1371 2989 1613 3045 mulieris
1636 3029 1650 3054 ,
1708 2997 1950 3043 tartarus
1971 3025 1984 3052 ,

390 3088 440 3132 et
474 3089 618 3134 terra
647 3095 766 3149 quin
807 3095 912 3132 non
955 3079 1190 3132 satiatur
1214 3094 1355 3150 aqua
1380 3117 1396 3142 ,
1448 3093 1588 3148 aqua
1615 3086 1665 3131 et
1697 3075 1836 3148 ignis
1881 3091 1990 3129 non

390 3175 608 3241 dicent,
641 3170 790 3228 Satis
821 3185 920 3229 est.
953 3172 1143 3244 Neque
1168 3173 1310 3228 enim
1347 3167 1652 3227 animarum
1687 3179 1862 3226 status
1895 3171 1990 3240 qui

390 3274 518 3337 post
554 3267 960 3337 scparationcm
1013 3279 1202 3319 earum
1243 3263 1300 3318 in
1333 3263 1662 3332 corporibus
1695 3261 1994 3316 habitatio-

389 3373 514 3413 nem
547 3357 797 3428 sequitur
835 3365 889 3413 et
915 3356 1049 3428 ᾅδης
1081 3353 1378 3427 (infernus)
1405 3362 1654 3421 vocatur,
1688 3361 1878 3424 utpote
1908 3353 1996 3408 in-

386 3450 658 3516 visibilis,
679 3449 806 3520 quia
839 3449 1042 3504 ibidem
1079 3447 1276 3501 anima:
1301 3461 1402 3501 nec
1430 3445 1730 3516 quidquam
1767 3458 1998 3513 operan-

2077 2250 2282 2306 κοῦσαν
2338 2247 2656 2319 παράλογον
2721 2245 2910 2314 ἔφεσιν
2957 2241 3186 2312 κορέσαι
3242 2238 3345 2292 οὐκ
3401 2237 3674 2305 ἰσχῦσαν,

2086 2340 2388 2412 ἀκόρεστον
2415 2337 2577 2408 δίκην
2613 2335 2838 2408 βδέλλης
2873 2331 3250 2402 ὑπάρχουσαν·
3275 2326 3354 2381 διὸ
3381 2325 3478 2379 καὶ
3504 2321 3674 2392 αὑτὴ,

2080 2436 2114 2506 ἡ
2149 2434 2290 2506 μετά
2310 2433 2421 2486 τῶν
2449 2430 2509 2498 ἐξ
2532 2428 2704 2500 αὐτῆς
2724 2421 3012 2498 πληροῦσα
3033 2423 3127 2476 τὸν
3147 2420 3391 2492 τέσσαρα
3411 2413 3676 2506 ἀριθμὸν,

2081 2503 2182 2580 οὐκ
2227 2521 2559 2594 ἐχορτάσθη,
2611 2519 2756 2574 ὥστε
2789 2513 3130 2587 ἀποσχέσθαι
3170 2511 3274 2582 τῆς
3319 2506 3472 2580 παρά
3503 2503 3678 2576 φύσιν

2083 2616 2358 2686 κινήσεως
2377 2632 2391 2646 ·
2419 2613 2528 2678 ἓως
2559 2611 2623 2666 ἂν
2655 2608 2830 2682 αὐτὴν
2855 2602 3236 2668 καθυποτάξας
3265 2603 3294 2656 ό
3317 2599 3498 2666 λόγος,
3532 2595 3680 2668 προς

2083 2709 2153 2764 τὰ
2185 2708 2328 2780 ὑπὲρ
2359 2705 2524 2777 φύσιν
2563 2703 2747 2774 ἀγαθὰ
2772 2698 3040 2772 φέρεσθαι
3080 2696 3348 2760 πείσειεν,
3377 2693 3510 2748 ὅπου
3539 2687 3680 2742 ποτὲ

2086 2799 2546 2872 χορτασθήσεται,
2596 2799 2654 2850 ὲν
2712 2793 2792 2867 τῷ
2833 2792 3068 2866 ὀφθῆναι
3113 2787 3194 2861 τῷ
3242 2783 3520 2860 ἀνθρώπῳ
3571 2781 3685 2855 τὴν

2087 2891 2246 2958 δόξαν
2279 2891 2374 2946 τοῦ
2411 2889 2570 2946 Θεοῦ.

2165 2983 2260 3050 ις’.
2281 2983 2489 3055 ᾍδης,
2509 2967 2608 3038 καί
2631 2982 2781 3052 ἔρως
2799 2977 3108 3052 γυναικὸς,
3126 2974 3226 3030 καί
3242 2972 3550 3044 τάρταρος,
3576 2963 3683 3022 καὶ

2091 3074 2170 3146 τῆ
2187 3077 2299 3130 οὐκ
2319 3071 2742 3144 ἐμπιπλαμένη
2765 3073 3004 3138 ὕδατος,
3022 3067 3120 3123 καί
3139 3066 3299 3134 ὕδωρ
3323 3061 3423 3119 καὶ
3447 3059 3586 3126 πῦρ,
3603 3056 3681 3110 οὐ

2089 3167 2174 3238 μὴ
2210 3167 2464 3223 εἴπωσιν
2491 3166 2704 3236 Ἀρκεῖ.
2727 3165 2864 3220 Οῦτε
2895 3163 3052 3236 γάρὴ
3073 3159 3172 3232 τὴν
3193 3161 3250 3212 έν
3274 3155 3490 3226 σώμασι
3504 3149 3680 3205 κατά-

2098 3277 2290 3314 στασιν
2322 3259 2434 3314 τῶν
2457 3259 2667 3330 ψυχῶν,
2704 3256 2846 3329 μετὰ
2883 3255 2974 3308 τὸν
3019 3251 3226 3308 τούτων
3255 3243 3536 3320 χωρισμὸν
3561 3241 3678 3295 δια-

2097 3351 2361 3424 δεχομένη
2421 3351 2780 3413 κατάστασις,
2812 3348 2936 3420 ἥτις
2958 3345 3091 3418 ᾅδης
3133 3341 3381 3396 καλεῖται
3422 3335 3500 3399 ὡς
3535 3335 3682 3402 ἀφαν·

2101 3443 2219 3516 νὴς,
2250 3442 2340 3497 διὰ
2378 3441 2438 3496 τὸ
2495 3443 2555 3496 ἐν
2594 3442 2754 3512 αὐτῇ,
2797 3437 2924 3510 μήτ’
2975 3435 3246 3508 ἐνεργεῖν,
3279 3429 3418 3502 μήτε
3448 3427 3686 3516 πάσχειν

389 3543 516 3606 lur,
555 3556 658 3598 nec
693 3541 926 3612 jucundi
969 3551 1064 3596 aut
1116 3539 1336 3595 molesti
1381 3538 1510 3609 quid
1559 3539 1842 3606 patiuntur
1869 3550 1988 3590 cum

2101 3515 2273 3599 αὐτὰς
2317 3531 2456 3606 μετὰ
2488 3533 2760 3605 σωμάτων
2786 3531 2856 3584 τὰ
2893 3529 3026 3601 ἡδέα
3059 3528 3168 3580 εἴτε
3201 3519 3460 3593 λυπηράο
3489 3515 3682 3612 οὔτεΑή

388 3634 755 3705 corporibus;
806 3649 984 3704 neque
1023 3632 1296 3710 sensualis
1330 3637 1385 3686 et
1440 3628 1785 3684 irrationalis
1815 3643 1991 3693 amor,

389 3727 483 3797 qui
528 3725 743 3780 animas
787 3725 1010 3795 quidem
1038 3720 1267 3778 dimittit
1302 3722 1356 3776 in
1393 3720 1666 3776 infernum
1690 3759 1705 3785 ,
1758 3733 1992 3788 corpora

390 3826 572 3874 autem
594 3821 650 3874 in
681 3824 917 3898 quatuor
942 3817 1210 3872 elementa
1235 3813 1518 3876 dissolvit,
1550 3813 1709 3882 quasi
1737 3826 1834 3881 per
1865 3825 1986 3864 eam

391 3909 458 3963 ad
492 3917 722 3964 mortem
751 3909 1044 3963 damnatus
1081 3905 1244 3961 fuerit
1292 3907 1483 3972 homo;
1525 3917 1701 3974 neque
1755 3918 1819 3958 ex
1859 3915 1998 3972 qua.

347 4013 356 4020 '
391 4012 518 4056 tuor
561 4000 684 4056 istis
729 3999 1016 4056 elementis
1048 3998 1134 4053 vel
1183 4012 1278 4052 aer
1313 4003 1626 4052 commotus
1655 3993 1996 4050 ac'turhans

393 4107 597 4162 aquas;
634 4091 721 4146 vel
763 4097 906 4144 terra
957 4087 1113 4165 arida
1159 4085 1318 4158 aquis
1352 4099 1460 4140 non
1501 4084 1730 4155 irrigata
1762 4091 1818 4138 et
1863 4097 1998 4154 pro-

393 4185 573 4255 priam
627 4182 884 4251 rcjiciens
930 4179 1284 4244 ariditatem;
1337 4177 1424 4232 vel
1481 4191 1623 4245 aqua
1680 4175 1836 4244 ipsa,
1905 4189 2000 4248 aut

394 4277 543 4345 ignis
572 4315 587 4341 ,
622 4283 809 4328 mutua
843 4271 1202 4342 corruptione
1225 4269 1646 4331 saturabuntur,
1679 4263 1996 4335 usquedum

399 4369 452 4422 in
485 4365 896 4423 resurrectione
920 4361 1248 4426 universali,
1275 4359 1617 4430 incorruptio
1636 4365 1688 4412 et
1718 4355 1994 4413 stabilitas

397 4465 449 4512 et
481 4458 727 4511 omnium
757 4469 789 4508 a
821 4455 1118 4507 mutatione
1146 4450 1314 4504 imum
1343 4451 1460 4504 nitas
1493 4447 1774 4502 adveniat.

470 4547 640 4606 Vens.
672 4547 758 4602 l7.
799 4546 1024 4600 Oculum
1059 4545 1148 4616 qui
1179 4544 1474 4598 subsmmat
1512 4549 1716 4610 patrem
1741 4549 1788 4594 et
1811 4540 1992 4610 despi-

398 4641 471 4694 cit
500 4649 815 4695 senectutem
838 4637 1050 4700 matris,
1081 4635 1334 4706 effodiant
1369 4650 1485 4687 cum
1515 4633 1656 4686 corvi
1689 4631 1754 4686 de
1793 4639 2000 4686 torren-

403 4731 570 4798 tibus,
608 4741 657 4786 et
707 4729 984 4784 comedunt
1024 4743 1142 4782 eum
1171 4725 1274 4791 ﬁlii
1313 4725 1527 4795 aquilw.
1563 4721 1996 4778 lntellcctualcm

401 4825 600 4879 animae
629 4822 871 4885 oculum,
894 4823 986 4890 qui
1033 4819 1205 4873 Deum
1241 4817 1486 4870 omnium
1519 4823 1802 4870 auctorem
1859 4827 1991 4867 con-

2101 3629 2222 3684 κατ’
2274 3629 2529 3699 αἴσθησιν
2581 3626 2777 3694 ἄλογος
2818 3623 3021 3694 ὕρεξις,
3048 3621 3173 3690 ἣτις
3218 3615 3317 3678 τὰς
3359 3613 3458 3684 μὲν
3501 3608 3687 3680 ψυχὰς

2101 3719 2467 3790 παραπέμπει
2498 3717 2578 3790 τῷ
2603 3717 2726 3789 ᾄδῃ,
2763 3715 2832 3768 τὰ
2867 3715 2923 3767 δὲ
2953 3711 3184 3783 σώματα
3214 3710 3293 3772 είς
3329 3705 3399 3759 τά
3435 3703 3689 3768 τέσσαρα

2103 3811 2330 3866 ἀναλύει
2355 3813 2622 3881 στοιχεῖα,
2654 3809 2730 3871 ὡς
2756 3806 2824 3860 δι’
2861 3804 3033 3876 αὐτὴν
3056 3801 3149 3856 τοῦ
3188 3795 3479 3869 ἀνθρώπου
3509 3806 3690 3847 κατα-

2103 3901 2390 3973 κριθέντος
2416 3901 2636 3972 θανάτῳ
2655 3917 2670 3930 ο
2695 3900 2818 3953 οὕτε
2845 3897 2950 3969 μὴν
2983 3895 3042 3960 ἐξ
3066 3889 3246 3949 αὐτῶν
3265 3890 3373 3944 τῶν
3401 3887 3690 3956 τεσσάρων

2104 3997 2406 4066 στοιχείων,
2441 3994 2474 4064 ἢ
2509 3993 2618 4063 ἀὴρ
2653 3989 2977 4060 κινούμενος
3010 3985 3108 4042 καὶ
3133 3983 3429 4057 ταράσσων
3455 3979 3528 4032 τὰ
3565 3975 3688 4030 ῦδα-
3773 4027 3784 4044 ι

2103 4103 2193 4152 τα,
2221 4085 2255 4157 ἢ
2282 4088 2354 4155 γῆ
2391 4084 2531 4154 ξηρὰ
2573 4083 2648 4154 μὴ
2685 4081 2950 4152 δευομένη
2977 4080 3094 4142 τοῖς
3129 4075 3310 4138 ὕδασι,
3349 4072 3447 4128 καὶ
3477 4071 3580 4143 τὴν
3611 4071 3690 4124 oi-

2103 4177 2260 4232 κείαν
2301 4173 2722 4246 ἀποϐαλλομένη
2774 4167 3137 4244 ξηρότητα,ἢ
3177 4167 3238 4222 τὸ
3282 4165 3430 4236 ὕδωρ
3457 4162 3614 4228 αὐτὸ,
3653 4161 3688 4231 ἢ

2104 4269 2167 4323 τὸ
2193 4268 2328 4340 πῦρ,
2351 4269 2452 4338 τῆς
2482 4265 2772 4336 διαλλήλου
2807 4263 3018 4334 φθορᾶς
3047 4257 3558 4330 ἐμπλησθήσονται,
3585 4253 3687 4314 ἕως

2101 4360 2203 4429 τῆς
2232 4357 2451 4411 πάντων
2479 4355 2622 4410 κατά
2657 4354 2758 4424 τὴν
2799 4352 3096 4408 ἀνάστασιν
3122 4346 3434 4420 ἀφθαρσίας
3448 4345 3544 4398 καὶ
3576 4341 3692 4396 δια-

2105 4451 2294 4520 μονῆς,
2327 4447 2424 4501 καὶ
2449 4447 2546 4516 τῆς
2577 4445 2672 4502 τοῦ
2707 4443 2969 4515 φέρεσθαι
3011 4439 3275 4502 στάσεως.

2178 4536 2266 4602 ιζ’.
2317 4535 2658 4607 Ὀφθαλμὸν
2683 4531 3106 4605 καταγελῶντα
3145 4526 3398 4597 πατρὸς,
3426 4523 3528 4580 καὶ
3569 4521 3692 4578 ἀτι-

2101 4628 2362 4702 μάζοντα
2387 4627 2578 4698 γῆρας
2610 4627 2859 4698 μητρὸς,
2882 4625 3266 4692 ἐκκόψαισαν
3296 4617 3489 4672 αὐτὸν
3519 4615 3694 4682 κόρα-

2105 4738 2210 4786 κες
2234 4721 2304 4774 ἐκ
2339 4718 2458 4773 τῶν
2487 4717 2829 4789 φαράγγων,
2863 4715 2964 4770 καὶ
3011 4707 3472 4779 καταφάγοισαν
3507 4703 3695 4758 αὐτὸν

2101 4811 2353 4867 νεοσσοί
2391 4810 2601 4866 ἀετῶν.
2633 4809 2841 4880 Νοερὶν
2888 4807 3044 4880 ὖμμα
3084 4805 3285 4876 ψυχῆς,
3319 4795 3693 4871 καταφρονοῦν

401 4915 619 4981 temnit,
653 4921 1002 4982 veteremque
1036 4924 1100 4964 ac
1143 4909 1248 4980 ipsi
1279 4917 1608 4962 coxteruam
1639 4904 1876 4976 despicit
1909 4917 1988 4960 sa-

2097 4903 2192 4958 τοῦ
2241 4904 2458 4958 πάντων
2503 4903 2679 4956 αἰτίου
2731 4900 2906 4968 Θεοῦ,
2949 4900 3045 4954 καὶ
3085 4899 3185 4958 τὴν
3231 4893 3502 4948 ωναῖδιον
3545 4885 3696 4958 αὐτῷ

404 5007 688 5077 pientiam,
727 5007 1112 5060 universorum
1141 5014 1391 5066 causam,
1417 4999 1749 5052 naturalium
1784 5007 1837 5052 et
1869 5008 1996 5052 tem-

405 5097 674 5167 poralium
699 5093 1038 5165 apparentiis
1065 5088 1409 5146 immorando
1433 5097 1487 5144 et
1513 5105 1623 5144 non
1645 5087 1996 5144 ascendendo

405 5192 472 5242 ad
504 5189 722 5243 illorum
757 5187 1024 5248 rationes,
1053 5197 1193 5253 quas
1217 5191 1342 5235 ante
1376 5181 1578 5236 saecula
1609 5179 1839 5236 salutari
1871 5193 1998 5234 con-

405 5282 533 5338 silio
565 5281 709 5336 Deus
749 5277 1035 5334 constituit
1061 5285 1120 5330 et
1151 5275 1454 5330 secundum
1490 5288 1628 5344 quas
1659 5271 1995 5327 creationem

405 5383 520 5429 tum
563 5373 860 5436 visibilem,
901 5379 1015 5424 tum
1069 5369 1401 5425 invisibilem
1440 5381 1472 5422 e
1503 5366 1678 5421 nihilo
1728 5364 1972 5420 condidit

405 5472 608 5521 cuncta
631 5465 774 5517 enim
803 5463 1019 5517 ratione
1048 5473 1105 5518 et
1125 5460 1398 5532 sapientia
1438 5461 1491 5514 in
1529 5469 1775 5528 tempore
1799 5472 2006 5528 oppor-

404 5564 543 5614 tuno
572 5540 702 5608 fecit
719 5568 781 5608 ac
804 5553 954 5618 facit,
974 5553 1126 5607 illum
1151 5553 1374 5609 oculum
1399 5552 1758 5608 exemi-alium
1781 5549 2004 5620 quidem

405 5656 752 5702 terrenarum
781 5643 979 5698 allectu
997 5645 1292 5702 immundae
1309 5660 1374 5700 ac
1399 5644 1614 5698 vitiosa:
1633 5643 2004 5714 cogitationes

407 5735 769 5790 ascendentes
782 5748 992 5790 ecarne
1005 5736 1194 5792 multis
1217 5735 1535 5807 passionum
1591 5734 1810 5789 liuentis
1847 5749 2014 5789 exca-

413 5831 537 5876 vata
559 5829 608 5878 et
625 5823 840 5880 revulsa
858 5839 888 5878 a
905 5825 1235 5883 cohaerentia
1253 5838 1306 5883 et
1323 5827 1664 5882 connexione
1685 5842 1750 5880 cu
1761 5841 1809 5880 ιιι
1831 5827 2012 5880 anima

2101 4995 2440 5068 ἀρχαιότητα
2487 4995 2586 5064 τῆς
2635 4989 2960 5054 πανταιτίας
3005 4988 3201 5057 σοφίας
3251 4983 3452 5062 τούτου
3511 4995 3694 5049 παρα-

2099 5086 2458 5158 ϐλεπόμενον,
2493 5087 2551 5138 ὲν
2590 5085 2670 5155 τῷ
2709 5081 3070 5154 έναπομένειν
3101 5082 3222 5142 ταῖς
3265 5075 3373 5131 ὑπὸ
3405 5073 3568 5144 φύσιν
3601 5069 3696 5123 καὶ

2102 5181 2302 5254 χρόνον.
2345 5177 2692 5248 ἐπιφανείαις
2741 5175 2851 5229 τῶν
2890 5173 3083 5239 ὄντων,
3121 5169 3218 5224 καὶ
3260 5167 3337 5240 μὴ
3392 5163 3530 5235 πρὸς
3569 5160 3697 5222 τοὺς

2105 5251 2301 5340 λόγους
2345 5269 2528 5322 αὐτῶν
2557 5266 2875 5330 διαϐαίνειν,
2906 5263 3001 5328 οὒς
3034 5265 3062 5315 ὁ
3101 5261 3234 5324 Θεὸς
3269 5257 3409 5328 ἔχων
3452 5253 3560 5324 πρὸ
3586 5251 3697 5340 τῷν

2116 5363 2350 5427 αίώνων,
2376 5361 2626 5433 βουλήσει
2653 5357 2832 5428 ἀγαθῇ
2860 5351 3314 5426 προῦφεστῶτας,
3343 5345 3467 5401 κατ’
3497 5339 3699 5404 αὐτοὺς

2115 5457 2212 5526 τήν
2245 5471 2304 5507 τε
2347 5431 2551 5524 όρατὴν
2587 5451 2682 5505 καὶ
2727 5450 2826 5520 τὴν
2873 5449 3105 5520 ἀόρατον
3157 5443 3222 5496 ὲκ
3269 5437 3366 5494 τοῦ
3423 5435 3498 5508 μὴ
3543 5431 3700 5526 θντος

2117 5545 2464 5616 ὑπεστήσατο
2489 5545 2689 5604 κτίσιν,
2719 5541 2866 5609 λόγῳ
2900 5538 2998 5591 καὶ
3039 5534 3203 5605 σοφίᾳ
3237 5529 3306 5584 τὰ
3341 5529 3521 5582 πάντα
3557 5520 3703 5576 κατὰ

2113 5638 2206 5690 τὸν
2227 5637 2414 5691 δέοντα
2434 5638 2626 5706 χρόνον
2651 5635 2886 5702 ποιήσας
2918 5649 2976 5684 τε
3013 5629 3108 5682 καὶ
3135 5623 3333 5689 ποιῶν,
3365 5620 3429 5674 τὸ
3456 5613 3706 5671 τοιοῦτον

2122 5731 2276 5802 ὅμμα
2299 5703 2709 5798 ἐκτυιρλώσουσι
2737 5725 2834 5796 μὲν
2860 5724 2969 5776 τῶν
2992 5719 3323 5791 ἀκαθάρτων
3347 5707 3624 5782 λογισμῶν
3651 5703 3702 5802 oi

2277 5796 2512 5891 illudi?)
2541 5822 2640 5892 τῆς
2680 5817 2888 5890 ἀρετῆς
2918 5804 3445 5873 ἀναϐαίνοντες-ἀπὸ
3481 5802 3584 5874 τῆς
3618 5796 3699 5868 τῷ
