3976 6384
368 397 504 463 152]

1425 408 1963 472 (ῘΟΜΜΕἻΤΑΙΙΙΙ
1992 411 2073 472 IN
2108 414 2569 481 PROVERBIA-

3516 426 3654 489 15:10

365 518 544 592 πολλῷ
570 519 802 591 ῥεύματι
824 519 933 575 τῶν
956 517 1146 575 παθῶν
1171 519 1694 593 ἐκχαραδρωθείσης
1717 525 1930 608 σαρκὸς,

2048 526 2350 583 secundum
2377 531 2552 601 legem
2582 532 2678 588 Dei
2701 535 2795 604 qui
2820 535 2942 593 illas
2960 536 3465 608 simulconjunuit;
3500 538 3553 589 ill
3600 555 3658 593 ιιι

363 615 459 669 καὶ
484 616 600 667 διατ
611 611 880 687 μηθείσης
906 614 1008 684 τὴν
1037 614 1174 686 πρὸς
1210 613 1312 685 τὴν
1338 612 1521 684 ψυχὴν
1544 616 1689 668 κατὰ
1719 603 1812 667 τ’δν
1841 615 1937 668 τοῦ

366 703 733 776 συνδήσαντος
754 704 890 759 Θεοῦ
913 705 1100 773 νόμον,
1126 705 1507 775 πνευματικὴν
1534 704 1816 808 cavea-itm
1843 694 1939 757 xui.

364 797 683 868 συνάφειαν,
714 795 793 862 ὡς
827 797 1170 862 σκοτίζοντες
1189 795 1322 850 αὐτὸ
1352 798 1418 867 τῇ
1454 796 1637 866 σχέσει
1672 794 1782 848 σῖὢν
1823 794 1940 847 ὑλι-

358 889 503 945 κῶν·
536 889 985 945 καταναλὼσουσι
1014 888 1144 963 δέἢοί
1173 888 1296 943 καθ’
1330 887 1639 962 ὑπερϐολὴν
1671 887 1773 957 τῆς
1807 886 1939 957 ἀρε-

357 980 480 1051 τῆς,
511 981 576 1035 ἐκ
607 982 718 1036 τῶν
748 979 905 1051 δίκην
936 980 1215 1051 ύψιπετῶν
1244 978 1420 1033 ἀετῶν
1452 979 1533 1041 είς
1586 976 1723 1046 ὕψος
1761 977 1938 1048 ὑπερ-

2049 623 2232 671 antem
2278 626 2989 695 consumentcogiiationcs
3012 644 3111 699 per
3134 644 3428 686 excessum
3472 631 3651 688 virtu~

2049 706 2121 761 tis
2161 722 2301 777 quas
2332 712 2387 765 in
2423 714 2604 769 anima
2635 717 2858 787 pariunt
2879 720 3031 789 pravi
3060 721 3288 791 spiritus
3315 737 3471 778 more
3496 726 3655 793 aqui-

2049 801 2226 855 larum
2253 803 2649 862 altivolantium
2688 809 2743 864 in
2774 812 3116 867 altitudinem
3137 814 3466 885 arrogantiae
3498 816 3649 876 elatl.

2048 887 2307 950 Heenim
2346 902 2704 970 cogitationes
2744 905 3112 974 speculativas
3155 908 3354 964 animae
3376 910 3653 979 potentias
3736 914 3743 925 ’

2047 994 2186 1037 vana
2220 987 2575 1048 meditatione
2596 994 2915 1054 absumunt.

358 1073 595 1165 ηιρανίας
626 1072 932 1165 αἰρομένων
956 1074 1056 1165 τῇς
1079 1073 1349 1165 πονηρίας
1373 1071 1722 1143 πνευμάτων,
1750 1070 2232 1149 ἐναποτικτόμενοι
2269 1083 2336 1151 τῇ
2357 1081 2504 1157 ψυχῇ
2538 1085 2831 1158 λογισμοί·
2872 1089 2949 1153 ὡς
2975 1090 3040 1145 τὸ
3080 1090 3288 1163 ταύτης
3324 1094 3393 1165 τῇ
3440 1089 3647 1164 ματαίᾳ

357 1162 531 1233 οἰήσει
570 1163 960 1234 ἐπινεμόμενοι
980 1162 1344 1235 θεωρητικόν.

430 1267 523 1332 ιη’,
568 1260 654 1315 ιθ’.
699 1261 838 1329 Τρία
876 1259 944 1314 δέ
974 1259 1149 1323 ἐστιν
1180 1257 1485 1315 ἀδύνατόν
1533 1275 1637 1329 μοι
1688 1254 1937 1326 νοῆσαι,

355 1350 456 1406 καὶ
504 1350 571 1405 τὸ
611 1350 900 1421 τέταρτον
932 1352 1045 1407 οὐκ
1090 1349 1499 1421 ἐπιγινώσκωο
1561 1350 1703 1421 ἴχνη
1758 1345 1939 1404 ἀετοῦ

355 1440 710 1512 πετομένου,
766 1441 867 1497 καί
910 1441 1091 1508 ὀδοὺς
1146 1441 1339 1511 ὄφεως
1394 1439 1495 1495 ἐπὶ
1541 1442 1788 1507 πέτρας,
1836 1438 1937 1493 καὶ

354 1534 597 1602 τρίϐους
616 1532 767 1601 νηὸς
792 1533 1320 1602 ποντοπορούσης,
1358 1531 1458 1586 καὶ
1490 1530 1673 1596 ὀδοὺς
1712 1528 1938 1598 ἀνδρὸς

350 1625 424 1679 ἐν
467 1626 725 1694 νεότητι.
757 1625 971 1698 Ὠσπερ
1023 1624 1285 1681 ἀδύνατόν
1334 1641 1428 1695 μοι
1476 1625 1546 1677 τὰ
1578 1622 1710 1693 τρία
1763 1620 1939 1675 ταῦτα

351 1717 685 1772 καταλαϐεῖν
704 1734 718 1748 ·
752 1719 1050 1789 ίπταμένου
1083 1735 1141 1772 τε
1170 1716 1334 1772 ἀετοῦ
1361 1717 1505 1787 ίχνη,
1542 1716 1637 1769 καὶ¹
1671 1714 1939 1785 ἕρποντας

352 1810 447 1863 ἐπὶ
498 1809 711 1881 πέτρας
747 1809 928 1878 ὄφεως
957 1808 1141 1874 ὀδοὺς,
1200 1808 1295 1863 καὶ
1330 1804 1778 1877 ποντοπορούσης
1807 1804 1938 1875 νηὸς

354 1901 601 1974 τρίδους,
625 1900 813 1972 ἐπειδὴ
838 1902 1013 1957 ταῦτα
1055 1901 1238 1955 πάντα
1279 1899 1606 1972 ἀνύπαρκτα
1624 1914 1640 1931 ο
1667 1898 1811 1952 οὕτω
1843 1914 1936 1970 μοι

2119 1254 2285 1313 Vens.
2320 1257 2409 1325 18,
2443 1261 2530 1316 l9.
2559 1261 2690 1318 Tria
2723 1273 2849 1319 sunt
2867 1264 3107 1335 diﬁicilia
3136 1264 3287 1341 nti/ti,
3324 1275 3378 1322 et
3395 1274 3644 1337 quartum

2042 1352 2251 1418 penitus
2289 1352 2476 1423 ignaro
2511 1369 2529 1407 :
2558 1356 2779 1427 vestigia
2811 1358 3006 1425 aquila:
3031 1358 3280 1426 volantis,
3301 1367 3351 1413 et
3374 1361 3487 1415 vias
3523 1374 3641 1413 aer-

2042 1445 2214 1513 pentis
2232 1445 2289 1499 in
2311 1457 2497 1515 petra,
2528 1457 2582 1503 et
2616 1459 2835 1504 semitas
2876 1452 3026 1506 nanis
3072 1452 3403 1523 navigantis,
3449 1461 3501 1507 et
3527 1452 3643 1507 vias

2042 1537 2145 1591 viri
2196 1538 2254 1591 in
2296 1538 2680 1595 adolescentia.
2747 1540 3222 1608 Quemadmodum
3294 1543 3643 1611 impossibile

2044 1627 2181 1683 mihi
2231 1628 2338 1683 tria
2371 1628 2487 1686 haec
2510 1646 2708 1701 capere
2745 1650 2758 1689 :
2790 1645 2846 1690 et
2882 1635 3115 1689 volantis
3148 1634 3346 1705 aquila
3378 1634 3637 1705 vestigia,

2043 1726 2099 1774 et
2133 1722 2380 1792 repentis
2403 1722 2616 1778 colubri
2642 1724 2761 1780 vias
2808 1724 2863 1779 in
2905 1734 3079 1795 petra,
3109 1733 3164 1781 et
3205 1724 3519 1796 navigantis
3547 1740 3649 1779 na-

2042 1810 2128 1867 vis
2165 1814 2413 1880 semitas,
2447 1815 2577 1884 quia
2627 1816 2745 1873 haec
2788 1817 2972 1872 omnia
3022 1831 3131 1871 non
3165 1816 3480 1872 subsistunt
3504 1856 3521 1883 ,
3553 1816 3630 1871 ita

2041 1909 2098 1957 et
2135 1912 2390 1974 quartum
2446 1906 2582 1961 mihi
2625 1910 2906 1979 ignotum,
2938 1906 3231 1964 instabiles
3271 1907 3638 1978 cogitationes

350 1992 449 2045 καὶ
480 1992 540 2044 τὸ
568 1992 840 2063 τέταρτον
866 1993 1168 2061 ἄγνωστον,
1197 1994 1254 2045 αἱ
1288 1990 1385 2045 τοῦ
1411 1988 1485 2064 μὴ
1510 1990 1930 2061 τετελειωμένου

2047 1996 2241 2053 mentis
2270 2012 2394 2067 quae
2422 1998 2489 2054 ad
2512 1975 2810 2070 perlectam
2868 2007 3086 2056 aetatem
3131 1975 3473 2072 spiritualem
3504 2014 3639 2056 non-

348 2082 449 2155 τὴν
482 2082 863 2154 πνευματικὴν
895 2082 1114 2154 ἡλικίαν
1144 2084 1264 2149 νοὸς
1291 2084 1519 2140 άστατοι
1548 2083 1772 2138 ἔννοιαι.

419 2181 488 2229 κ’.
538 2174 786 2243 Τοιαύτη
815 2174 957 2241 ὁδὸς
985 2174 1273 2243 γυναικὸς
1297 2174 1680 2245 μοιχαλίδος,
1707 2172 1747 2243 ἦ
1787 2172 1935 2228 ὅταν

345 2265 575 2336 πράξῃ,
627 2265 1052 2336 ἀπονιψαμένη
1075 2306 1090 2331 ,
1131 2256 1315 2321 οὐδέν
1354 2281 1507 2336 φησι
1560 2267 1933 2334 πεπραχέναι

347 2354 597 2411 ἄτοπον.
635 2348 735 2418 Δίς
761 2354 924 2425 ὁμοία
943 2357 977 2427 ἡ
1005 2357 1105 2426 τῆς
1137 2354 1330 2427 πόρρω
1358 2354 1454 2409 τοῦ
1476 2355 1640 2425 λόγου
1667 2354 1933 2429 νευούσης

346 2447 553 2519 σαρκὸς
574 2449 673 2502 καὶ
705 2448 836 2518 περὶ
863 2446 932 2501 τὰ
961 2445 1201 2516 αἰσθητὰ
1248 2447 1611 2518 πλανωμένης
1639 2448 1893 2517 ἐνέργεια
1913 2466 1929 2480 υ

339 2536 468 2608 ἥτις
517 2535 655 2604 σὰρξ
696 2536 836 2607 μετὰ
880 2536 979 2608 τὴν
1024 2536 1325 2608 ἁμαρτίαν,
1368 2536 1463 2591 τὸν
1530 2536 1676 2591 κατὰ
1720 2536 1930 2611 ταύτην

344 2625 522 2698 ῥύπον
557 2624 788 2697 δάκρυσι
849 2624 1144 2695 μετανοίας
1188 2623 1531 2693 ἐκπλύνασα,
1579 2625 1930 2681 ἀποδεικνύει

341 2717 550 2790 ἐαυτὴν
572 2717 963 2789 ἀναμάρτητον
987 2735 1001 2749 ·
1038 2717 1231 2772 στάσιν
1258 2716 1630 2789 λαμϐάνοντος
1658 2717 1754 2772 τοῦ
1785 2718 1927 2786 νοὸς,

339 2812 410 2882 τῇ
444 2810 575 2881 περὶ
604 2808 859 2887 τὸῄὅντως
882 2810 1089 2879 ἀγαθὸν
1121 2810 1314 2882 ἀληθεῖ
1344 2809 1568 2883 θεωρίᾳ.

392 2909 523 2957 ·κα’.
563 2902 671 2956 Διὰ
715 2900 896 2971 τριῶν
943 2902 1171 2958 σείεται
1200 2904 1237 2971 ἠ
1268 2900 1382 2974 τῆ·
1429 2904 1498 2958 τὸ
1532 2903 1602 2957 δὲ
1644 2903 1933 2974 τέταρτον

339 2996 415 3051 οὐ
449 2996 702 3051 δύναται
732 2995 960 3066 φέρειν.
995 2995 1097 3049 Διὰ
1128 2994 1335 3051 τούτων
1367 2996 1479 3051 τῶν
1525 2997 1695 3067 τριῶν
1726 2996 1802 3060 ὡς
1840 2996 1933 3051 διά

338 3104 490 3150 τινος
521 3086 749 3159 σεισμοῦ
776 3086 1090 3152 διιστῶντος
1113 3088 1184 3142 τὰ
1215 3088 1438 3159 συνεχῆ,
1470 3087 1830 3160 διασπωμὲνη
1861 3089 1927 3161 τῇ

335 3176 532 3252 λογικῇ
558 3180 837 3251 διακρίσει
880 3182 914 3252 ἡ
946 3180 1301 3235 πυκνωθεῖσα
1326 3181 1441 3246 ἕξις
1475 3183 1541 3252 τῇ
1572 3182 1639 3235 ἐκ
1667 3182 1777 3235 τῶν
1805 3181 1930 3236 καθ’

338 3273 536 3346 ἡδονὴν
575 3275 671 3329 καὶ
692 3273 889 3344 ὀδύνην
925 3272 1188 3328 ἐναντίων
1221 3276 1321 3345 τῆς
1350 3273 1553 3335 κακίας
1581 3273 1767 3343 μερῶν
1794 3291 1929 3343 συγ-

340 3367 575 3438 κειμένη
609 3366 913 3439 μοχθηρία·
952 3367 1014 3420 τὸ
1033 3365 1091 3419 δέ
1119 3366 1387 3437 τέταρτον
1414 3364 1604 3437 φέρειν
1638 3366 1775 3430 ὅλως
1800 3367 1930 3421 ἀδυ-

336 3458 598 3527 νατοῦσα,
637 3461 823 3514 τέλεον
856 3459 958 3530 τῆς
997 3459 1196 3523 κακίας
1220 3458 1517 3525 ἐξίσταται.

410 3550 516 3623 κβ’.
565 3552 710 3608 Ἐὰν
746 3552 987 3620 οἰκέτης
1017 3551 1394 3623 βασιλεύσῃ.
1433 3552 1564 3607 Ἐὰν
1601 3553 1629 3607 ὁ
1660 3551 1932 3607 δουλεύων

342 3645 624 3716 σαρκὶοείς
656 3644 1004 3716 παραλόγους
1042 3644 1365 3716 ἐπιθυμίας,
1404 3646 1745 3717 ἐπιστατήσῃ
1780 3645 1930 3698 ἐννό-

343 3752 463 3808 μως
494 3734 632 3805 αὐτῇ
658 3733 799 3787 κατᾶ
830 3732 1054 3804 πρᾶξιν,
1088 3732 1184 3785 καὶ
1213 3731 1434 3805 καθάρῃ
1472 3732 1645 3803 αὐτὴν
1670 3732 1804 3802 θείῳ
1834 3732 1931 3799 c.96-

340 3826 422 3895 σῳ
451 3825 562 3882 ἀπὸ
590 3824 791 3889 παντὸς
820 3822 1088 3895 λογισμοῦ
1121 3824 1220 3894 τῆς
1266 3823 1389 3877 κατ’
1422 3824 1710 3895 ἐνέργειαν
1751 3824 1932 3894 άμαρ-

342 3915 488 3980 τίας.
1664 3932 1674 3941 ⁸

408 4009 519 4064 Καί
553 4008 759 4078 ἄφρων
791 4007 1044 4078 πλησθῇ
1077 4008 1311 4063 σιτίων.
1338 4008 1451 4063 Καὶ
1471 4007 1568 4063 ἐὰν
1596 4007 1626 4061 ὁ
1653 4007 1730 4079 μὴ
1755 4007 1926 4076 ἐγνωο

332 4100 453 4164 κὼς
485 4100 640 4165 Θεὸν,
678 4101 963 4173 ἐμφορηθῇ
996 4102 1106 4154 τῶν
1138 4104 1197 4154 ἐν
1231 4101 1507 4173 πνεύματι
1544 4100 1927 4173 θεωρημάτων

332 4191 542 4257 αὑτοῦ,
577 4191 770 4255 διαϐὰς
812 4191 914 4255 τὰς
967 4192 1089 4246 κατ’
1120 4191 1382 4264 αἴσθησιν
1436 4193 1762 4263 ἐπιφανείας
1815 4191 1927 4247 τῶν

331 4285 585 4357 ὁρατῶν·
626 4286 719 4339 καὶ
749 4286 864 4350 τοῖς
892 4284 1074 4354 λόγοις
1105 4285 1313 4339 τούτων
1340 4285 1640 4356 φωτισθεὶς
1670 4284 1747 4350 ὥς
1780 4302 1926 4339 τισιν

332 4380 524 4435 ἀκτῖσι
550 4377 648 4432 τοῦ
669 4379 767 4449 τῆς
796 4377 1146 4449 δικαιοσύνης
1167 4377 1349 4448 ἡλίου,
1380 4378 1476 4431 καὶ
1499 4378 1665 4432 αὐτὸν
1695 4378 1790 4432 τὸν
1824 4376 1921 4432 τοῦ

332 4474 543 4537 παντὸς
571 4473 741 4528 αἴτιον
764 4471 918 4537 Θεὸν,
939 4473 1004 4526 ἐκ
1024 4470 1134 4526 τῶν
1164 4470 1719 4553 τούτουποιημάτων
1748 4489 1922 4526 κατα-

332 4563 544 4621 λαϐὼν.

2042 2088 2176 2142 dttm
2202 2091 2471 2157 pervenit.

2099 2175 2373 2235 Vens.20.
2402 2180 2550 2235 Talis
2584 2191 2660 2236 est
2695 2181 2779 2236 via
2807 2180 3049 2235 mulieris
3076 2180 3635 2248 adultera,quodcun-

2033 2283 2133 2337 que
2146 2270 2327 2339 egerit,
2356 2269 2485 2336 lota,
2513 2271 2590 2325 ait
2605 2288 2659 2326 se
2680 2271 2813 2325 nihil
2832 2271 2961 2326 mali
2984 2271 3192 2341 fecisse.
3214 2273 3312 2326 His
3328 2271 3526 2326 similis
3547 2279 3631 2325 est

2033 2362 2282 2430 operatio
2310 2377 2433 2432 qua:
2476 2362 2634 2434 longe
2672 2377 2702 2416 a
2739 2363 2955 2420 ratione
2985 2364 3208 2418 aberrat
3239 2371 3294 2419 et
3341 2372 3624 2417 annuente

2033 2466 2223 2517 carne,
2257 2452 2327 2508 ad
2353 2451 2632 2509 sensibilia
2663 2461 2920 2524 vagatur;
2956 2468 3080 2525 quae
3105 2467 3235 2509 caro
3271 2459 3395 2522 post
3432 2467 3627 2523 pecca-

2034 2555 2171 2611 tum,
2206 2560 2331 2602 cum
2386 2548 2595 2617 peccati
2623 2548 2819 2604 sordes
2865 2546 3039 2602 abluit
3094 2560 3191 2615 per
3225 2543 3624 2616 paenitentiam,

2031 2637 2273 2695 ostendit
2302 2638 2541 2709 seipsam
2570 2638 2782 2708 peccati
2827 2643 3130 2709 expertem.
3160 2633 3314 2690 Mens
3361 2632 3641 2703 stabilita.

2035 2740 2145 2785 tem
2195 2729 2401 2801 accipit
2447 2744 2545 2802 per
2579 2744 2759 2785 veram
2811 2731 2878 2785 de
2932 2743 3062 2785 vero
3101 2727 3247 2784 bono
3297 2725 3628 2796 contempla.

2032 2821 2262 2877 tionem.

2102 2911 2267 2969 Vens.
2297 2911 2388 2968 2i.
2422 2911 2529 2968 Per
2556 2912 2662 2967 tria
2689 2921 2925 2967 movetur
2954 2919 3097 2967 terra
3119 2950 3134 2978 ,
3159 2917 3210 2965 et
3236 2915 3488 2982 quartum
3520 2923 3631 2962 non

2029 3013 2195 3073 potest
2221 3005 2499 3061 sustinere.
2535 3005 2637 3061 Per
2665 3005 2770 3060 tria
2803 3005 2917 3060 haec
2947 3003 3106 3074 quasi
3128 3007 3468 3067 terricmotu,
3489 3015 3627 3070 quo-

2032 3096 2157 3152 dam
2187 3097 2380 3175 juncta
2419 3097 2794 3170 disjungente,
2818 3097 3001 3152 anima
3032 3096 3311 3151 divellitur
3343 3092 3625 3165 spirituali

2032 3189 2391 3256 discretione,
2421 3208 2543 3263 quae
2598 3193 2908 3247 incrassata
2960 3192 3078 3253 erat
3127 3187 3477 3259 improbitate
3504 3199 3630 3254 quas

2035 3285 2285 3355 procedit
2312 3300 2341 3338 a
2370 3287 2649 3355 voluptate
2691 3293 2744 3340 et
2789 3284 2979 3339 dolore
3022 3284 3075 3336 in
3112 3280 3248 3336 vitio
3290 3295 3350 3335 se
3391 3278 3625 3332 invicem

2041 3376 2545 3446 propugnantibus.
2579 3374 2849 3441 Quartum
2889 3381 3073 3428 autem
3109 3370 3256 3441 quod
3300 3370 3447 3425 ferre
3475 3368 3623 3423 nullo

2038 3467 2203 3520 modo
2236 3473 2438 3536 potest,
2469 3467 2679 3520 scilicet
2706 3480 2734 3517 a
2757 3466 2899 3518 malo
2936 3478 3169 3534 prorsus
3206 3461 3378 3516 exire.

2108 3556 2278 3613 Vens.
2308 3558 2398 3612 22.
2439 3557 2498 3611 Si
2539 3558 2776 3627 famuius
2831 3565 3026 3626 regnet.
3064 3553 3122 3608 Si
3174 3554 3265 3609 ille
3307 3552 3399 3622 qui
3445 3548 3616 3606 servit

2034 3653 2190 3706 carni
2226 3655 2281 3706 in
2323 3651 2604 3720 improbas
2636 3644 3139 3721 concupiscentias,
3180 3646 3257 3700 illi
3290 3643 3529 3715 legitime
3558 3641 3613 3695 in

2034 3745 2250 3799 actibus
2274 3743 2576 3811 praefuerit,
2605 3745 2865 3813 illamque
2905 3740 3279 3812 pnrilicaverit
3323 3752 3420 3806 per
3448 3735 3627 3789 timor

2032 3851 2149 3891 rem
2180 3834 2273 3890 Dei
2305 3837 2374 3890 ab
2406 3835 2554 3889 omni
2590 3834 2974 3905 peccaminosa
3004 3829 3364 3902 cogitatione.

2104 4004 2175 4061 Ει
2212 4005 2516 4075 imprudens
2563 4013 2838 4060 saturatas
2867 4005 3029 4076 fuerit
3078 4004 3231 4059 cibis.
3280 4002 3340 4057 Si
3392 4004 3479 4058 ille
3531 4003 3642 4072 qni‘

2033 4098 2200 4154 Deum
2252 4100 2466 4167 ignorat
2491 4098 2828 4169 ,‘prazceptis
2856 4098 2976 4167 ejus
3001 4098 3056 4151 in
3110 4097 3304 4166 Spiritu
3342 4095 3503 4150 fuerit
3532 4097 3649 4149 im»

2036 4194 2240 4263 pletus,
2266 4192 2559 4248 scnsibiles
2589 4191 2887 4246 visibilium
2909 4190 3259 4259 apparentias
3297 4196 3625 4259 praetergre-

2030 4284 2225 4351 diens;
2258 4293 2311 4338 et
2354 4283 2398 4339 si
2453 4284 2759 4339 rationibus
2803 4298 2992 4340 eorum
3046 4282 3391 4337 illuminatus
3456 4280 3641 4349 quasi"

2028 4377 2199 4432 radiis
2221 4376 2365 4431 Solis
2393 4376 2640 4447 iustitiae,
2683 4377 2848 4431 Deum
2888 4378 3063 4447 ipsum
3097 4375 3475 4430 universorum
3501 4386 3633 4425 cau-

2028 4488 2144 4528 sam
2201 4488 2268 4527 ex
2299 4472 2559 4542 Operibus
2586 4471 2706 4542 ejus
2732 4472 3084 4527 intellexerit.

409 4614 673 4725 ur'L'Kai
705 4655 944 4722 οἰκέτις,
985 4656 1095 4711 ἐὰν
1128 4651 1355 4726 ἐκϐάλῃ
1392 4655 1507 4725 τὴν
1552 4655 1776 4727 ἑαυτῆς
1816 4677 1925 4714 κυ-

2100 4646 2397 4711 νειιεηὲὄ.
2430 4646 2495 4701 Et
2515 4646 2723 4701 ancilia
2757 4648 2805 4702 si
2831 4648 3041 4719 ejeceri:
3063 4648 3337 4704 dominam
3361 4660 3535 4707 suam.
3562 4652 3646 4705 Et”
3752 4676 3757 4679 -

324 4751 495 4823 ρίαν.
517 4750 627 4805 Καὶ
655 4750 751 4804 ἐὰν
780 4752 815 4817 ἡ
844 4750 986 4804 κατὰ
1012 4748 1252 4803 διάνοιαν
1280 4748 1612 4802 δουλεύουσα
1638 4750 1705 4822 τῇ
1736 4749 1919 4821 άμαρ-

328 4845 432 4914 tia
462 4843 609 4915 ψυχὴ
640 4842 892 4915 ἀπελάσῃ
925 4840 1132 4910 ταύτην
1163 4839 1361 4911 αὐτῆς.

409 4935 523 4991 Καὶ
558 4936 790 5006 μισητὴ
834 4935 1013 5006 γυνὴ,
1057 4935 1169 4989 ἐὰν
1205 4936 1361 5005 τύχῃ
1412 4934 1633 5003 ἀνδρὸς
1672 4935 1922 5006 ἀγαθοῦ.

329 5025 486 5097 Πρὸς
505 5025 585 5090 δὲ,
616 5028 709 5079 καὶ
741 5027 835 5080 ἐὰν
863 5025 1238 5088 τελειωθεῖσα,
1273 5026 1541 5096 ἐπιτυχὴς
1565 5026 1796 5097 γένηται
1822 5023 1917 5079 τοῦ

329 5119 547 5187 ἀγαθοῦ
572 5119 808 5190 νυμφίου
832 5120 1001 5190 αὐτῆς
1020 5117 1156 5171 Θεοῦ
1179 5118 1378 5186 Λόγου·
1406 5116 1731 5187 κολληθεῖσα
1753 5116 1923 5189 αὐτῷ,

329 5212 436 5267 καὶ
488 5211 707 5284 πνεῦμα
756 5211 815 5265 ἐν
862 5210 1171 5281 γενομένη,
1231 5210 1701 5281 ἀποστρεφομένῳ
1757 5209 1928 5282 αὐτὴν

332 5303 630 5374 πρότερον,
661 5303 749 5357 διὰ
776 5303 837 5355 τὸ
866 5302 1149 5370 ἐγκεῖσθαι
1196 5302 1399 5372 ταύτην
1426 5300 1707 5370 ἐπιμελῶς
1736 5303 1817 5365 είς
1857 5303 1929 5356 τά

330 5396 572 5471 πονηρὰ,
601 5396 724 5450 οὐδὲ
749 5394 1012 5464 λογισμδν
1038 5394 1268 5465 ἐμπαθῆ
1294 5394 1431 5460 ὅλως
1470 5392 1553 5448 ἔτι
1574 5393 1929 5459 ἐπιδέξασθαι

327 5484 585 5552 δύναται,
628 5487 716 5540 διὰ
758 5486 819 5539 τὸ
848 5486 1103 5554 γενέσθαι
1151 5485 1280 5557 ὃλην
1319 5486 1414 5539 τοῦ
1457 5485 1791 5557 πνεύματος,
1832 5488 1931 5541 καὶ

332 5575 603 5629 τετάσθαι
642 5577 698 5629 τὸ
730 5575 1126 5645 ἐπιθυμητικὸν
1155 5576 1326 5650 αὐτῆς
1357 5575 1480 5629 ὅλον
1519 5576 1658 5646 πρὸς
1690 5577 1923 5648 Κύριον.

411 5755 512 5811 κδ’.
560 5758 832 5827 Τέσσαρα
860 5757 926 5812 δέ
950 5759 1121 5816 ἐστιν
1160 5760 1459 5830 ἐλάχιστα
1503 5763 1600 5816 ἐπὶ
1634 5762 1745 5831 τῆς
1774 5764 1888 5833 γῆς
1912 5781 1925 5795 ·

349 5845 534 5903 ταῦτα
563 5850 629 5903 δέ
654 5851 781 5904 ἐστι
804 5844 1113 5921 σοφώτερα
1148 5853 1267 5907 τῶι·
1310 5854 1537 5925 σοφῶν.
1571 5856 1651 5910 Tit
1687 5857 1928 5926 τέσσαρα

2026 4742 2072 4798 si
2113 4742 2296 4796 anima
2341 4757 2461 4809 quae
2515 4749 2743 4810 peccato
2807 4748 2992 4796 mente
3039 4742 3346 4809 serviebat,
3398 4743 3536 4798 illud
3596 4762 3650 4797 an

1986 4912 1989 4915 _
2027 4847 2210 4893 mente
2246 4836 2544 4906 expulerit.

2100 4930 2169 4984 Et
2204 4929 2419 4985 adibitis
2467 4931 2657 4986 mulier
2706 4931 2752 4985 si
2774 4930 2967 4986 sortita
3007 4930 3169 5002 fuerit
3207 4931 3379 4986 virum
3412 4929 3637 4985 bonum:
3678 4928 3688 4938 ’

2029 5023 2259 5093 Insuper
2284 5032 2337 5077 et
2372 5022 2419 5077 si
2440 5037 2563 5077 cum
2594 5023 2661 5077 ad
2692 5031 2907 5078 aetatem
2942 5020 3242 5093 perfectam
3290 5025 3647 5092 pervenerit;

2031 5115 2295 5170 sortiatur
2340 5115 2557 5170 bonum.
2579 5115 2699 5180 eius
2730 5131 2999 5188 sponsum
3045 5116 3141 5172 Dei
3182 5116 3435 5179 verbum,
3491 5130 3631 5170 com

2031 5207 2295 5279 glutinata
2334 5207 2435 5274 illi,
2476 5224 2541 5264 ac
2573 5225 2718 5264 unus
2754 5209 2951 5265 effecta
2995 5209 3225 5279 spiritus
3268 5222 3395 5263 cum
3425 5220 3492 5263 eo
3531 5210 3643 5278 qui'

2031 5301 2184 5372 prius
2213 5302 2364 5356 illam
2398 5303 2667 5371 reiecerat
2697 5304 2768 5358 ob
2809 5304 3196 5372 cogitationem
3232 5301 3380 5357 illius
3407 5301 3475 5355 ad
3511 5317 3629 5354 ιιιιμ

2035 5393 2144 5446 lum
2189 5392 2496 5460 intentam;
2534 5393 2580 5447 si
2614 5394 2819 5447 nullam
2866 5407 3102 5463 prorsus
3146 5393 3500 5463 passionibns
3534 5394 3630 5445 oln-

2035 5483 2252 5538 noxiam
2302 5482 2688 5550 cogitationem
2739 5484 3029 5537 admittere
3081 5486 3282 5553 possit,
3321 5482 3449 5552 quia
3512 5488 3651 5534 tota

2035 5574 2266 5644 Spiritus
2293 5573 2435 5628 facta
2469 5584 2576 5640 est,
2620 5584 2674 5627 et
2706 5589 2924 5628 onmem
2975 5574 3099 5645 ejus
3130 5572 3633 5643 concupiscibilem

2037 5667 2337 5738 appetitum
2363 5668 2638 5721 convertit
2662 5667 2727 5722 ad
2755 5666 2947 5722 Deum.

2111 5757 2277 5814 Vens.
2308 5758 2399 5813 24.
2439 5756 2683 5823 Quatuor
2719 5768 2843 5813 sunt
2875 5760 3096 5813 minima
3155 5769 3330 5823 terrm,
3386 5766 3436 5812 et
3494 5762 3626 5821 ipso

2047 5864 2165 5906 sunt
2200 5850 2521 5921 sapientiora
2554 5848 2897 5921 sapientibus.
2944 5852 3195 5916 Quatuor
3234 5852 3349 5906 hinc
3396 5850 3449 5905 in
3486 5860 3655 5905 terr:-
