3976 6380
258 373 401 442 1533

1249 393 1782 460 COMMENTARII
1843 398 1925 459 IN
1979 401 2431 465 PROVEBBIA.

3387 398 3408 462 1
3421 393 3528 461 534

245 484 578 557 ὑπεμφαίνει
598 491 626 543 ὁ
656 491 812 560 λέων,
839 497 1160 570 τικτόμενος
1187 499 1365 572 λόγος,
1394 505 1673 578 διέρχεται
1708 507 1822 562 κατ’

1939 525 2032 581 per
2059 502 2332 568 defectum
2383 517 2478 566 aut
2521 524 2618 581 per
2665 523 2958 573 excessum
3001 509 3107 581 ipsi
3140 508 3524 580 adhzeretites;
3575 527 3581 530 "

245 581 449 652 ἀρετὴν
475 583 744 655 ἁπτόητος
775 591 887 652 τοῖς
921 592 1353 663 παρακειμένοις
1394 596 1534 670 αὐτῇ
1581 597 1706 652 κατ’
1742 596 1833 652 ἐλ-

243 671 423 742 λειψιν
454 676 548 728 καὶ
579 677 889 751 ὑπερϐολὴν
931 683 1163 742 πάθεσι·
1203 686 1304 742 καὶ
1349 689 1505 753 τέλος
1541 688 1654 746 τῶν
1687 707 1834 762 πραε

246 763 390 816 κτῶν
417 767 664 837 εὑρίσκει
687 772 750 828 τὸ
781 774 1009 842 ἀγαθόν.

314 855 417 911 λα’.
450 859 562 913 Καὶ
583 861 854 933 ἀλέκτωρ
896 865 1314 935 ἐμπεριπατῶν
1346 875 1616 942 θηλείαις
1642 847 1841 947 εὔψυέ

246 963 375 1014 χος.
405 951 514 1004 Καὶ
545 953 708 1018 αὐτὸς
730 956 788 1010 δὲ
819 958 848 1010 ὁ
879 958 1026 1024 νοῦς,
1057 960 1116 1024 ὃς
1141 963 1240 1027 τὰς
1275 965 1567 1022 τοῦἪλίου
1612 969 1713 1039 τῆς
1753 970 1836 1023 διο

245 1041 538 1132 καιοσύνης
566 1046 816 1114 ἀκτῖνας,
853 1045 941 1104 οἶά
969 1068 1062 1116 τις,
1086 1054 1406 1126 ἀλεκτρυὼν
1443 1061 1677 1132 προορᾷ,
1711 1062 1836 1125 ταῖς

242 1131 564 1202 αἰσθήσεσιν
609 1137 984 1212 ἐνδιατρίϐων,
1019 1144 1113 1197 καὶ
1160 1147 1300 1218 πρὸς
1325 1149 1455 1212 τοὺς
1500 1131 1696 1219 λόγους
1721 1151 1835 1205 τῶν

241 1223 412 1277 ὄντων
437 1224 751 1294 διαϐαίνων,
778 1233 876 1286 καὶ
925 1234 1080 1299 τέλος
1117 1236 1228 1291 τῶν
1267 1240 1527 1309 γνωστῶν
1561 1240 1835 1313 εὑρίσκων

239 1316 340 1385 τὴν
373 1317 654 1387 ἀλήθειαν,
693 1323 752 1376 οὑ
788 1323 995 1381 δέδοικε
1019 1327 1122 1391 τας
1151 1332 1529 1397 κατασπώσας
1558 1334 1626 1404 τῇ
1648 1333 1834 1405 σχέσει

239 1407 350 1462 τῶν
377 1409 580 1465 ὑλικῶν
614 1416 937 1484 ἐπιφανείας
965 1421 1074 1473 τῶν
1102 1423 1340 1493 ὁρατῶν.

309 1501 420 1556 Καὶ
451 1502 667 1572 τράγος
704 1508 1042 1579 ἡγούμενος
1059 1514 1375 1568 αἰπολίου·
1404 1516 1504 1571 καὶ
1527 1517 1833 1586 βασιλεὺς

233 1590 594 1682 δημηγορῶν
631 1596 703 1650 ἐν
731 1598 912 1655 ἔθνει.
955 1601 1014 1658 '0
1039 1602 1086 1656 δ’
1117 1601 1290 1668 οὕτως
1310 1605 1546 1680 ἔμφρονι
1569 1609 1716 1682 λόγῳ
1737 1611 1833 1666 καὶ

233 1681 338 1751 νοῒ,
363 1687 504 1740 κατὰ
526 1688 728 1757 πρᾶξιν
753 1693 850 1745 καὶ
871 1692 1108 1765 θεωρίαν
1129 1695 1372 1765 ἐνεργῶν
1395 1697 1494 1768 τὴν
1516 1681 1722 1772 ἀρετὴν
1738 1703 1833 1756 καὶ

232 1773 336 1844 τὴν
361 1775 582 1844 γνῶσιν,
622 1777 846 1847 βεϐαίαν
864 1798 924 1835 τε
953 1782 1094 1852 ἔχων
1129 1782 1516 1855 πληροφορίαν
1566 1788 1660 1842 τοῦ
1694 1791 1833 1858 ἀγα-

1936 611 1990 657 ει
2024 602 2188 660 tinem
2229 604 2565 676 agendorum
2600 601 2812 660 invenit
2837 601 3064 660 bonum.

2945 771 2951 779 -
2966 785 2968 787 .
3026 745 3189 787 μνία-ην·
3223 730 3238 742 ’-

2012 873 2180 932 Vsns.
2218 875 2308 929 3|.
2357 874 2428 932 Et
2476 878 2651 948 gallus
2708 876 3060 939 deambulans
3106 882 3244 938 inter
3293 867 3526 954 gallinas

1940 968 2138 1042 alacer.
2184 965 2336 1026 Mens
2368 977 2551 1025 autem
2599 985 2723 1040 quae
2757 972 2919 1042 quasi
2953 974 3134 1043 gallus
3158 975 3385 1045 quidam
3424 976 3524 1034 So-

1939 1061 2010 1115 lis
2049 1059 2281 1129 justitiaa
2327 1060 2513 1119 radios
2549 1064 2814 1133 prospicit
2845 1106 2863 1132 ,
2905 1066 3162 1124 sensibus
3195 1068 3523 1132 immoraris.

1937 1151 2007 1207 ad
2038 1151 2286 1206 rationes
2309 1165 2497 1206 rerum
2532 1154 2864 1222 ascendens,
2895 1165 2952 1212 et
2983 1159 3279 1213 terminum
3316 1174 3526 1230 cogno-

1936 1242 2267 1300 scendorum
2312 1241 2606 1299 inveniens
2637 1247 2950 1315 veritatem,
2983 1265 3094 1304 non
3143 1250 3299 1312 timet
3326 1250 3530 1307 visibi-

1934 1334 2070 1393 lium
2096 1334 2448 1407 apparentias
2473 1333 2670 1392 all'ectu
2697 1346 3044 1402 terrenarum
3059 1341 3470 1406 distrahentem-

2006 1512 2080 1568 Et
2132 1515 2313 1571 hircus
2342 1515 2546 1574 ducens
2589 1534 2878 1590 caprarum
2917 1539 3170 1592 gregem;
3210 1534 3260 1580 et
3303 1541 3400 1583 retr:
3429 1523 3546 1599 quii

1933 1610 2281 1664 concionatur
2310 1610 2366 1665 in
2397 1621 2573 1681 gente.
2627 1612 2720 1666 Sic
2749 1621 2932 1669 autem
2973 1617 3073 1684 qui
3118 1618 3404 1688 sapienter
3455 1635 3529 1678 ac

1933 1703 2232 1774 prudenter
2288 1705 2550 1762 virtutem
2607 1705 2831 1762 actibus
2885 1715 3175 1776 operatur,
3225 1711 3528 1770 scientiam

1936 1795 2290 1852 meditatione
2328 1797 2581 1866 acquirit,
2630 1798 2843 1851 ﬁrmam
2887 1798 3099 1856 habens
3129 1807 3185 1854 et
3222 1801 3362 1865 boni.
3396 1818 3519 1859 cer-

235 1862 358 1930 θοῦ,
393 1867 489 1920 καὶ
518 1869 750 1939 ἄληστον
781 1873 986 1941 γνῶσιν
1018 1874 1117 1945 τῆς
1153 1875 1441 1948 ἀληθείας·
1499 1883 1822 1951 προηγεῖται

1940 1887 2314 1952 tiora-tionem,
2344 1861 2544 1943 ct-nou
2573 1888 3004 1946 oblitterandam
3033 1891 3284 1950 veritatis
3329 1897 3522 1966 cogni-

231 1955 344 2010 τῶν
372 1958 472 2029 τῆς
500 1962 802 2034 ἀριστερᾶς
821 1965 914 2019 διὰ
942 1966 1042 2037 τὴν
1065 1967 1346 2038 ἁμαρτίαν
1374 1968 1546 2024 ὄντων
1579 1971 1832 2042 μερίδος⁶

233 2048 527 2119 ἐπανάγων
550 2052 774 2118 τούτους
797 2057 906 2109 ἀπὸ
926 2056 1036 2110 τῶν
1058 2061 1212 2112 κάτω
1238 2059 1335 2114 καὶ
1363 2063 1670 2131 σαρκικῶν,
1695 2065 1834 2134 πρὸς

229 2137 304 2192 τὰ
334 2142 684 2210 πνευματικὰ
716 2145 812 2197 καὶ
839 2145 1070 2216 οὐράνια
1090 2163 1104 2178 °
1139 2147 1234 2201 καὶ
1263 2147 1364 2213 τὰς
1387 2149 1482 2204 τοῦ
1526 2151 1833 2222 μαθητευθ-

233 2232 403 2302 μένου
435 2235 586 2307 αὑτῷ
626 2237 863 2308 πλήθους
914 2241 1262 2314 θεωρητικὰς
1292 2260 1352 2297 τε
1385 2246 1480 2298 καὶ
1528 2247 1830 2316 ὀρεκτικὰς

226 2325 514 2394 δυνάμεις,
548 2328 691 2382 κατὰ
737 2328 897 2400 λόγον
925 2333 1218 2404 ῥυθμίζει·
1267 2335 1366 2390 καὶ
1408 2337 1590 2394 πείθει
1639 2341 1715 2415 μὴ
1747 2342 1824 2408 ὡς

227 2415 395 2487 ἔτυχε
423 2419 710 2488 φέρεσθαι.
1141 2475 1156 2486 .,

298 2507 402 2579 λβ’.
452 2508 596 2564 Ἐὰν
634 2512 788 2582 πρόῃ
825 2518 1091 2573 σεαυτὸν
1131 2523 1220 2588 είς
1263 2526 1680 2598 εὐφροσύνην,
1721 2531 1823 2587 καὶ

222 2599 506 2694 ἐκτείνῃς
534 2603 650 2672 τὴν
669 2606 838 2674 χεῖρά
862 2625 980 2664 σου
996 2614 1150 2680 μετὰ
1163 2615 1386 2687 μάχης,
1409 2621 1818 2694 ἁτιμασθήσῃ.

311 2693 438 2786 Ἐαν
463 2694 608 2749 κατὰ
626 2696 687 2750 τὺ
713 2698 1112 2771 ἐπιθυμητικὸν
1134 2707 1234 2779 τῆς
1262 2709 1443 2780 ψυχῆς
1491 2728 1608 2778 σου,
1647 2693 1822 2786 ὲκδῷς

219 2785 459 2841 σεαυτὸν
486 2790 609 2852 ταῖς
639 2794 933 2861 σαρκικαῖς
981 2795 1202 2866 ἡδοναῖς
1225 2842 1240 2865 ,
1277 2801 1378 2854 καὶ
1413 2802 1475 2856 τὸ
1518 2803 1613 2858 τοῦ
1641 2785 1818 2876 θυμοῦ

217 2877 518 2948 δραστικὸν
544 2881 690 2935 κατὰ
717 2881 830 2936 τῶν
858 2885 1120 2957 ὁμοφυῶν
1139 2891 1392 2966 ὁπλίσῃς,
1417 2897 1532 2959 τοῖς
1565 2897 1817 2968 ἀνοήτοις

216 2968 486 3039 κτήνεσιν
523 2972 833 3042 ὁμοιωθεὶς,
869 2974 1201 3053 ὑϐρισθήσῃ,
1221 2980 1300 3047 ὡς
1326 2983 1513 3041 δοῦλον
1544 2987 1735 3042 παθῶν
1755 2989 1817 3044 τὸ

213 3060 536 3132 λογιστικὸν
564 3068 939 3141 καταστήσας.

1940 1976 2166 2040 tionem,
2194 1975 2346 2031 ducit
2395 1991 2490 2032 eos
2537 1976 2626 2044 qui
2655 1977 2728 2031 ob
2769 1985 3062 2046 peccatum.
3107 1979 3187 2035 ad‘
3224 1981 3512 2038 sinistram

1938 2076 2146 2140 partem
2201 2068 2500 2138 pertinent,
2557 2068 2680 2123 illos
2716 2069 2956 2124 educens
3007 2071 3078 2126 ab
3124 2072 3422 2130 humilibus
3461 2073 3542 2131 et

1932 2158 2251 2214 carnalibus
2284 2158 2352 2212 ad
2397 2157 2715 2228 spiritualia
2738 2165 2792 2212 et
2825 2159 3097 2214 coelestia.
3149 2159 3543 2220 Multitudinis

1931 2266 2095 2322 quam
2127 2251 2288 2306 docet
2337 2251 2611 2321 potentias
2659 2251 3040 2321 speculativas
3081 2261 3138 2307 et
3169 2242 3531 2325 concupiscit

1927 2342 2074 2399 biles
2101 2341 2406 2398 secundum
2449 2342 2720 2396 rationem
2784 2341 2997 2413 dirigit,
3031 2343 3274 2415 illosque
3304 2347 3506 2405 suadet

1925 2451 2036 2491 non
2073 2445 2278 2491 temere
2317 2449 2383 2490 ac
2417 2433 2647 2489 fortuito
2687 2435 2912 2488 mutari.

1997 2519 2166 2576 Vens.
2199 2521 2291 2575 52.
2331 2520 2390 2576 Si
2423 2518 2726 2590 profuderis
2767 2527 2816 2573 te
2847 2521 2902 2572 in
2932 2519 3120 2574 lwtitia
3142 2557 3162 2586 ,
3195 2528 3244 2575 et
3264 2521 3512 2578 extende-

1923 2614 2007 2667 ris.
2038 2629 2258 2668 manum
2295 2621 2443 2667 tuam
2477 2599 2597 2666 cum
2631 2612 2777 2680 rima,
2837 2613 3260 2670 inhonoraberis.
3304 2616 3360 2672 Si
3417 2633 3524 2674 ser
3615 2675 3622 2680 ,

1921 2705 2175 2763 cundum.
2223 2704 2422 2759 animae
2480 2713 2590 2759 tua;
2651 2705 3144 2775 concupiscibilem
3207 2709 3505 2776 appetitum

1918 2796 2271 2865 temetipsum
2326 2796 2644 2851 carnalibus
2723 2795 3099 2866 voluptatibus
3174 2799 3531 2864 tradideris,.

1917 2893 1974 2941 et
2002 2884 2303 2940 irascibilis
2326 2884 2601 2956 appetitus
2631 2882 2930 2939 eﬂicaciam
2965 2891 3159 2940 contra
3191 2886 3507 2956 proximum

1917 2977 2245 3040 armaveris,
2308 2976 2735 3033 irrationalibus
2787 2977 2984 3033 bestiis
3028 2978 3227 3034 similis
3300 2978 3504 3040 factus.

1915 3067 2343 3124 inhonoraberis
2374 3077 2564 3137 utpote
2602 3067 2697 3138 qui
2747 3069 3019 3123 rationem
3079 3069 3184 3126 sub
3241 3071 3508 3128 servitute
3587 3099 3590 3101 >

1913 3159 2240 3231 passionum
2280 3159 2578 3229 redegeris.

287 3247 397 3317 λγ’.
416 3249 602 3320 Ἀμελ
609 3269 674 3322 γε
691 3253 870 3323 γάλα,
882 3255 981 3310 καί
996 3257 1168 3314 ἔσται
1181 3259 1510 3332 βούτυρον.
1526 3261 1673 3336 [εοά.
1687 3279 1805 3321 σου

2203 3250 2294 3304 33.
2326 3212 2505 3322 Mulae
2533 3212 2633 3305 lae
2659 3261 2709 3306 et
2752 3252 2852 3306 erit
2905 3250 3177 3323 butyrum.
3213 3251 3415 3324 Accipe
3445 3263 3508 3310 ut

209 3342 453 3414 rvpdr].
471 3343 763 3415 Ύποδέχου
781 3346 856 3410 ὼς
866 3348 1028 3416 γάλα,
1042 3350 1224 3404 πίστει
1237 3353 1510 3426 ἁπλῇ,τὴν
1525 3356 1634 3410 τῶν
1651 3357 1813 3414 θείων

208 3431 420 3500 λογίων
436 3433 812 3492 διδασκαλίανο
832 3440 929 3493 καὶ
952 3439 1370 3512 συλλέγοντιέτδν
1389 3443 1512 3499 νοῦν
1529 3445 1732 3517 ταύτης
1753 3450 1812 3504 ὲν

208 3523 514 3594 πνεύματι,
546 3527 780 3599 ὑπάρξει
812 3547 892 3583 σοι
920 3530 1062 3585 οὕτω
1083 3533 1285 3605 στερεὰ.
1313 3536 1410 3588 καὶ
1442 3535 1583 3590 πίων
1610 3540 1808 3610 τροφή.

303 3617 452 3672 Ἐὰν
478 3617 549 3671 δὲ
575 3619 854 3691 suam
870 3623 1206 3693 μυκτῆρας,
1229 3626 1617 3692 ἐξελεύσεται
1645 3625 1808 3700 αἷμα·

206 3709 333 3764 ἐὰν
382 3708 451 3762 δὲ
502 3711 762 3783 ἐξέλκῃς
803 3714 1064 3784 λόγους,
1113 3717 1544 3782 ἐξελεύσονται
1579 3723 1814 3790 κρίσεις

203 3801 321 3856 καὶ
356 3801 567 3871 μάχαι.
603 3805 815 3877 Ὥσπερ
857 3807 915 3861 δὲ
945 3810 996 3862 εί
1047 3809 1278 3882 meum
1329 3813 1638 3884 μυκτῆρας,
1671 3810 1813 3886 αἷμα

204 3892 664 3964 ἐξενεχθήσεται,
703 3895 850 3956 οὕτω
883 3899 978 3953 καὶ
1023 3900 1370 3966 διστάζοντός
1404 3920 1500 3956 σου
1541 3905 1671 3976 περὶ
1711 3907 1812 3979 τὴν

203 3984 432 4049 πίστιν,
460 3986 557 4039 καὶ
585 3985 778 4054 λόγους
806 3991 1168 4058 ἀπαιτοῦντος
1189 3994 1567 4061 διαλεκτικῶς,
1595 3995 1809 4070 ἐξενεχ-

205 4079 488 4151 θήσονται
514 4081 772 4150 διενέξεις
801 4085 897 4140 καὶ
923 4085 1123 4157 ἔριδες.

809 4220 1059 4279 ΚΕΦΑΛ.
1103 4226 1232 4282 AA'.

285 4359 364 4419 α’,
387 4352 453 4424 β’.
485 4355 552 4407 Ol
577 4352 708 4423 ἐμοὶ
741 4355 914 4426 λόγοι
947 4356 1218 4428 εἴρηνται
1245 4361 1366 4418 ὑπὸ
1406 4363 1579 4432 Θεοῦ,
1624 4366 1814 4432 ,βασι-

198 4444 376 4510 λέως
400 4446 816 4516 χρηματισμὸς
834 4447 907 4502 ὃν
925 4449 1292 4508 ἐπαίδευσεν
1309 4454 1349 4522 ἠ
1383 4456 1585 4527 μήτηρ
1602 4458 1813 4514 αὐτοῦ’

1915 3343 2023 3406 lac,
2057 3343 2114 3396 in
2157 3342 2510 3411 simplicitate
2536 3343 2684 3409 ﬁdei,
2712 3342 3032 3398 divinorum
3064 3359 3383 3400 sermonum
3405 3343 3508 3398 do-

1913 3435 2172 3489 ctrinam.
2206 3432 2495 3504 Colligenti
2535 3434 2656 3503 ejus
2696 3435 2996 3490 sensumin
3031 3443 3248 3501 riterite,
3294 3435 3504 3491 solidus

1913 3525 2011 3581 tibi
2035 3532 2091 3580 et
2135 3527 2352 3595 pinguis
2382 3527 2574 3581 evadet
2605 3527 2786 3582 cibus.

1987 3613 2047 3670 Si
2079 3625 2256 3669 autem
2297 3617 2619 3683 expresseris
2675 3632 2831 3670 nares
2857 3655 2870 3679 ,
2913 3615 3078 3670 exibit
3135 3616 3356 3687 sanguis
3382 3630 3402 3670 :
3455 3617 3506 3671 si

1915 3719 2092 3764 autem
2133 3708 2432 3762 extraxeris
2477 3723 2782 3773 sermones,
2834 3707 3053 3761 exibunt
3107 3707 3224 3762 lites
3268 3717 3319 3763 et
3346 3708 3496 3762 τίκα».

1915 3798 2390 3870 Quemadmodum
2437 3807 2618 3854 autem
2649 3799 2695 3856 si
2727 3815 2892 3854 nares
2920 3801 3288 3870 expresseris,
3326 3801 3501 3856 exibit

1918 3893 2164 3964 sanguis,
2195 3893 2269 3945 ita
2307 3892 2352 3947 si
2389 3891 2456 3946 de
2499 3891 2603 3947 fide
2630 3893 2974 3948 dubitaveris
3005 3899 3062 3946 et
3093 3892 3383 3949 dialectice
3413 3909 3501 3948 re-

1918 3985 2146 4056 petieris
2185 3983 2451 4049 rationes,
2487 3983 2720 4040 exibunt
2751 3984 2876 4040 lites
2909 3993 2964 4040 et
2995 3987 3146 4039 rixae.

2502 4217 2660 4276 CAP.
2714 4217 2913 4274 XXXI.

1990 4350 2159 4409 Vens.
2191 4350 2504 4419 1,2.Verba
2539 4367 2657 4405 mea
2685 4350 2832 4404 dicta
2856 4359 2980 4405 sunt
3006 4365 3040 4403 a
3071 4347 3196 4416 Deo,
3233 4349 3366 4419 regis
3401 4349 3549 4403 ad-—--

1920 4446 2142 4500 monitio
2161 4461 2313 4516 quem
2330 4443 2558 4500 erudiuit
2602 4449 2774 4497 mater
2808 4458 2932 4496 sua.
2981 4439 3143 4505 Quid,
3192 4441 3294 4509 ﬁli,
3329 4456 3507 4494 serva-
3537 4474 3546 4478 π

197 4536 294 4602 τί,
321 4534 558 4601 τέκνον,
581 4537 865 4606 τηρήσεις
876 4556 897 4605 ;
919 4540 977 4594 τί
988 4541 1192 4614 fit-1:59
1209 4562 1292 4599 σοι
1312 4546 1476 4611 αὐτὸς
1488 4549 1818 4618 ἀπαγγέλλω

1939 4537 2046 4593 ἠδῖ
2074 4536 2252 4602 Quid?
2281 4534 2414 4601 Quae
2446 4535 2541 4590 tibi
2573 4534 2691 4604 ipse
2723 4531 3014 4588 annuntio.
3049 4532 3289 4601 eloquia,
3339 4532 3506 4587 didici

198 4629 401 4696 λόγια,
445 4627 745 4700 μεμάθηκα
768 4629 941 4684 ταῦτα
972 4632 1128 4702 παρὰ
1165 4634 1300 4689 Θεοῦ
1321 4653 1336 4668 ο
1369 4635 1407 4690 ἂ
1438 4639 1545 4692 είσι
1581 4641 1813 4703 πλοῦτος

196 4717 358 4790 ἐμοῦ
395 4717 488 4770 τοῦ
531 4719 790 4788 λαχόντος
848 4722 1090 4793 ἐννόμως
1144 4726 1457 4798 ἀνθρώποις
1500 4731 1814 4785 ὲπιστααεῖν

196 4809 376 4878 παρὰ
398 4809 498 4878 τῆς
529 4810 688 4881 δίκην
722 4813 927 4884 μητρὸς
960 4815 1309 4890 θρεψαμένης
1344 4823 1573 4889 σοφίας·
1620 4822 1672 4876 τί
1701 4821 1814 4877 λοι-

195 4901 322 4955 πὸν
354 4899 633 4967 φυλάξεις,
663 4903 783 4970 υἱέ;
819 4905 1092 4972 φύλασσον
1114 4908 1184 4962 τὰ
1209 4910 1320 4978 ἐμὰ
1347 4910 1526 4981 λόγια.

299 4991 546 5060 Ῥήσεις
563 4994 733 5062 Θεοῦ,
761 5003 1152 5068 πρωτογενὲς,
1175 5001 1468 5072 «cum,
1484 5003 1606 5058 υἱέα
1623 5007 1702 5074 τί,
1718 5007 1814 5062 τέ.-

192 5101 374 5141 κνον
404 5085 557 5156 ἐμῆς
587 5089 864 5156 mulae;
901 5092 978 5145 'H=
999 5091 1162 5160 λόγια
1212 5094 1431 5160 πάντως
1475 5095 1648 5166 Genii;
1678 5098 1815 5173 πρὸς

193 5178 272 5233 σὲ
299 5177 569 5250 ποιοῦμαι
593 5181 686 5236 τὸν
716 5181 898 5252 λόγον,
923 5183 1118 5247 υίὲ,.ὃς
1145 5184 1217 5239 ἂν
1242 5185 1342 5241 καὶ.¹
1374 5187 1515 5258 είης,
1554 5189 1647 5244 τὸν
1673 5173 1815 5244 απο-

190 5269 488 5342 τεχθέντα
513 5289 605 5344 μοι
637 5275 780 5328 κατὰ
807 5275 906 5348 τὴν
923 5275 1151 5350 πρώτην
1178 5280 1273 5333 καὶ
1288 5283 1672 5355 πνευματικὴν
1693 5285 1818 5355 γέν-

192 5378 413 5433 νησιν·
448 5365 523 5434 τί,
563 5365 774 5434 τέκνον,
826 5367 855 5420 ὃ
883 5371 1010 5434 ταῖς
1031 5369 1134 5441 τῆς
1157 5371 1300 5442 ἐμῆς
1335 5373 1582 5441 διανοίας
1628 5377 1817 5433 ὠδῖσιν

194 5458 496 5529 ἐγέννησα
523 5459 957 5531 διδασκαλικῶς;

283 5544 368 5618 γ’.
400 5552 460 5604 Τί
465 5589 480 5616 ,
498 5551 718 5607 τέκνον
731 5553 894 5624 ἐμῶν
913 5557 1148 5625 εὐχῶν-ς
1169 5557 1257 5623 Τί,
1273 5558 1482 5627 τέκνον,
1505 5561 1617 5617 οἵου
1633 5565 1818 5635 τυχεῖν

201 5641 574 5711 καρεκάλουν
601 5645 757 5713 Θεὸν,
793 5649 1058 5721 τηρήσεις
1075 5667 1089 5715 ;

175 5817 177 5820 ’
281 5814 396 5884 Μὴ
431 5820 537 5889 δὸς
574 5825 806 5885 murali?
845 5825 961 5882 σὸν
1002 5830 1289 5886 πλοῦτον.
1325 5832 1418 5903 Μὴ
1467 5833 1557 5889 τὸν
1591 5833 1817 5889 πλοῦτον

1917 4644 1946 4682 a
1977 4627 2090 4685 Deo
2120 4647 2134 4683 :
2167 4628 2282 4683 haec
2311 4635 2438 4682 sunt
2461 4641 2599 4681 meae
2625 4625 2834 4681 divitia:
2855 4626 2949 4696 qui
2977 4624 3214 4682 sorti-tus
3233 4641 3355 4680 sum
3380 4624 3536 4694 jure-

1917 4719 2234 4774 hominibus
2292 4731 2527 4788 praeesse
2581 4717 2651 4771 ob
2690 4714 3014 4785 sapientiam
3072 4712 3231 4783 quasi
3274 4720 3524 4766 matrem.-

1915 4812 2268 4867 nutrientem.
2293 4809 2437 4876 Quid
2468 4790 2945 4872 adhuc-servabis,
2965 4804 3079 4859 ﬁli?
3104 4819 3261 4860 serva
3286 4802 3508 4872 eloquia
3539 4844 3550 4855 .

1917 4919 2059 4962 mea.
2646 4890 2650 4894 ’

1980 4996 2254 5051 Dictiones
2286 4993 2404 5060 Dei,
2426 4993 2903 5065 primogenite,tibi
2925 4990 3162 5060 dico,ﬁli
3192 5006 3211 5049 :
3236 4988 3398 5055 Quid,
3427 4987 3518 5056 {ili
3547 4993 3557 4998 ”

1916 5089 2020 5146 mei
2048 5089 2240 5144 ventris
2260 5089 2284 5144 ?
2305 5085 2500 5143 Nonne
2546 5087 2732 5142 omnia
2761 5085 2981 5157 eloquia
3013 5084 3111 5140 Dei
3136 5083 3159 5138 ?
3195 5083 3280 5137 Ad
3301 5091 3361 5137 te
3384 5097 3512 5136 ver-

1915 5183 2048 5240 bum
2079 5181 2246 5250 facio,
2278 5182 2353 5237 liii
2375 5222 2391 5247 ,
2419 5181 2683 5254 quisquis
2711 5181 2814 5246 sis,
2848 5181 2946 5246 qui
2974 5195 3006 5234 a
3054 5193 3142 5234 me
3181 5177 3401 5248 genitus
3439 5189 3506 5230 es

1918 5275 2224 5333 secundum
2282 5275 2518 5346 primam
2563 5283 2622 5330 et
2670 5274 3020 5344 spiritualem
3071 5270 3508 5344 generationem.

1917 5369 2058 5439 Quid
2082 5410 2098 5437 ,
2137 5369 2212 5426 illi
2240 5411 2256 5436 ,
2289 5383 2453 5440 quem
2508 5367 2864 5439 cogitationis
2909 5364 3365 5423 meaedoloribus
3413 5363 3512 5419 do—

1919 5462 2093 5520 cendo
2123 5462 2332 5533 genui?

1989 5556 2159 5611 Vens.
2196 5556 2247 5610 5.
2292 5553 2454 5620 Quid,
2479 5553 2566 5624 ﬁli.
2586 5569 2834 5608 mearum
2859 5552 3208 5608 orationum?
3238 5548 3378 5618 Quid
3409 5550 3512 5605 ob-

1923 5648 2196 5714 servabis,
2249 5647 2346 5712 liii,
2386 5647 2606 5716 qualem
2648 5646 2900 5702 obtinere
2957 5645 3128 5702 Deum
3183 5645 3510 5714 deprecatus

1923 5739 2088 5795 sum?

1997 5831 2078 5887 Ne
2109 5831 2314 5888 dederis
2353 5832 2658 5886 mulieribus
2694 5832 3050 5887 substantiam
3097 5843 3259 5888 tuam.
3295 5829 3515 5886 intelli-
