3976 6424
536 415 674 478 1535

1833 413 2195 480 PROCOPII
2233 413 2475 476 GAZEI

3658 423 3760 491 1538

528 535 730 597 gentia:
759 534 866 582 tua;
893 525 1114 583 divitias
1144 525 1200 580 in
1233 527 1654 585 irrationalibus
1709 512 2098 600 concupiscent

2225 515 2336 577 σῶν
2357 523 2578 596 φρενῶν
2603 519 2728 588 ταῖς
2755 525 2978 594 ἀλόγοις
3005 529 3212 596 intuor
3241 549 3328 592 --.;
3359 530 3448 596 {-3
3479 528 3589 583 κατ’
3609 533 3764 608 αῖουη.

528 618 625 674 tiis
667 633 936 675 sensuum
967 617 1270 688 voluptatis
1318 632 1388 674 ne
1421 617 1749 691 impendas;
1787 622 1980 677 varios
2007 628 2124 676 tan-

529 717 648 766 tum
686 709 852 779 hujus
898 709 1094 766 modos
1141 709 1484 782 recogitans.

503 817 510 824 ·
601 800 672 854 Et
703 809 928 856 mentem
967 809 1118 856 tuam
1145 809 1198 857 et
1235 801 1400 858 vitam
1437 801 1496 857 in
1525 817 1704 858 seram
1755 804 1972 860 consilii
2001 819 2122 859 mu-

531 894 808 948 tationem.
868 891 1060 964 Neque
1117 895 1318 952 mentis
1379 901 1486 950 tua:
1539 897 2000 966 speculationem,
2067 904 2121 952 et

527 986 676 1040 circa
714 987 883 1039 vitam
931 985 986 1040 in
1020 998 1192 1040 carne
1220 996 1276 1042 et
1321 989 1530 1042 mundo
1581 983 2127 1058 actionemstradas,

528 1076 585 1132 in
623 1075 1024 1148 experientiam
1077 1075 1239 1142 mali,
1285 1075 1448 1148 cujus
1503 1077 1801 1150 aliquando
1831 1086 1887 1136 te
1939 1081 2116 1150 poeni-

529 1169 686 1225 tebit.

599 1259 772 1317 Vsus.
813 1264 869 1318 4.
922 1261 1055 1318 Cum
1087 1263 1312 1320 consilio
1359 1264 1540 1319 omnia
1577 1263 1697 1334 fac;
1727 1278 1847 1318 cum
1891 1264 2116 1318 consilio

526 1355 708 1409 uinum
739 1365 886 1422 pota.
933 1353 1215 1411 Rationali
1266 1355 1611 1412 discretione
1644 1355 1836 1427 accipe
1882 1363 2114 1412 natura-

527 1445 634 1500 lem
665 1445 1055 1503 exsistentium
1072 1447 1596 1518 contemplationem
1611 1462 1738 1518 quae
1759 1447 1906 1503 sicut
1925 1449 2112 1526 vinpm

523 1537 894 1606 spiritualiter
963 1553 1062 1594 cor
1131 1537 1395 1596 laetiﬁcat.
1455 1537 1558 1606 Qui
1614 1536 1916 1596 cdt-enatus
1986 1549 2110 1607 est,

523 1619 766 1684 mentem
811 1645 842 1686 a
884 1633 1118 1690 veritate
1157 1630 1414 1689 excidere
1451 1630 1609 1699 facit,
1655 1642 1713 1688 et
1757 1635 1814 1688 in
1857 1634 2113 1706 praecipi-

524 1721 664 1774 tium
702 1721 900 1778 fertur.

474 1831 478 1835 ~
563 1810 766 1870 ‘Vsns.
823 1815 878 1870 5.
934 1816 1182 1873 Potentes
1215 1819 1462 1874 iracundi
1504 1827 1673 1886 sunt;
1704 1820 1884 1874 uinum
1930 1827 2107 1876 autem

521 1922 627 1961 non
673 1906 877 1978 bibant,
906 1926 970 1965 ne
1004 1912 1238 1968 bibentes
1287 1912 1672 1969 obliviscantur
1703 1915 2004 1982 sapientiae,
2052 1924 2102 1969 et

519 2007 662 2052 recte
722 2015 826 2054 non
861 2003 1071 2068 possint
1104 2003 1359 2072 judicare
1395 2005 1713 2061 imbecilles.
1750 2005 1856 2072 Qui
1890 2006 2104 2076 passio-

517 2104 618 2145 nes
657 2093 1000 2200 subegert'tnt
1031 2101 1084 2149 et
1127 2097 1390 2152 moralem
1445 2106 1596 2153 recte
1633 2097 1934 2152 observant
1976 2096 2103 2167 phi-

515 2179 848 2254 losophiam,
875 2179 1070 2241 a'rmati
1105 2197 1236 2252 sunt
1269 2195 1462 2243 contra
1487 2195 1802 2260 serpentem
1843 2189 2106 2260 spiritua-

515 2273 644 2330 lem.
693 2276 953 2334 Attamen
1011 2280 1204 2336 laudes
1256 2279 1542 2336 hominum
1589 2297 1688 2337 eos
1721 2282 1866 2338 sicut
1909 2281 2100 2338 vinum

515 2366 860 2426 laetiticantes
892 2385 962 2427 ne
999 2373 1316 2443 accipiant,
1350 2388 1418 2428 ne
1443 2373 1800 2444 accipientes,
1843 2382 2102 2430 avertan-

514 2461 606 2508 tur
630 2469 662 2510 a
693 2459 962 2527 sapientia
989 2501 1004 2523 ,
1059 2461 1222 2530 cujus
1271 2463 1555 2532 proprium
1588 2473 1674 2519 est
1697 2465 2098 2534 exaltationem

511 2541 570 2598 in
607 2544 918 2604 humilitate
945 2551 1276 2619 ostendere;
1313 2567 1382 2607 ne
1405 2553 1712 2610 elevatione
1741 2571 1808 2610 ex
1841 2553 2100 2612 laudibus

510 2636 770 2691 excaecati
804 2653 1085 2710 nequeant
1114 2644 1466 2701 considerare
1491 2645 1817 2703 inﬁrmitate
1848 2647 2096 2714 indutos,

511 2738 718 2797 eosque
776 2737 930 2787 recte
989 2731 1242 2803 judicare
1270 2744 1327 2790 et
1389 2749 1638 2810 congruo
1703 2722 1921 2808 dignari
1980 2751 2101 2794 ser-

509 2815 671 2874 vitio.

581 3104 752 3162 Vnus.
809 3107 861 3162 6.
901 3107 1032 3165 Date
1079 3113 1383 3169 ebrietatem
1435 3117 1502 3171 iis
1537 3117 1722 3188 quiin
1758 3120 2092 3174 meroribus.

2229 632 2314 670 σιν
2358 617 2574 689 ἡδονῆς,
2629 617 3028 692 καταναλώσῃς
3047 635 3064 652 ·
3125 619 3326 690 μόνους
3361 620 3487 685 τοὺς
3531 626 3762 696 ποικίλους

2223 708 2431 782 ταύτης
2459 710 2702 782 τρόπους
2729 709 2981 766 ἐπινοῶν.

2299 801 2415 857 Τὸν
2465 802 2588 858 σὸν
2639 802 2794 859 νοῦν
2830 803 2933 858 καί
2963 804 3112 873 βίον
3161 806 3254 872 εις
3314 806 3764 876 ὐᾰτεροϐουλίαν.

2221 893 2378 962 Μηδὲ
2403 893 2468 948 τὺ
2497 893 2596 948 τοῦ
2617 895 2740 960 νοός
2777 911 2873 950 σου
2904 895 3265 966 θεωρητικὸν,
3305 900 3405 951 atat
3453 897 3513 952 τὸ
3554 901 3668 972 περὶ
3687 903 3767 976 τὴν

2220 985 2280 1040 ἐν
2303 988 2471 1056 σαρκὶ
2501 987 2596 1042 καὶ
2631 989 2824 1059 κόσμῳ
2847 987 3036 1060 βιοτήν
3071 1005 3166 1042 σου
3196 989 3532 1058 πρακτικὸν,
3571 994 3642 1056 είς
3669 999 3768 1050 πεῖ-

2223 1094 2322 1150 ραν
2345 1079 2517 1150 ἐκδῷς
2550 1081 2647 1135 τοῦ
2695 1081 2907 1137 κακοῦ·
2956 1080 3017 1149 ἐξ
3048 1072 3112 1135 οῦ
3168 1082 3252 1136 σοί
3288 1099 3422 1136 ποτε
3472 1085 3769 1156 συμϐήσεται

2221 1173 2652 1242 μεταμέλεσθαι.

2287 1263 2356 1318 δ’.
2394 1263 2559 1320 Μετὰ
2596 1263 2844 1334 ,ϐουλῆς
2888 1264 3090 1319 πάντα
3145 1265 3334 1326 arator
3382 1269 3530 1335 μετὰ
3561 1269 3770 1339 βουλῆς

2214 1355 2537 1409 οίνοπότει.
2579 1355 2738 1408 Μετὰ
2770 1355 3000 1426 λογικῆς
3044 1357 3374 1426 διακρίσεως
3424 1358 3770 1430 μεταλάμδανε

2213 1443 2316 1512 τῆς
2349 1443 2505 1516 δίκην
2537 1447 2680 1500 οίνου
2703 1447 3109 1519 εὐφραινούσης
3151 1448 3382 1516 καρδίαν
3419 1453 3770 1521 πνευματικῶς

2214 1537 2453 1608 φυσικῆς
2483 1535 2718 1608 θεωρίας
2763 1539 2873 1594 τῶν
2923 1539 3132 1594 ὄντων·
3183 1541 3308 1612 ἥτις
3353 1541 3451 1595 ἐὰν
3481 1542 3772 1613 ἀχαλίνιιηος

2212 1625 2271 1702 ᾖ,
2296 1627 2390 1682 τὸν
2416 1627 2544 1683 νοῦν
2563 1630 2665 1701 τῆς
2690 1629 2952 1701 ἀληθείας
2983 1629 3274 1703 μεθίστησι
3291 1674 3306 1699 ,
3353 1633 3454 1687 καὶ
3483 1635 3629 1706 φέρει
3655 1637 3772 1694 κατά

2213 1721 2492 1794 κρημνοῦ.
3603 1753 3606 1756 ~

2282 1819 2344 1868 ε’.
2362 1815 2428 1867 οι
2451 1813 2748 1868 δυνάσται
2777 1815 3072 1884 θυμώδεις
3099 1817 3284 1883 εἰσὶν,
3318 1813 3494 1874 οἶνον
3521 1819 3603 1890 μὴ
3629 1821 3770 1876 πινέ-

2210 1921 2440 1968 τωσαν,
2471 1906 2576 1960 ἵνα
2593 1905 2681 1975 μὴ
2707 1907 2973 1974 πιόντες,
2997 1908 3403 1964 ἐπιλάθωνται
3421 1909 3534 1978 τῆς
3559 1914 3770 1982 σοφίας,

2204 1997 2303 2052 καὶ
2332 1996 2478 2067 ὀρθὰ
2511 1997 2710 2067 κρῖναι
2747 2002 2821 2054 οὐ
2850 1999 2938 2069 μὴ
2970 1999 3271 2055 δύνωνται
3313 2002 3464 2068 τοὺς
3503 2003 3773 2072 ἀσθενεῖς.

2204 2090 2268 2144 Οί
2296 2091 2718 2154 δυναστεύοντες
2751 2093 2896 2148 κατὰ
2943 2093 3056 2148 τῶν
3103 2094 3317 2160 παθῶν,
3359 2097 3460 2150 καὶ¹
3487 2096 3583 2166 τὴν
3604 2097 3772 2168 ἠθικὴν

2203 2181 2602 2254 κατορθοῦντες
2631 2183 2982 2254 φιλοσοφίαν,
3016 2185 3356 2258 ὡπλισμένοι
3391 2187 3506 2240 εἰσὶ
3545 2187 3619 2258 τῷ
3640 2189 3773 2263 θυμῷ

2201 2275 2344 2330 κατά
2375 2274 2471 2329 τοῦ
2505 2275 2700 2346 νοητοῦ
2727 2277 2908 2346 ὄφεως
2933 2291 2947 2306 ·
2977 2277 3167 2331 λοιπὸν
3205 2277 3299 2332 τοῦ
3343 2279 3478 2349 παρ’
3502 2281 3776 2359 ἀνθρώπων

2201 2367 2450 2431 ἐπαίνου,
2483 2365 2580 2420 τοῦ
2618 2367 2778 2437 δίκην
2808 2367 2960 2422 οἴνου
2999 2367 3225 2432 τούτους
3269 2367 3670 2440 εὐφραίνοντος,
3712 2370 3772 2442 μὴ

2205 2455 2778 2528 μεταλαμϐανέτωσαν
2799 2473 2813 2489 ·
2855 2457 3006 2521 ὅπως
3041 2457 3118 2529 μὴ
3174 2458 3582 2528 μεταλαϐόντες
3611 2460 3776 2526 αὐτοῦ,

2199 2548 2566 2604 ἐπιλάθωνται
2592 2553 2695 2622 τῆς
2734 2550 2932 2618 σοφίας
2959 2567 2974 2582 ο
3021 2545 3090 2620 ἧς
3135 2550 3267 2604 ῐδιον
3306 2551 3367 2604 τὸ
3395 2553 3773 2606 ἐπιδείκνυσθαι

2197 2641 2262 2696 τό
2295 2641 2502 2713 ὑψηλὸν
2547 2645 2606 2698 ἐν
2659 2641 2738 2713 τῷ
2789 2641 3070 2713 ταπεινῷ·
3113 2643 3209 2696 καὶ
3243 2643 3623 2708 σκοτισθέντες
3641 2649 3701 2717 τῇ
3721 2649 3776 2700 ἐκ

2198 2731 2310 2787 τῶν
2349 2731 2588 2812 ἐπαίνων
2619 2733 2881 2806 ἐπάρσει,
2915 2733 3336 2806 ἀδυνατήσωσιν
3361 2735 3775 2800 ἐπισκέπτεσθαι

2198 2840 2260 2877 τε
2293 2824 2421 2888 τοὺς
2471 2825 2899 2897 περικειμένους
2947 2825 3260 2889 ἀσθένειαν,
3315 2827 3416 2880 καὶ
3453 2826 3524 2882 τά
3554 2830 3666 2886 κατ’
3692 2831 3776 2884 αὒ-

2197 2900 2324 2982 τοίις
2355 2917 2653 2991 διακρίνειν
2685 2921 2888 2988 καλῶς,
2913 2921 3008 2975 καὶ
3037 2921 3140 2993 τῆς
3185 2920 3584 2994 προσηκούσης
3612 2921 3777 2989 ἀξιοῦν

2199 3010 2522 3083 θεραπείας.

2271 3102 2347 3168 ς’.
2379 3103 2585 3159 Δίδοτε
2597 3103 2793 3176 μέθην
2813 3105 2938 3172 τοῖς
2969 3105 3039 3160 ἐν
3075 3106 3322 3173 λύπαις.
3373 3107 3651 3179 ῐῐαρέχετε
3691 3106 3776 3175 τὴν

511 3193 648 3253 Date
681 3200 921 3256 laetitiam
955 3219 1021 3258 ex
1063 3204 1322 3263 laudibus
1365 3208 1434 3262 iis
1486 3211 1579 3278 qui
1624 3208 1806 3282 neque
1857 3213 2092 3286 gloriam

2210 3195 2264 3249 ὲκ
2288 3193 2398 3249 τῶν
2426 3196 2666 3251 ἐπαίνων
2697 3197 3045 3268 εὐφροσύνην
3071 3201 3184 3264 τοῖς
3225 3200 3670 3271 ἀποτυγχάνουσι
3690 3197 3774 3268 τῆς

508 3289 798 3358 caducam,
846 3309 1026 3364 neque
1070 3295 1350 3366 perituras
1384 3299 1609 3359 divitias
1661 3304 2090 3376 concupiscunt.

579 3467 649 3524 Et
682 3471 859 3526 vinum
895 3475 1069 3531 bibere
1107 3477 1175 3531 iis
1212 3479 1306 3549 qui
1351 3481 1408 3534 in
1454 3479 1752 3536 doloribus.
1807 3481 2093 3542 Laudibus

501 3562 805 3633 dignamini
845 3581 942 3622 eos
972 3569 1064 3638 qui
1089 3579 1220 3624 sunt
1261 3571 1316 3625 in
1345 3569 1632 3628 doloribus
1669 3575 1946 3644 corporis.

581 3655 744 3712 Vens.
783 3657 833 3712 7.
876 3656 944 3712 Ut
979 3659 1358 3716 obliviscantur
1392 3667 1728 3733 paupertatis
1761 3674 1810 3720 et
1843 3667 2092 3722 laborum

499 3741 610 3802 non
651 3749 997 3804 recordentur
1035 3752 1201 3810 ultra.
1245 3752 1316 3810 Ut
1347 3755 1428 3810 illi
1462 3756 1862 3814 obliviscantur
1895 3775 2093 3816 neces-

501 3833 781 3892 sariorum
827 3839 1028 3912 inopiae
1071 3858 1196 3912 quae
1227 3847 1468 3902 conterit
1503 3863 1635 3917 eos;
1669 3857 1724 3905 et
1753 3865 1862 3905 non
1902 3865 2093 3906 recor-

498 3930 708 3988 dentur
739 3935 926 3993 carnis
960 3935 1205 3996 dolores.

573 4105 740 4166 Vens.
767 4111 820 4166 8.
849 4112 1006 4184 Aperi
1035 4131 1093 4169 os
1125 4124 1276 4171 tuum
1305 4120 1459 4174 verbo
1489 4119 1602 4188 Dei,
1633 4129 1684 4176 et
1697 4121 1886 4192 judico
1909 4141 2091 4183 omnes

499 4209 660 4278 rege.
704 4203 802 4258 Dei
845 4206 1124 4265 mandatis
1153 4209 1307 4280 aperi
1347 4211 1506 4280 quasi
1539 4227 1604 4268 os
1633 4215 1836 4272 mentis
1870 4225 1978 4272 tuae
2007 4218 2092 4274 in-

497 4293 802 4359 tellectum,
837 4303 897 4350 ut
927 4311 1128 4367 panem
1159 4313 1191 4352 a
1217 4299 1798 4360 cmlodescendentetn
1823 4307 2087 4378 excipiat,

492 4395 555 4444 et
585 4395 785 4444 cuncta
817 4397 974 4444 recte
1003 4389 1216 4460 judica.

2207 3287 2335 3358 περὶ
2357 3287 2456 3358 τὴν
2486 3287 2756 3360 ἐπίκηρον
2774 3288 2959 3354 δόξαν,
2993 3293 3088 3345 καὶ
3113 3292 3206 3344 τὸν
3237 3291 3610 3364 φθειρόμενον
3634 3288 3775 3344 πλοῦ-

2203 3394 2294 3431 τον
2324 3379 2652 3450 ἐπιθυμίας,

2277 3467 2384 3521 Καί
2415 3465 2584 3523 οἶνον
2605 3469 2806 3524 πίνειν
2824 3469 2947 3538 τοῖς
2965 3472 3036 3525 ἐν
3057 3473 3327 3540 ὀδύναις.
3361 3475 3478 3527 Καὶ
3507 3473 3778 3544 ἐγκωμίων

2201 3555 2418 3622 ἀξιοῦτε
2438 3559 2566 3622 τοὺς
2597 3561 2656 3611 ὲν
2681 3559 2898 3624 ὀδύναις
2928 3565 3289 3632 σωματικαῖς.

2272 3644 2338 3710 ζ’.
2370 3647 2495 3702 Ἵνα
2529 3646 2930 3704 ἐπιλάθωνται
2980 3648 3090 3716 τῆς
3109 3653 3356 3718 πενίας,
3400 3650 3506 3704 καὶ
3541 3647 3656 3704 τῶν
3683 3647 3774 3702 πό-

2200 3755 2326 3792 νων
2341 3738 2430 3808 μὴ
2457 3737 2819 3808 μνησθῶσιν
2857 3739 2966 3795 ἔτι.
3003 3743 3194 3806 Ὅπως
3219 3744 3418 3796 ἐκεῖνοι
3446 3743 3550 3813 μὲν
3577 3741 3635 3795 ἐν
3658 3737 3776 3809 λήθη

2200 3831 2466 3898 γένωνται
2505 3832 2606 3901 τῆς
2635 3832 2934 3904 πιεζούσης
2967 3833 3192 3896 τούτους
3231 3833 3444 3896 ἐνδείας
3480 3832 3591 3886 τῶν
3630 3835 3775 3897 am-

2200 3922 2373 3977 καίων
2395 3940 2408 3952 °
2443 3917 2588 3978 οὗτοι
2613 3924 2672 3978 δὲ
2697 3925 2846 3996 ἁμνη
2857 3926 3136 3996 μονήσωσι
3163 3925 3271 3978 τῶν
3299 3925 3512 3978 ὀδυνῶν
3539 3925 3634 3992 τῆς
3662 3937 3774 3989 σαρ-

2201 4016 2317 4080 κός.

2267 4109 2339 4180 η’.
2382 4111 2610 4180 Ἀνοιγε
2663 4111 2781 4165 σὸν
2829 4112 3026 4180 στόμα
3051 4111 3217 4180 λόγῳ
3271 4109 3448 4171 Θεοῦ.
3502 4108 3604 4164 καί
3631 4107 3778 4175 κρίνα

2198 4199 2397 4256 πάντα
2420 4201 2618 4272 ὑγιῶς.
2649 4202 2894 4256 Πλάτυνε
2930 4204 2994 4256 τὸ
3029 4204 3188 4273 δίκην
3230 4201 3509 4272 στόματος
3551 4200 3780 4256 δεκτικὸν

2197 4293 2291 4347 τοῦ
2321 4295 2386 4346 ἐκ
2425 4293 2519 4348 τοῦ
2569 4294 2801 4366 ούρανοῦ
2857 4295 3196 4359 καταϐάντος
3226 4295 3419 4366 ἄρτου,
3479 4295 3664 4367 νοερὸν
3691 4293 3778 4362 τῆς

2197 4385 2376 4456 ψυχῆς
2407 4403 2520 4452 σου,
2556 4385 2732 4450 θείαις
2755 4387 3018 4452 ἐννοίαις⁶
3051 4388 3144 4441 καὶ
3169 4387 3421 4458 διάκρινε
3469 4387 3654 4441 πάντα
3693 4401 3779 4438 κα-

2197 4475 2328 4538 λῶς.

565 4567 740 4627 Vens.
779 4572 835 4629 9.
871 4571 1032 4642 Aperi
1058 4591 1116 4632 os
1151 4583 1320 4644 tuum,
1345 4583 1397 4631 et
1413 4576 1563 4646 jttste
1579 4580 1789 4648 judico.
1830 4579 1992 4652 Aperi
2019 4599 2084 4640 os

2259 4567 2326 4622 θ’.
2367 4569 2608 4638 "Au-atra
2639 4568 2758 4623 σὸν
2789 4569 3008 4638 στόμα,
3035 4543 3132 4622 καί
3163 4568 3331 4638 sep/rs
3352 4567 3630 4634 δικαίως.
3653 4567 3780 4620 [1λά-

494 4671 653 4720 tuum
687 4667 834 4736 quod
875 4677 1106 4738 apparet
1133 4670 1200 4725 ad
1231 4671 1573 4728 enuntianda
1617 4673 1712 4730 Dei
1743 4676 1998 4748 eloquia;
2032 4687 2087 4734 et

496 4756 800 4829 unicuique
832 4759 1004 4817 redde
1033 4763 1182 4832 quod
1212 4763 1320 4834 ipsi
1349 4767 1632 4838 competit.

562 4929 817 5004 .Dijudica
869 4944 1048 4988 autent
1093 4947 1380 5003 pauperem
1424 4945 1473 4992 et
1525 4938 1820 5006 infirmum.
1873 4942 1948 4996 'l'e
1988 4944 2085 4999 ad-

490 5026 688 5082 ltortor
735 5037 796 5082 ut
850 5039 1002 5084 recte
1043 5027 1262 5098 judices
1320 5031 1706 5086 necessitatem
1761 5032 1977 5103 inopis,
2029 5044 2084 5089 et

493 5119 881 5174 necessitatem
907 5119 1032 5190 ejus
1057 5118 1150 5190 qui
1175 5119 1472 5175 doloribus.
1488 5122 1741 5192 corporis
1767 5129 2080 5194 torquetur,

488 5219 544 5266 et
576 5209 774 5266 exinde
807 5213 1112 5267 remedium
1147 5213 1291 5282 quod
1329 5213 1546 5284 utrique
1583 5215 1868 5271 convenit.

565 5299 736 5356 Vnus.
780 5301 871 5376 10.
917 5302 1195 5358 Mulierem
1251 5305 1441 5374 [artem
1489 5306 1608 5374 quis
1663 5307 1878 5362 inueniet
1910 5309 1936 5362 .7
1963 5307 2078 5365 Sibi

491 5391 740 5456 sociam,
797 5394 1036 5448 invisum
1095 5393 1305 5450 doloris
1361 5397 1800 5462 experimentum
1863 5396 2084 5454 fortiter

489 5485 842 5548 tolerantem,
881 5494 936 5538 et
974 5485 1221 5555 jucunda
1261 5487 1540 5558 voluptate
1582 5504 1690 5541 non
1730 5491 2080 5558 vincendum,

489 5575 822 5646 sapientiam
878 5578 1180 5648 perfectam
1234 5581 1398 5637 homo
1455 5597 1581 5637 raro
1634 5585 1921 5639 assumit:
1961 5601 2082 5640 rara

487 5669 638 5721 enim
674 5675 758 5721 est
795 5677 850 5723 et
893 5667 1064 5722 ardua
1105 5671 1232 5726 boni
1271 5673 1594 5743 acquisitio,
1626 5677 1846 5733 etiamsi
1883 5693 2082 5748 magna

496 5757 578 5810 vis
617 5757 808 5812 invitet
838 5766 891 5812 et
925 5761 1154 5817 alliciat.

2187 4677 2314 4715 τυνε
2357 4661 2452 4714 καὶ
2507 4661 2642 4716 αὐτό
2680 4677 2774 4714 σου
2801 4662 2864 4714 τὸ
2898 4661 3230 4740 (ξαινόμενον
3294 4662 3499 4732 στόμα,
3547 4659 3779 4730 προφορᾷ

2187 4751 2348 4806 θείων
2383 4754 2644 4825 ῥημάτων
2665 4769 2678 4784 ⁸
2732 4754 2828 4807 καὶ
2871 4752 3129 4808 ἀποδίδου
3179 4754 3398 4824 ἑκάστῳ
3442 4755 3510 4808 τὸ
3551 4755 3778 4826 πρόσφοο

2190 4861 2304 4916 ρον.

2254 4936 2531 5006 Διάκρινε
2555 4935 2626 4990 δὲ
2659 4936 2892 5005 πένητα
2925 4937 3027 4992 καὶ
3069 4939 3328 5008 ἀσθενῆ.
3366 4941 3692 5010 Διακρίνειν
3729 4937 3780 4990 δέ

2183 5025 2367 5089 καλῶς
2401 5043 2485 5080 σοι
2513 5025 2986 5098 παρακελεύομαι,
3013 5028 3114 5100 τήν
3143 5045 3202 5080 τε
3231 5028 3326 5082 τοῦ
3359 5029 3586 5092 ἐνδεοῦς
3619 5029 3778 5094 ἀνάγο

2185 5136 2311 5190 κην,
2339 5118 2438 5172 καὶ
2467 5120 2568 5189 τὴν
2597 5116 2692 5172 τοῦ
2723 5119 2940 5183 ὀδύναις
2997 5121 3364 5190 συνεχομένου
3403 5124 3777 5192 σωματικαῖς·
3871 5150 3876 5155 ι

2183 5208 2480 5264 κάντεῦθεν
2523 5211 2769 5278 πάντως,
2803 5210 3012 5266 τούτων
3067 5211 3316 5284 ἐκατέρῳ
3353 5212 3413 5266 τὸ
3435 5196 3779 5283 κατάλληλον

2185 5303 2502 5374 φάρμακον.

2257 5400 2306 5449 ι’.
2337 5392 2611 5448 Γυναῖκα
2633 5393 2916 5463 ἀνδρείαν
2947 5395 3042 5462 τίς
3077 5395 3352 5464 εὑρήσεις
3377 5395 3666 5457 Σύνοικον,
3696 5393 3786 5464 τήν

2181 5489 2312 5551 τοὺς
2343 5486 2442 5556 μέν
2465 5486 2588 5540 κατ’
2607 5485 2801 5557 ὀδύνην
2827 5487 3123 5552 ἀκουσίους
3145 5487 3496 5560 πειρασμοὺς
3522 5488 3788 5556 γενναίως

2185 5579 2589 5650 ὑπομένουσαν.
2624 5581 2740 5642 τοῖς
2768 5579 2826 5632 δέ
2861 5578 2983 5633 καθ’
3013 5581 3209 5650 ἡδονὴν
3237 5580 3520 5644 ἑκουσίοις
3552 5579 3634 5652 μὴ
3664 5581 3788 5632 ὑπο-

2186 5671 2518 5735 πίπτουσαν,
2537 5671 2874 5726 τελειοποιὶν
2893 5671 3107 5740 σοφίαν,
3127 5673 3374 5736 σπανίως
3409 5671 3546 5738 νοῦς
3583 5669 3793 5736 ἀνθρὼο

2187 5783 2342 5828 πινος
2371 5765 2632 5836 κτήσεται
2659 5781 2674 5796 °
2717 5763 2800 5817 ὅτι
2855 5765 3086 5818 σπάνιον
3123 5766 3156 5836 ἡ
3185 5765 3277 5818 τοῦ
3318 5763 3536 5834 ἀγαθοῦ
3570 5764 3785 5835 κτῆσις.

2190 5860 2284 5910 καὶ
2316 5859 2651 5926 πρξσαντες·
2683 5855 2786 5910 κᾶν
2822 5857 2956 5911 πολὺ
3002 5857 3062 5912 τὸ
3095 5859 3356 5929 μεθέλκον
3393 5859 3480 5930 εἴη
3520 5859 3626 5914 καὶ
3660 5873 3788 5930 πρυ-

2189 5953 2356 6007 καλού
2365 5971 2432 6024 με
2443 5971 2545 6008 νον.
