3976 6382
292 345 427 410 1537

1355 351 1898 415 COMMENTARII
1938 357 2017 415 ΙΝ
2056 358 2517 420 PROVERBIA.

3444 362 3581 426 1533

361 465 669 535 Τιμιωτέρα
695 465 765 520 δέ
784 465 915 519 ἐστι
945 467 1133 522 ,πίθων
1155 466 1515 521 πολυτελῶν
1541 467 1580 535 ἡ
1605 471 1868 538 τοιαύτη.

2051 474 2350 528 Pretiasior
2385 485 2561 529 autem
2604 484 2683 530 est
2729 473 2995 545 lapidibus
3021 476 3266 546 pretiosis
3300 492 3418 547 quae
3452 475 3579 530 tat'is

283 556 562 628 Κρείττων
590 557 646 610 δὲ
674 559 1022 627 ἁσυγκρίτως
1059 559 1278 612 πάντων
1312 558 1419 628 τῶν
1462 560 1605 611 κατὰ
1634 560 1723 612 τὸν
1756 560 1878 630 βίον

286 650 603 720 πολυτίμων
640 667 698 703 τε
725 652 820 705 καὶ
844 650 1114 721 λαμπρῶν
1145 650 1284 721 αὕτη
1315 651 1483 704 ἐστίν.

353 747 446 795 ια’.
476 741 693 810 Θαρρεῖ
718 741 815 796 ἐπ’
843 741 999 811 αὑτῇ
1031 743 1070 810 ἠ
1118 741 1333 810 καρδία
1375 742 1482 796 τοῦ
1514 732 1737 809 ἀνδρὸς
1768 742 1878 796 αὐ-

278 832 413 901 τῆς.
446 833 685 903 Ἀφοὸός
714 835 863 887 ἐστιν
902 834 959 886 ὲν
981 834 1118 906 αὐτῇ
1149 834 1245 888 τοῦ
1272 833 1449 908 ταύτῃ
1494 832 1879 904 συμὸιστεύον-

277 941 371 988 τος
401 925 659 996 ήδιάνοια
705 925 898 997 βοηθὸν
928 926 1098 996 αὐτὴν
1129 927 1490 996 κεκτημένου,
1512 925 1604 978 καὶ
1628 925 1714 978 ἐπ’
1738 925 1875 996 αὐτῇ

279 1013 635 1087 θαρροῦντος,
668 1018 746 1080 ὡς
767 1016 882 1070 οὗθ’
910 1018 1016 1072 ὑπὸ
1068 1018 1178 1073 τῶν
1210 1020 1383 1090 ἡδέων
1435 1018 1872 1089 ἁπατηθήσεται,

276 1106 394 1160 οὔθ’
435 1108 541 1161 ὑπὸ
564 1110 675 1162 τῶν
713 1114 982 1179 ἀλγεινων
1014 1112 1402 1184 ήττηθήσεται.

355 1199 447 1270 ιβ’,
494 1207 585 1268 ιγ’.
636 1201 704 1256 Ἦ
723 1205 971 1270 τοιαύτη
1002 1203 1208 1258 καλῶν
1243 1207 1492 1259 σκύλων
1506 1209 1619 1262 οὐκ
1650 1207 1876 1276 ἀπορή-

272 1308 373 1346 σει
391 1308 404 1321 °
430 1292 664 1361 ἐνεργεῖ
689 1295 800 1363 γὰρ
821 1293 902 1360 τῷ
930 1295 1106 1364 ἀνδρὶ
1131 1296 1325 1365 ἀγαθὰ
1354 1293 1551 1352 πάντα
1584 1301 1692 1354 τὸν
1706 1300 1872 1365 βίον,

265 1385 626 1454 μηρυομένη
679 1389 808 1454 ἕρια
860 1388 963 1445 καὶ
1006 1390 1203 1453 λίνον,
1239 1389 1531 1458 ἐποίησεν
1567 1392 1874 1461 εὔχρηστα

273 1461 407 1541 ταῖς
434 1478 649 1546 χερσὶν
671 1477 884 1548 αὐτῆς.
931 1481 995 1533 Ἠ
1027 1480 1250 1551 τοιαύτη
1284 1483 1341 1535 ὲν
1367 1486 1477 1546 τοῖς
1504 1484 1595 1536 τοῦ
1623 1484 1870 1537 συνοίκου

270 1569 449 1637 αὐτῆς
484 1569 628 1622 κατὰ
680 1570 788 1625 τῶν
836 1573 1043 1641 νοητῶν
1099 1573 1311 1643 ἐχθρῶν
1348 1574 1748 1643 ἀγωνίσμασιν,
1783 1571 1872 1630 οἶά.

178 1706 191 1718 ,
267 1675 435 1713 τινων
487 1661 711 1728 ἀγαθῶν
760 1663 1047 1733 λαφύρων,
1110 1666 1410 1737 εὐπορήσει
1468 1667 1580 1719 τῶν
1619 1667 1867 1737 ἀρετῶν

267 1756 657 1820 περιποιεῖταν
680 1754 789 1824 γὰρ
820 1755 1025 1819 ταύτας
1081 1755 1252 1827 αὐτῷ,
1293 1759 1350 1809 ὲν
1391 1761 1504 1820 τοῖς
1539 1758 1660 1811 κατ’
1691 1758 1871 1812 αὐτῶν

1983 573 2079 619 est.
2114 565 2312 620 Procul
2343 565 2516 620 dubio
2548 568 2744 623 melior
2781 576 2867 623 est
2900 569 3019 638 ipsa
3060 571 3211 624 omni
3244 586 3301 625 re
3329 570 3577 640 pretiosa

1980 667 2037 710 et
2073 656 2304 727 fulgenti
2347 658 2402 713 in
2444 658 2551 713 hoc
2593 660 2822 714 mundo.

2052 746 2223 806 Vnus.
2261 750 2349 804 11.
2388 748 2621 821 Conﬁdit
2653 768 2811 821 super
2838 768 2957 807 eam
2992 769 3083 806 cor
3114 753 3215 807 viri
3242 759 3376 821 ejus.
3408 752 3486 810 De
3509 769 3575 810 ea

1981 859 2092 899 non
2126 843 2278 899 timet
2306 844 2527 901 animus
2562 845 2684 915 ejus
2728 847 2821 916 qui
2864 846 2999 901 vivit
3035 862 3161 900 cum
3196 861 3283 913 ea,
3315 846 3574 915 illamque

1979 936 2308 1007 adjutrieem
2346 937 2452 992 sibi
2495 939 2812 1007 acquisivit,
2843 947 2900 994 et
2943 940 3172 994 conlidit
3219 954 3340 995 eam
3394 955 3573 1010 neque

1977 1029 2361 1097 voluptatibus
2389 1030 2743 1099 vincendam,
2773 1047 2953 1102 neque
2984 1033 3269 1088 laboribus
3300 1049 3573 1104 superan-

1978 1119 2105 1174 dam
2142 1134 2290 1174 esse.

2050 1209 2215 1267 Vens.
2252 1212 2340 1280 12,
2382 1212 2464 1267 15.
2502 1213 2632 1278 Qum
2664 1214 2789 1268 talis
2839 1224 2916 1271 est
2962 1215 3197 1286 pulchris
3242 1216 3426 1282 spoliis
3464 1232 3570 1270 uon

1976 1302 2236 1373 indigebit
2275 1321 2295 1358 :
2328 1314 2581 1373 operatur
2629 1306 2770 1358 enim
2820 1307 2933 1360 viro
2978 1306 3048 1360 ad
3083 1308 3217 1360 bona
3254 1308 3399 1360 omni
3436 1308 3565 1370 vita,

1976 1395 2138 1463 ﬁlans
2174 1394 2331 1449 lanas
2369 1406 2418 1450 et
2460 1397 2652 1460 linum,
2696 1398 2821 1466 fecit
2854 1398 2993 1468 quod
3042 1399 3173 1452 utile
3206 1408 3285 1453 est
3323 1398 3567 1453 munibus

1975 1486 2111 1540 suis.
2148 1485 2279 1553 Quae
2310 1487 2440 1542 talis
2469 1495 2553 1542 est
2588 1487 2730 1542 inter
2763 1504 2976 1559 pugnas
3005 1490 3204 1543 animae
3236 1502 3361 1541 cum
3399 1488 3567 1555 spiri-

1978 1580 2219 1633 tualibus
2268 1579 2538 1643 inimicis,
2570 1580 2870 1634 virtutibus
2920 1580 3079 1649 quasi
3123 1580 3317 1648 spoliis
3362 1579 3567 1649 Opimis

1975 1670 2302 1725 abundabit.
2356 1671 2486 1725 Illas
2533 1671 2683 1725 enim
2723 1672 2772 1726 ei
2815 1678 3089 1741 praeparat
3117 1672 3170 1724 in
3212 1672 3472 1739 treplueis
3503 1674 3569 1726 de

1975 1760 2222 1814 inimicis
2272 1760 2514 1827 erectis;
2559 1776 2659 1829 per
2704 1768 2880 1815 totam
2920 1769 3248 1830 praesentem
3282 1762 3450 1815 vitam
3492 1761 3570 1814 la-
3654 1806 3672 1816 -

265 1842 557 1910 τροπαίοις
578 1860 593 1874 ·
626 1844 759 1915 παρ’
787 1845 917 1915 ὃλην
944 1863 1002 1898 τε
1050 1847 1151 1916 τὴν
1190 1847 1475 1917 παροῦσαν
1525 1848 1671 1919 ζωὴν
1701 1849 1870 1920 ἐργα-

1980 1851 2233 1905 boriosos
2266 1858 2322 1906 et
2354 1848 2591 1904 eximios
2635 1865 2817 1906 mores
2871 1851 3178 1906 secundum
3224 1849 3392 1904 Deum
3436 1866 3569 1918 ope-

267 1930 476 2003 ζομένη
497 1934 559 1987 τό
586 1953 646 1989 τε
680 1936 838 2008 δίκην
877 1937 1082 2007 μαλλοῦ
1114 1940 1288 2009 τραχὺ
1317 1940 1426 1992 τῶν
1450 1940 1727 2012 διαφόρων
1752 1944 1872 1995 επι-

268 2023 630 2096 στηδευμάτων
658 2026 755 2081 τοῦ
807 2029 951 2083 κατὰ
992 2029 1126 2083 Θεὸν
1158 2031 1299 2100 βίου,
1338 2032 1431 2084 καὶ
1472 2033 1572 2105 τὴν
1602 2029 1693 2086 οἷα
1727 2033 1872 2088 λίνον

266 2112 679 2190 λεπτυνομένην
712 2120 771 2172 ὲν
804 2120 1079 2189 πνεύματι
1125 2124 1205 2186 είς
1250 2121 1319 2175 τὰ
1371 2125 1624 2194 νοήματα
1677 2126 1786 2177 τῶν
1811 2127 1871 2179 ἐν

264 2208 386 2270 τοῖς
410 2207 531 2262 οὖσι
559 2209 734 2278 λόγων
767 2212 1008 2284 φυσικὴν
1055 2213 1294 2286 θεωρίαν
1334 2216 1537 2280 αὐτῶν,
1592 2217 1870 2287 ἐχρήσατο

266 2297 482 2364 τούτοις
513 2301 766 2369 δεόντως,
800 2306 920 2369 ταῖς
958 2304 1171 2359 ἑαυτῶν
1202 2305 1326 2360 κατ’
1354 2307 1558 2377 ἀρετὴν
1599 2312 1695 2363 καὶ
1724 2310 1868 2377 γνῶ-

268 2402 357 2442 σιν
378 2390 705 2459 ἐνεργείαις,
739 2393 822 2457 είς
853 2392 1086 2462 ἔκφασιν
1118 2395 1341 2459 πάντως
1372 2396 1476 2450 ,τοῦ
1506 2397 1741 2467 ἀγαθοῦ,
1777 2401 1870 2456 καὶ

267 2479 580 2551 κατάληψιν
615 2484 715 2553 τῆς
746 2485 1032 2556 ἀληθείας.

340 2572 425 2627 ιδ’.
470 2573 737 2644 Ἐγένετο
765 2576 911 2630 ὡσεὶ
953 2576 1106 2644 ναῦς
1152 2574 1607 2649 ἐμπορευομένη
1642 2582 1870 2650 μακρό-

267 2667 397 2721 θεν.
445 2664 719 2739 Ὡμοιώθη
748 2667 840 2741 νηῒ
866 2668 962 2722 τοῦ
989 2668 1107 2738 βίου
1149 2669 1251 2741 τὴν
1278 2670 1557 2725 θάλασσαν
1579 2672 1868 2727 διαπλέου-

269 2772 364 2820 σα,
403 2758 499 2811 καὶ
544 2760 1051 2829 πραγματευομένη
1092 2760 1150 2813 ἐν
1196 2759 1275 2830 τῷ
1322 2762 1553 2832 παρόντι
1595 2766 1693 2834 τῆς
1735 2781 1872 2818 παν-

266 2847 522 2918 ηγύρεως
546 2848 747 2920 καιρῷ,
766 2850 834 2905 τὰ
856 2853 972 2915 τοῖς
996 2852 1228 2916 δικαίοις
1258 2852 1401 2907 κατὰ
1424 2854 1486 2907 τὸ
1511 2853 1708 2924 μέλλον
1732 2856 1872 2909 ἀπο-

269 2938 501 3009 κείμενα
534 2939 739 3008 ἀγαθά.

347 3036 427 3085 ιε’.
457 3031 713 3131 λῖν-νάγει
750 3032 836 3131 et
849 3034 1014 3131 αὕτη
1050 3036 1159 3090 τὸν
1191 3037 1360 3103 βίον,
1410 3036 1513 3092 καί
1549 3037 1869 3131 ἀνίσταται
1895 3073 1938 3131 C

266 3121 339 3175 ἐκ
362 3121 601 3176 νυκτῶν
620 3140 634 3155 ο
665 3122 767 3177 καὶ
804 3123 993 3179 ἔδωκε
1016 3127 1307 3197 ,βρώματα
1329 3125 1455 3194 τοῖς
1485 3127 1556 3181 ἐν
1588 3124 1669 3193 τῷ
1701 3129 1865 3195 οἴκῳ,

266 3213 370 3267 καὶ
395 3213 541 3285 ἔργα
567 3214 697 3281 ταῖς
726 3218 1139 3285 θεραπαίναις.
1192 3219 1448 3287 Συλλέγει
1478 3220 1535 3273 δὲ
1564 3221 1597 3290 ἡ
1644 3220 1867 3292 τοιαύτη

265 3305 414 3358 κατὰ
456 3306 583 3360 νοῦν
617 3308 711 3362 τὸν
758 3311 1135 3378 πνευματικὸν
1188 3309 1422 3365 πλοῦτον
1473 3312 1573 3382 τῆς
1611 3312 1869 3379 γνώσεως

265 3395 365 3449 τοῦ
418 3397 651 3467 Ποιητοῦ
679 3401 744 3453 ὲκ
776 3398 887 3454 τῶν
914 3401 1239 3472 ποιημάτων
1261 3399 1428 3454 αὐτοῦ
1448 3418 1461 3432 ’
1492 3401 1744 3470 καὶπρὸς
1776 3400 1869 3453 τὸν

266 3485 438 3541 πόθον
458 3489 649 3543 τούτου
682 3492 748 3545 ὲκ
771 3490 882 3545 τῶν
912 3493 1043 3561 περὶ⁵
1074 3493 1252 3547 ταῦτα
1284 3493 1566 3564 ἐγείρεται
1603 3493 1866 3563 σχέσεων,

264 3572 361 3638 αἷς
387 3580 465 3644 ὡς
488 3582 547 3634 ὲν
581 3580 730 3647 νυξὶν
758 3583 1021 3637 ἐκάθευδε
1042 3600 1055 3613 ·
1088 3583 1185 3638 τοῦ
1213 3584 1333 3649 νοὸς
1372 3586 1514 3657 μήτε
1541 3586 1866 3656 κινουμένου

262 3670 411 3742 πρὸς
463 3672 691 3741 γνῶσιν,
748 3675 889 3745 μήτε
924 3675 1277 3747 ἐνεργοῦντος
1328 3677 1429 3741 τὰς
1488 3677 1733 3750 ἀρετάς·
1773 3677 1872 3732 καί

260 3760 414 3817 οὕτω
444 3764 702 3833 πρὸςιτὸν
733 3766 879 3819 θεῖον
900 3766 1249 3837 διεγερθεῖσα
1281 3767 1466 3832 πόθον,
1495 3768 1762 3840 ,παρέσχε
1793 3768 1871 3840 τῷ

265 3854 372 3926 μὲν
400 3857 705 3928 οίκητηρίῳ
734 3858 939 3929 ἑαυτῆς
983 3858 1087 3924 νοτ,
1132 3860 1343 3931 τροφὰς
1380 3859 1652 3933 διαφόρων
1706 3878 1872 3917 πνευ-

265 3947 520 4017 ματικῶν
548 3947 928 4020 θεωρημάτων
966 3949 1062 4005 τοῦ
1115 3949 1296 4020 ψυχὰς
1334 3950 1689 4022 στηρίζοντος
1717 3952 1867 4006 θείου

259 4037 443 4104 Λόγου
470 4053 486 4070 ο
515 4042 636 4103 ταῖς
670 4040 728 4093 δὲ
756 4040 1140 4106 διακονούσαις
1168 4041 1247 4113 τῷ
1276 4042 1421 4113 λόγῳ
1447 4042 1764 4114 δυνάμεσιν,
1782 4037 1871 4098 οἷα

262 4130 613 4201 ὲπιπειθέσιν
670 4132 846 4205 αὐτῷ,
887 4135 952 4204 τῇ
992 4150 1054 4186 τε
1107 4131 1380 4204 ἐπιθυμίᾳ
1418 4133 1529 4187 εκαὶ
1560 4132 1641 4203 τῷ
1684 4132 1865 4204 θυμῷ,

260 4220 369 4282 τὰς
402 4223 670 4293 ἐργασίας
703 4222 816 4277 τῶν
854 4223 948 4278 τοῦ
1005 4224 1144 4279 Θεοῦ
1195 4223 1464 4279 ἐντολῶν·
1496 4224 1573 4288 ὡς
1625 4225 1867 4279 πείσασα

1974 1952 2165 2004 ratur,
2211 1949 2270 1997 ut
2331 1940 2538 2007 vellus,
2569 1952 2737 2011 atque
2796 1944 2913 1996 lino
2956 1943 3300 1996 subtiliorem
3336 1942 3569 1996 medita-

1971 2036 2178 2090 tionem
2224 2041 2278 2089 et
2323 2035 2853 2104 contemplationem
2900 2035 2955 2089 in
2995 2034 3192 2104 spiritu
3229 2040 3438 2091 natura:
3480 2048 3567 2087 re-

1970 2142 2148 2182 rum:
2193 2141 2291 2195 per
2349 2125 2467 2180 haec
2523 2126 2745 2192 omnia,
2805 2125 2863 2179 in
2922 2125 3186 2180 exercitio
3240 2125 3459 2179 virtutis
3511 2132 3566 2178 et

1972 2220 2244 2284 scientiae,
2278 2219 2344 2272 ad
2382 2219 2584 2273 bonum
2635 2216 2951 2273 faciendum
3000 2216 3137 2271 facit
3177 2227 3232 2273 et
3280 2220 3565 2271 veritatem

1971 2310 2384 2383 intelligendam
2423 2309 2800 2380 progreditur.

2046 2577 2212 2634 Vens.
2249 2579 2337 2636 14.
2375 2578 2548 2635 Facta
2593 2591 2669 2636 est
2719 2590 2971 2652 tauquam
3010 2581 3160 2634 navis
3210 2587 3564 2634 mercaturam

1972 2685 2221 2725 exercens
2284 2670 2348 2725 de
2405 2672 2584 2743 longe.
2640 2672 2807 2727 Facta
2858 2681 2942 2726 est
2987 2671 3190 2727 similis
3246 2670 3395 2733 navi,
3436 2684 3564 2723 cum

1972 2778 2130 2820 mare
2176 2763 2344 2834 hujus
2389 2766 2514 2820 vita:
2561 2766 2864 2835 percurrit,
2902 2774 3069 2835 atque
3106 2773 3351 2832 tempore
3396 2761 3565 2816 festo-

1971 2870 2096 2910 rum
2128 2856 2273 2913 bona
2316 2857 2501 2929 justos
2530 2860 2584 2912 in
2617 2858 2863 2913 futurum
2895 2858 3167 2911 utanentia
3194 2864 3491 2911 mercatur.

2046 3033 2214 3091 Vens.
2254 3036 2341 3091 15.
2378 3034 2677 3105 Congregat
2705 3032 2881 3089 autem
2910 3034 3020 3088 hwc
3048 3034 3227 3098 vitam,
3252 3040 3302 3086 et
3330 3032 3565 3085 surrexit

1971 3126 2035 3180 de
2058 3128 2385 3194 noctibus,et
2402 3129 2544 3183 dedit
2573 3144 2722 3183 escas
2741 3127 3042 3182 domesticis
3057 3135 3106 3180 et
3129 3142 3289 3193 opera
3323 3123 3560 3179 ancillis.

1971 3215 2098 3270 llaec
2148 3217 2472 3286 Spiritualcs
2531 3196 2758 3273 divitias
2822 3218 2878 3271 in
2936 3225 3177 3271 mentem
3238 3220 3561 3285 congregat.

1968 3321 2169 3375 nempe
2194 3306 2516 3362 Creatorem
2560 3322 2627 3361 ex
2666 3307 2934 3376 operibus
2963 3305 3085 3375 ejus
3124 3305 3431 3375 cognoscit,
3465 3318 3563 3357 ex-

1968 3395 2175 3449 citatur
2207 3396 2273 3449 ad
2307 3397 2466 3451 illum
2498 3396 2951 3460 desiderandunt,
2986 3395 3180 3450 relicto
3211 3409 3402 3448 eorum
3430 3408 3563 3463 ope-

1967 3502 2092 3541 rum
2123 3502 2317 3543 amore
2348 3489 2403 3542 in
2432 3505 2562 3557 quo,
2589 3489 2740 3544 velut
2772 3489 2827 3542 in
2861 3497 3044 3553 nocte,
3075 3486 3401 3551 dormiebat,
3432 3500 3559 3541 cum

1968 3580 2289 3635 intelleCtus
2339 3596 2519 3650 neque
2566 3582 2860 3637 scientiam
2893 3580 3198 3644 aﬂectaret,
3233 3594 3411 3646 neque
3452 3577 3557 3633 vir-

1970 3676 2140 3723 tutem
2182 3669 2465 3725 excitaret.
2492 3671 2657 3727 Nunc
2697 3679 2879 3726 autem
2910 3670 2978 3726 ad
3012 3685 3257 3725 amorem
3292 3667 3385 3725 Dei
3413 3671 3561 3724 excl-

1970 3765 2082 3812 tata
2141 3744 2484 3814 intellectum
2532 3760 2589 3814 in
2641 3775 2754 3832 quo
2805 3760 3020 3815 habitat
3054 3759 3384 3831 quibusdam
3432 3758 3562 3814 altis

1970 3858 2026 3905 et
2055 3851 2443 3929 spiritualibus
2469 3853 2905 3924 cogitationibus
2935 3869 2964 3909 a
2997 3851 3093 3908 Dei
3121 3852 3289 3907 verbo
3318 3851 3559 3906 animam

1971 3942 2224 3999 ﬁrmante
2273 3945 2600 4016 inspiratis.
2672 3946 2886 4013 nutrit,
2927 3953 2983 4001 et
3030 3944 3392 4000 facultatibus
3434 3957 3560 4013 quas

1970 4049 2129 4090 more
2171 4036 2502 4093 ancillarum
2555 4037 2760 4093 rationi
2811 4037 3104 4101 obediunt,
3152 4035 3555 4106 concupiscen-

1971 4128 2061 4183 tiae
2117 4129 2340 4185 scilicet
2398 4137 2455 4185 et
2510 4130 2644 4195 irae,
2704 4129 2902 4187 suadet
2946 4137 3008 4185 ut
3053 4129 3238 4185 divina
3285 4138 3557 4199 praecepta

1970 4220 2314 4290 observent;
2356 4223 2827 4294 concupiscentiae
2889 4222 3109 4294 quidem
3151 4261 3167 4287 ,
3199 4231 3261 4276 ut
3318 4234 3385 4275 ea
3437 4233 3559 4291 quze

262 4310 365 4377 τὴν
398 4310 498 4382 μὲν
538 4309 861 4382 ἐπιθυμίαν,
891 4309 1187 4382 ὀρέγεσθαι
1231 4309 1342 4364 τῶν
1388 4311 1475 4380 ἐφ’
1518 4308 1664 4382 ἆπερ
1703 4303 1865 4364 αὗται

1980 4314 2369 4385 praecipiuntur
2399 4317 2679 4388 requirat;
2714 4317 2808 4373 irae
2840 4327 3049 4383 autem,
3086 4323 3244 4393 utdea
3268 4314 3402 4370 vitet
3435 4329 3559 4385 quae

263 4403 649 4474 προτρέπουσι
673 4418 689 4434 ο
732 4403 923 4458 τδνδὲ
948 4402 1143 4474 θυμὸν,
1187 4401 1635 4474 ἀποστρέφεσθαι
1663 4401 1733 4455 τὰ
1771 4399 1864 4469 ἀφ’

258 4485 343 4548 ὧν
368 4494 764 4566 ἀποτρέπουσι.

345 4592 441 4651 ις’.
475 4584 848 4655 Θεωρήσασα
897 4580 1183 4654 γεώργιον
1209 4622 1225 4648 ,
1289 4581 1572 4651 ἐπρίατο·
1617 4580 1738 4637 ἀπὸ
1795 4579 1865 4634 δὲ

260 4676 516 4746 καρπῶν
542 4675 759 4747 χειρῶν
785 4674 996 4743 αὐτῆς,
1039 4675 1457 4745 κατεφύτευσε
1489 4673 1708 4744 κτῆμα.
1744 4674 1863 4727 Κα-

260 4770 582 4841 τανοήσασα
615 4766 941 4838 γνωστικῶς
988 4766 1081 4820 τὸν
1133 4766 1194 4819 ὲν
1220 4764 1320 4837 ὅλῃ
1372 4767 1439 4837 τῇ
1482 4763 1646 4834 φύσει
1674 4764 1767 4817 καὶ
1794 4764 1861 4834 τῇ

264 4861 465 4934 Γραφῇ
491 4859 915 4931 γεωργούμενον
943 4857 1087 4912 θεῖον
1121 4857 1318 4927 Λόγον,
1364 4858 1635 4927 ἐκτήσατο
1672 4856 1861 4911 τοῦτον

260 4953 389 5008 καθ’
422 4952 539 5018 ἕξιν
562 4969 578 4984 ·
612 4953 714 5023 τὴν
736 4950 878 5006 κατὰ
906 4950 1091 5021 ψυχὴν
1121 4949 1386 5014 διάθεσιν,
1429 4948 1506 5013 ὥς
1538 4966 1663 5003 τινα
1682 4965 1861 5015 ,κατα-

260 5042 571 5117 ϐαλλομένη
598 5043 848 5115 δραχμήν
866 5058 880 5072 °
910 5041 1004 5111 ἀφ’
1037 5033 1113 5096 ὧν
1144 5040 1200 5093 δὲ
1227 5040 1445 5112 τρόπων
1469 5040 1860 5111 καρποφοροῦ-

263 5153 351 5191 σιν
383 5137 440 5191 ai
468 5135 617 5208 παρὰ
645 5134 848 5203 ταύτης
870 5132 1195 5203 κινούμεναι
1230 5132 1535 5203 πρακτικαὶ
1558 5133 1655 5202 τῆς
1680 5133 1859 5205 ψυχῆς

258 5230 545 5299 δυνάμεις,
576 5229 652 5293 ὼς
682 5229 852 5299 ἀγρόν
885 5244 1009 5280 τινα
1030 5225 1405 5296 κατεφύτευσε
1428 5224 1489 5277 τὸ
1517 5227 1765 5294 σαρκίον,
1790 5229 1855 5298 τῇ

260 5321 505 5393 ὲναρέτῳ
529 5320 798 5391 πολιτείᾳ.
1724 5378 1733 5387 .
1846 5344 1899 5367 ί

333 5378 422 5480 ιξἾ,
455 5378 547 5487 ιη’.
597 5378 1049 5482 Ἀναξωσαμςένη
1075 5407 1341 5481 ἰσχυρῶς
1366 5409 1480 5477 τὴν
1515 5378 1854 5478 ὀσφὺν-αύ-

258 5505 397 5576 τῆς,
420 5506 626 5577 ἤρεισε
650 5506 794 5572 τοὺς
822 5506 1161 5573 βραχίονας
1191 5502 1386 5572 αὐτῆς
1407 5505 1495 5568 εἱς
1524 5504 1732 5572 ἔργονο
1756 5503 1856 5557 καὶ

260 5601 577 5670 ἐγεύσατο,
606 5601 698 5654 ὅτι
735 5599 931 5654 καλόν
953 5601 1085 5652 ἐστι
1117 5597 1184 5651 τὸ
1216 5596 1584 5667 ἐργάζεσθαι,
1617 5598 1716 5650 καὶ
1745 5599 1854 5650 σῦκ
1901 5591 1907 5597 ⁷

259 5694 713 5749 ἀποσϐέννυται
751 5696 783 5747 o'
821 5694 1054 5761 λύχνος
1077 5688 1270 5757 αὐτῆς
1309 5688 1464 5757 ὅλην
1494 5689 1607 5756 τὴν
1636 5691 1846 5743 νύκτα.

274 5785 668 5841 Ἀναστείλασα
699 5786 994 5856 σωφρόνως
1018 5781 1115 5855 τὴν
1142 5781 1439 5853 ἐπιθυμίαν
1462 5782 1570 5836 ἀπὸ
1608 5782 1704 5852 τῆς
1739 5781 1850 5835 τῶν

1968 4412 2248 4462 vetantur.

2044 4584 2210 4642 Vens.
2246 4585 2336 4641 16.
2367 4584 2724 4642 Consideraus
2770 4603 2962 4658 agrum
3004 4587 3152 4652 emit,
3186 4595 3237 4641 et
3271 4585 3335 4641 de
3364 4586 3558 4655 fructi-

1969 4676 2066 4731 bus
2104 4693 2363 4731 manuum
2396 4693 2617 4731 suarum
2656 4678 2922 4747 plantavit
2957 4677 3358 4746 possessionem.
3394 4674 3558 4731 Post-

1966 4784 2131 4840 quam
2151 4777 2335 4825 mente
2350 4768 2728 4825 consideravit
2747 4771 2972 4826 vcrbum
2995 4770 3089 4822 Dei
3109 4769 3165 4822 in
3190 4770 3337 4823 omni
3358 4777 3557 4822 natura

1965 4869 2021 4917 et
2054 4859 2346 4931 Scriptura
2386 4875 2733 4932 expressum,
2767 4861 2902 4915 illud
2948 4862 3003 4915 in
3046 4859 3214 4914 vitam
3240 4902 3256 4926 ,
3292 4861 3416 4914 data
3456 4876 3557 4930 pro

1965 4951 2147 5022 pretio
2194 4951 2398 5006 mentis
2449 4950 2837 5021 disposntione,
2874 4949 3181 5004 transtulit.
3232 4950 3297 5002 Et
3350 4963 3556 5016 mores,

1965 5060 2060 5099 seu
2113 5044 2240 5098 vitae
2293 5044 2645 5099 sanctitatem
2700 5042 2916 5096 fructus
2955 5041 3219 5094 ferentem
3262 5040 3311 5093 vi
3361 5050 3552 5107 poten-

1965 5138 2169 5191 tiarum
2189 5137 2493 5192 activarum
2527 5136 2747 5200 animae,
2770 5133 3038 5206 plantavit
3058 5135 3378 5202 incorpore,
3397 5131 3553 5201 quasi

1964 5244 2018 5282 tn
2054 5243 2205 5300 agro.
2764 5246 2767 5249 λ

2037 5410 2203 5467 Vens.
2243 5412 2446 5477 17,18.
2495 5410 2794 5467 Praecincta
2843 5410 3056 5480 fortiter
3086 5408 3322 5462 lumbum
3368 5423 3545 5469 suum,

1960 5506 2197 5575 ﬁrmavit
2240 5506 2460 5560 brae/tia
2495 5523 2596 5561 sua
2632 5506 2701 5558 ad
2734 5501 2883 5574 opus.
2923 5501 2991 5557 Et
3026 5503 3255 5573 gustavit
3296 5500 3418 5561 quia
3452 5497 3547 5552 bo-

1962 5612 2085 5648 num
2128 5605 2207 5651 est
2255 5599 2488 5665 operari,
2518 5606 2569 5650 et
2619 5612 2724 5651 non
2764 5596 3126 5665 exstinguitur
3172 5592 3386 5645 lucerna
3432 5588 3553 5661 ejus

1960 5696 2128 5738 totam
2174 5694 2400 5741 nectent.
2446 5684 2748 5755 Postquam
2790 5683 3031 5741 elevavit
3072 5682 3349 5752 sapienter
3388 5679 3547 5751 cupi-

1958 5777 2189 5834 ditatem
2224 5794 2290 5833 ex
2336 5792 2526 5834 amore
2565 5778 2975 5847 temporalium.
3011 5786 3065 5831 et
3103 5775 3252 5830 illam
3296 5762 3366 5828 ad
3407 5770 3546 5828 iram
