3976 6284
525 335 549 402 1
560 333 662 399 539

1826 331 2174 391 PROCOPII
2214 329 2459 390 GAZ.’E1

3668 333 3800 400 1540

526 451 748 504 fortiter
798 447 1066 518 alligavit,
1104 448 1206 502 has
1248 445 1559 502 facultates.
1589 447 1796 501 aetivas
1839 461 1867 499 a
1910 461 1971 502 se
1999 460 2110 501 mo-

2227 449 2572 518 προσκαίρων
2592 443 2843 516 ὀρέξεως,
2881 446 2977 502 καὶ
3007 463 3073 501 πε
3083 447 3419 517 ρισφίγξασα
3437 446 3646 518 ταύτην
3666 454 3801 507 κατά

526 543 757 607 vendas,
793 542 847 596 in
891 540 1278 596 observatione
1320 539 1705 593 mandatorum
1742 537 1837 592 Dei
1873 538 2114 607 pruden-

529 642 615 689 ter
664 635 974 689 conlirmat.
1009 631 1092 688 Ad
1145 631 1441 686 amandum
1491 629 1662 684 Deum
1712 637 1766 683 et
1801 629 2112 699 proximum

527 725 808 795 cupiditas
870 739 1086 794 semper
1117 729 1405 787 movetur,
1448 722 1530 776 ira
1574 735 1705 776 vero
1751 720 1816 775 ad
1845 733 2116 789 pugnan-

527 814 661 867 dum
696 825 890 868 contra
922 821 1235 883 serpentem
1268 821 1533 878 astutum,
1566 811 1660 882 qui
1704 811 1754 866 ei
1797 809 2114 866 insidiatur.

529 905 609 960 Ex
643 905 861 960 actibus
908 905 1164 977 probavit
1216 905 1537 960 intellectus
1588 905 1793 960 bonum
1840 917 1966 959 esse
2016 901 2113 958 Dei

529 996 806 1054 mandatis
859 996 1106 1052 obedire.
1155 994 1223 1050 Et
1270 997 1455 1052 lumen
1506 996 1758 1051 scientia:
1809 995 1865 1050 in
1909 995 2032 1066 ipso
2081 1007 2113 1047 a

531 1089 743 1160 Spiritu
801 1089 1179 1144 illuminatum
1237 1089 1304 1144 ad
1363 1089 1662 1160 agendum,
1703 1101 1919 1157 semper
1974 1085 2114 1140 luci-

531 1179 662 1236 dum
697 1187 902 1245 servat,
935 1179 1041 1234 hoc
1073 1188 1180 1244 est,
1219 1182 1395 1251 legem
1432 1180 1665 1251 spiritus
1699 1179 1912 1250 fulgore
1944 1177 2117 1233 bono-

529 1284 654 1325 rum
680 1283 909 1338 Opernm
936 1269 1233 1338 fulgentem
1267 1279 1322 1324 et
1349 1271 1610 1327 tenebras
1637 1279 1871 1326 terrenae
1902 1270 2113 1340 sapien-

530 1365 624 1420 tia:
653 1365 707 1418 in
742 1378 907 1419 carne
938 1363 1319 1434 dissipantem.

2220 538 2391 609 θυμὸν
2423 538 2715 608 ἀνδρικῶς,
2770 539 3028 611 ὲστήριξε
3073 539 3279 602 ταύτας
3304 541 3403 604 τὰς
3448 541 3582 611 παρ’
3637 542 3803 612 αὐτῆς

2218 631 2548 699 κινουμένας
2571 630 2884 702 πρακτικὰς
2911 631 3193 702 δυνάμεις,
3214 633 3336 685 κατ’
3355 631 3604 704 ἔμφρονα
3624 633 3803 702 λόγον,

2217 723 2279 775 ἐν
2309 724 2376 794 τῇ
2405 721 2644 795 ἐργασίᾳ
2671 723 2784 776 τῶν
2811 722 2907 776 τοῦ
2937 723 3074 776 Θεοῦ
3099 723 3333 777 ἐντολῶν
3357 742 3371 754 ·
3400 724 3461 778 τὸ
3485 725 3585 795 μὲν
3619 724 3806 777 ἐπιου-

2222 814 2475 887 μητικὸν,
2503 815 2642 886 πρὸς
2662 815 2765 885 τὴν
2783 813 2896 868 τοῦ·
2911 814 3050 867 Θεοῦ
3071 815 3174 869 καὶ
3197 814 3294 869 τοῦ
3325 814 3563 886 πλησίον
3586 815 3808 886 ἀγάπη-ν

2219 905 2497 977 ἐπιμόνως
2527 909 2803 974 κινήσασα
2822 924 2836 937 ο
2867 904 2930 958 τὸ
2956 905 3014 959 δὲ
3036 905 3293 976 θυμικὸν,
3325 903 3471 959 κατὰ
3494 904 3593 959 τοῦ
3626 905 3808 958 muti-

2219 996 2327 1060 λως
2360 994 2532 1066 ταύτῃ
2557 994 3006 1060 ἐπιϐουλεύοντος
3044 995 3237 1065 νοητοῦ
3262 993 3441 1064 ὄφεως
3488 995 3589 1049 καὶ
3629 994 3810 1066 ἔργοις

2219 1087 2408 1149 αὐτοῖς
2439 1087 2582 1141 κατά
2605 1085 2732 1141 νοῦν
2753 1087 3044 1157 ἐπειράθη,
3072 1089 3157 1141 ὅτι
3200 1087 3407 1155 ἀγαθὸν
3425 1087 3490 1140 τὸ
3534 1089 3716 1140 ποιεῖν
3743 1087 3809 1140 τὰ

2220 1177 2344 1232 θεῖα
2376 1177 2815 1248 προστάγματαο
2859 1180 2956 1232 καὶ
3006 1179 3364 1247 διαφυλάττει
3403 1177 3689 1233 -ἇσϐεστον
3726 1179 3811 1232 τὶν

2211 1268 2354 1340 ’παρ’
2385 1269 2558 1340 αὐτῆς
2598 1272 2667 1342 τῇ
2697 1271 2844 1342 ψυχῇ
2874 1272 3288 1342 πυρσευόμενον
3321 1271 3465 1326 κατά
3517 1269 3730 1344 πρᾶξιν
3757 1272 3810 1322 ἐν

2219 1361 2494 1430 πνεύματι
2521 1361 2680 1431 λόγον
2709 1364 2809 1432 τῆς
2831 1363 3119 1431 γνώσεως*
3172 1363 3346 1434 ἧγουν
3385 1363 3478 1416 τὸν
3522 1362 3697 1433 νόμον
3722 1363 3811 1414 τοῦ

529 1457 863 1526 πνεύματος,
889 1454 1176 1526 λάμποντα
1204 1458 1326 1518 ταῖς
1351 1455 1661 1525 ἀστραπαῖς
1679 1455 1789 1508 τῶν
1810 1453 1988 1525 ἔργων
2006 1452 2105 1524 τῆς
2137 1452 2511 1524 δικαιοσύνης,
2543 1455 2641 1508 καὶ
2699 1453 2822 1508 ὅλον
2850 1454 3273 1519 διασκεδάςοντα
3340 1455 3435 1509 τὸν
3499 1453 3812 1524 σκοτασμὺυ

527 1549 623 1604 τοῦ
649 1547 835 1617 χοϊκοῦ
860 1547 1212 1616 φρονήματος
1238 1548 1338 1618 τῆς
1365 1547 1588 1618 σαρκός.

599 1637 770 1693 Vens.
800 1637 888 1694 19.
929 1637 1144 1693 Cubitos
1174 1656 1299 1694 suos
1327 1641 1561 1694 extendit
1593 1643 1661 1694 ad
1687 1640 1864 1704 utilia,
1903 1649 1954 1694 et
1993 1657 2114 1695 ma-

530 1749 631 1787 nus
678 1746 802 1785 suas
848 1731 1028 1800 ﬁrmat
1065 1731 1133 1785 ad
1171 1733 1373 1802 fusum.
1409 1731 1703 1805 PrOprium
1736 1733 2006 1804 judicium
2048 1734 2116 1790 de

2295 1638 2382 1692 ιϐ’.
2417 1637 2566 1703 Τοὺς
2594 1636 2812 1706 πήχεις
2843 1636 3036 1706 αὐτῆς
3059 1636 3310 1692 ἐκτείνει
3343 1635 3443 1691 ἐπὶ
3479 1635 3554 1690 τὰ
3575 1636 3810 1708 σψφέ-
3853 1675 3858 1681 -

2215 1745 2406 1798 ροντα
2424 1743 2438 1758 ·
2473 1729 2581 1795 τὰς
2608 1727 2678 1782 δὲ
2697 1728 2900 1799 χεῖρας
2919 1727 3115 1798 αὐτῆς
3141 1729 3353 1799 ἐρείδει
3378 1731 3467 1795 είς
3485 1729 3809 1798 ἄτρακτον.

532 1825 840 1880 virtutibus
871 1840 993 1895 quae
1021 1825 1236 1880 salvant
1269 1827 1510 1892 animas,
1548 1827 1635 1881 bis
1667 1827 1964 1882 sententiis
1998 1841 2116 1882 om-

2227 1821 2332 1884 Τὰς
2352 1821 2567 1891 κρίσεις
2597 1821 2819 1892 ἑαυτῆς,
2859 1821 2997 1892 πρὸς
3016 1821 3116 1885 τὰς
3159 1822 3544 1883 συντεινούσας
3580 1822 3670 1884 είς
3711 1837 3808 1876 σω-

531 1918 666 1972 nino
711 1917 1007 1982 submittit,
1050 1918 1220 1972 veluti
1293 1930 1566 1975 mensurae
1625 1921 1877 1986 cubitali,
1919 1919 2115 1976 dextro

532 2009 746 2063 scilicet
775 2018 830 2065 et
860 2009 1111 2072 sinistro,
1145 2009 1211 2063 ad
1251 2007 1606 2080 jndicandam
1631 2012 1913 2066 virtutum
1957 2026 2115 2068 men-

531 2111 746 2162 suram,
785 2109 838 2152 et
888 2099 1035 2166 quod
1075 2099 1228 2154 deest
1268 2100 1335 2154 ad
1390 2099 1694 2167 dexteram,
1729 2102 1874 2173 quod
1911 2102 1990 2157 ad
2038 2103 2116 2158 si-

533 2193 764 2245 nistram
820 2191 1069 2256 excedit,
1121 2193 1618 2261 compensandum.
1657 2191 1766 2249 illa:
1794 2195 1987 2250 activae
2036 2195 2119 2250 fa-

532 2283 770 2337 cultates
819 2283 896 2337 ita
942 2299 972 2336 a
1016 2299 1076 2340 se
1124 2291 1306 2348 motae,
1343 2292 1402 2339 nt
1436 2293 1645 2340 temere
1688 2299 1802 2340 non
1844 2285 2115 2353 ferantur,

533 2381 947 2429 connectuntur
976 2390 1098 2430 cum
1132 2389 1194 2430 ea
1221 2376 1589 2444 rationequaz,
1622 2383 1682 2430 ut
1713 2374 1892 2440 fusus,
1924 2391 2118 2432 sensa-

532 2467 716 2521 tiones
759 2465 1059 2520 intellectui
1093 2467 1311 2532 uniunt,
1347 2482 1471 2522 cum
1513 2467 1774 2522 meditata
1804 2469 2116 2538 perceptio,

532 2573 562 2610 a
611 2558 871 2614 sensibus
910 2566 1162 2629 accepta,
1205 2559 1273 2614 ad
1323 2559 1573 2618 veritatis
1611 2560 1986 2633 cognitionem
2028 2562 2116 2617 in-

533 2651 812 2706 tellectum
846 2651 1121 2722 perducit.

593 2829 771 2885 "Vens.
806 2831 900 2887 20.
945 2827 1144 2885 Manus
1183 2839 1358 2887 autem
1393 2841 1513 2888 tuas
1551 2833 1782 2903 aperuit
1796 2834 2038 2905 pauperi,
2067 2843 2119 2890 et

531 2921 743 2990 palmas
776 2920 1012 2975 extendit
1053 2922 1224 2991 inopi.
1255 2921 1555 2994 Postquam
1593 2933 1816 2995 operata
1846 2936 1932 2981 est
1959 2925 2120 2996 juxta

533 3011 828 3067 scientiam
872 3021 1031 3068 actus
1078 3012 1367 3077 virtutum,
1411 3014 1505 3068 illa
1547 3029 1775 3070 suarum
1825 3015 2119 3072 moralium

533 3101 854 3157 divitiarum
903 3102 1227 3173 participem
1271 3103 1435 3159 allicit
1473 3106 2118 3177 carnem,'qua'ratione

535 3194 753 3265 privata
796 3194 1004 3249 eisdem
1048 3194 1374 3265 indigebat:
1406 3197 1555 3251 illam
1595 3197 1810 3252 ratione
1837 3195 2116 3262 formavit,

534 3293 703 3356 atque
743 3300 775 3340 e
817 3285 1190 3356 voluptatibus
1235 3286 1568 3358 corruptela:
1611 3286 1823 3342 eduxit.
1855 3285 2119 3341 Contem-

538 3378 842 3448 plationem
894 3392 924 3433 e
972 3393 1081 3448 qua
1132 3378 1336 3448 pendet
1383 3380 1607 3448 praxis,
1657 3378 1810 3435 velut
1860 3392 1892 3434 a
1936 3377 2121 3434 fructu

534 3481 754 3534 manus,
785 3468 974 3525 docuit
1005 3470 1373 3536 intellectum,
1408 3472 1502 3540 qni
1548 3471 1619 3526 ob
1662 3461 1908 3527 amorem
1948 3479 2122 3528 mate-

538 3559 634 3612 riae
667 3557 847 3627 ipsum
891 3573 1024 3615 vere
1067 3560 1272 3614 bonum
1303 3560 1612 3631 ignorabat,
1644 3560 1796 3616 illum
1839 3561 2119 3628 excitavit,

533 3653 975 3721 prolapsumque
1005 3653 1202 3718 erexit,
1228 3659 1416 3722 utpote
1443 3652 1565 3722 ejus
1593 3651 1852 3722 adjutrix.

612 3825 784 3885 Vatis.
821 3828 914 3884 21.
951 3828 1084 3884 Non
1109 3837 1188 3884 est
1219 3828 1478 3884 sollicitus
1508 3829 1573 3884 de
1604 3829 1672 3884 iis
1702 3843 1820 3901 quin
1867 3829 1924 3886 in
1962 3829 2120 3884 domo

535 3922 616 3978 rir
633 3923 772 3992 ejus,
797 3920 1232 3974 sicubi'moratus
1252 3920 1435 3990 fuerit,
1463 3935 1643 3976 omnes
1664 3922 1803 3976 enim
1823 3921 1913 3991 qui
1939 3922 2039 3980 sub
2057 3938 2121 3976 ea

531 4013 708 4069 induti
749 4023 895 4068 sunt.
935 4011 1022 4068 De
1061 4010 1344 4069 doloribus
1397 4011 1604 4078 carnis,
1636 4013 1691 4066 in
1730 4013 2118 4083 qua'babitat,

531 4120 645 4159 non
679 4115 764 4160 est
803 4104 1079 4159 sollicitus
1130 4101 1470 4168 intellectus,
1493 4103 1723 4172 quando
1762 4104 1817 4157 in
1855 4103 2120 4174 spiritua-

534 4193 682 4248 libus
732 4191 1295 4261 contemplationibus
1352 4199 1605 4247 moratur
1639 4205 1926 4263 :‘qua'que
1971 4195 2118 4250 enim

526 4283 856 4340 considerat
893 4283 1045 4337 illum
1079 4283 1372 4354 prudentia
1397 4292 1455 4338 et
1483 4283 1810 4340 fortitudine
1835 4285 2114 4352 muniunt,

527 4393 606 4432 ne
639 4377 882 4447 patiatur
910 4377 1090 4448 ignem
1125 4376 1474 4448 probationis
1499 4376 1758 4446 jucunda:
1791 4387 1848 4432 et
1873 4378 2119 4451 volupta-

537 4469 630 4535 tis,
662 4469 744 4524 vel
776 4467 951 4540 irigus
987 4468 1180 4524 invisa:
1209 4477 1266 4524 et
1295 4467 1527 4524 doloris.
1696 4469 1708 4478 '
2079 4452 2096 4468 ’

607 4649 775 4705 Vens.
827 4649 918 4704 22.
967 4647 1216 4719 Duplices
1267 4658 1432 4704 vestes
1483 4649 1607 4720 fecit
1646 4649 1907 4704 virosuo.
1956 4647 2122 4705 Socio

525 4756 636 4796 suo
682 4741 987 4796 intellectui
1037 4741 1093 4794 in
1144 4741 1416 4796 thenriatn
1459 4741 1613 4796 etin
1653 4741 1867 4812 praxim
1906 4741 2122 4810 paravit

529 4835 644 4890 duo
673 4835 1022 4900 vestimenta,
1045 4842 1101 4888 et
1131 4833 1374 4888 scientia
1403 4848 1613 4898 rerum,
1640 4842 1695 4890 et
1717 4833 1939 4889 virtutis
1967 4845 2123 4889 excr-

529 4927 801 4982 citatione
832 4935 1114 4981 contexta.

614 5119 686 5174 De
717 5121 869 5190 bysso
911 5130 1088 5175 autem
1125 5130 1177 5175 et
1221 5135 1460 5192 purpura
1491 5122 1592 5176 sibi
1631 5123 1958 5178 indumenta.
2003 5124 2118 5180 Sibi

533 5225 667 5266 vero
700 5211 850 5266 velut
879 5211 1173 5281 quamdam
1225 5223 1430 5266 vestem
1482 5215 1693 5282 paravit
1739 5213 1992 5284 dogmata
2035 5227 2121 5270 re-

530 5303 960 5372 demptionis,et
982 5304 1268 5374 theologia:
1289 5305 1886 5376 incomprehensibilis.
1912 5307 2119 5378 Byssns

533 5390 680 5444 enim
726 5391 817 5460 qui
869 5407 900 5445 e
948 5399 1098 5447 terra
1142 5395 1323 5447 oritur
1364 5404 1452 5449 est
1500 5397 1680 5465 imago
1727 5395 2118 5466 redemptionis

537 5480 704 5536 Verbi
737 5482 831 5536 Dei
864 5483 1171 5540 incantati:
1203 5500 1444 5556 purpura
1470 5495 1650 5541 autem
1685 5503 1807 5556 quae
1835 5489 1983 5558 regia
2011 5499 2115 5554 est,

535 5573 842 5629 divinitatis
871 5574 1034 5628 trium
1061 5589 1424 5645 personarum
1455 5578 1603 5633 omni
1641 5587 1910 5635 creaturae
1935 5579 2115 5635 domi-

539 5665 748 5720 nanﬁs.

615 5752 783 5811 Vens.
814 5757 904 5815 25.
940 5757 1267 5828 Conspicuus
1298 5773 1467 5817 autem
1497 5765 1556 5835 ﬁt
1586 5765 1663 5819 vir
1689 5766 1802 5834 ejus
1834 5767 1887 5820 in
1915 5767 2108 5835 portis,

2216 1913 2412 1990 τηρίαν
2433 1911 2623 1983 ψυχῶν
2655 1911 2882 1984 ἀρετὰς,
2911 1913 3156 1983 ὑφαπλοῖ
3176 1912 3407 1975 ταύταις
3438 1912 3672 1975 πάντως
3697 1915 3811 1974 ταῖς

2192 2004 2582 2077 διακρίσεσιν,
2605 2004 2683 2068 ῶς
2703 2022 2815 2060 τισι
2850 2007 3062 2076 πήχεσι
3100 2005 3263 2077 δεξιῷ
3293 2023 3352 2061 τε
3376 2006 3486 2060 ’καὶ
3518 2004 3808 2076 εὐωνύμῳ,

2221 2095 2498 2168 μετροῦσα
2523 2096 2622 2162 τὰς
2649 2096 2761 2150 τῶν
2785 2096 3006 2169 ἀρετῶν
3033 2097 3408 2169 συμμετρίας·
3445 2097 3540 2150 καὶ
3594 2113 3810 2169 περιαι-

2223 2185 2392 2258 ροῦσα
2417 2185 2517 2250 τὰς
2549 2189 2614 2241 ἔκ
2641 2186 2836 2251 δεξιῶν
2858 2181 3191 2259 ὑπερϐολὰς,
3227 2190 3332 2254 καὶ,
3367 2188 3467 2251 τὰς
3502 2190 3566 2256 ὲξ
3611 2189 3811 2243 εὐωνύ-

2221 2294 2341 2346 μων
2368 2277 2640 2348 ἐλλείψεις
2666 2276 2852 2332 αύτῶν
2872 2295 2887 2311 ·
2915 2279 3016 2342 τὰς
3037 2279 3107 2333 δὲ
3129 2281 3458 2350 κινουμένας
3490 2281 3590 2334 ὑπ’
3621 2281 3807 2352 αὐτῆς,

2218 2367 2362 2422 ὥστε
2387 2369 2462 2441 μὴ
2485 2370 2696 2438 ἀλόγως
2715 2370 2986 2442 φέρεσθαι
3013 2371 3330 2443 πρακτικὰς
3351 2373 3652 2440 δυνάμεις,
3693 2385 3812 2441 στη-

2220 2461 2362 2533 ρίζει
2391 2463 2469 2526 είς
2502 2460 2595 2515 τὸν
2623 2463 2780 2532 δίκην
2809 2463 3086 2534 ἀτράκτου
3112 2463 3698 2534 συμπλέκοντα-λόγον
3720 2464 3808 2535 τὴν

2214 2552 2473 2623 ἀἴσθησιν
2499 2554 2580 2624 τῷ
2607 2553 2711 2616 νοτ,
2759 2556 2819 2608 ὲν
2850 2553 2930 2626 τῷ
2954 2555 3081 2619 τοὺς
3133 2556 3256 2609 κατ’
3297 2555 3555 2627 αἴσθησιν
3608 2555 3808 2618 τύπους

2218 2645 2360 2716 πρὸς
2386 2644 2487 2717 τὴν
2531 2645 2674 2700 κατὰ
2707 2645 2836 2702 νοῦν
2876 2648 3102 2730 ἀνάγειν
3129 2647 3402 2720 ἀλήθειαν
3451 2651 3580 2712 ταῖς
3620 2649 3808 2702 ἑαυτοῦ

2220 2739 2572 2808 συστροφαῖς.

2285 2834 2360 2885 κ’.
2401 2828 2613 2898 Χεῖρας
2643 2827 2838 2897 αὐτῆς
2862 2827 3130 2897 διήνοιξε
3163 2830 3411 2899 πένητι·
3463 2831 3708 2899 καρπὸν
3748 2831 3810 2884 δὲ

2218 2918 2477 2983 ἐξέτεινε
2509 2919 2746 2990 πτωχῷ.
2788 2919 3043 2988 Δαψιλῶς
3069 2923 3192 2985 ταῖς
3223 2921 3346 2976 κατ’
3371 2922 3695 2993 ἐπιστήμην
3718 2922 3809 2974 αύ-

2219 3011 2318 3080 τῆς
2342 3010 2649 3082 ἐνεργείαις
2679 3010 2790 3064 τῶν
2819 3011 2942 3066 κατ’
2963 3012 3166 3084 ἀρετὴν
3183 3011 3426 3084 τρόπων,
3449 3012 3550 3066 τοῦ
3565 3013 3808 3066 πλούτου

2225 3099 2499 3170 μετέδωκε
2519 3097 2642 3154 -τοῦ-
2657 3100 2798 3154 κατὰ
2820 3101 3022 3171 πρᾶξιν
3041 3099 3330 3172 ἦθους,·τῷ
3353 3102 3725 3173 συντραφέντι
3745 3101 3803 3172 τῇ

2219 3192 2413 3247 τούτου
2456 3194 2637 3267 ινδείᾳ
2666 3195 2735 3250 δι’
2758 3196 2990 3266 ἀλογίαν
3011 3196 3247 3268 σαρκίῳ,
3275 3197 3426 3252 κατά
3451 3197 3618 3266 λόγον
3651 3197 3806 3250 τοῦτο

2221 3282 2563 3355 ρυθμῖσασα·
2617 3287 2716 3339 καὶ
2743 3285 2846 3358 τῆς
2879 3285 3209 3358 φθοροποιοῦ
3240 3287 3588 3358 ἡδυπαθείας
3614 3288 3802 3356 ἐξανα-

2212 3375 2471 3445 -στήσασα
2491 3392 2506 3407 ·
2538 3377 2600 3430 τὸ
2625 3377 2682 3430 δὲ
2702 3377 3055 3450 θεωρητικὸν,
3073 3370 3137 3432 οὗ
3160 3378 3460 3451 ἐξήρτηται
3488 3380 3554 3433 τὸ
3581 3397 3810 3452 πρακτι-

2218 3466 2318 3521 κδν
2343 3461 2430 3521 οἷα
2462 3467 2679 3539 καρποῦ
2708 3469 2853 3540 χεὶρ,
2883 3467 3338 3540 ὲξήπλωσε-κατά
3365 3470 3597 3540 γνῶσιν,
3625 3471 3704 3541 τῷ
3733 3473 3804 3532 είς

2198 3560 2446 3628 ’ἄγνοιαν
2472 3560 2594 3613 -τοῦ
2651 3561 2822 3625 δντως
2855 3558 3061 3621 καλοῦ,
3090 3559 3181 3614 διὰ
3205 3561 3309 3630 τὴν
3341 3560 3480 3631 πρὸς
3530 3560 3607 3614 τά
3653 3559 3804 3613 ύλινὰ

2221 3654 2407 3724 σχέσιν
2429 3671 2499 3706 πε
2509 3654 2786 3724 ριπεσόντι
2805 3655 2886 3708 νοῖ
2901 3669 2914 3684 ·
2937 3641 3398 3723 ἀνακαλεσαμένη
3423 3651 3804 3722 καὶ-ἐγείρασα

2217 3745 2408 3800 τοῦτον
2444 3745 2538 3800 τοῦ
2577 3745 2905 3816 πτώματος,
2945 3744 3021 3808 ὡς
3057 3742 3225 3799 αὑτοῦ
3267 3741 3488 3815 βοηθός.

2287 3843 2396 3893 κα’.
2440 3839 2525 3892 Οὐ
2553 3836 2849 3906 φροντίζει
2881 3835 3000 3890 τῶν
3040 3836 3112 3890 ἐν
3143 3836 3288 3900 οἴκῳ
3332 3837 3365 3890 ό
3388 3834 3550 3904 ἀνὴρ
3597 3830 3799 3898 αὐτῆς.

2219 3927 2367 3981 ὅταν
2400 3943 2521 3980 που
2549 3926 2820 3996 χρενίζῃ·
2851 3925 3075 3992 πάντες
3118 3925 3228 3997 map
3253 3927 3308 3980 οι
3336 3924 3474 3994 παρ’
3513 3923 3677 3992 αὐτῇ
3715 3925 3802 3976 ἐν·

2217 4017 2633 4072 διδύσκσνται.
2675 4018 2750 4070 Οὐ
2804 4018 3048 4088 μεριμνᾷ
3091 4019 3120 4070 ὁ
3157 4014 3335 4088 ταύτῃ
3381 4013 3637 4079 σύνοικος
3688 4012 3803 4072 νοῦς

2217 4108 2350 4181 περὶ
2370 4109 2478 4162 τῶν
2500 4109 2558 4161 ἑν
2582 4107 2662 4180 τῷ
2685 4107 2990 4178 οίκητηρίῳ
3017 4107 3181 4162 αὐτοῦ
3202 4125 3270 4162 σα
3278 4107 3418 4178 ρκίῳ
3438 4105 3800 4178 παθημάτων,

2217 4197 2424 4253 ὁπόταν
2478 4199 2598 4262 ταῖς
2645 4199 3049 4268 πνευματικαῖς
3096 4197 3358 4270 Θεωρίαις
3401 4198 3797 4269 ὲνασχολῆται·

2218 4288 2420 4351 πάντες
2447 4288 2558 4359 γὰρ
2584 4289 2633 4342 οἱ
2660 4287 2860 4342 τούτου
2878 4291 2936 4344 ὲν
2959 4287 3112 4359 αὑτῷ
3138 4288 3413 4360 λογισμοὶ,
3449 4289 3803 4361 περιϐάλλον-

2215 4398 2308 4434 ται
2357 4380 2447 4434 διὰ
2494 4380 2851 4452 σωφροσύνην
2896 4381 2992 4435 καλ⁸
3039 4381 3328 4452 ἀνδρείαν,
3357 4389 3360 4392 ’
3387 4380 3450 4433 τὸ
3493 4380 3562 4433 ἐκ
3609 4396 3671 4433 τε
3713 4378 3799 4432 τοῦ

2146 4457 2468 4554 θ’φλογμοῦ
2503 4470 2612 4523 τῶν
2649 4470 2770 4524 καθ’
2801 4470 3000 4542 ἡδονὴν
3030 4469 3296 4524 ἑκουσίων
3320 4470 3680 4542 πειρασμῶν.
3711 4470 3799 4522 καὶ

2219 4562 2315 4618 τοῦ
2349 4561 2564 4635 κρυμοῦ
2603 4563 2711 4616 τῶν
2749 4563 2870 4617 κατ’
2898 4562 3092 4634 ὀδύνην
3125 4561 3422 4626 ἀκουσίων,
3463 4561 3701 4622 ἀπαθές.

2291 4655 2398 4726 κβ’.
2438 4655 2669 4722 Δισσὰς
2699 4655 2958 4724 χλαίνας
2989 4655 3242 4722 ἐποίησε
3277 4651 3361 4718 τῷ
3396 4647 3794 4721 ἁνδρὶαὺτῆς.

2191 4779 2195 4783 Α
2215 4746 2609 4801 Κατεσκεύασε
2636 4745 2716 4815 τῷ
2745 4744 3174 4815 συνοίκῳ-αύτῆς
3195 4743 3299 4805 νοῒ,
3324 4741 3471 4797 κατά
3491 4757 3552 4794 τε
3573 4740 3799 4810 Θεωρίαν

2219 4838 2316 4892 καὶ⁵
2360 4838 2562 4908 πρᾶξιν
2595 4836 2750 4890 διττὰ
2800 4834 3216 4907 περιϐλήματαο
3251 4835 3363 4896 τοῖς
3407 4832 3589 4900 λόγοις
3634 4830 3799 4884 ταῦτα

2218 4929 2330 4984 τῶν
2365 4929 2557 4996 ὄντων,
2595 4929 2694 4984 καὶ
2745 4931 2860 4992 τοῖς
2913 4927 3141 4999 τρόποις
3191 4923 3303 4980 τῶν
3351 4923 3566 4996 ἀρετῶν
3603 4921 3799 4990 ἐξυφα-

2219 5046 2378 5084 νασα.

2301 5123 2404 5177 Ἐκ
2423 5120 2494 5174 δὲ
2507 5119 2760 5185 ,βύσσου
2782 5117 2881 5192 καί
2903 5117 3219 5186 πορφύρας
3267 5112 3454 5182 ἑαυτῇ
3479 5111 3797 5181 ἐνδύματα.

2297 5212 2499 5282 Ἑαυτῇ
2529 5211 2586 5264 δὲ
2619 5203 2709 5263 οἵά
2733 5227 2856 5264 τινα
2887 5207 3234 5277 περιϐόλαια,
3262 5208 3330 5260 τὰ
3358 5205 3486 5275 περί
3516 5221 3576 5256 τε
3603 5205 3707 5274 τῆς
3731 5203 3805 5254 oi-

2219 5303 2477 5373 κονομίας
2501 5301 2717 5371 καὶτῆς
2744 5299 3020 5368 θεολογίας
3050 5299 3191 5370 ὑπὲρ
3221 5297 3346 5373 νοῦν
3376 5296 3625 5367 δόγματα
3649 5311 3664 5325 ·
3704 5311 3802 5346 πα-

2220 5371 2446 5467 ραδηλοῖ
2488 5395 2599 5466 γὰρ
2637 5392 2834 5464 βύσσος
2863 5392 2950 5445 διά
2980 5391 3041 5445 τὸ
3071 5392 3180 5459 ἀπὸ
3204 5371 3307 5460 γῆς
3341 5390 3486 5460 ἔχειν
3524 5387 3624 5458 τὴν
3652 5387 3802 5456 γένε-

2220 5504 2332 5550 σιν,
2361 5485 2429 5539 τὰ
2463 5485 2589 5556 περὶ
2617 5484 2716 5554 τῆς
2743 5483 2838 5536 τοῦ
2866 5483 3002 5536 Θεοῦ
3030 5483 3202 5550 Λόγου
3229 5482 3288 5534 ὲν
3305 5480 3469 5551 σαρκὶ
3492 5477 3802 5547 οἰκονομίας

2217 5580 2463 5648 δόγματα
2485 5593 2500 5609 ·
2533 5579 2568 5648 ὴ
2604 5576 2662 5630 δὲ
2694 5577 2982 5647 πορφύρα,
3017 5574 3107 5628 διὰ
3139 5574 3203 5627 τὸ
3233 5572 3544 5644 βασιλικὸν,
3576 5571 3645 5623 τά
3676 5571 3800 5639 περὶ

2217 5672 2314 5741 τῆς
2348 5671 2568 5725 πάντων
2607 5667 2921 5729 δεσπότιδος
2959 5666 3400 5736 τρισυποστάτου
3417 5661 3714 5731 θεότητος.

2287 5770 2392 5832 κγ’.
2437 5763 2840 5831 Περίϐλεπτος
2869 5759 2936 5814 δὲ
2973 5761 3193 5830 γίνεται
3225 5759 3294 5811 ἐν
3321 5759 3544 5821 πύλαις
3579 5757 3610 5809 ὁ
3647 5749 3798 5817 ἀνὴρ
