  <div class='ocr_page' id='page_1' title='image "/cluster/home/n/w/nwhite01/storage/ocr_20150623/87:pt.1/coo.31924054869882/781.png"; bbox 0 0 3976 6384; ppageno 0'>
   <div class='ocr_carea' id='block_1_1' title="bbox 395 367 530 437">
    <p class='ocr_par' dir='ltr' id='par_1_1' title="bbox 395 367 530 437">
     <span class='ocr_line' id='line_1_1' title="bbox 395 367 530 437; baseline -0.059 0"><span class='ocrx_word' id='word_1_1' title='bbox 395 367 530 437; x_wconf 76' lang='grc'><strong>1541</strong></span> 
     </span>
    </p>
   </div>
   <div class='ocr_carea' id='block_1_2' title="bbox 1435 361 2604 448">
    <p class='ocr_par' dir='ltr' id='par_1_2' title="bbox 1435 361 2604 448">
     <span class='ocr_line' id='line_1_2' title="bbox 1435 361 2604 448; baseline 0.003 -22"><span class='ocrx_word' id='word_1_2' title='bbox 1435 362 1974 448; x_wconf 68' lang='lat' dir='ltr'><strong>COMMENTABII</strong></span> <span class='ocrx_word' id='word_1_3' title='bbox 2019 361 2100 422; x_wconf 88' lang='lat' dir='ltr'><strong>IN</strong></span> <span class='ocrx_word' id='word_1_4' title='bbox 2141 361 2604 428; x_wconf 79' lang='lat' dir='ltr'><strong>PROVERBIA.</strong></span> 
     </span>
    </p>
   </div>
   <div class='ocr_carea' id='block_1_3' title="bbox 3523 385 3663 449">
    <p class='ocr_par' dir='ltr' id='par_1_3' title="bbox 3523 385 3663 449">
     <span class='ocr_line' id='line_1_3' title="bbox 3523 385 3663 449; baseline 0.021 -3"><span class='ocrx_word' id='word_1_5' title='bbox 3523 390 3544 446; x_wconf 82' lang='grc'>1</span> <span class='ocrx_word' id='word_1_6' title='bbox 3560 385 3663 449; x_wconf 71' lang='grc'><strong>542</strong></span> 
     </span>
    </p>
   </div>
   <div class='ocr_carea' id='block_1_4' title="bbox 381 470 1970 550">
    <p class='ocr_par' dir='ltr' id='par_1_4' title="bbox 381 470 1970 550">
     <span class='ocr_line' id='line_1_4' title="bbox 381 470 1970 550; baseline -0.006 -16"><span class='ocrx_word' id='word_1_7' title='bbox 381 480 565 549; x_wconf 73' lang='grc' dir='ltr'>αὐτῆς</span> <span class='ocrx_word' id='word_1_8' title='bbox 609 481 790 550; x_wconf 71' lang='grc' dir='ltr'>ἡνίκα</span> <span class='ocrx_word' id='word_1_9' title='bbox 840 481 916 534; x_wconf 77' lang='grc' dir='ltr'><strong>ἄν</strong></span> <span class='ocrx_word' id='word_1_10' title='bbox 967 481 1192 548; x_wconf 78' lang='grc' dir='ltr'>καθίσῃ</span> <span class='ocrx_word' id='word_1_11' title='bbox 1235 477 1304 532; x_wconf 73' lang='grc' dir='ltr'><em>ἐν</em></span> <span class='ocrx_word' id='word_1_12' title='bbox 1339 477 1636 545; x_wconf 81' lang='grc' dir='ltr'><strong>συνεδρίῳ</strong></span> <span class='ocrx_word' id='word_1_13' title='bbox 1672 475 1822 544; x_wconf 77' lang='grc' dir='ltr'>μετὰ</span> <span class='ocrx_word' id='word_1_14' title='bbox 1861 470 1970 526; x_wconf 73' lang='grc' dir='ltr'><strong>τῶν</strong></span> 
     </span>
    </p>
   </div>
   <div class='ocr_carea' id='block_1_5' title="bbox 2085 470 3676 550">
    <p class='ocr_par' dir='ltr' id='par_1_5' title="bbox 2087 474 3676 550">
     <span class='ocr_line' id='line_1_5' title="bbox 2087 474 3676 550; baseline 0.013 -26"><span class='ocrx_word' id='word_1_15' title='bbox 2087 474 2503 546; x_wconf 75' lang='lat' dir='ltr'><strong>quandoeunque</strong></span> <span class='ocrx_word' id='word_1_16' title='bbox 2543 477 2736 531; x_wconf 85' lang='lat' dir='ltr'><strong>sederit</strong></span> <span class='ocrx_word' id='word_1_17' title='bbox 2781 479 2832 532; x_wconf 85' lang='lat' dir='ltr'><strong>in</strong></span> <span class='ocrx_word' id='word_1_18' title='bbox 2867 495 3138 550; x_wconf 78' lang='lat' dir='ltr'><strong>consessu,</strong></span> <span class='ocrx_word' id='word_1_19' title='bbox 3183 500 3304 540; x_wconf 76' lang='lat' dir='ltr'><strong>cum</strong></span> <span class='ocrx_word' id='word_1_20' title='bbox 3335 487 3544 543; x_wconf 75' lang='lat' dir='ltr'><strong>senibus</strong></span> <span class='ocrx_word' id='word_1_21' title='bbox 3573 491 3676 546; x_wconf 80' lang='lat' dir='ltr'><strong>Iza-</strong></span> 
     </span>
    </p>
   </div>
   <div class='ocr_carea' id='block_1_6' title="bbox 311 565 1974 643">
    <p class='ocr_par' dir='ltr' id='par_1_6' title="bbox 311 565 1974 643">
     <span class='ocr_line' id='line_1_6' title="bbox 311 565 1974 643; baseline -0.01 -11"><span class='ocrx_word' id='word_1_22' title='bbox 311 623 320 632; x_wconf 89' lang='lat'><strong>.</strong></span> <span class='ocrx_word' id='word_1_23' title='bbox 381 574 678 643; x_wconf 76' lang='grc' dir='ltr'>τερόντων</span> <span class='ocrx_word' id='word_1_24' title='bbox 702 573 1000 633; x_wconf 64' lang='lat' dir='ltr'><strong>nascimur</strong></span> <span class='ocrx_word' id='word_1_25' title='bbox 1025 571 1136 642; x_wconf 77' lang='grc' dir='ltr'>τῆς</span> <span class='ocrx_word' id='word_1_26' title='bbox 1157 569 1290 642; x_wconf 71' lang='grc' dir='ltr'>γῆς.</span> <span class='ocrx_word' id='word_1_27' title='bbox 1334 569 1410 622; x_wconf 89' lang='grc' dir='ltr'><strong>Πε</strong></span> <span class='ocrx_word' id='word_1_28' title='bbox 1422 569 1655 638; x_wconf 80' lang='grc' dir='ltr'>ριφανὴς</span> <span class='ocrx_word' id='word_1_29' title='bbox 1681 568 1738 621; x_wconf 85' lang='grc' dir='ltr'><strong>δέ</strong></span> <span class='ocrx_word' id='word_1_30' title='bbox 1764 565 1974 634; x_wconf 84' lang='grc' dir='ltr'>γίνεται</span> 
     </span>
    </p>
   </div>
   <div class='ocr_carea' id='block_1_7' title="bbox 378 657 1976 740">
    <p class='ocr_par' dir='ltr' id='par_1_7' title="bbox 378 657 1976 740">
     <span class='ocr_line' id='line_1_7' title="bbox 378 657 1976 740; baseline -0.005 -24"><span class='ocrx_word' id='word_1_31' title='bbox 378 664 410 716; x_wconf 84' lang='grc' dir='ltr'><strong>ό</strong></span> <span class='ocrx_word' id='word_1_32' title='bbox 441 663 614 736; x_wconf 79' lang='grc' dir='ltr'>ταύτῃ</span> <span class='ocrx_word' id='word_1_33' title='bbox 643 663 913 717; x_wconf 87' lang='grc' dir='ltr'>συνοικῶν</span> <span class='ocrx_word' id='word_1_34' title='bbox 939 664 1064 740; x_wconf 86' lang='grc' dir='ltr'>νοῦς</span> <span class='ocrx_word' id='word_1_35' title='bbox 1084 703 1099 728; x_wconf 91' lang='grc'><strong>,</strong></span> <span class='ocrx_word' id='word_1_36' title='bbox 1131 663 1193 716; x_wconf 90' lang='grc' dir='ltr'><strong>ἐν</strong></span> <span class='ocrx_word' id='word_1_37' title='bbox 1231 664 1354 724; x_wconf 78' lang='grc' dir='ltr'>ταῖς</span> <span class='ocrx_word' id='word_1_38' title='bbox 1384 660 1461 725; x_wconf 85' lang='grc' dir='ltr'>ὥς</span> <span class='ocrx_word' id='word_1_39' title='bbox 1495 677 1607 714; x_wconf 88' lang='grc' dir='ltr'>τισι</span> <span class='ocrx_word' id='word_1_40' title='bbox 1635 658 1834 721; x_wconf 83' lang='grc' dir='ltr'><strong>πύλαις</strong></span> <span class='ocrx_word' id='word_1_41' title='bbox 1864 657 1976 710; x_wconf 79' lang='lat' dir='ltr'><strong>elc—</strong></span> 
     </span>
    </p>
   </div>
   <div class='ocr_carea' id='block_1_8' title="bbox 379 748 1978 828">
    <p class='ocr_par' dir='ltr' id='par_1_8' title="bbox 379 748 1978 828">
     <span class='ocr_line' id='line_1_8' title="bbox 379 748 1978 828; baseline -0.008 -15"><span class='ocrx_word' id='word_1_42' title='bbox 379 759 616 824; x_wconf 82' lang='grc' dir='ltr'>αγωγοῖς</span> <span class='ocrx_word' id='word_1_43' title='bbox 647 758 745 826; x_wconf 82' lang='grc' dir='ltr'>τῆς</span> <span class='ocrx_word' id='word_1_44' title='bbox 773 757 885 809; x_wconf 88' lang='grc' dir='ltr'><strong>τῶν</strong></span> <span class='ocrx_word' id='word_1_45' title='bbox 916 754 1129 828; x_wconf 79' lang='grc' dir='ltr'><strong>ὁρατῶν</strong></span> <span class='ocrx_word' id='word_1_46' title='bbox 1152 751 1458 824; x_wconf 80' lang='grc' dir='ltr'><strong>φαντασίας</strong></span> <span class='ocrx_word' id='word_1_47' title='bbox 1483 751 1826 823; x_wconf 87' lang='grc' dir='ltr'>αἰσθήσεσιν,</span> <span class='ocrx_word' id='word_1_48' title='bbox 1849 748 1978 802; x_wconf 81' lang='grc' dir='ltr'>ὁπό-</span> 
     </span>
    </p>
   </div>
   <div class='ocr_carea' id='block_1_9' title="bbox 379 838 1978 919">
    <p class='ocr_par' dir='ltr' id='par_1_9' title="bbox 379 838 1978 919">
     <span class='ocr_line' id='line_1_9' title="bbox 379 838 1978 919; baseline -0.005 -19"><span class='ocrx_word' id='word_1_49' title='bbox 379 863 479 900; x_wconf 85' lang='grc' dir='ltr'>ταν</span> <span class='ocrx_word' id='word_1_50' title='bbox 526 846 659 917; x_wconf 73' lang='grc' dir='ltr'>περὶ</span> <span class='ocrx_word' id='word_1_51' title='bbox 705 847 912 910; x_wconf 85' lang='grc' dir='ltr'>ταύτας</span> <span class='ocrx_word' id='word_1_52' title='bbox 949 846 1277 919; x_wconf 79' lang='grc' dir='ltr'>συνεδριάσῃ</span> <span class='ocrx_word' id='word_1_53' title='bbox 1323 848 1393 918; x_wconf 80' lang='grc' dir='ltr'><strong>τῇ</strong></span> <span class='ocrx_word' id='word_1_54' title='bbox 1432 843 1701 916; x_wconf 83' lang='grc' dir='ltr'>ἐπιθυμίᾳ</span> <span class='ocrx_word' id='word_1_55' title='bbox 1745 841 1846 897; x_wconf 72' lang='grc' dir='ltr'>καὶ</span> <span class='ocrx_word' id='word_1_56' title='bbox 1897 838 1978 910; x_wconf 83' lang='grc' dir='ltr'><strong>τῷ</strong></span> 
     </span>
    </p>
   </div>
   <div class='ocr_carea' id='block_1_10' title="bbox 381 931 1974 1010">
    <p class='ocr_par' dir='ltr' id='par_1_10' title="bbox 381 931 1974 1010">
     <span class='ocr_line' id='line_1_10' title="bbox 381 931 1974 1010; baseline -0.003 -21"><span class='ocrx_word' id='word_1_57' title='bbox 381 936 558 1006; x_wconf 82' lang='grc' dir='ltr'>θυμῷ,</span> <span class='ocrx_word' id='word_1_58' title='bbox 592 939 711 1003; x_wconf 81' lang='grc' dir='ltr'>ταῖς</span> <span class='ocrx_word' id='word_1_59' title='bbox 748 931 837 992; x_wconf 72' lang='grc' dir='ltr'><strong>οἷα</strong></span> <span class='ocrx_word' id='word_1_60' title='bbox 865 939 1313 1010; x_wconf 72' lang='grc' dir='ltr'>προηγουμέναις</span> <span class='ocrx_word' id='word_1_61' title='bbox 1347 938 1413 991; x_wconf 86' lang='grc' dir='ltr'><strong>ἐκ</strong></span> <span class='ocrx_word' id='word_1_62' title='bbox 1447 936 1718 1006; x_wconf 87' lang='grc' dir='ltr'>γενέσεως</span> <span class='ocrx_word' id='word_1_63' title='bbox 1757 933 1858 1004; x_wconf 83' lang='grc' dir='ltr'>τῆς</span> <span class='ocrx_word' id='word_1_64' title='bbox 1883 931 1974 984; x_wconf 88' lang='grc' dir='ltr'>λο-</span> 
     </span>
    </p>
   </div>
   <div class='ocr_carea' id='block_1_11' title="bbox 379 1026 1978 1102">
    <p class='ocr_par' dir='ltr' id='par_1_11' title="bbox 379 1026 1978 1102">
     <span class='ocr_line' id='line_1_11' title="bbox 379 1026 1978 1102; baseline -0.001 -21"><span class='ocrx_word' id='word_1_65' title='bbox 379 1028 544 1100; x_wconf 80' lang='grc' dir='ltr'>γικῆς</span> <span class='ocrx_word' id='word_1_66' title='bbox 592 1029 876 1100; x_wconf 75' lang='grc' dir='ltr'>ἐνεργείας</span> <span class='ocrx_word' id='word_1_67' title='bbox 925 1030 1333 1102; x_wconf 78' lang='grc' dir='ltr'>πρεσϐυτέραις</span> <span class='ocrx_word' id='word_1_68' title='bbox 1373 1030 1671 1100; x_wconf 87' lang='grc' dir='ltr'>δυνάμεσιν</span> <span class='ocrx_word' id='word_1_69' title='bbox 1696 1043 1710 1057; x_wconf 90' lang='grc'><strong>·</strong></span> <span class='ocrx_word' id='word_1_70' title='bbox 1745 1026 1978 1096; x_wconf 81' lang='grc' dir='ltr'>ἔμφρονι</span> 
     </span>
    </p>
   </div>
   <div class='ocr_carea' id='block_1_12' title="bbox 377 1118 1978 1194">
    <p class='ocr_par' dir='ltr' id='par_1_12' title="bbox 377 1118 1978 1194">
     <span class='ocr_line' id='line_1_12' title="bbox 377 1118 1978 1194; baseline -0.002 -20"><span class='ocrx_word' id='word_1_71' title='bbox 377 1120 628 1192; x_wconf 85' lang='grc' dir='ltr'>λογισμῷ</span> <span class='ocrx_word' id='word_1_72' title='bbox 676 1122 745 1175; x_wconf 87' lang='grc' dir='ltr'><strong>δι’</strong></span> <span class='ocrx_word' id='word_1_73' title='bbox 781 1123 1113 1194; x_wconf 80' lang='grc' dir='ltr'>ἐγκρατείας</span> <span class='ocrx_word' id='word_1_74' title='bbox 1163 1124 1260 1178; x_wconf 71' lang='grc' dir='ltr'><strong>καὶ</strong></span> <span class='ocrx_word' id='word_1_75' title='bbox 1312 1121 1600 1192; x_wconf 81' lang='grc' dir='ltr'>ὑπομονῆς</span> <span class='ocrx_word' id='word_1_76' title='bbox 1653 1118 1978 1173; x_wconf 72' lang='grc' dir='ltr'>ὑπο-τάσσων</span> 
     </span>
    </p>
   </div>
   <div class='ocr_carea' id='block_1_13' title="bbox 380 1207 1977 1287">
    <p class='ocr_par' dir='ltr' id='par_1_13' title="bbox 380 1207 1977 1287">
     <span class='ocr_line' id='line_1_13' title="bbox 380 1207 1977 1287; baseline -0.003 -21"><span class='ocrx_word' id='word_1_77' title='bbox 380 1213 584 1276; x_wconf 79' lang='grc' dir='ltr'>αὑτάςο</span> <span class='ocrx_word' id='word_1_78' title='bbox 640 1213 806 1286; x_wconf 78' lang='grc' dir='ltr'>αἴπερ</span> <span class='ocrx_word' id='word_1_79' title='bbox 853 1215 1089 1287; x_wconf 75' lang='grc' dir='ltr'>ψυχικαί</span> <span class='ocrx_word' id='word_1_80' title='bbox 1139 1215 1426 1286; x_wconf 87' lang='grc' dir='ltr'>δυνάμεις,</span> <span class='ocrx_word' id='word_1_81' title='bbox 1476 1213 1555 1286; x_wconf 82' lang='grc' dir='ltr'>τῷ</span> <span class='ocrx_word' id='word_1_82' title='bbox 1594 1211 1828 1283; x_wconf 82' lang='grc' dir='ltr'><strong>παθητῷ</strong></span> <span class='ocrx_word' id='word_1_83' title='bbox 1881 1207 1977 1263; x_wconf 88' lang='grc' dir='ltr'><strong>τοῦ</strong></span> 
     </span>
    </p>
   </div>
   <div class='ocr_carea' id='block_1_14' title="bbox 379 1299 1980 1378">
    <p class='ocr_par' dir='ltr' id='par_1_14' title="bbox 379 1299 1980 1378">
     <span class='ocr_line' id='line_1_14' title="bbox 379 1299 1980 1378; baseline 0.004 -20"><span class='ocrx_word' id='word_1_84' title='bbox 379 1304 566 1378; x_wconf 82' lang='grc' dir='ltr'>χοϊκοῦ</span> <span class='ocrx_word' id='word_1_85' title='bbox 599 1305 760 1375; x_wconf 84' lang='grc' dir='ltr'>ήμῶν</span> <span class='ocrx_word' id='word_1_86' title='bbox 791 1308 1020 1377; x_wconf 81' lang='grc' dir='ltr'>σαρκίον</span> <span class='ocrx_word' id='word_1_87' title='bbox 1068 1307 1515 1378; x_wconf 88' lang='grc' dir='ltr'>παραμένουσιν,</span> <span class='ocrx_word' id='word_1_88' title='bbox 1545 1305 1622 1368; x_wconf 84' lang='grc' dir='ltr'>ὡς</span> <span class='ocrx_word' id='word_1_89' title='bbox 1666 1305 1768 1374; x_wconf 76' lang='grc' dir='ltr'>τῆς</span> <span class='ocrx_word' id='word_1_90' title='bbox 1794 1299 1980 1371; x_wconf 81' lang='grc' dir='ltr'>ψυχῆς</span> 
     </span>
    </p>
   </div>
   <div class='ocr_carea' id='block_1_15' title="bbox 363 1393 1980 1470">
    <p class='ocr_par' dir='ltr' id='par_1_15' title="bbox 363 1393 1980 1470">
     <span class='ocr_line' id='line_1_15' title="bbox 363 1393 1980 1470; baseline -0.004 -18"><span class='ocrx_word' id='word_1_91' title='bbox 363 1399 570 1468; x_wconf 77' lang='grc' dir='ltr'>φύσει,</span> <span class='ocrx_word' id='word_1_92' title='bbox 602 1399 702 1470; x_wconf 81' lang='grc' dir='ltr'>τῆς</span> <span class='ocrx_word' id='word_1_93' title='bbox 739 1399 839 1470; x_wconf 78' lang='grc' dir='ltr'>μὲν</span> <span class='ocrx_word' id='word_1_94' title='bbox 875 1401 1192 1463; x_wconf 85' lang='grc' dir='ltr'>συστάσεως</span> <span class='ocrx_word' id='word_1_95' title='bbox 1222 1400 1321 1454; x_wconf 90' lang='grc' dir='ltr'><strong>τοῦ</strong></span> <span class='ocrx_word' id='word_1_96' title='bbox 1354 1399 1610 1470; x_wconf 86' lang='grc' dir='ltr'>σώματος</span> <span class='ocrx_word' id='word_1_97' title='bbox 1641 1396 1766 1450; x_wconf 89' lang='grc' dir='ltr'>κατ’</span> <span class='ocrx_word' id='word_1_98' title='bbox 1789 1393 1980 1447; x_wconf 83' lang='grc' dir='ltr'>ἐπιθυ·-</span> 
     </span>
    </p>
   </div>
   <div class='ocr_carea' id='block_1_16' title="bbox 377 1481 1980 1564">
    <p class='ocr_par' dir='ltr' id='par_1_16' title="bbox 377 1481 1980 1564">
     <span class='ocr_line' id='line_1_16' title="bbox 377 1481 1980 1564; baseline -0.013 -5"><span class='ocrx_word' id='word_1_99' title='bbox 377 1492 508 1559; x_wconf 76' lang='grc' dir='ltr'>μίας</span> <span class='ocrx_word' id='word_1_100' title='bbox 532 1491 870 1564; x_wconf 72' lang='grc' dir='ltr'>ὀρεγομένης</span> <span class='ocrx_word' id='word_1_101' title='bbox 895 1533 911 1559; x_wconf 93' lang='grc'><strong>,</strong></span> <span class='ocrx_word' id='word_1_102' title='bbox 943 1492 1042 1564; x_wconf 82' lang='grc' dir='ltr'>τὴν</span> <span class='ocrx_word' id='word_1_103' title='bbox 1075 1493 1132 1546; x_wconf 81' lang='grc' dir='ltr'>δὲ</span> <span class='ocrx_word' id='word_1_104' title='bbox 1168 1490 1381 1562; x_wconf 82' lang='grc' dir='ltr'>φθορὰν</span> <span class='ocrx_word' id='word_1_105' title='bbox 1403 1489 1598 1544; x_wconf 88' lang='grc' dir='ltr'>τούτου</span> <span class='ocrx_word' id='word_1_106' title='bbox 1631 1485 1777 1542; x_wconf 87' lang='grc' dir='ltr'><strong>κατά</strong></span> <span class='ocrx_word' id='word_1_107' title='bbox 1803 1481 1980 1554; x_wconf 81' lang='grc' dir='ltr'>θυμὸν</span> 
     </span>
    </p>
   </div>
   <div class='ocr_carea' id='block_1_17' title="bbox 375 1583 896 1656">
    <p class='ocr_par' dir='ltr' id='par_1_17' title="bbox 375 1583 896 1656">
     <span class='ocr_line' id='line_1_17' title="bbox 375 1583 896 1656; baseline 0 -16"><span class='ocrx_word' id='word_1_108' title='bbox 375 1583 554 1640; x_wconf 84' lang='grc' dir='ltr'>ἀποστ</span> <span class='ocrx_word' id='word_1_109' title='bbox 563 1585 896 1656; x_wconf 87' lang='grc' dir='ltr'>ρεφομένην.</span> 
     </span>
    </p>
   </div>
   <div class='ocr_carea' id='block_1_18' title="bbox 443 1668 1975 1746">
    <p class='ocr_par' dir='ltr' id='par_1_18' title="bbox 443 1668 1975 1746">
     <span class='ocr_line' id='line_1_18' title="bbox 443 1668 1975 1746; baseline -0.004 -18"><span class='ocrx_word' id='word_1_110' title='bbox 443 1676 548 1728; x_wconf 82' lang='grc' dir='ltr'>κδ’.</span> <span class='ocrx_word' id='word_1_111' title='bbox 591 1677 883 1744; x_wconf 80' lang='grc' dir='ltr'>Σινδόνας</span> <span class='ocrx_word' id='word_1_112' title='bbox 916 1677 1172 1746; x_wconf 77' lang='grc' dir='ltr'>ἐποίησε</span> <span class='ocrx_word' id='word_1_113' title='bbox 1192 1676 1294 1732; x_wconf 79' lang='grc' dir='ltr'>καὶ</span> <span class='ocrx_word' id='word_1_114' title='bbox 1328 1675 1590 1732; x_wconf 81' lang='grc' dir='ltr'>ἀπέδοτο</span> <span class='ocrx_word' id='word_1_115' title='bbox 1619 1673 1746 1740; x_wconf 81' lang='grc' dir='ltr'>τοῖς</span> <span class='ocrx_word' id='word_1_116' title='bbox 1770 1668 1975 1727; x_wconf 74' lang='grc' dir='ltr'>Φοίνι-</span> 
     </span>
    </p>
   </div>
   <div class='ocr_carea' id='block_1_19' title="bbox 2081 568 3675 643">
    <p class='ocr_par' dir='ltr' id='par_1_19' title="bbox 2081 568 3675 643">
     <span class='ocr_line' id='line_1_19' title="bbox 2081 568 3675 643; baseline 0.013 -25"><span class='ocrx_word' id='word_1_117' title='bbox 2081 568 2396 624; x_wconf 83' lang='lat' dir='ltr'><strong>bitatoribns</strong></span> <span class='ocrx_word' id='word_1_118' title='bbox 2445 580 2619 624; x_wconf 62' lang='lat' dir='ltr'><strong>terras.</strong></span> <span class='ocrx_word' id='word_1_119' title='bbox 2661 570 3015 643; x_wconf 83' lang='lat' dir='ltr'><strong>Conspicuus</strong></span> <span class='ocrx_word' id='word_1_120' title='bbox 3065 575 3121 632; x_wconf 82' lang='lat' dir='ltr'><strong>(it</strong></span> <span class='ocrx_word' id='word_1_121' title='bbox 3159 575 3474 638; x_wconf 78' lang='lat' dir='ltr'><strong>intellectus</strong></span> <span class='ocrx_word' id='word_1_122' title='bbox 3516 583 3675 640; x_wconf 85' lang='lat' dir='ltr'><strong>habi-</strong></span> 
     </span>
    </p>
   </div>
   <div class='ocr_carea' id='block_1_20' title="bbox 2080 652 3676 744">
    <p class='ocr_par' dir='ltr' id='par_1_20' title="bbox 2080 652 3676 744">
     <span class='ocr_line' id='line_1_20' title="bbox 2080 652 3676 744; baseline 0.012 -33"><span class='ocrx_word' id='word_1_123' title='bbox 2080 665 2206 715; x_wconf 89' lang='lat' dir='ltr'><strong>tans</strong></span> <span class='ocrx_word' id='word_1_124' title='bbox 2253 652 2377 714; x_wconf 89' lang='lat' dir='ltr'><strong>cum</strong></span> <span class='ocrx_word' id='word_1_125' title='bbox 2426 676 2507 725; x_wconf 88' lang='lat' dir='ltr'><strong>ea,</strong></span> <span class='ocrx_word' id='word_1_126' title='bbox 2541 663 2687 718; x_wconf 89' lang='lat' dir='ltr'><strong>inter</strong></span> <span class='ocrx_word' id='word_1_127' title='bbox 2724 665 2938 733; x_wconf 88' lang='lat' dir='ltr'><strong>primas</strong></span> <span class='ocrx_word' id='word_1_128' title='bbox 2979 681 3163 723; x_wconf 87' lang='lat' dir='ltr'><strong>rerum</strong></span> <span class='ocrx_word' id='word_1_129' title='bbox 3209 671 3508 727; x_wconf 77' lang='lat' dir='ltr'><strong>visibilium</strong></span> <span class='ocrx_word' id='word_1_130' title='bbox 3547 689 3676 744; x_wconf 89' lang='lat' dir='ltr'><strong>pcr-</strong></span> 
     </span>
    </p>
   </div>
   <div class='ocr_carea' id='block_1_21' title="bbox 2079 750 3670 834">
    <p class='ocr_par' dir='ltr' id='par_1_21' title="bbox 2079 750 3670 834">
     <span class='ocr_line' id='line_1_21' title="bbox 2079 750 3670 834; baseline 0.01 -29"><span class='ocrx_word' id='word_1_131' title='bbox 2079 750 2386 820; x_wconf 89' lang='lat' dir='ltr'><strong>ceptiones.</strong></span> <span class='ocrx_word' id='word_1_132' title='bbox 2410 755 2577 825; x_wconf 89' lang='lat' dir='ltr'><strong>quasi</strong></span> <span class='ocrx_word' id='word_1_133' title='bbox 2619 756 2676 810; x_wconf 89' lang='lat' dir='ltr'><strong>in</strong></span> <span class='ocrx_word' id='word_1_134' title='bbox 2720 759 2898 827; x_wconf 82' lang='lat' dir='ltr'><strong>portis</strong></span> <span class='ocrx_word' id='word_1_135' title='bbox 2941 768 3216 828; x_wconf 85' lang='lat' dir='ltr'><strong>versatus,</strong></span> <span class='ocrx_word' id='word_1_136' title='bbox 3247 777 3372 818; x_wconf 88' lang='lat' dir='ltr'><strong>cum</strong></span> <span class='ocrx_word' id='word_1_137' title='bbox 3418 766 3486 820; x_wconf 88' lang='lat' dir='ltr'><strong>ad</strong></span> <span class='ocrx_word' id='word_1_138' title='bbox 3522 765 3670 834; x_wconf 85' lang='lat' dir='ltr'><strong>judi-</strong></span> 
     </span>
    </p>
   </div>
   <div class='ocr_carea' id='block_1_22' title="bbox 2080 845 3674 928">
    <p class='ocr_par' dir='ltr' id='par_1_22' title="bbox 2080 845 3674 928">
     <span class='ocr_line' id='line_1_22' title="bbox 2080 845 3674 928; baseline 0.01 -29"><span class='ocrx_word' id='word_1_139' title='bbox 2080 845 2316 899; x_wconf 87' lang='lat' dir='ltr'><strong>candum</strong></span> <span class='ocrx_word' id='word_1_140' title='bbox 2346 845 2415 900; x_wconf 88' lang='lat' dir='ltr'><strong>de</strong></span> <span class='ocrx_word' id='word_1_141' title='bbox 2444 847 2524 903; x_wconf 91' lang='lat' dir='ltr'><strong>eis</strong></span> <span class='ocrx_word' id='word_1_142' title='bbox 2555 850 2813 904; x_wconf 89' lang='lat' dir='ltr'><strong>convenit</strong></span> <span class='ocrx_word' id='word_1_143' title='bbox 2841 865 2966 905; x_wconf 91' lang='lat' dir='ltr'><strong>cum</strong></span> <span class='ocrx_word' id='word_1_144' title='bbox 3000 855 3307 923; x_wconf 75' lang='lat' dir='ltr'><strong>cupiditate</strong></span> <span class='ocrx_word' id='word_1_145' title='bbox 3339 866 3394 911; x_wconf 91' lang='lat' dir='ltr'><strong>et</strong></span> <span class='ocrx_word' id='word_1_146' title='bbox 3426 858 3528 922; x_wconf 88' lang='lat' dir='ltr'><strong>ira,</strong></span> <span class='ocrx_word' id='word_1_147' title='bbox 3561 874 3674 928; x_wconf 76' lang='lat' dir='ltr'><strong>qua</strong></span> 
     </span>
    </p>
   </div>
   <div class='ocr_carea' id='block_1_23' title="bbox 2081 936 3675 1019">
    <p class='ocr_par' dir='ltr' id='par_1_23' title="bbox 2081 936 3675 1019">
     <span class='ocr_line' id='line_1_23' title="bbox 2081 936 3675 1019; baseline 0.01 -30"><span class='ocrx_word' id='word_1_148' title='bbox 2081 936 2278 992; x_wconf 61' lang='lat' dir='ltr'><strong>animas</strong></span> <span class='ocrx_word' id='word_1_149' title='bbox 2303 937 2596 997; x_wconf 78' lang='lat' dir='ltr'><strong>facultates</strong></span> <span class='ocrx_word' id='word_1_150' title='bbox 2622 943 2812 1011; x_wconf 78' lang='lat' dir='ltr'><strong>prima:</strong></span> <span class='ocrx_word' id='word_1_151' title='bbox 2845 954 3176 1001; x_wconf 75' lang='lat' dir='ltr'><strong>exercentur</strong></span> <span class='ocrx_word' id='word_1_152' title='bbox 3204 955 3260 1003; x_wconf 91' lang='lat' dir='ltr'><strong>et</strong></span> <span class='ocrx_word' id='word_1_153' title='bbox 3289 964 3402 1019; x_wconf 89' lang='lat' dir='ltr'><strong>quo</strong></span> <span class='ocrx_word' id='word_1_154' title='bbox 3433 950 3675 1006; x_wconf 83' lang='lat' dir='ltr'><strong>rationa-</strong></span> 
     </span>
    </p>
   </div>
   <div class='ocr_carea' id='block_1_24' title="bbox 2081 1030 3668 1112">
    <p class='ocr_par' dir='ltr' id='par_1_24' title="bbox 2081 1030 3668 1112">
     <span class='ocr_line' id='line_1_24' title="bbox 2081 1030 3668 1112; baseline 0.006 -26"><span class='ocrx_word' id='word_1_155' title='bbox 2081 1030 2266 1112; x_wconf 80' lang='lat' dir='ltr'><strong>biliter</strong></span> <span class='ocrx_word' id='word_1_156' title='bbox 2309 1045 2471 1100; x_wconf 81' lang='lat' dir='ltr'><strong>agere</strong></span> <span class='ocrx_word' id='word_1_157' title='bbox 2537 1033 2870 1104; x_wconf 86' lang='lat' dir='ltr'><strong>incepimus,</strong></span> <span class='ocrx_word' id='word_1_158' title='bbox 2915 1047 2967 1092; x_wconf 86' lang='lat' dir='ltr'><strong>et</strong></span> <span class='ocrx_word' id='word_1_159' title='bbox 3012 1039 3169 1109; x_wconf 85' lang='lat' dir='ltr'><strong>quasi</strong></span> <span class='ocrx_word' id='word_1_160' title='bbox 3213 1042 3467 1097; x_wconf 77' lang='lat' dir='ltr'><strong>seniores</strong></span> <span class='ocrx_word' id='word_1_161' title='bbox 3517 1051 3668 1097; x_wconf 89' lang='lat' dir='ltr'><strong>sunt.</strong></span> 
     </span>
    </p>
   </div>
   <div class='ocr_carea' id='block_1_25' title="bbox 2079 1119 3672 1202">
    <p class='ocr_par' dir='ltr' id='par_1_25' title="bbox 2079 1119 3672 1202">
     <span class='ocr_line' id='line_1_25' title="bbox 2079 1119 3672 1202; baseline 0.007 -28"><span class='ocrx_word' id='word_1_162' title='bbox 2079 1119 2179 1176; x_wconf 87' lang='lat' dir='ltr'><strong>Illa</strong></span> <span class='ocrx_word' id='word_1_163' title='bbox 2223 1120 2633 1177; x_wconf 90' lang='lat' dir='ltr'><strong>rationabiliter</strong></span> <span class='ocrx_word' id='word_1_164' title='bbox 2671 1136 2939 1195; x_wconf 81' lang='lat' dir='ltr'><strong>reguntur</strong></span> <span class='ocrx_word' id='word_1_165' title='bbox 2976 1129 3334 1198; x_wconf 89' lang='lat' dir='ltr'><strong>temperantia</strong></span> <span class='ocrx_word' id='word_1_166' title='bbox 3365 1143 3421 1185; x_wconf 90' lang='lat' dir='ltr'><strong>et</strong></span> <span class='ocrx_word' id='word_1_167' title='bbox 3458 1132 3672 1202; x_wconf 84' lang='lat' dir='ltr'><strong>patien-</strong></span> 
     </span>
    </p>
   </div>
   <div class='ocr_carea' id='block_1_26' title="bbox 2081 1211 3670 1290">
    <p class='ocr_par' dir='ltr' id='par_1_26' title="bbox 2081 1211 3670 1290">
     <span class='ocr_line' id='line_1_26' title="bbox 2081 1211 3670 1290; baseline 0.009 -24"><span class='ocrx_word' id='word_1_168' title='bbox 2081 1211 2182 1278; x_wconf 90' lang='lat' dir='ltr'><strong>tia,</strong></span> <span class='ocrx_word' id='word_1_169' title='bbox 2241 1219 2298 1267; x_wconf 92' lang='lat' dir='ltr'><strong>et</strong></span> <span class='ocrx_word' id='word_1_170' title='bbox 2341 1212 2543 1268; x_wconf 87' lang='lat' dir='ltr'><strong>deinde</strong></span> <span class='ocrx_word' id='word_1_171' title='bbox 2584 1217 2804 1285; x_wconf 86' lang='lat' dir='ltr'><strong>corpori</strong></span> <span class='ocrx_word' id='word_1_172' title='bbox 2849 1225 3069 1272; x_wconf 87' lang='lat' dir='ltr'><strong>terreno</strong></span> <span class='ocrx_word' id='word_1_173' title='bbox 3105 1232 3159 1275; x_wconf 89' lang='lat' dir='ltr'><strong>et</strong></span> <span class='ocrx_word' id='word_1_174' title='bbox 3188 1222 3437 1290; x_wconf 84' lang='lat' dir='ltr'><strong>passibili</strong></span> <span class='ocrx_word' id='word_1_175' title='bbox 3482 1221 3670 1280; x_wconf 87' lang='lat' dir='ltr'><strong>ﬁdeles</strong></span> 
     </span>
    </p>
   </div>
   <div class='ocr_carea' id='block_1_27' title="bbox 2081 1305 3673 1385">
    <p class='ocr_par' dir='ltr' id='par_1_27' title="bbox 2081 1305 3673 1385">
     <span class='ocr_line' id='line_1_27' title="bbox 2081 1305 3673 1385; baseline 0.008 -27"><span class='ocrx_word' id='word_1_176' title='bbox 2081 1312 2266 1370; x_wconf 86' lang='lat' dir='ltr'><strong>erunt,</strong></span> <span class='ocrx_word' id='word_1_177' title='bbox 2300 1305 2352 1359; x_wconf 88' lang='lat' dir='ltr'><strong>id</strong></span> <span class='ocrx_word' id='word_1_178' title='bbox 2371 1313 2482 1372; x_wconf 88' lang='lat' dir='ltr'><strong>est,</strong></span> <span class='ocrx_word' id='word_1_179' title='bbox 2514 1310 2768 1378; x_wconf 85' lang='lat' dir='ltr'><strong>corporis</strong></span> <span class='ocrx_word' id='word_1_180' title='bbox 2795 1311 3028 1365; x_wconf 77' lang='lat' dir='ltr'><strong>salutem</strong></span> <span class='ocrx_word' id='word_1_181' title='bbox 3052 1312 3356 1383; x_wconf 75' lang='lat' dir='ltr'><strong>cupiditate</strong></span> <span class='ocrx_word' id='word_1_182' title='bbox 3385 1324 3673 1385; x_wconf 79' lang='lat' dir='ltr'><strong>promovet</strong></span> 
     </span>
    </p>
   </div>
   <div class='ocr_carea' id='block_1_28' title="bbox 2083 1397 3418 1472">
    <p class='ocr_par' dir='ltr' id='par_1_28' title="bbox 2083 1397 3418 1472">
     <span class='ocr_line' id='line_1_28' title="bbox 2083 1397 3418 1472; baseline 0.006 -20"><span class='ocrx_word' id='word_1_183' title='bbox 2083 1398 2284 1466; x_wconf 86' lang='lat' dir='ltr'><strong>anima,</strong></span> <span class='ocrx_word' id='word_1_184' title='bbox 2318 1397 2552 1471; x_wconf 82' lang='lat' dir='ltr'><strong>ejusque</strong></span> <span class='ocrx_word' id='word_1_185' title='bbox 2589 1401 3114 1472; x_wconf 56' lang='lat' dir='ltr'><strong>corruptionem&#39;ira</strong></span> <span class='ocrx_word' id='word_1_186' title='bbox 3150 1417 3418 1462; x_wconf 88' lang='lat' dir='ltr'><strong>removet.</strong></span> 
     </span>
    </p>
   </div>
   <div class='ocr_carea' id='block_1_29' title="bbox 2153 1665 3665 1742">
    <p class='ocr_par' dir='ltr' id='par_1_29' title="bbox 2153 1665 3665 1742">
     <span class='ocr_line' id='line_1_29' title="bbox 2153 1665 3665 1742; baseline 0.004 -20"><span class='ocrx_word' id='word_1_187' title='bbox 2153 1666 2325 1723; x_wconf 76' lang='lat' dir='ltr'><strong>Vens.</strong></span> <span class='ocrx_word' id='word_1_188' title='bbox 2365 1665 2458 1722; x_wconf 63' lang='lat'><strong>24.</strong></span> <span class='ocrx_word' id='word_1_189' title='bbox 2489 1666 2758 1724; x_wconf 88' lang='lat' dir='ltr'><strong>Sindonas</strong></span> <span class='ocrx_word' id='word_1_190' title='bbox 2791 1669 2934 1739; x_wconf 76' lang='lat' dir='ltr'><strong>fecit,</strong></span> <span class='ocrx_word' id='word_1_191' title='bbox 2965 1679 3016 1725; x_wconf 84' lang='lat' dir='ltr'><strong>et</strong></span> <span class='ocrx_word' id='word_1_192' title='bbox 3046 1673 3275 1732; x_wconf 79' lang='lat' dir='ltr'><strong>vendidit</strong></span> <span class='ocrx_word' id='word_1_193' title='bbox 3307 1673 3665 1742; x_wconf 69' lang='lat' dir='ltr'><strong>Phoenicibus,</strong></span> 
     </span>
    </p>
   </div>
   <div class='ocr_carea' id='block_1_30' title="bbox 353 1757 1970 1838">
    <p class='ocr_par' dir='ltr' id='par_1_30' title="bbox 353 1760 1970 1838">
     <span class='ocr_line' id='line_1_30' title="bbox 353 1760 1970 1838; baseline -0.003 -19"><span class='ocrx_word' id='word_1_194' title='bbox 353 1767 436 1834; x_wconf 79' lang='grc' dir='ltr'>ἐι</span> <span class='ocrx_word' id='word_1_195' title='bbox 457 1785 469 1799; x_wconf 92' lang='grc'><strong>·</strong></span> <span class='ocrx_word' id='word_1_196' title='bbox 504 1767 897 1837; x_wconf 78' lang='grc' dir='ltr'>περιζώματα,</span> <span class='ocrx_word' id='word_1_197' title='bbox 925 1769 1054 1836; x_wconf 80' lang='grc' dir='ltr'>τοῖς</span> <span class='ocrx_word' id='word_1_198' title='bbox 1097 1766 1484 1834; x_wconf 78' lang='grc' dir='ltr'>Χαναναίοις.</span> <span class='ocrx_word' id='word_1_199' title='bbox 1501 1766 1849 1838; x_wconf 82' lang='grc' dir='ltr'>Νεκρώσεως</span> <span class='ocrx_word' id='word_1_200' title='bbox 1870 1760 1970 1814; x_wconf 60' lang='grc' dir='ltr'><strong>τῶν</strong></span> 
     </span>
    </p>
   </div>
   <div class='ocr_carea' id='block_1_31' title="bbox 2085 1757 3664 1838">
    <p class='ocr_par' dir='ltr' id='par_1_31' title="bbox 2085 1757 3664 1833">
     <span class='ocr_line' id='line_1_31' title="bbox 2085 1757 3664 1833; baseline 0.006 -19"><span class='ocrx_word' id='word_1_201' title='bbox 2085 1759 2301 1830; x_wconf 73' lang='lat' dir='ltr'><strong>cingula</strong></span> <span class='ocrx_word' id='word_1_202' title='bbox 2323 1757 2668 1814; x_wconf 74' lang='lat' dir='ltr'><strong>Chananwis.</strong></span> <span class='ocrx_word' id='word_1_203' title='bbox 2693 1759 2964 1816; x_wconf 88' lang='lat' dir='ltr'><strong>Funebria</strong></span> <span class='ocrx_word' id='word_1_204' title='bbox 2994 1764 3313 1833; x_wconf 86' lang='lat' dir='ltr'><strong>passionum</strong></span> <span class='ocrx_word' id='word_1_205' title='bbox 3343 1765 3664 1823; x_wconf 71' lang='lat' dir='ltr'><strong>indumenta</strong></span> 
     </span>
    </p>
   </div>
   <div class='ocr_carea' id='block_1_32' title="bbox 352 1831 1970 1933">
    <p class='ocr_par' dir='ltr' id='par_1_32' title="bbox 352 1831 1967 1933">
     <span class='ocr_line' id='line_1_32' title="bbox 352 1831 1967 1933; baseline -0.001 -20"><span class='ocrx_word' id='word_1_206' title='bbox 352 1831 640 1931; x_wconf 65' lang='grc' dir='ltr'>’ἐμπαθίῦν</span> <span class='ocrx_word' id='word_1_207' title='bbox 670 1831 948 1932; x_wconf 71' lang='grc' dir='ltr'>λογισμῶν</span> <span class='ocrx_word' id='word_1_208' title='bbox 978 1831 1277 1932; x_wconf 71' lang='grc' dir='ltr'>εἰργάσατο</span> <span class='ocrx_word' id='word_1_209' title='bbox 1319 1831 1679 1933; x_wconf 74' lang='grc' dir='ltr'>περιὸόλαια·</span> <span class='ocrx_word' id='word_1_210' title='bbox 1719 1859 1816 1913; x_wconf 74' lang='grc' dir='ltr'>καὶ</span> <span class='ocrx_word' id='word_1_211' title='bbox 1853 1857 1967 1922; x_wconf 83' lang='grc' dir='ltr'>τοῖς</span> 
     </span>
    </p>
   </div>
   <div class='ocr_carea' id='block_1_33' title="bbox 2085 1831 3665 1933">
    <p class='ocr_par' dir='ltr' id='par_1_33' title="bbox 2085 1852 3665 1929">
     <span class='ocr_line' id='line_1_33' title="bbox 2085 1852 3665 1929; baseline 0.005 -21"><span class='ocrx_word' id='word_1_212' title='bbox 2085 1852 2310 1909; x_wconf 84' lang='lat' dir='ltr'><strong>:oniecit</strong></span> <span class='ocrx_word' id='word_1_213' title='bbox 2348 1867 2525 1924; x_wconf 89' lang='lat' dir='ltr'><strong>eaque</strong></span> <span class='ocrx_word' id='word_1_214' title='bbox 2567 1853 2888 1910; x_wconf 88' lang='lat' dir='ltr'><strong>hominibus</strong></span> <span class='ocrx_word' id='word_1_215' title='bbox 2921 1863 3045 1911; x_wconf 89' lang='lat' dir='ltr'><strong>actu</strong></span> <span class='ocrx_word' id='word_1_216' title='bbox 3092 1859 3416 1928; x_wconf 89' lang='lat' dir='ltr'><strong>passionum</strong></span> <span class='ocrx_word' id='word_1_217' title='bbox 3450 1860 3665 1929; x_wconf 86' lang='lat' dir='ltr'><strong>liberis,</strong></span> 
     </span>
    </p>
   </div>
   <div class='ocr_carea' id='block_1_34' title="bbox 376 1949 1969 2031">
    <p class='ocr_par' dir='ltr' id='par_1_34' title="bbox 376 1949 1969 2031">
     <span class='ocr_line' id='line_1_34' title="bbox 376 1949 1969 2031; baseline -0.001 -27"><span class='ocrx_word' id='word_1_218' title='bbox 376 1950 703 2023; x_wconf 83' lang='grc' dir='ltr'>καθαρθεῖσι</span> <span class='ocrx_word' id='word_1_219' title='bbox 738 1951 840 2023; x_wconf 79' lang='grc' dir='ltr'>μὲν</span> <span class='ocrx_word' id='word_1_220' title='bbox 869 1952 980 2005; x_wconf 84' lang='grc' dir='ltr'>ἀπὸ</span> <span class='ocrx_word' id='word_1_221' title='bbox 1008 1951 1118 2006; x_wconf 86' lang='grc' dir='ltr'><strong>τῶν</strong></span> <span class='ocrx_word' id='word_1_222' title='bbox 1151 1952 1276 2006; x_wconf 87' lang='grc' dir='ltr'>κατ’</span> <span class='ocrx_word' id='word_1_223' title='bbox 1305 1952 1586 2031; x_wconf 80' lang='grc' dir='ltr'>ἐνέργειαν</span> <span class='ocrx_word' id='word_1_224' title='bbox 1621 1949 1835 2016; x_wconf 82' lang='grc' dir='ltr'>παθῶν,</span> <span class='ocrx_word' id='word_1_225' title='bbox 1868 1965 1969 2002; x_wconf 89' lang='grc' dir='ltr'>πε-</span> 
     </span>
    </p>
   </div>
   <div class='ocr_carea' id='block_1_35' title="bbox 375 2045 1965 2119">
    <p class='ocr_par' dir='ltr' id='par_1_35' title="bbox 375 2045 1965 2119">
     <span class='ocr_line' id='line_1_35' title="bbox 375 2045 1965 2119; baseline 0.001 -21"><span class='ocrx_word' id='word_1_226' title='bbox 375 2046 746 2115; x_wconf 81' lang='grc' dir='ltr'>φοινιγμένοις</span> <span class='ocrx_word' id='word_1_227' title='bbox 774 2045 819 2098; x_wconf 87' lang='grc' dir='ltr'>δ’</span> <span class='ocrx_word' id='word_1_228' title='bbox 845 2045 926 2099; x_wconf 76' lang='grc' dir='ltr'>ἔτι</span> <span class='ocrx_word' id='word_1_229' title='bbox 949 2049 1064 2111; x_wconf 81' lang='grc' dir='ltr'>τοῖς</span> <span class='ocrx_word' id='word_1_230' title='bbox 1096 2047 1240 2102; x_wconf 82' lang='grc' dir='ltr'>κατὰ</span> <span class='ocrx_word' id='word_1_231' title='bbox 1268 2047 1535 2115; x_wconf 84' lang='grc' dir='ltr'>διάνοιαν,</span> <span class='ocrx_word' id='word_1_232' title='bbox 1563 2047 1965 2119; x_wconf 76' lang='grc' dir='ltr'>ἀπημπόλησεο</span> 
     </span>
    </p>
   </div>
   <div class='ocr_carea' id='block_1_36' title="bbox 359 2133 1970 2213">
    <p class='ocr_par' dir='ltr' id='par_1_36' title="bbox 359 2133 1970 2213">
     <span class='ocr_line' id='line_1_36' title="bbox 359 2133 1970 2213; baseline 0.001 -23"><span class='ocrx_word' id='word_1_233' title='bbox 359 2136 748 2192; x_wconf 77' lang='grc' dir='ltr'>’καταϐαλοῦσι</span> <span class='ocrx_word' id='word_1_234' title='bbox 784 2139 923 2211; x_wconf 80' lang='grc' dir='ltr'>πρὸς</span> <span class='ocrx_word' id='word_1_235' title='bbox 936 2140 1120 2212; x_wconf 78' lang='grc' dir='ltr'>ιαύτὴν</span> <span class='ocrx_word' id='word_1_236' title='bbox 1145 2133 1258 2195; x_wconf 80' lang='grc' dir='ltr'>οἷόν</span> <span class='ocrx_word' id='word_1_237' title='bbox 1279 2159 1331 2195; x_wconf 90' lang='grc' dir='ltr'><strong>τι</strong></span> <span class='ocrx_word' id='word_1_238' title='bbox 1354 2141 1573 2213; x_wconf 84' lang='grc' dir='ltr'>τίμημα</span> <span class='ocrx_word' id='word_1_239' title='bbox 1601 2141 1700 2209; x_wconf 82' lang='grc' dir='ltr'><strong>τὴν</strong></span> <span class='ocrx_word' id='word_1_240' title='bbox 1727 2139 1836 2195; x_wconf 80' lang='grc' dir='ltr'>ἀπὸ</span> <span class='ocrx_word' id='word_1_241' title='bbox 1859 2137 1970 2192; x_wconf 82' lang='grc' dir='ltr'><strong>τῶν</strong></span> 
     </span>
    </p>
   </div>
   <div class='ocr_carea' id='block_1_37' title="bbox 373 2229 1966 2306">
    <p class='ocr_par' dir='ltr' id='par_1_37' title="bbox 373 2229 1966 2306">
     <span class='ocr_line' id='line_1_37' title="bbox 373 2229 1966 2306; baseline 0.001 -23"><span class='ocrx_word' id='word_1_242' title='bbox 373 2229 497 2284; x_wconf 88' lang='grc' dir='ltr'>κατ’</span> <span class='ocrx_word' id='word_1_243' title='bbox 520 2230 804 2300; x_wconf 87' lang='grc' dir='ltr'>ἐνέργειαν</span> <span class='ocrx_word' id='word_1_244' title='bbox 836 2231 1028 2285; x_wconf 82' lang='grc' dir='ltr'>παθῶν</span> <span class='ocrx_word' id='word_1_245' title='bbox 1054 2235 1580 2305; x_wconf 86' lang='grc' dir='ltr'>ἐγκρατευσαμένην</span> <span class='ocrx_word' id='word_1_246' title='bbox 1605 2231 1932 2306; x_wconf 87' lang='grc' dir='ltr'>προαίρεσιν</span> <span class='ocrx_word' id='word_1_247' title='bbox 1950 2249 1966 2264; x_wconf 76' lang='grc' dir='ltr'><strong>ο</strong></span> 
     </span>
    </p>
   </div>
   <div class='ocr_carea' id='block_1_38' title="bbox 374 2315 1971 2398">
    <p class='ocr_par' dir='ltr' id='par_1_38' title="bbox 374 2315 1971 2398">
     <span class='ocr_line' id='line_1_38' title="bbox 374 2315 1971 2398; baseline 0.003 -24"><span class='ocrx_word' id='word_1_248' title='bbox 374 2319 704 2392; x_wconf 75' lang='grc' dir='ltr'>ἐγκράτειαν</span> <span class='ocrx_word' id='word_1_249' title='bbox 735 2315 921 2379; x_wconf 69' lang='grc' dir='ltr'>δὲ’καὶ</span> <span class='ocrx_word' id='word_1_250' title='bbox 955 2325 1238 2398; x_wconf 81' lang='grc' dir='ltr'>ὑπομονήν</span> <span class='ocrx_word' id='word_1_251' title='bbox 1265 2329 1364 2397; x_wconf 86' lang='grc' dir='ltr'>τῆς</span> <span class='ocrx_word' id='word_1_252' title='bbox 1390 2327 1532 2381; x_wconf 87' lang='grc' dir='ltr'><strong>κατά</strong></span> <span class='ocrx_word' id='word_1_253' title='bbox 1559 2325 1693 2380; x_wconf 80' lang='grc' dir='ltr'>Θεὸν</span> <span class='ocrx_word' id='word_1_254' title='bbox 1729 2325 1971 2398; x_wconf 84' lang='grc' dir='ltr'>σκληρᾶς</span> 
     </span>
    </p>
   </div>
   <div class='ocr_carea' id='block_1_39' title="bbox 374 2415 1973 2492">
    <p class='ocr_par' dir='ltr' id='par_1_39' title="bbox 374 2415 1973 2492">
     <span class='ocr_line' id='line_1_39' title="bbox 374 2415 1973 2492; baseline 0.003 -24"><span class='ocrx_word' id='word_1_255' title='bbox 374 2415 624 2486; x_wconf 81' lang='grc' dir='ltr'>ἀγωγῆς,</span> <span class='ocrx_word' id='word_1_256' title='bbox 659 2415 1136 2487; x_wconf 76' lang='grc' dir='ltr'>περισφιγγούσας</span> <span class='ocrx_word' id='word_1_257' title='bbox 1182 2418 1244 2492; x_wconf 62' lang='lat' dir='ltr'><strong>to</strong></span> <span class='ocrx_word' id='word_1_258' title='bbox 1295 2418 1601 2490; x_wconf 82' lang='grc' dir='ltr'>παθητικὸν</span> <span class='ocrx_word' id='word_1_259' title='bbox 1638 2417 1743 2490; x_wconf 86' lang='grc' dir='ltr'>τῆς</span> <span class='ocrx_word' id='word_1_260' title='bbox 1791 2418 1973 2490; x_wconf 78' lang='grc' dir='ltr'>ψυχῆς</span> 
     </span>
    </p>
   </div>
   <div class='ocr_carea' id='block_1_40' title="bbox 377 2509 1973 2585">
    <p class='ocr_par' dir='ltr' id='par_1_40' title="bbox 377 2509 1973 2585">
     <span class='ocr_line' id='line_1_40' title="bbox 377 2509 1973 2585; baseline 0.003 -24"><span class='ocrx_word' id='word_1_261' title='bbox 377 2509 548 2580; x_wconf 84' lang='grc' dir='ltr'>μέρος</span> <span class='ocrx_word' id='word_1_262' title='bbox 600 2509 1063 2582; x_wconf 79' lang='grc' dir='ltr'>ἀπεργασαμένη,</span> <span class='ocrx_word' id='word_1_263' title='bbox 1105 2513 1230 2566; x_wconf 86' lang='grc' dir='ltr'>κατ’</span> <span class='ocrx_word' id='word_1_264' title='bbox 1253 2511 1502 2585; x_wconf 75' lang='grc' dir='ltr'>ἔμφρονα</span> <span class='ocrx_word' id='word_1_265' title='bbox 1554 2513 1817 2584; x_wconf 82' lang='grc' dir='ltr'>λογισμὸν</span> <span class='ocrx_word' id='word_1_266' title='bbox 1862 2511 1973 2566; x_wconf 88' lang='grc' dir='ltr'><strong>τῶν</strong></span> 
     </span>
    </p>
   </div>
   <div class='ocr_carea' id='block_1_41' title="bbox 373 2595 1973 2676">
    <p class='ocr_par' dir='ltr' id='par_1_41' title="bbox 373 2595 1973 2676">
     <span class='ocr_line' id='line_1_41' title="bbox 373 2595 1973 2676; baseline 0.002 -22"><span class='ocrx_word' id='word_1_267' title='bbox 373 2602 488 2664; x_wconf 86' lang='grc' dir='ltr'>τοῖς</span> <span class='ocrx_word' id='word_1_268' title='bbox 541 2595 664 2655; x_wconf 85' lang='grc' dir='ltr'>κατ’</span> <span class='ocrx_word' id='word_1_269' title='bbox 729 2603 1016 2673; x_wconf 79' lang='grc' dir='ltr'>ἐνέργειαν</span> <span class='ocrx_word' id='word_1_270' title='bbox 1065 2605 1431 2676; x_wconf 80' lang='grc' dir='ltr'>ἁμαρτήμασι</span> <span class='ocrx_word' id='word_1_271' title='bbox 1483 2603 1973 2676; x_wconf 83' lang='grc' dir='ltr'>τεταπεινωμένων</span> 
     </span>
    </p>
   </div>
   <div class='ocr_carea' id='block_1_42' title="bbox 376 2692 1975 2768">
    <p class='ocr_par' dir='ltr' id='par_1_42' title="bbox 376 2692 1975 2768">
     <span class='ocr_line' id='line_1_42' title="bbox 376 2692 1975 2768; baseline 0.003 -23"><span class='ocrx_word' id='word_1_272' title='bbox 376 2694 647 2762; x_wconf 76' lang='grc' dir='ltr'>(ταπεινοὶ</span> <span class='ocrx_word' id='word_1_273' title='bbox 667 2692 778 2764; x_wconf 83' lang='grc' dir='ltr'><strong>γὰρ</strong></span> <span class='ocrx_word' id='word_1_274' title='bbox 825 2695 876 2747; x_wconf 86' lang='grc' dir='ltr'><strong>οἰ</strong></span> <span class='ocrx_word' id='word_1_275' title='bbox 918 2696 1214 2750; x_wconf 86' lang='grc' dir='ltr'>Χαναναῖοι</span> <span class='ocrx_word' id='word_1_276' title='bbox 1264 2696 1711 2768; x_wconf 86' lang='grc' dir='ltr'>ἐρμηνεύονται),</span> <span class='ocrx_word' id='word_1_277' title='bbox 1741 2695 1975 2752; x_wconf 81' lang='grc' dir='ltr'>ἀπέδοτο</span> 
     </span>
    </p>
   </div>
   <div class='ocr_carea' id='block_1_43' title="bbox 358 2781 1975 2859">
    <p class='ocr_par' dir='ltr' id='par_1_43' title="bbox 358 2781 1975 2859">
     <span class='ocr_line' id='line_1_43' title="bbox 358 2781 1975 2859; baseline 0.003 -23"><span class='ocrx_word' id='word_1_278' title='bbox 358 2781 586 2848; x_wconf 78' lang='grc' dir='ltr'><strong>¹’τούτοις</strong></span> <span class='ocrx_word' id='word_1_279' title='bbox 615 2783 806 2852; x_wconf 80' lang='grc' dir='ltr'>αὐτὰς,</span> <span class='ocrx_word' id='word_1_280' title='bbox 841 2785 1084 2840; x_wconf 78' lang='grc' dir='ltr'>λαὸοῦσα</span> <span class='ocrx_word' id='word_1_281' title='bbox 1116 2788 1179 2840; x_wconf 80' lang='grc' dir='ltr'>τὸ</span> <span class='ocrx_word' id='word_1_282' title='bbox 1210 2787 1612 2859; x_wconf 81' lang='grc' dir='ltr'>ἐπιθυμητικὸν</span> <span class='ocrx_word' id='word_1_283' title='bbox 1643 2787 1975 2854; x_wconf 77' lang='grc' dir='ltr'>αύτῶν,“καὶ</span> 
     </span>
    </p>
   </div>
   <div class='ocr_carea' id='block_1_44' title="bbox 363 2875 1332 2949">
    <p class='ocr_par' dir='ltr' id='par_1_44' title="bbox 363 2875 1332 2949">
     <span class='ocr_line' id='line_1_44' title="bbox 363 2875 1332 2949; baseline 0.004 -19"><span class='ocrx_word' id='word_1_284' title='bbox 363 2875 438 2930; x_wconf 79' lang='grc' dir='ltr'>τὸ</span> <span class='ocrx_word' id='word_1_285' title='bbox 477 2875 708 2945; x_wconf 84' lang='grc' dir='ltr'>θυμικὸν</span> <span class='ocrx_word' id='word_1_286' title='bbox 744 2877 826 2949; x_wconf 83' lang='grc' dir='ltr'><strong>τῷ</strong></span> <span class='ocrx_word' id='word_1_287' title='bbox 863 2876 1008 2947; x_wconf 77' lang='grc' dir='ltr'>λόγῳ</span> <span class='ocrx_word' id='word_1_288' title='bbox 1045 2877 1332 2949; x_wconf 83' lang='grc' dir='ltr'>ἐπιπειθῆ.</span> 
     </span>
    </p>
   </div>
   <div class='ocr_carea' id='block_1_45' title="bbox 448 2966 1976 3039">
    <p class='ocr_par' dir='ltr' id='par_1_45' title="bbox 448 2966 1976 3039">
     <span class='ocr_line' id='line_1_45' title="bbox 448 2966 1976 3039; baseline -0.001 -15"><span class='ocrx_word' id='word_1_289' title='bbox 448 2969 652 3037; x_wconf 79' lang='grc' dir='ltr'>Στόμα</span> <span class='ocrx_word' id='word_1_290' title='bbox 681 2968 750 3022; x_wconf 79' lang='grc' dir='ltr'>δὲ</span> <span class='ocrx_word' id='word_1_291' title='bbox 773 2966 966 3038; x_wconf 80' lang='grc' dir='ltr'>αὐτῆς</span> <span class='ocrx_word' id='word_1_292' title='bbox 1003 2967 1273 3035; x_wconf 78' lang='grc' dir='ltr'>διήνοιξε</span> <span class='ocrx_word' id='word_1_293' title='bbox 1300 2969 1723 3039; x_wconf 78' lang='grc' dir='ltr'>προσεχόντως</span> <span class='ocrx_word' id='word_1_294' title='bbox 1752 2967 1852 3022; x_wconf 76' lang='grc' dir='ltr'>καὶ</span> <span class='ocrx_word' id='word_1_295' title='bbox 1877 2968 1976 3023; x_wconf 82' lang='grc' dir='ltr'><strong>ἐν·-</strong></span> 
     </span>
    </p>
   </div>
   <div class='ocr_carea' id='block_1_46' title="bbox 355 3059 1972 3133">
    <p class='ocr_par' dir='ltr' id='par_1_46' title="bbox 355 3059 1972 3133">
     <span class='ocr_line' id='line_1_46' title="bbox 355 3059 1972 3133; baseline -0.001 -15"><span class='ocrx_word' id='word_1_296' title='bbox 355 3059 572 3131; x_wconf 75' lang='grc' dir='ltr'>’νόμως</span> <span class='ocrx_word' id='word_1_297' title='bbox 592 3079 607 3094; x_wconf 76' lang='grc' dir='ltr'><strong><em>ο</em></strong></span> <span class='ocrx_word' id='word_1_298' title='bbox 656 3062 754 3118; x_wconf 76' lang='grc' dir='ltr'>καὶ</span> <span class='ocrx_word' id='word_1_299' title='bbox 799 3062 976 3127; x_wconf 70' lang='grc' dir='ltr'>τάξιν</span> <span class='ocrx_word' id='word_1_300' title='bbox 1007 3061 1324 3119; x_wconf 76' lang='grc' dir='ltr'>ἐστείλατο</span> <span class='ocrx_word' id='word_1_301' title='bbox 1353 3063 1430 3133; x_wconf 81' lang='grc' dir='ltr'>τῇ</span> <span class='ocrx_word' id='word_1_302' title='bbox 1457 3062 1717 3132; x_wconf 77' lang='grc' dir='ltr'>γλώσσῃ</span> <span class='ocrx_word' id='word_1_303' title='bbox 1760 3060 1972 3129; x_wconf 80' lang='grc' dir='ltr'>αὐτῆς.</span> 
     </span>
    </p>
   </div>
   <div class='ocr_carea' id='block_1_47' title="bbox 363 3153 2045 3254">
    <p class='ocr_par' dir='ltr' id='par_1_47' title="bbox 363 3153 2045 3254">
     <span class='ocr_line' id='line_1_47' title="bbox 363 3153 2045 3254; baseline -0.001 -47"><span class='ocrx_word' id='word_1_304' title='bbox 363 3154 562 3225; x_wconf 80' lang='grc' dir='ltr'>’Στόμα</span> <span class='ocrx_word' id='word_1_305' title='bbox 615 3155 677 3209; x_wconf 82' lang='grc' dir='ltr'>τὸ</span> <span class='ocrx_word' id='word_1_306' title='bbox 729 3156 964 3227; x_wconf 82' lang='grc' dir='ltr'>ἐκφέρον</span> <span class='ocrx_word' id='word_1_307' title='bbox 1011 3155 1081 3209; x_wconf 80' lang='grc' dir='ltr'><strong>τὰ</strong></span> <span class='ocrx_word' id='word_1_308' title='bbox 1114 3156 1319 3228; x_wconf 82' lang='grc' dir='ltr'>ταύτης</span> <span class='ocrx_word' id='word_1_309' title='bbox 1364 3155 1696 3226; x_wconf 83' lang='grc' dir='ltr'>διδάγματα,</span> <span class='ocrx_word' id='word_1_310' title='bbox 1731 3153 1973 3208; x_wconf 84' lang='grc' dir='ltr'>ἐκώλυσε</span> <span class='ocrx_word' id='word_1_311' title='bbox 1999 3193 2045 3254; x_wconf 75' lang='lat' dir='ltr'>c</span> 
     </span>
    </p>
   </div>
   <div class='ocr_carea' id='block_1_48' title="bbox 355 3245 1972 3322">
    <p class='ocr_par' dir='ltr' id='par_1_48' title="bbox 355 3245 1972 3322">
     <span class='ocr_line' id='line_1_48' title="bbox 355 3245 1972 3322; baseline -0.001 -20"><span class='ocrx_word' id='word_1_312' title='bbox 355 3245 482 3320; x_wconf 74' lang='grc' dir='ltr'>’μέν</span> <span class='ocrx_word' id='word_1_313' title='bbox 517 3249 817 3321; x_wconf 81' lang='grc' dir='ltr'>προφέρειν</span> <span class='ocrx_word' id='word_1_314' title='bbox 843 3250 913 3303; x_wconf 78' lang='grc' dir='ltr'>τὰ</span> <span class='ocrx_word' id='word_1_315' title='bbox 945 3249 1020 3313; x_wconf 82' lang='grc' dir='ltr'><strong>ὡς</strong></span> <span class='ocrx_word' id='word_1_316' title='bbox 1056 3249 1215 3320; x_wconf 84' lang='grc' dir='ltr'>ἔτυχε</span> <span class='ocrx_word' id='word_1_317' title='bbox 1255 3249 1738 3322; x_wconf 84' lang='grc' dir='ltr'>παρεμπίπτοντα,</span> <span class='ocrx_word' id='word_1_318' title='bbox 1764 3248 1972 3303; x_wconf 85' lang='grc' dir='ltr'>διέθετο</span> 
     </span>
    </p>
   </div>
   <div class='ocr_carea' id='block_1_49' title="bbox 375 3331 1972 3412">
    <p class='ocr_par' dir='ltr' id='par_1_49' title="bbox 375 3331 1972 3412">
     <span class='ocr_line' id='line_1_49' title="bbox 375 3331 1972 3412; baseline 0 -18"><span class='ocrx_word' id='word_1_319' title='bbox 375 3339 436 3394; x_wconf 89' lang='grc' dir='ltr'><strong>δέ</strong></span> <span class='ocrx_word' id='word_1_320' title='bbox 479 3341 549 3393; x_wconf 82' lang='grc' dir='ltr'>τὰ</span> <span class='ocrx_word' id='word_1_321' title='bbox 595 3340 691 3394; x_wconf 92' lang='grc' dir='ltr'><strong>τοῦ</strong></span> <span class='ocrx_word' id='word_1_322' title='bbox 740 3339 877 3394; x_wconf 83' lang='grc' dir='ltr'>Θεοῦ</span> <span class='ocrx_word' id='word_1_323' title='bbox 921 3341 1237 3412; x_wconf 77' lang='grc' dir='ltr'>ἐντάλματα</span> <span class='ocrx_word' id='word_1_324' title='bbox 1271 3340 1643 3410; x_wconf 88' lang='grc' dir='ltr'>φθέγγεσθαι·</span> <span class='ocrx_word' id='word_1_325' title='bbox 1673 3331 1972 3394; x_wconf 82' lang='grc' dir='ltr'>κάντεῦθεν</span> 
     </span>
    </p>
   </div>
   <div class='ocr_carea' id='block_1_50' title="bbox 376 3429 1970 3504">
    <p class='ocr_par' dir='ltr' id='par_1_50' title="bbox 376 3429 1970 3504">
     <span class='ocr_line' id='line_1_50' title="bbox 376 3429 1970 3504; baseline 0 -20"><span class='ocrx_word' id='word_1_326' title='bbox 376 3429 540 3496; x_wconf 70' lang='grc' dir='ltr'>ἔταξε</span> <span class='ocrx_word' id='word_1_327' title='bbox 590 3431 690 3503; x_wconf 84' lang='grc' dir='ltr'><strong>τήν</strong></span> <span class='ocrx_word' id='word_1_328' title='bbox 743 3433 992 3501; x_wconf 86' lang='grc' dir='ltr'>γλῶτταν</span> <span class='ocrx_word' id='word_1_329' title='bbox 1047 3434 1233 3488; x_wconf 78' lang='grc' dir='ltr'>λαλεῖν</span> <span class='ocrx_word' id='word_1_330' title='bbox 1283 3433 1426 3488; x_wconf 85' lang='grc' dir='ltr'>κατὰ</span> <span class='ocrx_word' id='word_1_331' title='bbox 1463 3432 1655 3504; x_wconf 81' lang='grc' dir='ltr'>καιρὸν</span> <span class='ocrx_word' id='word_1_332' title='bbox 1693 3432 1763 3486; x_wconf 73' lang='grc' dir='ltr'><strong>τά</strong></span> <span class='ocrx_word' id='word_1_333' title='bbox 1801 3439 1970 3503; x_wconf 86' lang='grc' dir='ltr'>προσ-</span> 
     </span>
    </p>
   </div>
   <div class='ocr_carea' id='block_1_51' title="bbox 377 3525 607 3596">
    <p class='ocr_par' dir='ltr' id='par_1_51' title="bbox 377 3525 607 3596">
     <span class='ocr_line' id='line_1_51' title="bbox 377 3525 607 3596; baseline 0.009 -18"><span class='ocrx_word' id='word_1_334' title='bbox 377 3525 607 3596; x_wconf 86' lang='grc' dir='ltr'>ήκοντα.</span> 
     </span>
    </p>
   </div>
   <div class='ocr_carea' id='block_1_52' title="bbox 451 3613 1971 3686">
    <p class='ocr_par' dir='ltr' id='par_1_52' title="bbox 451 3613 1971 3686">
     <span class='ocr_line' id='line_1_52' title="bbox 451 3613 1971 3686; baseline -0.001 -15"><span class='ocrx_word' id='word_1_335' title='bbox 451 3623 551 3673; x_wconf 84' lang='grc' dir='ltr'>κε’.</span> <span class='ocrx_word' id='word_1_336' title='bbox 589 3617 803 3686; x_wconf 80' lang='grc' dir='ltr'>Ἰσχὺν</span> <span class='ocrx_word' id='word_1_337' title='bbox 829 3615 928 3670; x_wconf 80' lang='grc' dir='ltr'>καὶ</span> <span class='ocrx_word' id='word_1_338' title='bbox 959 3614 1325 3684; x_wconf 79' lang='grc' dir='ltr'>εὐπρέπειαν</span> <span class='ocrx_word' id='word_1_339' title='bbox 1353 3613 1708 3677; x_wconf 79' lang='grc' dir='ltr'>ἐνεδύσατο,</span> <span class='ocrx_word' id='word_1_340' title='bbox 1740 3613 1841 3668; x_wconf 80' lang='grc' dir='ltr'>καὶ</span> <span class='ocrx_word' id='word_1_341' title='bbox 1873 3613 1971 3669; x_wconf 82' lang='grc' dir='ltr'><strong>εὐ-</strong></span> 
     </span>
    </p>
   </div>
   <div class='ocr_carea' id='block_1_53' title="bbox 376 3705 1971 3782">
    <p class='ocr_par' dir='ltr' id='par_1_53' title="bbox 376 3705 1971 3782">
     <span class='ocr_line' id='line_1_53' title="bbox 376 3705 1971 3782; baseline -0.005 -17"><span class='ocrx_word' id='word_1_342' title='bbox 376 3711 614 3782; x_wconf 74' lang='grc' dir='ltr'>φράνθη</span> <span class='ocrx_word' id='word_1_343' title='bbox 647 3711 716 3764; x_wconf 76' lang='grc' dir='ltr'>ἐν</span> <span class='ocrx_word' id='word_1_344' title='bbox 743 3709 993 3780; x_wconf 73' lang='grc' dir='ltr'>ἡμέραις</span> <span class='ocrx_word' id='word_1_345' title='bbox 1027 3707 1337 3776; x_wconf 81' lang='grc' dir='ltr'>ἐσχάταις.</span> <span class='ocrx_word' id='word_1_346' title='bbox 1378 3707 1620 3778; x_wconf 87' lang='grc' dir='ltr'>Δύναμιν</span> <span class='ocrx_word' id='word_1_347' title='bbox 1651 3706 1750 3760; x_wconf 76' lang='grc' dir='ltr'>καὶ</span> <span class='ocrx_word' id='word_1_348' title='bbox 1773 3705 1971 3769; x_wconf 82' lang='grc' dir='ltr'>κάλλος</span> 
     </span>
    </p>
   </div>
   <div class='ocr_carea' id='block_1_54' title="bbox 376 3798 1967 3874">
    <p class='ocr_par' dir='ltr' id='par_1_54' title="bbox 376 3798 1967 3874">
     <span class='ocr_line' id='line_1_54' title="bbox 376 3798 1967 3874; baseline -0.001 -18"><span class='ocrx_word' id='word_1_349' title='bbox 376 3803 762 3874; x_wconf 77' lang='grc' dir='ltr'>περιεϐάλετο,</span> <span class='ocrx_word' id='word_1_350' title='bbox 792 3799 917 3856; x_wconf 81' lang='grc' dir='ltr'>καθ’</span> <span class='ocrx_word' id='word_1_351' title='bbox 939 3800 1054 3868; x_wconf 79' lang='grc' dir='ltr'>ἐξιν</span> <span class='ocrx_word' id='word_1_352' title='bbox 1083 3800 1175 3855; x_wconf 92' lang='grc' dir='ltr'><strong>τοῦ</strong></span> <span class='ocrx_word' id='word_1_353' title='bbox 1199 3799 1408 3868; x_wconf 83' lang='grc' dir='ltr'>ἀγαθοῦ</span> <span class='ocrx_word' id='word_1_354' title='bbox 1431 3800 1624 3871; x_wconf 85' lang='grc' dir='ltr'>νοεράν</span> <span class='ocrx_word' id='word_1_355' title='bbox 1643 3798 1743 3870; x_wconf 81' lang='grc' dir='ltr'>τῆς</span> <span class='ocrx_word' id='word_1_356' title='bbox 1765 3798 1967 3870; x_wconf 76' lang='grc' dir='ltr'>ψυχῆς,</span> 
     </span>
    </p>
   </div>
   <div class='ocr_carea' id='block_1_55' title="bbox 376 3889 1970 3966">
    <p class='ocr_par' dir='ltr' id='par_1_55' title="bbox 376 3889 1970 3966">
     <span class='ocr_line' id='line_1_55' title="bbox 376 3889 1970 3966; baseline -0.005 -16"><span class='ocrx_word' id='word_1_357' title='bbox 376 3899 477 3951; x_wconf 73' lang='grc' dir='ltr'>καὶ</span> <span class='ocrx_word' id='word_1_358' title='bbox 498 3897 557 3948; x_wconf 92' lang='grc' dir='ltr'><strong>ἐν</strong></span> <span class='ocrx_word' id='word_1_359' title='bbox 582 3912 648 3948; x_wconf 89' lang='grc' dir='ltr'><strong>σα</strong></span> <span class='ocrx_word' id='word_1_360' title='bbox 658 3894 752 3966; x_wconf 75' lang='grc' dir='ltr'><strong>ρκί¹</strong></span> <span class='ocrx_word' id='word_1_361' title='bbox 776 3895 1058 3964; x_wconf 73' lang='grc' dir='ltr'>ἐνέργειαν</span> <span class='ocrx_word' id='word_1_362' title='bbox 1074 3909 1088 3924; x_wconf 78' lang='grc' dir='ltr'><strong>ο</strong></span> <span class='ocrx_word' id='word_1_363' title='bbox 1113 3890 1315 3964; x_wconf 88' lang='grc' dir='ltr'>σχοῦσα</span> <span class='ocrx_word' id='word_1_364' title='bbox 1335 3891 1444 3964; x_wconf 87' lang='grc' dir='ltr'>γὰρ</span> <span class='ocrx_word' id='word_1_365' title='bbox 1467 3891 1608 3946; x_wconf 88' lang='grc' dir='ltr'><strong>κατά</strong></span> <span class='ocrx_word' id='word_1_366' title='bbox 1630 3891 1692 3945; x_wconf 84' lang='grc' dir='ltr'>τὸ</span> <span class='ocrx_word' id='word_1_367' title='bbox 1712 3889 1970 3962; x_wconf 86' lang='grc' dir='ltr'>τριμερές</span> 
     </span>
    </p>
   </div>
   <div class='ocr_carea' id='block_1_56' title="bbox 375 3982 1967 4060">
    <p class='ocr_par' dir='ltr' id='par_1_56' title="bbox 375 3982 1967 4060">
     <span class='ocr_line' id='line_1_56' title="bbox 375 3982 1967 4060; baseline -0.002 -19"><span class='ocrx_word' id='word_1_368' title='bbox 375 3988 478 4060; x_wconf 83' lang='grc' dir='ltr'>τῆς</span> <span class='ocrx_word' id='word_1_369' title='bbox 510 3987 694 4058; x_wconf 78' lang='grc' dir='ltr'>ψυχῆς</span> <span class='ocrx_word' id='word_1_370' title='bbox 725 3985 1032 4040; x_wconf 83' lang='grc' dir='ltr'>ἐνδιάθετον</span> <span class='ocrx_word' id='word_1_371' title='bbox 1062 3985 1122 4039; x_wconf 76' lang='grc' dir='ltr'><strong>τὸ</strong></span> <span class='ocrx_word' id='word_1_372' title='bbox 1151 3984 1379 4054; x_wconf 77' lang='grc' dir='ltr'>ἀγαθὸν,</span> <span class='ocrx_word' id='word_1_373' title='bbox 1415 3982 1720 4037; x_wconf 86' lang='grc' dir='ltr'>ἐνδιάθετον</span> <span class='ocrx_word' id='word_1_374' title='bbox 1746 3982 1810 4036; x_wconf 72' lang='grc' dir='ltr'><strong>δέ</strong></span> <span class='ocrx_word' id='word_1_375' title='bbox 1829 3984 1967 4052; x_wconf 84' lang='grc' dir='ltr'>ἀγα-</span> 
     </span>
    </p>
   </div>
   <div class='ocr_carea' id='block_1_57' title="bbox 374 4075 1968 4149">
    <p class='ocr_par' dir='ltr' id='par_1_57' title="bbox 374 4075 1968 4149">
     <span class='ocr_line' id='line_1_57' title="bbox 374 4075 1968 4149; baseline -0.004 -16"><span class='ocrx_word' id='word_1_376' title='bbox 374 4080 472 4133; x_wconf 74' lang='grc' dir='ltr'><strong>θὸν</strong></span> <span class='ocrx_word' id='word_1_377' title='bbox 502 4081 535 4149; x_wconf 87' lang='grc' dir='ltr'><strong>ή</strong></span> <span class='ocrx_word' id='word_1_378' title='bbox 571 4077 758 4142; x_wconf 86' lang='grc' dir='ltr'>πίστις</span> <span class='ocrx_word' id='word_1_379' title='bbox 786 4079 922 4144; x_wconf 74' lang='grc' dir='ltr'>ἐστὶ,</span> <span class='ocrx_word' id='word_1_380' title='bbox 959 4076 1166 4149; x_wconf 82' lang='grc' dir='ltr'>ταύτην</span> <span class='ocrx_word' id='word_1_381' title='bbox 1194 4076 1461 4145; x_wconf 84' lang='grc' dir='ltr'>κέκτηται</span> <span class='ocrx_word' id='word_1_382' title='bbox 1487 4075 1717 4147; x_wconf 87' lang='grc' dir='ltr'>δύναμιν</span> <span class='ocrx_word' id='word_1_383' title='bbox 1743 4077 1968 4148; x_wconf 84' lang='grc' dir='ltr'>ἐνεργη-</span> 
     </span>
    </p>
   </div>
   <div class='ocr_carea' id='block_1_58' title="bbox 373 4167 1969 4240">
    <p class='ocr_par' dir='ltr' id='par_1_58' title="bbox 373 4167 1969 4240">
     <span class='ocr_line' id='line_1_58' title="bbox 373 4167 1969 4240; baseline -0.003 -16"><span class='ocrx_word' id='word_1_384' title='bbox 373 4169 540 4238; x_wconf 82' lang='grc' dir='ltr'>τικὴν</span> <span class='ocrx_word' id='word_1_385' title='bbox 573 4171 631 4224; x_wconf 89' lang='grc' dir='ltr'><strong>ἐν</strong></span> <span class='ocrx_word' id='word_1_386' title='bbox 657 4169 904 4238; x_wconf 82' lang='grc' dir='ltr'>σώματι,</span> <span class='ocrx_word' id='word_1_387' title='bbox 940 4170 1033 4223; x_wconf 91' lang='grc' dir='ltr'><strong>τοῦ</strong></span> <span class='ocrx_word' id='word_1_388' title='bbox 1069 4171 1276 4240; x_wconf 87' lang='grc' dir='ltr'>κόσμου</span> <span class='ocrx_word' id='word_1_389' title='bbox 1307 4167 1417 4222; x_wconf 87' lang='grc' dir='ltr'><strong>τῶν</strong></span> <span class='ocrx_word' id='word_1_390' title='bbox 1448 4168 1682 4240; x_wconf 82' lang='grc' dir='ltr'>ἀρετῶν,</span> <span class='ocrx_word' id='word_1_391' title='bbox 1713 4169 1969 4238; x_wconf 80' lang='grc' dir='ltr'>ἐνεργου-</span> 
     </span>
    </p>
   </div>
   <div class='ocr_carea' id='block_1_59' title="bbox 373 4259 1964 4338">
    <p class='ocr_par' dir='ltr' id='par_1_59' title="bbox 373 4259 1964 4338">
     <span class='ocr_line' id='line_1_59' title="bbox 373 4259 1964 4338; baseline -0.003 -21"><span class='ocrx_word' id='word_1_392' title='bbox 373 4263 553 4334; x_wconf 84' lang='grc' dir='ltr'>’μένην</span> <span class='ocrx_word' id='word_1_393' title='bbox 594 4261 801 4333; x_wconf 88' lang='grc' dir='ltr'>ταύτην</span> <span class='ocrx_word' id='word_1_394' title='bbox 827 4263 942 4323; x_wconf 80' lang='grc' dir='ltr'>τοῖς</span> <span class='ocrx_word' id='word_1_395' title='bbox 974 4261 1181 4338; x_wconf 87' lang='grc' dir='ltr'>τούτων</span> <span class='ocrx_word' id='word_1_396' title='bbox 1224 4262 1450 4334; x_wconf 85' lang='grc' dir='ltr'>τρόποις</span> <span class='ocrx_word' id='word_1_397' title='bbox 1497 4259 1925 4315; x_wconf 87' lang='grc' dir='ltr'>ἀποδεικνύουσα</span> <span class='ocrx_word' id='word_1_398' title='bbox 1949 4276 1964 4289; x_wconf 74' lang='grc'><strong><em>⁸</em></strong></span> 
     </span>
    </p>
   </div>
   <div class='ocr_carea' id='block_1_60' title="bbox 359 4345 1965 4423">
    <p class='ocr_par' dir='ltr' id='par_1_60' title="bbox 359 4345 1965 4423">
     <span class='ocr_line' id='line_1_60' title="bbox 359 4345 1965 4423; baseline -0.002 -15"><span class='ocrx_word' id='word_1_399' title='bbox 359 4349 681 4408; x_wconf 75' lang='grc' dir='ltr'>’κάντεῦθεν</span> <span class='ocrx_word' id='word_1_400' title='bbox 729 4355 788 4407; x_wconf 92' lang='grc' dir='ltr'><strong>ἐν</strong></span> <span class='ocrx_word' id='word_1_401' title='bbox 833 4345 1067 4405; x_wconf 79' lang='grc' dir='ltr'>οἷστισιν</span> <span class='ocrx_word' id='word_1_402' title='bbox 1103 4351 1291 4416; x_wconf 71' lang='grc' dir='ltr'>οὕτως</span> <span class='ocrx_word' id='word_1_403' title='bbox 1345 4351 1515 4423; x_wconf 79' lang='grc' dir='ltr'>αὐτὴν</span> <span class='ocrx_word' id='word_1_404' title='bbox 1561 4352 1965 4420; x_wconf 81' lang='grc' dir='ltr'>ἀποδεικνύει,</span> 
     </span>
    </p>
   </div>
   <div class='ocr_carea' id='block_1_61' title="bbox 375 4424 1969 4515">
    <p class='ocr_par' dir='ltr' id='par_1_61' title="bbox 375 4424 1969 4515">
     <span class='ocr_line' id='line_1_61' title="bbox 375 4424 1969 4515; baseline -0.001 -17"><span class='ocrx_word' id='word_1_405' title='bbox 375 4424 754 4515; x_wconf 63' lang='grc' dir='ltr'>ἠγαλλιάσατο</span> <span class='ocrx_word' id='word_1_406' title='bbox 804 4443 932 4515; x_wconf 84' lang='grc' dir='ltr'><strong>περί</strong></span> <span class='ocrx_word' id='word_1_407' title='bbox 980 4443 1043 4496; x_wconf 84' lang='grc' dir='ltr'><strong>τὺ</strong></span> <span class='ocrx_word' id='word_1_408' title='bbox 1093 4442 1245 4506; x_wconf 83' lang='grc' dir='ltr'>τέλος</span> <span class='ocrx_word' id='word_1_409' title='bbox 1297 4443 1398 4514; x_wconf 81' lang='grc' dir='ltr'>τῆς</span> <span class='ocrx_word' id='word_1_410' title='bbox 1447 4443 1734 4515; x_wconf 88' lang='grc' dir='ltr'>παρούσης</span> <span class='ocrx_word' id='word_1_411' title='bbox 1788 4443 1969 4497; x_wconf 79' lang='grc' dir='ltr'>αὐτῶν</span> 
     </span>
    </p>
   </div>
   <div class='ocr_carea' id='block_1_62' title="bbox 380 4533 1823 4607">
    <p class='ocr_par' dir='ltr' id='par_1_62' title="bbox 380 4533 1823 4607">
     <span class='ocr_line' id='line_1_62' title="bbox 380 4533 1823 4607; baseline -0.002 -17"><span class='ocrx_word' id='word_1_412' title='bbox 380 4539 551 4607; x_wconf 76' lang='grc' dir='ltr'>ζωῆς,</span> <span class='ocrx_word' id='word_1_413' title='bbox 590 4536 666 4599; x_wconf 80' lang='grc' dir='ltr'><strong>ὡς</strong></span> <span class='ocrx_word' id='word_1_414' title='bbox 704 4535 798 4589; x_wconf 83' lang='grc' dir='ltr'>τὸν</span> <span class='ocrx_word' id='word_1_415' title='bbox 838 4534 984 4589; x_wconf 86' lang='grc' dir='ltr'>κατὰ</span> <span class='ocrx_word' id='word_1_416' title='bbox 1022 4533 1156 4590; x_wconf 79' lang='grc' dir='ltr'>Θεὸν</span> <span class='ocrx_word' id='word_1_417' title='bbox 1191 4534 1394 4606; x_wconf 87' lang='grc' dir='ltr'>δρόμον</span> <span class='ocrx_word' id='word_1_418' title='bbox 1433 4535 1823 4588; x_wconf 81' lang='grc' dir='ltr'>τετελεκότων.</span> 
     </span>
    </p>
   </div>
   <div class='ocr_carea' id='block_1_63' title="bbox 452 4626 1970 4700">
    <p class='ocr_par' dir='ltr' id='par_1_63' title="bbox 452 4626 1970 4700">
     <span class='ocr_line' id='line_1_63' title="bbox 452 4626 1970 4700; baseline -0.001 -16"><span class='ocrx_word' id='word_1_419' title='bbox 452 4630 701 4700; x_wconf 54' lang='grc' dir='ltr'>Στενναί</span> <span class='ocrx_word' id='word_1_420' title='bbox 741 4629 1032 4699; x_wconf 78' lang='grc' dir='ltr'>διατριϐαὶ</span> <span class='ocrx_word' id='word_1_421' title='bbox 1072 4626 1255 4683; x_wconf 71' lang='grc' dir='ltr'>οἴκων</span> <span class='ocrx_word' id='word_1_422' title='bbox 1283 4626 1494 4698; x_wconf 82' lang='grc' dir='ltr'>αὐτῆς.</span> <span class='ocrx_word' id='word_1_423' title='bbox 1531 4628 1970 4700; x_wconf 81' lang='grc' dir='ltr'>Ἐπιμελουμένη</span> 
     </span>
    </p>
   </div>
   <div class='ocr_carea' id='block_1_64' title="bbox 373 4718 1972 4794">
    <p class='ocr_par' dir='ltr' id='par_1_64' title="bbox 373 4718 1972 4794">
     <span class='ocr_line' id='line_1_64' title="bbox 373 4718 1972 4794; baseline -0.004 -16"><span class='ocrx_word' id='word_1_424' title='bbox 373 4723 475 4778; x_wconf 87' lang='grc' dir='ltr'><strong>τοῦ</strong></span> <span class='ocrx_word' id='word_1_425' title='bbox 523 4722 667 4778; x_wconf 87' lang='grc' dir='ltr'><strong>κατά</strong></span> <span class='ocrx_word' id='word_1_426' title='bbox 713 4721 894 4794; x_wconf 81' lang='grc' dir='ltr'>ψυχὴν</span> <span class='ocrx_word' id='word_1_427' title='bbox 935 4720 1125 4794; x_wconf 89' lang='grc' dir='ltr'>νοεροῦ</span> <span class='ocrx_word' id='word_1_428' title='bbox 1157 4719 1477 4793; x_wconf 83' lang='grc' dir='ltr'>οἰκητηρίου</span> <span class='ocrx_word' id='word_1_429' title='bbox 1505 4719 1709 4791; x_wconf 79' lang='grc' dir='ltr'>αὐτῆς,</span> <span class='ocrx_word' id='word_1_430' title='bbox 1737 4720 1833 4774; x_wconf 73' lang='grc' dir='ltr'>καὶ</span> <span class='ocrx_word' id='word_1_431' title='bbox 1876 4718 1972 4772; x_wconf 90' lang='grc' dir='ltr'><strong>τοῦ</strong></span> 
     </span>
    </p>
   </div>
   <div class='ocr_carea' id='block_1_65' title="bbox 374 4811 1974 4886">
    <p class='ocr_par' dir='ltr' id='par_1_65' title="bbox 374 4811 1974 4886">
     <span class='ocr_line' id='line_1_65' title="bbox 374 4811 1974 4886; baseline -0.005 -14"><span class='ocrx_word' id='word_1_432' title='bbox 374 4813 736 4885; x_wconf 75' lang='grc' dir='ltr'>κατὰσῶμα</span> <span class='ocrx_word' id='word_1_433' title='bbox 781 4813 1124 4886; x_wconf 80' lang='grc' dir='ltr'>αἰσθητικοῦ,</span> <span class='ocrx_word' id='word_1_434' title='bbox 1170 4812 1536 4884; x_wconf 85' lang='grc' dir='ltr'>ἀποκαθαίρει</span> <span class='ocrx_word' id='word_1_435' title='bbox 1594 4811 1822 4877; x_wconf 88' lang='grc' dir='ltr'>τούτων,</span> <span class='ocrx_word' id='word_1_436' title='bbox 1853 4813 1974 4876; x_wconf 79' lang='grc' dir='ltr'>ταῖς</span> 
     </span>
    </p>
   </div>
   <div class='ocr_carea' id='block_1_66' title="bbox 377 4905 1973 4976">
    <p class='ocr_par' dir='ltr' id='par_1_66' title="bbox 377 4905 1973 4976">
     <span class='ocr_line' id='line_1_66' title="bbox 377 4905 1973 4976; baseline -0.003 -15"><span class='ocrx_word' id='word_1_437' title='bbox 377 4908 528 4961; x_wconf 81' lang='grc' dir='ltr'><strong>κατά</strong></span> <span class='ocrx_word' id='word_1_438' title='bbox 561 4907 799 4976; x_wconf 88' lang='grc' dir='ltr'>θεωρίαν</span> <span class='ocrx_word' id='word_1_439' title='bbox 835 4906 943 4959; x_wconf 70' lang='grc' dir='ltr'>καὶ</span> <span class='ocrx_word' id='word_1_440' title='bbox 993 4905 1195 4976; x_wconf 83' lang='grc' dir='ltr'>πρᾶξιν</span> <span class='ocrx_word' id='word_1_441' title='bbox 1226 4907 1285 4959; x_wconf 88' lang='grc' dir='ltr'><strong>ἐν</strong></span> <span class='ocrx_word' id='word_1_442' title='bbox 1319 4905 1530 4970; x_wconf 89' lang='grc' dir='ltr'>τούτοις</span> <span class='ocrx_word' id='word_1_443' title='bbox 1561 4907 1840 4976; x_wconf 81' lang='grc' dir='ltr'>κινήσεσιν</span> <span class='ocrx_word' id='word_1_444' title='bbox 1872 4905 1973 4958; x_wconf 87' lang='grc' dir='ltr'><strong>αὐ-</strong></span> 
     </span>
    </p>
   </div>
   <div class='ocr_carea' id='block_1_67' title="bbox 379 4994 1974 5069">
    <p class='ocr_par' dir='ltr' id='par_1_67' title="bbox 379 4994 1974 5069">
     <span class='ocr_line' id='line_1_67' title="bbox 379 4994 1974 5069; baseline -0.001 -17"><span class='ocrx_word' id='word_1_445' title='bbox 379 5000 484 5068; x_wconf 76' lang='grc' dir='ltr'>τῆς</span> <span class='ocrx_word' id='word_1_446' title='bbox 508 5039 523 5063; x_wconf 91' lang='grc'><strong>,</strong></span> <span class='ocrx_word' id='word_1_447' title='bbox 555 4998 738 5052; x_wconf 87' lang='grc' dir='ltr'>πάντα</span> <span class='ocrx_word' id='word_1_448' title='bbox 762 4997 963 5068; x_wconf 87' lang='grc' dir='ltr'>χαῦνον</span> <span class='ocrx_word' id='word_1_449' title='bbox 992 4999 1085 5051; x_wconf 63' lang='grc' dir='ltr'><strong>καί⁵</strong></span> <span class='ocrx_word' id='word_1_450' title='bbox 1113 4997 1374 5069; x_wconf 82' lang='grc' dir='ltr'>ἄνανδρον</span> <span class='ocrx_word' id='word_1_451' title='bbox 1402 4995 1666 5068; x_wconf 82' lang='grc' dir='ltr'>λογισμὸν</span> <span class='ocrx_word' id='word_1_452' title='bbox 1686 4995 1828 5065; x_wconf 63' lang='grc' dir='ltr'>,καὶ</span> <span class='ocrx_word' id='word_1_453' title='bbox 1860 4994 1974 5066; x_wconf 86' lang='grc' dir='ltr'>βίον</span> 
     </span>
    </p>
   </div>
   <div class='ocr_carea' id='block_1_68' title="bbox 379 5089 1286 5161">
    <p class='ocr_par' dir='ltr' id='par_1_68' title="bbox 379 5089 1286 5161">
     <span class='ocr_line' id='line_1_68' title="bbox 379 5089 1286 5161; baseline -0.006 -14"><span class='ocrx_word' id='word_1_454' title='bbox 379 5090 774 5161; x_wconf 84' lang='grc' dir='ltr'>διακεχυμένον</span> <span class='ocrx_word' id='word_1_455' title='bbox 814 5090 912 5144; x_wconf 73' lang='grc' dir='ltr'>καὶ</span> <span class='ocrx_word' id='word_1_456' title='bbox 952 5089 1286 5161; x_wconf 80' lang='grc' dir='ltr'>βορϐορώδη.</span> 
     </span>
    </p>
   </div>
   <div class='ocr_carea' id='block_1_69' title="bbox 457 5180 1976 5253">
    <p class='ocr_par' dir='ltr' id='par_1_69' title="bbox 457 5180 1976 5253">
     <span class='ocr_line' id='line_1_69' title="bbox 457 5180 1976 5253; baseline -0.003 -15"><span class='ocrx_word' id='word_1_457' title='bbox 457 5184 601 5238; x_wconf 88' lang='grc' dir='ltr'>Σῖτα</span> <span class='ocrx_word' id='word_1_458' title='bbox 628 5182 698 5236; x_wconf 81' lang='grc' dir='ltr'>δὲ</span> <span class='ocrx_word' id='word_1_459' title='bbox 753 5183 981 5251; x_wconf 83' lang='grc' dir='ltr'>ὀκνηρὰ</span> <span class='ocrx_word' id='word_1_460' title='bbox 1027 5185 1140 5237; x_wconf 79' lang='grc' dir='ltr'>οὐκ</span> <span class='ocrx_word' id='word_1_461' title='bbox 1181 5183 1386 5253; x_wconf 75' lang='grc' dir='ltr'>ἔφαγε.</span> <span class='ocrx_word' id='word_1_462' title='bbox 1427 5181 1737 5252; x_wconf 77' lang='grc' dir='ltr'>Δογισμοὺς</span> <span class='ocrx_word' id='word_1_463' title='bbox 1766 5181 1822 5234; x_wconf 89' lang='grc' dir='ltr'><strong>δέ</strong></span> <span class='ocrx_word' id='word_1_464' title='bbox 1848 5180 1976 5252; x_wconf 89' lang='grc' dir='ltr'>τρέ-</span> 
     </span>
    </p>
   </div>
   <div class='ocr_carea' id='block_1_70' title="bbox 372 5272 1975 5348">
    <p class='ocr_par' dir='ltr' id='par_1_70' title="bbox 372 5272 1975 5348">
     <span class='ocr_line' id='line_1_70' title="bbox 372 5272 1975 5348; baseline -0.001 -22"><span class='ocrx_word' id='word_1_465' title='bbox 372 5291 576 5342; x_wconf 77' lang='grc' dir='ltr'>φοντας</span> <span class='ocrx_word' id='word_1_466' title='bbox 589 5275 710 5330; x_wconf 82' lang='grc' dir='ltr'>κατ’</span> <span class='ocrx_word' id='word_1_467' title='bbox 735 5275 938 5348; x_wconf 82' lang='grc' dir='ltr'>ἀρετήν</span> <span class='ocrx_word' id='word_1_468' title='bbox 965 5272 1063 5346; x_wconf 83' lang='grc' dir='ltr'>τὴν</span> <span class='ocrx_word' id='word_1_469' title='bbox 1091 5274 1270 5346; x_wconf 79' lang='grc' dir='ltr'>ψυχὴν</span> <span class='ocrx_word' id='word_1_470' title='bbox 1299 5273 1692 5341; x_wconf 76' lang='grc' dir='ltr'>ἀνεξετάστως..</span> <span class='ocrx_word' id='word_1_471' title='bbox 1723 5272 1975 5343; x_wconf 81' lang='grc' dir='ltr'>οὐδαμῶς</span> 
     </span>
    </p>
   </div>
   <div class='ocr_carea' id='block_1_71' title="bbox 383 5365 1976 5440">
    <p class='ocr_par' dir='ltr' id='par_1_71' title="bbox 383 5365 1976 5440">
     <span class='ocr_line' id='line_1_71' title="bbox 383 5365 1976 5440; baseline -0.003 -18"><span class='ocrx_word' id='word_1_472' title='bbox 383 5368 756 5440; x_wconf 79' lang='grc' dir='ltr'>παρεδέξατο⁶</span> <span class='ocrx_word' id='word_1_473' title='bbox 815 5366 1195 5438; x_wconf 84' lang='grc' dir='ltr'>φυλαττομένη</span> <span class='ocrx_word' id='word_1_474' title='bbox 1239 5368 1305 5420; x_wconf 86' lang='grc' dir='ltr'><strong>ἐκ</strong></span> <span class='ocrx_word' id='word_1_475' title='bbox 1353 5365 1461 5419; x_wconf 86' lang='grc' dir='ltr'><strong>τῶν</strong></span> <span class='ocrx_word' id='word_1_476' title='bbox 1509 5365 1616 5420; x_wconf 81' lang='grc' dir='ltr'>ἀπὸ</span> <span class='ocrx_word' id='word_1_477' title='bbox 1671 5365 1854 5430; x_wconf 80' lang='grc' dir='ltr'>δεξιᾶς</span> <span class='ocrx_word' id='word_1_478' title='bbox 1896 5365 1976 5419; x_wconf 86' lang='grc' dir='ltr'><strong>δι’</strong></span> 
     </span>
    </p>
   </div>
   <div class='ocr_carea' id='block_1_72' title="bbox 380 5455 1886 5530">
    <p class='ocr_par' dir='ltr' id='par_1_72' title="bbox 380 5455 1886 5530">
     <span class='ocr_line' id='line_1_72' title="bbox 380 5455 1886 5530; baseline -0.005 -14"><span class='ocrx_word' id='word_1_479' title='bbox 380 5460 718 5530; x_wconf 80' lang='grc' dir='ltr'>ἀπροσεξίαν</span> <span class='ocrx_word' id='word_1_480' title='bbox 756 5459 821 5513; x_wconf 87' lang='grc' dir='ltr'><strong>ἐκ</strong></span> <span class='ocrx_word' id='word_1_481' title='bbox 860 5457 1133 5530; x_wconf 67' lang='grc' dir='ltr'>ῥᾳθυμίας</span> <span class='ocrx_word' id='word_1_482' title='bbox 1173 5459 1272 5526; x_wconf 87' lang='grc' dir='ltr'>τὴν</span> <span class='ocrx_word' id='word_1_483' title='bbox 1308 5457 1489 5528; x_wconf 81' lang='grc' dir='ltr'>ψυχὴν</span> <span class='ocrx_word' id='word_1_484' title='bbox 1529 5455 1886 5510; x_wconf 81' lang='grc' dir='ltr'>ἀπατώντων.</span> 
     </span>
    </p>
   </div>
   <div class='ocr_carea' id='block_1_73' title="bbox 457 5545 1970 5621">
    <p class='ocr_par' dir='ltr' id='par_1_73' title="bbox 457 5545 1970 5621">
     <span class='ocr_line' id='line_1_73' title="bbox 457 5545 1970 5621; baseline -0.003 -17"><span class='ocrx_word' id='word_1_485' title='bbox 457 5559 571 5616; x_wconf 85' lang='grc' dir='ltr'>κς’.</span> <span class='ocrx_word' id='word_1_486' title='bbox 612 5553 809 5621; x_wconf 82' lang='grc' dir='ltr'>Στόμα</span> <span class='ocrx_word' id='word_1_487' title='bbox 835 5550 902 5604; x_wconf 80' lang='grc' dir='ltr'>δὲ</span> <span class='ocrx_word' id='word_1_488' title='bbox 931 5549 1159 5618; x_wconf 76' lang='grc' dir='ltr'>ἀνοίγει</span> <span class='ocrx_word' id='word_1_489' title='bbox 1190 5548 1394 5618; x_wconf 68' lang='grc' dir='ltr'>σοφῶς</span> <span class='ocrx_word' id='word_1_490' title='bbox 1424 5548 1521 5601; x_wconf 76' lang='grc' dir='ltr'>καὶ</span> <span class='ocrx_word' id='word_1_491' title='bbox 1561 5545 1970 5617; x_wconf 77' lang='grc' dir='ltr'>νομοθέσμως.</span> 
     </span>
    </p>
   </div>
   <div class='ocr_carea' id='block_1_74' title="bbox 385 5640 1973 5716">
    <p class='ocr_par' dir='ltr' id='par_1_74' title="bbox 385 5640 1973 5716">
     <span class='ocr_line' id='line_1_74' title="bbox 385 5640 1973 5716; baseline -0.004 -16"><span class='ocrx_word' id='word_1_492' title='bbox 385 5645 639 5700; x_wconf 85' lang='grc' dir='ltr'>Διδάσκει</span> <span class='ocrx_word' id='word_1_493' title='bbox 686 5644 742 5699; x_wconf 89' lang='grc' dir='ltr'><strong>δέ</strong></span> <span class='ocrx_word' id='word_1_494' title='bbox 783 5646 852 5700; x_wconf 87' lang='grc' dir='ltr'>τὰ</span> <span class='ocrx_word' id='word_1_495' title='bbox 881 5642 1056 5716; x_wconf 78' lang='grc' dir='ltr'>άληθῆ</span> <span class='ocrx_word' id='word_1_496' title='bbox 1088 5643 1332 5714; x_wconf 84' lang='grc' dir='ltr'>δόγματα</span> <span class='ocrx_word' id='word_1_497' title='bbox 1353 5681 1366 5708; x_wconf 88' lang='grc'><strong>,</strong></span> <span class='ocrx_word' id='word_1_498' title='bbox 1401 5643 1497 5696; x_wconf 74' lang='grc' dir='ltr'>καὶ</span> <span class='ocrx_word' id='word_1_499' title='bbox 1526 5641 1594 5694; x_wconf 87' lang='grc' dir='ltr'>τὰ</span> <span class='ocrx_word' id='word_1_500' title='bbox 1629 5640 1746 5694; x_wconf 85' lang='grc' dir='ltr'>θεῖα</span> <span class='ocrx_word' id='word_1_501' title='bbox 1781 5640 1973 5694; x_wconf 85' lang='grc' dir='ltr'>ἐντάλ-</span> 
     </span>
    </p>
   </div>
   <div class='ocr_carea' id='block_1_75' title="bbox 388 5753 559 5805">
    <p class='ocr_par' dir='ltr' id='par_1_75' title="bbox 388 5753 559 5805">
     <span class='ocr_line' id='line_1_75' title="bbox 388 5753 559 5805; baseline -0.012 -15"><span class='ocrx_word' id='word_1_502' title='bbox 388 5753 559 5805; x_wconf 84' lang='grc' dir='ltr'>ματα.</span> 
     </span>
    </p>
   </div>
   <div class='ocr_carea' id='block_1_76' title="bbox 1999 4556 2048 4612">
    <p class='ocr_par' dir='ltr' id='par_1_76' title="bbox 1999 4556 2048 4612">
     <span class='ocr_line' id='line_1_76' title="bbox 1999 4556 2048 4612; baseline 0 0"><span class='ocrx_word' id='word_1_503' title='bbox 1999 4556 2048 4612; x_wconf 80' lang='grc' dir='ltr'>ι)</span> 
     </span>
    </p>
   </div>
   <div class='ocr_carea' id='block_1_77' title="bbox 2068 1944 3664 2024">
    <p class='ocr_par' dir='ltr' id='par_1_77' title="bbox 2068 1944 3664 2024">
     <span class='ocr_line' id='line_1_77' title="bbox 2068 1944 3664 2024; baseline 0.006 -26"><span class='ocrx_word' id='word_1_504' title='bbox 2068 1944 2269 2000; x_wconf 89' lang='lat' dir='ltr'><strong>all&#39;ectu</strong></span> <span class='ocrx_word' id='word_1_505' title='bbox 2299 1959 2432 2000; x_wconf 87' lang='lat' dir='ltr'><strong>vero</strong></span> <span class='ocrx_word' id='word_1_506' title='bbox 2459 1945 2641 2000; x_wconf 89' lang='lat' dir='ltr'><strong>adhuc</strong></span> <span class='ocrx_word' id='word_1_507' title='bbox 2672 1947 3008 2004; x_wconf 87' lang='lat' dir='ltr'><strong>rubentibus</strong></span> <span class='ocrx_word' id='word_1_508' title='bbox 3051 1953 3319 2016; x_wconf 90' lang='lat' dir='ltr'><strong>vendidit,</strong></span> <span class='ocrx_word' id='word_1_509' title='bbox 3351 1955 3446 2024; x_wconf 86' lang='lat' dir='ltr'><strong>qui</strong></span> <span class='ocrx_word' id='word_1_510' title='bbox 3479 1955 3528 2009; x_wconf 90' lang='lat' dir='ltr'><strong>ei</strong></span> <span class='ocrx_word' id='word_1_511' title='bbox 3562 1958 3664 2010; x_wconf 65' lang='lat' dir='ltr'><strong>oln-</strong></span> 
     </span>
    </p>
   </div>
   <div class='ocr_carea' id='block_1_78' title="bbox 2065 2027 3666 2115">
    <p class='ocr_par' dir='ltr' id='par_1_78' title="bbox 2065 2027 3666 2115">
     <span class='ocr_line' id='line_1_78' title="bbox 2065 2027 3666 2115; baseline 0.007 -25"><span class='ocrx_word' id='word_1_512' title='bbox 2065 2035 2268 2108; x_wconf 85' lang='lat' dir='ltr'><strong>jiciunt</strong></span> <span class='ocrx_word' id='word_1_513' title='bbox 2333 2035 2479 2092; x_wconf 84' lang='lat' dir='ltr'><strong>hanc</strong></span> <span class='ocrx_word' id='word_1_514' title='bbox 2549 2037 2878 2093; x_wconf 86' lang='lat' dir='ltr'><strong>electionem</strong></span> <span class='ocrx_word' id='word_1_515' title='bbox 2923 2027 3044 2110; x_wconf 40' lang='lat' dir='ltr'><strong>qua.</strong></span> <span class='ocrx_word' id='word_1_516' title='bbox 3107 2043 3412 2098; x_wconf 79' lang='lat' dir='ltr'><strong>exercitum</strong></span> <span class='ocrx_word' id='word_1_517' title='bbox 3454 2049 3666 2115; x_wconf 90' lang='lat' dir='ltr'><strong>passio-</strong></span> 
     </span>
    </p>
   </div>
   <div class='ocr_carea' id='block_1_79' title="bbox 2069 2129 3664 2204">
    <p class='ocr_par' dir='ltr' id='par_1_79' title="bbox 2069 2129 3664 2204">
     <span class='ocr_line' id='line_1_79' title="bbox 2069 2129 3664 2204; baseline 0.005 -20"><span class='ocrx_word' id='word_1_518' title='bbox 2069 2145 2204 2186; x_wconf 88' lang='lat' dir='ltr'><strong>num</strong></span> <span class='ocrx_word' id='word_1_519' title='bbox 2236 2136 2664 2200; x_wconf 85' lang='lat' dir='ltr'><strong>superaverunt.</strong></span> <span class='ocrx_word' id='word_1_520' title='bbox 2697 2129 3105 2187; x_wconf 89' lang='lat' dir='ltr'><strong>Continentiam</strong></span> <span class='ocrx_word' id='word_1_521' title='bbox 3143 2145 3198 2189; x_wconf 89' lang='lat' dir='ltr'><strong>et</strong></span> <span class='ocrx_word' id='word_1_522' title='bbox 3239 2135 3560 2204; x_wconf 88' lang='lat' dir='ltr'><strong>patientiam</strong></span> <span class='ocrx_word' id='word_1_523' title='bbox 3596 2139 3664 2192; x_wconf 82' lang='lat' dir='ltr'><strong>ad</strong></span> 
     </span>
    </p>
   </div>
   <div class='ocr_carea' id='block_1_80' title="bbox 2071 2221 3665 2296">
    <p class='ocr_par' dir='ltr' id='par_1_80' title="bbox 2071 2221 3665 2296">
     <span class='ocr_line' id='line_1_80' title="bbox 2071 2221 3665 2296; baseline 0.004 -20"><span class='ocrx_word' id='word_1_524' title='bbox 2071 2222 2240 2277; x_wconf 85' lang='lat' dir='ltr'><strong>vitam</strong></span> <span class='ocrx_word' id='word_1_525' title='bbox 2270 2222 2325 2276; x_wconf 86' lang='lat' dir='ltr'><strong>in</strong></span> <span class='ocrx_word' id='word_1_526' title='bbox 2358 2221 2472 2278; x_wconf 88' lang='lat' dir='ltr'><strong>Deo</strong></span> <span class='ocrx_word' id='word_1_527' title='bbox 2501 2237 2753 2293; x_wconf 82' lang='lat' dir='ltr'><strong>asperam</strong></span> <span class='ocrx_word' id='word_1_528' title='bbox 2787 2225 3155 2288; x_wconf 88' lang='lat' dir='ltr'><strong>necessarias,</strong></span> <span class='ocrx_word' id='word_1_529' title='bbox 3183 2226 3384 2296; x_wconf 85' lang='lat' dir='ltr'><strong>quibus</strong></span> <span class='ocrx_word' id='word_1_530' title='bbox 3415 2229 3665 2284; x_wconf 88' lang='lat' dir='ltr'><strong>munitur</strong></span> 
     </span>
    </p>
   </div>
   <div class='ocr_carea' id='block_1_81' title="bbox 2071 2315 3662 2390">
    <p class='ocr_par' dir='ltr' id='par_1_81' title="bbox 2071 2315 3662 2390">
     <span class='ocr_line' id='line_1_81' title="bbox 2071 2315 3662 2390; baseline 0.004 -21"><span class='ocrx_word' id='word_1_531' title='bbox 2071 2329 2203 2387; x_wconf 88' lang='lat' dir='ltr'><strong>pars</strong></span> <span class='ocrx_word' id='word_1_532' title='bbox 2249 2315 2448 2370; x_wconf 73' lang='lat' dir='ltr'><strong>animae</strong></span> <span class='ocrx_word' id='word_1_533' title='bbox 2485 2316 2841 2386; x_wconf 90' lang='lat' dir='ltr'><strong>passionibus</strong></span> <span class='ocrx_word' id='word_1_534' title='bbox 2884 2319 3091 2385; x_wconf 88' lang='lat' dir='ltr'><strong>dedita,</strong></span> <span class='ocrx_word' id='word_1_535' title='bbox 3122 2320 3378 2390; x_wconf 88' lang='lat' dir='ltr'><strong>producit</strong></span> <span class='ocrx_word' id='word_1_536' title='bbox 3403 2324 3566 2377; x_wconf 86' lang='lat' dir='ltr'><strong>etiam</strong></span> <span class='ocrx_word' id='word_1_537' title='bbox 3594 2323 3662 2376; x_wconf 88' lang='lat' dir='ltr'><strong>ad</strong></span> 
     </span>
    </p>
   </div>
   <div class='ocr_carea' id='block_1_82' title="bbox 2072 2407 3667 2482">
    <p class='ocr_par' dir='ltr' id='par_1_82' title="bbox 2072 2407 3667 2482">
     <span class='ocr_line' id='line_1_82' title="bbox 2072 2407 3667 2482; baseline 0.001 -20"><span class='ocrx_word' id='word_1_538' title='bbox 2072 2408 2414 2463; x_wconf 81' lang='lat' dir='ltr'><strong>voluntatem</strong></span> <span class='ocrx_word' id='word_1_539' title='bbox 2451 2407 2754 2482; x_wconf 77' lang='lat' dir='ltr'><strong>sapientem</strong></span> <span class='ocrx_word' id='word_1_540' title='bbox 2796 2410 3080 2465; x_wconf 89' lang='lat' dir='ltr'><strong>hominum</strong></span> <span class='ocrx_word' id='word_1_541' title='bbox 3125 2413 3243 2469; x_wconf 90' lang='lat' dir='ltr'><strong>suis</strong></span> <span class='ocrx_word' id='word_1_542' title='bbox 3281 2413 3525 2482; x_wconf 86' lang='lat' dir='ltr'><strong>peccatis</strong></span> <span class='ocrx_word' id='word_1_543' title='bbox 3563 2413 3667 2467; x_wconf 88' lang='lat' dir='ltr'><strong>hn-</strong></span> 
     </span>
    </p>
   </div>
   <div class='ocr_carea' id='block_1_83' title="bbox 2073 2481 3664 2576">
    <p class='ocr_par' dir='ltr' id='par_1_83' title="bbox 2073 2481 3664 2576">
     <span class='ocr_line' id='line_1_83' title="bbox 2073 2481 3664 2576; baseline 0.003 -20"><span class='ocrx_word' id='word_1_544' title='bbox 2073 2502 2413 2557; x_wconf 87' lang='lat' dir='ltr'><strong>miliatorum</strong></span> <span class='ocrx_word' id='word_1_545' title='bbox 2443 2481 2702 2574; x_wconf 72' lang='lat' dir='ltr'><strong>(humiles</strong></span> <span class='ocrx_word' id='word_1_546' title='bbox 2728 2503 2876 2558; x_wconf 91' lang='lat' dir='ltr'><strong>enim</strong></span> <span class='ocrx_word' id='word_1_547' title='bbox 2908 2502 3160 2558; x_wconf 83' lang='lat' dir='ltr'><strong>feruntur</strong></span> <span class='ocrx_word' id='word_1_548' title='bbox 3185 2504 3512 2576; x_wconf 67' lang='lat' dir='ltr'><strong>Chananazi)</strong></span> <span class='ocrx_word' id='word_1_549' title='bbox 3552 2509 3664 2561; x_wconf 87' lang='lat' dir='ltr'><strong>eis-</strong></span> 
     </span>
    </p>
   </div>
   <div class='ocr_carea' id='block_1_84' title="bbox 2065 2579 3664 2666">
    <p class='ocr_par' dir='ltr' id='par_1_84' title="bbox 2065 2579 3664 2666">
     <span class='ocr_line' id='line_1_84' title="bbox 2065 2579 3664 2666; baseline 0.003 -18"><span class='ocrx_word' id='word_1_550' title='bbox 2065 2609 2183 2663; x_wconf 86' lang='lat' dir='ltr'><strong>que</strong></span> <span class='ocrx_word' id='word_1_551' title='bbox 2235 2593 2362 2650; x_wconf 90' lang='lat' dir='ltr'><strong>illas</strong></span> <span class='ocrx_word' id='word_1_552' title='bbox 2403 2593 2630 2648; x_wconf 86' lang='lat' dir='ltr'><strong>donavit</strong></span> <span class='ocrx_word' id='word_1_553' title='bbox 2678 2593 2965 2651; x_wconf 82' lang='lat' dir='ltr'><strong>confectas</strong></span> <span class='ocrx_word' id='word_1_554' title='bbox 2992 2611 3075 2651; x_wconf 82' lang='lat' dir='ltr'><strong>ex</strong></span> <span class='ocrx_word' id='word_1_555' title='bbox 3131 2579 3437 2666; x_wconf 89' lang='lat' dir='ltr'><strong>cupiditate</strong></span> <span class='ocrx_word' id='word_1_556' title='bbox 3474 2604 3530 2652; x_wconf 90' lang='lat' dir='ltr'><strong>et</strong></span> <span class='ocrx_word' id='word_1_557' title='bbox 3580 2596 3664 2652; x_wconf 85' lang='lat' dir='ltr'><strong>ira</strong></span> 
     </span>
    </p>
   </div>
   <div class='ocr_carea' id='block_1_85' title="bbox 2076 2686 2601 2758">
    <p class='ocr_par' dir='ltr' id='par_1_85' title="bbox 2076 2686 2601 2758">
     <span class='ocr_line' id='line_1_85' title="bbox 2076 2686 2601 2758; baseline -0.004 -15"><span class='ocrx_word' id='word_1_558' title='bbox 2076 2687 2278 2743; x_wconf 83' lang='lat' dir='ltr'><strong>rationi</strong></span> <span class='ocrx_word' id='word_1_559' title='bbox 2310 2686 2601 2758; x_wconf 86' lang='lat' dir='ltr'><strong>subjectis.</strong></span> 
     </span>
    </p>
   </div>
   <div class='ocr_carea' id='block_1_86' title="bbox 2149 2947 3664 3021">
    <p class='ocr_par' dir='ltr' id='par_1_86' title="bbox 2149 2947 3664 3021">
     <span class='ocr_line' id='line_1_86' title="bbox 2149 2947 3664 3021; baseline 0 -17"><span class='ocrx_word' id='word_1_560' title='bbox 2149 2948 2223 3005; x_wconf 88' lang='lat' dir='ltr'><strong>Os</strong></span> <span class='ocrx_word' id='word_1_561' title='bbox 2269 2959 2423 3004; x_wconf 85' lang='lat' dir='ltr'><strong>suum</strong></span> <span class='ocrx_word' id='word_1_562' title='bbox 2470 2947 2921 3018; x_wconf 79' lang='lat' dir='ltr'><strong>aperuit&#39;altente</strong></span> <span class='ocrx_word' id='word_1_563' title='bbox 2966 2958 3015 3004; x_wconf 87' lang='lat' dir='ltr'><strong>et</strong></span> <span class='ocrx_word' id='word_1_564' title='bbox 3061 2949 3314 3021; x_wconf 82' lang='lat' dir='ltr'><strong>legitime,</strong></span> <span class='ocrx_word' id='word_1_565' title='bbox 3333 2958 3380 3004; x_wconf 86' lang='lat' dir='ltr'><strong>et</strong></span> <span class='ocrx_word' id='word_1_566' title='bbox 3427 2950 3664 3004; x_wconf 83' lang='lat' dir='ltr'><strong>ordinem</strong></span> 
     </span>
    </p>
   </div>
   <div class='ocr_carea' id='block_1_87' title="bbox 2076 3038 3664 3113">
    <p class='ocr_par' dir='ltr' id='par_1_87' title="bbox 2076 3038 3664 3113">
     <span class='ocr_line' id='line_1_87' title="bbox 2076 3038 3664 3113; baseline -0.001 -19"><span class='ocrx_word' id='word_1_567' title='bbox 2076 3041 2252 3109; x_wconf 83' lang='lat' dir='ltr'><strong>posuit</strong></span> <span class='ocrx_word' id='word_1_568' title='bbox 2287 3041 2482 3111; x_wconf 73' lang='lat' dir='ltr'><strong>lingua:</strong></span> <span class='ocrx_word' id='word_1_569' title='bbox 2520 3057 2652 3096; x_wconf 64' lang='lat' dir='ltr'><strong>suae.</strong></span> <span class='ocrx_word' id='word_1_570' title='bbox 2692 3038 2788 3095; x_wconf 90' lang='lat' dir='ltr'><strong>Ori</strong></span> <span class='ocrx_word' id='word_1_571' title='bbox 2833 3056 2944 3111; x_wconf 91' lang='lat' dir='ltr'><strong>quo</strong></span> <span class='ocrx_word' id='word_1_572' title='bbox 2997 3043 3239 3110; x_wconf 80' lang='lat' dir='ltr'><strong>cogitata</strong></span> <span class='ocrx_word' id='word_1_573' title='bbox 3284 3040 3664 3113; x_wconf 81' lang='lat' dir='ltr'><strong>proferuntur,</strong></span> 
     </span>
    </p>
   </div>
   <div class='ocr_carea' id='block_1_88' title="bbox 2079 3133 3667 3205">
    <p class='ocr_par' dir='ltr' id='par_1_88' title="bbox 2079 3133 3667 3205">
     <span class='ocr_line' id='line_1_88' title="bbox 2079 3133 3667 3205; baseline 0.001 -18"><span class='ocrx_word' id='word_1_574' title='bbox 2079 3149 2149 3187; x_wconf 90' lang='lat' dir='ltr'><strong>ne</strong></span> <span class='ocrx_word' id='word_1_575' title='bbox 2183 3133 2456 3204; x_wconf 85' lang='lat' dir='ltr'><strong>quidquid</strong></span> <span class='ocrx_word' id='word_1_576' title='bbox 2494 3148 2554 3189; x_wconf 88' lang='lat' dir='ltr'><strong>se</strong></span> <span class='ocrx_word' id='word_1_577' title='bbox 2591 3134 2889 3190; x_wconf 88' lang='lat' dir='ltr'><strong>obtulisset</strong></span> <span class='ocrx_word' id='word_1_578' title='bbox 2933 3133 3526 3205; x_wconf 79' lang='lat' dir='ltr'><strong>prodiret,prohibuit;</strong></span> <span class='ocrx_word' id='word_1_579' title='bbox 3554 3134 3667 3203; x_wconf 87' lang='lat' dir='ltr'><strong>jus-</strong></span> 
     </span>
    </p>
   </div>
   <div class='ocr_carea' id='block_1_89' title="bbox 2080 3220 3665 3293">
    <p class='ocr_par' dir='ltr' id='par_1_89' title="bbox 2080 3220 3665 3293">
     <span class='ocr_line' id='line_1_89' title="bbox 2080 3220 3665 3293; baseline -0.003 -15"><span class='ocrx_word' id='word_1_580' title='bbox 2080 3222 2265 3293; x_wconf 88' lang='lat' dir='ltr'><strong>sitque</strong></span> <span class='ocrx_word' id='word_1_581' title='bbox 2293 3221 2389 3278; x_wconf 88' lang='lat' dir='ltr'><strong>Dei</strong></span> <span class='ocrx_word' id='word_1_582' title='bbox 2425 3223 2680 3277; x_wconf 87' lang='lat' dir='ltr'><strong>mandata</strong></span> <span class='ocrx_word' id='word_1_583' title='bbox 2707 3222 2889 3293; x_wconf 86' lang='lat' dir='ltr'><strong>loqui,</strong></span> <span class='ocrx_word' id='word_1_584' title='bbox 2924 3222 3118 3292; x_wconf 85' lang='lat' dir='ltr'><strong>sicque</strong></span> <span class='ocrx_word' id='word_1_585' title='bbox 3144 3222 3387 3292; x_wconf 74' lang='lat' dir='ltr'><strong>linguam</strong></span> <span class='ocrx_word' id='word_1_586' title='bbox 3413 3220 3665 3276; x_wconf 83' lang='lat' dir='ltr'><strong>decentia</strong></span> 
     </span>
    </p>
   </div>
   <div class='ocr_carea' id='block_1_90' title="bbox 2079 3312 3474 3386">
    <p class='ocr_par' dir='ltr' id='par_1_90' title="bbox 2079 3312 3474 3386">
     <span class='ocr_line' id='line_1_90' title="bbox 2079 3312 3474 3386; baseline 0 -16"><span class='ocrx_word' id='word_1_587' title='bbox 2079 3322 2392 3386; x_wconf 88' lang='lat' dir='ltr'><strong>opportune</strong></span> <span class='ocrx_word' id='word_1_588' title='bbox 2421 3314 2784 3385; x_wconf 86' lang='lat' dir='ltr'><strong>pronuntiare</strong></span> <span class='ocrx_word' id='word_1_589' title='bbox 2811 3312 3072 3370; x_wconf 86' lang='lat' dir='ltr'><strong>erudivit.</strong></span> <span class='ocrx_word' id='word_1_590' title='bbox 3470 3318 3474 3320; x_wconf 83' lang='grc'><em>’</em></span> 
     </span>
    </p>
   </div>
   <div class='ocr_carea' id='block_1_91' title="bbox 2151 3599 3664 3668">
    <p class='ocr_par' dir='ltr' id='par_1_91' title="bbox 2151 3599 3664 3668">
     <span class='ocr_line' id='line_1_91' title="bbox 2151 3599 3664 3668; baseline 0.003 -13"><span class='ocrx_word' id='word_1_591' title='bbox 2151 3599 2323 3658; x_wconf 73' lang='lat' dir='ltr'><strong>Vens.</strong></span> <span class='ocrx_word' id='word_1_592' title='bbox 2348 3601 2443 3658; x_wconf 71' lang='grc'><strong>25.</strong></span> <span class='ocrx_word' id='word_1_593' title='bbox 2477 3599 2880 3657; x_wconf 73' lang='lat' dir='ltr'><strong>Fortitudinem</strong></span> <span class='ocrx_word' id='word_1_594' title='bbox 2915 3610 2964 3658; x_wconf 90' lang='lat' dir='ltr'><strong>et</strong></span> <span class='ocrx_word' id='word_1_595' title='bbox 2994 3602 3234 3658; x_wconf 77' lang='lat' dir='ltr'><strong>decerem</strong></span> <span class='ocrx_word' id='word_1_596' title='bbox 3261 3605 3456 3668; x_wconf 81' lang='lat' dir='ltr'><strong>induit,</strong></span> <span class='ocrx_word' id='word_1_597' title='bbox 3485 3613 3534 3660; x_wconf 87' lang='lat' dir='ltr'><strong>et</strong></span> <span class='ocrx_word' id='word_1_598' title='bbox 3565 3604 3664 3659; x_wconf 73' lang='lat' dir='ltr'><strong>lce-</strong></span> 
     </span>
    </p>
   </div>
   <div class='ocr_carea' id='block_1_92' title="bbox 2059 3693 3664 3768">
    <p class='ocr_par' dir='ltr' id='par_1_92' title="bbox 2059 3693 3664 3768">
     <span class='ocr_line' id='line_1_92' title="bbox 2059 3693 3664 3768; baseline -0.001 -19"><span class='ocrx_word' id='word_1_599' title='bbox 2059 3703 2197 3750; x_wconf 77' lang='lat' dir='ltr'><strong>‘tala</strong></span> <span class='ocrx_word' id='word_1_600' title='bbox 2226 3705 2308 3750; x_wconf 87' lang='lat' dir='ltr'><strong>est</strong></span> <span class='ocrx_word' id='word_1_601' title='bbox 2334 3695 2390 3750; x_wconf 87' lang='lat' dir='ltr'><strong>in</strong></span> <span class='ocrx_word' id='word_1_602' title='bbox 2416 3695 2601 3750; x_wconf 84' lang='lat' dir='ltr'><strong>diebus</strong></span> <span class='ocrx_word' id='word_1_603' title='bbox 2626 3696 2951 3751; x_wconf 79' lang='lat' dir='ltr'><strong>novissimis.</strong></span> <span class='ocrx_word' id='word_1_604' title='bbox 2977 3693 3309 3752; x_wconf 84' lang='lat' dir='ltr'><strong>Potestatem</strong></span> <span class='ocrx_word' id='word_1_605' title='bbox 3339 3705 3393 3751; x_wconf 91' lang='lat' dir='ltr'><strong>et</strong></span> <span class='ocrx_word' id='word_1_606' title='bbox 3419 3696 3664 3768; x_wconf 87' lang='lat' dir='ltr'><strong>pulchri—</strong></span> 
     </span>
    </p>
   </div>
   <div class='ocr_carea' id='block_1_93' title="bbox 2080 3789 3666 3861">
    <p class='ocr_par' dir='ltr' id='par_1_93' title="bbox 2080 3789 3666 3861">
     <span class='ocr_line' id='line_1_93' title="bbox 2080 3789 3666 3861; baseline -0.002 -17"><span class='ocrx_word' id='word_1_607' title='bbox 2080 3790 2328 3846; x_wconf 86' lang='lat' dir='ltr'><strong>tudinem</strong></span> <span class='ocrx_word' id='word_1_608' title='bbox 2366 3789 2548 3846; x_wconf 89' lang='lat' dir='ltr'><strong>induit</strong></span> <span class='ocrx_word' id='word_1_609' title='bbox 2578 3804 2677 3861; x_wconf 91' lang='lat' dir='ltr'><strong>per</strong></span> <span class='ocrx_word' id='word_1_610' title='bbox 2704 3804 2948 3848; x_wconf 87' lang='lat' dir='ltr'><strong>amorem</strong></span> <span class='ocrx_word' id='word_1_611' title='bbox 2987 3789 3112 3844; x_wconf 90' lang='lat' dir='ltr'><strong>boni</strong></span> <span class='ocrx_word' id='word_1_612' title='bbox 3153 3789 3208 3843; x_wconf 88' lang='lat' dir='ltr'><strong>in</strong></span> <span class='ocrx_word' id='word_1_613' title='bbox 3243 3797 3448 3852; x_wconf 87' lang='lat' dir='ltr'><strong>mente,</strong></span> <span class='ocrx_word' id='word_1_614' title='bbox 3477 3801 3531 3843; x_wconf 89' lang='lat' dir='ltr'><strong>et</strong></span> <span class='ocrx_word' id='word_1_615' title='bbox 3567 3804 3666 3860; x_wconf 70' lang='lat' dir='ltr'><strong>per</strong></span> 
     </span>
    </p>
   </div>
   <div class='ocr_carea' id='block_1_94' title="bbox 2079 3881 3663 3953">
    <p class='ocr_par' dir='ltr' id='par_1_94' title="bbox 2079 3881 3663 3953">
     <span class='ocr_line' id='line_1_94' title="bbox 2079 3881 3663 3953; baseline -0.002 -14"><span class='ocrx_word' id='word_1_616' title='bbox 2079 3883 2535 3939; x_wconf 83' lang='lat' dir='ltr'><strong>exercitationem</strong></span> <span class='ocrx_word' id='word_1_617' title='bbox 2591 3883 2647 3938; x_wconf 91' lang='lat' dir='ltr'><strong>in</strong></span> <span class='ocrx_word' id='word_1_618' title='bbox 2696 3896 2950 3953; x_wconf 88' lang='lat' dir='ltr'><strong>corpore.</strong></span> <span class='ocrx_word' id='word_1_619' title='bbox 2994 3881 3211 3937; x_wconf 88' lang='lat' dir='ltr'><strong>Etenim</strong></span> <span class='ocrx_word' id='word_1_620' title='bbox 3246 3897 3372 3937; x_wconf 91' lang='lat' dir='ltr'><strong>cum</strong></span> <span class='ocrx_word' id='word_1_621' title='bbox 3418 3881 3474 3936; x_wconf 90' lang='lat' dir='ltr'><strong>in</strong></span> <span class='ocrx_word' id='word_1_622' title='bbox 3516 3882 3663 3936; x_wconf 88' lang='lat' dir='ltr'><strong>trina</strong></span> 
     </span>
    </p>
   </div>
   <div class='ocr_carea' id='block_1_95' title="bbox 2079 3972 3661 4044">
    <p class='ocr_par' dir='ltr' id='par_1_95' title="bbox 2079 3972 3661 4044">
     <span class='ocr_line' id='line_1_95' title="bbox 2079 3972 3661 4044; baseline -0.002 -14"><span class='ocrx_word' id='word_1_623' title='bbox 2079 3977 2263 4031; x_wconf 87' lang='lat' dir='ltr'><strong>anima</strong></span> <span class='ocrx_word' id='word_1_624' title='bbox 2294 3977 2366 4031; x_wconf 88' lang='lat' dir='ltr'><strong>sit</strong></span> <span class='ocrx_word' id='word_1_625' title='bbox 2394 3975 2600 4030; x_wconf 81' lang='lat' dir='ltr'><strong>bonum</strong></span> <span class='ocrx_word' id='word_1_626' title='bbox 2623 3973 2871 4028; x_wconf 90' lang='lat' dir='ltr'><strong>innatum</strong></span> <span class='ocrx_word' id='word_1_627' title='bbox 2914 3975 2989 4044; x_wconf 89' lang='lat' dir='ltr'><strong>(et</strong></span> <span class='ocrx_word' id='word_1_628' title='bbox 3014 3972 3147 4027; x_wconf 89' lang='lat' dir='ltr'><strong>illud</strong></span> <span class='ocrx_word' id='word_1_629' title='bbox 3171 3975 3374 4027; x_wconf 90' lang='lat' dir='ltr'><strong>bonum</strong></span> <span class='ocrx_word' id='word_1_630' title='bbox 3410 3972 3661 4027; x_wconf 87' lang='lat' dir='ltr'><strong>innatum</strong></span> 
     </span>
    </p>
   </div>
   <div class='ocr_carea' id='block_1_96' title="bbox 2078 4063 3660 4138">
    <p class='ocr_par' dir='ltr' id='par_1_96' title="bbox 2078 4063 3660 4138">
     <span class='ocr_line' id='line_1_96' title="bbox 2078 4063 3660 4138; baseline -0.006 -11"><span class='ocrx_word' id='word_1_631' title='bbox 2078 4069 2214 4126; x_wconf 82' lang='lat' dir='ltr'><strong>ﬁdes</strong></span> <span class='ocrx_word' id='word_1_632' title='bbox 2247 4069 2376 4138; x_wconf 86' lang='lat' dir='ltr'><strong>est),</strong></span> <span class='ocrx_word' id='word_1_633' title='bbox 2411 4069 2555 4123; x_wconf 89' lang='lat' dir='ltr'><strong>hanc</strong></span> <span class='ocrx_word' id='word_1_634' title='bbox 2599 4067 2904 4138; x_wconf 88' lang='lat' dir='ltr'><strong>potentiam</strong></span> <span class='ocrx_word' id='word_1_635' title='bbox 2938 4066 3177 4122; x_wconf 90' lang='lat' dir='ltr'><strong>assumit</strong></span> <span class='ocrx_word' id='word_1_636' title='bbox 3214 4063 3283 4120; x_wconf 90' lang='lat' dir='ltr'><strong>ad</strong></span> <span class='ocrx_word' id='word_1_637' title='bbox 3324 4065 3660 4135; x_wconf 75' lang='lat' dir='ltr'><strong>Operandum</strong></span> 
     </span>
    </p>
   </div>
   <div class='ocr_carea' id='block_1_97' title="bbox 2077 4157 3664 4233">
    <p class='ocr_par' dir='ltr' id='par_1_97' title="bbox 2077 4157 3664 4233">
     <span class='ocr_line' id='line_1_97' title="bbox 2077 4157 3664 4233; baseline -0.004 -15"><span class='ocrx_word' id='word_1_638' title='bbox 2077 4163 2132 4218; x_wconf 93' lang='lat' dir='ltr'><strong>in</strong></span> <span class='ocrx_word' id='word_1_639' title='bbox 2183 4177 2418 4233; x_wconf 89' lang='lat' dir='ltr'><strong>corpore</strong></span> <span class='ocrx_word' id='word_1_640' title='bbox 2469 4159 2880 4232; x_wconf 82' lang='lat' dir='ltr'><strong>pulcherrimas</strong></span> <span class='ocrx_word' id='word_1_641' title='bbox 2923 4159 3180 4226; x_wconf 87' lang='lat' dir='ltr'><strong>virtutes,</strong></span> <span class='ocrx_word' id='word_1_642' title='bbox 3232 4157 3664 4229; x_wconf 76' lang='lat' dir='ltr'><strong>operantemque</strong></span> 
     </span>
    </p>
   </div>
   <div class='ocr_carea' id='block_1_98' title="bbox 2079 4248 3661 4322">
    <p class='ocr_par' dir='ltr' id='par_1_98' title="bbox 2079 4248 3661 4322">
     <span class='ocr_line' id='line_1_98' title="bbox 2079 4248 3661 4322; baseline -0.005 -13"><span class='ocrx_word' id='word_1_643' title='bbox 2079 4255 2243 4310; x_wconf 82' lang='lat' dir='ltr'><strong>iactis</strong></span> <span class='ocrx_word' id='word_1_644' title='bbox 2269 4252 2535 4312; x_wconf 81' lang='lat' dir='ltr'><strong>ostendit.</strong></span> <span class='ocrx_word' id='word_1_645' title='bbox 2566 4250 2746 4318; x_wconf 84' lang='lat' dir='ltr'><strong>Quam</strong></span> <span class='ocrx_word' id='word_1_646' title='bbox 2771 4251 2826 4308; x_wconf 86' lang='lat' dir='ltr'><strong>si</strong></span> <span class='ocrx_word' id='word_1_647' title='bbox 2842 4249 2987 4322; x_wconf 89' lang='lat' dir='ltr'><strong>apud</strong></span> <span class='ocrx_word' id='word_1_648' title='bbox 3015 4249 3314 4305; x_wconf 85' lang='lat' dir='ltr'><strong>nonnullos</strong></span> <span class='ocrx_word' id='word_1_649' title='bbox 3337 4248 3661 4313; x_wconf 84' lang='lat' dir='ltr'><strong>ostenderit,</strong></span> 
     </span>
    </p>
   </div>
   <div class='ocr_carea' id='block_1_99' title="bbox 2075 4343 3664 4413">
    <p class='ocr_par' dir='ltr' id='par_1_99' title="bbox 2075 4343 3664 4413">
     <span class='ocr_line' id='line_1_99' title="bbox 2075 4343 3664 4413; baseline -0.006 -8"><span class='ocrx_word' id='word_1_650' title='bbox 2075 4350 2321 4405; x_wconf 78' lang='lat' dir='ltr'><strong>exsultat</strong></span> <span class='ocrx_word' id='word_1_651' title='bbox 2353 4347 2408 4401; x_wconf 92' lang='lat' dir='ltr'><strong>in</strong></span> <span class='ocrx_word' id='word_1_652' title='bbox 2449 4346 2559 4402; x_wconf 88' lang='lat' dir='ltr'><strong>ﬁne</strong></span> <span class='ocrx_word' id='word_1_653' title='bbox 2603 4345 2730 4400; x_wconf 68' lang='lat' dir='ltr'><strong>vitae</strong></span> <span class='ocrx_word' id='word_1_654' title='bbox 2763 4359 2980 4408; x_wconf 88' lang='lat' dir='ltr'><strong>eorum,</strong></span> <span class='ocrx_word' id='word_1_655' title='bbox 3017 4343 3288 4413; x_wconf 82' lang='lat' dir='ltr'><strong>siquidem</strong></span> <span class='ocrx_word' id='word_1_656' title='bbox 3316 4345 3538 4396; x_wconf 88' lang='lat' dir='ltr'><strong>cursum</strong></span> <span class='ocrx_word' id='word_1_657' title='bbox 3572 4356 3664 4397; x_wconf 86' lang='lat' dir='ltr'><strong>se-</strong></span> 
     </span>
    </p>
   </div>
   <div class='ocr_carea' id='block_1_100' title="bbox 2075 4438 3114 4497">
    <p class='ocr_par' dir='ltr' id='par_1_100' title="bbox 2075 4438 3114 4497">
     <span class='ocr_line' id='line_1_100' title="bbox 2075 4438 3114 4497; baseline -0.008 0"><span class='ocrx_word' id='word_1_658' title='bbox 2075 4441 2318 4497; x_wconf 89' lang='lat' dir='ltr'><strong>cundum</strong></span> <span class='ocrx_word' id='word_1_659' title='bbox 2355 4438 2526 4494; x_wconf 90' lang='lat' dir='ltr'><strong>Deum</strong></span> <span class='ocrx_word' id='word_1_660' title='bbox 2562 4441 3114 4494; x_wconf 84' lang='lat' dir='ltr'><strong>consummaverunt.</strong></span> 
     </span>
    </p>
   </div>
   <div class='ocr_carea' id='block_1_101' title="bbox 2147 4609 3661 4681">
    <p class='ocr_par' dir='ltr' id='par_1_101' title="bbox 2147 4609 3661 4681">
     <span class='ocr_line' id='line_1_101' title="bbox 2147 4609 3661 4681; baseline -0.001 -12"><span class='ocrx_word' id='word_1_661' title='bbox 2147 4613 2464 4670; x_wconf 66' lang='lat' dir='ltr'><strong>Constrictae</strong></span> <span class='ocrx_word' id='word_1_662' title='bbox 2517 4614 2819 4667; x_wconf 82' lang='lat' dir='ltr'><strong>mansiones</strong></span> <span class='ocrx_word' id='word_1_663' title='bbox 2889 4611 3170 4665; x_wconf 86' lang='lat' dir='ltr'><strong>domorum</strong></span> <span class='ocrx_word' id='word_1_664' title='bbox 3218 4611 3353 4681; x_wconf 86' lang='lat' dir='ltr'><strong>ejus.</strong></span> <span class='ocrx_word' id='word_1_665' title='bbox 3414 4609 3661 4668; x_wconf 88' lang='lat' dir='ltr'><strong>Sollicita</strong></span> 
     </span>
    </p>
   </div>
   <div class='ocr_carea' id='block_1_102' title="bbox 2073 4703 3661 4762">
    <p class='ocr_par' dir='ltr' id='par_1_102' title="bbox 2073 4703 3661 4762">
     <span class='ocr_line' id='line_1_102' title="bbox 2073 4703 3661 4762; baseline -0.002 0"><span class='ocrx_word' id='word_1_666' title='bbox 2073 4707 2142 4762; x_wconf 88' lang='lat' dir='ltr'><strong>de</strong></span> <span class='ocrx_word' id='word_1_667' title='bbox 2174 4707 2342 4762; x_wconf 90' lang='lat' dir='ltr'><strong>domo</strong></span> <span class='ocrx_word' id='word_1_668' title='bbox 2376 4720 2477 4761; x_wconf 90' lang='lat' dir='ltr'><strong>sua</strong></span> <span class='ocrx_word' id='word_1_669' title='bbox 2519 4705 2881 4761; x_wconf 85' lang='lat' dir='ltr'><strong>intellectuali</strong></span> <span class='ocrx_word' id='word_1_670' title='bbox 2914 4705 2970 4760; x_wconf 89' lang='lat' dir='ltr'><strong>in</strong></span> <span class='ocrx_word' id='word_1_671' title='bbox 3001 4703 3187 4758; x_wconf 87' lang='lat' dir='ltr'><strong>anima</strong></span> <span class='ocrx_word' id='word_1_672' title='bbox 3219 4712 3275 4760; x_wconf 91' lang='lat' dir='ltr'><strong>ct</strong></span> <span class='ocrx_word' id='word_1_673' title='bbox 3307 4703 3376 4760; x_wconf 90' lang='lat' dir='ltr'><strong>de</strong></span> <span class='ocrx_word' id='word_1_674' title='bbox 3409 4707 3661 4761; x_wconf 89' lang='lat' dir='ltr'><strong>sensibili</strong></span> 
     </span>
    </p>
   </div>
   <div class='ocr_carea' id='block_1_103' title="bbox 2075 4796 3662 4869">
    <p class='ocr_par' dir='ltr' id='par_1_103' title="bbox 2075 4796 3662 4869">
     <span class='ocr_line' id='line_1_103' title="bbox 2075 4796 3662 4869; baseline 0 -15"><span class='ocrx_word' id='word_1_675' title='bbox 2075 4801 2131 4854; x_wconf 91' lang='lat' dir='ltr'><strong>in</strong></span> <span class='ocrx_word' id='word_1_676' title='bbox 2165 4813 2421 4869; x_wconf 89' lang='lat' dir='ltr'><strong>corpore,</strong></span> <span class='ocrx_word' id='word_1_677' title='bbox 2456 4799 2579 4854; x_wconf 89' lang='lat' dir='ltr'><strong>illas</strong></span> <span class='ocrx_word' id='word_1_678' title='bbox 2607 4807 2791 4853; x_wconf 88' lang='lat' dir='ltr'><strong>movet</strong></span> <span class='ocrx_word' id='word_1_679' title='bbox 2822 4796 2888 4852; x_wconf 90' lang='lat' dir='ltr'><strong>ad</strong></span> <span class='ocrx_word' id='word_1_680' title='bbox 2917 4797 3363 4868; x_wconf 76' lang='lat' dir='ltr'><strong>cognoscendum</strong></span> <span class='ocrx_word' id='word_1_681' title='bbox 3400 4805 3455 4852; x_wconf 88' lang='lat' dir='ltr'><strong>et</strong></span> <span class='ocrx_word' id='word_1_682' title='bbox 3491 4812 3662 4869; x_wconf 81' lang='lat' dir='ltr'><strong>agen-</strong></span> 
     </span>
    </p>
   </div>
   <div class='ocr_carea' id='block_1_104' title="bbox 2065 4891 3663 4963">
    <p class='ocr_par' dir='ltr' id='par_1_104' title="bbox 2065 4891 3663 4963">
     <span class='ocr_line' id='line_1_104' title="bbox 2065 4891 3663 4963; baseline -0.001 -15"><span class='ocrx_word' id='word_1_683' title='bbox 2065 4893 2230 4960; x_wconf 86' lang='lat' dir='ltr'><strong>dum,</strong></span> <span class='ocrx_word' id='word_1_684' title='bbox 2265 4907 2473 4963; x_wconf 90' lang='lat' dir='ltr'><strong>easque</strong></span> <span class='ocrx_word' id='word_1_685' title='bbox 2513 4891 2584 4948; x_wconf 84' lang='lat' dir='ltr'><strong>ab</strong></span> <span class='ocrx_word' id='word_1_686' title='bbox 2616 4891 2769 4946; x_wconf 87' lang='lat' dir='ltr'><strong>omni</strong></span> <span class='ocrx_word' id='word_1_687' title='bbox 2796 4904 2938 4946; x_wconf 88' lang='lat' dir='ltr'><strong>vana</strong></span> <span class='ocrx_word' id='word_1_688' title='bbox 2958 4898 3011 4946; x_wconf 89' lang='lat' dir='ltr'><strong>et</strong></span> <span class='ocrx_word' id='word_1_689' title='bbox 3042 4891 3274 4946; x_wconf 88' lang='lat' dir='ltr'><strong>remissa</strong></span> <span class='ocrx_word' id='word_1_690' title='bbox 3308 4891 3663 4960; x_wconf 81' lang='lat' dir='ltr'><strong>cogitatione,</strong></span> 
     </span>
    </p>
   </div>
   <div class='ocr_carea' id='block_1_105' title="bbox 2074 4982 3671 5058">
    <p class='ocr_par' dir='ltr' id='par_1_105' title="bbox 2074 4982 3671 5058">
     <span class='ocr_line' id='line_1_105' title="bbox 2074 4982 3671 5058; baseline 0 -18"><span class='ocrx_word' id='word_1_691' title='bbox 2074 5001 2290 5042; x_wconf 88' lang='lat' dir='ltr'><strong>necnon</strong></span> <span class='ocrx_word' id='word_1_692' title='bbox 2339 4993 2397 5040; x_wconf 89' lang='lat' dir='ltr'><strong>et</strong></span> <span class='ocrx_word' id='word_1_693' title='bbox 2445 4983 2736 5041; x_wconf 90' lang='lat' dir='ltr'><strong>dissolutis</strong></span> <span class='ocrx_word' id='word_1_694' title='bbox 2781 4991 2838 5041; x_wconf 92' lang='lat' dir='ltr'><strong>et</strong></span> <span class='ocrx_word' id='word_1_695' title='bbox 2881 4982 3184 5040; x_wconf 77' lang='lat' dir='ltr'><strong>fetentibus</strong></span> <span class='ocrx_word' id='word_1_696' title='bbox 3223 4982 3472 5039; x_wconf 88' lang='lat' dir='ltr'><strong>moribus</strong></span> <span class='ocrx_word' id='word_1_697' title='bbox 3505 4985 3671 5058; x_wconf 87' lang='lat' dir='ltr'><strong>puri—</strong></span> 
     </span>
    </p>
   </div>
   <div class='ocr_carea' id='block_1_106' title="bbox 2074 5081 2218 5136">
    <p class='ocr_par' dir='ltr' id='par_1_106' title="bbox 2074 5081 2218 5136">
     <span class='ocr_line' id='line_1_106' title="bbox 2074 5081 2218 5136; baseline 0.007 -1"><span class='ocrx_word' id='word_1_698' title='bbox 2074 5081 2218 5136; x_wconf 86' lang='lat' dir='ltr'><strong>ﬁcat.</strong></span> 
     </span>
    </p>
   </div>
   <div class='ocr_carea' id='block_1_107' title="bbox 2146 5166 3667 5238">
    <p class='ocr_par' dir='ltr' id='par_1_107' title="bbox 2146 5166 3667 5238">
     <span class='ocr_line' id='line_1_107' title="bbox 2146 5166 3667 5238; baseline 0.002 -13"><span class='ocrx_word' id='word_1_699' title='bbox 2146 5169 2307 5226; x_wconf 81' lang='lat' dir='ltr'><strong>Cibos</strong></span> <span class='ocrx_word' id='word_1_700' title='bbox 2369 5177 2546 5224; x_wconf 84' lang='lat' dir='ltr'><strong>autem</strong></span> <span class='ocrx_word' id='word_1_701' title='bbox 2597 5168 2777 5238; x_wconf 84' lang='lat' dir='ltr'><strong>pigros</strong></span> <span class='ocrx_word' id='word_1_702' title='bbox 2829 5184 2934 5223; x_wconf 90' lang='lat' dir='ltr'><strong>non</strong></span> <span class='ocrx_word' id='word_1_703' title='bbox 2987 5166 3353 5224; x_wconf 79' lang='lat' dir='ltr'><strong>manducavit.</strong></span> <span class='ocrx_word' id='word_1_704' title='bbox 3402 5169 3667 5228; x_wconf 68' lang='lat' dir='ltr'><strong>[taliones</strong></span> 
     </span>
    </p>
   </div>
   <div class='ocr_carea' id='block_1_108' title="bbox 2074 5244 3668 5333">
    <p class='ocr_par' dir='ltr' id='par_1_108' title="bbox 2074 5244 3668 5333">
     <span class='ocr_line' id='line_1_108' title="bbox 2074 5244 3668 5333; baseline 0.001 -15"><span class='ocrx_word' id='word_1_705' title='bbox 2074 5262 2281 5333; x_wconf 87' lang='lat' dir='ltr'><strong>quibus</strong></span> <span class='ocrx_word' id='word_1_706' title='bbox 2333 5263 2401 5318; x_wconf 89' lang='lat' dir='ltr'><strong>ad</strong></span> <span class='ocrx_word' id='word_1_707' title='bbox 2450 5244 2941 5317; x_wconf 61' lang='lat' dir='ltr'><strong>virtutem&#39;anima</strong></span> <span class='ocrx_word' id='word_1_708' title='bbox 2990 5273 3275 5320; x_wconf 83' lang='lat' dir='ltr'><strong>moveatur</strong></span> <span class='ocrx_word' id='word_1_709' title='bbox 3317 5278 3426 5318; x_wconf 90' lang='lat' dir='ltr'><strong>non</strong></span> <span class='ocrx_word' id='word_1_710' title='bbox 3461 5271 3668 5320; x_wconf 83' lang='lat' dir='ltr'><strong>temere</strong></span> 
     </span>
    </p>
   </div>
   <div class='ocr_carea' id='block_1_109' title="bbox 2077 5352 3665 5425">
    <p class='ocr_par' dir='ltr' id='par_1_109' title="bbox 2077 5352 3665 5425">
     <span class='ocr_line' id='line_1_109' title="bbox 2077 5352 3665 5425; baseline 0.001 -17"><span class='ocrx_word' id='word_1_711' title='bbox 2077 5354 2294 5425; x_wconf 84' lang='lat' dir='ltr'><strong>recipit.</strong></span> <span class='ocrx_word' id='word_1_712' title='bbox 2383 5354 2491 5410; x_wconf 88' lang='lat' dir='ltr'><strong>sibi</strong></span> <span class='ocrx_word' id='word_1_713' title='bbox 2521 5361 2678 5410; x_wconf 85' lang='lat' dir='ltr'><strong>cavet</strong></span> <span class='ocrx_word' id='word_1_714' title='bbox 2702 5354 2772 5409; x_wconf 88' lang='lat' dir='ltr'><strong>ab</strong></span> <span class='ocrx_word' id='word_1_715' title='bbox 2811 5353 2880 5410; x_wconf 87' lang='lat' dir='ltr'><strong>iis</strong></span> <span class='ocrx_word' id='word_1_716' title='bbox 2903 5370 3026 5424; x_wconf 75' lang='lat' dir='ltr'><strong>qua:</strong></span> <span class='ocrx_word' id='word_1_717' title='bbox 3059 5355 3272 5412; x_wconf 86' lang='lat' dir='ltr'><strong>animas</strong></span> <span class='ocrx_word' id='word_1_718' title='bbox 3297 5355 3363 5410; x_wconf 90' lang='lat' dir='ltr'><strong>de</strong></span> <span class='ocrx_word' id='word_1_719' title='bbox 3402 5352 3509 5412; x_wconf 83' lang='lat' dir='ltr'><strong>ﬁu‘e</strong></span> <span class='ocrx_word' id='word_1_720' title='bbox 3537 5355 3665 5411; x_wconf 85' lang='lat' dir='ltr'><strong>data</strong></span> 
     </span>
    </p>
   </div>
   <div class='ocr_carea' id='block_1_110' title="bbox 2076 5447 3164 5518">
    <p class='ocr_par' dir='ltr' id='par_1_110' title="bbox 2076 5447 3164 5518">
     <span class='ocr_line' id='line_1_110' title="bbox 2076 5447 3164 5518; baseline 0.001 -15"><span class='ocrx_word' id='word_1_721' title='bbox 2076 5449 2146 5503; x_wconf 91' lang='lat' dir='ltr'><strong>ob</strong></span> <span class='ocrx_word' id='word_1_722' title='bbox 2178 5448 2454 5503; x_wconf 88' lang='lat' dir='ltr'><strong>levitatem</strong></span> <span class='ocrx_word' id='word_1_723' title='bbox 2495 5455 2550 5502; x_wconf 92' lang='lat' dir='ltr'><strong>et</strong></span> <span class='ocrx_word' id='word_1_724' title='bbox 2585 5447 2860 5518; x_wconf 83' lang='lat' dir='ltr'><strong>ignaviam</strong></span> <span class='ocrx_word' id='word_1_725' title='bbox 2892 5455 3164 5504; x_wconf 88' lang='lat' dir='ltr'><strong>avertunt.</strong></span> 
     </span>
    </p>
   </div>
   <div class='ocr_carea' id='block_1_111' title="bbox 2152 5539 3668 5610">
    <p class='ocr_par' dir='ltr' id='par_1_111' title="bbox 2152 5539 3668 5610">
     <span class='ocr_line' id='line_1_111' title="bbox 2152 5539 3668 5610; baseline 0.001 -17"><span class='ocrx_word' id='word_1_726' title='bbox 2152 5539 2316 5594; x_wconf 71' lang='lat' dir='ltr'><strong>Vens.</strong></span> <span class='ocrx_word' id='word_1_727' title='bbox 2358 5539 2450 5596; x_wconf 75' lang='grc'><strong>26.</strong></span> <span class='ocrx_word' id='word_1_728' title='bbox 2489 5539 2564 5595; x_wconf 88' lang='lat' dir='ltr'><strong>0s</strong></span> <span class='ocrx_word' id='word_1_729' title='bbox 2631 5541 3062 5609; x_wconf 86' lang='lat' dir='ltr'><strong>autem-aperuit</strong></span> <span class='ocrx_word' id='word_1_730' title='bbox 3123 5541 3389 5610; x_wconf 85' lang='lat' dir='ltr'><strong>sapienter</strong></span> <span class='ocrx_word' id='word_1_731' title='bbox 3441 5550 3488 5595; x_wconf 85' lang='lat' dir='ltr'><strong>et</strong></span> <span class='ocrx_word' id='word_1_732' title='bbox 3541 5555 3668 5594; x_wconf 77' lang='lat' dir='ltr'><strong>eon-</strong></span> 
     </span>
    </p>
   </div>
   <div class='ocr_carea' id='block_1_112' title="bbox 2074 5630 3667 5702">
    <p class='ocr_par' dir='ltr' id='par_1_112' title="bbox 2074 5630 3667 5702">
     <span class='ocr_line' id='line_1_112' title="bbox 2074 5630 3667 5702; baseline 0 -18"><span class='ocrx_word' id='word_1_733' title='bbox 2074 5642 2323 5702; x_wconf 75' lang='lat' dir='ltr'><strong>gruenter</strong></span> <span class='ocrx_word' id='word_1_734' title='bbox 2374 5631 2597 5702; x_wconf 79' lang='lat' dir='ltr'><strong>legibus.</strong></span> <span class='ocrx_word' id='word_1_735' title='bbox 2658 5631 2824 5686; x_wconf 84' lang='lat' dir='ltr'><strong>Docet</strong></span> <span class='ocrx_word' id='word_1_736' title='bbox 2881 5649 3004 5687; x_wconf 80' lang='lat' dir='ltr'><strong>vera</strong></span> <span class='ocrx_word' id='word_1_737' title='bbox 3062 5631 3338 5702; x_wconf 78' lang='lat' dir='ltr'><strong>dogmata,</strong></span> <span class='ocrx_word' id='word_1_738' title='bbox 3383 5640 3432 5687; x_wconf 88' lang='lat' dir='ltr'><strong>et</strong></span> <span class='ocrx_word' id='word_1_739' title='bbox 3485 5630 3667 5684; x_wconf 81' lang='lat' dir='ltr'><strong>divina</strong></span> 
     </span>
    </p>
   </div>
   <div class='ocr_carea' id='block_1_113' title="bbox 2080 5723 3664 5797">
    <p class='ocr_par' dir='ltr' id='par_1_113' title="bbox 2080 5723 3664 5797">
     <span class='ocr_line' id='line_1_113' title="bbox 2080 5723 3664 5797; baseline 0.001 -19"><span class='ocrx_word' id='word_1_740' title='bbox 2080 5725 2363 5780; x_wconf 74' lang='lat' dir='ltr'><strong>mandata.</strong></span> <span class='ocrx_word' id='word_1_741' title='bbox 2418 5725 2776 5797; x_wconf 84' lang='lat' dir='ltr'><strong>Eleemosyna</strong></span> <span class='ocrx_word' id='word_1_742' title='bbox 2813 5733 2994 5780; x_wconf 89' lang='lat' dir='ltr'><strong>autem</strong></span> <span class='ocrx_word' id='word_1_743' title='bbox 3037 5726 3158 5796; x_wconf 86' lang='lat' dir='ltr'><strong>ejus</strong></span> <span class='ocrx_word' id='word_1_744' title='bbox 3203 5725 3494 5781; x_wconf 85' lang='lat' dir='ltr'><strong>suscitavit</strong></span> <span class='ocrx_word' id='word_1_745' title='bbox 3525 5723 3664 5781; x_wconf 81' lang='lat' dir='ltr'><strong>ﬁlios</strong></span> 
     </span>
    </p>
   </div>
   <div class='ocr_carea' id='block_1_114' title="bbox 2077 5816 3482 5888">
    <p class='ocr_par' dir='ltr' id='par_1_114' title="bbox 2077 5816 3482 5888">
     <span class='ocr_line' id='line_1_114' title="bbox 2077 5816 3482 5888; baseline 0.001 -17"><span class='ocrx_word' id='word_1_746' title='bbox 2077 5819 2222 5888; x_wconf 85' lang='lat' dir='ltr'><strong>ejus,</strong></span> <span class='ocrx_word' id='word_1_747' title='bbox 2254 5827 2308 5873; x_wconf 85' lang='lat' dir='ltr'><strong>et</strong></span> <span class='ocrx_word' id='word_1_748' title='bbox 2337 5817 2497 5873; x_wconf 80' lang='lat' dir='ltr'><strong>dilati</strong></span> <span class='ocrx_word' id='word_1_749' title='bbox 2532 5825 2683 5883; x_wconf 89' lang='lat' dir='ltr'><strong>sunt,</strong></span> <span class='ocrx_word' id='word_1_750' title='bbox 2717 5824 2772 5873; x_wconf 90' lang='lat' dir='ltr'><strong>et</strong></span> <span class='ocrx_word' id='word_1_751' title='bbox 2801 5817 2882 5873; x_wconf 76' lang='lat' dir='ltr'><strong>vir</strong></span> <span class='ocrx_word' id='word_1_752' title='bbox 2913 5817 3034 5884; x_wconf 82' lang='lat' dir='ltr'><strong>eius</strong></span> <span class='ocrx_word' id='word_1_753' title='bbox 3067 5816 3309 5873; x_wconf 86' lang='lat' dir='ltr'><strong>laudavit</strong></span> <span class='ocrx_word' id='word_1_754' title='bbox 3340 5831 3482 5872; x_wconf 84' lang='lat' dir='ltr'><strong>eam.</strong></span> 
     </span>
    </p>
   </div>
  </div>
