3922 6230
241 399 307 467 l7
1663 408 2075 471 PRIEFATIO.
3430 403 3513 466 18.

258 526 3485 577 mmxmm

1782 567 1827 578 α

1835 546 3236 578 mm

1148 736 1469 825 ANG.'
1567 736 1775 825 MAI
1899 736 2577 830 PREFATIO.

1386 922 1584 994 (Class.
1638 923 1864 978 Λαε1.ι.
1898 921 1984 987 Vl,
2017 923 2230 996 Proleg.
2270 927 2348 995 5.)

316 1229 371 1284 In
413 1227 642 1285 exordio
675 1226 862 1295 operis
895 1227 1039 1296 quod
1093 1240 1122 1279 a
1150 1225 1311 1281 nobis
1350 1226 1452 1280 hoc
1486 1226 1764 1282 volumine
1792 1227 1995 1289 editur,
2047 1235 2237 1281 narrat
2292 1223 2602 1294 Promptus,
2624 1225 2894 1295 duplicem
2958 1241 2986 1278 a
3048 1242 3107 1281 sc
3171 1240 3507 1282 commentae

235 1316 386 1369 rium
417 1316 482 1370 ad
515 1316 916 1370 Octateuchum
941 1312 1112 1369 fuisse
1135 1312 1498 1380 adornatum;
1532 1315 1769 1383 primum
1810 1314 2028 1383 quidem
2069 1313 2492 1382 amplissimum,
2542 1327 2605 1393 es
2672 1312 2914 1381 antiquis
2964 1311 3218 1368 Patribus
3272 1315 3502 1383 aliisque

234 1403 609 1473 scriptoribus
661 1401 1003 1472 decerptum,
1057 1409 1113 1455 et
1168 1407 1393 1468 catenae,
1458 1409 1518 1454 ut
1573 1400 1872 1471 loquimur,
1922 1404 2027 1456 ritu
2076 1402 2424 1457 ordinatum:
2495 1402 2723 1457 rctcnlis
2769 1402 3011 1472 ipsorum
3067 1411 3351 1456 auctorum
3408 1404 3505 1455 ad-

234 1491 511 1546 amussim
549 1490 768 1554 verbis;
801 1490 917 1544 sive
950 1489 1242 1558 opiniones
1292 1489 1432 1542 inter
1462 1504 1520 1543 se
1575 1501 1959 1559 congruerent,
2028 1492 2143 1545 sive
2179 1506 2360 1545 secus.
2406 1488 2598 1544 Postea
2652 1499 2828 1543 tamen
2889 1489 3014 1559 quia
3068 1489 3231 1560 hujus
3293 1490 3506 1560 generis

231 1576 557 1630 lucubratio
613 1577 669 1630 in
706 1579 1037 1631 immensum
1091 1589 1414 1631 excrcsccre
1465 1576 1774 1639 videbatur,
1836 1578 2126 1632 consilium
2168 1576 2308 1646 ccpit
2358 1575 2498 1629 hanc
2546 1576 2611 1629 ad
2662 1576 2843 1646 aptius
2893 1576 3273 1645 compendium
3324 1575 3509 1631 confe-

234 1664 399 1717 rcndi
438 1682 451 1716 :
513 1673 679 1733 atque
744 1664 818 1718 ita
865 1664 1187 1734 plerumque
1236 1663 1462 1718 omissis
1497 1671 1784 1718 auctorum
1816 1663 2155 1726 nominibus,
2190 1670 2242 1717 ct
2285 1678 2380 1717 ore
2415 1663 2638 1733 proprio
2662 1663 2912 1732 loquens,
2945 1678 3057 1718 rem
3107 1664 3274 1719 semel
3326 1663 3510 1717 dicere

233 1751 459 1813 maluit,
518 1751 607 1806 ubi
654 1762 805 1806 certe
848 1759 1101 1806 auctores
1142 1749 1282 1804 inter
1330 1766 1388 1806 se
1454 1751 1885 1821 conspirahant;
1941 1752 2029 1805 ubi
2081 1762 2259 1806 autem
2310 1752 2540 1805 invicem
2587 1751 2946 1817 dissidebant,
2998 1768 3110 1806 rem
3154 1751 3511 1806 nihilominus

234 1839 520 1892 concinna
555 1838 827 1893 brevitate
852 1836 1182 1903 edisseruit;
1217 1854 1325 1908 quo
1361 1837 1615 1893 videlicet
1660 1854 1797 1907 opus
1832 1836 2145 1894 concretius
2194 1838 2363 1902 ﬂeret,
2398 1846 2453 1893 et
2482 1854 2592 1892 uno
2649 1839 2816 1893 veluti
2846 1824 3073 1893 auctore
3134 1839 3501 1908 progenitum.

231 1924 412 1993 Major
464 1926 554 1978 illa
602 1923 855 1996 Procopii
887 1925 1197 1980 lucubratio
1246 1924 1299 1979 in
1336 1940 1467 1980 mss.
1520 1925 1867 1981 bibliothecis
1928 1935 2142 1982 exstare
2185 1926 2402 1982 videtur
2449 1926 2549 1996 (l);
2616 1926 2711 1981 sed
2750 1926 2936 1981 Griece
2990 1927 3165 1981 lucem
3211 1936 3359 1980 certe
3400 1941 3507 1979 non

230 2013 416 2068 vidit:
467 2012 643 2067 minor
680 2022 862 2067 autent
917 2028 1071 2083 teque
1116 2012 1319 2068 inedita
1359 2014 1411 2066 in
1473 2014 1688 2069 duolms
1732 2014 2021 2082 pontificiae
2068 2013 2414 2069 bibliotheca:
2452 2014 2734 2069 codicibus
2780 2012 2910 2067 mihi
2954 2029 3014 2068 se
3076 2013 3299 2077 obtulit,
3348 2021 3403 2065 ct
3452 2013 3506 2065 in

231 2116 352 2153 uno
409 2100 577 2153 etiam
608 2100 952 2155 bibliotheca:
997 2099 1352 2155 Albaniorum
1411 2099 1479 2153 ab
1525 2100 1644 2168 ejus
1677 2101 1937 2170 perdocte
1984 2100 2213 2171 praeside
2261 2101 2549 2156 observata
2588 2100 2784 2164 luerat,
2818 2100 2914 2169 qui
2963 2108 3017 2155 et
3046 2100 3253 2154 codicis
3319 2115 3504 2161 nsum,

231 2197 291 2239 ut
319 2202 452 2238 cum
490 2184 768 2241 Vaticanis
789 2185 1119 2254 conferrem,
1171 2186 1303 2240 mihi
1362 2187 1657 2241 concessit.
1697 2185 1816 2242 Una
1887 2196 2067 2243 tamen
2118 2188 2284 2243 trium
2335 2189 2588 2244 codicum
2648 2189 2801 2261 origo
2840 2188 2981 2243 fuit:
3025 2206 3148 2242 nam
3205 2198 3253 2241 et
3312 2188 3511 2242 iisdem

230 2289 477 2341 prorsus
511 2274 721 2329 lacunis
772 2274 947 2340 hiant,
999 2282 1052 2329 ct
1111 2275 1301 2329 eodem
1372 2272 1478 2329 line
1517 2274 1886 2343 clauduntur;
1945 2285 1999 2331 et
2032 2276 2142 2331 duo
2178 2276 2371 2331 saltem
2414 2277 2467 2331 in
2520 2276 2762 2333 minimis
2788 2278 2953 2332 etiam
2988 2276 3138 2331 vitiis
3166 2276 3506 2344 conspirant,

236 2360 552 2416 Vaticanus
601 2363 812 2417 scilicet
867 2364 1077 2431 primus
1105 2370 1160 2418 et
1196 2362 1561 2429 Albanensis;
1612 2378 1738 2417 nam
1796 2362 2119 2418 Vaticanum
2155 2363 2385 2418 alterum
2426 2365 2494 2418 ab
2540 2365 2793 2434 imperita
2844 2381 3008 2419 manu
3061 2363 3370 2418 conlectum
3425 2363 3510 2415 \ix

230 2463 691 2503 commemorem.
752 2448 816 2503 Et
859 2448 1011 2503 illum
1068 2449 1288 2520 quidem
1337 2449 1640 2520 principem
1673 2450 1873 2505 swculo
1919 2466 1989 2505 xv
2022 2450 2290 2521 scriptum
2328 2451 2541 2521 judico,
2578 2454 2939 2508 Alleanensem
2968 2463 3153 2506 autem
3181 2460 3228 2507 cl
3275 2452 3517 2505 alterum

233 2532 578 2589 Vaticanum
612 2546 873 2607 sequente
902 2539 1137 2605 saeculo;
1168 2544 1544 2591 verumtamen
1584 2539 1795 2607 primus
1834 2520 2203 2595 Vaticanuse
2248 2520 2564 2610 pervetusto
2602 2541 2784 2609 aliquo
2834 2541 3131 2610 exemplari
3193 2539 3502 2607 exscriptus

235 2621 368 2687 fuit,
414 2624 620 2678 detrito
669 2626 781 2695 jam
816 2634 869 2701 et
900 2626 1232 2696 quandoque
1277 2625 1483 2691 lacero,
1534 2625 1677 2694 quod
1715 2640 1839 2681 cum
1903 2625 2023 2695 ipso
2070 2625 2321 2696 Procopii
2374 2629 2712 2699 autographo
2753 2627 3011 2681 collatum
3069 2626 3267 2688 fuerat,
3322 2634 3380 2678 ut
3429 2624 3515 2677 in-

236 2712 484 2781 scriptio
512 2712 745 2783 insignis
784 2722 1017 2768 testatur
1065 2714 1121 2767 in
1151 2714 1305 2768 calce
1330 2712 1539 2767 codicis
1563 2711 1785 2782 Procopi

1965 2714 2064 2768 tini
2106 2714 2366 2784 adjecta:
2419 2715 2687 2787 Ἐξισώοη
2750 2714 2892 2769 κατὰ
2927 2715 2987 2769 τὸ
3040 2713 3234 2767 ἑαυτοῦ
3298 2710 3514 2782 πρωτό-

237 2813 437 2856 τυπον.
2162 2867 2171 2874 .
2616 2820 2626 2829 ’

310 2892 483 2946 Nunc
512 2888 647 2945 illud
676 2889 929 2946 dubitare
970 2889 1118 2955 licet,
1170 2897 1353 2945 utrum
1400 2890 1703 2960 Procopius
1732 2891 1876 2945 hanc
1917 2906 2081 2961 quam
2114 2892 2380 2952 habemus
2419 2896 2473 2949 in
2510 2894 2765 2949 manibus
2817 2892 3259 2948 lucubrationem
3328 2893 3548 2947 absol-~

239 2981 413 3044 verit,
448 2994 523 3033 an
558 2978 717 3033 tadio
774 2985 869 3032 aut
908 2979 1095 3033 labore
1140 2978 1317 3033 victus
1356 2978 1682 3047 abruperit:
1722 2978 1940 3033 namin
1971 2978 2237 3039 Romanis
2272 2983 2495 3053 quidem
2539 2984 2826 3039 codicibus
2871 2983 3014 3037 haud
3047 2982 3184 3036 ultra
3240 2980 3514 3036 Genescos

242 3068 562 3140 capitulum
589 3081 720 3121 xvnt
748 3066 1019 3137 procedit.
1051 3064 1233 3132 Quare
1276 3074 1529 3136 superest
1553 3074 1612 3119 ut
1641 3065 1871 3120 aliarum
1917 3066 2378 3125 bibliothecarum
2427 3068 2671 3141 prazl'ecti
2740 3069 2961 3125 codices
3014 3085 3145 3125 suos
3190 3068 3515 3138 inSpiciant,

240 3168 295 3214 et
325 3160 480 3212 banc
520 3156 682 3212 nobis
711 3156 1108 3212 dubitationem
1130 3155 1387 3226 eripiant.
1417 3153 1639 3211 Interim
1669 3166 1800 3210 vero
1854 3155 2156 3213 Christiani
2194 3158 2433 3213 rhetoris
2469 3168 2634 3230 atque
2693 3159 3083 3223 hermeneutrc,
3122 3165 3280 3214 sexto
3309 3157 3517 3213 Christi

241 3244 455 3301 seculo
488 3244 647 3310 clari,
681 3244 843 3314 cujus
867 3244 980 3314 jam
1007 3243 1062 3298 in
1090 3250 1287 3312 quarto
1314 3241 1593 3296 volumine
1645 3241 1766 3309 plus
1829 3254 2051 3299 centum
2085 3246 2349 3315 epistolas
2386 3247 2684 3318 divulgavi,
2733 3247 3026 3301 classicum
3072 3246 3294 3317 Oppido,
3358 3245 3517 3297 lucu-

244 3334 489 3398 ientum,
523 3334 884 3398 uberrimum,
908 3341 963 3386 et
986 3333 1196 3402 jamdiu
1237 3338 1553 3401 exoptatum
1582 3331 1651 3385 ad
1681 3330 1940 3386 Genesim
1991 3334 2445 3387 commentarium
2491 3335 2722 3389 libenter
2776 3334 3070 3387 admodum
3137 3331 3512 3386 connuuditati

242 3424 490 3490 publicas
515 3421 791 3475 exhibeo:
828 3419 998 3491 cujus.
1026 3419 1247 3490 quidem
1296 3420 1485 3475 laudes
1508 3418 1808 3487 praedicare
1834 3418 1964 3488 qttid
1995 3418 2245 3487 interest,
2290 3436 2414 3475 cum
2462 3437 2539 3476 ea:
2587 3421 2893 3490 legentibus
2963 3419 3205 3475 cordatis
3269 3426 3510 3487 pateant,

243 3509 465 3580 ignaris
491 3521 677 3561 autem
710 3516 764 3562 et
795 3506 1030 3577 illepidis
1080 3520 1186 3560 non
1227 3503 1639 3575 sum-agentur?
1667 3505 1828 3560 Certe
1855 3505 2040 3574 operis
2078 3515 2462 3576 argumentum
2527 3516 2690 3576 atque
2721 3506 2976 3559 tractatio
3013 3505 3294 3574 permagni
3331 3504 3505 3559 inter-

241 3609 365 3661 est,
412 3598 487 3652 de
545 3596 732 3649 mumli
786 3606 982 3650 natura
1032 3594 1310 3658 videlicet,
1361 3594 1431 3648 de
1478 3604 1602 3647 ortu
1632 3592 1871 3659 hominis
1911 3600 2078 3662 atque
2106 3594 2227 3663 ejus
2279 3588 2453 3649 libero
2492 3594 2743 3659 arbitrio,
2784 3593 2852 3647 de
2913 3593 3073 3660 culpa
3129 3590 3396 3660 principe,
3454 3594 3518 3644 de

246 3683 560 3738 Ιιοιιιίεἰόίο
588 3683 785 3754 primo,
822 3683 890 3737 de
918 3682 1125 3737 diluvio
1153 3690 1210 3736 et
1233 3696 1383 3747 arca,
1414 3679 1483 3735 de
1518 3680 1740 3734 humani
1779 3680 1998 3750 generis
2055 3681 2394 3737 incremento
2440 3695 2504 3734 ac
2569 3680 2885 3735 diﬂ'usione.
2921 3678 3205 3734 Accedunt
3259 3679 3517 3748 antiquo-

242 3787 372 3826 rum
410 3771 781 3839 interpretum
835 3778 999 3838 atque
1049 3769 1353 3824 editionum
1413 3768 1680 3823 lectiones
1739 3766 1906 3820 varia:
1934 3784 1999 3822 ex
2049 3767 2302 3840 Origenis
2337 3767 2597 3838 Hexaplis
2632 3783 2662 3821 a
2694 3760 2964 3837 ProcOpio
3014 3766 3144 3821 olim
3186 3765 3513 3835 desumptm.

244 3877 373 3931 qua:
404 3875 564 3914 nunc
606 3860 673 3913 ad
702 3859 891 3914 eadem
938 3856 1184 3928 Hexapla
1224 3860 1366 3929 (qua?
1396 3873 1496 3929 pro
1560 3856 1769 3913 viribus
1827 3854 2268 3911 Montlauconius
2336 3852 2605 3924 restituit)
2656 3854 2993 3924 postliminio
3056 3852 3328 3907 redibunt.
3379 3852 3516 3906 Cum

244 3960 443 4004 autem
488 3955 606 4000 tota
643 3946 955 4002 lucubratio
1023 3961 1091 4001 ex
1125 3946 1478 4017 antiquorum
1512 3946 1735 4001 Patrum
1773 3944 1996 4013 scriptis
2029 3948 2288 4012 congesta
2322 3941 2416 4005 sit,
2469 3940 2718 4011 profecto
2754 3940 3021 3995 habemus
3073 3939 3514 3993 hermeneutices

242 4051 434 4106 genus
465 4031 734 4097 solidum,
792 4032 1210 4102 doctrinamque
1257 4033 1654 4098 authenticam,
1701 4047 1867 4102 quam
1914 4045 2016 4101 ego
2044 4030 2262 4100 quidem
2308 4042 2421 4099 pra:
2464 4027 2746 4084 hodiernis
2794 4027 2980 4083 multis
3028 4026 3517 4098 grammaticorum

246 4123 499 4189 argutiis
536 4129 595 4177 et
626 4121 1024 4191 philologorum
1060 4121 1383 4176 commentis
1412 4120 1566 4191 sequi
1599 4121 1807 4175 malim.

320 4210 523 4278 Longe
568 4208 676 4260 alia
712 4208 853 4262 ratio
898 4214 980 4262 est
1020 4206 1403 4262 commentarii
1445 4207 1750 4278 imperfecti
1795 4209 1853 4262 in
1893 4208 2182 4263 Canticum
2225 4205 2560 4273 Salomonis,
2589 4220 2751 4277 quem
2827 4204 2929 4260 sub
2980 4204 3227 4275 ejusdem
3264 4202 3516 4272 Procopii

246 4300 337 4351 vix
372 4296 561 4351 dubio
617 4296 838 4351 nomine
889 4309 956 4350 es
1003 4294 1112 4350 alio
1165 4293 1357 4350 codice
1400 4298 1690 4351 eruimus:
1742 4296 1791 4350 is
1829 4296 1974 4351 enim
2014 4295 2083 4350 ob
2131 4294 2522 4350 declarandam
2568 4292 2949 4348 tantummodo
3001 4292 3296 4347 scribentis
3349 4295 3519 4360 pieta-

245 4398 360 4441 tem
399 4384 681 4454 scriptus,
730 4397 912 4455 neque
953 4383 1119 4438 ullam
1152 4384 1474 4440 historicam
1504 4400 1615 4455 pra:
1646 4400 1706 4441 se
1746 4384 1852 4440 fert
1904 4383 2293 4449 eruditionem,
2332 4397 2508 4454 neque
2561 4383 2627 4439 ad
2659 4382 2843 4454 operis
2897 4382 3194 4453 superioris
3248 4393 3509 4452 pr$8l‘tlt-

246 4475 387 4528 tiam
424 4487 674 4542 prorsus
697 4471 956 4541 assurgit.

319 4630 403 4699 (ί)
436 4624 493 4681 J.
527 4626 599 4679 A.
634 4621 951 4682 Fabricius.
987 4624 1083 4680 Bib
1111 4624 1206 4681 Gr.
1242 4626 1330 4682 ed.
1362 4641 1487 4682 nov.
1527 4634 1569 4681 t.
1601 4624 1716 4689 νη,
1740 4641 1792 4696 p.
1829 4625 1952 4683 565.
