3922 6230
385 413 450 481 ιι)
1688 389 2040 452 PROCOPII
2078 391 2318 451 GAZA‘II
3555 389 3627 454 20
3675 419 3683 426 -

387 541 662 556 ᾕ--ιῇ-

610 555 613 556 ,
627 555 638 556 γ

685 537 3602 572 W

1059 772 2100 957 PBOGOPII
2204 773 2938 952 GAZ/EI

1715 1120 2340 1213 SOPHISTJE

1267 1367 1426 1492 IN
1534 1360 2730 1538 OCTATEUCHUM

595 1623 770 1689 SIYE
807 1624 1138 1690 PRIORES
1174 1621 1360 1686 OCTO
1397 1621 1726 1684 VETERIS
1763 1620 2253 1681 TESTA‘MENTI
2295 1617 2570 1678 LIBROS
2607 1617 2964 1690 ANTIQUAE
3015 1617 3414 1680 LECTIONIS

1501 1809 2504 1928 COMMENTARII

1823 2044 1953 2082 NUNC
1993 2042 2186 2083 I'BISICM

883 2217 947 2265 IQX
1005 2213 1374 2263 AN'HQUISSIIO
1428 2213 1612 2253 GBECO
1646 2211 1814 2257 EOQUE
1844 2209 2198 2248 MANUSCRII‘TO
2232 2211 2432 2252 CODICE!

1584 2213 1612 2253 Γ)
1646 2211 1814 2257 Ευρυε
1844 2209 2198 2248 MANUSCRH‘TO
2232 2211 2460 2252 CODICEM
2509 2215 2558 2253 IN
2606 2213 2838 2252 LATINCH
2877 2213 3133 2258 CORVEBSI

1594 2379 1760 2434 Claud.
1796 2377 2106 2438 Thrasybulo
2139 2383 2436 2443 interprete.

573 2544 670 2586 ἰιθι
900 2577 907 2584 .
957 2569 964 2576 -
1975 2551 2048 2575 ε’*-

1101 2703 1465 2768 JACOBUS
1505 2698 1938 2769 GESNERUS
2000 2707 2521 2774 CHRISTJANO
2566 2708 2952 2776 LECTORI.

470 2869 794 2939 Quanquam
824 2876 879 2924 et
933 2879 1122 2926 nostra
1154 2872 1316 2927 nobis
1351 2871 1691 2928 conscientia
1727 2884 1778 2930 et
1804 2877 1990 2932 emissi
2033 2879 2085 2932 in
2122 2879 2297 2935 lucem
2331 2896 2395 2934 ex
2436 2883 2650 2940 oﬂieina
2680 2889 2868 2937 nostra
2913 2881 3038 2937 libri
3080 2880 3452 2937 testimonium
3485 2879 3634 2937 loeu~

401 2958 767 3026 pletissimum
814 2957 1136 3028 perhibeant
1167 2959 1580 3045 typographicis
1626 2960 1712 3016 his
1751 2961 2055 3036 laboribus,
2085 2979 2186 3018 nos
2217 2979 2327 3019 non
2365 2975 2474 3021 tam
2517 2978 2761 3024 nostram
2799 2981 2962 3037 quam
3013 2967 3332 3022 litterariam
3363 2965 3634 3036 publicam

399 3059 520 3098 rem
559 3054 811 3115 spectare
841 3046 1200 3101 consuevisse
1240 3065 1254 3100 :
1299 3061 1364 3101 ac
1395 3056 1680 3116 propterea
1726 3063 1834 3100 non
1868 3063 2093 3106 necesse
2128 3051 2358 3106 habeam
2407 3055 2663 3124 cuiquam
2709 3055 2792 3110 vel
2825 3061 3022 3124 nostra
3057 3053 3235 3110 studia
3265 3054 3517 3123 probare,
3551 3051 3638 3105 vel

397 3133 605 3188 librum
635 3133 785 3191 hunc
821 3132 1038 3202 magnis
1061 3133 1318 3190 laudibus
1351 3135 1587 3190 vehere:
1621 3135 1720 3190 sed
1749 3136 1969 3190 credam
1997 3137 2177 3206 potius
2197 3139 2328 3194 vino
2361 3121 2624 3196 vendibili
2646 3155 2920 3210 suspensa
2955 3121 3153 3194 hedera
3185 3121 3452 3207 opusnon
3488 3143 3635 3201 esse,

399 3230 584 3278 tamen
623 3230 684 3280 ut
715 3221 1016 3292 intelligas,
1047 3222 1294 3278 studiose
1334 3223 1527 3287 lector,
1549 3233 1768 3293 quanta:
1793 3239 1858 3278 ex
1893 3223 1998 3279 boc
2019 3225 2164 3279 libro
2195 3226 2488 3297 diligenter
2509 3228 2654 3282 lecto
2687 3228 2958 3282 utilitates
2985 3224 3192 3296 percipi
3229 3231 3453 3293 queant,
3486 3223 3635 3291 quod

401 3309 582 3367 solent
608 3309 701 3364 alii
728 3307 910 3364 facere
939 3310 1296 3380 typographi,
1320 3309 1579 3380 quodque
1611 3327 1735 3366 eum
1773 3311 1908 3365 mihi
1941 3319 2057 3366 tum
2089 3312 2322 3369 Andrem
2353 3313 2510 3368 fratri
2545 3314 2690 3369 facto
2727 3329 2867 3383 Opus
2909 3327 3034 3368 esse
3059 3310 3372 3372 videbatur,
3415 3307 3623 3373 aliquid

399 3396 468 3448 de
488 3396 760 3466 Procopio
789 3403 954 3464 atque
983 3398 1148 3452 etiam
1179 3396 1281 3451 hoc
1320 3396 1441 3466 ejus
1476 3397 1880 3453 Commentario
1920 3397 2212 3466 praefabor.
2245 3400 2324 3456 Ac
2353 3401 2420 3456 de
2472 3402 2594 3472 ipso
2645 3399 2865 3471 quidem
2910 3398 3200 3467 Procopio,
3235 3395 3498 3466 quoniam
3531 3409 3635 3448 nec

398 3482 653 3544 Photium
679 3485 1072 3556 patriarcham,
1105 3487 1200 3555 qui
1247 3501 1372 3541 cum
1415 3485 1484 3540 de
1517 3501 1584 3542 eo
1616 3485 1737 3555 ipso
1766 3495 1882 3540 tum
1917 3487 1984 3542 de
2020 3489 2168 3540 omni
2205 3488 2543 3558 scriptorum
2577 3503 2776 3559 genere
2807 3486 3027 3542 duobus
3055 3485 3215 3539 libris
3267 3482 3454 3538 Gratce
3501 3483 3641 3536 seri-

401 3574 541 3646 psit,
573 3573 630 3628 in
681 3583 935 3642 promptu
967 3573 1140 3629 habeo
1171 3591 1184 3627 :
1217 3588 1320 3628 nec
1357 3573 1726 3642 praedicandis
1778 3573 1916 3628 tanti
1948 3574 2050 3628 viri
2095 3573 2351 3631 laudibus
2388 3577 2506 3645 ipse
2547 3575 2782 3640 sutlicio,
2819 3589 2996 3644 pauca
3034 3587 3260 3644 possum
3293 3571 3495 3625 dicere.
3532 3567 3640 3623 Sed

404 3661 691 3730 quoniam,
723 3665 786 3716 ut
819 3659 1003 3714 Ovidii
1037 3659 1220 3714 verbis
1250 3666 1392 3722 utar,
1419 3659 1754 3715 conveniunt
1783 3657 1912 3714 fatis
1937 3660 2160 3717 nomina
2186 3677 2331 3732 sape
2361 3663 2480 3718 suis
2509 3681 2523 3716 :
2557 3663 2682 3732 quis
2711 3662 2816 3718 sibi
2843 3677 2950 3716 non
2982 3660 3148 3723 ausit,
3174 3660 3258 3715 vel
3291 3657 3480 3712 audito
3507 3655 3642 3710 Pro—

403 3749 547 3820 copii
585 3747 829 3816 nomine,
865 3745 1112 3817 μεγάλην
1145 3747 1452 3819 προκοπήν,
1485 3746 1592 3801 hoc
1621 3755 1706 3802 est
1737 3747 1990 3816 ingentes
2021 3762 2347 3819 progressus
2376 3750 2646 3819 polliceri,
2683 3749 2729 3805 si
2754 3749 2977 3819 quidem
3011 3749 3182 3804 hosce
3209 3747 3330 3816 ejus
3355 3745 3410 3799 in
3435 3744 3638 3799 Mosem

303 3908 310 3915 I
405 3847 574 3908 atque
628 3836 684 3891 in
735 3850 956 3891 sacram
1000 3833 1299 3893 liistoriam
1353 3835 1786 3891 commentarios
1834 3844 2092 3891 accurate
2121 3835 2447 3906 perlegerit?
2494 3836 2628 3902 Quis
2678 3834 2882 3890 Gazam
2931 3835 3163 3905 patriam
3203 3833 3432 3887 audiens
3463 3871 3478 3894 ,
3520 3843 3642 3899 qua'

405 3923 628 3990 civitas,
665 3924 810 3987 sive,
835 3921 904 3978 de
933 3937 1045 3992 quo
1092 3921 1254 3979 divus
1294 3920 1656 3993 Hieronymus
1694 3921 1989 3989 dubitavit,
2023 3931 2181 3979 vetus
2219 3923 2313 3976 illa
2349 3922 2538 3977 fuitin
2578 3930 2738 3992 quam
2770 3922 2913 3977 bello
2951 3931 3143 3978 contra
3183 3919 3478 3991 Egyptum
3520 3933 3645 3972 sus-

409 4019 574 4078 cepto
604 4027 633 4063 a
665 4010 934 4080 Cambyse
967 4007 1258 4064 Persarum
1295 4024 1420 4078 rege
1445 4024 1579 4079 opes
1621 4011 1786 4079 regite
1809 4019 2166 4080 comportatae
2188 4008 2468 4064 Persicum
2509 4010 2616 4065 hoc
2643 4025 2845 4066 nomen
2877 4009 3000 4065 urbi
3039 4009 3292 4064 indidere
3327 4025 3342 4061 :
3382 4007 3496 4060 sive
3526 4004 3646 4057 haec
3699 4028 3713 4039 ο

411 4097 532 4166 ipsa
567 4095 670 4148 fuit
704 4110 868 4164 quam
908 4101 1126 4149 constat
1157 4095 1322 4148 etiam
1366 4103 1678 4164 erpugnata
1706 4094 1894 4150 Judaaa
1931 4094 2203 4151 celebrem
2261 4103 2316 4151 et
2351 4095 2640 4152 fecundam
2668 4097 2898 4154 Christo
2951 4095 3124 4151 fuisse
3156 4113 3170 4150 :
3207 4108 3318 4149 non
3371 4091 3646 4160 intelligat

406 4198 538 4238 sane
561 4197 724 4252 quam
761 4181 1082 4252 praeclaram
1115 4180 1372 4251 utrinque
1406 4179 1670 4252 aﬂulgere
1703 4173 1895 4238 divitis
1917 4183 2161 4238 thesauri
2185 4197 2338 4252 spem
2361 4191 2416 4239 et
2445 4183 2956 4255 exspectationem?
2985 4184 3052 4238 Et.
3084 4182 3212 4238 vitae
3239 4180 3385 4251 quod
3419 4186 3648 4235 secutus

406 4279 492 4326 cst
517 4285 692 4338 genus
713 4270 880 4325 etiam
908 4268 1087 4337 ipsum
1112 4276 1438 4338 argumento
1460 4275 1544 4323 est
1570 4267 1899 4338 Procopium
1942 4269 2111 4332 hunc,
2144 4284 2256 4324 non
2293 4270 2458 4326 modo
2498 4272 2796 4327 multarqu
2833 4281 2890 4327 et
2927 4271 3205 4326 variarum
3238 4283 3422 4324 rerum
3453 4263 3646 4335 cogni-

411 4370 636 4422 ttonem,
664 4371 854 4412 verum
879 4356 1047 4417 etiam
1082 4370 1363 4415 summam
1389 4355 1445 4410 in
1477 4356 1806 4426 exponendo
1833 4356 2153 4411 facultatem
2176 4365 2231 4412 et
2252 4356 2574 4414 felicitatem
2601 4359 2709 4415 sibi
2737 4372 3062 4430 comparare
3086 4355 3357 4426 potuisse.
3375 4352 3650 4421 Sophiste

409 4461 555 4500 enim
587 4445 642 4499 ιιι
671 4444 880 4501 Graecia
914 4445 1188 4514 quondam
1235 4443 1650 4514 appellabantur
1683 4444 1737 4498 hi
1779 4444 1873 4514 qui
1913 4443 2075 4500 ludos
2106 4445 2448 4515 aperiebant,
2494 4445 2551 4499 in
2583 4447 2786 4516 quibus
2821 4445 2903 4500 sic
2947 4441 3325 4513 philosophari
3373 4440 3646 4504 solebant,

415 4547 476 4588 ut
511 4533 796 4604 sapientiae
827 4533 1029 4600 pariter
1056 4542 1220 4602 atque
1242 4533 1571 4602 elaquentia:
1609 4531 1881 4602 principia
1907 4531 2174 4587 docerent
2203 4547 2217 4586 :
2256 4533 2450 4602 quales
2482 4531 2707 4587 fuerunt
2753 4532 3045 4594 lsoerates,
3073 4529 3282 4594 Theon,
3315 4523 3647 4596 Aphtonius,

412 4623 803 4693 Hermogenes.
837 4621 1119 4686 Libanius,
1153 4621 1540 4687 Philostratus,
1571 4629 1626 4676 et
1659 4621 1753 4675 alii
1786 4621 2092 4683 innumeri,
2115 4619 2208 4689 qui
2242 4619 2348 4674 sibi
2375 4617 2620 4674 creditos
2672 4617 3052 4672 adolescentes
3079 4630 3203 4670 cum
3249 4613 3499 4668 doctrina
3533 4621 3650 4665 tum

415 4713 616 4780 pietate
643 4711 976 4764 imbuerunt.
1007 4707 1124 4774 Quo
1172 4709 1419 4778 profecto
1463 4709 1646 4764 studio
1679 4708 1784 4764 hoc
1832 4710 2117 4764 consecuti
2160 4717 2310 4772 sunt,
2345 4713 2406 4760 ut
2441 4705 2512 4760 ob
2547 4704 2838 4776 praebitum
2875 4704 2995 4760 suis
3029 4703 3379 4760 auditoribus
3407 4699 3651 4756 salubris

411 4796 754 4851 educationis
803 4795 1061 4856 ullieium,
1094 4795 1350 4852 omnibus
1395 4795 1712 4850 hominibus
1744 4797 1800 4852 in
1855 4795 2157 4866 primisque
2191 4793 2532 4862 principibus
2567 4791 2938 4861 undequaque
2987 4789 3126 4845 viris
3176 4785 3469 4841 venerandi
3496 4785 3651 4854 juxta

413 4903 478 4939 ac
506 4883 658 4939 cbari
695 4883 874 4938 forent
907 4903 921 4939 :
959 4883 1218 4953 deinceps
1242 4892 1297 4938 et
1345 4883 1630 4954 sapientia:
1660 4883 1886 4938 nomine
1922 4881 2153 4935 multum
2189 4877 2522 4933 auctoritate
2551 4877 2802 4934 valerent
2839 4870 2985 4946 apud
3022 4874 3413 4946 philosophos,
3444 4880 3499 4926 et
3535 4871 3653 4926 elo-

412 4972 650 5043 quentiae
680 4972 894 5026 laudent
921 4970 1064 5042 apud
1111 4978 1356 5028 oratores
1400 4969 1733 5026 obtinerent.
1775 4968 2150 5035 Quamobrem
2189 4981 2380 5022 eorum
2431 4966 2700 5021 orationis
2733 4981 2909 5037 genus
2950 4965 3004 5018 in
3055 4962 3296 5019 Oratore
3316 4977 3419 5016 suo
3457 4958 3652 5014 Cicero

413 5062 614 5115 mirum
644 5060 698 5114 in
749 5059 969 5113 modum
1001 5058 1209 5123 laudat,
1239 5072 1305 5113 ac
1333 5057 1470 5111 dicit
1515 5071 1639 5112 esse
1670 5056 1854 5118 dulce,
1890 5055 2158 5119 solutum,
2192 5054 2440 5120 etlluens,
2475 5053 2768 5110 sententiis
2801 5062 3085 5124 argutum,
3111 5050 3300 5106 verbis
3345 5062 3568 5110 sonans,
3597 5053 3653 5101 et

414 5161 593 5204 totum
621 5146 892 5218 epidictici
925 5145 1160 5216 generis,
1197 5143 1343 5214 quod
1378 5143 1482 5198 sibi
1507 5142 1768 5197 videatur
1794 5142 2076 5214 proprium
2114 5142 2487 5212 sophistarum
2523 5156 2668 5196 esse.
2701 5141 2834 5206 Quae
2861 5155 2986 5194 eum
3023 5141 3098 5194 ita
3135 5138 3268 5201 sint,
3299 5139 3464 5192 etiam
3505 5133 3653 5188 hunc

417 5237 717 5306 sophistam
767 5244 1022 5288 nostrum
1068 5242 1124 5286 et
1173 5247 1354 5286 rerum
1388 5231 1455 5286 ad
1490 5230 1710 5286 divinas
1759 5247 1848 5286 res
1878 5231 2259 5300 percipiendas
2285 5229 2406 5283 utili
2442 5229 2761 5298 cognitione
2813 5227 3125 5297 praaditum,
3181 5235 3236 5279 et
3269 5223 3325 5278 in
3365 5223 3477 5285 illo,
3505 5218 3652 5289 quod

417 5340 698 5380 sacrarum
727 5322 1056 5376 Litterarum
1089 5317 1402 5372 tractationi
1439 5318 1491 5370 in
1525 5317 1718 5387 primis
1739 5326 1824 5375 est
1857 5319 2350 5382 accommodatum,
2381 5317 2704 5386 ὲκφρᾶσεως
2735 5315 2850 5370 sive
2883 5315 3064 5370 tenuis
3106 5324 3160 5368 et
3192 5312 3413 5368 subtilis
3438 5307 3658 5378 exposi-

417 5415 586 5470 tionis
617 5427 815 5484 genere
855 5411 993 5466 bene
1017 5414 1294 5462 versatum
1321 5404 1504 5461 fuisse
1535 5421 1763 5462 necesse
1799 5417 1900 5462 est.
1941 5405 2172 5459 Tantam
2199 5420 2330 5459 vero
2364 5403 2672 5457 doctrinam
2709 5411 2762 5458 et
2807 5400 3180 5470 eloquentiam
3215 5397 3286 5453 ad
3331 5396 3660 5452 Christianae

415 5482 778 5572 philosophiae
799 5497 1183 5552 tractationem
1209 5493 1462 5548 attulisse
1489 5494 1681 5563 quanti
1713 5493 1934 5558 referat,
1966 5493 2222 5563 quoniam
2259 5491 2562 5562 Gregorius
2584 5489 3002 5551 Nazianzenus,
3023 5487 3476 5558 Cbrysostomus,
3507 5482 3659 5538 Basi-

416 5571 546 5655 lius,
582 5590 824 5658 itemque
869 5603 934 5642 ex
969 5585 1180 5639 Latinis
1210 5583 1575 5653 Augustinus.
1635 5581 2036 5653 Hieronymus,
2093 5580 2438 5645 Lactantius,
2494 5581 2699 5649 aliique
2755 5577 2938 5646 magni
2993 5577 3048 5628 in
3097 5573 3341 5628 Ecclesia
3393 5572 3494 5625 viri
3540 5571 3652 5624 suis

415 5677 682 5747 exentpl's
727 5677 828 5744 ipsi
875 5675 1128 5744 probant,
1165 5687 1275 5726 non
1310 5687 1449 5740 opus
1481 5678 1566 5726 est
1599 5686 1685 5726 me
1719 5671 1874 5740 plura
1918 5671 2121 5724 dicere.
2157 5668 2426 5722 Caeterum
2471 5675 2531 5720 ut
2575 5667 2786 5721 leonem
2817 5680 2880 5718 ex
2932 5662 3204 5732 unguibus
3231 5659 3489 5722 :estimes,
3521 5673 3661 5726 epus

421 5746 603 5834 ipsum
643 5763 853 5830 inspice
883 5771 935 5816 et
975 5761 1262 5816 considera
1294 5777 1305 5812 :
1334 5769 1387 5816 et
1415 5759 1690 5828 intelliges
1731 5758 1930 5814 iactam
1967 5775 2090 5814 esse
2127 5757 2222 5811 tihi
2270 5771 2420 5826 spem
2465 5756 2690 5808 minime
2721 5767 2914 5807 vanam
2963 5751 3302 5818 minimeque
3330 5747 3571 5801 dubiam.
3605 5746 3660 5799 In

364 5846 368 5850 ’
427 5866 561 5930 quo,
593 5851 640 5908 si
690 5867 826 5921 quas
856 5865 968 5916 res,
998 5850 1291 5920 quomodo,
1331 5849 1530 5920 quibus
1555 5847 1736 5902 verbis
1782 5857 2018 5918 exponat
2054 5845 2371 5902 cousilcres
2409 5861 2422 5896 :
2463 5843 2708 5914 profecto
2741 5853 2792 5896 et
2826 5841 2889 5894 ad
2941 5837 3215 5908 publicam
3255 5834 3568 5896 utilitatem,
3605 5841 3661 5887 et
