3922 6230
278 342 347 413 Si
1416 356 1852 420 COMMENTA]

1998 359 2078 419 IN
2106 359 2468 423 (ςΕΝΕςΙΜ.
3475 359 3553 422 22

285 461 706 518 delectationem
744 464 1086 536 singulorum
1122 466 1266 523 facta
1294 468 1630 525 videbuntur
1664 472 1870 526 omnia.
1899 474 2005 528 Eas
2035 475 2178 537 enim
2206 489 2294 528 res
2327 474 2484 528 all‘ert
2529 490 2668 544 quas
2699 491 2808 530 non
2847 473 3052 542 passim
3088 474 3293 530 habeas
3327 474 3541 537 obvias,

285 550 386 605 sed
420 565 559 621 quas
586 552 705 622 ipse
729 569 793 607 ex
827 556 1025 624 priscis
1056 557 1235 626 iisque
1272 560 1566 628 praecipuis
1602 560 1896 630 theologis,
1922 571 1975 613 ut
2007 560 2358 630 Symmacho,
2385 561 2784 628 Theodotione,
2816 562 3042 632 Aquila,
3075 572 3130 616 et
3161 563 3283 617 aliis
3313 578 3545 631 quorum

284 652 396 691 non
442 639 675 709 amplius
705 650 926 696 exstant
957 658 1145 712 opera,
1181 644 1536 714 depromptas
1588 646 1772 700 habet.
1810 646 1931 701 Jam
1965 646 2010 700 si
2060 648 2220 699 laude
2256 648 2407 717 digni
2440 656 2589 713 sunt,
2623 657 2678 703 et
2723 649 2887 705 utiles
2944 650 3088 705 lcetu
3135 649 3283 713 libri,
3311 649 3404 719 qui
3461 665 3549 702 t'rs

282 740 353 778 ex
383 726 455 781 iis
483 742 624 795 quos
654 730 790 783 alias
824 729 876 782 in
918 740 1169 798 promptu
1225 733 1490 787 habemus
1522 735 1892 802 scriptoribus
1932 734 2196 789 collectas
2223 744 2275 788 et
2307 750 2409 789 suo
2437 735 2559 790 loco
2598 735 2863 792 adductas
2892 736 3138 791 habent:
3172 747 3383 806 quanto
3437 750 3551 788 ma-

278 811 411 880 jore
445 813 606 867 laude
636 815 804 884 digna
842 815 1006 871 fuerit
1039 828 1093 872 et
1126 821 1313 873 utilior
1336 820 1675 889 lucubratio,
1708 823 1761 875 in
1794 836 1899 889 qua
1931 834 2032 875 ceu
2077 834 2209 888 gaza
2258 818 2477 874 Persica
2508 821 2802 876 thesaurus
2838 822 3030 898 ingens
3064 823 3261 892 prisca:
3300 822 3553 876 let-tinnis

283 911 341 953 et
371 901 727 970 antiquitatis
759 906 1109 979 ostenditian
1150 907 1254 962 Sed
1288 918 1339 961 et
1374 923 1495 962 eam
1530 908 1584 962 in
1616 908 1942 978 exponendo
1983 908 2253 961 rationein
2294 915 2500 974 servat,
2530 919 2593 963 ut
2622 911 2764 964 citra
2799 908 3083 965 fastidium
3112 910 3382 980 quidquid
3414 911 3551 965 scitu

287 985 523 1055 dignum
575 997 662 1043 est
710 992 972 1059 cognosci
1018 1002 1182 1061 queat
1216 1011 1230 1058 ;
1264 993 1485 1063 quando
1535 997 1587 1049 in
1630 996 1895 1066 gravibus
1934 1005 1989 1050 ct
2036 996 2217 1065 magni
2269 996 2534 1051 momenti
2590 997 2993 1066 quaestionibus
3030 999 3293 1067 copiosus
3343 1008 3447 1064 est,
3498 1000 3552 1053 in

286 1073 471 1141 planis
500 1082 552 1128 et
601 1073 854 1132 incilibus
900 1079 1105 1143 brevis,
1132 1080 1187 1133 in
1226 1080 1295 1135 iis
1323 1097 1444 1149 quae
1477 1082 1629 1151 prius
1662 1094 1849 1139 essent
1888 1084 2029 1138 dicta
2074 1086 2216 1139 adeo
2242 1085 2517 1149 succisus,
2556 1094 2616 1139 ut
2660 1086 2796 1140 nihil
2830 1086 3051 1142 omnino
3099 1087 3184 1142 his
3210 1087 3419 1142 dixisse
3469 1090 3551 1141 vi-

288 1162 697 1228 deaturuﬂuod
728 1166 811 1218 vel
866 1182 932 1220 ex
961 1183 1025 1222 eo
1058 1171 1177 1237 ipso
1236 1171 1586 1239 perspicuum
1643 1184 1751 1237 est,
1793 1173 1938 1241 quod
1992 1172 2047 1225 in
2081 1172 2292 1241 priores
2341 1172 2512 1226 libros
2565 1173 2737 1227 multo
2788 1189 2953 1245 quam
3006 1174 3081 1229 in.
3105 1175 3445 1244 posteriores
3482 1176 3553 1231 sit

290 1249 515 1319 longia
549 1253 847 1319 expositio.
883 1255 952 1306 At
986 1263 1098 1308 toto
1131 1255 1234 1309 hoc
1280 1258 1422 1313 libro
1450 1274 1646 1328 puram
1682 1271 1732 1314 et
1766 1260 2133 1315 iuatTectatam
2163 1259 2385 1314 dicendi
2427 1258 2656 1317 formam
2690 1268 2898 1324 servat,
2931 1276 3163 1330 eamque
3212 1272 3264 1315 et
3295 1278 3553 1317 srt‘tnone

288 1338 545 1405 populari
574 1341 886 1407 tersiorem,
916 1351 969 1395 et
1006 1343 1225 1396 sublimi
1250 1345 1517 1414 gravitate
1545 1349 1716 1400 multo
1751 1348 2186 1402 submissiorem.
2217 1347 2390 1413 Quam
2418 1346 2584 1401 etiam
2617 1346 2891 1418 interpres
2928 1363 3148 1418 quoquo
3177 1350 3340 1404 modo
3377 1352 3554 1419 potuit

295 1425 551 1482 imitatus
578 1438 909 1498 e5t,-nempe
958 1440 1016 1483 ut
1058 1431 1122 1485 ad
1170 1431 1419 1488 Graecum
1467 1437 1777 1504 exeinp‘um
1812 1434 2001 1489 Latina
2043 1436 2333 1489 translatio
2365 1449 2528 1504 quam
2583 1435 2837 1506 proxime
2873 1436 3184 1492 accederet.
3224 1435 3301 1490 Ex
3350 1439 3552 1507 quibus

292 1512 556 1567 omnibus
611 1515 915 1585 multisque
961 1517 1012 1571 in
1051 1519 1298 1573 eamdem
1342 1523 1672 1577 sententiain
1720 1523 1843 1578 aliis
1882 1538 2005 1593 qua:
2061 1521 2312 1578 studiose
2370 1532 2660 1591 praetereo,
2691 1524 2929 1593 perspici
2980 1531 3181 1590 potest,
3236 1541 3335 1580 nos
3389 1525 3553 1593 hujus

297 1596 545 1653 editione
582 1600 706 1655 libri
763 1603 994 1671 perinde
1040 1605 1272 1673 publicze
1307 1618 1470 1676 atque
1518 1616 1722 1665 nostra:
1756 1609 1978 1664 utilitati
2028 1610 2331 1674 studuisse,
2379 1611 2602 1681 haecque
2649 1620 2742 1666 tua
2798 1613 2994 1683 magis,
3058 1629 3089 1666 ο
3130 1613 3326 1673 lector.
3387 1629 3552 1682 quam

288 1692 484 1738 nostra
512 1701 680 1742 causa
714 1690 908 1758 paucis
940 1690 1153 1760 praefari
1184 1695 1440 1750 volmsse.
1473 1695 1627 1761 Vale,
1668 1706 1721 1751 et
1746 1714 1885 1768 quos
1923 1699 2108 1754 animo
2139 1699 2375 1771 benigno
2410 1700 2733 1771 liberalique
2768 1702 2987 1767 damus,
3025 1711 3082 1756 tu
3115 1712 3271 1773 grata
3300 1711 3353 1758 et
3389 1703 3549 1757 uiiirii

297 1771 435 1827 bene
468 1791 709 1832 tuentore
758 1788 943 1838 mente
990 1784 1177 1855 accipe
1226 1782 1422 1840 doctos
1453 1792 1501 1840 et
1559 1785 1734 1842 bonos
1769 1785 2024 1858 Procopii
2050 1786 2513 1847 Commentarios.
2547 1791 2774 1859 lterum,
2813 1792 2962 1849 Vale.
3025 1790 3172 1847 Data:
3226 1807 3452 1861 propere
3484 1808 3549 1871 ex

288 1856 512 1913 ofﬁcina
544 1873 755 1920 nostra.
775 1892 778 1894 η
1949 1856 1959 1858 _
2084 1871 2090 1877 ’

296 2054 2359 2100 W

500 2073 505 2076 '
522 2072 527 2075 ‘
582 2072 820 2087 ἡ

2598 2074 3529 2100 Μ

965 2223 2017 2364 ΠΡΟΚΟΠ-ΙΟΥ
2130 2151 2890 2371 ΓΑΖΑΙΟΥ

1512 2458 1936 2513 ΧΡΙΣΤΙΑΝΟΥ
1981 2463 2315 2519 ΣΟΦΙΣΤΟΥ

764 2620 1008 2741 ΕΙΣ
1080 2624 1397 2741 ΤΗΝ
1458 2625 2145 2745 ΤΕΝΕΣΙΝ
2230 2632 3061 2769 ΕΡΜΗΝΕΙΑ.

1028 3016 1996 3215 PROGOPII
2113 3023 2795 3180 GAZAEI

1453 3290 1841 3355 SOPHIST/E
1915 3295 2367 3359 CHRISTIANI

813 3466 1930 3599 COMMENTARII
2032 3474 2197 3603 IN
2311 3477 3009 3611 GENESIM

1859 3741 1941 3761 ιιι-ε

839 3849 1218 3907 IIPOOIMION
1249 3857 1290 3911 ·.
1744 3836 1753 3853 ’
1886 3869 1934 3925 Α

331 3936 493 4007 Ἤδη
526 3935 626 4008 μὲν
645 3939 1025 4011 καὶπρότερον
1056 3944 1193 3999 Θεοῦ
1223 3947 1284 4000 τὸ
1314 3947 1573 4004 δύνασθαι
1607 3955 1852 4027 χορηγήο

2547 3863 2937 3921 PROLOGUS.

2030 3956 2085 4025 ι.
2107 3956 2280 4011 Antea
2314 3956 2556 4027 quidem,
2585 3957 2693 4012 Deo
2732 3960 2927 4028 cmptis
2964 3958 3197 4031 benigne
3228 3962 3532 4031 aspirante,

250 4048 494 4094 ηντος,
535 4031 636 4096 τὰς
696 4033 1182 4119 καταϐεϐλημένας
1215 4041 1280 4093 ἐκ
1308 4039 1418 4095 τῶν
1464 4042 1852 4115 Πατέρωνζκαὶ

1957 4048 2388 4117 conscripsimus
2417 4047 2816 4105 Euarrationes
2850 4051 2903 4104 in
2932 4049 3357 4118 Octateuchum,
3397 4070 3534 4122 qnas

246 4126 376 4177 τῶν
412 4122 593 4175 ἄλλων
634 4123 714 4184 εἰς
756 4124 856 4195 τὴν
900 4125 1260 4199 Ὁκτάτευχον
1303 4130 1591 4203 ἐξηγήσεις
1635 4136 1854 4190 συνελε-

248 4210 512 4282 aegaeon,
542 4208 603 4275 ἐξ
645 4212 1175 4284 ὑπομνημάτωνλκαὶ
1208 4219 1480 4291 διαφόρων
1510 4224 1685 4294 λόγων
1723 4227 1855 4282 ταύ-

248 4319 365 4364 τας
405 4299 813 4372 ἐρανισάμενοι.
858 4304 999 4357 Ἀλλ’
1043 4308 1167 4360 ἐπεὶ
1191 4310 1290 4373 τὰς
1324 4314 1514 4385 ῥήσεις
1548 4317 1719 4382 acea:
1741 4319 1852 4374 τῶν

250 4390 587 4464 ἐπιθεμένων
633 4392 962 4458 αὑτολεξεία
988 4434 1005 4459 ,
1051 4396 1379 4470 ὲξεθέμεθα,
1410 4404 1521 4459 εἴτε
1568 4407 1853 4479 σύμφωνοι

253 4484 409 4556 πρὸς
441 4482 684 4554 ἀλλήλας
725 4485 1025 4557 ἐτύγχανον
1049 4528 1064 4553 ,
1113 4492 1222 4544 εἴτε
1262 4495 1354 4549 καὶ
1410 4497 1486 4567 μὴ
1523 4536 1539 4562 ,
1591 4500 1687 4560 καὶ
1715 4501 1867 4572 πρὸς,-

252 4576 476 4647 πλῆθος
523 4577 747 4649 ἄπειρον
782 4581 913 4649 ἡμῖν
958 4582 1221 4640 ἐντεῦθεν
1248 4586 1310 4639 τὸ
1344 4588 1689 4662 σύγγραμμα,
1711 4610 1852 4666 παρ-

250 4667 527 4732 ετείνετο,
554 4667 794 4720 συνεῖδον
819 4668 914 4723 νῦν
938 4670 1075 4741 πρὸς
1103 4673 1300 4745 μέτρον
1318 4676 1579 4742 εὐσταλὲς
1609 4681 1849 4737 συνελεῖν

250 4759 365 4829 τὴν
385 4760 630 4829 γραφήν.
677 4759 1062 4832 Ἐπειγόμενος
1096 4766 1146 4817 εἰ
1178 4767 1277 4834 μέν
1303 4784 1355 4819 τι
1384 4767 1674 4839 σύμφωνον
1701 4771 1848 4826 διπα-

255 4868 347 4903 σιν
378 4850 620 4920 εἴρηται,
642 4849 802 4904 τοῦτο
835 4852 1131 4922 προσάπαξ
1166 4857 1341 4912 εἰπεῖν
1361 4877 1376 4892 ο
1409 4862 1456 4913 εἰ
1491 4861 1547 4914 δέ
1576 4879 1628 4917 τι
1656 4863 1847 4934 διάφο-

255 4956 380 5010 ρον,
407 4940 506 4993 καὶ
532 4938 688 4993 τοῦτο
728 4941 1011 5013 συντόμως
1048 4946 1305 5003 ἐκθέσθαι
1330 4950 1466 5021 πρὸς
1495 4952 1556 5005 τὸ
1582 4952 1689 5013 διὰ,
1709 4954 1847 5009 πάν-

247 5049 364 5085 των
392 5028 453 5083 ἐν
482 5031 740 5101 γενέσθαι
783 5032 948 5103 σῶμα
976 5036 1075 5108 τῆς
1099 5041 1338 5113 γραφῆς,
1371 5044 1446 5107 ὡς
1471 5045 1589 5108 ἐνὸς
1626 5047 1719 5101 καὶ
1746 5048 1858 5116 μό-.

238 5141 345 5182 νου
382 5123 490 5186 τὰς
521 5123 778 5178 ἁπάντων
802 5125 933 5198 ἡμῖν
971 5128 1266 5202 ἐκθεμένου
1297 5136 1500 5203 φωνάς.
1533 5137 1844 5209 Προσθήσο-

1955 4140 2307 4197 θιΡοιι-ὶδυε
2338 4142 2684 4207 orthodoxis,
2735 4144 2967 4214 aliisque
3018 4146 3383 4216 scriptoribus
3418 4164 3533 4200 ma-

1955 4244 2063 4298 gna
2084 4230 2365 4301 diligentia
2395 4236 2889 4302 comportavimus,
2919 4238 3091 4290 secuti
3141 4237 3291 4289 varia
3338 4253 3535 4289 ttsmttt-

1955 4324 2138 4371 menta
2203 4327 2259 4373 et
2305 4318 2562 4391 homilias
2614 4322 2831 4391 piorum
2894 4324 3203 4378 hominum.
3260 4325 3529 4379 Caeterum

1952 4420 2079 4461 cum
2130 4406 2471 4476 singulorum
2516 4416 2818 4468 sententias
2849 4452 2864 4476 ,
2913 4414 3046 4468 nihil
3091 4415 3255 4468 etiam
3311 4422 3530 4469 mutatis

1913 4498 2133 4565 _verbis
2174 4514 2368 4568 parum
2409 4512 2690 4570 curantes,
2733 4506 2849 4561 sive
2896 4507 3039 4562 inter
3072 4522 3133 4563 se
3167 4508 3532 4563 dissi‘nliirnt
3630 4552 3633 4555 .

1951 4590 2035 4644 vel
2073 4591 2477 4659 consentirent,
2522 4595 2617 4651 illo
2648 4597 2702 4651 in
2735 4612 2900 4667 opere
2946 4600 3133 4654 lectori
3172 4604 3530 4673 proposueri-

1952 4697 2095 4748 mus,
2136 4691 2190 4738 et
2233 4683 2432 4740 exinde
2482 4681 2736 4744 volumen~
2787 4698 3041 4746 nostrum
3095 4692 3148 4747 in
3201 4695 3528 4750 immensum

1950 4776 2207 4841 creverit,
2258 4792 2439 4848 opera:
2483 4782 2719 4850 pretium
2753 4784 2881 4838 duxi
2917 4785 3039 4854 ejus
3085 4787 3382 4844 voluminis
3414 4807 3532 4842 ma-

1949 4869 2290 4937 gnitodinem
2321 4872 2604 4941 paululum
2636 4875 2962 4931 diminuere.
2998 4877 3154 4944 Quod
3193 4887 3249 4932 ut
3282 4896 3530 4935 commo-

1949 4959 2081 5017 dius
2120 4959 2234 5024 liat,
2274 4965 2445 5018 statui
2478 4963 2592 5029 illa,
2634 4966 2687 5020 in
2732 4967 2937 5037 quibus
2971 4969 3303 5023 unanimiter
3330 4986 3529 5026 cultri-.-

1948 5052 2112 5107 niunt
2163 5064 2439 5120 auctores,
2482 5059 2651 5113 semel
2702 5059 2887 5116 dicere
2919 5080 2930 5115 :
2962 5061 3138 5117 sicubi
3181 5078 3312 5116 vero
3358 5062 3528 5118 dissi-

1948 5144 2102 5209 dent,
2147 5156 2203 5200 ut
2262 5156 2321 5202 et
2360 5165 2423 5203 ca
2472 5151 2825 5208 innotescunt
2883 5155 3097 5215 lectori,
3146 5155 3362 5209 decrevi
3420 5156 3521 5211 ista

235 5234 354 5285 μεν
378 5219 438 5273 δέ
466 5231 523 5269 τι
551 5216 646 5270 καὶ
678 5215 880 5281 ἔξωθεν
907 5219 988 5283 el;
1016 5227 1369 5296 τρανωτέραν
1395 5227 1509 5280 ἔσθ’
1541 5229 1628 5283 ὅτε
1656 5233 1839 5301 παρά-

1957 5238 2225 5306 explicare
2269 5255 2432 5308 quam
2477 5244 2849 5311 paucissimis.
2892 5248 3064 5316 Cupio
3099 5247 3242 5303 enim
3276 5248 3521 5302 omnium

306 5464 309 5465 ν
353 5498 388 5529 ⁸
414 5486 553 5545 Cod.
576 5491 913 5558 ὲπιλέξεται.

1532 5417 1760 5487 utqu
1802 5409 2212 5477 LEC'I‘IONES.

1727 5660 1961 5716 NOTAE.

312 5755 385 5826 (⁸)
410 5756 647 5814 Tcxtum
674 5760 924 5818 Gratcum
958 5778 1021 5819 ex
1047 5766 1168 5821 cod.
1207 5768 1325 5825 Vat.
1360 5770 1528 5827 edidit
1556 5772 1687 5842 Aug.
1723 5773 1851 5841 MAI,
1881 5775 2056 5832 Class.
2092 5781 2248 5833 Auct.
2285 5787 2324 5832 t.
2368 5779 2452 5833 Vl.
