3922 6230
350 285 424 351 23
1659 301 1927 362 PROCOI

2053 303 2296 364 eam
3537 305 3611 372 9;,

356 397 841 472 interpretationes
900 403 958 458 in
1009 405 1238 476 perfecti
1289 408 1542 478 corporis
1611 424 1927 468 consonan-

2033 431 2246 468 στασιν.
2301 411 2512 467 Οὐκοῦν
2560 411 2820 482 σννεργὸν
2869 414 3002 482 ἡμῖν
3054 413 3144 468 τὸν
3181 415 3318 470 Θεὸν
3356 416 3612 487 γενέσθαι.

353 491 486 545 tiam
532 492 801 565 redigere,
851 510 919 551 ex
957 511 1070 566 quo
1097 511 1199 554 ceu
1240 497 1391 553 fonte
1433 498 1598 554 unico
1631 500 1794 556 liceat
1821 519 1920 558 no-

2033 506 2381 568 καλέσαντες,
2408 503 2662 558 ἐντεῦθεν
2690 503 3008 574 ἀρξώμεθα.

351 583 436 640 bis
469 587 713 642 omnium
760 591 1178 661 explanationes
1227 593 1472 657 haurire,
1508 595 1670 662 quasi
1713 611 1853 649 unus
1881 604 1937 650 et
1975 600 2126 652 solus
2157 599 2434 667 loquatur.
2469 595 2668 651 Verum
2701 605 2758 650 ut
2789 599 2972 650 omnia
3012 599 3120 650 sint
3157 599 3332 668 magis
3371 599 3612 657 dilucida

353 683 774 755 perspicuaque,
833 688 1112 743 interdum
1173 696 1228 744 et
1277 687 1347 744 de
1397 695 1584 744 nostro
1630 691 1956 760 adjiciemus
1996 692 2223 762 aliquid.
2282 693 2626 762 Quapropter
2686 705 2807 745 cum
2861 699 3070 745 tantum
3119 708 3258 762 opus
3298 695 3608 760 moliamur,

349 779 660 835 consultum
699 780 950 850 judicavi
1005 783 1299 852 implorare
1336 785 1602 838 auxilium
1655 784 1922 848 divinum,
1963 794 2018 840 et
2046 787 2243 840 deinde
2277 801 2388 840 rem
2425 785 2598 854 ipsam
2630 784 2870 854 aggredi.

418 869 649 940 Oportet
704 885 828 926 eum
861 872 957 942 qui
995 887 1218 944 operam
1248 875 1478 932 daturus
1511 884 1597 932 est
1633 875 1934 946 Scriptura:

350 974 542 1027 sacrze,
575 975 686 1016 non
733 963 985 1034 accipere
1015 963 1109 1018 illa
1141 982 1264 1037 quae
1297 967 1370 1022 ibi
1427 969 1738 1034 traduntur,
1771 970 1930 1038 quasi

345 1051 670 1119 proveniant
697 1067 766 1108 ex
797 1054 1116 1110 hominibus
1151 1075 1162 1109 :
1191 1058 1358 1112 altius
1389 1041 1606 1113 initium
1631 1061 1746 1115 sive
1779 1061 1928 1131 prin-

345 1141 550 1211 cipium
597 1145 958 1214 spectandum
993 1164 1118 1203 reor
1151 1169 1163 1203 :
1199 1150 1430 1206 ﬁrmiter
1473 1154 1666 1209 credat
1705 1170 1934 1212 necesse

345 1240 450 1298 est,
494 1235 588 1288 illa
633 1247 992 1294 sacrosancta
1049 1239 1306 1308 dogmata
1370 1258 1434 1296 ex
1486 1245 1604 1313 ipso
1659 1247 1929 1316 originem

347 1341 568 1382 sumere
624 1329 754 1392 Deo,
797 1339 848 1383 et
900 1329 1028 1388 inde
1075 1348 1171 1403 per
1209 1335 1464 1390 homines
1499 1337 1658 1406 quasi
1704 1339 1930 1395 canales

347 1432 448 1473 seu
487 1418 914 1475 instrumentum
947 1421 1016 1476 ad
1051 1437 1152 1480 nos
1183 1441 1527 1496 promanare.
1559 1427 1929 1494 Quemadmo-

346 1505 475 1561 dum
507 1509 655 1564 enim
688 1512 872 1579 regius
910 1513 1178 1577 minister.
1212 1517 1329 1572 sive
1360 1526 1416 1571 tu
1449 1533 1574 1573 eum
1618 1535 1925 1590 praeconem

347 1613 656 1672 nuncupes,
711 1603 854 1672 regis
909 1615 1243 1676 praeceptum
1297 1617 1352 1664 et
1403 1624 1594 1664 vocem
1655 1610 1923 1678 imitatur,

347 1689 590 1747 dicens:
627 1684 779 1748 Iussi
822 1711 836 1747 :
885 1697 1210 1752 sententiam
1254 1707 1398 1752 tuam
1455 1699 1732 1755 declaravi
1777 1719 1792 1755 :
1839 1702 1921 1756 sic

2101 881 2196 932 Δεῖ
2223 878 2314 932 τὸν
2346 878 2638 950 προσιόντα
2666 881 2730 949 τῇ
2764 877 2884 948 θείᾳ
2920 878 3112 948 Γραφῇ
3137 917 3152 942 ,
3188 879 3263 949 μὴ
3293 879 3368 943 ὡς
3397 880 3610 952 ἀνθρὼ-

2032 987 2150 1022 πων
2177 971 2460 1031 εἰπόντων,
2494 969 2606 1022 ἀλλ’
2634 969 2710 1032 ὡς
2742 969 2876 1022 Θεοῦ
2917 969 2984 1022 δι’
3020 963 3202 1023 αὐτῶν
3232 971 3609 1042 φθεγξαμένου

2031 1059 2141 1112 τῶν
2167 1059 2472 1128 εἰρημένων
2509 1059 2749 1112 ἀκούειν.
2781 1059 2992 1129 Ὥσπερ
3012 1059 3123 1130 γὰρ
3154 1061 3432 1132 ὑπηρέτης
3453 1062 3611 1132 βασι-

2035 1150 2183 1212 λικὸς
2201 1149 2464 1218 βασιλέως
2479 1148 2662 1220 φωνὴν
2693 1149 3047 1218 ὑποκρίνεται
3070 1189 3084 1211 ,
3117 1149 3381 1204 ἐκέλευσα
3409 1150 3604 1220 λέγων,

2033 1239 2430 1312 ἐδωρησὰμην,
2463 1238 2636 1302 οὕτως
2669 1241 2718 1293 οἱ
2763 1243 3038 1311 προφῆται
3069 1240 3322 1314 καθάπερ
3363 1243 3608 1312 κάλαμον

2027 1333 2126 1404 τὴν
2177 1331 2424 1402 γλῶτταν
2497 1329 2793 1402 ὀξυγράςρῳ
2861 1331 3195 1404 παρέχονται
3265 1333 3606 1402 γραμματεῖ.

2027 1427 2166 1478 κατὰ
2192 1425 2284 1478 τὸν
2317 1425 2490 1494 μέγαν
2519 1423 2716 1488 Δαϐὶδ,
2749 1422 2844 1476 καί
2875 1439 3008 1491 φασι
3049 1423 3232 1492 τυχόν·
3271 1443 3290 1474 ι
3341 1423 3465 1478 Ἐὰν
3493 1422 3610 1476 ἑθέο

2024 1517 2155 1588 λητε
2187 1513 2282 1570 τεαὶ
2326 1514 2690 1586 εἰσακούσητέ
2740 1531 2864 1584 μου,
2901 1513 2970 1567 τὰ
2999 1513 3180 1582 ἀγαθὰ
3224 1515 3327 1583 τῆς
3369 1515 3472 1581 γῆς
3504 1514 3608 1579 φά-

2023 1608 2212 1678 γεσθε.
2260 1627 2278 1659 ι
2315 1607 2524 1664 Οὐκοῦν
2548 1605 2684 1660 Θεοῦ
2711 1609 2780 1660 τὰ
2813 1606 2969 1674 λόγια
2998 1605 3126 1676 παρ’
3155 1599 3200 1674 ᾧ
3231 1605 3427 1675 ψεῦδος
3456 1604 3608 1658 οὐδὲν

2025 1700 2058 1772 ἢ
2087 1701 2298 1766 ἄλογον.
2331 1700 2443 1754 Καὶ
2481 1701 2566 1754 δεῖ
2609 1700 2708 1753 ὅσα
2759 1697 2862 1768 μὲν
2889 1698 3130 1761 εὐσεϐῶς
3162 1697 3365 1769 δυνήσῃ
3393 1698 3604 1766 νοῆσαι,

344 1781 624 1851 prophetae
669 1785 844 1838 sancti
892 1787 1129 1856 linguam
1163 1791 1322 1857 quasi
1368 1791 1640 1846 calamum
1687 1791 1927 1861 praebent

2033 1795 2247 1863 κρατεῖν
2263 1808 2276 1821 ⁸
2305 1792 2426 1846 εἰδέ
2449 1793 2501 1844 τί
2526 1809 2618 1844 σου
2653 1790 3096 1862 παρατρέχειτὴν
3112 1788 3361 1859 δύναμιν,
3384 1788 3605 1858 eum.

346 1874 814 1931 excellentissimo
855 1879 1077 1946 scribae,
1113 1895 1275 1950 quem
1309 1883 1497 1937 nullus
1530 1884 1774 1952 scriptor
1825 1883 1922 1944 de-

348 1964 614 2031 scribere,
643 1983 743 2024 nec
775 1971 918 2026 ullus
946 1973 1125 2040 pictor
1159 1973 1436 2041 delipeare
1467 1977 1604 2044 quit,
1633 1976 1790 2047 juxta
1823 1978 1926 2031 Da—

2033 1901 2139 1956 ρων
2172 1882 2384 1952 μαθεῖν,
2403 1882 2436 1953 ἢ
2455 1882 2532 1952 τῷ
2551 1881 2671 1952 Θεῷ
2696 1883 3088 1954 παραπέμπειν
3116 1881 3226 1934 τῶν
3252 1880 3523 1950 γνὼσεων,
3543 1881 3604 1946 ὃς

2031 1977 2272 2032 διδάσκει.
2296 1973 2584 2042 ἄνθρωπον
2610 1972 2835 2040 γνῶσιν.

346 2055 490 2112 vidis
535 2059 878 2114 vaticinium.
931 2062 998 2116 iit
1044 2065 1098 2118 in
1165 2065 1310 2122 hunc
1365 2070 1586 2124 modum
1639 2070 1928 2138 compellat
1967 2067 2200 2122 mortale
2229 2082 2422 2136 genus,
2479 2067 2739 2122 scilicet:
2780 2084 2798 2116 ι
2825 2065 2880 2120 Si
2910 2065 3295 2136 acquieveritis
3363 2058 3436 2118 et'
3477 2064 3607 2118 obe-

346 2153 585 2220 dieritis,
619 2155 825 2208 bonum
861 2163 1020 2212 terra:
1065 2161 1405 2217 comedetis:
1440 2171 1495 2217 et
1541 2162 1588 2217 si
1617 2162 1925 2227 nolueritis,
1967 2177 2032 2216 ac
2063 2161 2294 2215 rebelles
2329 2159 2545 2215 fueritis
2571 2199 2586 2225 ,
2623 2161 2801 2230 gladio
2871 2160 3290 2216 consutnemini.
3328 2179 3344 2207 ι
3421 2158 3608 2226 Itaque

346 2240 464 2299 Deo
489 2253 713 2313 accepta
747 2243 972 2300 ferenda
1002 2257 1132 2304 sunt
1159 2249 1247 2303 illa
1299 2251 1546 2312 oracula,
1597 2251 1758 2322 .apud
1816 2266 1980 2318 quem
2021 2251 2232 2304 nullum
2265 2263 2495 2304 cernere
2525 2257 2612 2304 est
2658 2251 3031 2314 mendacium,
3084 2249 3166 2303 vel
3205 2250 3333 2318 quid
3373 2250 3604 2302 stultum

345 2348 442 2392 ant
475 2337 754 2394 frivolum.
792 2337 1168 2411 Quaecunque,
1203 2343 1506 2399 observans
1540 2357 1719 2400 veram
1755 2344 2034 2414 pietatem,
2068 2342 2279 2398 discere
2348 2343 2616 2414 potueris,
2662 2342 2748 2398 fac
2831 2341 3060 2397 memori
3133 2350 3315 2396 tuente
3389 2349 3600 2395 teneas-

346 2433 404 2488 Si
439 2433 566 2503 quis
619 2433 773 2488 locns
823 2449 883 2487 se
925 2433 1084 2488 otl‘ert
1136 2435 1442 2500 obscurior,
1475 2451 1637 2506 quam
1673 2435 1820 2490 hunc
1869 2435 2075 2505 ingenii
2102 2435 2215 2506 “tui
2251 2433 2396 2491 vires
2423 2435 2638 2503 assequi
2674 2435 2910 2499 valeant,
2935 2441 3030 2487 aut
3057 2432 3247 2486 Patres
3297 2433 3395 2486 tibi
3461 2447 3597 2485 con-

341 2521 556 2579 sulendi
591 2531 721 2578 sunt
750 2563 766 2587 ,
797 2531 892 2578 aut
933 2523 1290 2580 scientiarum
1322 2525 1464 2581 Deus
1535 2525 1793 2598 precibus
1858 2523 2166 2596 fatigandus
2233 2530 2340 2580 est.
2391 2521 2442 2578 Is
2511 2525 2656 2580 enim
2697 2525 2947 2581 homines
2989 2525 3272 2580 scientiam
3318 2525 3498 2588 docet,
3537 2530 3592 2578 et

341 2623 596 2670 nostrum
643 2613 981 2672 intellectum
1021 2617 1269 2684 instruit,
1307 2628 1368 2672 ut
1397 2619 1700 2673 occultiora
1736 2617 2149 2690 apprehendere
2177 2625 2366 2688 queat,

413 2707 646 2764 Genesis
715 2718 941 2773 autem,
1014 2725 1179 2782 quem
1251 2710 1453 2766 librum
1534 2711 1920 2782 explicandum

343 2803 700 2870 sumpsimus,
735 2801 1056 2871 praeclarum
1093 2817 1234 2872 opus
1273 2812 1378 2870 est,
1419 2804 1565 2874 quod
1595 2805 1754 2859 nobis
1787 2818 1922 2860 con-

345 2888 516 2944 texuit
545 2887 744 2944 Moses.
783 2891 1077 2944 Auctorem
1115 2907 1182 2946 ne
1201 2893 1600 2962 contempseris
1637 2911 1650 2947 :
1686 2893 1922 2947 maxima

345 2982 616 3054 siquidem
663 2982 924 3052 praeditus
976 2966 1080 3037 fuit
1123 2985 1472 3039 auctoritate.
1531 2982 1631 3040 llic
1680 2985 1807 3050 vir',
1854 2999 1923 3038 ne

344 3089 520 3138 erres,
557 3075 606 3130 is
661 3082 745 3131 est
775 3074 868 3144 qui
901 3075 1079 3144 ipsum
1119 3073 1312 3142 Deum,
1341 3085 1616 3146 quatenus
1646 3077 1920 3132 humatius

345 3165 560 3231 oculus,
604 3175 658 3220 et
713 3167 978 3236 possibile
1023 3165 1217 3238 fasque
1274 3175 1378 3232 est,
1447 3167 1600 3222 vidit.
1652 3167 1801 3233 lmo,
1862 3175 1920 3221 ut

347 3263 584 3312 testatur
622 3256 908 3326 Scriptura
933 3277 1003 3321 ,4
1027 3259 1289 3313 Dominus
1337 3259 1663 3327 laqnebatur
1692 3255 1759 3311 ad
1801 3257 1920 3310 Mo-

2109 2712 2174 2764 'H
2206 2709 2388 2764 τοίννν
2415 2709 2658 2774 Γένεσις,
2710 2708 2990 2772 Μωῦσέως
3029 2707 3145 2760 ἐστὶ
3195 2707 3380 2778 γραφὴ
3408 2706 3601 2778 ἀνδρὸς

2023 2800 2333 2870 ἑωρακότος
2391 2798 2566 2865 Θεὸν,
2620 2797 2696 2862 ὡς
2760 2797 2982 2852 δυνατὸν
3041 2799 3284 2868 ὑπῆρχεν
3353 2797 3510 2859 ἰδεῖν,
3557 2788 3603 2864 ᾧ

2009 2909 2045 2942 -ι
2082 2891 2264 2960 Στόμα
2300 2889 2437 2961 πρὸς
2467 2889 2642 2960 στόμα
2688 2887 2984 2958 λελάληκεν
3019 2891 3048 2942 ὁ
3091 2889 3221 2951 Θεὸς
3255 2891 3313 2941 ἐν
3347 2887 3478 2940 εῖδει
3509 2887 3603 2940 καὶ

2021 2984 2082 3036 οὐ
2117 2982 2184 3036 δι’
2219 2983 2579 3052 αἰνιγμάτων.
2617 3000 2635 3032 ι
2671 2982 2901 3035 Πλείονα
2927 2981 2983 3034 δὲ
3029 2981 3230 3050 γνῶσιν
3263 2978 3602 3032 ἐπισπᾶσθαι

2029 3075 2376 3152 βουλόμενοςι
2393 3075 2488 3128 καὶ
2511 3074 2770 3144 γνωστῶς
2795 3073 2920 3127 ἰδεῖν
2943 3073 3032 3126 τὸν
3059 3072 3210 3134 Θεὸν,
3241 3072 3303 3124 οὐ
3334 3071 3602 3141 διήμαρτε

2023 3169 2123 3240 τῆς
2151 3169 2422 3240 αἰτήσεως
2471 3169 2575 3220 ὑπὸ
2606 3167 2705 3238 τὴν
2753 3167 2891 3236 ὀπὴν
2930 3165 3032 3234 τῆς
3087 3163 3293 3233 πέτρας
3336 3163 3600 3230 κρυϐείςο

2023 3259 2130 3330 ὀπὴ
2163 3259 2219 3312 δὲ
2246 3261 2452 3330 πέτρας
2485 3259 2520 3329 ἡ
2548 3257 2638 3312 διὰ
2666 3258 2760 3311 τοῦ
2797 3255 3168 3326 σαρκωθέντος
3196 3255 3264 3307 δι’
3293 3255 3438 3324 ἡμᾶς
3465 3252 3602 3307 Υἰοῦ

348 3361 464 3401 sem
502 3345 642 3401 facie
665 3346 734 3401 ad
761 3346 976 3414 facient,
1008 3349 1168 3404 sicuti
1206 3350 1366 3404 homo
1411 3349 1655 3418 loquitur
1691 3349 1758 3404 ad
1785 3350 1921 3402 ami-

2033 3326 2228 3422 γνῶσξς
2266 3326 2382 3403 ἐστι
2424 3326 2518 3403 τοῦ
2563 3350 2806 3420 Πατρόςο
2852 3349 2946 3400 καὶ
2981 3347 3050 3400 τὰ
3089 3345 3228 3416 μετὰ
3266 3345 3400 3400 Θεὸν
3439 3341 3601 3412 εἶδεν,

347 3427 683 3500 ειιιῑῖειιιιιιι,
713 3441 894 3496 εισι.)
927 3439 1065 3495 Cum
1089 3440 1369 3496 aﬂ'ectaret
1397 3443 1704 3498 uberiorem
1735 3443 1924 3513 cogni-

348 3531 559 3586 tionem
600 3529 957 3602 indipisci,et
986 3533 1150 3588 Deum
1176 3533 1582 3604 quodammodo
1627 3544 1819 3589 exacte
1871 3544 1926 3588 et

348 3637 458 3676 non
491 3624 647 3692 quasi
693 3639 790 3694 per
823 3633 1178 3680 transennam
1213 3641 1456 3693 cernere,
1491 3627 1694 3682 nullam
1731 3641 1924 3696 passus

351 3727 437 3771 est
495 3717 770 3786 repulsam
822 3717 874 3771 in
908 3727 1072 3788 petra:
1103 3734 1338 3773 caverna
1377 3721 1615 3774 abditus.
1653 3719 1924 3774 Caeterum

352 3818 502 3865 recte
555 3817 614 3864 tu
664 3809 868 3865 dixeris
925 3819 1094 3882 petra
1139 3826 1474 3878 cavernam,
1531 3812 1780 3868 notitiam
1832 3810 1926 3866 Dei

353 3901 534 3966 illam,
584 3918 683 3970 per
738 3919 900 3972 quam
953 3919 1017 3958 ex
1068 3905 1450 3961 incarnatione
1497 3907 1701 3962 Christi
1749 3904 1928 3962 Patris

353 3994 726 4064 cognitionem
761 3999 1048 4048 vertantur.
1084 3994 1262 4050 Moses
1309 3997 1363 4050 in
1397 4005 1550 4066 petra
1591 3998 1925 4060 consistens,

354 4083 642 4154 conspexit
687 4099 749 4139 ea
787 4099 907 4150 qua:
939 4093 1063 4152 post
1105 4084 1274 4140 Deum
1306 4095 1486 4150 erant,
1519 4087 1571 4142 id
1605 4097 1708 4155 est,
1743 4097 1927 4157 poste-

353 4176 524 4240 riora,
574 4190 642 4230 ex
683 4175 884 4244 quibus
938 4177 1092 4246 quasi
1143 4192 1244 4246 per-
1281 4180 1585 4246 quamdam
1621 4179 1928 4250 analogiam

355 4264 539 4336 opifex
575 4279 763 4318 eorum
797 4265 850 4334 2
885 4266 1234 4336 perspicitur.
1265 4266 1391 4322 ﬂare
1417 4269 1563 4323 enim
1597 4273 1616 4339 (
1645 4279 1705 4323 ut
1732 4251 1929 4326 νει-ἰεἰὶ

355 4358 487 4414 mile
526 4359 660 4428 est)
705 4355 885 4412 Moses
933 4359 1182 4414 exactius
1229 4367 1284 4414 et
1336 4361 1612 4430 cepiosius
1657 4363 1928 4430 cognovit,

356 4464 520 4520 quam
552 4449 693 4504 ullus
729 4449 1070 4505 mortalium.
1115 4449 1253 4506 Cum
1289 4451 1473 4522 itaque
1505 4465 1801 4508 conaretur
1835 4469 1934 4524 po-

357 4541 544 4611 pulum
595 4541 696 4596 sibi
749 4542 1102 4596 commissum
1152 4543 1218 4598 ad
1269 4541 1361 4598 Dei
1415 4546 1782 4612 cognitionem
1845 4561 1932 4600 re-

361 4630 600 4693 trahere,
631 4630 885 4700 legcsque
917 4631 1308 4686 saluberrimas
1345 4633 1558 4686 adeam
1593 4649 1705 4687 rem
1733 4631 1925 4686 facien-

361 4733 444 4776 tes
487 4737 782 4790 exponere,
833 4721 1030 4792 duplet
1073 4738 1243 4792 genus
1281 4723 1494 4779 dicendi
1547 4733 1768 4780 secutus
1807 4734 1928 4778 est:

363 4811 593 4868 alterum
644 4812 889 4866 historia:
927 4814 1218 4882 congruit,
1280 4815 1512 4870 alterum
1558 4831 1686 4870 vero
1717 4817 1938 4886 legisla-

363 4904 496 4960 tiotti
527 4903 686 4958 aliine
729 4912 836 4960 est.
879 4905 1170 4976 Legislatio
1201 4907 1309 4962 duo
1337 4909 1500 4964 habet
1525 4896 1770 4963 membra
1801 4928 1814 4964 :
1843 4919 1938 4963 aut

363 4996 508 5052 enim
558 4994 804 5055 facienda
864 4996 1134 5065 imperat,
1186 5008 1280 5054 aut
1325 4999 1582 5069 fugienda
1630 5011 1796 5056 vetat.
1846 5001 1936 5055 Sic

365 5095 421 5142 ct
444 5087 580 5143 duas
619 5097 803 5158 partes
837 5090 1079 5145 continet
1111 5091 1430 5148 historicum
1465 5093 1684 5150 dicendi
1717 5109 1888 5164 genus
1919 5112 1934 5146 :

1721 5185 1748 5210 Ι

444 5263 459 5292 ¹
491 5261 596 5317 isa.
621 5279 657 5326 I,
696 5262 783 5327 19,
810 5263 900 5318 20.
937 5333 946 5340 .
979 5265 997 5293 ³
1033 5263 1205 5318 Exod.
1243 5280 1438 5333 χχχιιι,
1469 5267 1552 5324 Η.

2027 3441 2172 3512 ἅπερ
2206 3441 2356 3495 ἐστὶν
2397 3440 2640 3502 ὀπίσθια,
2677 3441 2735 3504 ἐξ
2764 3435 2838 3494 ὧν
2887 3439 3164 3504 ἀναλὰγως
3193 3441 3220 3491 ὁ
3260 3437 3606 3508 Δημιουργὺς

2025 3534 2210 3588 αὐτῶν
2249 3533 2557 3602 θεωρεῖται,
2613 3532 2756 3602 ἅπερ
2800 3533 2874 3594 ὡς
2908 3531 3052 3592 εἰκὸς
3103 3531 3264 3584 πλέον
3291 3531 3400 3584 τῶν
3427 3529 3604 3584 ἄλλων

2026 3625 2373 3696 κατείληφεν.
2441 3623 2628 3687 Οὕτως
2673 3625 2700 3664 1)
2730 3621 2822 3677 οὖν
2861 3627 2950 3676 τὸν
2996 3623 3429 3691 ὲμπιστευθέντα
3473 3621 3604 3675 λαὸν

2029 3717 2179 3788 αὐτῷ
2202 3716 2338 3784 πρὸς
2353 3715 2684 3784 θεογνωσὶαν
2704 3714 2858 3781 ἄγειν
2885 3714 3248 3782 πειρώμενος,
3281 3713 3377 3765 καὶ
3406 3713 3604 3782 νόμους

2030 3807 2285 3863 ἐκθέσθαι
2323 3807 2458 3878 πρὸς
2479 3807 2578 3876 τὴν
2612 3805 2883 3876 σωτηρίαν
2915 3805 3228 3873 ἐνάγοντας,
3255 3805 3346 3858 δύο
3377 3803 3607 3874 μετελή-

2029 3901 2188 3954 λυθεν
2216 3899 2328 3968 εἴδη
2362 3901 2582 3968 γραφῆς
2607 3939 2620 3958 ,
2657 3897 2716 3950 τὸ
2749 3897 2848 3968 μὲν
2885 3897 3179 3966 ἱστορικὸν,
3208 3897 3268 3948 τὸ
3295 3898 3352 3950 δὲ
3385 3898 3608 3963 νομοθε-

2027 3993 2211 4046 τικόν·
2253 3989 2348 4042 τοῦ
2387 3991 2444 4042 δὲ
2477 3987 2828 4058 νομοθετικοῦ
2863 3987 2924 4040 τὸ
2968 3988 3067 4056 μὲν
3111 3985 3523 4054 παραινετικὸν,
3547 3983 3610 4037 τδ

2029 4083 2087 4136 δὲ
2122 4079 2586 4152 ἁπαγορευτικὸν·
2619 4078 2712 4132 καὶ
2765 4077 2860 4130 τοῦ
2902 4075 3176 4144 ἱστορικοῦ
3230 4074 3290 4128 τὸ
3336 4074 3434 4144 μὲν
3481 4074 3610 4143 περὶ

2032 4174 2238 4244 κόσμου
2269 4173 2533 4241 γενέσεως
2557 4213 2572 4237 ,
2601 4171 2663 4224 τὸ
2695 4170 2752 4223 δὲ
2795 4169 3174 4238 γενεαλογικόν
3195 4184 3208 4197 ·
3242 4166 3334 4220 τοῦ
3361 4167 3422 4237 δὴ
3449 4181 3610 4235 νομο-

2033 4267 2246 4320 θετικοῦ
2279 4277 2301 4306 ε
2337 4265 2399 4319 τὸ
2449 4265 2548 4334 μὲν
2593 4263 2720 4334 περὶ
2751 4262 2851 4332 τῆς
2880 4263 3154 4322 κολάσεως
3193 4258 3424 4324 ἀσεῦὦν,
3455 4259 3516 4310 τὸ
3551 4257 3610 4311 δὲ

2033 4359 2279 4432 περὶτῆς
2307 4357 2416 4410 τῶν
2447 4357 2672 4410 δικαίων
2700 4355 2868 4424 τιμῆς
2893 4372 2908 4384 ο
2957 4353 3017 4406 τὸ
3045 4352 3102 4404 δὲ
3129 4350 3400 4420 ἱστορικὸν
3437 4348 3611 4422 προῦ-

2032 4453 2161 4517 ταξε
2189 4449 2284 4504 τοῦ
2331 4446 2682 4518 νομοθετικοῦ
2720 4447 2808 4498 διὰ
2848 4444 3106 4512 τοιαύτην
3156 4443 3256 4512 τὴν
3294 4441 3495 4504 αἰτίαν,
3543 4443 3608 4494 οὐ

1977 4575 1993 4588 κ
2034 4547 2267 4618 πρᾶγμα
2281 4544 2342 4614 (')
2358 4543 2527 4596 ποιῶν
2551 4539 2798 4593 παλαιῶν
2823 4537 3312 4608 πραγμάτωνημῖν
3335 4534 3606 4605 διηγήσα-

2037 4637 2162 4690 σθαι
2187 4635 2284 4705 τὴν
2318 4631 2560 4702 ἱστορίαν
2607 4628 3129 4698 κατεπαγγέλλεται.
3161 4626 3404 4679 ’Λνωθεν
3431 4625 3486 4676 δὲ
3515 4625 3609 4676 καὶ
3684 4650 3689 4654 -

2041 4728 2146 4800 πρὸ
2173 4727 2274 4797 τῆς
2309 4724 2404 4778 τοῦ
2437 4723 2646 4784 παντὺς.
2669 4721 2934 4790 γενέσεως
2958 4721 3058 4790 τὴν
3088 4718 3263 4790 ἀρχὴν
3301 4715 3609 4786 ποιησάμε-

2039 4837 2148 4885 νος,
2187 4817 2429 4871 δεὶκνυσι
2459 4815 2549 4869 τὸν
2603 4813 2822 4884 Πατέρα
2847 4813 2943 4866 τοῦ
2991 4813 3200 4881 κόσμου
3237 4809 3331 4862 καὶ
3373 4806 3611 4877 Ποιητὴν

2038 4911 2228 4966 τοῦτον
2275 4910 2372 4963 σὺν
2420 4907 2648 4980 ἀληθεία
2692 4905 2988 4976 νομοθέτην
3021 4902 3356 4972 ὑπάρχοντα.
3413 4897 3612 4965 Ἐχρῆν

2039 4997 2425 5071 γὰρὲγνῶσθαι
2453 4997 2556 5069 πρὸ
2581 4997 2688 5048 τῶν
2707 4995 2889 5064 νόμων
2907 4993 2999 5046 τὸν
3030 4989 3348 5061 νομοθέτην.
3369 4987 3611 5054 Τοιγαρ⁸
3647 5035 3664 5049 ,

2041 5095 2136 5148 οὖν
2196 5093 2290 5146 καὶ
2393 5091 2650 5159 Ἰωάννης
2709 5087 2927 5158 πρῶτον
2999 5079 3186 5137 εἶπενο
3247 5091 3294 5135 t'
3333 5079 3422 5134 Ἐν
3466 5079 3608 5149 ἀρχῇ

1673 5353 1906 5409 γΑιιιΑΕ
1949 5351 2347 5409 LECTIONES.

483 5445 510 5484 δ
527 5443 731 5502 Catena
755 5445 1046 5516 Nicephori
1078 5441 1256 5510 οὗτος.

1370 5459 1391 5485 ο
1413 5448 1472 5503 ii.
1509 5447 1575 5503 N.
1607 5443 2018 5514 γενεαλογικοῦ.

1889 5597 2116 5654 NOTAE.

450 5694 516 5768 l‘)
541 5691 762 5749 Lacuna
785 5693 1003 5749 Catena:
1024 5694 1319 5765 Nicopbori
1349 5704 1402 5748 et
1420 5692 1678 5748 editionis
1704 5690 1934 5748 Gcsneri
1965 5705 2032 5744 ex
2059 5691 2181 5742 coal.
2203 5685 2328 5740 Vat.
2367 5699 2494 5752 sup.

1646 5846 1673 5860 κ
