3922 6230
229 346 314 409 25
1335 346 1872 410 COMMENTARII
1923 345 2000 405 IN
2036 341 2407 406 GENESIM.
3415 332 3501 396 26'

223 456 361 528 ἦ·θό
402 458 615 528 Λόγος,
650 478 671 512 ι
701 460 798 515 καὶ
839 463 960 515 τότε
983 462 1083 526 τὰς
1125 462 1289 517 αὑτοῦ
1344 463 1666 531 νομοθεσίας
1714 460 1805 524 ἐξα

1917 460 2079 513 altera
2119 450 2645 511 commemoratione
2678 446 2975 503 crcationis
3003 444 3192 501 tuundi
3222 452 3492 514 occupata

225 551 407 605 ἔθετο.
1920 559 2044 603 est:
2077 550 2246 601 altera
2290 560 2416 599 vero
2455 534 2701 596 versatur
2733 540 2787 594 in
2820 538 3100 593 tradendis
3140 536 3490 608 genealogiis.

224 637 546 695 Ηεεοὰοοει
576 640 833 705 honores,
877 641 1075 710 quibus
1126 642 1379 697 homines
1444 641 1516 710 pii
1560 656 1588 693 a
1658 640 1765 694 Deo
1827 636 2124 708 immortali
2175 643 2305 690 sunt
2361 633 2565 699 affecti,
2624 639 2678 685 et
2727 639 2980 685 recenset
3043 643 3235 700 ptenas
3295 628 3495 698 quibus

225 733 387 802 impii
435 735 736 790 nebulones
780 748 913 790 sunt
973 737 1199 790 subditi.
1228 737 1299 790 At
1348 737 1671 790 historicum
1710 734 2026 789 niethodum
2102 731 2156 785 in
2226 730 2371 784 serie
2417 736 2705 783 contextus
2791 726 3085 794 praeposuit
3135 722 3494 793 legislationi,

223 836 280 878 et
316 827 418 879 hac
454 827 519 880 de
550 842 719 881 causa
770 843 877 880 non
912 828 1188 895 promittit
1236 843 1419 881 rerum
1458 828 1808 895 antiquarum
1850 824 2008 877 nobis
2075 821 2450 874 narrationem
2480 819 2672 872 ordiri.
2702 817 2878 870 Altius
2947 825 3125 869 autem
3175 815 3320 883 capit
3345 814 3494 883 prino

223 916 481 984 cipiunt,
530 916 737 971 scilicet
801 916 944 985 quod
1000 919 1276 985 priecessit
1328 916 1488 985 hujus
1541 916 1780 969 universi
1844 913 2202 975 creationem,
2263 912 2561 963 ostendens
2632 906 2803 961 Deum
2852 919 2978 958 esse
3045 901 3229 956 mundi
3282 913 3490 972 patrem

224 1017 705 1077 creatoremque:
757 1021 811 1063 et
858 1009 1004 1063 hunc
1062 1010 1241 1077 ipsum
1318 1009 1560 1063 declarat
1628 1024 1792 1078 quam
1866 1006 2152 1060 verissime
2220 1018 2345 1058 esse
2398 1002 2792 1056 nomothetam.
2856 997 3169 1053 Necessitas
3216 997 3484 1065 siquidem

224 1104 513 1171 postulare
566 1101 852 1156 videbatur
887 1112 944 1156 ut
998 1111 1125 1157 ante
1174 1104 1568 1171 legislationem
1612 1114 1773 1157 notus
1809 1109 1956 1154 esset
1996 1099 2293 1169 legislator.
2345 1095 2427 1149 Ad
2464 1095 2614 1148 [tunc
2654 1090 2800 1148 enim
2845 1091 3090 1168 .modum
3132 1100 3186 1145 et
3251 1089 3493 1145 Joannes

220 1195 566 1262 evangelista
628 1194 805 1262 primo
863 1194 1039 1261 inquit
1085 1212 1099 1248 :

295 1292 554 1343 Δείκνυσι
596 1291 652 1342 δὲ
682 1291 922 1362 Μωῡαῆς
964 1292 1057 1343 καὶ
1100 1292 1181 1344 ὅτι
1214 1292 1294 1344 δεῖ
1337 1292 1428 1344 τὸν
1455 1293 1642 1360 νόμοις
1676 1307 1813 1361 χρη-

216 1384 480 1452 σόμενον,
514 1382 804 1450 σύμφωνον
834 1383 924 1435 τὸν
958 1382 1073 1451 βίον
1106 1385 1171 1452 τῇ
1218 1382 1312 1435 τοῦ
1346 1383 1545 1446 παντὸς
1573 1382 1811 1451 ἁρμονίᾳ

213 1479 320 1533 καὶ
368 1478 436 1545 τῇ
471 1475 623 1540 τάξει
668 1474 1023 1545 παρέχεσθαι,
1068 1475 1163 1527 καὶ
1202 1473 1476 1526 δεικνῦναι
1514 1473 1810 1542 συνᾴδοντα

211 1566 405 1634 λόγοις
432 1567 594 1636 ἔργα,
638 1567 733 1618 καὶ
770 1569 884 1628 τοῖς
925 1565 1106 1635 ἔργοις
1132 1567 1200 1618 τὰ
1227 1568 1466 1635 ῥήματα.
1507 1561 1808 1633 Τοιγαροῦν

208 1656 334 1708 τῶν
369 1657 546 1709 ἄλλων
579 1654 903 1725 νομοθετῶν,
953 1654 1061 1707 τῶν
1096 1656 1195 1724 μὲν
1229 1654 1390 1717 εὐθὺς
1422 1655 1710 1724 ὀριζόντων
1741 1655 1810 1705 τὰ

207 1747 501 1816 πρακτέα,
536 1746 631 1799 καὶ
669 1747 775 1817 μὴν
808 1745 836 1786 ά
864 1748 960 1800 καὶ
1004 1747 1278 1817 τιμωρίας
1312 1746 1664 1800 ἐπιτιθέντων
1693 1746 1806 1807 τοῖς

205 1837 657 1908 παραϐαίνουσι,
688 1840 795 1891 τῶν
818 1839 875 1892 δὲ
912 1840 1063 1893 πόλιν
1105 1842 1409 1894 κτισάντων
1459 1842 1516 1892 ἐν
1547 1838 1804 1907 πρώτοις.

204 1924 342 1981 εἶτα.
391 1929 486 1981 διὰ
541 1929 650 1983 τῶν
676 1931 856 1998 νόμων
900 1931 983 2011 ἣν)
1016 1931 1276 2000 ἐνόμισαν
1317 1929 1597 1984 πολιτείαν
1633 1930 1797 1998 ἁρμο·

206 2014 434 2066 σάντων
464 2016 531 2083 τῇ
564 2012 735 2077 πόλει,
760 2016 787 2065 ὁ
810 2024 834 2052 θ
858 2014 1095 2083 Μωῦσῆς
1118 2014 1180 2066 τὸ
1209 2015 1308 2083 μὲν
1338 2013 1556 2083 πρῶτον
1578 2012 1808 2082 νομίσας

204 2103 365 2158 εἶναι
390 2105 719 2174 τυραννικδν
743 2106 837 2157 καὶ
866 2105 1135 2174 μηδεμίαν
1163 2104 1286 2174 ἕχον
1312 2103 1488 2157 πειθὼ
1512 2104 1607 2156 καὶ
1634 2119 1809 2172 παρα-

205 2194 451 2264 μυθίαν,
486 2193 545 2245 τὸ
572 2194 628 2245 δὲ
653 2193 837 2262 ἕτερον
869 2192 1106 2262 ἐμμελὲς
1142 2194 1262 2262 μὲν,
1306 2193 1367 2245 οὐ
1410 2191 1515 2262 μὴν
1554 2191 1643 2244 διὰ
1673 2193 1805 2243 πάν-

174 2303 322 2357 ,των
358 2284 815 2355 κατωρθωμένα),
843 2283 1007 2347 αὐτὸς
1052 2284 1327 2354 ἑκατέρων
1373 2283 1679 2354 διήνεγκεν.
1715 2279 1806 2350 Τῷ

201 2394 263 2429 τε
313 2377 436 2444 γὰρ
485 2375 821 2445 νομοθετικῷ
862 2375 923 2428 τὸ
982 2378 1370 2445 παραινετικὺν
1418 2372 1801 2444 ἐγκατέμιξεν,

206 2468 566 2539 προτρέπειν
621 2468 818 2537 μᾶλλον
848 2468 882 2537 ἢ
931 2466 1216 2536 βιάζεσθαι
1246 2466 1404 2535 λόγον
1448 2466 1802 2535 ποιούμενοςο

204 2560 305 2613 καὶ
356 2560 423 2610 τὸ
466 2558 622 2610 πόλιν
671 2556 1051 2628 χειροποίητον
1108 2557 1284 2628 ἀρχὴν
1328 2554 1661 2628 ποιήσασθαι
1706 2554 1807 2623 τῆς

204 2650 555 2718 συγγραφῆς
602 2637 922 2719 κτιζομένης)
975 2647 1051 2718 τῷ
1092 2648 1274 2719 λόγῳ,
1343 2645 1802 2717 ταπεινότερονῆ

204 2741 365 2794 κατᾶ
421 2740 494 2812 [Ε
536 2750 642 2793 eat.
678 2738 906 2809 Niceph.
952 2756 1111 2809 snpp.
1161 2740 1260 2808 τὴν
1293 2740 1449 2811 ἀξίαν
1481 2737 1592 2791 τῶν
1625 2738 1806 2806 νόμων

205 2834 550 2902 ὑπείληφεν·
578 2827 652 2886 ὧν
692 2832 751 2885 τὸ
792 2832 988 2895 κάλλος
1021 2832 1242 2902 ἀκριϐεῖ
1274 2834 1343 2902 τῇ
1381 2830 1479 2902 θέᾳ
1507 2829 1670 2901 κατὰ]
1707 2831 1807 2899 τὴν

203 2929 465 2981 διάνοιαν
491 2924 714 2988 ἀπιδὼν,
744 2924 841 2994 τῆς
869 2924 965 2977 ἐπὶ
994 2925 1095 2994 γῆς
1135 2923 1404 2987 ὑπεριδὼν
1434 2922 1687 2984 κτίσεως,
1714 2920 1808 2972 ἐπὶ

1149 1214 1167 1245 ι
1218 1193 1273 1247 lu
1335 1195 1603 1264 principio
1661 1206 1775 1247 erat
1814 1192 2040 1255 Sermo,
2092 1211 2111 1243 ι
2162 1200 2269 1249 etc.
2304 1189 2506 1243 Postea
2557 1186 2777 1240 demum
2830 1184 2945 1251 ejus
3000 1185 3141 1251 leges
3198 1182 3490 1238 subnectit.

1987 1290 2181 1341 Verum
2214 1286 2391 1340 Moses
2424 1283 2617 1339 sedulo
2677 1283 2726 1335 id
2775 1282 2905 1350 agit,
2948 1295 3057 1349 quo
3093 1279 3348 1333 ostendat
3378 1278 3494 1333 olli-

1911 1381 2054 1432 cium
2108 1393 2228 1432 esse
2286 1376 2403 1444 ejus
2446 1374 2537 1443 qui
2580 1374 2733 1427 hisce
2770 1387 2973 1426 usurus
3009 1371 3080 1424 sit
3114 1370 3324 1439 legibus
3357 1370 3494 1423 divi-

1914 1471 2020 1535 nis,
2053 1479 2113 1524 ut
2157 1485 2215 1522 se
2256 1476 2579 1537 attetnperet
2622 1465 2801 1519 ordini
2843 1474 2897 1519 et
2949 1462 3246 1517 harmonia:
3284 1461 3495 1515 decora:

1913 1564 2070 1632 hujus
2116 1562 2354 1616 universi
2400 1578 2412 1612 :
2447 1559 2906 1628 quemadmodum
2941 1557 3012 1609 ibi
3054 1556 3190 1608 nihil
3224 1555 3497 1609 exorbita-

1916 1672 1975 1708 re
2013 1665 2062 1710 el
2102 1670 2131 1707 a
2162 1668 2259 1707 sua
2290 1651 2577 1705 harmonia
2615 1650 2851 1703 deiicere
2883 1647 3330 1701 animadvertitur
3361 1664 3372 1698 :
3415 1646 3495 1700 sic

1919 1747 2029 1799 vita
2079 1732 2263 1799 nostra
2318 1759 2534 1814 quoque
2583 1741 2914 1803 consentiat,
2975 1755 3170 1809 nempe
3228 1747 3287 1793 ut
3329 1753 3495 1804 Opera

1916 1848 2102 1892 nostra
2130 1837 2425 1890 eoueinant
2447 1834 2654 1898 verbis,
2688 1833 2855 1887 verba
2882 1838 3187 1885 consonent
3213 1829 3495 1898 operibus.

1914 1930 2123 1999 Reliqui
2173 1928 2518 1996 legislatores
2549 1924 2811 1979 continuo
2850 1924 2997 1989 leges
3023 1920 3277 1975 sanciunt
3321 1920 3497 1988 politi-

1914 2035 2029 2072 cam
2052 2020 2217 2071 vitam
2245 2000 2669 2085 praescribentes
2696 2032 2708 2066 :
2735 2022 2789 2066 et
2815 2009 3494 2078 delinquentibus‘pwnas,

1914 2108 2108 2176 quibus
2136 2106 2444 2160 adiciantur
2463 2111 2729 2159 statuunt.
2753 2102 2857 2156 Alii
2889 2102 3120 2171 primum
3154 2099 3342 2153 urbem
3364 2116 3498 2153 con-

1913 2200 2069 2263 dunt,
2103 2198 2378 2252 conditam
2409 2197 2626 2251 demum
2663 2203 2933 2249 exornant
2972 2193 3204 2262 legibus,
3241 2205 3377 2260 quas
3407 2205 3495 2243 ae-

1912 2291 2257 2345 commodant
2290 2289 2365 2342 illi
2410 2287 2719 2357 reipublica:
2754 2287 2959 2350 formae,
2990 2300 3148 2352 quam
3180 2284 3232 2337 in
3266 2298 3327 2336 ea
3361 2283 3497 2335 civio

1916 2390 2023 2436 tate
2056 2367 2306 2435 obtinere
2331 2381 2578 2449 cupiunt.
2605 2379 2786 2433 Moses
2809 2387 2995 2432 noster
3020 2378 3255 2445 primum
3286 2375 3419 2428 nihil
3458 2389 3490 2427 a

1914 2471 2199 2544 tyrannide
2229 2471 2529 2552 abhorrere
2586 2468 2941 2523 existimavit.
2999 2466 3138 2532 Quia
3191 2465 3372 2519 nullus
3422 2466 3494 2518 ibi

1913 2564 2065 2616 locus
2104 2562 2193 2616 vel
2246 2559 2622 2613 adhortationi
2682 2558 2767 2611 vel
2827 2556 3177 2627 persuasionii
3219 2556 3497 2608 videretur

1915 2655 2161 2708 relictus.
2190 2652 2441 2706 Alterum
2473 2665 2605 2705 vero
2642 2664 2753 2704 non
2799 2664 2898 2720 per
2929 2649 3114 2703 omnia
3175 2657 3496 2716 aspernatus

1911 2753 2018 2798 est.
2082 2743 2345 2808 Quamvis
2392 2740 2740 2795 commodum
2802 2740 2909 2794 hoc
2969 2748 3253 2810 appareat,
3312 2746 3495 2792 tamen

1914 2853 2019 2891 non
2078 2852 2176 2906 per
2226 2834 2412 2888 omnia
2464 2831 2807 2886 existimavit
2862 2830 3005 2885 belle
3060 2832 3195 2901 geri.
3238 2830 3497 2884 Diversus

1915 2929 2099 2996 itaque
2144 2926 2213 2979 ab
2250 2934 2482 2993 utroque
2540 2923 2674 2990 abit,
2716 2930 2771 2977 et
2820 2922 3151 2991 peculiarem
3205 2920 3495 2989 quemdam

205 3020 309 3089 τὴν
348 3018 627 3088 μεγίστην
667 3017 819 3069 πόλιν
848 3016 937 3069 τὸν
972 3016 1175 3086 κόσμον
1222 3015 1548 3084 ἀνέδραμεν,
1585 3012 1681 3066 καὶ
1708 3013 1808 3081 τὴν

1917 3019 2132 3072 modum
2162 3023 2429 3070 sectatur.
2464 3012 2602 3067 Nam
2638 3014 3041 3084 legislationem
3075 3028 3228 3069 suam
3257 3015 3328 3067 ita
3360 3023 3499 3067 tem-

206 3111 396 3179 αὑτῆς
424 3109 748 3179 ὑφηγήσατο
785 3109 1020 3176 γένεσιν,
1044 3105 1460 3175 ἐμφερεστάτην
1485 3104 1668 3157 εἰκόνα
1687 3102 1813 3165 τοὺς

208 3200 423 3270 views;
461 3199 562 3267 τῆς
602 3198 696 3249 τοῦ
734 3198 948 3266 κόσμον
981 3194 1260 3257 πολιτείας
1311 3191 1638 3263 ἡγούμενος.
1690 3191 1813 3244 Τῶν

210 3290 352 3359 γοῦν
382 3291 573 3358 νόμων
611 3291 642 3358 ἡ
668 3287 897 3356 δύναμις
915 3326 930 3351 ,
977 3287 1027 3339 εί
1053 3303 1138 3349 τις
1160 3285 1401 3354 ἀκριϐῶς
1425 3284 1717 3348 ἐξετάσειε,
1745 3285 1810 3353 τῇ

206 3379 309 3433 τοῦ
344 3378 562 3440 παντὸς
610 3378 844 3448 ἁρμονίᾳ
886 3378 1102 3448 συνᾴδει
1141 3376 1185 3427 τ.
1234 3375 1540 3447 Τοιγαροῦν
1568 3376 1621 3427 εἴ
1662 3391 1808 3437 τινες

206 3470 511 3539 παντελῶς
571 3468 911 3539 ἐξεπήδησαν
966 3469 1063 3536 τῆς
1118 3469 1338 3540 ἀρετῆς,
1388 3467 1488 3537 τῆς
1539 3466 1633 3519 τοῦ
1673 3463 1809 3518 θεοῦ

206 3561 434 3631 δωρεᾶς
484 3560 872 3629 ἀτιμάσαντες,
922 3559 996 3621 ὡς
1055 3561 1155 3611 οὐκ
1212 3556 1514 3627 ἀνθρώπων
1562 3554 1809 3627 ἐχθροὺς,

208 3653 328 3708 ἀλλ’
371 3650 472 3705 οὖν
520 3649 646 3702 οὔτε
685 3648 939 3721 [οὖρανοῦ
965 3648 1048 3721 τε]
1085 3651 1181 3702 καὶ
1232 3650 1440 3717 κόσμου
1495 3647 1716 3713 παντδς’
1748 3649 1810 3701 οὐ

207 3747 309 3807 τὰς
341 3746 409 3796 ἐν
436 3742 554 3796 ἔθει
583 3742 853 3815 τιμωρίας
900 3741 1189 3811 ὑπομεῖναί
1225 3758 1389 3811 φησιν
1413 3782 1428 3808 ,
1458 3741 1595 3793 ἀλλὰ
1619 3741 1812 3804 καινὰς

209 3836 308 3890 καὶ
340 3836 450 3898 τὰς
473 3835 961 3906 παρηλλαγμένας,
995 3836 1102 3887 τῶν
1133 3834 1227 3886 τοῦ
1267 3833 1472 3897 παντὸς
1505 3833 1812 3905 δραστικω-

208 3929 401 3982 {item
463 3926 745 3996 στοιχείων
807 3924 1201 3996 ἐπιτιθεμένων
1248 3926 1433 3988 αὐτοῖς
1474 3925 1662 3989 ὓδατος
1707 3928 1801 3980 καὶ

210 4038 283 4072 ιτ.)
291 4019 420 4090 ρός.

1915 3107 2144 3176 perarit,
2197 3115 2257 3159 ut
2294 3103 2629 3159 admiseeret
2672 3104 3043 3160 hortationem
3088 3121 3103 3157 :
3142 3111 3195 3157 et
3221 3118 3320 3172 pro
3368 3101 3499 3156 inde

1916 3195 2184 3252 hortando
2220 3196 2392 3265 magis
2421 3205 2475 3248 et
2508 3195 2887 3265 persuasione,
2919 3211 3083 3265 quam
3120 3195 3171 3249 vi
3204 3203 3258 3249 et
3294 3208 3497 3264 cogen-

1914 3293 1984 3346 do
2016 3289 2693 3361 legislationisnegotium
2725 3289 2980 3343 absolvit.
3019 3288 3308 3357 Auspicari
3338 3286 3499 3357 legis-

1913 3383 2132 3436 lationis
2165 3397 2299 3450 opus
2336 3382 2404 3435 ab
2436 3382 2570 3435 urbe
2607 3382 2860 3435 humanis
2892 3379 3146 3435 manibus
3204 3380 3495 3439 aediﬁcata,

1917 3476 2002 3529 vel
2033 3489 2287 3529 sermone
2318 3480 2413 3526 aut
2454 3473 2705 3527 oratione
2756 3472 2917 3539 ﬁcta,
2965 3471 3259 3526 admodum
3299 3471 3498 3525 obseu-

1922 3583 2041 3623 rum
2089 3575 2143 3621 et
2214 3567 2486 3636 abjectum
2550 3566 2875 3632 judicavit,
2939 3565 3309 3633 humiliusque
3377 3562 3498 3616 fore

1918 3658 2152 3715 censuit.
2180 3672 2343 3726 quam
2389 3666 2719 3726 congrueret
2745 3655 3085 3711 excellentiae
3119 3655 3320 3726 legum,
3355 3666 3494 3722 quas

1917 3759 2135 3821 pararet
2203 3749 2366 3803 ferre.
2423 3747 2665 3801 Proinde
2706 3749 2901 3802 harum
2964 3748 3142 3818 legum
3189 3745 3496 3815 pulchritu-

1916 3844 2100 3898 dinem
2125 3846 2317 3894 exacte
2335 3839 2500 3892 animi
2536 3840 2717 3894 oculis
2744 3824 2987 3904 intuens,
3019 3839 3268 3910 neglecto
3298 3836 3497 3892 urbem

1909 3932 2146 4001 aliquam
2180 3930 2233 3982 in
2259 3936 2403 3981 terra
2426 3938 2733 3992 exstruere,
2752 3944 2872 3999 qua!
2903 3937 3184 3984 constaret
3209 3938 3326 3983 arte
3352 3942 3501 3982 com-

1908 4021 2100 4091 positis
2164 4018 2451 4081 :ediliciis,
2520 4018 2799 4073 festinavit
2842 4019 2907 4073 ad
2955 4034 3206 4088 magnam
3279 4019 3492 4079 urbem,

212 4126 423 4180 netnpe
458 4107 741 4173 mundum,
782 4107 941 4176 cujus
966 4101 1372 4178 generationem
1412 4124 1536 4163 cum
1568 4111 1898 4177 edocuisset,
1930 4110 2167 4166 ostendit
2214 4122 2343 4163 suas
2415 4110 2559 4180 leges
2621 4124 2744 4164 esse
2798 4110 2953 4179 quasi
2998 4111 3179 4163 vivum
3254 4107 3494 4163 universi

213 4206 390 4273 huius
428 4201 729 4270 exemplar.
766 4199 969 4270 Legum
995 4214 1228 4268 namque
1256 4200 1447 4255 barum
1474 4206 1580 4269 vis,
1607 4202 1650 4255 si
1680 4204 1807 4272 quis
1844 4219 1939 4257 eas
1964 4202 2280 4271 diligentius
2317 4202 2562 4256 adhibito
2597 4201 2804 4269 judicio
2874 4200 3195 4269 perpendat,
3274 4200 3499 4254 omnino

209 4302 477 4366 operosa
502 4292 687 4345 mundi
722 4292 992 4345 machina:
1058 4306 1373 4347 consonans
1433 4305 1535 4348 est.
1599 4294 1756 4360 Quod
1825 4295 2070 4364 quidam,
2124 4294 2317 4352 relicto
2365 4294 2588 4348 virtutis
2641 4293 2801 4357 calle,
2850 4300 2905 4345 et
2956 4299 3268 4359 contempto
3320 4292 3495 4359 legum

212 4402 455 4442 munere
510 4384 717 4448 divino,
767 4384 1131 4454 impegernnt,
1171 4385 1227 4438 in
1279 4387 1409 4439 vitia
1469 4401 1576 4440 non
1620 4388 1795 4441 solum
1839 4386 2062 4441 humani
2099 4389 2318 4456 generis
2369 4393 2571 4456 pestes,
2640 4384 2735 4439 sed
2781 4383 2902 4445 caali
2956 4383 3253 4447 mundique
3325 4383 3494 4435 totius

213 4481 434 4540 hostes,
459 4487 686 4546 apparet
715 4478 863 4544 quod
885 4490 948 4529 ea
980 4490 1089 4530 non
1120 4479 1363 4531 tulerunt
1436 4478 1677 4546 impune.
1743 4477 1879 4532 Nam
1922 4479 2196 4547 signiﬁcat
2232 4479 2363 4532 talia
2400 4477 2680 4531 hominum
2721 4481 2962 4528 monstra
3015 4490 3120 4527 non
3173 4473 3369 4537 solitis,
3403 4474 3497 4526 sed

214 4571 386 4623 novis
446 4575 504 4620 et
547 4566 839 4635 exquisitis
867 4567 1141 4638 exagitata
1181 4584 1303 4621 esse
1346 4569 1547 4633 ptenis,
1590 4583 1731 4637 aqua
1758 4579 1813 4621 et
1853 4570 1997 4637 igne,
2032 4570 2432 4638 potentissimis
2471 4569 2685 4623 scilicet
2735 4565 3023 4620 elementis
3092 4579 3283 4633 ptenas
3330 4581 3502 4634 expue.

211 4659 551 4722 scentibus,
598 4668 654 4712 et
698 4658 750 4710 in
799 4659 1016 4711 illorum
1068 4658 1243 4725 capita
1294 4658 1746 4713 redumlantibus.
2748 4648 2749 4651 Q

289 4751 572 4818 Τοιαύτης
601 4750 660 4802 δὲ
695 4749 904 4809 πόλεως
931 4748 1029 4820 τὴν
1073 4751 1252 4803 κτίσιν
1301 4752 1432 4819 ἡμῖν
1462 4751 1776 4820 ὲνστησάμε
1795 4778 1806 4789 -

1984 4751 2036 4820 3
2060 4750 2403 4821 Quapropter
2420 4766 2544 4805 cum
2569 4750 2727 4803 talem
2756 4749 2971 4802 nostros
2997 4747 3067 4800 ob
3092 4746 3280 4800 oculos
3312 4753 3495 4815 ponat,

216 4860 332 4909 νης,
353 4842 429 4896 τὰ
452 4843 554 4911 μὲν
599 4844 776 4912 σιωπῇ
804 4842 1175 4912 παραδίδωσι,
1208 4841 1337 4911 περὶ
1364 4842 1419 4894 δὲ
1457 4846 1557 4912 τῆς
1586 4842 1694 4894 τῶν
1719 4842 1808 4895 ὅν-

1920 4852 1973 4896 et
2013 4844 2146 4898 adeo
2177 4845 2445 4913 insignem
2492 4845 2705 4903 urbem,
2741 4840 2990 4910 qnmdatn
3036 4841 3259 4894 silentio
3316 4849 3500 4891 trans-

213 4953 329 4988 των
357 4934 581 5005 φύσεως
633 4935 840 5005 σιωπᾷν
865 4936 964 4987 οὐκ
992 4935 1265 5005 ἀνέχεται.
1318 4935 1525 4988 Σκοπὸν
1569 4935 1679 5005 γὰρ
1717 4935 1813 4989 ’ἐνα

220 5028 499 5098 πεποίητο
568 5030 666 5097 τῆς
725 5026 989 5081 πολυθέου
1048 5028 1256 5098 πλάνης
1326 5033 1676 5098 μετενεγκεῖν
1724 5030 1814 5083 τὸν

218 5118 375 5184 λαὸν,
395 5117 540 5187 πρὸς
559 5118 627 5189 ῆν
661 5118 935 5186 Αἴγυπτον
962 5119 1239 5181 οἰκοῦντες
1261 5121 1576 5187 ἐξώκειλαν,
1608 5124 1701 5175 καὶ
1724 5124 1814 5175 τὸν

219 5207 318 5260 ἕνα
343 5207 442 5260 τοῦ
477 5208 679 5270 παντὸς
711 5209 1010 5262 ὑποθέσθαι
1055 5211 1411 5282 δημιουργόν.
1477 5214 1611 5284 Ὁρᾷ
1645 5215 1756 5285 γὰρ
1779 5216 1826 5284 ἡ*

220 5300 421 5369 Γραφῆ
472 5300 538 5354 οὐ
590 5301 727 5371 πρὸς
792 5303 998 5372 ἀκριϐῆ
1050 5305 1249 5371 γνῶσιν
1302 5305 1502 5374 μᾶλλον
1552 5305 1584 5374 ἦ
1629 5306 1809 5358 θεοσέ-

222 5386 378 5443 ϐειαν
412 5393 470 5432 ε’
507 5389 585 5453 ὡς
617 5390 795 5454 καλῶς
824 5391 968 5462 ἔχειν
998 5393 1094 5463 τὴν
1122 5394 1215 5446 τοῦ
1246 5395 1415 5463 Σιρᾶχ
1462 5395 1807 5464 παραίνεσιν,

1921 4935 2083 4989 mittit
2111 4954 2123 4990 :
2153 4952 2340 4990 verum
2401 4936 2466 4988 de
2515 4934 2721 4988 entittm
2756 4946 2971 4997 natura,
3019 4940 3184 5001 atque
3218 4931 3354 4985 adeo
3388 4939 3501 4983 tota

1924 5043 2102 5079 rerum
2135 5028 2417 5080 creatione
2453 5026 2589 5078 nihil
2622 5025 2892 5079 silendum
2933 5025 3182 5078 credidit.
3219 5022 3499 5090 Siquidem

1919 5117 1981 5168 ad
2012 5116 2155 5170 hunc
2178 5130 2343 5169 unum
2374 5114 2689 5169 eollimabat
2744 5126 2989 5182 scopum,
3037 5121 3098 5165 nt
3128 5110 3385 5181 populum
3432 5106 3500 5161 ab

1917 5226 2103 5265 errore
2140 5209 2354 5267 colendi
2408 5210 2612 5263 multos
2658 5208 2792 5263 deos
2843 5207 3205 5265 abstraheret,
3254 5202 3306 5255 in
3336 5214 3500 5269 quam

1922 5301 2188 5355 insaniam
2227 5301 2282 5356 in
2338 5300 2574 5370 Egypto
2608 5309 2885 5355 morantes
2916 5300 3271 5354 devenerant.
3319 5292 3503 5356 ()nat‘u

1923 5395 2118 5461 ubique
2184 5409 2346 5447 unum
2406 5395 2580 5447 solum
2637 5393 2824 5447 mundi
2911 5389 3159 5458 opiliccm
3224 5382 3497 5455 proponit.

1514 5591 1740 5645 VAHHC
1784 5592 2185 5647 HCCTIONES.

296 5737 326 5780 ά
358 5736 512 5797 G.N.
539 5741 638 5810 μή.
720 5751 744 5779 ε
775 5740 837 5795 e.
968 5742 1089 5798 add.
1121 5744 1241 5815 μέν.

1327 5745 1343 5784 ί
1382 5744 1442 5798 (ἶ.
1481 5746 1541 5798 Ν.
1588 5749 1905 5817 συνᾴδοντα.

1992 5750 2159 5803 “Sed.
2191 5748 2512 5801 Oltoaawttllt
2535 5748 2750 5800 lacuna.
