3922 6230
422 339 496 410 tn
1282 331 1286 335 ’
1753 357 2107 422 PROCOPII
2140 363 2391 426 eum
3611 366 3682 435 28

427 452 708 523 Scriptura
738 453 938 509 etenim
973 468 1128 510 sacra
1165 471 1272 512 non
1302 464 1410 513 tam
1438 459 1503 513 ad
1536 472 1779 518 exactam
1808 467 1987 536 cogni-

2109 491 2126 522 ι
2177 473 2266 526 Ἐν
2295 477 2408 536 τοῖς
2455 476 2735 545 περισσοῖς
2777 473 2886 528 τῶν
2927 472 3105 545 ἔργων
3151 491 3244 528 σου
3275 473 3351 546 μὴ
3389 481 3683 549 περίεργά·

429 547 629 600 tionem
663 560 866 612 rerum,
894 562 1056 616 quam
1089 548 1156 603 ad
1208 551 1461 618 pietatem
1494 551 1796 610 docendam
1827 560 2001 629 respi-

427 635 523 697 cit,
554 647 658 689 etc.
716 635 1014 692 Laudanda
1064 648 1146 694 est
1200 640 1367 710 igitur
1413 643 1558 698 haud
1603 645 1878 702 immerito
1909 651 2000 704 illa

425 718 619 772 Sirach
671 719 969 776 admonitio
1002 741 1015 777 :
1047 743 1065 777 ι
1093 727 1146 780 In
1183 723 1601 796 supervacaneis
1629 749 1853 800 cperum
1879 745 2000 791 tuo-

426 825 548 864 rum
579 827 644 866 ne
669 813 744 867 sis
772 816 1026 871 curiosus
1048 817 1120 870 ³.»
1145 816 1307 872 Plura
1330 823 1471 876 enim
1509 823 1786 879 intellectu
1821 826 2000 882 homi-

427 917 555 956 num
583 913 800 960 ostensa
830 915 956 959 sunt
1002 909 1118 973 tibi,
1161 919 1265 964 etc.
1314 911 1420 966 Nec
1475 915 1605 967 illud
1651 917 1999 973 Ecclesiasue

425 992 846 1063 improbandum
877 1005 961 1052 est
996 1017 1008 1050 :
1047 999 1164 1054 Non
1191 1003 1269 1056 sis
1291 1003 1520 1056 nutltum
1545 1005 1756 1074 justus,
1817 1023 1998 1078 neque

425 1086 502 1141 sis
524 1087 749 1141 nimium
781 1090 1002 1158 sapiens
1037 1107 1049 1141 :
1083 1104 1140 1145 ut
1166 1094 1295 1160 quid
1325 1095 1470 1148 enim
1500 1096 1553 1150 in
1598 1097 1995 1156 desolationem

407 1178 661 1248 _veuies?
723 1179 992 1236 Praeterea
1053 1199 1116 1234 ea
1171 1192 1498 1252 tempestate
1555 1192 1824 1247 sacculum
1877 1203 1997 1248 erat

423 1266 596 1320 rude:
655 1269 791 1322 nulli
839 1272 923 1323 vel
979 1271 1184 1326 Hebraei
1224 1276 1308 1328 vel
1353 1275 1526 1332 Graeci
1567 1258 1878 1350 quivisscnt
1905 1302 1996 1339 su-

423 1357 620 1413 blimes
649 1371 702 1414 et
731 1363 1010 1419 acutiores
1055 1368 1394 1434 qumstioues
1439 1385 1536 1425 seu
1586 1374 1995 1441 speculationes

421 1463 636 1518 capere,
672 1455 974 1519 praesertim
1005 1471 1130 1509 cum
1176 1458 1266 1512 illa
1315 1459 1594 1528 dogmata,
1626 1480 1744 1531 qtae
1777 1481 1882 1520 non
1927 1467 1992 1522 ad

422 1537 561 1592 bene
595 1541 853 1611 beateque
884 1547 1194 1610 vivendum,
1232 1551 1598 1622 pietatemque
1635 1555 1764 1608 indu
1781 1569 1988 1624 eereut,

359 1693 377 1713 ο
421 1641 490 1682 eo
539 1637 782 1698 tempore
817 1642 877 1687 ut
929 1651 1336 1705 supervacanea
1367 1651 1422 1696 et
1467 1646 1634 1699 stulta
1681 1646 1989 1716 rejicercnt.

423 1719 670 1785 Atenim,
695 1724 740 1778 si
772 1727 896 1795 quis
921 1744 1032 1782 rem
1061 1731 1304 1797 penitius
1332 1733 1612 1804 inspiciet,
1643 1741 1877 1807 reperiet
1896 1740 1994 1794 Νο-

2105 561 2198 626 ζου
2221 579 2235 592 ο
2270 582 2293 614 ι
2322 563 2416 615 καὶ
2449 563 2516 615 τὰ
2553 562 2701 634 ἑξῆς.
2752 565 2862 618 Καὶ
2889 566 2924 635 ἡ
2975 564 3070 618 τοῦ
3113 565 3562 636 Ἐκκλησιαστοῦ,
3602 573 3679 644 μὴ

2105 651 2324 719 σοφίζου
2355 657 2605 723 περιττὰ,
2634 655 2706 722 μή
2762 671 2892 707 ποτε
2932 653 3216 726 ἐκπλαγῇς
3239 673 3252 686 ·
3287 657 3402 710 ἀλλ’
3449 660 3568 713 οὐδὲ
3593 662 3680 714 δε-

2101 741 2281 792 κτικοί
2315 757 2458 803 τινες
2499 742 2618 794 κατ’
2665 745 2874 796 ἐκεῖνον.
2916 744 3008 797 τὸν
3065 746 3254 816 χρόνον
3310 747 3681 819 θεωρημάτων

2101 827 2442 899 λεπτοτέρων
2483 830 2777 901 ἐτύγχανον
2832 831 2957 886 οὔτε
3035 834 3184 905 παρὰ
3227 840 3341 900 τοῖς
3405 840 3680 910 Ἑϐραίοις

2099 922 2223 976 οὔτε
2243 925 2395 995 παρὰ
2417 927 2528 988 τοῖς
2559 925 2814 997 Ἕλλησιν
2840 944 2855 959 ·
2889 929 3066 992 ἄλλως
3089 946 3148 982 τε
3182 931 3274 984 καὶ
3315 931 3412 1000 τὴν
3439 933 3514 1004 μὴ
3543 935 3679 1006 πρὸς

2097 1013 2326 1077 εὐζωῖαν
2359 1015 2452 1069 καὶ
2487 1015 2586 1085 τὴν
2612 1015 2923 1070 θεοσέϐειαν
2945 1019 3254 1090 δυναμένην
3285 1023 3488 1088 γνῶσιν
3517 1025 3676 1092 ἄγειν

2099 1103 2388 1176 περίεργον
2417 1105 2720 1174 ἐλογίζοντο
2742 1109 2834 1160 καὶ
2855 1108 2974 1162 λίαν
3004 1109 3232 1181 ἀνόητον
3261 1117 3332 1167 ε’.
3369 1112 3532 1184 Εὖροι
3567 1117 3696 1188 γὰρ-

2101 1193 2166 1248 ἄν
2223 1213 2306 1258 τις
2350 1197 2560 1275 ,σκοπὸν
2611 1199 2712 1269 τὴν
2770 1199 2920 1252 Νέαν
2990 1203 3058 1271 τῇ
3117 1203 3328 1275 Παλαιᾷ
3382 1211 3680 1274 γεγονυῖαν

2098 1282 2311 1354 Γραφῇ,
2347 1267 2442 1338 καὶ
2475 1267 2842 1356 χειραγωγίαν
2869 1289 2991 1342 τινὰ
3027 1267 3515 1365 παιδευτικὴνντῆν
3567 1299 3678 1351 Πα-

2095 1370 2250 1425 λαιὰν
2283 1373 2418 1442 πρὸς
2449 1375 2546 1446 τὴν
2590 1375 2736 1428 Νέαν
2779 1376 3154 1462 ὑπάρχουσαν.
3199 1381 3362 1436 Ὅθεν
3385 1386 3482 1437 καὶ
3510 1387 3680 1441 Μιυῦ-

2098 1459 2195 1526 ei};
2230 1462 2257 1512 ὁ
2303 1451 2477 1530 μέγας
2517 1462 2592 1524 ὼς
2634 1451 2937 1532 μειρακίων
2991 1465 3330 1532 διδάσκαλος,
3373 1471 3529 1524 οὐδὲν
3579 1472 3688 1540 μὲν,

2093 1551 2199 1604 τῶν
2229 1551 2552 1626 ἀπορρήτων
2583 1554 2735 1623 φησί.
2783 1553 2932 1606 Θεοῦ..
2961 1553 3018 1607 δὲ
3049 1555 3118 1608 τὰ
3164 1559 3356 1628 πρῶτα
3411 1559 3678 1632 δημιουρ-

2094 1643 2219 1710 γίαν
2245 1645 2337 1697 καὶ
2361 1647 2558 1714 νόμους
2583 1645 2867 1716 ἀγράφους
2896 1645 3130 1699 ὑπέθετο
3157 1647 3266 1702 τῶν
3297 1649 3429 1720 πρὶν
3459 1650 3677 1720 ἀνθρώ-

2096 1752 2212 1788 πων
2243 1736 2351 1787 τῶν
2385 1736 2888 1807 ἐμπολιτευομένων
2913 1738 3100 1802 αὐτοῖς
3121 1755 3134 1769 ·
3159 1740 3288 1804 τοὺς
3319 1743 3517 1813 νόμους
3548 1742 3678 1796 τού-

421 1826 549 1864 vum
603 1811 1010 1870 Testamentum
1047 1833 1272 1889 scopum
1305 1824 1588 1878 exstitisse
1626 1823 1859 1890 Veteris,
1903 1845 1987 1884 col

2097 1840 2222 1886 τους
2260 1825 2369 1895 γὰρ
2411 1824 2500 1877 διὰ
2541 1825 2649 1877 τῶν
2680 1824 2841 1878 θείων
2877 1825 3154 1880 ὀπτασιῶν
3184 1827 3293 1884 τῶν
3333 1831 3474 1883 κατὰ
3515 1831 3670 1884 δύνα·

419 1911 754 1972 gnoscetque
779 1903 945 1960 Vetus
971 1895 1092 1964 esse
1114 1911 1270 1980 quasi
1308 1912 1709 1971 institutionem
1737 1929 1786 1974 et
1819 1920 1995 1974 intro-

417 1993 730 2048 ductionem
762 1997 828 2050 ad
851 1996 1080 2054 Novum.
1106 2001 1228 2057 ldeo
1248 2001 1449 2070 Moses,
1481 2017 1540 2060 ut
1561 2023 1859 2078 puerorum
1879 2013 1992 2084 _do-

415 2075 558 2148 etor,
580 2101 778 2141 arcana
815 2093 1078 2159 mysteria
1125 2095 1294 2150 missa
1326 2094 1475 2159 facit,
1511 2099 1758 2169 nihilque
1781 2101 1874 2154 alti
1910 2105 1994 2158 vel

413 2177 616 2230 ιιχειτιεί
640 2179 1130 2235 sonat.Enumerat
1154 2183 1390 2254 primum
1419 2191 1607 2242 mundi
1633 2191 1989 2260 creationem,

386 2265 609 2323 deinde
641 2269 786 2340 leges
815 2271 934 2326 sine
959 2275 1168 2343 scripto
1219 2279 1450 2344 profert,
1481 2296 1619 2349 quas
1651 2281 1816 2350 prisci
1844 2297 1992 2336 tuor-

415 2358 550 2414 talcs
579 2376 676 2413 ceu
707 2361 826 2414 vitae
867 2373 1074 2415 certam
1100 2378 1349 2432 normam
1395 2371 1788 2438 sequebantur.
1815 2362 1999 2427 Aere?

411 2464 540 2519 pere
563 2451 706 2504 enim
735 2452 832 2505 has
853 2468 918 2506 ex
947 2453 1253 2509 visionibus
1278 2456 1498 2523 divinis,
1528 2477 1648 2528 qua:
1671 2463 1824 2530 ipsis,
1844 2481 1982 2532 qua-

411 2548 574 2597 tenus
604 2542 718 2596 fieri
757 2542 976 2608 licebat,
999 2560 1302 2614 apparuere
1325 2549 1610 2605 divinitus.
1632 2553 1778 2607 Deus
1809 2556 1988 2624 siqui-

409 2633 608 2688 demex
626 2633 918 2688 Abrahami
947 2636 1158 2691 semine
1178 2640 1751 2714 p0pulumdelegerat,
1770 2663 1932 2716 quem
1960 2664 1988 2700 a

409 2725 745 2796 reliquorum
778 2727 1058 2782 hominum
1098 2733 1357 2803 contagio
1401 2747 1751 2806 segregatum
1781 2739 1978 2793 voluit.

408 2813 567 2870 llunc
613 2817 802 2872 multis
849 2829 904 2874 et
936 2822 1322 2878 saluberrimis
1357 2827 1654 2896 praeceptis
1681 2844 1985 2886 conserva-

405 2908 505 2974 vit,
537 2919 590 2964 et
629 2925 740 2979 pra:
768 2913 983 2970 caeteris
1011 2931 1110 2970 sua
1143 2918 1489 2986 providentia
1513 2921 1742 2992 dignum
1770 2924 1984 2980 habuit.

407 2998 507 3055 His
549 3012 1006 3062 commonstravit
1059 3008 1276 3064 abunde
1323 2999 1682 3081 quae-tenere
1724 3017 1878 3071 decet
1922 3018 1988 3070 il-

380 3077 490 3148 ilos
533 3093 629 3164 qui
675 3095 956 3166 agitantur
999 3100 1261 3168 cupidine
1310 3105 1676 3172 cognOscendi
1727 3106 1984 3178 dogmata

2101 1933 2192 1986 μιν
2225 1917 2534 1986 γενομένων
2562 1917 2744 1979 αὐτοῖς
2771 1917 3203 1987 παρειλήφεσαν.
3239 1920 3383 1976 Λαον
3412 1921 3518 1992 γάρ
3553 1938 3678 1974 τινα

2095 2007 2224 2070 Θεζς
2259 2008 2323 2060 ἐκ
2362 2008 2460 2075 τῆς
2489 2006 2583 2060 τοῦ
2623 2006 2874 2078 Ἀϐραὰμ
2905 2012 3068 2078 γονῆς
3099 2009 3402 2074 ἐξελέξατο,
3439 2013 3550 2074 τοῖς
3577 2010 3675 2064 ἄλ-

2093 2099 2206 2161 λοις
2258 2099 2489 2169 ἄμικτον
2551 2099 2830 2168 διαφόροις
2904 2102 3152 2172 τηρήσας
3215 2102 3670 2172 προστάγμασιν,

2093 2189 2385 2260 ἐξαιρέτως
2440 2191 2542 2259 τῆς
2593 2191 2758 2244 αὑτοῦ
2825 2193 3078 2263 προνοίας
3135 2191 3470 2261 ἠξιωμένον,
3527 2193 3672 2263 ἅπερ

2093 2281 2259 2350 ἐχρῆν
2289 2281 2355 2332 δι’
2387 2281 2565 2334 αὐτῶν
2591 2285 2669 2344 εἰς
2714 2283 2812 2354 τὴν
2851 2285 2960 2336 τῶν
3005 2284 3130 2352 έξῆς
3177 2283 3530 2337 ῑιδατσκαλίαν
3573 2301 3674 2354 φυ-

2045 2385 2056 2393 ’
2091 2371 2399 2426 λεὶττεσοαι.
2439 2373 2518 2424 Δι’
2551 2374 2731 2426 αὐτῶν
2771 2375 2878 2444 γὰρ
2915 2373 3020 2427 ἔδει
3062 2377 3159 2438 τὰς
3190 2374 3282 2426 τοῦ
3315 2374 3452 2427 Θεοῦ
3483 2377 3675 2444 διαφό-

2095 2481 2218 2534 ρους
2257 2467 2570 2536 οἰκονομίας
2603 2466 2692 2520 καὶ
2738 2470 2850 2530 τοῖς
2877 2468 2902 2506 h
2931 2466 3243 2536 ἀνθρώποις
3280 2465 3668 2536 βραϐεύεσθαι.

2092 2555 2324 2624 Χριστος
2367 2557 2476 2626 γὰρ
2505 2558 2569 2608 ἐκ
2599 2557 2710 2608 τῶν
2742 2557 2846 2610 ὑπὸ
2885 2555 3048 2625 νόμον
3083 2556 3160 2623 τῷ
3189 2557 3352 2610 παντὶ
3388 2555 3492 2625 βίῳ
3533 2559 3671 2628 πρὸς

2089 2647 2186 2718 τὴν
2220 2649 2492 2718 σωτηρίαν
2541 2647 2806 2715 ἀνέτειλε,
2837 2649 2968 2720 παρ’
3000 2644 3080 2711 οἷς
3111 2649 3226 2701 ’καὶ-
3259 2649 3536 2720 προτῆται
3570 2651 3670 2720 τὴν

2091 2740 2254 2794 αὑτοῦ
2296 2739 2600 2810 παρουσίαν
2643 2741 2968 2810 ἐκήρυττον.
3017 2739 3182 2794 Ὅθεν
3227 2741 3363 2803 ἰδίας
3417 2739 3686 2809 ὴξιοῦντο.

2089 2831 2366 2903 προνοίας,
2403 2831 2488 2884 ἵνα
2518 2831 2592 2902 μὴ
2618 2835 2730 2895 τοῖς
2753 2831 2932 2894 ἄλλοις
2960 2831 3349 2902 ἀναμιχθέντες
3372 2830 3694 2918 διαφθορὰν.
3739 2834 3748 2840 “

2089 2924 2478 2994 ὑπομείνωσιν,
2511 2924 2622 2976 ἀλλ’
2671 2925 2751 2988 εἰς
2779 2925 2972 2995 καιρδν
3019 2923 3304 2992 παραδῶσι
3335 2927 3446 2986 τοῖς
3485 2923 3670 2983 ἄλλοις

2088 3018 2187 3087 τῆς
2213 3014 2584 3087 τοῦ”Χριστοῦ
2627 3016 2931 3086 παρουσίας
2971 3015 3040 3068 τὰ
3078 3014 3490 3100 ⁸προμηνιίιματα
3513 3055 3527 3078 ,
3574 3011 3674 3067 καὶΙ

2090 3108 2221 3180 ὅσην
2249 3107 2453 3162 ἄνωθεν
2503 3109 2532 3158 ὁ
2562 3107 2692 3170 Θεὸς
2733 3106 3052 3178 ἐπιμέλειαν
3085 3107 3190 3160 τῶν
3229 3107 3536 3176 ἀνθρώπων
3567 3121 3671 3157 πε-

405 3200 529 3255 quae
558 3187 907 3267 postmodum
953 3199 1143 3246 essent
1172 3191 1570 3261 depromenda.
1603 3191 1740 3249 Nam
1777 3197 1974 3252 borum

2093 3169 2333 3268 ποίήται,
2381 3199 2529 3260 ὅπως
2571 3214 2628 3250 τε
2647 3197 2746 3256 ,διά
2785 3197 2885 3268 τῆς
2927 3197 3162 3268 νομικῆς
3211 3195 3506 3262 διατάξεως
3559 3195 3688 3250 ἀπὸ.

405 3291 570 3348 opera
596 3291 650 3334 et
675 3280 860 3335 studio
885 3283 1176 3353 oportebat
1209 3283 1395 3339 divina
1424 3287 1686 3344 miracula
1719 3289 1980 3358 legesque

406 3373 571 3424 etiam
607 3372 839 3441 reliquis
885 3376 1210 3432 mortalibus
1255 3379 1681 3434 communicari.
1725 3379 1982 3436 Christus

2086 3289 2196 3341 τῶν
2221 3287 2358 3358 πρὸς
2403 3287 2654 3356 Ἀὁραὰμ
2701 3286 3044 3354 ἐπαγγελιῶν
3075 3283 3382 3356 ἀρξάμενος
3406 3324 3420 3348 ,
3449 3283 3532 3345 εἰς
3567 3283 3685 3354 τὴν.

2089 3379 2184 3432 τοῦ
2219 3378 2456 3448 Χριστοῦ
2477 3377 2776 3448 παρουσίαν
2807 3375 3257 3445 ἐπαιδαγώγησεν
3283 3375 3550 3437 ἅπαντας.

407 3461 554 3516 enim
587 3464 732 3532 apud
781 3465 880 3518 hos
933 3467 1026 3532 qui
1080 3468 1182 3538 legi
1235 3469 1462 3524 obnoxii
1511 3480 1690 3538 erant,
1724 3482 1777 3527 ct
1846 3483 2011 3528 natus
2081 3479 2137 3526 et
2187 3478 2552 3524 conversatus
2615 3478 2722 3535 est,
2787 3467 2950 3522 sicuti
3015 3467 3297 3521 vaticinati
3357 3477 3488 3520 sunt
3541 3481 3670 3536 pro-

405 3553 581 3624 phetae
611 3555 807 3610 sancti.
870 3557 1207 3628 P‘eeuliarem
1269 3559 1452 3630 itaque
1487 3560 1583 3616 Dei
1618 3565 1797 3619 sortiti
1850 3573 1982 3618 sunt
2023 3563 2453 3633 providentiam,
2488 3575 2556 3615 ne
2623 3559 2851 3630 reliquis
2905 3559 3130 3612 immisti
3177 3558 3396 3660 populis
3462 3557 3668 3611 foedam

409 3647 678 3722 sentirent
722 3651 1152 3720 corruptionem,
1213 3661 1269 3708 et
1315 3664 1372 3708 ut
1410 3671 1510 3712 suo
1565 3667 1811 3729 tempore
1879 3658 2098 3714 caeteris
2136 3658 2398 3726 gentibus
2447 3655 2741 3709 adventum
2797 3651 3102 3707 salutarem
3177 3648 3438 3752 Cﬁhristia
3471 3662 3670 3752 praesa°

406 3738 498 3808 gia
530 3747 584 3794 et
623 3743 868 3809 oracula,
911 3759 1014 3798 nec
1049 3761 1158 3800 non
1212 3758 1421 3818 quanta
1476 3766 1607 3806 cura
1639 3768 1666 3805 a
1699 3751 2004 3822 primordio
2074 3751 2187 3821 jam
2233 3751 2362 3804 inde
2412 3763 2596 3803 rerum
2639 3746 2937 3797 humanum
2987 3758 3162 3812 genus
3213 3740 3447 3796 favisset
3492 3741 3666 3812 Deus.

405 3829 700 3886 etiicacitcr
742 3833 1211 3893 demenstrarent.
1261 3837 1512 3898 Proinde
1568 3844 1971 3914 lcgislationem
2049 3857 2284 3900 exorsus
2337 3857 2368 3894 a
2413 3835 2876 3910 promissionibus
2928 3836 2984 3888 in
3055 3833 3430 3887 Abrahamum
3477 3830 3672 3884 .colla-

407 3921 499 3985 tis,
586 3926 786 3996 satagit
853 3941 1045 3986 omnes
1123 3931 1417 3992 instituere
1477 3937 1916 3996 ad'adventum
1957 3937 2186 3994 Christi.

475 4013 632 4078 Quod
668 4015 838 4072 Vetus
890 4021 1309 4079 Testamentum
1351 4029 1514 4095 paulo
1548 4031 1844 4088 obscurius
1874 4042 1980 4100 est,

405 4121 630 4162 causam
665 4109 829 4164 aliam
881 4115 1154 4170 arbitrare
1188 4119 1422 4181 nullam,
1459 4137 1624 4190 quam
1672 4125 1980 4193 priscorum

406 4199 690 4252 hominum
735 4202 936 4259 obtusa
988 4215 1235 4274 pectora.
1278 4207 1414 4264 Nam
1469 4214 1592 4268 velo
1635 4214 1982 4286 indigebant,

404 4302 532 4341 cum
593 4303 700 4343 non
765 4293 1113 4350 sustinerent
1168 4296 1260 4351 illa
1321 4309 1543 4368 propter
1590 4290 1982 4359 «excellentiam

403 4379 612 4436 videre.
652 4382 914 4439 Nonnihil
952 4386 1101 4440 enim
1149 4389 1397 4458 ipsorum
1450 4391 1599 4446 acies
1645 4396 1983 4466 perstringe-

3369 3928 3390 3951 6

2155 4030 2266 4098 Τῆς
2291 4027 2347 4080 δὲ
2376 4024 2518 4079 κατὰ
2554 4027 2652 4090 τὴν
2692 4021 2939 4075 Παλαιὰν
2967 4018 3194 4091 Γραφὴν
3223 4016 3489 4086 ἀσαφείας
3521 4017 3672 4069 αίτία

2083 4121 2181 4192 μὲν
2231 4123 2264 4190 ή
2308 4117 2416 4172 τῶν
2467 4115 2715 4170 παλαιῶν
2765 4113 3069 4184 ἀνθρώπων
3123 4109 3378 4164 ἀσθένεια
3433 4107 3664 4177 δεομένη

2081 4213 2218 4284 πρὸς
2231 4211 2326 4282 τὴν
2344 4209 2526 4264 αὐτῶν
2549 4207 2704 4272 ἀξίαν
2733 4205 3062 4276 παραπετάσ
3073 4219 3262 4270 ματος.
3294 4202 3533 4269 Μωῦσῆς
3555 4198 3667 4268 γὰρ

2078 4306 2178 4359 οὐκ
2222 4303 2438 4374 ὴγνόει·
2497 4301 2634 4370 πρὸς
2674 4298 2872 4361 αὐτοὺς
2926 4296 3037 4367 γὰρ
3091 4292 3204 4364 εἶχε
3268 4293 3330 4378 τὸ
3373 4292 3664 4361 κάλυμμα,

2079 4395 2196 4448 ἀλλ’
2241 4395 2302 4448 οὐ
2352 4392 2488 4462 πρὸς
2533 4390 2751 4451 ἑαυτὸν,
2796 4388 2916 4440 οὐδὲ
2962 4383 3366 4466 μεταστραφεὶς
3413 4381 3549 4452 πρὸς
3576 4382 3670 4433 τὸν

405 4475 498 4527 hat
526 4485 860 4531 coruscante
917 4478 1216 4548 splendore
1249 4479 1568 4536 divinorum
1599 4487 1978 4540 oraculorum.

2093 4485 2314 4556 Κύριον.
2339 4479 2638 4557 Τοιγαροῦν
2661 4479 2767 4532 τῶν
2815 4475 3154 4544 ἀγνοούντων
3182 4474 3282 4572 οὐκ
3308 4467 3376 4572 ἦν
3401 4469 3672 4572 ἔγκλημα

405 4562 606 4620 Verum
646 4565 828 4622 Moses
850 4570 1235 4640 mysteriorum
1262 4572 1507 4628 omnium
1542 4575 1755 4646 plenam
1793 4579 1985 4647 cogni-

406 4657 608 4710 tionem
644 4657 880 4714 babebat
913 4680 926 4715 :
963 4661 1082 4716 velo
1129 4677 1240 4716 non
1282 4672 1509 4735 propter
1557 4681 1638 4730 se,
1677 4669 1771 4723 sed
1815 4655 1986 4722 causa

405 4747 666 4812 aliorum,
692 4747 889 4804 faciem
923 4751 1272 4821 contegebat.
1302 4753 1412 4810 Nec
1431 4757 1552 4811 velo
1581 4759 1838 4814 utebatur
1861 4777 1986 4814 eum

405 4853 467 4890 se
493 4845 730 4892 verteret
750 4837 818 4890 ad
862 4837 1048 4900 Deum,
1080 4847 1134 4892 et
1165 4853 1292 4894 cum
1311 4857 1376 4897 eo
1410 4859 1596 4899 coram
1639 4847 1984 4917 colloquere-

405 4937 516 4996 tur.
544 4926 734 4999 Itaque
764 4940 988 4999 prepter
1023 4933 1412 5001 mysteriorum
1461 4935 1824 5006 ignorantiam
1867 4955 1975 4993 non

403 5027 562 5073 erant
591 5019 934 5075 accusandi?
974 5021 1117 5076 Audi
1157 5023 1443 5080 Christum
1487 5027 1764 5084 dicentem
1804 5049 1818 5084 :
1860 5049 1879 5081 ι
1914 5031 1974 5085 Si

405 5129 514 5167 non
575 5111 877 5175 venissem,
913 5120 968 5166 et
1011 5113 1235 5170 locutus
1272 5115 1499 5172 fuissem
1536 5120 1640 5185 eis,
1691 5131 1978 5192 peccatum

403 5220 512 5258 nou
566 5204 894 5259 haberent“.
931 5223 948 5254 ι
1007 5203 1296 5276 Prophetia
1323 5209 1544 5279 quidem
1575 5229 1764 5282 parum
1801 5217 1979 5284 primo

404 5305 627 5372 aspectu
651 5296 799 5358 clara
827 5304 946 5361 est;
981 5296 1075 5351 ubi
1103 5314 1234 5353 vero
1264 5299 1330 5354 ad
1356 5317 1469 5356 rem
1500 5305 1698 5358 collata
1729 5314 1783 5358 et
1815 5321 1980 5360 even-

405 5395 520 5438 tum
561 5388 754 5440 sortita
806 5388 990 5454 fuerit,
1043 5405 1204 5458 quem
1268 5394 1538 5461 pra-dixit,
1602 5406 1716 5452 tum
1751 5399 1976 5453 demum

419 5597 426 5604 γ
465 5527 485 5557 ³
508 5520 680 5576 Eccli.
711 5538 794 5586 ιιι,
827 5523 915 5577 21.
953 5559 958 5564 -
992 5521 1012 5553 ⁸
1043 5521 1200 5580 Joan.
1241 5543 1329 5593 xv,
1359 5527 1450 5581 22.

479 5761 696 5818 "QN.
743 5763 1026 5833 ἀνόνητον.
1102 5766 1128 5806 ὶι
1171 5767 1231 5820 C.
1267 5763 1310 5817 Ν
1374 5764 1459 5818 ad.
1505 5761 1704 5825 ἄλλοις.

2088 4579 2208 4632 κατ’
2241 4575 2439 4629 αὐτῶν.
2473 4593 2490 4624 ι
2543 4574 2607 4624 Ei
2659 4571 2732 4640 μὴ
2763 4565 2928 4640 ἦλθον
2968 4567 3098 4638 γὰρ.
3137 4564 3359 4636 φησὶνδ
3401 4562 3668 4632 Χριστὸς,

2085 4670 2180 4723 καὶ
2205 4667 2443 4736 ἐλάλησα
2489 4665 2695 4726 αὐτοῖς,
2734 4659 3012 4732 ἁμαρτίαν
3042 4659 3142 4712 οὐκ
3167 4653 3334 4726 εἶχον.
3378 4653 3442 4707 Ἢ
3473 4653 3529 4705 δὲ
3561 4652 3670 4720 τῆς

2085 4759 2422 4830 προφητείας
2451 4756 2688 4824 ἀσάφεια
2725 4753 2816 4806 διὰ
2841 4753 2941 4822 τῆς
2965 4749 3240 4810 ἐκϐάσεως
3275 4743 3663 4817 ἑρμηνεύεται.

2081 4851 2320 4922 Δευτέρα
2373 4849 2434 4902 δὲ
2482 4847 2633 4902 αίτία
2687 4847 2748 4899 τὸ
2799 4844 2906 4898 ἀπὸ
2960 4843 3060 4912 τῆς
3115 4839 3384 4911 Ἐϐραίων
3437 4839 3518 4899 εἰς
3563 4836 3667 4902 τὴν

2085 4941 2253 5011 ἄλλην
2289 4941 2305 4978 ί
2356 4938 2774 5011 μεταληφθῆναι
2819 4935 3026 5004 φωνὴν,
3056 4933 3149 4985 τοῦ
3190 4929 3324 4983 Θεοῦ
3375 4928 3534 4982 τοῦτο
3574 4926 3666 4979 διὰ

2088 5034 2425 5106 Πτολεμαίου
2469 5030 2724 5101 γενέσθαι
2753 5029 2858 5097 πρὸ
2894 5026 2994 5096 τῆς
3032 5025 3125 5077 τοῦ
3161 5020 3402 5090 Χριστοῦ
3457 5035 3668 5121 παροιμ-

2089 5127 2208 5191 σίας
2237 5127 2718 5198 οἰκονομήσαντος,
2745 5122 2837 5174 ὅτε
2862 5120 3013 5188 κοινῇ
3046 5117 3210 5169 πᾶσιν
3234 5111 3466 5184 ἤμελλεν
3490 5111 3666 5177 ἐγνῶ-

2087 5217 2210 5272 σθαι
2248 5219 2362 5280 τοίς
2396 5218 2623 5270 ἔθνεσιν.
2661 5214 2784 5265 "Uti
2825 5211 2882 5264 δὲ
2923 5207 3064 5262 κατᾶ
3113 5207 3264 5259 θείαν
3311 5203 3597 5257 ἐπίπνοιαν
3634 5203 3668 5254 ὁ

2089 5309 2262 5380 μέγας
2282 5307 2522 5377 Μωῡσῆς
2551 5306 2644 5359 καὶ
2677 5305 2744 5358 τὰ
2789 5303 2908 5354 λίαν
2939 5301 3142 5370 ἀρχαῖα
3173 5298 3268 5350 καὶ
3307 5293 3375 5347 τὰ
3412 5292 3550 5362 μετὰ
3601 5292 3665 5344 τὸ

2088 5399 2336 5453 πλεῖστον
2379 5397 2698 5466 ἐγίνωσκεν,
2738 5393 2913 5456 οὐδεὶς
2950 5391 3183 5462 ἀντερεῖ.
3225 5384 3360 5440 Θεοῦ
3397 5383 3506 5454 γὰρ
3533 5383 3662 5436 ἐπι-

1662 5638 1896 5695 νΑιιιΑε
1959 5639 2369 5696 LECTIONES.

1805 5755 1822 5799 ί
1870 5761 1932 5814 C.
1963 5761 2027 5816 Ν.
2063 5762 2309 5816 Ἑλλάδα.
