3922 6230
214 358 274 423 29
1293 370 1759 436 COMMEN'IAR

1872 377 1944 439 ΙΝ
1980 378 2348 440 GENESIM.
2670 439 2678 450 _
3359 380 3428 440 30

210 467 352 538 uolt}
377 467 436 522 τὸ
449 466 733 536 λανθάνον,
760 469 867 525 εἴτε
898 473 1087 545 παρὸν,
1121 475 1228 529 εἴτε
1249 480 1481 547 φθάσαν,
1509 484 1617 535 εἴτε
1642 483 1767 554 μέλ-

1872 487 2112 554 perfecte
2142 487 2474 543 inclarescit.
2519 488 2752 542 Possum
2784 495 2836 544 et
2888 487 3121 542 alteram
3180 488 3432 542 obscuri-

209 556 305 622 λον,
331 558 648 632 ἐγνώρισεν.

1874 577 2002 632 tatis
2038 578 2245 634 referre
2273 594 2523 644 causam,
2554 592 2717 650 atque
2748 581 2861 636 lucc
2886 581 3013 635 inde
3046 580 3432 651 proficiscitur,

211 653 339 723 quod
391 654 566 733 Vetus
616 658 1024 717 Testamentum
1089 665 1144 718 in
1209 667 1450 735 linguam
1508 668 1754 723 Graecam
1833 685 2050 726 versum
2109 683 2194 730 est
2269 677 2540 729 industria
2620 688 2673 730 et
2732 678 2914 732 studio
2977 676 3256 731 Ptolomari
3310 683 3437 729 ante

210 744 392 800 Christi
444 748 903 806 incarnationem.
977 750 1262 822 Siquidem
1323 758 1507 811 omnia
1553 771 1919 813 sacrosanctae
1958 762 2080 816 fidei
2144 764 2397 833 dogmata
2465 777 2519 818 et
2568 765 2809 820 ethnicis
2890 766 3188 833 aperienda
3253 774 3435 826 erant,

211 854 303 910 quo
328 841 637 909 expeditius
670 841 738 896 ad
789 858 971 898 veram
1025 846 1181 900 ﬁdem
1242 846 1582 903 advolarent.
1639 849 1840 906 Verum
1904 854 2038 921 quin
2118 855 2296 909 Moses
2367 856 2677 909 instructus
2737 857 2902 909 fuerit
2961 859 3273 927 cognitione
3339 873 3440 909 an-

213 934 528 1004 tiquitatum,
557 945 607 990 et
629 952 751 1006 quae
785 935 967 991 futura
1005 946 1164 995 erant
1201 941 1359 1012 longe
1402 953 1528 998 ante
1565 944 1751 1000 animo
1792 949 2133 1015 perspexerit
2179 960 2230 1003 et
2263 949 2600 1018 cognoverit,
2648 967 2756 1003 non
2792 952 2959 1005 credo
2990 966 3320 1018 quemquam
3362 951 3440 1005 ire

211 1031 418 1086 inﬁcias.
451 1030 531 1085 Ex
563 1034 745 1093 divina
780 1037 983 1090 etenim
1022 1037 1388 1107 inspiratione
1430 1038 1660 1107 adeptus
1701 1051 1785 1093 est
1822 1042 2076 1094 notitiam
2138 1046 2541 1112 praeteritorum
2567 1087 2580 1110 ,
2612 1051 2957 1116 przesentium
3008 1058 3061 1102 et
3098 1047 3435 1102 futurorum.

277 1123 486 1196 Ἐπειδὴ
522 1125 581 1178 δὲ
610 1128 818 1198 κόσμου
848 1128 1070 1196 γένεσις
1112 1129 1244 1198 ἡμῖν
1275 1130 1336 1182 τὸ
1376 1130 1760 1199 προκείμενον,

212 1215 363 1269 ἰστέον
404 1216 489 1270 ὅτι
525 1218 637 1271 τῶν
678 1220 948 1289 Ἑλλήνων
997 1221 1186 1283 παῖδες
1226 1222 1503 1285 συναῖδιον,
1533 1222 1612 1291 τῷ
1644 1221 1763 1292 Θεῷ

210 1305 289 1377 τὴν
309 1307 477 1360 κτίσιν
510 1306 652 1364 εἷναί
679 1329 844 1380 φασιν
866 1327 879 1341 ·
920 1312 1052 1383 ὓλην
1080 1314 1190 1384 γάρ
1220 1330 1341 1366 τινα
1381 1314 1459 1382 τῷ
1485 1314 1604 1383 Θεῷ
1639 1330 1766 1365 συν-

210 1401 355 1453 αϊδιον
415 1403 791 1458 ὑποτίθενται.
847 1405 939 1475 Μὴ
995 1405 1317 1474 δυνηθέντες
1377 1404 1507 1473 γοῦν
1562 1406 1763 1477 εὑρεῖν,

209 1489 308 1554 πῶς
349 1493 410 1545 ὲκ
463 1494 695 1565 μηδαμῆ
756 1496 1016 1566 μηδαμῶς
1067 1497 1218 1558 ὄντος
1261 1496 1320 1548 ὄν
1348 1514 1399 1548 τι
1453 1497 1763 1566 γενήσεται,

212 1584 501 1652 μετρεῖσθαι
530 1586 625 1638 τοῦ
653 1588 789 1639 Θεοῦ
828 1589 927 1650 τὴν
957 1587 1191 1657 δύναμιν
1228 1591 1350 1651 ταῖς
1380 1589 1610 1650 οἰκείαις
1633 1590 1764 1640 ὑπο-

209 1672 551 1740 λαμϐάνοντες
570 1679 819 1744 ἐννοίαις,
840 1679 1010 1731 ἀΐδιον
1032 1678 1165 1748 ὕλην
1196 1682 1329 1749 ἡμῖν
1351 1681 1728 1734 ἁνεπλάσαντο
1746 1697 1759 1712 ο

209 1767 380 1818 καὶτὸν
398 1767 537 1819 Θεὸν
572 1769 661 1820 ἀεὶ
686 1769 1020 1839 δημιουργὸν
1047 1768 1187 1823 εἶναι
1210 1771 1482 1839 λέγοντες,
1515 1772 1601 1824 ἀεὶ
1630 1790 1762 1842 φασι

207 1855 263 1907 τὰ
287 1855 779 1929 δημιουργήματα’
811 1860 986 1911 καίτοι
1019 1859 1176 1930 εἴπερ
1243 1861 1414 1924 ἀΐδιος
1443 1863 1475 1930 ἡ
1506 1861 1629 1931 ὕλη,
1669 1862 1765 1915 και
1797 1853 1838 1906 Β

209 1948 477 2017 ἄτρεπτος·
513 1953 566 2003 εἰ
597 1950 707 2021 γὰρ
736 1953 1106 2023 τραπήσεται,
1138 1952 1280 2005 κατὰ
1306 1952 1365 2004 τὸ
1392 1953 1562 2006 ἀΐδιον
1593 1954 1764 2023 μόνην

208 2035 390 2100 δέξεται
417 2041 519 2110 τὴν
548 2041 757 2111 τροπὴν
779 2084 792 2104 ,
819 2044 922 2094 οὐκ
949 2042 1120 2101 ἀΐδιος
1155 2043 1444 2114 γινομένη,
1477 2045 1615 2115 ὅπερ
1644 2044 1767 2097 ἁδύ-

211 2145 360 2182 νατον.
383 2130 612 2195 Ἀποιος
648 2134 758 2204 γὰρ
794 2129 951 2196 οὖσα,
974 2134 1069 2187 καὶ
1100 2133 1326 2199 ἄποσος,
1374 2135 1762 2199 καὶ.ἁνειδεος,

209 2220 309 2271 κατ’
335 2220 486 2275 οὐδὲν
514 2221 722 2275 τούτων
747 2222 845 2292 τὴν
884 2222 1091 2292 τροπὴν
1137 2223 1445 2288 ὲπιδέξεται
1469 2240 1480 2252 ·
1526 2224 1680 2276 ἔσται
1709 2226 1766 2275 δὲ

211 2311 287 2364 καὶ
321 2312 404 2382 ἴση
439 2313 582 2383 Θεῷ.
631 2315 827 2367 Ἀἳδιον
877 2315 987 2384 γὰρ
1034 2314 1205 2368 ἀϊδίου
1240 2316 1346 2369 τίνι
1381 2315 1636 2379 διοίσειε;
1675 2317 1767 2369 καὶ

212 2403 310 2465 πῶς
328 2403 477 2458 ἔσται
507 2406 572 2458 τὸ
601 2406 700 2476 μὲν
726 2406 1012 2468 ποιοῦν,τό
1041 2407 1097 2461 δὲ
1127 2407 1412 2477 γινόμενον
1440 2425 1454 2471 ;
1485 2397 1766 2477 εὐτύχημα

213 2496 363 2551 δὲτοῦ
404 2499 541 2553 Θεοῦ
581 2499 679 2553 καὶ
717 2500 780 2552 τὸ
824 2500 924 2567 τὴν
964 2499 1098 2570 ὓλην
1141 2500 1464 2571 εὑρεθῆναι·
1496 2496 1532 2571 ἦ
1568 2502 1678 2571 γὰρ
1702 2501 1767 2556 ἂν

213 2589 294 2642 οὒκ
318 2590 557 2659 ἐγεγόνει
588 2592 940 2664 δημιουργὸς,
974 2580 1195 2663 ἀπορῶν
1226 2594 1254 2646 ὅ
1282 2610 1333 2645 τι
1365 2596 1641 2661 ποιήσειε,
1674 2597 1768 2648 καὶ

220 2680 278 2751 μὴ
297 2681 588 2751 δυνάμενος
611 2684 677 2736 ἐκ
719 2682 794 2753 μὴ
825 2682 994 2736 ὄντων
1030 2682 1334 2752 ὑποστῆναι
1367 2683 1434 2737 τὰ
1461 2682 1610 2737 ὄντα.
1647 2684 1768 2746 Πῶς

216 2769 260 2823 δὲ
283 2771 397 2844 ξένη
430 2770 572 2827 οὖσα
597 2773 734 2827 Θεοῦ
765 2775 858 2830 καὶ
884 2775 959 2846 μὴ
997 2790 1073 2829 πα
1084 2778 1129 2848 ρ’
1157 2776 1321 2829 αὑτοῦ
1346 2777 1633 2847 γενομένη,
1662 2777 1769 2830 τῶν

219 2862 348 2917 εἱδῶν
370 2864 479 2919 τῶν
499 2865 563 2931 ἐξ
591 2866 757 2921 αὑτοῦ
781 2867 972 2936 γέγονε
1004 2869 1258 2942 δεκτική;
1287 2873 1420 2926 Ποία
1437 2873 1545 2943 γὰρ
1571 2874 1770 2925 οἰκειό-

217 2969 317 3023 της,
350 2956 551 3027 ἥτίςή
596 2958 734 3029 πρὸς
786 2959 856 3013 τὰ
901 2960 1018 3029 εἴδη
1069 2965 1381 3030 συγγένεια,
1432 2964 1540 3017 τῶν
1575 2965 1673 3034 μὲν
1708 2967 1771 3017 ἐκ

219 3043 352 3110 Θεοῦ,
387 3049 484 3118 τῆς
525 3050 582 3103 δὲ
635 3050 792 3121 (μή;)
854 3051 978 3115 Πῶς
1015 3052 1073 3105 δὲ
1116 3055 1185 3106 τὰ
1239 3054 1352 3124 εἴδη
1378 3056 1441 3107 ἐκ
1485 3055 1561 3125 μὴ
1603 3055 1772 3110 ὄντων

220 3136 386 3201 ποιῶν,
421 3138 546 3211 ἃδὴ
579 3141 677 3194 καὶ
721 3140 1007 3211 κρείττονα
1027 3182 1041 3205 ,
1084 3144 1184 3214 τὴν
1211 3143 1345 3215 ὓλην
1383 3141 1550 3199 οὖσαν
1578 3146 1767 3218 χείρω,

154 3284 160 3288 _
221 3232 366 3281 ποιεῖν
384 3232 485 3284 οὐκ
532 3231 768 3302 ἠδύνατο
791 3233 985 3298 ;Ἀλλὰ
1015 3235 1067 3287 τι
1100 3238 1168 3289 τὰ
1198 3237 1310 3309 εἴδη
1332 3239 1480 3308 ’φημί
1492 3256 1508 3306 ;
1534 3240 1628 3302 τὰς
1654 3257 1771 3292 νοε-

223 3321 301 3388 pit;
342 3323 448 3393 γὰρ
486 3324 674 3388 οὐσίας
710 3326 807 3378 καὶ
848 3326 1126 3390 παντελῶς
1169 3312 1503 3398 ἀσωμάτους
1547 3330 1641 3384 καὶ
1675 3332 1773 3401 τὴν

219 3409 369 3482 ψυχὴν
402 3414 502 3484 τὴν
529 3415 812 3489 ἡμετέραν
866 3416 981 3480 πῶς
1019 3418 1083 3471 ἐκ
1128 3418 1203 3489 μὴ
1243 3419 1414 3475 ὄντων
1449 3426 1770 3494 παρήγαγε;

223 3503 410 3559 Τούτων
443 3507 558 3577 γὰρ
604 3508 669 3560 ἐκ
705 3508 816 3561 τῶν
864 3509 1133 3580 σωμάτων
1185 3513 1575 3583 ἀφῃρημένων,
1620 3516 1775 3569 οὐδέν

222 3589 317 3645 ἔστι
352 3596 408 3646 τὸ
443 3594 791 3666 λειπόμενον.
840 3598 1032 3652 Καίτοι
1082 3600 1175 3653 τὸν
1235 3601 1398 3669 ὄγκον
1431 3606 1546 3667 τοῖς
1578 3605 1774 3659 εἴδεσιν

223 3680 274 3737 ὲκ
292 3686 390 3739 τῶν
418 3687 802 3757 ὑποκειμένων
837 3689 996 3758 ἴσμεν
1025 3690 1113 3743 ἀεὶ
1141 3691 1571 3763 χορηγούμενον,
1608 3696 1667 3750 ὲν
1691 3691 1771 3760 οἷς

223 3772 302 3843 τὴν
331 3773 458 3846 ὓλην
488 3777 783 3845 συμϐαίνει
817 3781 1155 3834 συννοεῖσθαι
1187 3785 1301 3846 τοῖς
1329 3783 1520 3838 εἴδεσι.

1934 1134 2072 1185 Cum
2127 1144 2308 1190 autent
2367 1141 2655 1206 pra'scntis
2702 1141 3094 1209 disputationis
3141 1150 3317 1194 status
3368 1141 3439 1194 sit

1866 1228 2151 1294 generatio
2182 1230 2397 1294 mundi,
2437 1232 2725 1284 sciendum
2768 1241 2852 1286 est
2884 1232 3196 1286 Graecorum
3240 1248 3439 1298 pueros

1867 1318 1920 1369 in
1976 1318 2077 1371 hac
2124 1321 2335 1373 versari
2384 1322 2667 1391 opinione,
2721 1323 3129 1401 ut*opinentur
3178 1322 3439 1376 mundum

1869 1410 1977 1463 Deo
2029 1427 2150 1465 esse
2199 1422 2563 1467 enmternum.
2619 1414 2752 1469 Nam
2803 1415 3091 1468 materiam
3149 1413 3438 1482 quamdam

1870 1500 2060 1570 Opiliei
2108 1505 2400 1559 innnortali
2452 1522 2614 1575 quam
2674 1508 2722 1562 ei
2778 1516 3105 1561 coaeternam
3161 1511 3439 1568 asserunt,

1869 1593 2145 1661 subjicere
2195 1612 2302 1648 ron
2371 1597 2649 1651 dubitant.
2699 1598 2832 1651 Cum
2907 1597 3076 1651 nullis
3135 1596 3442 1649 rationibus

1869 1684 2199 1739 concludere
2251 1696 2498 1755 possent,
2558 1704 2621 1742 ex
2678 1687 2851 1741 nihilo
2909 1685 3114 1755 aliquid
3157 1684 3306 1747 fieri,
3361 1684 3443 1737 die

1869 1780 2048 1829 vinam
2103 1779 2361 1832 virtutem
2421 1787 2475 1834 ct
2528 1780 2826 1849 potentiam
2873 1777 3082 1832 nostris
3134 1774 3442 1829 rationibus

1869 1868 2181 1931 metientes,
2223 1879 2486 1924 aeternam
2534 1871 2683 1923 illam
2742 1873 2948 1924 finxere
2993 1868 3301 1923 materiam.
3359 1866 3443 1919 ιη-

1867 1961 2320 2033 quiuntquoquc,
2345 1972 2399 2015 et
2433 1964 2486 2017 in
2514 1963 2660 2016 hunc
2696 1962 2917 2015 modum
2952 1966 3438 2030 argumentantur:

1871 2052 1927 2107 Si
1951 2052 2096 2107 Deus
2131 2069 2349 2123 semper
2368 2053 2453 2124 (ut
2480 2070 2589 2109 non
2609 2052 2904 2124 negamus)
2933 2052 3033 2105 fuit
3052 2050 3257 2120 opifex,
3275 2048 3443 2103 etiam

1869 2144 1986 2215 ejus
2016 2160 2179 2213 opera
2228 2161 2446 2216 seraper
2481 2146 2653 2200 fuisse
2698 2145 3003 2214 colligitur.
3037 2142 3345 2197 Praeterea:
3385 2138 3442 2192 Si

1871 2236 2103 2291 materia
2133 2231 2217 2290 est
2265 2246 2497 2302 :eterna,
2550 2237 2761 2291 nullam
2801 2250 3023 2306 quoque
3060 2234 3288 2303 recipiet
3321 2247 3443 2285 mu-

1870 2324 2155 2378 tationem.
2189 2324 2245 2378 Si
2282 2325 2428 2380 enim
2481 2326 2779 2380 mutationi
2813 2324 3051 2379 obnoxia
3088 2323 3215 2382 erit,
3246 2336 3446 2375 secun-

1869 2415 1997 2469 dutn
2036 2417 2400 2471 aeternitatem
2466 2417 2643 2473 solam
2701 2415 3061 2470 mulationem
3111 2414 3442 2483 experietur.

1870 2505 1936 2558 Et
1987 2508 2065 2561 sic
2112 2523 2176 2561 eo
2222 2508 2528 2574 deveniret,
2585 2517 2645 2561 ut
2715 2508 2996 2561 amitteret
3056 2504 3442 2565 aeternitatem,

1870 2598 2011 2667 quod
2051 2599 2353 2652 secundum
2404 2600 2666 2669 praedicta
2730 2609 2817 2653 est
2873 2595 3239 2667 impossibile.
3305 2591 3471 2645 Nam.

1871 2704 1995 2742 cum
2021 2689 2310 2758 qualitate,
2361 2691 2675 2759 quantitate
2703 2701 2756 2744 et
2798 2689 2974 2743 forma
3017 2687 3103 2740 vel
3139 2684 3321 2755 specie
3351 2698 3445 2742 ca-

1871 2788 2021 2845 reat,
2082 2795 2192 2834 non
2251 2787 2431 2849 potest
2485 2781 2599 2835 fieri
2651 2788 2726 2847 ut,
2767 2777 3072 2834 secundum
3125 2783 3445 2830 enumerata

1874 2872 2167 2925 mutationi
2242 2871 2550 2942 subjaceatt
2631 2870 2749 2924 Erit
2797 2870 2981 2938 itaque
3050 2866 3130 2937 (ut
3196 2872 3449 2919 statuunt

1872 2962 2048 3017 Graeci
2108 2980 2174 3018 ex
2224 2962 2696 3033 commemoratis)
2764 2961 2992 3016 materia
3050 2958 3277 3028 aequalis
3314 2955 3444 3019 Deo,

1873 3057 2035 3126 eique
2067 3070 2270 3111 ceteva.
2307 3054 2424 3122 Qua
2458 3055 2733 3126 siquidem
2779 3052 3093 3108 differentia
3128 3054 3449 3105 secernetnr

1873 3156 2139 3201 aeternum
2193 3147 2261 3201 ab
2291 3146 2539 3201 interno?
2562 3146 2800 3202 Pulchra
2852 3142 3098 3214 profecto
3135 3140 3251 3193 ha‘c
3282 3154 3451 3207 argu-

1877 3241 2156 3293 mentatio.
2211 3237 2347 3292 Nam
2381 3239 2426 3294 si
2463 3254 2525 3293 ea
2561 3252 2687 3292 vera
2717 3244 2825 3300 est,
2865 3235 3071 3289 nullam
3121 3233 3309 3286 liceret
3350 3244 3449 3298 po-

1870 3350 1997 3390 nere
2021 3332 2075 3404 ὦ.
2103 3332 2477 3386 dilTerentiam
2517 3331 2663 3385 inter
2685 3343 2914 3384 causam
2949 3325 3297 3384 eflicientem,
3330 3336 3453 3391 quae

1869 3434 1955 3480 est
1986 3424 2150 3486 Deus,
2172 3422 2495 3478 eteﬂ‘ectum
2529 3419 2704 3491 'qnem
2744 3422 2888 3474 Deus
2923 3426 2983 3471 ut
3016 3415 3452 3472 cattsa'etliciens

1873 3516 2149 3587 producit.
2211 3513 2378 3568 iidem
2436 3512 2612 3568 Graeci
2666 3528 2776 3566 non
2838 3510 3172 3566 erubescunt
3225 3505 3451 3559 dicere:

1877 3608 2085 3661 Meliori
2133 3606 2368 3660 fortuna:
2412 3605 2529 3659 sive
2590 3607 2809 3658 eventui
2864 3616 2984 3657 esse
3038 3598 3450 3656 ascribcndum,

1874 3701 2018 3769 quod
2046 3698 2190 3754 Deus
2223 3698 2510 3751 materiam
2567 3697 2838 3750 invenerit
2870 3712 2885 3748 :
2934 3707 3097 3763 quam
3151 3688 3257 3744 nisi
3295 3700 3456 3756 repe:

1875 3792 2063 3856 risset,
2131 3790 2345 3859 opiﬁcis
2396 3805 2596 3843 nomen
2650 3803 2931 3857 nunquam
2991 3784 3223 3851 adeptus
3284 3788 3452 3836 esset.

226 3880 412 3938 semper
435 3870 704 3927 dubitans
730 3872 864 3941 quid
912 3872 1104 3939 faciat,
1133 3883 1189 3929 et
1220 3892 1327 3931 non
1357 3878 1548 3935 valens
1581 3896 1647 3934 ex
1708 3881 1795 3938 his
1842 3899 1964 3955 quat
2027 3901 2135 3939 non
2188 3893 2338 3947 sunt,
2389 3884 2537 3936 entia
2594 3881 2956 3935 constituere.
3017 3875 3215 3929 Verum
3276 3870 3458 3938 impia!
3524 3904 3527 3911 -

227 3956 333 4015 huic
366 3963 664 4017 assertioni
711 3963 790 4018 sic
824 3965 1240 4031 occrrrronna
1310 3967 1525 4023 ratione
1587 3972 1841 4038 materia,
1882 3987 2047 4043 quam
2082 3987 2178 4028 vos
2225 3972 2397 4041 ιι,οιεο
2446 3970 2707 4033 alienam,
2760 3981 2860 4021 nec
2893 3966 2964 4020 ab
3009 3965 3128 4033 ipso
3162 3960 3454 4016 excitatam

227 4056 523 4120 autumatis,
560 4056 868 4124 specierum
900 4056 1015 4111 sive
1066 4057 1334 4122 idearum,
1384 4074 1507 4128 qua:
1538 4075 1603 4115 ex
1638 4061 1758 4130 ipso
1798 4063 2126 4132 procedunt,
2156 4062 2437 4130 particeps
2474 4061 2559 4115 vel
2585 4056 2971 4126 susceptibilis
3045 4053 3161 4107 fieri
3233 4046 3458 4121 potuit?

226 4141 335 4207 Quae
357 4147 500 4200 enim
538 4145 1003 4217 aﬂinitas,qua:ve
1054 4151 1311 4216 cognatio
1357 4152 1643 4219 speciebus
1705 4171 1826 4223 qua:
1863 4172 1927 4210 ex
1967 4156 2074 4210 Deo
2112 4154 2404 4225 prodeunt,
2437 4168 2564 4208 cum
2610 4150 2845 4205 materia
2874 4145 3217 4202 intervenire
3245 4142 3458 4213 potuis-

230 4236 329 4289 set?
354 4236 638 4302 Quomodo
670 4237 835 4303 Deus,
866 4254 991 4293 cum
1022 4251 1173 4294 creat
1202 4240 1418 4310 species
1480 4250 1536 4297 et
1570 4242 1796 4310 formas,
1858 4262 1979 4316 quae
2021 4248 2243 4318 quidem
2295 4247 2412 4315 ipsa
2496 4242 2729 4297 materia
2794 4250 2928 4295 sunt
2990 4236 3409 4308 prmstantiores
3437 4274 3453 4298 ,

229 4328 508 4396 materiam,
545 4345 667 4399 qua:
697 4329 891 4385 formis
941 4331 1102 4384 vilior
1140 4343 1193 4387 et
1216 4331 1463 4386 deterior
1492 4343 1599 4401 est,
1640 4352 1836 4405 parare
1875 4354 1982 4392 non
2014 4340 2285 4409 qnivisset
2308 4339 2333 4391 Ρ
2368 4335 2473 4391 Sed
2509 4334 2642 4404 quid
2682 4334 2994 4403 specierum
3033 4344 3128 4384 seu
3156 4328 3458 4383 formarum

231 4424 710 4477 commemorationi
755 4424 1060 4489 immorer,
1104 4439 1230 4479 cum
1290 4426 1501 4495 liquido
1551 4439 1769 4485 constet
1844 4431 2012 4486 Deum
2078 4428 2837 4487 immortalemsubstantias.
2869 4440 2990 4494 quae
3025 4423 3144 4501 solo
3174 4420 3454 4475 intellectu

234 4509 588 4580 percipiuntur
638 4513 1069 4582 planissimeque
1108 4515 1484 4585 incorporeas,
1513 4534 1614 4573 nec
1657 4536 1762 4572 non
1800 4522 2040 4574 animam
2074 4531 2319 4576 nostram
2349 4536 2416 4575 ex
2442 4519 2616 4583 nihilo
2646 4515 2914 4572 creasse?
2978 4512 3128 4580 Quas
3197 4511 3459 4565 substan-

233 4601 321 4656 tias
364 4605 405 4658 si
459 4605 789 4673 corporibus
820 4604 1185 4668 subtraxeris,
1242 4606 1386 4674 quod
1437 4607 1797 4676 relinquitur,
1874 4611 2010 4665 nihil
2043 4620 2149 4667 est.
2180 4611 2243 4665 Et
2274 4627 2406 4667 sane
2438 4611 2523 4665 vel
2549 4623 2697 4663 caeco
2731 4614 2983 4676 apparet,
3015 4601 3451 4674 magnitudinem

193 4672 402 4751 fformis
456 4714 529 4753 ex
609 4697 837 4752 materia
888 4698 1139 4766 subjecta
1174 4712 1534 4754 accrescere:
1574 4702 1720 4755 unde
1758 4701 1975 4758 discere
2028 4713 2116 4760 est
2176 4719 2278 4759 nos
2335 4703 2624 4757 materiam
2672 4688 2835 4755 ‘simul
2876 4712 2999 4752 cum
3082 4696 3258 4751 forma
3322 4709 3458 4749 con-

233 4782 448 4852 iunctam
501 4804 719 4857 semper
781 4788 1113 4859 cogitatione
1160 4789 1448 4856 attingere.
2790 4847 2809 4854 _

290 4878 401 4942 Πῶς
426 4880 483 4933 δὲ
506 4881 600 4934 καὶ
632 4881 660 4932 ὁ
687 4880 891 4949 κόσμος
913 4878 990 4948 τῷ
1014 4879 1133 4949 Θεῷ
1158 4881 1459 4946 συναῖδιοςς
1492 4881 1643 4936 ἔσται
1670 4882 1767 4954 γὰρ

1953 4880 2224 4933 Caeterum
2249 4878 2452 4948 quibus
2486 4874 2824 4945 argumentis
2848 4872 3267 4927 conﬁrmabitur
3294 4886 3458 4925 mun-

237 4968 420 5042 ἀνάγκη
442 4970 676 5039 φύσεως,
710 4969 771 5022 οὐ
804 4968 1086 5038 βουλήσει,
1120 4969 1180 5022 τὸ
1214 4966 1353 5024 εἶναι
1382 4971 1582 5041 λαχών.
1611 4973 1767 5025 Ποίαν

1886 4972 1940 5026 di
1991 4988 2115 5026 cum
2174 4969 2286 5025 Deo
2346 4964 2916 5023 comtcrnitas?Nam
2973 4965 3020 5019 si
3070 4965 3307 5018 mtmdus
3350 4963 3471 5027 Deo,

236 5056 283 5110 δὲ
323 5060 471 5132 χάριν
518 5060 846 5132 ὁμολογήσει
896 5060 1015 5130 Θεῷ
1070 5061 1140 5115 τὰ
1187 5062 1379 5116 τούτου
1442 5054 1767 5136 δημιουργή·

1886 5076 1973 5119 est
2021 5078 2278 5124 coaevus,
2336 5071 2599 5131 sequetur
2654 5075 2760 5111 non
2812 5058 3096 5110 voluntate
3143 5054 3456 5132 Creatoris,

243 5164 383 5216 ματα,
439 5153 589 5223 παρὰ
629 5153 706 5222 μὴ
752 5151 1073 5222 βουλομένου
1120 5154 1387 5224 γενόμενα
1427 5155 1494 5209 διῒ
1536 5156 1767 5228 ἁνάγκηι

1888 5156 1983 5211 sed
2021 5142 2350 5209 nccessitaté
2394 5152 2659 5207 mundum
2698 5166 2818 5205 esse
2847 5158 3251 5205 constructum.
3282 5147 3457 5212 Quam

239 5239 321 5307 τῆς
352 5241 598 5310 iptio-ato“
649 5243 821 5313 Εἴπερ
879 5243 1182 5315 ἐπειδήπερ
1241 5247 1360 5298 ἐστὶ
1405 5246 1767 5319 δημιουργὸς

1890 5248 2057 5317 igitur
2112 5245 2343 5316 gratiam
2405 5242 2637 5297 Domino
2688 5244 3001 5311 pcrs-alvent
3060 5248 3359 5301 creaturae,
3413 5237 3460 5291 si

242 5332 430 5396 πάντως
465 5334 683 5405 ὑπῆρχε
714 5337 777 5386 τὸ
805 5333 1224 5405 δημιούργημα,
1258 5337 1332 5407 μὴ
1358 5338 1662 5408 δυναμένου
1688 5338 1767 5393 toi

1892 5349 2087 5409 prteter
2146 5337 2484 5391 voluntatem
2550 5332 2869 5397 Creatoris,
2937 5343 3113 5397 eoque
3175 5328 3346 5380 invito
3405 5326 3461 5380 in

245 5418 355 5474 Θεοῦ
378 5423 472 5487 τὰς
496 5425 784 5496 ποιητικὰς
807 5425 1024 5495 ἐπέχειν
1048 5427 1246 5496 ὁρμάς.
1280 5429 1344 5480 Εἰ
1376 5429 1431 5481 δὲ
1458 5428 1630 5494 τοῦτο,
1667 5430 1767 5492 πῶ,

1891 5429 2099 5482 entium
2151 5441 2438 5481 numerum
2497 5426 2684 5479 relata:
2739 5422 2928 5478 sunt?
2970 5419 3076 5474 Sed
3138 5420 3308 5474 multo
3364 5421 3463 5473 ab-

247 5514 391 5568 tzottiiv
439 5518 735 5581 ἐπαύσατο,
768 5519 862 5570 καὶ
907 5519 983 5587 μὴ
1026 5518 1376 5590 καθεκάστην
1412 5519 1652 5588 κόσμους
1689 5520 1767 5590 δηι

1890 5522 2113 5585 suralius
2170 5528 2256 5574 est
2320 5518 2463 5587 quod
2530 5523 2842 5587 proponunt
2897 5532 2909 5566 :
2973 5514 3030 5587 Si
3087 5514 3192 5567 fuit
3239 5514 3459 5581 opifex,

252 5614 501 5677 μιουργεῖς
534 5611 661 5673 Πῶς
718 5610 774 5663 δὲ
846 5611 945 5664 οὐκ
1008 5611 1163 5664 ἔσται
1226 5612 1660 5683 συμπληρωτικὰ
1718 5613 1767 5666 τὲ

1891 5597 2262 5675 necessarium
2314 5611 2672 5679 consequium
2722 5618 2805 5662 est
2856 5617 2912 5659 nt
2957 5607 3121 5660 faciat
3169 5615 3214 5658 et
3278 5621 3415 5671 opus
3445 5644 3459 5667 ,

250 5699 500 5768 ποιήματα
515 5703 615 5772 τῆς
650 5703 803 5766 θείας
830 5703 1039 5767 οὐσίας,
1059 5704 1115 5757 εἴ
1140 5721 1203 5772 γε
1239 5704 1442 5757 τούτων
1465 5707 1564 5758 οὐκ
1594 5705 1760 5758 ὄντων

1890 5721 2013 5757 cum
2062 5704 2210 5756 nullo
2261 5703 2422 5755 modo
2478 5702 2743 5771 potuisset
2789 5699 3034 5751 inhibere
3086 5696 3303 5750 ert-atnli
3360 5698 3462 5745 int-

254 5784 333 5836 σὺν
376 5789 516 5846 ἔσται
568 5791 734 5861 φύσει
775 5791 1133 5864 δημιουργὸς;
1178 5793 1299 5857 Πῶς
1347 5796 1401 5849 δὲ
1452 5797 1510 5848 οὐ
1545 5796 1637 5849 τοῦ
1678 5801 1767 5865 Δη-

1894 5805 2077 5869 petum
2108 5808 2113 5811 '
2142 5797 2222 5851 vel
2270 5797 2540 5850 ardorem.
2593 5793 2747 5858 Quod
2794 5792 2837 5846 si
2893 5808 3078 5845 verum
3125 5807 3148 5826 ν
3191 5800 3239 5833 ’-
3307 5825 3315 5835 ι
3374 5803 3463 5842 '-'"c
