3922 6230
1475 284 1504 316 ⁸3

365 313 432 378 31
971 351 978 357 ο
1483 302 1499 316 “’
1660 319 1980 380 PROCOPI
2025 319 2270 381 GAZASI
3536 302 3615 375 σε

367 443 399 482 a
447 429 704 486 creando
771 432 1024 502 quievit,
1089 441 1144 489 et
1214 447 1326 490 non
1398 431 1633 489 subinde
1699 430 1934 488 mundos

2046 431 2304 502 μιουργοῦ
2340 430 2722 503 πρεσϐυτέραν
2752 430 2968 503 ἀνάγκη
3005 430 3107 501 τὴν
3141 428 3275 500 ὕλην
3301 423 3466 494 νοεῖν,
3497 425 3609 480 επί-

366 521 600 576 statuit?
657 521 931 581 Praeterea
1013 525 1147 580 hinc
1215 539 1587 596 consequetur
1655 537 1938 580 creaturas

365 625 489 665 esse
543 613 925 682 supplementa
981 613 1182 669 divinae
1239 613 1604 671 substantiae:
1663 613 1936 682 siquidem

365 699 454 755 his
509 717 620 758 non
673 703 1089 772 exsistentihus,
1131 720 1234 760 nec
1268 705 1542 759 naturalis
1593 707 1697 759 erit
1729 703 1936 772 opifex.

365 793 448 847 Ad
499 795 614 850 hac
663 796 794 866 quid
860 795 1175 867 prohibebit
1221 797 1614 868 cogitationem
1640 795 1939 851 extendere

366 899 432 937 eo
483 901 678 954 usque,
735 893 795 940 ut
854 886 1278 956 pron’untiemus
1339 888 1646 950 materiam,
1701 903 1766 941 ex
1829 902 1938 958 qua

366 975 602 1030 mundus
649 984 970 1046 compactus
1023 986 1108 1032 est
1160 977 1272 1032 Deo
1309 986 1640 1041 coaeternus,
1701 991 1938 1048 praeces-

364 1065 510 1119 sisse
538 1073 592 1118 et
623 1065 1144 1136 antiquioremjesse
1173 1067 1416 1136 Opifice?
1449 1067 1592 1122 Proh
1621 1069 1940 1124 absurdita-

363 1155 496 1207 teml
541 1153 774 1224 insuper
817 1171 943 1210 cum
995 1157 1454 1213 manifestissime
1505 1165 1691 1227 pateat
1723 1157 1941 1228 simpli-

362 1243 452 1299 cia
509 1247 814 1300 vetustiora
859 1261 985 1302 esse
1053 1248 1402 1318 compositis,
1459 1248 1819 1308 concludetur
1873 1265 1942 1304 ex

362 1335 532 1390 modo
585 1338 1039 1392 commemoratis
1067 1339 1402 1406 ratiociniis,
1441 1337 1611 1394 Deum
1643 1338 1944 1410 simpliciso

364 1424 562 1506 simam
586 1425 736 1478 illam
761 1426 1150 1495 substantiam,
1199 1428 1448 1500 ejusdem
1506 1436 1588 1500 (ut
1627 1430 1702 1484 ita
1735 1430 1941 1498 dicam)

363 1515 546 1570 aetatis
579 1531 705 1571 cum
742 1518 969 1584 mundo,
1017 1521 1108 1590 qui
1145 1522 1404 1591 partibus,
1445 1526 1664 1577 constat
1706 1530 1762 1575 et
1793 1536 1944 1575 com-

363 1605 578 1674 positus
627 1609 894 1676 cernitur,
935 1611 1204 1667 exsistere
1255 1631 1268 1666 :
1326 1611 1491 1682 idque
1547 1621 1728 1668 mente
1781 1627 1943 1682 posse

362 1697 591 1767 percipi,
619 1713 744 1754 cum
785 1699 953 1757 Deum
984 1703 1302 1774 compositis
1332 1713 1662 1776 coaeternum
1695 1719 1944 1774 pronun-

2041 540 2190 576 νοιαν
2249 523 2692 594 προταττομένην
2725 511 2827 577 ’τοῦ
2879 523 3090 594 κόσμου
3145 520 3206 587 ἐξ
3245 515 3315 592 ἧς
3344 519 3374 572 ὁ
3413 517 3618 588 κόσμος

2041 614 2261 680 ἐγένετο
2292 613 2372 684 τῷ
2391 613 2530 684 ,Θεῷ
2561 614 2870 681 συναῖδιος;
2904 613 3028 678 Πῶς
3057 611 3115 668 δὲ
3146 614 3194 666 εί
3225 611 3295 667 τὰ
3325 611 3471 669 ἁπλᾶ
3507 609 3620 663 τῶν

2043 704 2316 758 συνθέτων
2353 705 2727 777 πρεσϐύτερα,
2764 705 2881 775 ἅμα
2934 705 2992 758 δὲ
3047 703 3203 770 Θεὸς,
3235 701 3352 774 ἅμα
3411 703 3618 772 κόσμος

2044 792 2297 857 σύνθετος
2329 793 2426 858 ὢν,
2461 794 2523 849 οὐ
2571 796 2666 849 καὶ
2697 794 2798 848 τοῦ
2842 793 2979 848 Θεοῦ
3017 793 3192 847 ταῦτα
3233 793 3453 854 πάντως
3497 791 3620 843 ἐπι-

2042 885 2160 956 νοίᾳ
2191 885 2544 959 πρεσϐύτερα
2567 885 2662 939 τοῦ
2707 888 2822 949 τοῖς
2864 885 3140 948 συνθέτοις
3171 882 3458 937 συναῖδίου.
3485 897 3618 948 τυγ-

2042 975 2333 1046 χάνοντος;
2367 975 2492 1038 Πῶς
2520 975 2578 1028 δὲ
2603 973 2701 1029 τοῦ
2743 974 2952 1046 κόσμου
2991 974 3060 1028 τὰ
3089 973 3206 1044 εῐδη
3236 971 3618 1043 συνεμετρήθη

2041 1067 2110 1136 τῇ
2147 1063 2284 1135 mn;
2315 1064 2348 1136 ἢ
2380 1065 2492 1136 γὰρ
2521 1069 2662 1119 κατά
2687 1064 2859 1136 τύχην
2883 1064 3155 1136 τοσαύτην
3177 1058 3304 1135 εὗρε
3324 1061 3456 1126 Θεὸς
3485 1061 3620 1127 ὓλην

2042 1151 2177 1223 ὅσην
2208 1153 2445 1222 ἠδύνατο
2471 1155 2844 1224 κοσμοποιεῖν,
2881 1155 2976 1208 καὶ
3017 1149 3452 1225 συνετέερατοῦτο
3487 1153 3622 1204 ταύοι

2041 1260 2112 1316 τῃ
2142 1243 2238 1298 τοῦ
2267 1245 2729 1316 δημιούργοῦντος
2758 1247 2790 1316 ἡ
2818 1245 3068 1314 δύναμις,
3093 1246 3231 1316 ὅπερ
3259 1245 3446 1298 ἀϊδίων
3467 1245 3623 1298 €1.16—

2043 1333 2296 1404 τριον⁶,ἣ
2329 1334 2556 1387 πλείονα
2588 1334 2796 1404 ταύτην
2830 1333 2932 1402 τῆς
2973 1334 3110 1396 ίδίας
3146 1325 3272 1403 εὗρε
3309 1333 3618 1402 δυνάμεως,

2045 1428 2140 1480 καὶ
2180 1425 2280 1496 τὴν
2311 1425 2406 1479 τοῦ
2439 1425 2575 1478 Θεοῦ
2608 1425 2840 1495 δύναμιν
2883 1425 2983 1494 τῆς
3029 1425 3161 1495 ὕλης
3190 1425 3251 1478 τὸ
3289 1425 3494 1494 πλῆθος
3536 1441 3622 1477 νε-

2045 1515 2291 1584 νίκηκεν,
2325 1515 2466 1582 εἴγε
2501 1513 2705 1584 πλῆθος
2731 1515 3010 1583 προσῆκεν
3049 1513 3224 1567 εἰπεῖν
3263 1514 3358 1566 ἐπὶ
3396 1517 3496 1582 τῆς
3531 1513 3624 1565 νό-

2046 1607 2124 1676 θῳ
2147 1606 2360 1678 ληπτῆς
2382 1605 2651 1676 λογισμῷ,
2680 1605 2828 1660 καθά
2857 1622 3020 1675 φασιν
3053 1606 3103 1660 oi
3141 1604 3315 1674 σοφοί.
3353 1605 3462 1658 Καὶ
3511 1603 3621 1658 λοι·

2045 1698 2148 1750 πὺν
2177 1695 2238 1762 ἐξ
2265 1699 2514 1767 ἀνάγκης
2539 1697 2599 1750 τὸ
2633 1697 2732 1767 μὲν
2761 1697 3197 1768 ἐδημιούργησεν
3238 1697 3408 1766 αὐτῆς
3437 1699 3466 1749 ὁ
3489 1696 3622 1760 Θεὸς

363 1791 505 1844 tiare
549 1804 660 1844 non
721 1793 1075 1848 erubescant.
1139 1794 1428 1860 Quomodo
1485 1795 1673 1848 mundi
1727 1796 1941 1865 species

2046 1789 2180 1860 πρὸς
2231 1789 2330 1859 τὴν
2375 1788 2606 1858 δύναμιν
2644 1785 2795 1859 εῖχεν
2839 1789 3181 1858 ἀρκέσασαν.
3211 1787 3286 1840 Τὸ
3313 1787 3370 1840 δὲ
3408 1787 3628 1856 ἀφῆκεν

363 1881 898 1960 commensurabiles
931 1881 1085 1939 fuere
1116 1885 1402 1939 materiae?
1433 1883 1542 1939 Aut
1563 1884 1733 1950 enim,
1761 1886 1939 1950 aiunt,

364 1983 430 2023 ex
465 1985 732 2040 prospero
786 1972 1022 2030 fortunae
1083 1991 1349 2030 successu
1411 1976 1622 2032 invenit
1680 1975 1945 2038 Conditor

365 2059 648 2113 materiam
701 2069 932 2126 tantam,
978 2072 1190 2134 quanta
1237 2065 1512 2121 sufﬁceret
1561 2065 1630 2120 ad
1686 2076 1942 2121 constru-

364 2148 600 2204 ctionem
648 2152 974 2222 amplissimi
1021 2156 1183 2225 hujus
1233 2157 1454 2226 operis:
1493 2165 1549 2211 et
1596 2156 1656 2211 in
1700 2156 1827 2220 hac,
1883 2162 1944 2210 ut

363 2237 606 2303 infirma,
665 2242 930 2298 conclusa
977 2254 1031 2299 et
1064 2247 1362 2301 terminata
1400 2256 1485 2302 est
1513 2248 1738 2317 Opiﬂcis
1765 2248 1941 2302 virtus

2042 1879 2486 1952 ἀδημιούργητον
2533 1881 2741 1952 ἀπορίᾳ.
2780 1879 3085 1950 δυνάμεως.
3113 1881 3183 1932 Ἢ
3213 1879 3419 1948 ταύτην
3447 1875 3626 1943 εὑρὼν

2041 1973 2273 2038 ἐλάττω,
2307 1972 2369 2026 τὸ
2401 1971 2696 2036 πλεονάζον
2725 1973 2823 2044 τῆς
2861 1972 3058 2026 ἑαυτοῦ
3101 1977 3114 2028 i
3154 1971 3438 2042 δυνάμεως
3472 1970 3624 2022 ἄκων

2045 2063 2268 2134 ἐπέσχε,
2309 2063 2446 2132 πρὸς
2487 2062 2587 2132 τὴν
2617 2062 2813 2133 λοιπὴν
2849 2063 3213 2133 δημιουργίαν
3251 2061 3418 2132 μηδὲν
3449 2057 3626 2130 εὑρὼν

2047 2155 2424 2225 ὑποκείμενον.
2457 2153 2520 2207 Ei
2552 2154 2612 2208 δὲ
2643 2155 2809 2226 μέρος
2837 2155 3038 2224 ἐπέσχε
3072 2155 3172 2224 τῆς
3201 2155 3504 2224 δυνάμεως.
3531 2152 3630 2204 καὶ

2049 2245 2111 2298 τὺ
2135 2246 2242 2298 πᾶν
2267 2244 2488 2316 ἐπέχειν
2515 2245 2746 2315 ἠδύνατο
2774 2249 2871 2300 καί⁹
2898 2246 2974 2317 μὴ
3001 2246 3277 2300 συναῖὂιον
3310 2244 3634 2314 ὑποστῆσαι

365 2345 461 2384 seu
496 2333 760 2401 potentia.
799 2333 999 2401 Verum
1033 2337 1136 2390 hoe
1179 2337 1247 2390 ah
1277 2337 1502 2392 aeternis
1533 2346 1620 2393 est
1657 2337 1942 2392 alienissi-
2045 2338 2138 2392 τὸν
2166 2337 2398 2408 κόσμον.

364 2436 538 2490 mum,
573 2441 752 2496 neque
801 2426 869 2483 de
912 2427 1048 2498 ipsis
1092 2429 1528 2498 praedicandum.
1583 2431 1693 2484 Aut
1756 2429 1874 2499 (sic
1928 2437 2168 2500 pergunt
2217 2429 2644 2503 ratiocinando)
2723 2430 3011 2486 materiam
3068 2430 3276 2499 reperit
3331 2429 3626 2498 majorem,

363 2532 530 2586 quam
585 2530 645 2574 ut
685 2535 798 2576 sua:
853 2523 1114 2592 potentiae
1161 2523 1547 2594 responderet,
1601 2530 1656 2578 ct
1707 2523 1790 2578 sic
1845 2522 1939 2579 Dei
2017 2523 2318 2593 potentiam
2370 2524 2554 2580 obruit
2603 2531 2658 2580 et
2708 2524 2840 2579 vicit
2893 2525 3134 2578 materiae
3205 2522 3520 2586 multitudo,
3577 2526 3632 2578 si

365 2607 773 2665 multitudinem
825 2611 1013 2667 dicere
1055 2613 1215 2669 decet
1275 2613 1346 2670 de
1405 2615 1639 2670 materia
1712 2628 1836 2683 quae
1899 2612 2212 2668 adulterina
2294 2615 2724 2670 ratiocinatione
2774 2620 2869 2685 (ut
2916 2614 3206 2684 perhibent
3273 2613 3622 2683 philosophi)

365 2703 601 2772 capitur.
645 2701 989 2763 Necessitate
1019 2708 1224 2779 itaque
1250 2709 1520 2766 subactus
1559 2717 1771 2780 partem
1812 2705 1931 2776 ejus
1971 2709 2215 2764 materiae
2247 2709 2302 2764 in
2335 2709 2618 2780 opiﬁcium
2684 2709 2897 2770 eduxit,
2923 2715 3198 2778 quatenus
3257 2704 3618 2761 suﬂicientem

365 2797 634 2854 condendi
671 2799 864 2855 habuit
891 2803 1217 2872 potentiam.
1262 2806 1507 2860 Alteram
1574 2813 1790 2874 partem
1863 2802 2052 2858 omisit
2104 2804 2366 2874 potentiae
2423 2805 2610 2876 inepia
2661 2819 2761 2861 seu
2817 2802 3058 2860 defectu.
3130 2800 3227 2856 Vel
3278 2809 3475 2856 nactus
3539 2811 3624 2856 est

366 2891 652 2946 materiam
684 2892 900 2964 Opifex.
931 2905 988 2951 at
1018 2900 1285 2954 minorem
1322 2914 1487 2970 quam
1529 2914 1644 2954 suae
1710 2898 1971 2968 potentiae
2043 2907 2399 2970 congrueret.
2439 2899 2677 2954 Proinde
2742 2898 2951 2954 invitus
3023 2895 3294 2968 repressit
3353 2896 3500 2965 quod
3557 2896 3624 2950 de

367 2997 468 3036 sua
495 2985 737 3052 potentia
775 2997 1081 3057 supererat,
1113 2975 1320 3043 nulla'm
1403 3003 1532 3044 cum
1589 2989 1801 3045 videret
1863 2991 2151 3047 materiam
2180 2992 2453 3062 adiectam
2483 2981 2742 3062 amplius,
2791 2991 2846 3044 in
2893 3006 3000 3058 qua
3051 2992 3350 3048 creationis
3396 2994 3620 3062 reliqua:

367 3075 646 3143 negotium
681 3078 999 3134 conﬁceret.
1033 3079 1307 3136 Pratclara
1338 3079 1592 3152 profecto
1623 3083 2054 3152 argumentatio.
2106 3082 2164 3138 Si
2198 3083 2342 3156 parti
2400 3099 2514 3139 suae
2585 3082 2846 3153 potentia:
2891 3082 3078 3138 frenos
3153 3083 3384 3154 injicere
3449 3085 3628 3154 potuit

365 3161 654 3228 Conditor,
715 3183 826 3222 non
872 3170 1148 3239 quivisset
1203 3179 1373 3226 totam
1425 3186 1581 3228 suam
1630 3172 1940 3244 reprimere
1978 3175 2281 3245 potentiam
2313 3193 2326 3230 :
2356 3182 2412 3230 et
2443 3175 2526 3232 sic
2551 3183 2742 3244 aperto
2779 3173 3034 3243 exemplo
3111 3175 3405 3228 ostendere
3441 3173 3625 3228 'mun-

368 3251 497 3308 dum
528 3257 849 3325 neutiquam
874 3247 984 3314 sibi
1014 3261 1392 3316 coaeternum?

441 3367 548 3422 Sed
570 3370 720 3424 hanc
748 3372 814 3426 de
847 3376 1056 3428 mundo
1089 3376 1401 3432 orationem
1453 3387 1807 3449 repetamus:
1840 3380 1943 3434 Aut

2123 3373 2226 3426 Τὸν
2265 3369 2427 3424 αὑτὸν
2451 3369 2509 3422 δὲ
2539 3369 2698 3436 λόγον
2728 3366 2822 3419 ἐπὶ
2846 3365 2941 3419 τοῦ
2979 3366 3187 3437 κόσμου
3221 3367 3382 3421 πάλιν
3417 3370 3629 3438 σκοπή-

369 3459 513 3512 enim
549 3457 696 3514 Deus
727 3459 934 3517 invenit
958 3468 1270 3533 materiam,
1303 3483 1430 3524 cum
1459 3468 1763 3526 creationis
1783 3486 1944 3542 nego-

370 3549 507 3603 tium
531 3561 868 3621 capesseret,
900 3556 1195 3612 mundana:
1234 3557 1603 3630 magnitudini
1637 3576 1824 3630 parem
1849 3573 1942 3616 aut

371 3639 657 3708 imparem.
691 3639 747 3696 Si
769 3652 890 3700 erat
915 3645 1111 3716 impar,
1131 3659 1225 3702 aut
1248 3651 1427 3720 major
1449 3652 1530 3706 vel
1550 3652 1730 3708 minor
1751 3653 1945 3722 deprc-

369 3731 734 3788 hendebatur.
766 3735 825 3789 Si
851 3737 1120 3794 minorem
1141 3741 1330 3798 mundi
1359 3742 1598 3798 tcdifleio
1625 3760 1745 3798 eam
1779 3753 1945 3800 mate-

370 3824 507 3878 riam
521 3824 753 3891 dixeris,
775 3827 920 3884 unde
945 3831 1180 3901 reliqua,
1197 3848 1319 3903 qua:
1340 3837 1687 3904 pertinebant
1705 3837 1771 3892 ad
1793 3852 1947 3891 mun-

370 3913 422 3968 di
443 3913 860 3986 perfectionem,
887 3935 1044 3976 suam
1091 3925 1389 3978 essentiam
1434 3925 1711 4008 hausere?
1741 3926 1798 3980 Si
1829 3942 1944 3982 ma-

367 4003 567 4072 jorem,
595 4021 724 4076 ergo
749 4007 898 4076 quod
919 4011 1186 4075 restabat,
1215 4013 1418 4078 mansit
1441 4003 1698 4071 informis
1723 4023 1779 4070 et
1801 4015 1947 4070 indi—

371 4105 525 4164 gesta
553 4097 753 4161 moles,
781 4098 1014 4152 alterum
1045 4103 1203 4170 quasi
1231 4112 1561 4172 exspectans
1582 4107 1854 4176 Opillcem.
1888 4107 1943 4160 Si

373 4201 502 4242 vero
522 4185 723 4242 obtulit
755 4203 815 4243 se
849 4191 1081 4246 materia
1115 4193 1303 4247 mundi
1330 4195 1554 4263 opificio
1593 4212 1946 4254 commensu-

372 4277 590 4340 rahilis,
640 4288 791 4335 certe
841 4281 958 4336 fors
994 4283 1078 4338 vel
1107 4285 1324 4339 fortuna
1363 4288 1613 4356 quaedam
1643 4290 1943 4345 antecessit

375 4367 426 4438 5
455 4368 622 4423 Deum
653 4377 709 4424 et
747 4373 1032 4428 materiam
1068 4377 1398 4446 praeparavit
1430 4377 1716 4432 Conditori
1743 4381 1816 4433 ad
1857 4381 1944 4434 fu-

373 4467 559 4514 turum
589 4462 874 4531 mundum,
905 4475 958 4521 et
980 4466 1292 4526 Conditoris
1322 4472 1584 4540 potentia:
1616 4480 1947 4542 attempera-

373 4548 474 4602 vit.
511 4549 652 4616 Quid
705 4552 875 4624 igitur
920 4555 1181 4624 obstabit,
1237 4559 1532 4628 quominus
1597 4560 1827 4616 materia
1876 4561 1949 4616 sit

375 4639 555 4704 ﬁnita,
587 4658 712 4698 cum
741 4661 860 4702 eam
881 4647 1088 4704 mundo
1106 4651 1436 4718 (secundum
1459 4654 1771 4722 opinionem
1792 4652 1945 4708 Gra-

2049 3477 2266 3532 σωμεν·
2303 3459 2334 3530 ῆ
2375 3459 2484 3530 γὰρ
2528 3457 2844 3528 σύμμετρον
2900 3451 3028 3527 εὗρε
3087 3459 3188 3520 τὴν
3233 3457 3367 3526 ὓλην
3412 3461 3489 3528 τῷ
3533 3459 3628 3513 τοῦ

2047 3557 2254 3625 κόσμου
2285 3551 2632 3624 μεγέθει,ὄτε
2663 3548 2852 3602 τοῦτον
2883 3549 3316 3614 κατασκευάζειν
3343 3547 3627 3619 ἠϐούλετο,

2045 3648 2078 3717 ἦ
2111 3645 2280 3699 πλείω
2303 3644 2406 3714 τῆς
2439 3643 2650 3714 χρείας,
2680 3643 2713 3713 ἢ
2749 3641 2914 3694 πάλιν
2965 3639 3226 3694 ἐλάττονα
3247 3658 3262 3674 ο
3297 3643 3392 3694 καὶ
3441 3643 3490 3695 εἰ
3528 3643 3638 3712 μὲν

2045 3739 2272 3798 ἐλάττω,
2299 3736 2464 3789 πόθεν
2497 3733 2684 3788 λοιπὸν
2711 3733 2934 3802 ἐγένετο
2963 3751 2978 3801 ;
3015 3733 3080 3786 Εί
3107 3731 3166 3786 δὲ
3205 3732 3408 3800 πλείω,
3445 3734 3628 3804 ἔμεινε

2009 3831 2106 3898 ,τὸ
2139 3827 2443 3882 πλεονάσαν
2507 3826 2822 3894 ἀκόσμητον
2875 3824 3066 3895 ὥσπερ
3127 3823 3316 3895 ἕτερον
3357 3825 3637 3896 ἀναμένον

2045 3915 2399 3988 δημιουργόν.
2459 3915 2522 3968 Et
2573 3914 2630 3966 δὲ
2671 3913 3008 3985 σύμμετρον,
3047 3914 3279 3984 τύχησις
3347 3915 3455 3986 πρὸ
3487 3915 3626 3970 Θεοῦ

2045 4010 2104 4063 τὸ
2159 4007 2358 4078 μέτρον
2417 4005 2566 4076 αὐτῷ
2631 4005 2724 4058 καὶ
2807 4008 2946 4076 προς
3029 4007 3222 4078 χρείαν
3271 4005 3366 4058 τοῦ
3421 4007 3629 4076 κόσμου

2048 4101 2142 4154 καὶ
2188 4097 2324 4168 πρὸς
2387 4097 2488 4168 τὴν
2545 4097 2686 4150 ίδίαν
2759 4097 3146 4167 παρεσκεύασε
3207 4096 3460 4168 δύναμιν.
3506 4096 3632 4161 Πῶς

2047 4192 2105 4245 δὲ
2157 4190 2218 4243 ού
2303 4189 2479 4259 πέρας
2549 4189 2768 4254 ἐδέξατο
2848 4188 3298 4259 συμμετρηθεϊσα
3358 4187 3436 4258 τῷ
3505 4188 3633 4241 κόσ-

2053 4297 2176 4351 μῳ;
2237 4281 2372 4350 ὅπερ
2429 4279 2598 4347 αὐτῆς
2654 4277 2933 4348 ἀλλότριον
2964 4315 2979 4341 ,
3037 4275 3198 4347 εἴπερ
3259 4277 3409 4330 ἐστὶν
3463 4277 3634 4340 ἀΐδιος

2050 4374 2144 4426 καὶ
2197 4370 2495 4440 ἀσώματος
2523 4386 2535 4400 ·
2595 4367 2720 4432 Πῶς
2766 4369 2824 4421 δὲ
2885 4369 3111 4437 γέγονεν
3159 4371 3188 4422 ὀ
3238 4367 3443 4438 κόσμος
3475 4369 3634 4439 εἴπερ

2049 4463 2166 4516 ἐστὶ
2229 4461 2535 4524 συναϊδιοςς
2577 4459 2650 4512 Τὸ
2703 4459 2813 4528 γὰρ
2861 4461 3092 4530 ἄχρονον
3162 4460 3530 4526 amtorem-ab
3575 4461 3635 4513 δὲ

2050 4553 2302 4606 ἄκτιστον
2331 4551 2566 4620 ἄναρχον
2594 4563 2605 4577 ·
2643 4549 2779 4612 Θεὸς
2817 4549 2877 4604 δὲ
2915 4550 3077 4620 μόνος
3105 4553 3166 4605 τὸ
3197 4552 3434 4623 ἄναρχον
3461 4591 3474 4617 ,
3506 4551 3634 4604 καθ’

2050 4647 2078 4698 ὂ
2106 4661 2158 4696 τι
2185 4643 2230 4695 δ’
2255 4643 2320 4696 ἂν
2349 4641 2518 4712 λάϐῃς
2550 4641 2956 4712 σημαινόμενον
2981 4643 3081 4715 τὴν
3113 4645 3311 4714 ἀρχὴν,
3343 4644 3458 4696 εἴτε
3509 4643 3632 4696 κατ’

375 4734 594 4804 eorum)
624 4739 1173 4796 commcnsurahilem
1193 4743 1392 4798 factam
1413 4745 1943 4800 animadvertamus?

2053 4737 2248 4802 αἰτίαν,
2285 4735 2395 4788 εἴτε
2420 4737 2562 4789 κατά
2593 4737 2786 4806 χρόνον
2817 4752 2830 4766 °
2860 4732 2896 4788 ἆ
2927 4735 2991 4807 δὴ
3021 4738 3168 4807 μόνῳ
3190 4736 3267 4806 τῷ
3305 4737 3461 4806 ἀϊδίῳ
3495 4753 3635 4806 συμ-

380 4819 578 4878 Verum
603 4827 650 4882 si
679 4835 825 4882 esset
839 4838 1039 4885 aeterna
1064 4843 1117 4888 et
1140 4834 1482 4905 incorporea,
1521 4836 1839 4904 planissime
1861 4851 1948 4889 re-

375 4914 612 4986 spiceret
662 4920 979 4989 praedictam
1028 4923 1394 4992 affectionem,
1451 4928 1682 4990 scilicet,
1727 4938 1785 4981 ut
1841 4927 1948 4982 line

377 5009 566 5076 aliquo
604 5011 956 5070 Iimitaretur.
991 5018 1062 5071 At
1085 5018 1216 5072 mihi
1277 5020 1560 5090 explanari
1605 5022 1768 5090 cupio
1806 5035 1946 5090 quo-

377 5103 538 5158 modo
567 5105 824 5162 conditus
855 5108 926 5162 sit
981 5109 1239 5176 mundus,
1289 5111 1333 5166 si
1366 5110 1611 5166 eamdem
1663 5125 1786 5165 cum
1840 5110 1948 5166 Deo

376 5193 622 5262 possidet
672 5197 1079 5252 mternitatem?
1132 5199 1260 5254 Mihi
1313 5201 1385 5254 ita
1434 5201 1674 5266 videtur,
1730 5213 1782 5256 ct
1833 5202 1947 5256 haec.

377 5285 650 5340 sententia
685 5288 868 5342 animo
917 5290 1092 5361 surgit
1140 5307 1300 5350 meo:
1345 5291 1498 5360 Quod
1550 5295 1757 5363 ahsquc
1813 5301 1952 5346 tem-

380 5390 508 5444 porc
542 5385 624 5430 cst
656 5381 738 5432 \‘el
782 5389 1024 5448 tempore
1066 5396 1232 5449 caret,
1266 5401 1440 5457 neque
1491 5386 1743 5440 conditur
1776 5400 1952 5454 neque

2051 4827 2302 4897 ϐέϐηκεν.
2342 4827 2466 4890 Πῶς
2515 4827 2572 4879 δὲ
2631 4829 2693 4880 ού
2749 4829 2934 4898 πατὴρ
2980 4829 3202 4898 μᾶλλον,
3229 4829 3262 4898 ἢ
3291 4827 3386 4881 τοῦ
3423 4829 3634 4898 κόσμου

2047 4917 2378 4989 δημιουργὸς
2408 4921 2434 4971 ὁ
2464 4918 2634 4983 Θεόςς
2669 4918 2875 4986 γεννῶν
2906 4920 3074 4973 αὐτὸν
3101 4921 3176 4984 ὡς
3199 4920 3352 4990 ἣλιος
3389 4920 3487 4990 τὴν
3529 4921 3632 4972 αύ-

2050 5012 2172 5081 γὴν,
2209 5011 2322 5066 ἀλλ’
2353 5011 2452 5080 οὐχ
2499 5011 2574 5074 ὡς
2624 5011 2781 5064 πόλιν
2832 5012 3084 5082 οἰκιστὴς
3145 5011 3532 5084 ἐργαζόμενος.
3568 5013 3632 5065 Ei

2051 5106 2158 5175 γὰρ
2195 5107 2288 5157 καὶ
2325 5103 2402 5174 τῷ
2429 5104 2548 5173 Θεῷ
2581 5103 2809 5159 δυνατὸν
2854 5105 2940 5157 ἀεὶ
2978 5108 3174 5168 ποιεῖν,
3207 5105 3324 5160 ἀλλ’
3359 5105 3458 5158 ούκ
3499 5105 3632 5174 ἠδύ-

2052 5197 2178 5248 νατό
2227 5214 2275 5248 τι
2315 5197 2574 5264 γεννητὸν
2626 5196 2712 5248 ἀεὶ
2742 5193 2882 5249 εἶναι
2923 5197 3017 5250 καὶ
3054 5195 3632 5268 συμπαρεκτείνεσθαι

2058 5293 2124 5360 τῇ
2160 5289 2254 5342 τοῦ
2281 5288 2559 5352 ποιοῦντος
2587 5287 2876 5358 ἀῖδιότητι.
2911 5287 3130 5352 Ἀλλως
3154 5307 3214 5342 τε
3243 5288 3337 5342 καὶ
3366 5289 3393 5341 ὁ
3422 5287 3592 5341 εἰπὼν
3616 5327 3632 5351 ,

2059 5383 2420 5452 δημιουργὸν,
2453 5381 2550 5452 οὐχ
2617 5381 2731 5452 ἅμα
2779 5379 3083 5445 συνεισάξει
3131 5379 3514 5453 δημιουργίαν.
3553 5380 3628 5433 Οὔ

1711 5579 1939 5635 ΥΛιὶιΑἰ
1975 5576 2381 5634 LECTIONES.

449 5709 463 5763 ἶ
495 5713 628 5767 Cod.
669 5715 768 5767 ὑπδ
789 5716 906 5786 τήν.
