3922 6230
228 384 305 448 33
1339 380 1808 439 COMMENTAR

1921 378 2002 437 ΙΝ
2035 314 2397 438 (ΞΕΝΕΞΙλῗ.
3433 382 3502 445 34

231 497 344 565 γὰρ
398 493 479 562 τῷ
513 492 783 561 οξκοδὸμῳ
830 491 1168 561 συνυπάρχει
1208 490 1266 541 τὸ
1303 491 1663 558 οἰκοδόμημα,
1691 488 1808 540 οὐδὲ

1918 486 2198 539 conditum
2237 495 2335 538 est.
2378 486 2431 537 lii
2483 487 2627 553 quod
2674 503 2779 540 nvn
2828 489 3106 542 conditum
3143 497 3245 549 est,
3289 490 3496 544 nullum

231 586 307 655 τῷ
341 584 614 655 ναυπηγῷ
648 586 708 635 τὸ
740 585 967 651 σκάφος.
1018 583 1079 633 'H
1114 581 1212 649 μὲν
1241 582 1347 650 γὰρ
1379 581 1712 649 δημιουργία
1754 582 1808 629 ὲν

231 676 305 748 τῷ
358 673 711 745 ὀνηλιουργιῷ⁸
755 675 815 728 τὸ
865 674 922 727 δὲ
969 672 1361 743 δημιούργημα
1404 671 1541 741 μετὰ
1584 671 1674 721 τὸν
1724 669 1811 737 δη-

231 765 521 836 μιουργόν.
554 765 613 816 Εἰ
642 766 758 832 ἅμα
794 764 999 833 κόσμος
1028 763 1120 815 καὶ
1155 762 1309 814 οὐδὲν
1339 762 1555 821 καινὸν,
1581 760 1698 831 ἃμα
1733 758 1809 828 τῷ

230 857 423 926 κόσμῳ
452 855 626 908 κακία
652 872 665 884 ·
690 857 738 906 εἰ
762 853 821 907 δὲ
847 854 1027 916 τοῦτο,
1054 854 1172 923 ἅμα
1198 851 1317 922 Θεῷ
1354 854 1384 922 ἡ
1411 853 1578 905 κακία
1605 867 1616 881 ³
1653 853 1746 904 καὶ.
1774 850 1806 919 ἢ

227 949 463 1017 ἄναρχος
534 945 677 1007 αὕτη
730 944 1106 1014 παντελῶς,ἢ
1166 945 1224 1011 ἐξ
1286 944 1473 996 αὑτοῦ.
1504 944 1704 1013 Ἀμφω
1752 944 1808 994 δὲ

228 1042 425 1094 ἄτοπα.
484 1041 547 1091 Εἰ
596 1039 712 1108 ἃμα
760 1038 893 1100 Θεὸς
935 1038 1051 1107 ἅμα
1093 1037 1317 1106 κόσμος,
1370 1035 1487 1106 ἅμα
1528 1036 1660 1097 Θεὸς
1717 1035 1809 1099 καὶ

226 1133 477 1201 δαίμονες
533 1131 781 1200 πονηροί.
817 1130 929 1184 Καὶ
977 1132 1027 1181 εἰ
1092 1129 1193 1197 μὲν
1251 1128 1515 1197 οὐσιώδης
1575 1127 1809 1196 αὐτῶνὴ

229 1225 436 1288 κακία,
480 1223 680 1287 πόθεν;
724 1223 787 1275 οὑ
843 1222 953 1292 γὰρ
992 1221 1216 1291 ἀρχαία.
1257 1221 1319 1273 Εἰ
1378 1221 1435 1273 δὲ
1490 1219 1807 1288 ἐπίκτητος,

224 1315 305 1366 δεῖ
331 1312 718 1383 προϋπάρχειν
768 1312 869 1380 τῆς
913 1311 1109 1371 κακίας
1138 1311 1265 1371 τοὺς
1298 1308 1516 1377 ἐκείνης
1550 1308 1807 1378 μετέχοι-μ

227 1423 323 1468 τας
346 1421 362 1433 '
419 1405 603 1458 καίτοι
631 1404 747 1473 ἅμα
769 1403 975 1474 κόσμος
1004 1405 1122 1473 ἃμα
1157 1401 1325 1455 κακία
1355 1400 1652 1471 προείρητο
1685 1399 1807 1452 κατ’

224 1496 448 1558 αὐτούς.
480 1497 545 1549 Εἰ
596 1496 714 1565 ἅμα
765 1495 897 1556 Θεὸς
940 1494 1056 1564 ἅμα.
1095 1493 1300 1562 κόσμος
1322 1534 1335 1559 ,
1367 1492 1488 1563 ἅμα
1516 1491 1663 1545 ἁπλᾶ
1692 1489 1808 1558 ἅμα

226 1589 461 1642 σύνθετα
487 1605 500 1618 ’
536 1589 629 1640 καὶ
669 1586 789 1649 πῶς
830 1585 889 1649 ἐξ
930 1585 1155 1638 ἐκείνων
1193 1585 1402 1649 ταῦτα,
1435 1584 1552 1653 ἅμα
1605 1582 1672 1634 τὰ
1717 1582 1827 1634 δυσι

222 1682 385 1752 νάμει
423 1681 544 1750 ἅμα
599 1678 667 1732 τὰ
711 1679 982 1749 ἐνεργείᾳ,
1012 1678 1129 1743 ἅμα.
1166 1677 1329 1746 ἀτελῆ
1370 1677 1487 1746 ἆμα
1533 1674 1712 1728 τέλεια
1742 1674 1811 1727 τὰ

224 1772 282 1837 ἐξ
338 1771 553 1824 ἀτελῶν
594 1770 879 1838 πεφυκότα
928 1767 1306 1834 τελειοῦσθαι;
1339 1763 1449 1820 οἷον
1501 1768 1696 1837 ἄνδρες
1748 1768 1811 1819 ὲκ

1918 575 2043 628 licet
2060 576 2344 644 assignare
2364 577 2712 643 principium.
2746 582 2848 632 Sed
2875 580 3015 634 Dens
3045 584 3196 637 solus
3230 584 3499 654 principio

1917 676 2383 735 caret,utcunque
2404 668 2856 737 significatiooem
2884 674 3133 743 principii
3162 679 3373 744 capias:
3387 678 3503 730 sive

1919 766 1976 810 ιιι
1993 772 2239 818 causam,
2261 759 2376 811 sive
2397 766 2454 812 ut
2477 767 2841 830 tempus,qua:
2861 764 2961 817 soli
2984 774 3189 819 actm-uo
3215 768 3496 822 accidunt.

1916 847 2280 902 Atcnimilcus
2293 850 2637 905 commodius
2653 851 2792 906 dicet
2808 861 2855 906 et
2868 871 2930 906 ιιι·
2948 866 3120 924 pater,
3137 873 3299 925 quam
3317 860 3501 928 opiu-x

1916 940 2125 996 mundi.
2143 955 2265 991 cutu
2287 939 2431 992 hunc
2445 944 2916 1009 generaveritnun
2945 960 3108 1000 secus
3128 962 3191 1001 ac
3213 949 3294 1002 sol
3316 952 3499 1018 splen-

1917 1030 2128 1087 dorem,
2158 1043 2256 1082 nec
2291 1038 2348 1082 ut
2373 1031 2707 1087 architectus
2735 1034 2874 1087 solet
2905 1038 3247 1092 constituere
3280 1041 3495 1093 urbem.

1918 1119 2068 1174 Licet
2124 1120 2230 1173 Deo
2288 1121 2551 1190 possibile
2598 1122 2668 1176 sit
2716 1140 2932 1195 semper
2982 1144 3212 1193 creare,
3255 1140 3499 1184 attamen

1919 1214 2259 1281 impossibile
2298 1226 2384 1269 est
2417 1224 2731 1269 creaturam
2766 1218 3005 1287 aliquam
3044 1235 3171 1287 esse
3194 1261 3209 1287 ,
3248 1238 3369 1291 quae
3401 1240 3501 1293 pro

1918 1306 2218 1358 zelernitatc
2246 1321 2369 1359 cum
2402 1305 2509 1360 Deo
2537 1311 2854 1374 contendat,
2889 1319 2942 1363 et
2967 1327 3182 1382 semper
3204 1316 3497 1369 exstiterit.

1919 1396 2184 1452 Prmtcrea
2209 1400 2253 1452 si
2286 1401 2557 1469 quispiam
2589 1400 2796 1456 dixerit
2829 1421 2842 1455 :
2877 1402 3163 1473 Opiliccm,
3196 1422 3303 1460 non
3331 1408 3494 1461 simul

1917 1504 2043 1544 cum
2077 1491 2271 1559 opiﬁce
2300 1500 2352 1544 et
2389 1507 2529 1561 opus
2561 1494 2614 1547 in
2645 1504 3000 1564 conspectum
3032 1498 3306 1566 producit.
3345 1491 3500 1552 fl:qu

1916 1583 2061 1636 enim
2098 1582 2260 1635 simul
2297 1599 2422 1637 cum
2455 1587 2761 1640 architecto
2792 1597 2845 1643 et
2892 1588 3090 1643 domus
3116 1630 3131 1652 ,
3169 1604 3293 1642 cum
3326 1588 3498 1645 fabri-

1917 1682 2105 1726 catore
2139 1673 2359 1727 navium
2399 1682 2452 1727 et
2475 1677 2635 1731 navis
2665 1677 2945 1733 consistit.
2981 1678 3085 1732 Sed
3116 1694 3204 1733 ars
3230 1681 3496 1749 operandi

1920 1763 1974 1814 in
2000 1762 2210 1816 artilice
2234 1764 2313 1817 vel
2335 1764 2531 1832 opitice
2554 1768 2658 1820 sita
2678 1778 2787 1822 est.
2808 1768 2864 1821 Si
2895 1769 3058 1823 simul
3089 1769 3228 1823 Dens
3255 1779 3310 1825 et
3337 1788 3497 1826 mnu.

224 1860 451 1924 παίδων,
521 1860 724 1928 καρποὶ
799 1858 909 1911 ἀπὸ
972 1859 1329 1928 σπερμάτων,
1371 1858 1627 1928 αὐξήσεις
1694 1856 1804 1910 ἀπὸ

1917 1854 2044 1917 dus,
2075 1854 2213 1906 nihil
2252 1856 2371 1907 novi
2411 1857 2804 1926 deprompsero
2847 1860 2894 1913 si
2930 1860 3011 1913 sic
3048 1860 3326 1917 inferam:
3358 1860 3497 1917 Pec-

224 1953 512 2019 μειὼσεων
530 1966 548 1979 ⁸
588 1953 703 2018 ἃμα
728 1951 884 2020 ἣλιος
915 1952 942 2002 ὁ
968 1949 1191 2002 τελειῶν
1224 1949 1290 2002 τὰ
1318 1952 1381 2001 ὲκ
1407 1950 1511 2017 γῆς
1531 1987 1546 2009 ,
1582 1948 1657 2011 ὥς
1698 1964 1795 2015 φα-

226 2059 332 2104 σιν,
367 2044 486 2113 ἅμα
525 2043 706 2096 πάντα
758 2042 829 2095 τὰ
877 2042 1017 2094 κατὰ
1068 2041 1235 2111 μέρος
1289 2040 1607 2108 γεννώμενα
1665 2037 1808 2091 κατὰ

217 2135 473 2205 διαδοχὴν
496 2175 511 2196 ,
540 2135 628 2188 ἵνα
660 2134 828 2205 μηδὲν
863 2132 963 2205 ἔχῃ
994 2133 1124 2194 Θεὸς
1177 2132 1409 2202 δυνάμει
1443 2146 1455 2159 °
1486 2130 1676 2198 λόγους
1708 2130 1807 2200 μὲν

220 2228 402 2281 αὐτῶν
450 2228 613 2296 ἔχων,
645 2228 744 2297 οὐχ
780 2224 897 2297 ay}:
935 2226 993 2279 δὲ
1031 2225 1380 2296 δημιουργῶν
1410 2223 1475 2277 τὰ
1517 2222 1639 2275 καθ’
1678 2222 1807 2275 ἕκαο

222 2336 369 2371 στοιν
409 2319 567 2370 ἔσται.
604 2317 662 2369 δὲ
692 2317 785 2370 καὶ
816 2318 932 2386 ἆμα
964 2316 1098 2379 Θεὸς
1128 2316 1244 2384 ἅμα
1274 2314 1474 2384 κρίσις,
1509 2314 1564 2365 ετ
1584 2329 1647 2380 γε
1682 2312 1804 2382 κρῖ-

224 2428 362 2473 σεως
424 2410 486 2462 τὸ
536 2408 858 2479 δεσμείσῢαι
905 2410 1015 2469 τοῖς
1062 2406 1326 2477 σώμασι·
1360 2404 1453 2457 καὶ
1497 2402 1651 2455 ἔσται
1703 2404 1810 2474 πρὸ

223 2501 315 2553 τοῦ
343 2502 553 2570 κόσμου
591 2502 624 2568 ἡ
666 2499 867 2568 κρίσις.
902 2498 963 2549 Εἰ
1004 2497 1121 2565 ἅμα
1153 2495 1285 2559 Θεὸς
1308 2494 1427 2566 ἅμα
1460 2496 1686 2566 κόσμος,
1717 2495 1809 2547 οὐ·

228 2593 312 2643 δὲν
341 2592 530 2645 καινὸν
577 2594 635 2643 ὲν
679 2589 755 2660 τῷ
792 2590 1003 2660 κόσμῳ,
1029 2590 1128 2659 τῆς
1162 2587 1507 2658 εἱμαρμένης
1536 2587 1659 2640 καθ’
1684 2589 1813 2641 ὲαυ-

224 2683 317 2752 τὴν
351 2682 580 2752 προνοίᾳ
616 2679 1121 2751 συμπεπλεγμένης
1138 2721 1153 2744 ,
1181 2679 1277 2732 καὶ
1297 2678 1404 2731 τῶν
1425 2679 1811 2732 ἀποκαταστά-

227 2790 359 2826 σεων
378 2775 468 2828 ἀεὶ
489 2774 811 2843 γινομένων,
827 2773 921 2825 καὶ
938 2770 1102 2843 μηδὲν
1120 2770 1268 2834 εἰκὸς
1287 2770 1311 2810 ιι
1326 2770 1657 2843 ὲκπεριόδων
1671 2771 1817 2824 ἀπα-

225 2864 541 2933 ραλλάκτως
593 2866 686 2918 καὶ
719 2866 911 2932 γέγονε
943 2864 1039 2917 καὶ
1061 2864 1348 2935 γενήσεται
1370 2880 1383 2891 ·
1412 2862 1599 2916 τοῦτον
1628 2862 1821 2916 νεώτε-

226 2973 316 3025 ρον
343 2953 488 3010 εἷναί
518 2974 697 3036 φασιν,
729 2957 779 3009 εἰ
814 2955 932 3026 ἃμα
959 2955 1113 3020 Θεὸς,
1141 2954 1259 3025 ἅμα
1286 2954 1356 3007 τὰ
1390 2952 1568 3006 πάντα
1591 2952 1747 3022 ὁμοῦ.

1913 1953 2098 1998 catum
2132 1945 2295 1998 simul
2327 1962 2449 1999 cum
2484 1950 2691 2002 mundo
2727 1959 2830 2003 est.
2864 1951 3019 2015 Quod
3068 1953 3112 2005 si
3147 1952 3251 2005 hoc
3279 1955 3495 2008 veritati

1915 2050 2024 2087 non
2045 2044 2329 2105 repugnat,
2358 2047 2503 2091 certe
2531 2046 2785 2093 occurret
2809 2039 2911 2093 huc
2937 2042 3328 2109 consequiutn:
3354 2041 3495 2112 Ergo

1914 2134 2197 2194 peccatum
2241 2126 2403 2181 simul
2444 2142 2566 2181 cum
2598 2127 2708 2182 Deo
2737 2137 2844 2191 est,
2880 2131 2962 2184 vel
3012 2129 3120 2185 Deo
3155 2141 3494 2187 comici-num

1913 2229 2017 2273 est.
2046 2217 2336 2273 Peccatum
2381 2221 2565 2289 itaque
2616 2221 2826 2275 carebit
2873 2223 3167 2292 principio,
3200 2233 3254 2279 et
3284 2240 3349 2277 ex
3386 2225 3496 2279 Deo

1906 2310 2033 2364 erit.
2064 2309 2370 2381 Utrmnque
2395 2327 2527 2367 vero
2559 2314 3021 2369 absurdissimum
3056 2325 3303 2385 apparet.
3351 2316 3498 2373 Prte-

1910 2412 2059 2456 terea
2122 2404 2202 2456 sic
2257 2405 2445 2457 licebit
2501 2406 2875 2475 argumentari
2927 2425 2941 2461 :
3014 2407 3069 2460 Si
3134 2407 3278 2462 Deus
3330 2408 3495 2463 simul

1911 2507 2036 2549 cum
2071 2496 2275 2548 mundo
2310 2496 2393 2549 vel
2446 2496 2650 2549 tumido
2696 2512 2913 2553 coaevus
2959 2506 3065 2560 est,
3120 2498 3265 2553 Deus
3292 2506 3345 2553 et
3383 2500 3495 2554 dae-

1913 2601 2106 2641 moncs
2136 2588 2261 2640 mali
2291 2598 2455 2641 erunt
2486 2590 2675 2642 (οων.
2707 2588 2770 2643 Ει
2803 2590 2846 2643 si
2880 2592 3189 2644 dzcmonum
3222 2591 3495 2644 malorum

1917 2679 2121 2733 malitia
2154 2694 2263 2733 non
2303 2680 2556 2750 privatio,
2592 2683 2686 2735 sed
2730 2683 2977 2750 quaedam
3029 2683 3336 2736 substantia
3369 2698 3495 2735 cen-

1920 2783 2096 2837 setur,
2141 2772 2231 2827 dic
2278 2773 2411 2827 mihi
2462 2789 2583 2843 qum
2623 2777 2696 2828 sit
2751 2774 2975 2828 malitia:
3023 2775 3109 2827 vel
3152 2775 3359 2843 peccati
3399 2790 3496 2828 eo-

1923 2878 2043 2916 rum
2074 2864 2273 2933 origo?
2310 2863 2428 2917 Non
2456 2865 2603 2918 enim
2642 2863 2722 2932 (ut
2756 2865 2988 2918 multum
3021 2865 3499 2933 qumritandotcr-

1932 2956 2206 3026 quearis),
2229 2956 2411 3026 prisca
2428 2956 2509 3010 vel
2542 2957 2771 3026 antiqua
2804 2965 2888 3012 est
2924 2958 3046 3025 ejus
3082 2958 3157 3012 rei
3186 2958 3364 3027 origo.
3400 2956 3489 3010 Sin

225 3063 353 3100 vero
382 3047 608 3101 aliunde
643 3056 935 3116 peccatum
965 3061 1064 3103 seu
1111 3045 1378 3100 malitiam
1413 3054 1740 3100 contraxere
1763 3043 2043 3103 daemones
2066 3049 2217 3109 mali,
2273 3063 2501 3103 necesse
2530 3056 2614 3103 est
2647 3047 2854 3102 fuerint
2908 3051 3026 3104 sive
3096 3049 3499 3104 antecesserint

226 3142 391 3211 aliqui
420 3141 663 3209 ejusdem
697 3139 910 3209 peccati
941 3139 1024 3193 vel
1056 3139 1278 3194 malitia:
1320 3137 1636 3208 participes.
1676 3135 1878 3191 Verum
1912 3154 2082 3208 supra
2119 3141 2329 3194 dictum
2363 3149 2447 3194 (εει
2486 3156 2515 3193 a
2559 3142 2766 3197 Graecis
2812 3142 3075 3195 mundum
3128 3150 3182 3194 et
3228 3140 3496 3194 malitiam

229 3244 505 3288 coaeterna
542 3236 625 3286 vel
654 3232 821 3288 simul
851 3239 944 3286 aut
972 3246 1079 3285 una
1108 3230 1301 3286 fuisse.
1345 3230 1404 3284 Si
1432 3232 1597 3297 simul
1626 3229 1769 3284 Deus
1803 3239 1859 3284 et
1894 3234 2157 3293 mundus,
2201 3234 2370 3287 simul
2412 3234 2690 3303 simplicia
2725 3243 2780 3289 et
2817 3233 3133 3303 composita
3175 3239 3364 3287 erunt.
3400 3230 3499 3287 Ve.

227 3341 347 3380 rum
387 3341 496 3395 qua
524 3327 742 3380 ratione
770 3340 833 3379 ex
864 3323 1215 3392 simplicibus
1241 3323 1549 3390 composita
1573 3319 2003 3376 conﬂabuutur?
2031 3322 2348 3377 Secundum
2394 3324 2537 3379 hanc
2569 3324 2844 3380 rationem
2876 3324 3015 3378 nihil
3050 3323 3340 3378 obstaculo
3365 3321 3494 3384 erit,
3579 3378 3587 3385 ,

226 3420 354 3489 quin
387 3419 554 3473 simul
582 3418 762 3471 futura
792 3417 905 3472 sint
925 3430 991 3469 ea
1020 3430 1143 3484 qua:
1176 3414 1420 3483 potentia
1451 3424 1652 3482 ecquae
1673 3411 1871 3467 eﬂectu
1901 3422 2202 3468 censentur
2231 3432 2242 3467 :
2269 3415 2434 3468 simul
2462 3424 2628 3468 erunt
2653 3414 2892 3484 perfecta
2921 3428 2973 3470 et
3003 3412 3342 3483 imperfecta,
3373 3428 3498 3484 qum

226 3528 292 3568 et
333 3511 598 3581 perfectis
633 3512 811 3567 solent
848 3509 987 3573 ﬁeri,
1037 3519 1096 3563 ut
1126 3508 1230 3562 viri
1264 3509 1359 3578 qui
1405 3522 1472 3562 ex
1507 3507 1716 3577 pueris,
1746 3512 1807 3559 ut
1848 3505 2062 3562 fructus
2090 3509 2183 3577 qui
2229 3525 2296 3563 ex
2340 3510 2673 3576 seminibus,
2744 3517 2804 3564 ut
2847 3509 3186 3564 incrementa
3236 3523 3358 3579 qua:
3426 3523 3493 3561 ex

226 3599 696 3656 diminutionibus
742 3596 1052 3668 promoveri
1108 3606 1520 3651 consueverunt
1567 3614 1582 3649 :
1635 3595 1801 3649 simul
1840 3604 2002 3649 erunt
2033 3597 2119 3652 sol
2166 3598 2243 3651 ad'
2276 3600 2653 3655 maturitatem
2689 3600 2771 3669 (ut
2797 3600 2955 3654 aiunt
3017 3598 3216 3671 Graeci)
3282 3599 3492 3670 perdu-

226 3709 357 3748 cens
407 3692 594 3747 omnia
648 3705 768 3760 quae
816 3704 847 3743 e
898 3696 1044 3741 terra
1083 3686 1437 3756 proveniunt,
1479 3691 1533 3740 et
1582 3700 1647 3739 ea
1681 3699 1805 3754 qua:
1843 3687 2225 3741 maturitatem
2259 3690 2552 3759 rccipiunt,
2586 3691 2717 3744 dum
2752 3691 2964 3746 nullum
3034 3692 3121 3746 his
3198 3691 3494 3762 pellC‘CllO-

227 3789 316 3842 nis
345 3784 673 3841 canceditur
699 3791 954 3849 tempus:
1001 3778 1167 3832 sinml
1215 3786 1384 3834 erunt
1426 3778 1611 3831 omnia
1653 3791 1779 3846 qua:
1812 3778 2198 3845 particulatim
2251 3789 2616 3849 generantur.
2651 3790 2708 3836 et
2770 3798 2893 3852 qtue
2932 3785 3286 3839 successione
3352 3797 3492 3853 qua-

225 3879 352 3931 dam
384 3875 685 3931 essentiam
718 3873 1046 3928 sortiuntur.
1083 3868 1231 3923 Nihil
1271 3868 1439 3938 igitur
1481 3867 1594 3922 Deo
1630 3868 1869 3937 relinqui
1909 3868 2229 3933 fatebimur,
2263 3872 2308 3927 si
2378 3873 2459 3926 sic
2498 3874 2577 3935 lit,
2637 3883 2833 3945 praeter
2892 3876 3098 3930 nudam
3154 3876 3488 3946 potentiam:

229 3970 451 4022 habebit
484 3966 785 4036 quidem_in
814 3979 873 4019 se
902 3964 1146 4018 omnium
1193 3962 1427 4039 istorum
1457 3961 1807 4016 deﬁnitiones
1843 3970 1898 4016 et
1939 3964 2203 4031 rationes,
2252 3979 2361 4019 non
2411 3977 2589 4021 tamen
2635 3968 2797 4022 simul
2831 3970 3048 4039 singula
3115 3969 3340 4025 creandi
3413 3969 3485 4022 t'a-

228 4061 433 4115 (uitale
458 4058 708 4128 polleltit.

300 4154 513 4208 Οὐκοῦν
541 4153 763 4216 εἰκότως
783 4155 811 4205 ὁ
839 4151 1075 4221 Μωῦσῆς
1096 4150 1224 4213 τοὺς
1255 4149 1481 4204 ἐκείνων
1506 4149 1581 4220 (a)
1606 4149 1800 4210 ὕθλους
1828 4151 1871 4207 C

226 4249 325 4301 καὶ
354 4247 454 4308 τὰς
492 4244 709 4306 ἀσεϐεῖς
755 4244 849 4297 καὶ
882 4243 1186 4313 θεομάχους
1228 4241 1436 4305 ἐννοίας
1463 4240 1802 4303 καταλιπὼν,

233 4359 253 4390 ι
308 4337 395 4389 Ἐν
428 4337 569 4405 ἀρχῇ
596 4374 610 4396 ,
643 4334 806 4403 φησὶν
826 4376 840 4397 ,
865 4335 893 4386 ὁ
919 4333 1051 4395 Θεὸς
1078 4332 1302 4401 εποίησε
1331 4332 1423 4385 τὸν
1451 4333 1680 4403 οὐρανὸν
1711 4331 1806 4385 καὶ

225 4432 329 4500 τὴν
364 4428 491 4498 γῆν.
538 4447 556 4478 ι
617 4425 778 4478 Ἀλλὰ
810 4424 920 4494 γὰρ
947 4423 1026 4477 ἔτι
1052 4463 1067 4488 ,
1101 4423 1229 4494 πρίν
1272 4441 1326 4476 τι
1352 4422 1495 4476 κατὰ
1531 4423 1698 4493 μέρος
1729 4426 1805 4476 εἰ·-

229 4525 373 4581 πεῖν,
410 4518 667 4572 τοσοῦτον
720 4516 1169 4587 ἐπισημήνασθαι
1202 4515 1306 4586 χρὴ
1336 4554 1349 4576 ,
1385 4514 1461 4578 ὼς
1509 4516 1571 4568 οὺ
1602 4516 1807 4583 οπάσης

226 4611 590 4682 δημιουργὶας
633 4610 852 4679 μνήμην
890 4609 918 4659 ό
952 4610 1301 4679 συγγραφεὺς
1329 4608 1460 4677 ἡμῖν
1487 4608 1801 4677 ἐποιήσατο,

227 4705 351 4757 οὔτε
381 4704 492 4773 γὰρ
521 4701 808 4769 ἀγγέλους,
846 4699 967 4752 οὔτε
993 4698 1187 4769 νοερὰς
1215 4697 1476 4767 δυνάμεις
1499 4696 1803 4766 ὠνόμασεν.

228 4797 287 4848 Οἱ
340 4793 440 4864 μέν
484 4808 617 4859 φασι
670 4789 746 4859 τῷ
785 4788 1168 4860 πρεσϐυτέρας
1227 4786 1477 4840 ἐκτίσθαι
1522 4785 1679 4840 τοῦδε
1714 4783 1806 4839 τοῦ

228 4886 461 4954 κόσμου,
493 4884 543 4936 οἱ
578 4883 635 4935 δὲ
660 4882 739 4951 τῷ
778 4880 1128 4933 συνεκτίσθαι
1155 4879 1232 4948 τῷ
1256 4878 1447 4948 κόσμῳ
1481 4880 1590 4931 πᾶν
1618 4878 1808 4947 νοητόν

228 4997 288 5033 τε
344 4980 441 5031 καὶ
483 4976 761 5047 αἰσθητόν.
794 4975 945 5043 Ἅμα
997 4972 1105 5042 γὰρ
1143 4970 1222 5041 τῷ
1247 4970 1374 5032 τοὺς
1418 4970 1686 5037 ἀγγέλους
1716 4970 1809 5021 οὐ·

235 5070 380 5139 ρανῷ
438 5067 783 5138 περιέχοντι,
860 5063 953 5116 καλ⁵
1032 5063 1159 5125 τοὺς
1242 5061 1333 5114 ὑπ’
1390 5060 1555 5113 αὐτοῦ
1627 5076 1812 5130 περιεο

229 5160 493 5231 χομένους
570 5154 924 5227 συνεισῆχϐαί
1001 5168 1186 5223 φασιν.
1258 5154 1473 5223 Ὥσπερ
1529 5150 1637 5219 γὰρ
1706 5150 1810 5203 οὐκ

233 5253 537 5323 ὀνομάσας,
587 5251 727 5321 ἀέρα
766 5250 861 5302 καὶ
896 5248 1009 5317 πῦρ
1039 5249 1153 5309 τοῖς
1208 5246 1403 5316 ἄκροις
1453 5245 1524 5297 τὰ
1585 5245 1729 5315 μέσα
1761 5245 1810 5284 κ’

1975 4143 2170 4199 Merito
2201 4146 2373 4215 igitur
2416 4145 2596 4201 Moses
2628 4149 2789 4215 nugis
2822 4163 3013 4202 eorum
3056 4149 3243 4219 impiis
3292 4159 3343 4205 et
3382 4152 3492 4207 Deo

1913 4236 2337 4291 adversantibus
2384 4238 2818 4307 cogitationibus
2860 4240 3144 4309 sepositis.
3188 4259 3206 4290 ι
3238 4240 3296 4293 In
3334 4247 3492 4310 priu-

1913 4328 2081 4396 cipio,
2144 4328 2343 4397 inquit,
2421 4329 2564 4385 Deus
2633 4331 2771 4387 fecit
2827 4332 3025 4385 cmlum
3098 4340 3151 4385 et
3198 4341 3422 4389 terram.
3465 4353 3482 4385 ι

1914 4422 2117 4477 Verum
2152 4424 2476 4494 priusquam
2515 4427 2719 4496 aliquid
2764 4427 3061 4496 specialius
3092 4428 3364 4490 dicamus,
3400 4429 3491 4482 inn

1913 4514 2099 4569 dicare
2129 4506 2347 4584 opo'rtet
2382 4516 2523 4583 Quod
2557 4532 2666 4569 non
2712 4519 2957 4570 omnium
3012 4518 3357 4585 opiliciorum
3391 4534 3490 4569 au-

1912 4615 2034 4662 ctor
2069 4609 2402 4664 mentionem
2443 4609 2653 4665 fecerit.
2710 4609 2899 4679 Neque
2939 4611 3086 4664 enim
3143 4610 3484 4679 angelorum,

1910 4714 2089 4769 neque
2114 4700 2577 4756 intellectualium
2609 4703 2877 4757 virtutum
2916 4702 3185 4766 meminit,
3222 4702 3384 4771 idque
3417 4717 3488 4756 ex

1910 4792 2274 4860 quorumdam
2304 4780 2605 4861 sententia,
2638 4808 2703 4848 eo
2737 4793 2883 4864 quod
2906 4801 3033 4847 ante
3064 4794 3328 4847 mundum
3356 4808 3490 4845 con-

1909 4882 2040 4937 ditae
2080 4883 2189 4938 illae
2219 4883 2542 4959 fuerint,“
2578 4884 2813 4938 aliorum
2849 4900 2998 4944 vero,
3023 4884 3171 4953 quod
3218 4899 3324 4938 una
3361 4898 3487 4937 cum

1913 4973 2119 5026 mundo
2176 4974 2366 5026 omnia
2421 4973 2703 5027 sensibilia
2759 4985 2814 5028 et
2882 4973 3251 5044 intelligibilia
3302 4981 3489 5027 creata

1920 5064 2051 5118 sint.
2093 5063 2294 5121 Dicunt
2340 5067 2490 5118 enim
2529 5082 2636 5120 una
2684 5081 2807 5119 cum
2843 5067 2984 5120 cmlo
3054 5068 3282 5136 angelos
3333 5081 3487 5117 eom-

1918 5157 2103 5226 plexo,
2153 5158 2254 5213 hos
2304 5160 2470 5213 etiam
2519 5161 2662 5215 ραιιο
2702 5160 3134 5228 comprehensos
3190 5158 3488 5223 productos

1918 5248 2114 5306 fuisse.
2156 5248 2628 5317 Quemadmodum
2681 5253 2825 5305 cnim
2876 5269 2976 5306 nec
3026 5266 3204 5304 aerem
3243 5250 3490 5313 igucmve

1502 5403 1739 5461 VARIIE
1762 5406 2169 5468 LECTIONES.

302 5531 331 5574 ι
358 5533 495 5591 Cod.
527 5530 775 5604 μηδικός.
826 5530 900 5569 ‘k‘
932 5528 993 5583 C.
1028 5527 1094 5582 N.
1129 5526 1199 5580 τὰ
1233 5526 1364 5587 ἴσως
1404 5523 1632 5595 μεταξύ.

1745 5610 1981 5667 NOTAE»

307 5715 384 5782 (a)
419 5715 716 5767 Ἔχε-[νων.
750 5709 1011 5778 Intelligit
1045 5708 1172 5782 τοὺς
1223 5706 1329 5782 τῷν
1381 5705 1909 5782 Ἑλλήνωνπαῖδας,
1973 5720 2117 5775 quos
2165 5712 2343 5771 vocat,
2412 5720 2646 5775 quorum
2697 5701 3024 5757 sententiam
3097 5699 3162 5752 de
3207 5697 3486 5753 creatione

243 5778 347 5841 ea
369 5778 673 5846 'cozcterna,
708 5785 762 5835 in
788 5780 1237 5836 antecedentibus
1266 5778 1705 5847 impugnaverat.
