3922 6230
210 376 281 438 37
1315 372 1850 434 COMMENTARII
1891 372 1973 433 IN
2010 372 2373 463 GENESIM.
3406 372 3474 441 38

214 482 521 553 οἰκοδομεῖν
553 482 862 553 ἀρχόμενος
911 482 1125 551 πρῶτον
1162 486 1307 536 ποιεῖ
1335 485 1394 535 τὸ
1429 484 1698 553 θεμέλιον.
1725 484 1799 535 Ἣ

1909 482 1997 550 qui
2034 482 2257 536 domum
2318 488 2605 537 exstruere
2660 482 2875 554 incipit,
2944 484 3118 552 primo
3143 484 3269 542 loco
3320 490 3475 556 ponit

216 574 393 645 ἀρχὴν
420 575 518 627 τοῦ
550 574 758 645 κόσμου
793 574 925 645 φησι
953 576 1051 645 τὴν
1083 573 1178 627 τοῦ
1219 576 1552 645 Ποιήσαντος
1586 575 1797 646 τέχνην·

218 664 381 735 ἀρχὴ·
406 667 520 736 γὰρ
562 665 826 735 τεχνικῶν
861 664 1036 736 ἔργων
1069 666 1103 735 ἡ
1134 666 1323 734 τέχνη,
1352 666 1425 727 ὡς
1455 666 1488 735 ἡ
1519 666 1678 734 σοφία
1706 663 1801 718 τοῦ

216 755 488 828 Βεσελεὴλ
511 757 609 810 τοῦ
639 758 767 829 περὶ
792 756 893 828 τὴν
920 756 1121 826 σκηνὴν
1150 758 1379 825 κόσμου.
1413 758 1484 809 Ἢ
1512 758 1612 811 Ἐν·
1643 756 1804 826 ἀρχῇ

221 865 356 918 φησι
398 850 464 899 τὸ
512 847 653 918 πρὸς
683 848 834 907 τέλος
879 846 1081 915 ἀγαθὸν
1140 848 1422 914 γεγονέναι
1471 848 1753 918 σημαίνων
1790 865 1799 880 ’

220 939 333 1004 εἴγε
381 936 778 1007 παιδευτήριόν
808 938 923 989 ἐστι
949 937 1136 1007 ψυχῶν
1159 980 1173 1002 ,
1204 938 1279 1000 ὡς
1309 937 1801 1012 ἐλεημοσύνηςιάρο

212 1031 318 1101 ,χὴν
346 1029 448 1082 τοῦ
472 1029 609 1082 Θεοῦ
634 1029 867 1099 λέγομεν
895 1029 994 1099 τὴν
1020 1030 1307 1100 ἀποδοχὴν,
1340 1031 1434 1083 καὶ
1458 1030 1557 1100 τὴν
1594 1032 1803 1087 ἐκεῖθεν

218 1122 633 1192 μακαριότητα.
679 1122 841 1184 Ἴσως
890 1120 947 1172 δὲ
994 1122 1174 1191 ἀρχὴν
1220 1122 1281 1173 τδ
1329 1120 1558 1191 ἄχρονον
1606 1124 1700 1176 καὶ
1744 1125 1803 1177 τὸ

221 1214 515 1282 ἀκαριαῖον
562 1211 791 1264 ἐκάλεσε
836 1211 935 1280 τῆς
982 1210 1366 1282 δημιουργίας.
1409 1213 1497 1275 Ὠς
1524 1213 1633 1282 γὰρ
1661 1213 1802 1284 ἁρχὴ

220 1303 343 1357 ὁδοῦ
366 1304 465 1372 οὐχ
497 1303 636 1367 ὁδὸς,
682 1303 896 1373 ἀμερὴς
928 1302 1034 1371 γὰρ
1069 1304 1100 1371 ἡ
1128 1305 1267 1373 ἀρχή
1299 1318 1311 1332 ·
1345 1303 1466 1355 οὐδὲ
1492 1304 1585 1356 τοῦ
1610 1305 1803 1374 χρόνον

216 1398 259 1464 ἡ
300 1396 445 1464 ἀρχὴ
490 1394 705 1464 χρόνος.
748 1392 810 1445 Et
851 1391 958 1462 γὰρ
998 1392 1193 1461 χρόνος
1240 1394 1320 1455 είς
1361 1393 1429 1447 τὰ
1472 1392 1567 1445 τοῦ
1611 1395 1802 1465 χρόνου

218 1486 629 1555 διαιρεθήσεται
687 1487 855 1554 μέρη,
923 1485 1016 1537 καὶ
1078 1484 1190 1550 ἕξει
1240 1484 1404 1537 πάλιν
1464 1486 1660 1556 ἀρχὴν,
1710 1487 1804 1539 καὶ

222 1576 382 1628 τοῦτο
429 1577 515 1626 ἐπ’
563 1575 830 1645 ἄπειρον·
878 1576 1053 1645 ἀρχὴν
1106 1575 1162 1628 δὲ
1208 1575 1383 1647 ἀρχῆς
1423 1581 1804 1647 προσεπινοείν

222 1667 365 1733 ἄγαν
399 1667 707 1733 ἀλόγιστον.
737 1666 898 1736 Δηλοῖ
921 1663 1016 1719 οῦν
1044 1666 1119 1729 ὡς
1147 1666 1262 1736 ἅμα
1291 1667 1348 1718 δὲ
1374 1666 1504 1730 Θεὸς
1528 1668 1801 1741 ἠϐουλήθη

220 1759 320 1811 καὶ
364 1759 561 1826 γέγονε
605 1758 672 1811 τὰ
714 1758 1002 1828 γενόμενα.
1036 1759 1300 1829 Σημαίνει
1342 1758 1409 1812 δέ
1438 1777 1567 1813 ποτε
1619 1762 1679 1814 τὸ
1706 1764 1803 1832 τῆς

224 1850 420 1919 ἀρχῆς
439 1853 611 1920 ὗνομα
629 1850 727 1920 τὴν
748 1848 1045 1921 βασιλείαν,
1066 1846 1202 1921 ἵναῇ
1226 1852 1318 1903 καὶ
1344 1850 1578 1904 ἐνταῦθα
1600 1852 1678 1903 ὅτι
1697 1853 1765 1922 βα

228 1943 410 2004 salsis;
432 1942 509 1992 ὦν
535 1943 627 1994 καὶ
650 1941 1001 2012 ὲξουσιαστὴς
1022 1942 1290 2011 πεποίηκε
1324 1942 1444 1994 τόδε
1467 1941 1526 1993 τὸ
1554 1945 1661 1995 πᾶν
1706 1945 1805 1997 οἰκ

224 2033 525 2102 ἀλλαχόθεν
538 2034 632 2104 τὴν
646 2032 780 2102 ὕλην
798 2032 996 2092 λαϐὼν,
1016 2032 1129 2086 ἀλλ’
1147 2033 1263 2103 ἄμα
1284 2035 1396 2096 τοῖς
1414 2034 1580 2087 εἴδεσι
1604 2036 1695 2087 καὶ
1708 2036 1805 2104 τὴν

227 2126 596 2195 ὑποκειμένην
621 2124 753 2195 ὕλην
774 2126 853 2187 είς
877 2126 940 2177 τὸ
970 2122 1106 2177 εἶναι
1131 2124 1473 2195 παρήγαγεν.
1524 2127 1613 2179 Ἐν
1642 2127 1698 2179 δὲ
1729 2127 1805 2197 τῷ

241 2215 518 2286 tegam;
538 2219 570 2286 ἡ
594 2216 750 2284 ἀρχὴ
784 2215 1058 2283 κεφαλὴν
1080 2216 1446 2284 σημαίνεικαὶ
1466 2215 1687 2269 δύναται
1712 2219 1806 2269 οὐ-

228 2307 392 2377 ρανὸν
410 2309 506 2360 καὶ
525 2308 618 2376 τὴν
631 2308 733 2377 γῆν
750 2306 945 2378 πρῶτα
962 2306 1089 2358 Ι5ντα
1112 2305 1341 2375 τῶνόρω
1350 2305 1526 2375 μένων
1545 2306 1607 2376 δη
1618 2325 1739 2376 μιου
1751 2324 1806 2377 ρ-

224 2400 296 2466 γή
308 2416 455 2467 ματα
493 2398 733 2467 κεφαλὴν
763 2398 968 2459 καλεῖν,
997 2396 1185 2466 ὥσπερ
1215 2396 1426 2466 κεφαλὴ
1469 2396 1720 2465 σώματος
1745 2397 1805 2449 οὐ

227 2489 294 2557 τῇ
318 2482 471 2539 θέσει
526 2488 708 2556 μόνον,
763 2487 904 2539 ἀλλὰ
939 2487 1033 2539 καὶ
1062 2488 1127 2555 τῇ
1163 2486 1412 2556 αἰσθήσει
1457 2487 1551 2539 καὶ
1580 2489 1647 2557 τῇ
1694 2486 1805 2560 ζωῇ

228 2577 705 2648 ἡγεμονιγώτερα.
736 2578 848 2648 Τῆς
875 2578 973 2647 μὲν
1003 2577 1097 2631 οῦν
1128 2578 1359 2640 κτίσεως
1394 2579 1422 2630 6
1452 2580 1689 2650 Μωῦσῆς
1715 2580 1806 2633 λέ-

230 2685 319 2736 γει
345 2670 415 2721 τὰ
452 2668 645 2739 πρῶτα
680 2670 966 2737 γεγονότα,
999 2670 1088 2722 τὸν
1111 2669 1167 2722 δὲ
1203 2671 1507 2739 ποιήσαντα
1536 2673 1641 2743 πρὸ
1671 2674 1807 2725 πάν-

230 2777 341 2812 των
359 2759 638 2830 ἠϐουλήθη
667 2759 908 2813 νοεῖσθαι
953 2760 1062 2812 τῶν
1091 2761 1396 2829 γεγονότων
1425 2800 1439 2825 ,
1470 2764 1532 2815 οὐ
1565 2763 1808 2834 μετρικῷ

230 2868 339 2903 τινι
389 2851 721 2921 διαστήματι
768 2852 1211 2923 προϋπάρχοντα.
1275 2853 1353 2905 Οὐ
1415 2852 1640 2907 δυνατὸν
1700 2855 1808 2924 γὰρ

230 2941 385 3012 ἀϊδίῳ
407 2942 749 3013 μετρηθῆναι
770 2944 869 3012 τὴν
893 2942 1149 3011 ὓπαρξιν.
1169 2943 1453 3014 Ἑδιδάχθη
1478 2943 1534 2998 δὲ
1552 2945 1649 2998 τοῦ
1668 2946 1806 2999 Θεοῦ

230 3035 290 3087 τὸ
319 3035 518 3097 ἀΐδιον,
558 3037 615 3088 ὲν
648 3035 852 3107 Χωρὴϐ
897 3036 1142 3099 εἰπόντος
1173 3035 1354 3107 αὐτῷ·
1401 3055 1419 3088 ι
1463 3035 1602 3105 Ἐγὼ
1634 3038 1749 3108 είμὶ
1780 3038 1809 3089 6

228 3126 327 3191 ὢν,
365 3144 384 3176 ι
435 3126 555 3196 μεθ’
597 3126 627 3179 6
676 3127 773 3197 τὴν
817 3126 1100 3198 παροῦσαν
1136 3128 1352 3199 γραφὴν
1397 3128 1801 3199 παρεστήσατο.

233 3218 323 3287 Μὴ
359 3216 553 3286 μαθὼν
589 3217 697 3287 γὰρ
726 3217 819 3270 τὸν
851 3217 1003 3282 Θεὸν,
1045 3216 1162 3282 πῶς
1205 3218 1270 3271 ἂν
1309 3218 1412 3289 ἔφη
1465 3218 1560 3271 τοῦ
1608 3218 1804 3283 παντὸς

230 3307 599 3379 δημιουργόν;
635 3306 667 3377 ἢ
697 3306 814 3370 πῶς
859 3307 984 3370 τοὺς
1033 3308 1357 3376 ἀγνοοῦντας
1402 3307 1683 3361 ἐδίδασκεν
1724 3308 1806 3361 ὅτι

231 3401 493 3471 εποίησεν
536 3403 566 3453 6
611 3399 780 3464 856;;
821 3398 937 3452 Νῦν
977 3400 1035 3453 δὲ
1075 3399 1151 3458 ὡς
1199 3398 1386 3465 εἰδόσι,
1426 3400 1613 3468 φησιν,
1660 3398 1735 3462 ὡς
1779 3403 1806 3453 6

230 3491 365 3554 Θεὸς
391 3491 451 3543 ὃν
486 3489 687 3558 ἔγνωτε
712 3489 782 3542 δι’
810 3487 947 3559 ἐμοῦ
979 3487 1054 3552 ὼς
1076 3488 1246 3552 ἁῖδιός
1267 3491 1435 3552 ἐστιν,
1472 3490 1547 3552 ὡς
1575 3486 1661 3542 ὢν
1687 3527 1704 3554 ,
1732 3487 1808 3551 ὡς

233 3583 418 3653 μόνος,
444 3574 598 3644 οὗτος
623 3580 785 3646 δόξαν
815 3581 880 3650 (Γ)
916 3578 1064 3650 αὐτῷ
1096 3581 1186 3632 τὸν
1213 3580 1439 3659 οὐρανὸν
1460 3580 1685 3648 ἐποίησε
1714 3579 1809 3632 καὶ

230 3676 330 3746 τὴν
356 3678 481 3743 γῆν.
507 3675 615 3727 Καὶ
639 3674 730 3726 τὸν
753 3673 946 3743 χρόνον
965 3671 1023 3724 δὲ
1055 3672 1185 3741 ἡμῖν
1219 3671 1355 3740 μετὰ
1381 3672 1562 3741 πάσης
1590 3671 1810 3742 ἀριθμεῖ

228 3768 330 3837 τῆς
358 3765 671 3837 ἀκριϐείας,
702 3763 779 3827 ὡς
812 3765 879 3817 ἂν
912 3764 1179 3833 γνοίημεν
1208 3763 1300 3817 τοῦ
1330 3780 1387 3815 τε
1427 3762 1563 3816 Θεοῦ
1589 3762 1650 3814 τὸ
1676 3763 1809 3815 ἁπε-

231 3862 509 3931 ριόριστον
530 3901 546 3924 ,
577 3858 799 3927 καὶτῆς
838 3856 1067 3919 κτίσεως
1117 3855 1178 3909 τδ
1214 3855 1648 3927 περιωρισμένον
1676 3894 1689 3918 ,
1719 3855 1809 3907 τὸν

230 3953 426 4022 χρόνον
448 3950 687 4021 ἔχοντες,
717 3950 810 4019 ἀφ’
835 3942 898 4003 οὗ
923 3948 1017 4002 τοῦ
1047 3941 1191 4002 εἶναι
1238 3947 1429 4017 εἴληφε
1470 3948 1569 4019 τὴν
1610 3947 1805 4018 ἀρχὴν.

232 4045 431 4106 Ὅθεν,
461 4043 743 4110 ἐποίησε,
777 4042 943 4111 φησὶν
965 4079 980 4105 ,
1014 4039 1109 4093 καὶ
1134 4040 1234 4091 οὑκ
1255 4080 1270 4104 ,
1296 4036 1395 4109 ἦν,
1430 4039 1567 4111 ὅπερ
1594 4039 1688 4091 ἐπὶ
1714 4037 1808 4090 τοῦ

228 4137 372 4193 Θεοῦ
411 4137 590 4203 Λόγου
646 4136 810 4206 φησιν
863 4136 892 4187 6
952 4133 1227 4203 Ἰωάννης.
1289 4132 1504 4189 Ἀῖδίοις
1554 4131 1653 4202 μὲν
1700 4131 1810 4200 γὰρ

227 4228 499 4300 ἁρμόττει
526 4228 586 4280 τὸ
608 4223 708 4297 ἦν,
742 4227 1000 4297 κτίσματι
1021 4226 1076 4278 δὲ
1100 4226 1159 4277 τὸ
1187 4224 1443 4293 ἐγένετο.
1492 4222 1652 4276 Ὅθεν
1684 4222 1811 4292 περὶ

230 4322 326 4374 τοῦ
368 4318 677 4372 Βιπτιστοῦ
706 4317 912 4389 προῖὼν
944 4318 1126 4387 φησίνσ
1164 4336 1182 4368 ι
1228 4316 1476 4383 Ἐγένετο
1523 4314 1812 4387 ἄνθρωπος

227 4411 648 4481 ἀπεσταλμένος
701 4410 806 4463 ὑπὸ
847 4409 982 4461 Θεοῦ
1017 4425 1030 4439 ·
1061 4428 1077 4457 t
1135 4408 1196 4460 Et
1232 4407 1288 4459 δὲ
1329 4406 1532 4476 προῖὶν
1574 4422 1738 4474 φησιν
1784 4406 1812 4458 ό

1904 572 2342 627 fundamentum.
2373 572 2471 628 Vel
2502 574 2831 644 principium
2866 576 3053 631 mundi
3090 578 3226 633 dicit
3251 578 3476 633 Creato-

1903 666 1981 719 ris
2016 675 2226 733 artem;
2267 681 2495 737 operum
2517 668 2662 722 enim
2688 677 2803 721 arte
2832 667 3104 723 factorum
3136 672 3474 741 principium

1903 772 1995 811 ars
2016 765 2123 820 est,
2159 757 2621 827 quemadmodum
2656 758 2925 828 sapientia
2960 758 3256 815 Baseleelis
3308 777 3475 817 orna-

1906 858 1994 903 tus
2024 848 2384 903 tabernaculi.
2419 847 2512 903 Vel
2542 848 2707 905 etiam
2746 847 2883 902 dicit
2913 847 2978 903 In
3011 851 3292 919 principio,
3318 862 3375 907 ut
3407 853 3476 908 ad

1905 943 2107 993 bonum
2163 938 2322 991 tinem
2378 939 2519 993 facta
2588 940 2809 1005 innuat;
2844 940 3110 1009 siquidem
3166 943 3475 997 animarum

1907 1030 2094 1083 schola
2150 1031 2237 1083 hic
2269 1032 2536 1099 aperitur,
2586 1031 3477 1101 quemadmodummisericordiae

1906 1120 2000 1175 Dei
2044 1122 2375 1192 principium
2424 1122 2661 1177 dicimus
2717 1122 3065 1192 adoptionem
3122 1132 3386 1189 nostram,
3422 1136 3477 1180 et

1905 1229 2026 1283 qua:
2061 1215 2186 1268 inde
2218 1213 2414 1284 pendet
2436 1213 2856 1267 beatitudinem.
2893 1214 2997 1268 Sed
3028 1212 3476 1271 fortas‘sisetiam

1907 1307 2235 1375 principium
2270 1307 2429 1371 dixit,
2460 1312 2516 1357 ut
2548 1314 2984 1360 momentaneam
3028 1307 3081 1360 in
3137 1307 3368 1362 instanti
3398 1308 3478 1361 ia-

1904 1407 2046 1450 ctam
2083 1398 2415 1452 creationem
2448 1396 2781 1451 ostenderet.
2819 1395 3292 1462 Quemadmodum
3330 1398 3477 1453 enim

1906 1489 2003 1542 viae
2022 1488 2350 1557 principium
2377 1503 2485 1541 non
2518 1488 2635 1557 ipsa
2669 1489 2777 1551 via,
2840 1497 3022 1557 partes
3075 1489 3223 1542 enim
3268 1488 3479 1559 princi-

1906 1582 2051 1653 pium
2111 1597 2219 1634 non
2279 1580 2481 1644 habet;
2528 1580 2609 1633 sic
2662 1595 2837 1648 neque
2883 1580 3148 1649 temporis
3179 1579 3229 1650 7
3260 1579 3478 1634 initium

1908 1682 2125 1741 tempus
2151 1680 2253 1727 est.
2280 1670 2336 1724 Si
2366 1671 2509 1724 enim
2542 1679 2757 1740 tempus
2779 1671 2829 1723 in
2856 1671 3118 1739 temporis
3140 1678 3323 1740 partes
3356 1686 3479 1724 rur-

1911 1779 2008 1816 sus
2040 1764 2333 1823 dividetur,
2366 1761 2693 1831 principium
2735 1761 2930 1815 iterum
2962 1761 3205 1824 habebit,
3226 1769 3281 1817 et
3311 1763 3385 1816 ita
3418 1761 3477 1815 in

1912 1853 2181 1906 inﬁnitum
2230 1866 2555 1920 progressus
2611 1852 2743 1904 ﬁet:
2779 1851 3033 1919 principii
3088 1867 3218 1905 vero
3268 1851 3476 1921 princi-

1908 1946 2054 2006 pium
2097 1950 2275 1997 mente
2320 1942 2481 1996 etiam
2520 1943 2830 2010 concipere,
2886 1943 3042 1994 valde
3072 1957 3101 1994 a
3137 1943 3352 1996 ratione
3391 1951 3478 1997 est

1906 2037 2170 2089 alienum.
2243 2033 2527 2103 Significat
2564 2033 2731 2103 igitur
2763 2032 2952 2086 eodem
2984 2048 3094 2102 quo
3126 2033 3269 2088 Deus
3303 2034 3476 2088 voluit

1886 2134 2183 2179 .tnotnento
2209 2124 2379 2179 factas
2414 2139 2536 2180 esse
2561 2140 2649 2180 res
2681 2124 2953 2177 conditas.
3006 2123 3289 2194 Signilicat
3345 2140 3475 2179 vero

1905 2220 2069 2273 ctiam
2101 2219 2429 2287 quandoque
2466 2232 2572 2272 vox
2632 2216 2775 2287 ἀρχὴ
2824 2216 3235 2286 imperium,ita
3276 2225 3335 2271 ut
3370 2217 3476 2272 hoc

1906 2325 2126 2378 quoque
2181 2310 2285 2362 isto
2317 2309 2370 2362 in
2403 2308 2526 2361 loco
2586 2308 2872 2371 innuatur,
2905 2319 3166 2375 tanquam
3212 2321 3393 2375 regem
3421 2298 3511 2360 et'

1905 2400 2208 2470 principem
2276 2399 2594 2454 universum
2624 2397 2727 2453 hoe
2751 2397 3066 2452 condidisse
3114 2395 3321 2458 Deum,
3364 2410 3477 2450 non

1906 2490 2128 2544 aliunde
2196 2495 2417 2559 accepta
2484 2488 2737 2551 materia,
2797 2486 2893 2543 sed
2930 2486 3093 2541 simul
3126 2501 3247 2539 cum
3286 2484 3477 2538 formis

1907 2583 2237 2636 substratam
2272 2580 2433 2632 etiam
2487 2578 2771 2633 materiam
2814 2577 3228 2648 producentem.
3261 2575 3321 2629 in
3365 2573 3477 2629 lle-

1906 2670 2092 2724 braica
2125 2686 2252 2724 vero
2288 2669 2475 2739 lingua
2506 2667 2829 2736 principium
2860 2667 3024 2720 etiam
3051 2666 3472 2745 caput'denotat,

1909 2771 2191 2830 potestque
2242 2758 2464 2829 (Moses)
2526 2759 2726 2812 cretum
2756 2767 2811 2813 et
2836 2767 3055 2817 terram.
3095 2771 3217 2827 quae
3243 2756 3476 2825 primunt

1909 2851 2052 2906 inter
2082 2850 2335 2925 visibiles
2367 2859 2647 2903 creaturas
2667 2850 2843 2903 locum
2877 2856 3082 2913 tenent,
3102 2858 3263 2918 caput
3294 2848 3478 2917 appel-

1910 2942 2044 3004 lare,
2100 2941 2244 3011 quod
2309 2950 2474 3009 caput
2505 2954 2617 2994 non
2657 2940 2838 3009 positu
2890 2940 3089 3000 solum,
3136 2938 3230 2994 sed
3288 2939 3401 2991 vita
3422 2946 3478 2992 et

1911 3048 2075 3087 sensu
2104 3032 2266 3085 etiam
2290 3030 2607 3101 principalis
2638 3029 2885 3099 corporis
2908 3044 3034 3098 pars
3061 3027 3151 3083 sit.
3176 3027 3245 3081 Ea
3267 3029 3473 3097 itaque.

1910 3140 2031 3193 qum
2060 3125 2113 3177 in
2141 3124 2418 3178 creatione
2450 3124 2627 3193 primo
2662 3122 2784 3175 loco
2817 3120 2959 3174 facta
2996 3127 3124 3175 sunt
3184 3119 3362 3174 Moses
3390 3121 3478 3172 in-

1907 3215 2088 3280 dicat;
2125 3213 2436 3268 Creatorem
2500 3223 2680 3267 autcm
2716 3212 2971 3266 omnibus
3028 3212 3298 3265 creaturis
3330 3212 3479 3264 anti-

1907 3308 2151 3377 quiorem
2188 3305 2489 3359 existimari
2524 3305 2713 3369 voluit,
2744 3319 2850 3357 non
2884 3304 3143 3357 mediocri
3186 3303 3476 3356 intervallo

1907 3412 2002 3453 eas
2023 3403 2470 3451 antevertentem.
2530 3394 2767 3449 :Etcrna:
2801 3396 2944 3448 enini
2980 3393 3057 3448 rei
3095 3394 3480 3448 exsistcntiam

1908 3488 2087 3544 nntiri
2136 3504 2296 3543 tremo
2347 3497 2545 3558 potest.
2580 3486 2671 3542 Dei
2701 3502 2829 3541 vero
2856 3486 3216 3541 :ctcrnitatem
3255 3483 3477 3537 iuCho-

1909 3582 2005 3637 rcb
2058 3582 2283 3637 edoctus
2333 3588 2441 3645 est,
2489 3579 2580 3634 ubi
2653 3579 2704 3634 ei
2762 3579 2987 3633 aiebat:
3042 3596 3059 3627 ι
3088 3576 3197 3645 Ego
3230 3591 3349 3629 sum
3383 3576 3479 3645 qui

1910 3691 2031 3731 sum
2053 3677 2132 3741 ’,ι
2166 3681 2287 3742 post
2331 3672 2476 3741 quod
2522 3672 2739 3726 demum
2802 3680 3016 3740 tempus
3058 3684 3298 3739 praesens
3342 3683 3483 3737 opus

1909 3767 2275 3839 consignarit.
2296 3765 2413 3820 Nisi
2442 3767 2586 3820 enim
2616 3764 2783 3818 Deum
2802 3763 3171 3835 cognovisset,
3204 3762 3483 3831 quomodo

1912 3860 2147 3914 universi
2193 3858 2442 3928 Opiﬁccm
2490 3871 2612 3911 eum
2657 3854 2843 3908 dicere
2876 3853 3185 3923 potuisset?
3219 3860 3314 3905 aut
3341 3867 3480 3919 quo-

1912 3952 2073 4006 modo
2096 3952 2417 4019 ignorantes
2439 3948 2742 4010 docuisset,
2769 3945 2937 3998 Deum
2971 3945 3059 3997 illa
3096 3943 3332 3998 fecisse?
3362 3940 3484 3995 .Iam

1911 4057 2040 4097 vero
2070 4042 2195 4104 illis,
2217 4050 2478 4110 tanquam
2510 4037 2676 4092 Deum
2702 4034 3171 4105 cognoscentibus
3192 4034 3264 4086 ait
3300 4054 3311 4086 :
3338 4032 3483 4099 quod

1914 4133 2057 4187 Deus
2077 4133 2189 4192 ille.
2221 4147 2381 4200 quem
2418 4130 2538 4198 ipso
2568 4129 2835 4182 edocente
2866 4124 3225 4195 cognoverint
3252 4131 3309 4175 ut
3332 4131 3486 4176 mter-

1916 4239 2066 4288 num,
2099 4231 2157 4277 ut
2179 4223 2327 4275 illum
2352 4221 2565 4290 quiest,
2595 4228 2649 4271 ut
2679 4219 2878 4275 ευιιιιιι,
2905 4214 3051 4282 quod
3090 4214 3179 4267 ille
3200 4213 3320 4283 ipse
3340 4212 3485 4267 Deus

1914 4315 1967 4368 in
1996 4313 2222 4384 gloriam
2243 4326 2395 4364 suam
2431 4309 2627 4363 rrelum
2654 4306 2961 4361 condiderit
2989 4315 3040 4357 et
3062 4310 3286 4356 terram.
3321 4302 3484 4356 Tem-

1915 4421 2016 4475 pus
2062 4418 2190 4457 vcro
2235 4402 2401 4456 etiam
2439 4396 2854 4453 accuratissime
2889 4394 3161 4463 designat,
3192 4400 3250 4445 ut
3278 4392 3489 4446 scilicet

232 4504 478 4570 ιιωῦσῆς
503 4517 517 4532 ·
552 4521 572 4553 ι
628 4502 689 4553 Ἠ
719 4500 775 4554 δὲ
801 4501 874 4569 γῆ
895 4496 963 4571 ἦν
998 4501 1247 4569 ἀόρατος,
1295 4517 1314 4547 ι
1365 4497 1676 4567 θαυμαστὸν
1723 4498 1805 4550 οῦ-

1919 4507 2029 4549 tum
2058 4493 2148 4548 Dei
2174 4506 2574 4563 cuguoscmuus
2596 4487 2943 4550 inﬁnitatem,
2968 4494 3081 4537 tum
3106 4485 3309 4539 (initam
3329 4500 3485 4539 crea-

232 4594 319 4646 δέν
350 4610 366 4622 ·
398 4590 467 4663 ἦν
495 4595 603 4663 γὰρ
632 4592 894 4662 γενομένη
922 4608 934 4620 ·
978 4590 1114 4661 μετὰ
1145 4591 1252 4661 γὰρ
1277 4588 1358 4651 τὸ,
1392 4588 1641 4656 ἐποίησε
1661 4627 1674 4652 ,
1706 4605 1810 4657 φη-

237 4689 287 4739 σὶ
311 4687 372 4738 τὸ
400 4726 416 4749 ,
463 4685 546 4752 ἦν
590 4684 863 4751 ἀόρατος.
899 4683 970 4735 Τὺ
1004 4682 1061 4735 δὲ
1117 4680 1404 4751 Ἐϐραῖκὸν
1453 4680 1514 4733 τὸ
1557 4680 1809 4747 ἐποίησε

239 4782 496 4851 σημαίνει
531 4781 624 4833 καὶ
668 4780 729 4832 τὸ
786 4778 1027 4833 ἐκτίσει·
1070 4780 1164 4830 καὶ⁸
1202 4778 1260 4829 τὸ
1294 4776 1638 4843 ἀνέδειξεν,
1673 4778 1810 4846 ὅπερ

236 4873 379 4926 ἔοικε
416 4872 615 4942 μᾶλλον
658 4870 850 4941 δηλοῦν
883 4873 915 4939 ἡ
958 4870 1172 4940 Γραφὴ,
1206 4869 1281 4932 ὼς
1309 4867 1368 4934 ἐξ
1392 4870 1492 4922 οὐκ
1525 4869 1692 4923 ὄντων
1715 4872 1811 4925 ἀνι

238 4962 426 5028 ἔδειξε.
447 4963 523 5015 T6
551 4964 660 5032 γὰρ
685 4961 977 5023 ἐποίησεν
1004 4960 1190 5029 ἐπειδὴ
1219 4959 1434 5026 λέγεται
1466 4960 1559 5013 καὶ
1593 4962 1813 5014 ἐπὶτῶν

240 5052 302 5108 εκ
328 5071 474 5117 τινος
497 5052 856 5123 γιγνομένων,
885 5044 996 5104 οἷον
1023 5051 1105 5104 ὃτι
1132 5053 1195 5103 ἐκ
1223 5050 1441 5119 σιδήρου
1465 5051 1734 5121 δρέπανον
1777 5054 1811 5122 ἧ

240 5162 290 5197 τι.
312 5144 555 5197 τοιοῦτον
575 5145 602 5195 6
619 5142 864 5213 τεχνίτης
895 5143 1143 5212 εποίησε,
1169 5141 1368 5194 δέδωκέ
1398 5160 1505 5194 τισι
1530 5143 1699 5213 λαϐὴν
1721 5145 1813 5197 τοῦ

242 5236 440 5304 λέγειν,
487 5235 566 5298 ὡς
614 5235 852 5304 Μωῦσῆς
906 5233 964 5299 ἐξ
1012 5234 1322 5301 Αἰγυπτίων
1375 5234 1561 5304 μαθὼν
1586 5236 1645 5302 ὲξ
1683 5238 1814 5307 ὕλης

243 5326 718 5398 προῦποκειμένης
768 5324 1052 5393 γεγονέναι
1093 5325 1154 5377 τὺ
1201 5326 1346 5386 πᾶν,
1392 5327 1615 5391 εἰκότως
1661 5326 1811 5382 εἶπεν

242 5421 531 5489 ἐποίησεν
550 5437 564 5449 ·
598 5412 674 5472 ὧν
697 5418 1017 5486 ἀγνοοῦντες
1040 5417 1140 5484 τὴν
1174 5419 1534 5485 συκοφαντίαν
1554 5421 1600 5472 οί
1642 5421 1810 5492 ἑρμηο

310 5559 330 5587 ⁸
365 5556 536 5610 Exod.
588 5571 671 5620 ιιι,
704 5554 786 5609 14.
869 5555 911 5583 ¹⁰
939 5550 1101 5605 Joan.
1138 5567 1174 5613 ι,
1227 5553 1281 5605 6.

1918 4597 2164 4641 lurat‘tttn
2191 4592 2466 4643 naturam,
2494 4591 2708 4649 tempus
2733 4588 2979 4631 tenentes
3002 4591 3031 4629 ιι
3057 4590 3165 4646 quo
3180 4575 3485 4631 exsistendi

1917 4677 2178 4746 ceperunt
2245 4674 2481 4727 initium.
2531 4670 2669 4724 Ilinc
2696 4668 2841 4737 fecit,
2892 4666 3092 4734 inquit,
3162 4680 3294 4725 non.
3345 4673 3481 4727 erat,

1918 4767 2060 4835 quod
2103 4765 2322 4833 quidem
2352 4761 2418 4815 de
2444 4759 2550 4812 Deo
2588 4756 2754 4811 Verbo
2779 4756 3018 4810 Joannes
3050 4754 3354 4819 usurpavit.
3383 4751 3486 4806 Rc-

1920 4860 2022 4912 hus
2048 4857 2256 4911 scilicet
2303 4854 2525 4907 :etcrnis
2566 4851 2793 4905 verbum
2827 4844 2895 4919 ἦν
2927 4846 2981 4900 Ιι.
3015 4861 3065 4902 e.
3097 4853 3230 4907 erat,
3286 4844 3486 4898 creatis

1912 4966 2041 5005 vero
2099 4951 2317 5016 ἐγένετο
2357 4943 2641 5012 competit,
2674 4941 2909 5009 indeque
2942 4940 2994 4991 in
3034 4937 3395 5007 sequentibus
3417 4936 3486 4990 de

1915 5042 2152 5111 Baptista
2184 5041 2259 5090 ait
2287 5056 2300 5092 :
2335 5037 2583 5104 Ἐγένετο
2616 5035 2695 5104 (h.
2718 5049 2766 5087 e.
2788 5038 2924 5096 erat)
2955 5049 2972 5081 ι
3011 5031 3173 5082 homo
3205 5028 3412 5081 missus
3453 5041 3499 5079 a.

1913 5151 2020 5204 Deo
2046 5150 2112 5203 ¹⁰.
2142 5168 2159 5199 ι
2195 5147 2517 5215 Neutiquam
2550 5158 2683 5197 vero
2717 5141 3023 5195 mirantium
3060 5147 3163 5199 est,
3193 5137 3335 5204 (ιιιρά
3365 5152 3485 5203 pcr-

1919 5255 2049 5309 gens
2079 5239 2215 5292 dicit
2247 5236 2423 5289 Muses
2461 5254 2471 5285 :
2512 5232 2713 5286 t'l‘crra
2746 5238 2932 5282 autem
2959 5236 3078 5281 erat
3112 5226 3429 5285 invisibilis,
3465 5247 3481 5274 ι

1917 5318 2028 5397 jam
2078 5330 2220 5381 enim
2270 5326 2558 5379 constabat
2626 5339 2748 5377 esse
2781 5322 3003 5380 fartam,
3040 5315 3310 5386 siquidem
3365 5323 3491 5384 post

1920 5422 2112 5474 creavit
2140 5420 2455 5489 subiungat,
2481 5426 2595 5470 erat
2626 5415 2925 5470 invisibilis.
2949 5411 3213 5465 llebraica
3236 5424 3367 5463 vero
3384 5424 3487 5463 vox

312 5715 381 5783 tn,
431 5712 625 5775 Δόξαν
653 5711 844 5777 αὐτῷ.
876 5711 957 5783 Si
995 5710 1155 5783 lectio
1184 5709 1299 5762 haec
1344 5724 1489 5783 sana
1527 5720 1645 5775 est,
1690 5706 1825 5762 falso
1866 5711 2024 5765 vertit
2054 5711 2299 5767 Oleatius
2331 5712 2381 5764 in
2401 5710 2627 5780 gloriam
2652 5724 2825 5764 suam.
2856 5705 2971 5762 Imo
3013 5706 3262 5762 absolute
3312 5701 3493 5775 posita

244 5779 344 5838 vei
364 5782 523 5852 δόξαν
559 5790 712 5838 nutat
744 5802 760 5838 :
792 5782 918 5851 quia
942 5783 987 5834 ei
1014 5781 1306 5846 videbatur,
1338 5779 1515 5833 liberr.
