3922 6230
434 358 502 416 43
1570 408 1575 409 ν
1739 349 2093 413 PROCOPII
2130 351 2374 413 GAZ£I

3442 349 3661 416 σα

437 470 628 541 figulus
681 467 747 523 ι’.
808 485 828 522 ι
878 462 1339 535 Quemadmodum
1375 462 1518 517 enim
1575 461 1771 532 figulus
1828 464 1997 518 lutum

2116 464 2508 531 μετεσκεύασα,
2533 462 2606 526 ὡς
2631 462 2939 532 ἀνθρώποις
2961 462 3221 520 ἀδύνατον
3252 465 3435 535 λέγειν
3463 465 3575 534 οἷος
3600 471 3661 537 ἐξ

438 565 611 619 forma
671 562 1012 624 destitutum,
1070 559 1123 613 in
1173 557 1530 627 quodcunque
1586 554 1850 625 placuerit
1903 570 1997 611 vas

438 658 816 721 transformat,
870 655 952 710 sic
992 668 1093 723 ego
1125 652 1289 706 etiam
1333 656 1384 703 te
1408 648 1580 705 lutum
1612 662 1643 703 e
1674 658 1815 703 terra
1848 649 1996 703 acci-

435 751 610 821 piens,
662 758 719 802 ut
745 747 937 802 melius
980 743 1239 815 quiddam
1287 740 1565 804 evaderes,
1603 740 1655 795 in
1693 739 1852 794 aliain
1882 739 1996 795 for-

436 858 578 899 mam
608 852 659 897 Ie
682 841 843 906 verti,
878 840 951 893 ita
978 846 1038 892 ut
1064 849 1223 891 nemo
1250 833 1557 889 mortalium
1593 832 1772 888 dicere
1801 833 1992 900 possit,

434 937 612 1009 qualis
642 948 694 991 et
715 950 784 990 ex
814 931 957 1001 quali
983 942 1140 986 natus
1173 929 1359 985 fueris.
1385 927 1565 992 Quare
1589 934 1771 981 autem
1802 925 1999 981 coelum

435 1029 652 1099 quidem
694 1027 992 1096 perfectum
1042 1020 1467 1092 repmsentavit,
1513 1030 1713 1073 terrain
1748 1031 1875 1070 vero
1907 1030 2004 1085 per

438 1120 617 1193 partes
646 1135 678 1173 a
702 1120 810 1171 Deo
835 1116 1151 1171 fabricatam
1176 1111 1449 1170 ostendit?
1476 1109 1544 1166 Ut
1575 1112 1629 1165 in
1659 1125 1718 1165 re
1741 1118 2003 1179 praestan-

436 1215 579 1268 tiore
633 1211 924 1280 potentiam
977 1209 1094 1277 ejus
1156 1208 1460 1277 percipiens
1518 1212 1701 1259 certus
1760 1201 2005 1257 reddaris

439 1305 580 1357 hanc
606 1303 811 1372 pariter
842 1315 907 1355 ac
937 1300 1077 1355 istud
1099 1314 1221 1353 eum
1257 1296 1555 1367 perfectura
1597 1296 1780 1349 statim
1808 1294 2004 1349 sistere

437 1396 701 1468 potuisse.
742 1391 858 1468 'Tui
911 1402 1089 1446 autem
1142 1400 1351 1459 tumque
1400 1390 1589 1445 salutis
1620 1405 1783 1444 causa
1813 1392 2008 1463 incom-

436 1495 606 1558 posita
638 1487 779 1541 facta
809 1493 955 1541 terra
1009 1483 1111 1537 fuit
1147 1498 1163 1534 :
1190 1484 1500 1538 communis
1525 1482 1669 1537 enim
1718 1496 1903 1537 mensa
1954 1491 2009 1535 et

440 1581 638 1652 patria,
665 1580 775 1633 imo
806 1576 984 1632 nutrix
1020 1585 1081 1631 et
1123 1584 1319 1640 mater,
1355 1575 1657 1628 communis
1699 1573 1863 1627 etiam
1893 1587 2009 1626 om-

441 1675 591 1729 nium
624 1672 817 1727 civitas
848 1678 930 1724 est
957 1679 1119 1738 atque
1145 1668 1474 1737 sepulcrum.
1506 1664 1583 1719 Ne
1608 1666 1809 1734 itaque,
1845 1679 2005 1734 quam

2106 556 2219 609 οἴου
2258 556 2574 625 γεγένησαι.
2609 556 2761 621 Τίνος
2798 556 2856 610 δὲ
2908 556 3074 611 ἕνεκα
3113 557 3209 629 (m)
3267 558 3359 611 τὸν
3417 558 3518 629 μὲν
3563 561 3664 616 οὐ-

2107 648 2271 719 ρανὸν
2301 649 2711 718 ἀπαρτισθέντα
2738 651 3050 721 παρήγαγε,
3081 650 3182 720 τὴν
3200 650 3255 704 δὲ
3280 653 3385 722 γῆν
3406 651 3550 707 κατά
3576 670 3667 722 μι-

2103 743 2236 809 κρὸν
2265 740 2431 796 αὐτὸν
2460 742 2787 811 τεχνιτεύειν
2816 743 2981 811 φησὶν
3010 744 3042 811 ἡ
3083 741 3306 815 Γραφής
3344 743 3460 796 ἰνα
3498 745 3559 797 ὲν
3582 741 3694 814 et?"

2104 833 2376 902 κρείττονι
2398 834 2649 905 στοιχείῳ
2678 832 2862 904 μαθὼν
2877 833 3040 887 αὐτοῦ
3072 835 3172 906 τὴν
3192 835 3441 904 δύναμιν,
3465 835 3669 905 πληρο-

2104 924 2346 995 φορηθῇς
2375 926 2457 978 ὅτι
2493 924 2589 978 καὶ
2638 926 2842 996 ταύτην
2889 926 3120 995 ἠδύνατο
3152 927 3405 997 καθάπερ
3452 929 3668 981 ἐκεῖνον

2103 1000 2521 1087 ἀπηρτημένην
2555 1018 2918 1087 παραγαγεῖν.
2951 1018 3052 1069 Διά
3074 1017 3132 1069 σὲ
3163 1018 3220 1071 δὲ
3244 1020 3338 1071 καὶ
3360 1019 3460 1088 τὴν
3489 1036 3670 1093 σωτηο

2106 1110 2228 1180 ρίαν
2258 1110 2359 1178 τὴν
2391 1109 2493 1180 σὴν
2520 1109 2941 1175 ἀκατάσκευος
2965 1110 3184 1177 γέγονεο
3215 1110 3372 1181 κοινὴ
3399 1114 3507 1181 γὰρ
3533 1111 3671 1182 τρά-

2106 1199 2247 1265 πεζα
2282 1200 2358 1271 (η)
2383 1206 2476 1254 καὶ
2506 1202 2706 1265 πατρὶς
2731 1202 2825 1254 καὶ
2850 1205 3046 1270 τροφὸς
3077 1202 3170 1256 καὶ
3207 1202 3391 1273 μήτηρ
3411 1202 3669 1256 ἁπάντων

2105 1295 2223 1348 ἐστὶ
2254 1295 2348 1347 καὶ
2380 1294 2533 1357 πόλις
2564 1295 2659 1347 καὶ
2689 1294 2857 1362 τάφος
2887 1295 3087 1357 κοινός.
3121 1295 3238 1348 Ἵνα
3271 1290 3363 1349 οὖν
3401 1300 3475 1365 μη
3500 1296 3576 1364 (-o)
3608 1292 3673 1348 τὸ

2104 1386 2203 1455 τῆς
2238 1385 2426 1456 χρείας
2462 1387 2759 1453 ἀναγκαῖον
2791 1386 3090 1456 θαυμάζων
3117 1386 3446 1458 θεοποιήσῃς
3474 1386 3669 1456 αὐτὴν,

2105 1478 2342 1531 δείκνυσί
2381 1495 2463 1532 σοι
2513 1478 2718 1551 ταύτην
2771 1479 3147 1532 ἀδιατύπωτον
3198 1495 3259 1531 τε
3308 1480 3405 1532 καὶ
3434 1480 3671 1550 ἀκαλλῆ.

2109 1570 2220 1623 Καὶ
2251 1570 2359 1638 γάρ
2373 1568 2517 1623 οὕτω
2544 1569 2949 1640 τὴνάσθέπιαν
2975 1569 3234 1640 ὁρῶντες.
3262 1570 3356 1623 τὸν
3379 1570 3474 1623 καὶ
3494 1587 3675 1640 παρα·

2107 1663 2351 1733 γαγόντα
2376 1664 2470 1717 καὶ
2500 1663 2859 1733 κοσμήσαντα
2896 1661 3099 1731 ταύτην
3130 1662 3513 1731 θαυμάζομεν.

442 1779 576 1819 usus
606 1765 726 1835 ejus
776 1764 873 1817 tibi
904 1763 972 1815 sit
1018 1760 1360 1815 necessarius
1411 1757 1786 1819 considerans,
1831 1757 2026 1832 divinis
2058 1757 2355 1811 honoribus
2405 1771 2521 1810 eam
2556 1756 2923 1824 prosequaris,
2978 1753 3263 1810 informem
3315 1754 3459 1806 illam
3491 1760 3545 1807 et
3574 1752 3676 1808 fte-

447 1855 568 1906 dam
605 1853 701 1906 tibi
732 1851 802 1906 ob
850 1851 1037 1906 oculos
1082 1850 1254 1919 ponit.
1294 1845 1410 1904 [lac
1454 1846 1597 1903 enim
1651 1845 1883 1914 ratione,
1918 1846 2038 1919 ejus
2072 1846 2320 1903 videntes
2375 1846 2686 1913 utilitatem,
2729 1859 2851 1901 eum
2879 1844 2975 1915 qui
3011 1843 3269 1914 produxit
3295 1850 3353 1900 et
3393 1842 3678 1900 exornavit

445 1938 619 2004 illam,
651 1940 825 1995 solum
861 1940 1222 1993 admiramur.

504 2045 569 2100 Et
629 2043 855 2099 tenebra
903 2049 1058 2099 erant
1102 2057 1258 2112 super
1282 2041 1472 2113 facient
1504 2042 1706 2115 abyssi,
1736 2050 1842 2101 etc.
1874 2043 2003 2101 Plu~

2178 2042 2288 2100 Καὶ
2310 2044 2535 2111 σκότος
2558 2037 2637 2115 ἦν
2661 2043 2865 2099 ἐπάνω
2896 2043 3007 2115 τῆς
3028 2043 3330 2100 ἀϐύσσου.
3360 2043 3565 2117 Μακρά
3601 2045 3697 2116 λη-

418 2137 618 2192 timum
643 2136 901 2203 delirant,
924 2136 1017 2205 qui
1044 2135 1173 2189 mali
1200 2150 1295 2190 seu
1320 2135 1527 2205 peccati
1552 2143 1807 2191 naturam
1834 2152 1894 2192 ex
1925 2139 2013 2195 liis

419 2228 605 2284 verbis
651 2226 951 2297 ingenitam
998 2240 1249 2279 asserere
1292 2236 1589 2289 conantur,
1630 2226 1787 2295 quasi
1832 2224 2012 2282 Moses

418 2320 660 2375 voluerit
694 2327 982 2388 peccatum
1018 2332 1141 2372 esse
1174 2314 1470 2384 mternuin,
1507 2318 1655 2387 quod
1689 2319 1810 2386 ejus
1850 2334 2015 2389 gene-

428 2413 696 2467 rationem
750 2409 942 2463 nullibi
994 2408 1484 2475 commonstrarit,
1534 2418 1797 2479 praeterea
1845 2412 2013 2465 verbo

313 2560 318 2566 ,
423 2500 771 2559 Substantivo
822 2510 959 2563 erat,
986 2514 1116 2554 usus
1147 2499 1219 2554 sit
1248 2498 1304 2553 in
1333 2500 1616 2569 praesentis
1642 2500 1745 2555 loci
1772 2515 2013 2557 comme-

421 2597 753 2649 moratione.
791 2590 993 2647 Verum
1045 2591 1194 2659 quod
1247 2591 1313 2646 ad
1366 2592 1469 2646 hoc
1517 2593 1743 2647 verbum
1795 2594 2010 2660 attinet,

421 2687 558 2744 satis
589 2687 797 2757 prolixe
825 2700 991 2756 supra
1021 2684 1401 2740 tractavimus.
1428 2682 1567 2739 Nolo
1596 2685 1683 2739 hic
1712 2699 1835 2740 esse
1864 2701 2013 2740 eam-

421 2782 545 2836 dem
586 2780 658 2834 ob
698 2794 815 2833 rem
852 2779 1161 2832 verbosior.
1197 2777 1264 2832 At
1301 2779 1384 2850 (ut
1417 2778 1524 2832 illis
1558 2779 2011 2849 respondeamus)

421 2888 536 2927 rem
568 2886 691 2942 quae
724 2885 832 2925 non
864 2871 1154 2935 subsistit,
1186 2886 1288 2927 nec
1322 2872 1376 2926 in
1405 2873 1614 2926 cntinm
1649 2888 1881 2929 numero
1913 2888 2011 2944 po-

422 2968 595 3031 nitur,
633 2965 914 3037 qnomodo
951 2964 1126 3035 potuit
1159 2963 1347 3020 dicere
1382 2964 1705 3036 Scriptura?
1737 2965 2014 3024 Tenebras

422 3060 568 3115 enim
613 3057 744 3128 quid
788 3056 938 3111 aliud
975 3056 1400 3122 existimaveris,
1439 3073 1604 3127 quam
1651 3058 2011 3129 privationem

425 3151 591 3215 lucis,
624 3165 751 3221 quae
786 3149 1026 3203 nondum
1062 3164 1228 3218 opera
1262 3149 1355 3203 Dei
1391 3164 1677 3220 progressa
1712 3160 1851 3205 erat.
1876 3149 2012 3204 Tum

422 3244 571 3299 enim
621 3256 917 3313 corporum
971 3250 1166 3296 natura
1218 3242 1565 3311 splendorem
1614 3257 1684 3296 ex
1733 3257 1855 3297 sese
1904 3257 2014 3317 non

424 3335 631 3391 habens
677 3336 902 3391 omnino
948 3335 1158 3405 absque
1201 3335 1410 3390 lumine
1452 3335 1538 3390 vel
1580 3335 1831 3390 claritate
1873 3344 2011 3391 erat.

2117 2135 2304 2209 ροῦσιν
2326 2136 2377 2191 οί
2406 2135 2501 2190 τοῦ
2536 2135 2710 2190 κακοῦ
2741 2139 2905 2205 φύσιν
2932 2136 3196 2214 ἀγένητον
3225 2137 3290 2189 εκ
3352 2135 3560 2189 τούτων
3589 2137 3703 2188 etc-

2113 2230 2341 2299 ἀγοντες
2364 2270 2379 2295 ,
2421 2227 2511 2282 διά
2532 2243 2593 2280 τε
2621 2227 2715 2280 τοῦ
2742 2223 2822 2297 ἦν
2851 2226 2946 2281 καὶ
2980 2226 3071 2280 τοῦ
3110 2225 3185 2297 μὴ
3218 2226 3434 2296 γένεσιν
3473 2225 3704 2291 σκότους

2114 2320 2290 2372 εἰπεῖν
2320 2318 2419 2388 τὴν
2454 2319 2703 2390 Γραφήν.
2751 2318 2913 2371 Ἀλλὰ
2939 2319 3063 2388 περὶ
3094 2318 3196 2387 μὲν
3227 2317 3324 2371 τοῦ
3354 2313 3455 2387 ἦν,
3481 2317 3703 2390 εἴρηται

2115 2411 2185 2464 τὰ
2218 2412 2593 2481 προσήκοντα.
2629 2410 2848 2464 Γένεσιν
2882 2409 2940 2462 δὲ
2970 2409 3298 2480 πράγματος
3322 2410 3704 2464 ἀνυποστάτου

2116 2503 2235 2566 πῶς
2265 2498 2410 2574 εἶχεν
2438 2505 2618 2557 εἰπεῖν
2660 2504 2694 2575 ἡ
2728 2503 2921 2574 Γραφή
2952 2518 2966 2569 ;
3002 2502 3266 2573 Στέρησις
3302 2502 3409 2576 γάρ
3435 2504 3552 2556 ἐστι
3604 2500 3702 2557 τοῦ

2114 2596 2313 2665 φωτὸς,
2345 2591 2407 2650 οὗ
2452 2597 2618 2667 μήπω
2653 2595 2975 2665 γενομένου,
3017 2595 3127 2650 τῶν
3164 2594 3433 2665 σωμάτων
3465 2596 3499 2666 ὴ
3535 2594 3702 2666 φύσις

2110 2689 2173 2741 τὸ
2201 2688 2371 2757 αὑγὲς
2400 2689 2615 2743 οἴκοθεν
2651 2689 2753 2742 οὐκ
2785 2688 3007 2759 ἔχουσα,
3040 2688 3252 2753 πάντως
3276 2690 3582 2757 ἀφώτιστος
3607 2684 3698 2760 ἦν*
3756 2685 3761 2689 ’

2112 2778 2235 2833 ὅθεν
2263 2783 2359 2833 καὶ
2390 2782 2499 2852 ἀὴρ
2541 2781 2636 2835 καὶ
2668 2780 2813 2849 ὕδωρ
2842 2776 2911 2852 ἦν
2950 2781 3244 2835 σκοτεινόν.
3292 2780 3406 2836 Καὶ
3443 2781 3560 2845 πῶς
3591 2780 3703 2852 γὰρ

2112 2872 2336 2925 δυνατὸν
2368 2872 2532 2941 φύσιν
2559 2873 2808 2928 ἐναντίαν
2840 2866 2981 2926 εῖναι
3002 2872 3120 2944 Θεῷ
3144 2891 3159 2941 ;
3191 2873 3222 2944 ἦ
3245 2873 3356 2945 γὰρ
3380 2874 3469 2945 ἴση
3493 2872 3591 2944 τὴν
3612 2872 3706 2926 δύο

2112 2980 2301 3033 ναμιν,
2356 2963 2668 3035 ἢχείρων,
2716 2964 2749 3034 ἢ
2793 2966 3095 3037 κρείττων·
3152 2964 3267 3018 ἀλλ’
3319 2967 3368 3018 εί
3433 2965 3536 3036 μὲν
3584 2966 3702 3037 ἴση,

2114 3056 2429 3126 ἀδιάκριτος
2467 3058 2499 3126 ἡ
2540 3057 2715 3129 μάχη,
2742 3061 2835 3110 καὶ
2856 3057 3008 3110 οὐδὲν
3046 3057 3236 3128 δράσει
3264 3056 3495 3128 θάτερον
3526 3060 3705 3129 ἐμπο-

2112 3146 2218 3202 δὼν
2242 3148 2364 3218 ἔχον
2393 3147 2455 3200 τὸ
2474 3147 2561 3200 ἒτε
2572 3166 2663 3220 ρον
2681 3166 2693 3178 ·
2718 3151 2766 3203 εἰ
2787 3149 2842 3203 δὲ
2872 3151 3095 3223 χείρων,
3128 3148 3245 3213 πῶς
3269 3150 3332 3203 οὐ
3354 3149 3667 3205 κεκώλυκεν
3688 3166 3710 3218 ς

2115 3241 2174 3293 οὐ
2206 3240 2316 3310 γὰρ
2348 3240 2463 3293 ἔστι
2497 3240 2677 3309 λέγειν
2704 3242 2779 3305 ὡς
2806 3244 2909 3297 ἀνά
2935 3245 3102 3315 μέρος
3133 3245 3324 3314 κρατεῖ
3351 3242 3446 3295 καὶ
3476 3247 3713 3314 κρατεῖ-

2114 3348 2227 3387 ται.
2256 3332 2429 3385 Τοῦτο
2451 3332 2557 3404 γὰρ
2587 3333 2846 3401 δείκνυσι,
2885 3333 3015 3387 ποτε
3046 3336 3143 3405 μὲν
3172 3334 3418 3388 ἀσθενεῖν
3439 3377 3453 3400 ,
3483 3336 3614 3389 ποτὲ
3646 3336 3713 3392 δὲ

424 3428 666 3485 Proinde
710 3444 804 3484 aer
842 3437 897 3484 et
936 3443 1100 3499 aqua,
1141 3427 1410 3483 elementa
1447 3428 1680 3499 caligine
1718 3439 1876 3483 erant
1915 3443 2011 3498 0p-

2119 3421 2424 3493 ρὡνυσθαι
2455 3424 2666 3478 τούτων
2688 3425 2949 3496 ἑκάτερον
2982 3442 2996 3456 ο
3026 3427 3165 3498 ὅπερ
3187 3427 3372 3481 ἀϊδίων
3399 3426 3714 3500 ἀλλότριον.

426 3536 639 3594 pressa.
675 3520 947 3575 Praeterea
981 3519 1258 3590 quomodo
1287 3518 1553 3590 possibile
1582 3529 1687 3585 est,
1722 3527 1781 3573 ut
1816 3528 2014 3575 natura

426 3613 705 3671 contraria
742 3613 815 3669 sit
852 3611 1001 3667 Deo?
1036 3610 1093 3667 Si
1137 3613 1285 3667 enim
1321 3612 1600 3667 contraria
1635 3619 1719 3668 est
1750 3610 2011 3679 Numici,

426 3715 524 3763 aut
569 3703 752 3776 quoad
801 3705 1130 3774 potentiam,
1180 3703 1428 3774 aequalis,
1471 3712 1566 3758 ant
1614 3701 1877 3769 deterior,
1919 3711 2015 3757 ant

428 3797 703 3867 potentior
741 3794 846 3849 erit
894 3792 1024 3848 Deo.
1067 3792 1128 3848 Si
1172 3794 1411 3864 potentia
1461 3803 1671 3847 natura:
1718 3792 2017 3861 respondet

429 3888 686 3959 potentia:
712 3885 930 3953 divinat,
955 3885 1082 3955 quis
1107 3883 1519 3940 contrarietatis
1547 3897 1786 3953 pugnam
1812 3881 2019 3936 discer-

433 3980 563 4034 net?
600 3994 699 4033 nec
740 3959 975 4033 alterum
1017 3976 1321 4047 quidquam
1369 3974 1582 4030 eﬂlcere
1621 3975 1843 4039 valebit,
1889 3990 2016 4030 cum

433 4070 661 4125 alterum
694 4069 927 4125 subinde
957 4068 1347 4138 impedimento
1378 4067 1451 4121 sit
1479 4065 1748 4121 futurum.
1777 4065 1835 4121 Si
1864 4067 2016 4124 dele-

435 4163 547 4217 rior
573 4160 656 4215 vel
691 4158 961 4213 infirmior
991 4158 1254 4222 creditur,
1287 4172 1393 4226 qua
1426 4157 1643 4211 ratione
1673 4173 1784 4211 non
1816 4157 2018 4227 poterit

434 4271 464 4308 a
493 4252 605 4307 Deo
636 4250 898 4316 inhiberi,
927 4264 994 4304 ne
1024 4248 1154 4320 quid
1185 4263 1413 4304 suorum
1439 4262 1665 4318 operum
1695 4248 1890 4303 faciat?
1917 4247 2017 4304 Sin

434 4346 646 4401 firmior
680 4351 734 4398 et
775 4340 1052 4412 potentior
1085 4354 1188 4406 est,
1236 4356 1408 4410 quare
1456 4355 1566 4394 non
1612 4340 1915 4409 prohibuit,
1955 4354 2023 4396 ne

440 4439 581 4493 Deus
615 4437 799 4492 omnia
835 4450 933 4506 pro
969 4450 1069 4490 sua
1103 4434 1383 4489 voluntate
1418 4441 1472 4489 et
1502 4434 1624 4502 jure
1660 4433 1877 4505 ageret?
1909 4433 2021 4490 Nec

435 4530 582 4583 enim
624 4529 807 4584 dicere
847 4526 997 4591 licet,
1037 4524 1187 4596 quod
1224 4524 1545 4580 vicissitudo
1581 4526 1831 4595 quaedam
1869 4540 2017 4579 nunc

438 4620 765 4692 imperandi,
801 4635 949 4674 nunc
994 4618 1283 4688 imperium
1326 4618 1625 4689 recipiendi
1665 4618 1810 4673 inter
1842 4615 2014 4673 Deum

2120 3514 2245 3579 Πῶς
2277 3515 2335 3569 δὲ
2372 3516 2632 3588 ἀλλήλαις
2670 3516 2914 3571 σύνεισιν
2951 3518 3197 3572 ἐναντίαι
3230 3519 3633 3589 τυγχάνουσαι;
3671 3522 3712 3593 ἢ

2119 3605 2236 3660 ἔστι
2268 3623 2320 3661 τι
2358 3607 2419 3662 τὸ
2446 3607 2718 3677 διορίζονς
2754 3610 2850 3663 καὶ
2897 3611 3127 3681 πότερον
3163 3612 3314 3679 ἴσον,
3345 3610 3379 3683 ἢ
3415 3613 3629 3684 χεῖρον,
3670 3613 3714 3685 ἢ

2121 3702 2400 3771 κρεῖττον;
2442 3698 2614 3754 ταῦτα
2653 3701 2765 3773 γὰρ
2798 3703 2915 3767 τοῖς
2956 3701 3196 3775 πρόσθεν
3244 3703 3606 3775 συμϐήσεται.
3635 3704 3717 3759 Ἦ

2121 3791 2238 3855 πῶς
2270 3790 2533 3862 συνῆλθεν
2566 3791 2818 3863 ἀλλήλοις
2851 3793 2920 3848 τὰ
2952 3794 3161 3848 τούτων
3198 3794 3661 3868 δημιουργήματα
3695 3818 3713 3867 ;

2116 3881 2187 3936 τά
2227 3881 2336 3953 γὰρ
2388 3880 2448 3946 ἐξ
2487 3882 2748 3937 ἐναντίων
2779 3884 2873 3938 καὶ
2919 3884 3231 3957 πολεμίων,
3262 3886 3485 3941 ἐναντία
3510 3902 3570 3940 τε
3615 3890 3718 3942 καὶ

2120 3972 2377 4038 πολέμια.
2408 3971 2756 4047 Συνυπάρξαι
2781 3975 2839 4029 δὲ
2867 3973 3109 4042 ἐναντία,
3131 3976 3250 4032 λίαν
3274 3976 3555 4033 ἀδύνατον.
3582 3978 3717 4043 Πῶς

2119 4063 2176 4116 δὲ
2210 4063 2459 4118 πείσεται
2505 4066 2658 4136 παρά
2686 4066 2796 4121 τῶν
2825 4067 3072 4141 ἀλλήλων
3104 4068 3228 4136 ἀεί;
3274 4068 3363 4123 διὰ
3393 4068 3564 4123 ταῦτα
3594 4070 3713 4141 γὰρ

2122 4155 2308 4227 ἀπαθῆ
2350 4173 2412 4210 τε
2452 4159 2549 4212 καὶ
2577 4157 2845 4231 ἄτρεπτα.
2881 4158 3004 4224 Πῶς
3047 4160 3103 4213 δὲ
3134 4160 3355 4213 ἐναντία
3391 4159 3487 4230 οὐχ
3515 4159 3623 4213 ὑπὸ
3649 4160 3714 4216 ἓν

2122 4249 2301 4318 γένος,
2356 4251 2495 4322 ὅπερ
2526 4251 2776 4321 κρεῖττόν
2819 4254 2936 4306 ἐστι
2982 4251 3090 4304 τῶν
3121 4250 3296 4316 εἰδῶν,
3338 4252 3434 4306 καὶ
3471 4252 3616 4307 κατά
3647 4253 3715 4308 re

2126 4342 2286 4412 γένος
2311 4344 2538 4405 πάντως
2569 4342 2875 4413 καθέστηκε
2909 4342 3208 4412 συγγενὲς;
3238 4344 3338 4397 οὐκ
3366 4344 3468 4416 ἄρα
3501 4362 3712 4399 παντε-

2125 4434 2233 4497 λῶς
2264 4433 2481 4487 ἐναντία
2508 4448 2522 4461 ο
2563 4432 2680 4496 πῶς
2706 4433 2764 4485 δὲ
2792 4434 3033 4501 ἐναντία,
3069 4434 3143 4505 μὴ
3177 4434 3458 4505 ποιότητες
3483 4453 3499 4503 ;
3529 4436 3714 4492 οὐσίαι

2122 4526 2231 4597 γὰρ
2264 4525 2416 4578 οὐδὲν
2450 4525 2715 4581 ἐναντίον.
2746 4527 2923 4582 Πολλά
2955 4527 3137 4598 λέγειν
3172 4524 3318 4599 εἶχον
3348 4529 3399 4581 εἰ
3438 4527 3597 4582 τοῦτο
3642 4524 3716 4600 ἦν

2121 4618 2183 4670 τὸ
2207 4617 2591 4689 προκείμενον.

435 4730 491 4772 et
517 4724 769 4770 naturam
796 4713 1081 4768 consistat.
1110 4711 1245 4766 Nam
1279 4713 1359 4769 sic
1386 4713 1750 4774 elucesceret,
1781 4725 1907 4766 eum
1939 4710 2213 4765 interdum
2250 4718 2547 4780 potentem,
2612 4709 2885 4764 interdum
2951 4724 3082 4767 vero
3146 4712 3499 4783 impotentem
3567 4728 3715 4773 esse.

440 4806 747 4878 Utrumque
785 4806 930 4861 enim
973 4806 1043 4860 ab
1085 4816 1292 4861 aeterno
1333 4806 1737 4861 alienissimum
1779 4816 1881 4858 est.
1917 4803 2023 4857 Aut
2062 4804 2338 4872 quomodo
2370 4802 2515 4857 inter
2548 4817 2606 4857 se
2638 4804 2991 4871 convenient,
3024 4819 3148 4859 cum
3217 4806 3328 4861 sint
3394 4809 3719 4867 contraria?

440 4901 556 4956 Erit
588 4901 753 4971 igitur
779 4899 1021 4971 aliquid,
1053 4904 1200 4972 quod
1231 4912 1529 4972 utrumque
1558 4898 1902 4956 disterminet
1933 4898 2018 4952 vel
2085 4897 2357 4969 scjltngat.
2387 4897 2444 4952 ld
2469 4913 2618 4964 vero,
2681 4908 2775 4954 aut
2834 4900 3067 4969 aequale,
3092 4909 3188 4957 aut
3212 4902 3472 4970 deterius,
3497 4914 3593 4959 aut
3621 4902 3719 4959 ﬂr-

513 5094 557 5126 ⁸⁸
579 5092 689 5146 lsa.
728 5103 881 5154 xxix,
918 5086 1007 5144 16.

514 5274 609 5340 (ιη)
646 5273 818 5340 Τίνος
851 5270 919 5325 δὲ
961 5270 1161 5325 ἕνεκα.
1198 5269 1322 5324 llazc
1363 5276 1447 5340 est
1510 5262 1742 5340 quaestio
1779 5262 2025 5340 Chryso-

442 5334 605 5413 slomi
641 5343 708 5396 ad
734 5334 1066 5413 h.'l.,quam
1100 5338 1465 5413 vero,quoad_
1490 5334 1689 5413 verba,
1721 5334 2033 5413 immutarit
2133 5345 2369 5413 stomus_
2395 5339 2496 5413 ita_
2522 5334 3018 5413 oppressiti'lvaE

442 5412 761 5483 Procopius.
813 5403 1096 5468 Ille-enim
1140 5403 1590 5483 sic’qutnrebat;
1625 5403 1785 5483 Τίνος
1812 5404 2028 5483 ἕνεκεν,

2203 5264 2278 5335 (ο)
2311 5266 2445 5321 Ἵνα
2468 5263 2581 5322 οὖν
2596 5267 2704 5336 μή.
2741 5267 2867 5323 llaec
2893 5278 2947 5323 et
2987 5284 3105 5339 quae
3131 5280 3438 5336 sequuntur
3475 5266 3720 5339 Chryso-

3070 5341 3144 5409 μὴ
3166 5340 3254 5393 διὰ
3293 5341 3354 5393 τὸ
3394 5340 3495 5410 τῆς
3523 5342 3720 5409 χρείας

2131 5408 2429 5480 ἀναγκαῖον
2476 5407 2616 5480 ὑπὲρ
2653 5409 2751 5480 τὴν
2800 5408 2957 5480 ἀξίαν
3011 5407 3180 5480 αὖτὴν
3237 5407 3460 5480 τιμήσῃ
3497 5407 3571 5462 se”
3605 5412 3719 5464 τῶν

443 5473 706 5564 είπέμοι,
733 5483 832 5564 τὸν.
860 5484 958 5564 μξρ
986 5483 1213 5564 οὐρανὸν
1227 5473 1467 5564 ,φαιδρὸν
1490 5476 1588 5564 καὶ
1606 5473 2030 5564 »ἀπηρτισμένον
2128 5473 2435 5564 ἀνθρώπων
2459 5473 3027 5564 γέζδοςηδέίκνυσίησοι
3057 5473 3227 5564 aia-Ei}?
3248 5473 3719 5564 πρρτεβονρμόρ-

444 5544 760 5623 παρήγαγε,
782 5544 881 5683 1:23)
909 5554 966 5607 δὲ
1006 5544 1108 5624 γῆν
1132 5544 1460 5630 ἀμόρφωτον
1487 5544 1730 5627 ἔδειξενέ

517 5630 594 5683 lu)
631 5627 817 5683 Τράξτε
848 5641 904 5677 a.
957 5624 1029 5677 Ita
1074 5625 1371 5683 PlOCliplllS
1415 5624 1649 5683 mutavit
1694 5617 1729 5669 ll

517 5612 904 5691 (uj'Tdejzafa.
957 5612 1030 5677 Ιιςί
1066 5612 1371 5690 Ῥιοέιῴῐιιε
1415 5619 1649 5691 ululavit
1694 5617 1783 5691 illa
1821 5612 2022 5691 _Chry-

445 5684 677 5765 sostomi
706 5684 1061 5765 :_"EEcOtﬁc
1103 5684 1621 5765 (yﬁgfapecpdjtsﬁa,
1659 5684 1888 5742 καὶτῶν
1925 5702 2021 5755 μυ-

445 5764 579 5836 ρίων
614 5763 836 5835 ἀγαθῶν
864 5764 930 5820 δι’
970 5760 1144 5836 αὐτῆς
1166 5760 1535 5831 ἀπολαύομεν.

324 5948 393 5965 λιεγ

340 5974 369 5993 ἱ.

362 6016 491 6043 τι..-

498 6068 521 6081 Ar-
594 6068 609 6081 η

2130 5547 2444 5621 φῳτονμκαλ.
2473 5547 2885 5621 ἀδιατύπωτον·
2924 5549 3009 5621 ἵνα
3045 5549 3121 5621 μὴ
3161 5547 3227 5621 τῇ
3258 5547 3720 5621 κεύσεὶψτῆςίγῆς

2128 5619 2228 5702 τὰς
2278 5616 2337 5697 eg
2373 5618 2545 5703 αςιτῇς
2593 5619 2912 5703 εὐεργεσίας
2959 5616 3174 5693 λογίσῃ.
3202 5616 3357 5703 ’ἀλλὰ
3391 5618 3470 5690 τῷ
3510 5616 3720 5691 ταύτην

2131 5690 2195 5742 ἐκ
2232 5688 2329 5742 τοῦ
2373 5689 2450 5759 μὴ
2477 5687 2629 5753 ὄντος
2657 5686 2736 5752 εἰς
2770 5689 2832 5743 τὸ
2859 5686 3000 5745 εἶναι
3031 5686 3432 5763 παραγαγόντι.
