3922 6230
336 296 406 361 47
1653 299 1904 361 ΡΗΟΕΟῘ

2042 302 2285 365 ΟΑΖῈΙ
2520 316 2527 325 ”
2659 342 2668 374 .
3254 378 3262 391 ν
3525 328 3595 394 48

340 409 462 463 loco
496 404 806 477 signiﬁcare
849 418 1029 460 aerem
1089 405 1173 460 vel
1204 411 1452 461 ventum.
1486 403 1553 459 At
1588 421 1793 476 quare,
1828 409 1904 462 in-

2019 413 2231 485 Γραφή·
2270 415 2344 478 ὡς
2371 412 2464 470 οὖν
2489 416 2562 489 μὴ
2587 417 2712 473 ἄλλο
2737 437 2789 473 τι
2822 419 2971 495 παρὰ
2996 424 3093 497 τὴν
3121 427 3299 486 κτίσιν
3321 431 3484 488 αὐτὸν
3506 436 3595 491 διὰ

339 500 460 571 quit
491 518 504 553 :
534 498 758 566 spiritus
795 496 929 551 Dei?
975 496 1130 567 quasi
1164 511 1294 551 vero
1333 504 1525 551 ctetera
1559 499 1744 552 omnia
1806 515 1913 554 non

339 591 450 646 Deo
503 589 895 643 attribuantur.
948 587 1215 643 Caeterum
1273 602 1368 642 aer
1417 588 1503 642 vel
1552 598 1751 646 ventus
1806 590 1914 647 Deo

336 682 517 752 magis
559 697 721 752 quam
767 682 980 751 reliqua
1024 680 1326 751 congruit,
1369 681 1640 752 siquidem
1688 684 1918 753 reliquis

337 775 629 831 subtilibus
645 773 1033 828 etsubstantiis
1055 773 1399 844 incorporeis
1446 783 1532 828 est
1557 775 1917 845 propinquius

335 867 483 923 istud
517 867 866 921 elementum.
891 863 1186 934 Propterea
1210 866 1392 920 istboe
1421 867 1649 921 nomine
1682 873 1913 930 vocant,

333 968 444 1024 quo
492 966 648 1007 sacra
701 950 992 1021 Scriptura
1039 952 1279 1007 divinam
1334 964 1587 1008 naturam
1641 955 1916 1025 appellare

333 1045 646 1101 consuevit.
672 1042 778 1098 Sed
812 1058 880 1098 ne
912 1043 1035 1114 plus
1064 1059 1227 1114 quam
1254 1044 1410 1100 decet
1440 1046 1550 1100 aeri
1581 1046 1913 1115 tribuamus,

331 1150 572 1206 cumque
594 1135 727 1205 quid
752 1136 1054 1190 increatum
1076 1137 1386 1205 credamus,
1414 1139 1608 1194 merito
1631 1142 1915 1212 subjunin

332 1230 532 1297 Moses,
561 1228 679 1293 Dei,
707 1243 819 1299 quo
850 1219 1094 1291 auctore,
1124 1227 1266 1282 sicut
1294 1236 1348 1283 et
1375 1229 1503 1296 alia,
1533 1246 1689 1286 suam
1723 1247 1914 1289 essen-

329 1323 466 1392 tiam
510 1332 704 1376 nactus
741 1326 844 1374 est.
877 1317 1031 1385 Quod
1063 1333 1193 1374 vero
1233 1333 1341 1374 non
1381 1321 1680 1378 abhorreat
1710 1338 1740 1378 a
1775 1340 1912 1379 con-

331 1413 627 1470 suetudine
666 1409 972 1481 Scriptura:
1004 1425 1185 1467 aerem
1226 1413 1470 1469 vocitare
1503 1415 1748 1483 spiritum
1783 1432 1908 1474 cum

331 1506 617 1562 additione
656 1503 954 1569 dictionis,
991 1501 1126 1570 Dei,
1163 1504 1422 1559 audiatur
1454 1505 1629 1561 David
1682 1507 1751 1563 de
1785 1523 1913 1566 aere

329 1609 387 1659 et
435 1601 559 1658 aliis
606 1614 729 1671 qua:
774 1600 832 1654 in
880 1598 987 1653 hoc
1028 1598 1300 1653 elemento
1344 1598 1575 1669 produci
1626 1600 1907 1668 assolent,

326 1697 610 1757 disserens
644 1713 659 1751 :
699 1714 718 1747 ι
755 1693 877 1766 Ipse
908 1693 1002 1748 dat
1033 1693 1212 1750 nivem
1245 1693 1393 1749 sicut
1423 1695 1641 1762 lanam,
1669 1703 1721 1751 et
1757 1697 1911 1767 prui-

327 1809 454 1850 nam
497 1793 647 1849 velut
697 1790 940 1847 favillam
974 1790 1182 1861 spargit
1207 1792 1248 1824 ι’
1285 1809 1298 1846 :
1353 1791 1574 1863 projicit
1616 1794 1765 1849 velut
1796 1795 1909 1849 fra-

328 1892 547 1955 gmenta
578 1884 809 1956 glaciem
841 1897 995 1938 suam
1022 1884 1090 1943 ’°,
1116 1901 1136 1935 ι
1170 1891 1279 1939 ctc.
1312 1882 1377 1937 Et
1411 1884 1607 1940 iterum
1646 1901 1660 1940 :
1699 1902 1718 1936 ι
1755 1886 1910 1942 Facit
1940 1921 1981 1976 Β

324 1976 463 2033 ﬂare
489 1986 713 2033 ventum
752 1990 937 2041 suum,
969 1983 1026 2030 et
1059 1973 1230 2031 fluent
1264 1977 1537 2047 aquae“.o
1579 1976 1697 2033 Non
1740 1979 1908 2050 igitur

324 2087 394 2129 ex
439 2072 528 2129 bis
571 2088 722 2127 nunc
761 2076 1015 2142 apparet,
1059 2070 1314 2141 spiritum
1357 2071 1659 2142 aliquando
1700 2073 1809 2128 dici
1850 2074 1906 2129 in

328 2163 618 2234 Scriptura
652 2176 834 2217 aerem
859 2199 876 2227 ,
909 2160 1207 2231 aliquando
1234 2175 1368 2215 vero
1400 2168 1658 2226 ventum,
1692 2162 1784 2233 qui
1819 2172 1906 2219 est

324 2269 465 2324 opus
493 2251 610 2319 Dei,
639 2260 695 2308 et
724 2251 1032 2307 secundum
1064 2250 1233 2322 hujus
1260 2252 1598 2306 voluntatem
1632 2261 1901 2319 movetur,

323 2356 380 2403 et
412 2347 576 2412 talia,
614 2345 798 2416 qualia
832 2343 1015 2400 Moses
1049 2351 1327 2410 recenset,
1361 2343 1566 2398 ellicit?
1590 2342 1784 2400 Visum
1818 2355 1903 2402 est

322 2438 656 2511 quibusdam
685 2437 943 2508 spiritum
974 2433 1067 2490 Dei
1096 2436 1199 2489 hoc
1228 2426 1351 2490 loco
1376 2436 1689 2506 nuncupari
1713 2452 1904 2508 opera-

324 2531 531 2588 tionem
578 2539 633 2587 ct
678 2528 973 2586 efﬁcaciam
1020 2528 1139 2595 Dei,
1178 2542 1302 2599 qua:
1351 2527 1495 2611 fovet
1536 2536 1591 2583 et
1634 2529 1904 2599 gubernat

2021 506 2194 597 ταῦτα
2236 508 2550 579 νομίσωμεν
2576 507 2718 566 εἶναι
2739 554 2753 581 ,
2794 516 3151 585 προστέθεικε
3180 523 3242 576 τὸ
3263 566 3278 591 ,
3312 526 3490 581 Θεοῦ·
3534 529 3594 597 ἐξ

2019 591 2192 669 οὗπερ
2220 600 2419 670 ὁμοίως
2455 604 2568 664 τοῖς
2610 602 2791 667 ἄλλοις
2820 606 3056 675 ἐγένετο.
3087 611 3208 667 Ὀτι
3257 614 3313 670 δὲ
3363 591 3594 691 σύνηθες

2014 691 2081 760 τῇ
2120 690 2307 763 Γραφῇ
2356 691 2596 767 καλούσῃ
2640 697 2877 768 πνεῦμα
2918 700 3008 755 τδν
3053 703 3195 776 ἀέρα
3241 690 3593 779 προστιθέναι

2014 781 2114 874 την
2143 781 2290 836 Θεοῦ
2341 785 2526 854 φωνήν
2550 825 2565 851 ,
2598 786 2803 855 ἐδίδαξε
2834 791 2926 844 καὶ
2954 792 3123 848 Δαϐὶδ
3150 797 3277 867 περὶ
3310 799 3405 853 τοῦ
3430 802 3592 874 ἀέρος

2015 871 2190 939 λέγων
2213 874 2306 928 καὶ
2332 875 2441 928 τῶν
2473 877 2531 932 ἐν
2562 878 2711 950 αύτῷ
2733 882 2876 936 κατὰ
2899 882 3183 939 ἀλλοίωσιν
3212 889 3322 961 ὅρῳ
3346 891 3473 964 θείῳ
3500 871 3590 963 ιρι-

2014 963 2248 1020 λούντων
2318 968 2659 1039 συμϐαίνειν·
2718 990 2736 1024 t
2781 973 2889 1028 Τοῦ
2935 976 3168 1043 διδόντος
3213 987 3368 1050 χιόνα
3422 963 3589 1039 αὑτοῦ

2011 1057 2143 1112 ὡσεὶ
2169 1057 2335 1130 ἔριον,
2370 1060 2603 1131 ὁμίχλην
2628 1061 2761 1116 ὡσεὶ
2792 1066 2986 1121 σποδὸν
3026 1070 3343 1139 πάσσοντος,
3374 1074 3594 1146 βάλλονο

2011 1166 2104 1213 τος
2153 1148 2489 1221 κρύσταλλον
2537 1154 2700 1207 αὑτοῦ
2742 1155 2875 1209 ὡσεὶ
2928 1156 3178 1229 ψωμούς·
3215 1182 3234 1215 ι
3268 1167 3364 1221 καὶ
3401 1170 3587 1237 πάλιν,

2021 1258 2040 1292 ι
2076 1241 2372 1298 Πνεύσεται
2396 1243 2457 1297 τὸ
2493 1245 2710 1317 πνεῦμα
2735 1248 2901 1303 αὐτοῦ
2932 1253 3025 1305 καὶ
3078 1254 3339 1326 ρυήσεται
3367 1263 3434 1317 τά
3462 1262 3590 1317 ὓδα-

2013 1349 2102 1387 τα.
2145 1351 2163 1385 ι
2201 1333 2412 1388 Οὐκοῦν
2440 1334 2502 1388 τὸ
2533 1336 2752 1408 πνεῦμα
2788 1339 2846 1393 ἐν
2876 1343 2990 1405 τοῖς
3021 1344 3286 1410 τοιούτοις
3310 1349 3444 1403 ποτὲ
3486 1353 3591 1420 μὲν

2010 1423 2103 1478 τὸν
2167 1424 2306 1497 ἀέρα
2325 1466 2340 1493 ,
2374 1427 2505 1481 ποτέ
2532 1427 2588 1482 δέ
2622 1430 2878 1501 σημαίνει
2901 1431 2992 1486 τὸν
3014 1434 3235 1507 ἄνεμον,
3267 1437 3427 1509 ἔργον
3457 1442 3591 1497 ὄντα

2011 1517 2105 1572 τοῦ
2138 1518 2273 1573 Θεοῦ
2313 1520 2405 1574 καὶ
2430 1520 2571 1575 κατὰ
2599 1522 2698 1594 τὴν
2724 1523 2949 1595 γνώμην
2980 1528 3145 1582 αὐτοῦ
3186 1532 3502 1603 κινούμενόν
3531 1554 3590 1591 τε

2010 1610 2106 1664 καὶ
2143 1610 2366 1665 τοιαῦτα
2399 1611 2532 1685 δρᾷν
2557 1614 2809 1669 είωθότα.
2844 1616 3031 1685 Ἔδοξε
3065 1620 3123 1674 δέ
3148 1637 3285 1688 τισι,
3323 1624 3419 1679 καὶ
3447 1626 3591 1680 Θεοῦ

2011 1701 2232 1775 πνεῦμα
2251 1703 2350 1775 τὴν
2384 1704 2665 1776 ἐνέργειαν
2699 1708 2895 1773 εἰπεῖν,
2924 1708 3236 1767 Θάλπουσάν
3264 1731 3323 1768 τε
3342 1719 3437 1771 καὶ
3455 1718 3593 1772 διοι-

2012 1796 2213 1851 κοῦσαν
2256 1798 2364 1851 τῶν
2413 1798 2621 1854 ὑδάτων
2657 1800 2756 1872 τὴν
2802 1800 2984 1869 φύσιν·
3041 1804 3187 1869 τινὲς
3229 1806 3288 1860 δέ
3318 1825 3451 1878 φασι
3497 1814 3594 1866 καὶ

2010 1884 2344 1940 αἰνίττεσθαι
2375 1887 2538 1952 εὐθὺς
2567 1889 2674 1943 άπὸ
2714 1891 3024 1964 καταϐολῆς
3058 1893 3265 1966 κόσμου
3291 1897 3388 1968 τὴν
3428 1900 3592 1971 χάριν

2007 1973 2101 2027 τοῦ
2131 1975 2287 2044 ἁγίου
2309 1975 2700 2048 βαπτίσματος.
2737 1981 2830 2035 Διδ
2872 1982 3055 2037 καὶτὸ
3096 1985 3398 2058 καθάρσιον
3431 1993 3591 2061 ἡμῶν

2006 2067 2065 2117 ἐν
2097 2064 2251 2119 ὕδατι
2288 2066 2489 2137 μᾶλλον
2534 2068 2567 2138 ἢ
2600 2070 2776 2141 ἑτέρῳ
2805 2072 3077 2144 στοιχείῳ.
3141 2076 3310 2148 Ἀρχὴ
3354 2079 3462 2151 γάρ
3498 2081 3591 2136 λέ-

2006 2172 2166 2225 γουσι
2186 2157 2280 2211 τοῦ
2311 2158 2516 2228 κόσμου
2540 2159 2600 2212 τὸ
2631 2160 2793 2231 ὕδωρ·
2824 2163 2921 2239 καὶ
2947 2165 3088 2236 ἀρχὴ
3113 2165 3220 2220 τῶν
3245 2168 3593 2238 Εύαγγελίων

2005 2248 2035 2301 ὁ
2089 2248 2379 2321 Ἰορδάνης.
2426 2250 2581 2315 Τινὲς
2633 2250 2783 2306 δὲτὸ
2834 2255 2991 2323 ἅγιον
3028 2256 3258 2328 Πνεῦμα
3295 2262 3591 2332 νοήσαντες

2006 2340 2240 2396 ἐνταῦθα
2265 2341 2543 2411 λέγεσθαι,
2578 2343 2740 2412 ἁγίας
2769 2345 3030 2417 δυνάμεις
3052 2349 3120 2404 τὰ
3150 2349 3316 2405 ὕδατα
3350 2355 3590 2426 παρεδέ-

2008 2434 2189 2501 ξαντο,
2211 2432 2401 2505 ὥσπερ
2434 2435 2529 2488 καὶ
2552 2434 2652 2506 τὴν
2675 2435 2918 2492 ἄϐυσσον
2940 2443 3184 2512 πονηράς
3210 2443 3468 2519 δυνάμεις
3500 2448 3590 2517 ἐιρ’

2005 2521 2084 2581 ὧν
2112 2524 2176 2579 τδ
2205 2525 2396 2587 σκότος
2427 2520 2497 2595 ἦν
2519 2527 2547 2579 ὁ
2579 2526 2847 2591 διάϐολος.

325 2638 594 2696 aquarum
627 2635 903 2680 naturam.
956 2622 1187 2690 Quidam
1218 2622 1509 2693 perhibent
1541 2623 1640 2692 ιι
1698 2625 1881 2680 statim
1914 2642 1944 2681 a
1979 2623 2147 2697 iactis
2188 2619 2380 2675 mundi
2422 2618 2798 2711 fundamentis
2839 2624 3070 2695 gratiam
3103 2629 3251 2686 sacri
3324 2630 3586 2702 baptismi

321 2716 657 2775 denuntiari.
687 2718 829 2772 Hinc
858 2717 1013 2781 lit,ut
1043 2714 1220 2772 nostri
1249 2713 1532 2769 inundatio
1561 2715 1646 2769 vel
1664 2716 1971 2786 puriﬁcatio
1997 2715 2181 2789 potius
2208 2728 2368 2783 aqua,
2394 2726 2556 2782 quam
2585 2713 2696 2768 alio
2726 2718 2922 2785 quovis
2950 2719 3268 2788 perficiatur
3293 2725 3563 2781 elemento

328 2812 671 2884 Principium
739 2810 1007 2882 siquidem
1080 2808 1174 2878 (ut
1210 2807 1500 2879 inquiunt)
1571 2809 1763 2865 mundi
1801 2821 1886 2866 est
1915 2824 2057 2882 aqua
2092 2824 2108 2863 :
2140 2815 2192 2863 et
2252 2806 2583 2878 principium
2641 2806 2948 2880 Evangelii,
3005 2810 3280 2871 Jordanis.
3316 2815 3454 2874 Sunt
3492 2821 3585 2892 qui

327 2903 636 2975 intelligunt
666 2902 770 2959 sub
801 2900 1074 2965 dictione,
1108 2899 1352 2968 spiritus,
1422 2908 1644 2955 sanctas
1712 2903 1989 2970 potentias
2030 2908 2085 2956 et
2131 2898 2391 2965 virtutes,
2451 2899 2915 2969 quemadmodum
2980 2904 3085 2960 sub
3112 2920 3266 2974 voce,
3309 2910 3533 2983 abyssua
3566 2954 3584 2980 ,

326 2998 447 3070 capi
474 2997 697 3050 voluere
758 2992 1099 3059 contrarias,
1162 2990 1366 3061 quibus
1427 2999 1627 3061 praeest
1685 2993 1887 3066 caligo,
1926 3007 2122 3063 nempe
2151 2991 2427 3046 diabolus.
2889 2998 2899 3008 '

394 3112 562 3168 Vens.
596 3111 652 3166 5.
681 3109 927 3181 Dixitque
949 3107 1119 3164 Deus:
1154 3106 1282 3163 Fiat
1301 3108 1417 3174 tum,
1442 3116 1493 3163 et
1512 3108 1658 3178 facta
1677 3118 1755 3163 est
1776 3107 1892 3162 lux.

2068 3105 2178 3162 Καὶ
2203 3102 2372 3160 εἶπεν
2404 3108 2439 3160 ὁ
2471 3108 2636 3174 Θεός·
2684 3109 3007 3181 Γενηθήτω
3046 3112 3191 3183 φῶς,
3220 3118 3317 3175 καί
3341 3120 3585 3192 ἐγένετο

317 3201 440 3259 Νοη
489 3210 574 3258 est
615 3207 674 3255 ut
705 3200 1024 3264 credamus,
1061 3198 1155 3254 Dei
1187 3213 1379 3255 vocem
1428 3198 1902 3254 intercedentibus

310 3294 608 3349 vocalibus
653 3290 877 3362 organis
914 3291 1188 3346 evenisse.
1254 3291 1273 3313 ‘
1334 3289 1545 3346 Divina:
1599 3290 1903 3347 voluntatis

317 3385 409 3442 hic
454 3380 1044 3440 invenitur‘cll‘ectus.
1100 3381 1373 3437 Praeterea
1425 3380 1646 3438 eﬂ‘ectui
1703 3381 1904 3437 divina

318 3477 622 3530 Voluntatis
678 3473 1059 3544 imputandqu
1113 3471 1406 3542 quidquid,
1469 3472 1567 3542 qui
1604 3471 1899 3537 docentur,

317 3568 534 3623 discere
569 3575 825 3636 possunt.
858 3562 975 3619 Huc
1030 3562 1525 3619 accommodentur
1555 3571 1611 3619 ct
1661 3578 1728 3639 ea
1779 3578 1903 3633 quae

319 3661 444 3730 quis
476 3675 575 3730 pro
608 3658 814 3730 ingenii
867 3656 954 3713 sui
1004 3656 1278 3721 viriculis,
1309 3656 1523 3711 clarius
1572 3662 1626 3711 et
1661 3655 1903 3710 lucidius

318 3757 573 3826 accipere
605 3754 768 3818 valet,
807 3751 1113 3806 secundum
1160 3749 1459 3804 ellicaciam
1509 3749 1774 3804 divinam.
1823 3746 1903 3803 Ex

316 3848 405 3904 his
451 3849 639 3917 itaque
668 3846 864 3915 liquet,
908 3841 1005 3898 Dei
1041 3840 1407 3897 dialectorum
1440 3838 1710 3912 quasdam
1738 3838 1902 3893 altio-

316 3954 428 4004 res,
461 3936 726 4006 quasdam
761 3932 996 4000 medias,
1042 3932 1310 4003 quasdam
1347 3946 1481 3986 vero
1518 3931 1790 3986 exsistere
1818 3930 1903 3985 in-

316 4031 572 4086 feriores.
606 4027 714 4082 Deo
758 4027 1078 4096 neutiquam
1104 4039 1243 4081 voce
1276 4038 1416 4094 npus
1446 4032 1527 4079 est
1553 4041 1569 4077 :
1600 4022 1802 4080 sullicit
1849 4022 1902 4078 ei

317 4135 419 4177 sua
478 4120 759 4175 voluntas.
814 4115 971 4181 Nam,
1023 4124 1081 4170 ut
1122 4122 1413 4169 attestatur
1444 4112 1636 4179 David,
1693 4133 1711 4165 ι
1751 4128 1905 4184 (μιαι-

316 4226 537 4283 cunque
594 4208 787 4272 voiuit,
815 4207 947 4263 fecit
975 4207 1042 4261 ³⁸.
1086 4225 1105 4258 ι
1141 4205 1223 4260 Ad
1258 4205 1406 4259 inure
1460 4204 1646 4274 itaque
1680 4204 1903 4259 modum

317 4316 538 4374 semper
562 4297 844 4371 capiendae
873 4308 997 4354 sunt
1021 4298 1072 4352 in
1095 4296 1376 4368 Scriptura
1396 4311 1553 4351 sacra
1576 4296 1694 4350 ista:
1716 4297 1904 4351 formae

314 4395 534 4452 dicendi
567 4413 581 4450 :
614 4392 850 4448 Locutus
880 4399 958 4445 est
994 4388 1271 4452 Dominus,
1297 4386 1451 4441 Dixit
1485 4386 1765 4452 Dominus,
1787 4395 1894 4443 etc.

315 4488 408 4544 Sic
441 4485 634 4560 procul
672 4483 841 4539 dubio
873 4489 928 4538 et
965 4483 1267 4536 dannones.
1295 4477 1477 4535 Prima
1512 4476 1605 4532 Dei
1635 4494 1737 4532 vox
1773 4493 1895 4532 om-

2003 3197 2152 3268 φῶς.
2186 3197 2324 3252 Θεοῦ
2352 3199 2537 3269 φωνὴν
2574 3200 2648 3272 μὴ
2676 3200 2765 3255 διὰ
2795 3204 3123 3275 φωνητικῶν
3149 3210 3396 3279 ὀργάνων
3425 3231 3582 3285 γενο-

2006 3289 2175 3359 μένην
2203 3288 2507 3360 νοήσωμεν.
2533 3289 2669 3343 Θεοῦ
2713 3291 2891 3347 τοίνυν
2922 3295 3140 3365 ναητέον
3166 3301 3349 3373 φωνὴν
3386 3303 3483 3376 τὴν
3522 3308 3586 3362 ἐν

2003 3377 2082 3449 τῷ
2112 3377 2380 3450 Θελήματι
2425 3379 2618 3451 ῥοπὴν,
2655 3381 2833 3435 καὶτὸ
2859 3386 2971 3449 τοῖς
2994 3386 3400 3461 διδασκομένοις
3437 3400 3583 3453 κατά

2007 3469 2158 3524 οείαν
2214 3470 2503 3542 ἐνέργειαν
2559 3470 2989 3546 ἐντυπούμενον,
3046 3480 3143 3534 καὶ
3204 3481 3303 3553 τὴν
3355 3486 3419 3539 ἐκ
3482 3491 3576 3543 τοῦ

2004 3562 2149 3617 θείου
2185 3564 2493 3636 Θελήματος
2539 3558 2778 3621 διάδοσιν
2811 3568 2893 3631 είς
2927 3568 2988 3622 τὸ
3027 3569 3327 3643 δυνάμενον
3374 3576 3579 3650 ταύτης

2003 3653 2382 3722 αἰσθάνεσθαι,
2427 3655 2708 3725 ἀναλόγως
2760 3660 2859 3729 τῆς
2899 3659 3132 3715 ἑκάστου
3186 3668 3580 3735 καταστάσεως

2002 3745 2104 3818 τῆς
2126 3746 2411 3819 ἐνεργείας
2447 3748 2810 3818 ἐγγινομένης
2856 3753 3181 3826 τρανότερόν
3214 3772 3274 3810 τε
3311 3759 3406 3812 καὶ
3434 3761 3580 3831 ἀμυ-

2003 3837 2283 3910 δρότερον,
2317 3838 2392 3902 ὡς
2427 3836 2567 3893 εἶναι
2591 3838 2728 3893 Θεοῦ
2762 3841 3074 3911 διαλέκτους
3112 3845 3451 3921 ὑψηλοτέρας
3483 3855 3578 3906 καὶ

2007 3932 2179 4002 μέσας
2207 3931 2301 3985 καὶ
2343 3930 2682 3995 τελευταίας·
2729 3931 2862 3996 Θεὸς
2913 3934 3023 4006 γὰρ
3058 3938 3120 3990 οὺ
3163 3937 3333 3993 δεῖται
3366 3943 3577 4012 φωνῆςν

2004 4018 2279 4092 ἀρκούσης
2304 4018 2455 4090 αύτῷ
2483 4020 2583 4092 τῆς
2615 4020 2946 4093 βουλήσεως·
2979 4025 3123 4080 κατὰ
3175 4026 3284 4100 γὰρ
3315 4030 3405 4084 τὸν
3432 4031 3582 4087 θεῖον

2003 4110 2185 4176 Δαὸὶδ,
2220 4128 2241 4163 t
2279 4111 2462 4166 Πάντα
2496 4111 2597 4165 ὅσα
2623 4111 2889 4184 ἠθέλησεν
2932 4115 3183 4188 ἐποίησε.
3217 4137 3236 4171 ι
3291 4121 3401 4175 Καὶ
3433 4122 3583 4179 οὕτω

2004 4201 2222 4272 νοητέον
2247 4202 2336 4256 ἀεὶ
2357 4202 2440 4268 τὸ,
2463 4198 2669 4270 Εἶπεν,
2700 4204 3134 4274 καὶ,Ἑ.1ά.ιησε
3156 4210 3393 4278 Κύριος.
3421 4215 3581 4269 Οὖτω

2004 4290 2144 4363 τάχα
2182 4293 2278 4346 καὶ
2307 4291 2583 4363 δαίμονες·
2619 4293 2811 4366 πρώτη
2836 4295 2893 4348 δέ
2924 4296 3060 4351 Θεοῦ
3096 4303 3247 4373 φωνὴ
3282 4304 3459 4372 φωτὸς
3507 4308 3580 4361 τὰ,

2006 4383 2184 4438 πάντα
2216 4383 2569 4454 πεπλήρωκε·
2604 4385 2698 4437 καὶ
2725 4385 2981 4458 τοιαύτην
3011 4388 3107 4442 τοῦ
3143 4392 3318 4459 φωτὸς
3343 4393 3442 4465 τὴν
3475 4397 3578 4464 φύ-

2004 4490 2089 4527 σιν
2128 4472 2435 4543 ύπέστησεν
2483 4473 2558 4536 ὡς
2603 4474 2807 4537 παντὸς
2860 4478 3131 4547 νοήματος
3183 4479 3437 4555 ὀξύτερον
3485 4485 3577 4542 διὰ

312 4581 402 4634 nia
440 4577 669 4650 replevit
714 4576 859 4641 luce,
896 4572 1059 4642 cujus
1117 4572 1233 4626 haec
1290 4569 1392 4625 fuit
1428 4578 1647 4636 natura,
1688 4576 1748 4623 ut
1796 4582 1900 4623 sua

2006 4564 2217 4619 πάντων
2268 4566 2468 4636 χωρεῖν
2521 4564 2617 4617 καὶ
2663 4563 2997 4636 διέρχεσθαι.
3052 4571 3148 4626 καὶ
3198 4574 3433 4644 μάλιστα
3462 4578 3579 4631 τῶν

314 4672 522 4727 virtute
576 4668 816 4724 celerius
870 4663 1023 4720 omni
1090 4663 1429 4732 cOgilatione
1488 4660 1793 4732 penetrarit
1841 4673 1897 4715 et

2006 4655 2335 4726 λεπτοτέρων
2364 4673 2425 4708 τε
2456 4656 2547 4708 καὶ
2576 4656 2876 4727 διαφανῶν,
2901 4661 3063 4716 ὁποία
3090 4662 3182 4717 τοῦ
3230 4665 3393 4739 ἀέρος
3420 4670 3452 4741 ή
3475 4670 3578 4739 qui-

312 4761 679 4835 permeaverit
712 4757 922 4823 omnia,
959 4756 1016 4811 in
1065 4754 1261 4826 primis
1303 4762 1493 4808 tamen
1542 4753 1799 4807 tenuiora
1841 4762 1896 4807 et

2006 4765 2104 4812 τις,
2154 4745 2328 4818 ἀρχὴν
2361 4748 2496 4818 ὁμοῦ
2538 4749 2635 4803 καὶ
2687 4750 2860 4823 πέρας
2889 4752 2993 4806 ὑπὸ
3022 4755 3153 4826 μίαν
3201 4760 3575 4831 φωτιζομένου

313 4851 699 4926 pellucidiora,
746 4849 913 4906 sicuti
960 4845 1106 4903 aeris
1154 4855 1375 4900 natura.
1421 4843 1766 4914 Principium
1819 4843 1893 4899 si-

314 4945 429 5002 mul
473 4952 530 5001 et
561 4943 688 4999 linis
726 4957 836 4997 uno
896 4940 1040 4996 lucis
1092 4939 1303 5009 impetu
1362 4946 1495 4994 sunt
1556 4938 1893 5004 illuminata,

316 5054 539 5109 unoque
577 5043 857 5091 momento
888 5034 956 5088 ab
981 5032 1144 5087 initio
1175 5031 1242 5087 ad
1276 5033 1438 5088 linem
1473 5045 1653 5102 usque
1676 5030 1766 5085 lux
1797 5047 1892 5086 ex-

315 5132 514 5185 currit.
554 5127 691 5184 Cum
726 5135 914 5182 autem
941 5131 1157 5180 crearet
1191 5123 1394 5179 cmlum
1419 5134 1474 5180 et
1503 5135 1729 5186 terram,
1766 5123 1893 5176 nul-

316 5222 425 5275 lam
460 5221 646 5276 emisit
675 5234 892 5275 vocem.
941 5213 1197 5271 Nondum
1246 5216 1393 5270 enim
1447 5213 1668 5270 formati
1710 5221 1891 5281 erant,

318 5309 412 5380 qui
439 5308 627 5365 divina
667 5325 804 5365 voce
845 5315 899 5381 et
943 5307 1143 5363 instrui
1178 5317 1231 5361 et
1260 5302 1774 5362 doceri/debebant.
1823 5307 1893 5359 At

322 5403 452 5468 post
482 5397 606 5452 cteli
646 5405 701 5450 et
732 5404 892 5451 terra:
942 5394 1279 5451 Creatiouem
1332 5394 1578 5448 condidit
1626 5391 1893 5464 angelos:

321 5500 462 5556 quos
499 5500 625 5540 cum
660 5487 822 5541 vellet
851 5487 1072 5549 docere,
1115 5500 1175 5541 se
1207 5492 1262 5541 et
1290 5499 1539 5556 Ipsorum
1583 5499 1709 5540 esse
1742 5498 1896 5538 crea-

391 5720 432 5754 ¹⁹
467 5728 612 5784 Psal.
644 5743 823 5784 cum
847 5766 860 5792 ,
897 5727 996 5784 lli.

2002 4840 2202 4913 ῥοπήν.
2237 4840 2478 4910 Ποιήσας
2508 4839 2567 4894 δὲ
2612 4841 2704 4896 τὸν
2733 4843 2961 4915 οὐρανὸν
2990 4847 3085 4900 καὶ
3119 4849 3219 4920 τὴν
3257 4851 3385 4923 γῆν,
3422 4855 3576 4909 οὐδε-

2004 4932 2135 5003 μίαν
2186 4931 2366 5002 ἀφῆκε
2410 4934 2617 5004 φωνήν·
2659 4934 2781 4989 οὐδὲ
2814 4936 2924 5008 γάρ
2973 4925 3119 5010 ἦσαν⁵
3158 4943 3213 4995 οἱ
3242 4943 3333 4998 διὰ
3367 4946 3577 5018 ταύτης

1998 5023 2303 5093 ὀφείλοντες
2326 5024 2766 5080 ἐκπαιδεύεσθαι.
2800 5027 2958 5082 Μετὰ
2992 5029 3097 5098 ίτοῦ
3133 5033 3366 5104 ούρανοῦ
3395 5038 3452 5092 δὲ
3479 5042 3577 5094 καὶ

1996 5117 2097 5188 τῆς
2117 5115 2241 5186 γῆς,
2268 5116 2503 5180 καὶτοὺς
2527 5115 2798 5185 ἀγγέλους
2816 5121 3180 5191 παραγαγὼν,
3211 5122 3332 5182 εἷτα
3348 5130 3575 5185 παιδεῦ-

2001 5227 2092 5264 σαι
2105 5208 2325 5272 τούτους
2341 5207 2687 5295 βουλόμενος,
2701 5209 2777 5275 ὡς
2790 5211 2884 5265 καὶ
2895 5214 3076 5270 αὐτῶν
3086 5216 3203 5272 ἐστι
3217 5219 3571 5294 δημιουργὸς,

2005 5301 2079 5371 μή
2107 5314 2237 5353 ποτε
2266 5297 2591 5369 αὐτομάτως
2633 5300 2937 5368 ὑφεστάναι
2965 5305 3254 5377 νομίσωσι,
3281 5310 3381 5382 τὴν
3434 5316 3575 5383 μετά

2000 5392 2175 5445 ταῦτα
2219 5391 2400 5443 πᾶσαν
2434 5389 2611 5444 κτίσιν
2653 5395 2805 5464 φωνῇ
2837 5394 3009 5450 ποιῶν
3036 5399 3428 5457 ἐπιδείκνυται·
3462 5405 3581 5459 τῶν
3658 5406 3661 5409 ’

1978 5481 2398 5553 ’παραχθέντων
2429 5480 2528 5553 τὴν
2577 5480 2939 5557 διακόσμησιν
2989 5491 3047 5543 ἐν
3103 5490 3290 5563 ὄψεσιν
3344 5495 3575 5551 ἐκείνων

1200 5732 1245 5764 ³⁸
1287 5732 1420 5787 ibid.
1456 5730 1536 5787 l'l.
1577 5726 1872 5783 “ibidJB.
1915 5735 1959 5768 ’ί
1990 5732 2132 5789 Psal.
2174 5749 2340 5803 cxm,
2389 5737 2441 5792 ὃ.
