3922 6230
247 383 298 445 49
1267 378 1807 442 COMMENTARII
1841 378 1923 438 ΙΝ
1961 376 2296 438 GENESIN

3369 378 3440 440 50

249 496 526 566 ποιούμενος,
554 494 698 548 ὥστε
734 495 974 567 ὁρῶντας
1026 496 1135 549 τῶν
1182 496 1320 567 μετᾶ
1358 496 1534 551 ταῦτα
1567 512 1752 564 γιγνο-

1881 480 2055 556 οτειιῖ,
2092 506 2161 546 ne
2201 489 2431 544 fortuito
2480 503 2541 545 se
2592 489 2912 547 substitisse
2966 490 3281 555 crederent,
3316 505 3439 545 om-

250 588 384 660 μένων
410 588 498 658 τὴν
523 587 883 658 παραγωγὴν,
926 586 1115 657 σαφῶς
1142 588 1356 659 μαθεῖν,
1382 588 1457 652 ὼς
1493 588 1522 640 ό
1550 587 1758 641 τούτων

248 678 427 749 ποιητὴς
452 679 540 734 καὶ
567 680 749 732 αὐτῶν
782 681 899 733 ἐστι
951 680 1302 751 δημιουργὸς,
1346 680 1629 752 βουληθεὶς
1661 679 1760 750 μό-

246 790 311 825 νον
333 773 411 824 καὶ
433 770 783 842 παραγαγὼν,
835 771 910 835 ὡς
937 770 1174 824 ἐνταῦθα
1198 774 1264 843 τῇ
1311 773 1461 843 φωνῇ
1491 771 1552 823 τδ
1600 770 1760 842 ἔργον

247 863 690 935 παρηκολούθησεν.
722 862 895 917 Τοῦτο
926 865 1020 918 καὶ
1049 864 1213 930 αὐτὸς
1250 866 1279 919 ό
1325 864 1457 928 Θεὸς
1488 862 1760 934 δεδήλωκε

246 955 347 1023 πρὸς
370 954 449 1007 τὸν
470 955 736 1025 μακάριον
757 954 934 1023 λέγων
963 954 1106 1008 ’ῐώ6’
1136 975 1154 1008 ι
1190 956 1322 1009 ’Ὅτε
1348 955 1567 1008 ὲποίουν
1586 954 1763 1024 ἄστρα

152 1080 153 1085 η
249 1046 406 1115 ᾔνεσαν
434 1062 496 1114 με
528 1045 731 1110 πάντες
778 1047 1001 1116 ἄγγελοί
1047 1064 1169 1119 μου.
1208 1068 1228 1101 ι
1268 1046 1504 1119 Εὔδηλον
1533 1046 1643 1116 γὰρ
1687 1046 1764 1110 ὡς

245 1138 346 1206 ὅπερ
370 1137 448 1189 ἐπὶ
470 1135 576 1189 τῶν
628 1136 870 1208 ἀστρων,
918 1137 1010 1190 ἐπὶ
1063 1138 1173 1192 τῶν
1214 1132 1433 1193 πάντων
1486 1137 1763 1209 ἐπλήρουν

244 1227 325 1279 τῶν
350 1227 653 1295 γεγονότων,
711 1229 1143 1299 ἐκπληττόμενοι
1199 1229 1298 1300 μὲν
1350 1229 1419 1283 τά
1473 1229 1762 1299 γινόμενα,

244 1316 557 1387 θαυμάζοντες
592 1318 649 1371 δὲ
687 1318 762 1383 ὡς
796 1319 914 1389 ἅμα
940 1321 1007 1392 τῇ
1045 1323 1194 1392 φωνῇ
1248 1322 1543 1393 παρῄεσαν
1585 1306 1765 1375 οὐσίαι

247 1410 302 1479 μὴ
327 1411 567 1481 πρότερον
596 1407 774 1466 οὖσαι.
803 1412 959 1476 Τινὲς
984 1413 1042 1467 δὲ
1072 1413 1154 1477 τὸ,
1186 1409 1490 1484 alitem-pec
1524 1413 1613 1467 τὸν
1638 1412 1766 1466 Υίδν

243 1504 310 1555 καὶ
334 1502 480 1571 Λόγον
511 1504 667 1573 φασὶ,
711 1504 836 1558 καθ’
863 1504 958 1569 οῦς
988 1506 1226 1574 ἄπορον,
1256 1504 1374 1570 πῶς
1401 1506 1449 1558 εί
1471 1507 1564 1559 καὶ
1603 1505 1768 1576 ούρα-

244 1593 307 1655 νὺς
343 1596 424 1647 καὶ
453 1595 520 1666 γῆ
569 1595 670 1649 καὶ
695 1597 876 1652 πάντα
912 1598 1101 1667 γέγονε
1132 1598 1199 1652 δι’
1231 1599 1417 1663 αὐτοῦ,
1454 1597 1528 1670 μὴ
1555 1597 1647 1678 καὶ
1678 1596 1767 1650 ἐπ’

242 1679 382 1735 αὐτῶν
403 1686 571 1738 κεῖται
599 1685 682 1750 τὸ,
716 1682 869 1740 εἶπε.
899 1685 1047 1759 Πλὴν
1077 1688 1231 1742 οὐδὲν
1264 1687 1465 1743 κωλύει
1500 1686 1767 1757 πρότερον

243 1771 313 1841 μὲν
352 1778 511 1846 σιωπῇ
532 1776 603 1829 δι’
627 1776 760 1830 Υίοῦ
794 1777 966 1832 ταῦτα
1005 1779 1386 1851 πεποιηκέναι,
1420 1778 1515 1832 νῦν
1539 1778 1597 1832 δὲ
1628 1777 1766 1850 πρὸς

1861 597 1983 638 nem
2019 591 2342 650 sequentem
2374 584 2712 637 creationem
2747 583 3066 640 interventu
3102 584 3254 640 vocis
3282 598 3444 654 pere-

1860 675 1941 745 git
1974 675 2029 729 in
2079 675 2304 729 illorum
2353 682 2681 746 conspectu.
2721 676 2904 744 Quare
2945 686 3127 732 autem
3183 674 3326 730 hoc?
3374 672 3445 731 Ut

1861 767 2266 837 conspicientes
2291 782 2483 822 eorum
2511 783 2635 838 quae
2668 783 2994 824 successere
3028 768 3441 831 formationem,

1861 857 2165 914 manifesto
2187 867 2589 931 cognoscerent
2622 858 2790 913 Deum
2822 858 2987 912 etiam
3006 858 3257 929 ipsorum
3286 872 3445 912 crea-

1863 952 2030 1006 tiunis
2090 964 2215 1006 esse
2263 957 2572 1015 auctorem,
2632 958 2685 1004 et
2723 948 2871 1019 quod
2922 948 2991 1004 ab
3050 950 3168 1020 ipso
3226 949 3336 1005 sint
3386 949 3442 1004 in

1861 1042 2159 1099 essentiam
2183 1042 2466 1112 producti,
2499 1040 2906 1097 interveniente
2938 1041 3055 1097 sola
3091 1039 3213 1110 ejus
3246 1040 3444 1094 volun-

1864 1143 1995 1199 tate,
2030 1135 2085 1188 in
2118 1149 2278 1204 quem
2317 1147 2525 1187 morem
2570 1140 2627 1187 et
2662 1138 2859 1187 caetera
2912 1148 3068 1188 suam
3106 1131 3441 1187 creationem

1864 1227 2139 1282 invenere.
2173 1222 2228 1277 id
2262 1224 2333 1279 ita
2359 1239 2418 1279 se
2451 1223 2676 1286 habere,
2705 1223 2914 1279 diserte
2939 1221 3082 1279 Deus
3111 1223 3230 1293 ipse
3256 1229 3446 1277 osten-

1865 1310 1947 1366 dit
1973 1312 2027 1366 in
2060 1307 2146 1365 his
2169 1309 2388 1375 Verbis,
2416 1311 2622 1380 quibus
2654 1312 2954 1383 alloquitur
2978 1309 3174 1367 Jobum
3210 1330 3224 1366 :
3260 1328 3278 1362 ι
3306 1310 3445 1365 Cum

1865 1405 2383 1476 congratularentur
2413 1405 2621 1474 pariter
2653 1405 2825 1461 stella:
2844 1407 3130 1460 matutinae
3155 1404 3227 1458 ".
3266 1423 3283 1457 ι
3319 1402 3446 1476 [Per

1867 1500 2055 1556 stellas
2103 1495 2294 1552 Graeca
2349 1497 2672 1564 translatio,
2735 1513 2901 1568 quam
2956 1498 3206 1569 sequitur
3241 1495 3447 1551 Proco-

1868 1593 2015 1664 pius,
2053 1591 2314 1660 intelligit
2353 1590 2603 1661 angelos,
2651 1606 2815 1662 quam
2859 1606 3049 1646 vocem
3091 1588 3278 1645 Graeca
3322 1605 3447 1645 ver-

1867 1686 1953 1742 sio
1981 1681 2274 1754 continet.]
2326 1680 2476 1737 Satis
2509 1681 2655 1737 enim
2685 1681 2865 1738 cuivis
2914 1682 3125 1737 clarum
3181 1680 3446 1745 arbitror.

1870 1777 2116 1847 angelos,
2168 1789 2295 1844 quae
2333 1773 2563 1831 fecerint
2602 1774 2660 1829 in
2689 1772 2972 1830 creatione
3020 1782 3323 1838 astrorum,
3357 1788 3448 1828 ea-

239 1862 312 1934 τὴν
334 1864 665 1922 διδασκαλίαν
700 1868 809 1923 τῶν
841 1870 1151 1925 ἀκουόντων
1191 1846 1290 1942 τὴν
1322 1871 1505 1942 φωνὴν
1542 1846 1762 1939 γεγονέο

1877 1846 1990 1927 dem
2028 1877 2325 1925 exsecutos
2357 1882 2482 1924 esse
2520 1869 2576 1923 in
2618 1867 2953 1939 reliquorum
2987 1868 3292 1923 creatione.
3335 1864 3450 1921 Ad-

238 1972 318 2010 νιι.
348 1957 412 2010 υύ
438 1957 542 2030 γάρ
598 1959 675 2023 ὡς
724 1959 1008 2029 ἀγνοοῦντι
1047 1964 1076 2016 ὁ
1113 1963 1302 2035 Πατὴρ
1332 1962 1662 2033 διαλέγεται·
1719 1962 1768 2017 εἰ

239 2049 308 2102 καὶ
334 2049 392 2103 τά
435 2051 676 2121 μάλιστά
730 2069 878 2118 τινες
919 2055 1105 2109 ἐκεῖνα
1164 2056 1262 2126 μὲν
1291 2055 1383 2110 τδν
1421 2055 1644 2127 Πατέρα
1674 2072 1772 2109 πε-

237 2140 481 2210 ποιηκέναι
508 2145 664 2213 φασὶ,
695 2143 868 2199 ταῦτα
907 2144 965 2198 δὲ
986 2146 1079 2199 τὸν
1115 2146 1246 2200 Υξὸν
1276 2146 1354 2211 ὡς
1388 2146 1611 2201 ἐκείνων
1637 2146 1773 2201 ὐπο-

235 2229 466 2301 δεέστερα,
513 2236 715 2306 μανίας
741 2236 1101 2307 φθεγγόμενοι
1134 2239 1376 2310 ῥήματα.

1872 1961 2170 2017 miratiene
2194 1960 2342 2016 enim
2374 1959 2611 2031 quadam
2643 1959 2870 2014 insolita
2913 1958 3275 2030 capiebantur
3321 1972 3448 2014 cer-

1868 2060 2089 2121 nentes,
2120 2052 2239 2109 sola
2279 2040 2427 2107 voce'
2460 2050 2856 2117 intercedente,
2877 2050 3017 2106 adeo
3061 2049 3341 2106 mirabiles
3395 2055 3452 2103 et

1869 2145 2104 2201 decoras
2161 2143 2506 2199 substantias
2566 2142 2827 2214 prodire,
2878 2158 3006 2213 quae
3071 2148 3254 2197 tamen
3294 2139 3452 2211 prius

1869 2251 1980 2292 non
2007 2235 2358 2291 exstiterant.
2391 2233 2623 2302 Quidam
2664 2235 2915 2301 verbum,
2943 2234 3102 2299 dixit,
3150 2233 3217 2289 ad
3244 2231 3448 2288 Filium

235 2323 299 2377 vel
329 2322 642 2382 Sermonem
682 2326 958 2397 dirigunt;
1003 2331 1105 2382 ‘at
1161 2329 1465 2385 secundum
1504 2329 1606 2385 hos
1657 2326 1888 2384 dubium
1952 2329 2220 2391 exoritur,
2285 2340 2391 2396 qua
2461 2326 2679 2381 ratione
2722 2325 3005 2389 acciderit,
3055 2340 3180 2380 cum
3266 2322 3451 2377 omnia

236 2429 309 2480 per
334 2414 640 2475 Sermonem
666 2417 807 2474 facta
839 2419 969 2486 sint,
994 2420 1051 2475 in
1076 2423 1598 2479 commemoratione
1655 2419 1953 2477 creationis
2019 2419 2145 2475 caeli
2191 2429 2246 2474 et
2316 2427 2477 2473 terrae
2523 2432 2632 2473 non
2689 2417 2873 2473 addita
2933 2419 3008 2474 sit
3045 2418 3237 2484 dictio,
3275 2416 3441 2471 dixit.

236 2505 551 2576 Verumlhzec
596 2510 874 2568 dubitatio
919 2523 1116 2568 tenues
1171 2514 1452 2569 evanescit
1504 2512 1667 2570 facile
1706 2513 1761 2568 in
1802 2527 1990 2568 auras.
2025 2510 2175 2566 Nihil
2202 2509 2350 2585 enim
2394 2509 2597 2574 obstat,
2637 2509 2771 2580 quin
2803 2510 3006 2566 cmlum
3038 2517 3095 2565 et
3158 2516 3303 2564 terra
3372 2516 3453 2561 tae

236 2599 317 2654 cite
342 2616 429 2670 per
484 2601 812 2659 Sermonem
867 2604 979 2662 sint
1024 2606 1215 2662 effecta
1245 2625 1260 2673 ;
1297 2621 1443 2661 nunc
1489 2614 1694 2671 autem,
1769 2614 1830 2660 ut
1862 2603 2151 2659 audientes
2188 2601 2537 2668 erudiantur,
2565 2602 2883 2659 insenuisse
2915 2617 3123 2657 vocesn.
3148 2598 3257 2657 Nec
3280 2601 3426 2656 enim

237 2704 310 2743 ceu
346 2692 611 2760 ignoranti
666 2694 912 2764 loquitur
962 2693 1145 2751 Pater.
1215 2695 1451 2762 Quidam
1514 2697 1767 2752 tribuunt
1805 2694 1930 2752 caali
1961 2701 2016 2749 et
2045 2701 2208 2749 terrae
2258 2691 2591 2748 creationem
2639 2689 2788 2747 Patri
2845 2710 2860 2747 :

2931 2693 3293 2764 reliquorum,
3391 2699 3451 2747 ut

239 2797 333 2853 qua:
363 2784 543 2840 viliora
574 2793 633 2840 et
660 2787 894 2862 exiliora
915 2789 1051 2856 sint,
1076 2788 1459 2845 formationem
1489 2791 1774 2860 assignant
1810 2786 1975 2853 Filio,
2008 2788 2175 2858 impia
2199 2793 2463 2844 sonantes
2490 2785 2678 2862 verba.

292 2876 380 2929 Kal
398 2873 557 2932 εἶδεν
585 2882 622 2933 ό
654 2879 800 2946 Θεὸς
824 2881 890 2934 τὸ
913 2879 1037 2951 φῶς
1066 2880 1153 2935 ὄτι
1189 2882 1404 2938 καλόν.
1439 2881 1533 2942 Τὸ.
1561 2882 1774 2947 καλὸν,

239 2965 308 3019 ἐπὶ
330 2967 420 3037 τῆς
447 2970 684 3036 κτίσεως
710 2972 812 3026 ούκ
838 2972 1071 3045 αἱσθητῇ
1098 2972 1199 3046 es;
1219 2973 1474 3046 ληπτέονο
1503 2974 1636 3038 Θεδς
1665 2977 1776 3046 γὰρ

236 3058 312 3128 οὐχ
349 3059 511 3127 οὕτως
550 3064 681 3134 ὁρᾷ,
718 3062 919 3132 γνώσει
969 3064 1029 3117 δὲ
1074 3064 1250 3133 οἰκείᾳ
1297 3063 1419 3118 καθ’
1445 3065 1514 3136 ἢν
1545 3066 1774 3121 ἕκαστον

238 3147 367 3221 ἑώρα,
383 3154 439 3205 ού
464 3154 607 3226 πρὸς
638 3154 770 3209 θέαν
795 3154 1011 3220 πάντως
1027 3154 1211 3220 καλὸν,
1227 3156 1362 3227 πρὸς
1384 3156 1441 3210 δὲ
1460 3155 1558 3227 τὴν
1586 3157 1775 3227 χρείαν

1947 2851 2110 2937 Vens:
2151 2881 2205 2936 4.
2240 2878 2309 2934 Et
2338 2879 2469 2935 vidit
2519 2851 2656 2935 θεαί
2701 2879 2870 2933 lucem
2914 2877 3053 2948 quod
3087 2890 3224 2934 esset
3280 2879 3443 2936 bona.

1875 2970 2264 3046 [Septuaginta
2300 2972 2632 3042 interpretes
2677 2972 2797 3026 loco
2828 2971 3096 3027 dictionis
3118 2971 3289 3036 tona,
3334 2973 3454 3027 eol-

1873 3067 2061 3122 locant
2095 3065 2393 3121 dictionem
2433 3064 2677 3134 pulchra,
2704 3079 2869 3134 quam
2894 3065 3293 3133 interpretatur
3317 3064 3453 3121 Pro~

1873 3157 2114 3232 copius.]
2168 3156 2330 3224 Quod
2379 3157 2593 3228 inquit:
2663 3157 2917 3227 pulchra,
2964 3165 3097 3218 etc..
3158 3172 3267 3212 non
3302 3160 3456 3213 acci-

236 3240 310 3312 την
334 3245 539 3313 ἑαυτοῦ,
568 3246 669 3301 καὶ
701 3246 803 3316 τὴν
831 3246 969 3319 πρὸς
997 3247 1064 3302 τὰ
1091 3246 1254 3301 λοιπά
1295 3250 1614 3319 συμφωνίαν
1645 3250 1775 3303 ἀνά-

1882 3250 2142 3321 piendum
2173 3257 2260 3305 est
2301 3249 2588 3320 pulchram
2623 3250 2950 3320 apparuisse
2996 3250 3248 3304 sensibili
3303 3251 3451 3307 visu.

236 3332 379 3401 λογον,
404 3338 470 3391 δι’
506 3341 575 3412 ἢν
599 3341 698 3393 καὶ
720 3339 953 3404 Ἀκύλας
980 3340 1041 3393 τὸ
1074 3340 1198 3394 σὺν
1229 3341 1376 3409 φιλεῖ
1398 3341 1769 3412 προστιθέναι*

234 3427 484 3498 τοιγαροῦν
514 3429 605 3499 ἐφ’
641 3429 874 3484 ἑκάστου
921 3428 1095 3498 λέγων
1138 3429 1221 3482 ὅτι
1253 3414 1437 3494 καλδν,
1470 3429 1555 3483 ὄτι
1600 3428 1787 3484 πάντα·

236 3517 618 3593 συνεπληρώθη,
660 3539 679 3573 ι
715 3521 826 3575 Καὶ
852 3516 980 3587 εἶδε,
1014 3520 1200 3592 φησὶν,
1241 3520 1269 3572 ὁ
1301 3520 1434 3585 Θεὸς
1472 3521 1649 3576 πάντα
1676 3522 1779 3576 ὅσα

234 3607 478 3679 ἐποίησεν,
511 3612 615 3666 καὶ
677 3612 788 3667 ἰδοὺ
823 3613 966 3689 καλὰ
994 3612 1138 3667 λίαν.
1177 3630 1196 3664 ι
1233 3613 1449 3685 Ὥσπερ
1483 3612 1590 3684 γὰρ
1639 3612 1779 3668 λίθοι

235 3700 382 3765 καλῶς
416 3704 775 3772 λαξευθέντες
801 3707 895 3759 καὶ
917 3706 1023 3760 ἀνά
1056 3706 1221 3777 μέρος
1256 3706 1523 3776 κείμενοι,
1551 3706 1646 3759 καὶ
1684 3706 1781 3759 ἀν-

232 3787 444 3859 δριάντος
474 3795 646 3867 μέρη,
678 3795 924 3866 λέγοιντο
961 3797 1065 3866 μὲν
1113 3798 1207 3853 καὶ
1247 3797 1369 3852 καθ’
1400 3797 1575 3852 ἑαυτὰ
1614 3798 1777 3864 καλὰ,

233 3882 271 3933 εί
300 3887 381 3937 καὶ
414 3885 489 3959 μὴ
520 3889 716 3951 πᾶσιν,
751 3888 866 3942 ἀλλ’
898 3884 990 3944 οὖν
1044 3888 1124 3957 τῷ
1172 3890 1436 3961 τεχνικῶς
1463 3889 1775 3962 θεωροῦντι.

231 3970 320 4026 Καὶ
336 3975 552 4046 χάλικες
577 3977 719 4048 γὰρ,
746 3979 794 4032 εἰ
827 3976 923 4031 καὶ⁷
956 3977 1029 4049 μὴ
1060 3977 1182 4031 καθ’
1214 3977 1443 4041 ἑαυτοὺς
1464 3976 1642 4041 καλοὶ,
1662 3975 1781 4029 ἀλλ’

232 4061 305 4116 νῦν
335 4069 464 4135 μετὰ
490 4069 588 4124 τοῦ
621 4068 849 4133 παντὸς,
880 4068 1346 4141 συναρμοσθέντες
1370 4069 1426 4122 δὲ
1468 4068 1608 4139 πρὸς
1644 4068 1780 4122 κάλ-

233 4147 304 4216 k;
329 4156 577 4228 οἰκοδομή
587 4174 760 4229 ματος
788 4158 885 4212 καὶ
910 4156 1005 4212 τοῦ
1035 4159 1151 4222 ἑνὸς
1168 4157 1479 4229 ἀνδριάντος
1495 4158 1668 4228 μείζω
1688 4149 1780 4212 τὸν

232 4238 421 4298 ἔπαινον
464 4247 737 4318 δέχονται,
768 4246 914 4302 οὕτω
974 4246 1068 4301 καὶ
1121 4246 1190 4300 τὰ
1222 4246 1365 4318 μέρη
1399 4246 1497 4316 τῆς
1528 4248 1779 4308 κτίσεως.

231 4330 322 4403 τὴν
342 4337 538 4410 ἀκριϐῆ
569 4339 629 4394 δὲ
659 4339 852 4411 χρείαν
880 4339 977 4393 καὶ
1002 4338 1105 4408 τὴν
1132 4339 1267 4410 πρὸς
1296 4339 1364 4392 τά
1390 4338 1552 4393 λοιπά
1575 4339 1782 4395 τούτων

229 4423 509 4496 ἀναλογίαν,
554 4428 815 4499 αἰσθήσει
853 4429 1294 4499 καταλαμϐάνειν
1328 4428 1588 4484 ἀδύνατον
1630 4430 1782 4484 οὐδὲν

230 4512 290 4578 ὡς
328 4517 401 4590 τῷ
446 4523 696 4593 τυχόντι.
742 4521 1045 4594 Τοιγαροῦν
1096 4521 1394 4593 ἑτερόδοξοι
1444 4523 1634 4595 πόρῤω
1682 4522 1783 4591 τῆς

1877 3339 2247 3398 AbsitHiaud
2275 3342 2423 3398 enim
2464 3341 2707 3397 humano
2735 3357 2889 3397 more
2919 3341 3063 3398 Deus
3104 3342 3303 3410 cernit,
3356 3342 3457 3402 sed

1879 3449 1978 3505 pro
2025 3432 2261 3491 videndo
2297 3435 2470 3489 utitur
2498 3448 2602 3490 sua
2640 3433 2980 3505 cognitione,
3011 3447 3121 3504 qua
3154 3433 3307 3489 novit
3331 3450 3456 3490 om-

1879 3528 1971 3582 nia
1999 3543 2109 3584 non
2139 3529 2260 3585 visu
2292 3529 2470 3583 solum
2504 3527 2762 3599 pulchra,
2790 3527 2885 3583 sed
2919 3526 3210 3596 complecti
3236 3541 3458 3597 quoque

1881 3617 2491 3690 insignem’utilitatem,
2521 3626 2578 3674 et
2612 3619 2755 3675 inter
2783 3634 2843 3674 se
2887 3617 3071 3674 debita
3112 3626 3169 3673 et
3211 3618 3454 3688 legitima

1880 3710 2245 3781 proportione
2304 3711 2606 3766 convenire
2654 3728 2667 3765 :
2739 3719 3082 3781 quapropter
3139 3708 3339 3780 Aquila
3396 3710 3450 3762 in

1879 3814 1979 3855 sua
2038 3799 2405 3855 translatione
2486 3801 2688 3870 adjecit
2734 3800 2902 3855 verbo
2963 3798 3113 3865 vidit,
3189 3801 3458 3870 praeposi-

1880 3891 2106 3955 tionem,
2172 3891 2290 3955 σὺν,
2348 3906 2470 3962 quae
2518 3892 2573 3946 in
2635 3892 3060 3962 compositione.
3111 3909 3251 3958 cum,
3292 3890 3460 3962 δίιςἸιίο

1884 3978 2010 4032 ticat
2032 4020 2046 4043 ,
2079 3992 2143 4033 ac
2186 3978 2231 4033 si
2267 3979 2475 4035 diceret
2507 3999 2521 4035 :
2551 3978 2851 4038 Contuitus
2879 3990 2990 4050 est,
3016 3985 3324 4053 conspexit,
3348 3994 3457 4039 etc.

1882 4069 2040 4137 Quod
2090 4070 2323 4142 singulis
2369 4072 2485 4127 suis
2534 4072 2796 4142 operibus
2853 4071 3048 4143 Opifex
3109 4073 3400 4143 subiunxit
3437 4114 3459 4138 ,

1882 4161 2029 4234 quod
2056 4163 2165 4219 sint
2190 4163 2438 4234 pulchra,
2457 4163 2579 4219 ideo
2604 4163 2806 4220 factum
2827 4165 3071 4237 est,quia
3099 4168 3283 4221 omnia
3307 4178 3463 4222 erant

1883 4262 2074 4309 exacte
2099 4265 2503 4320 consummata,
2533 4264 2589 4310 et
2615 4256 2679 4309 ad
2715 4272 2953 4326 unguem
2977 4256 3226 4320 climata,
3257 4252 3461 4327 quibus

1885 4347 2019 4400 nihil
2078 4347 2270 4402 deesse
2330 4348 2774 4403 animadvertere
2825 4348 3126 4419 potuisses.
3162 4347 3457 4417 Proliterea

1889 4437 1997 4506 12
2013 4452 2120 4491 non
2151 4436 2326 4493 absre
2354 4437 2533 4508 inquit
2559 4456 2573 4492 :
2612 4457 2632 4490 ι
2662 4437 2730 4492 Ει
2762 4437 2900 4493 vidit
2928 4440 3134 4501 omnia.
3161 4454 3286 4508 quae
3311 4439 3465 4504 fecit,

1884 4525 2029 4596 quod
2071 4518 2259 4582 essent
2294 4543 2461 4597 supra
2502 4528 2722 4584 modum
2758 4528 3010 4598 pulchra.
3050 4547 3069 4580 ι
3108 4527 3344 4599 Lapides
3379 4530 3463 4582 in-
3535 4536 3551 4562 ί

228 4610 450 4683 τοιαύτης
474 4614 634 4678 ὅντες
657 4615 1338 4687 νοήσεως,προσκόπτουσι
1354 4617 1417 4685 τῇ
1448 4615 1557 4669 τῶν
1577 4614 1775 4686 θηρίων

1888 4621 2111 4690 geniose
2144 4620 2272 4677 caesi
2304 4628 2360 4676 et
2390 4622 2642 4692 expoliti.
2698 4621 2913 4678 etiamsi
2965 4636 3074 4677 non
3125 4621 3467 4692 coniungan-

229 4695 441 4771 ὠμότητι
463 4705 563 4757 καὶ
590 4704 672 4776 τῷ
698 4704 808 4758 τῶν
831 4705 1076 4776 ἑρπετῶν
1106 4705 1191 4777 ίῷ,
1217 4707 1311 4760 καὶ
1337 4706 1418 4777 τῷ
1446 4706 1781 4777 ἐμφαινομέ-

228 4805 289 4860 νῳ
306 4794 573 4868 ἀχρήστῳ
598 4797 698 4868 τῆς
721 4813 886 4851 τινων
916 4797 1290 4863 ὑποστάσεως,
1319 4797 1412 4852 καί
1444 4797 1663 4868 φασινῆ
1708 4797 1782 4869 μὴ

228 4880 338 4936 Θεὸν
366 4882 506 4942 εἶναι
536 4889 632 4941 τὸν
661 4887 835 4942 ταῦτα
869 4889 1198 4959 ποιήσαντα,
1225 4889 1257 4960 ἢ
1285 4889 1359 4959 μὴ
1391 4889 1596 4959 ἀγαθὸν
1625 4889 1788 4943 Θεόν..

230 4972 332 5029 Ὅτι
364 4979 421 5032 δὲ
447 4980 511 5033 τὸ
535 4979 688 5033 ἰδεῖν
715 4980 812 5034 ἐπὶ
844 4979 945 5050 τῆς
974 4981 1217 5051 νοήσεως
1252 4980 1488 5051 εἴρηται,
1520 4980 1681 5051 δῆλον
1721 4981 1787 5048 ἐξ

228 5056 290 5119 ὧν
320 5069 373 5119 tv
411 5068 612 5142 Ἐξόδῳ
641 5072 827 5140 φησιν·
858 5089 885 5124 ι
917 5069 1098 5142 Ἐὡρα
1127 5072 1156 5125 ό
1184 5070 1310 5134 λαὸς
1342 5070 1442 5142 τὴν
1480 5072 1665 5144 φωνὴν
1685 5071 1780 5126 τοῦ

227 5156 443 5230 Rspice“
477 5182 501 5215 ι
529 5163 711 5218 καίτοι
744 5163 867 5217 οὐδὲ
917 5166 951 5234 ή
986 5163 1221 5235 αἰσθητὴ
1253 5165 1404 5234 φωνὴ
1431 5165 1625 5236 ὁρατή.
1656 5165 1782 5230 Πῶς

228 5246 275 5304 δὲ
310 5253 369 5306 ού
406 5255 578 5309 καλὸν
621 5256 683 5310 τὺ
710 5256 826 5326 φῶς
850 5256 880 5310 δ
907 5256 1039 5321 Θεὸς
1069 5259 1302 5324 ἐπαινεῖ,
1333 5258 1431 5312 καὶ
1461 5259 1522 5312 τὸ
1552 5261 1661 5314 πᾶν
1696 5259 1783 5313 δι-

230 5338 516 5414 εκόσμησε;
548 5345 658 5398 Καὶ
710 5346 845 5416 ὅπερ
870 5347 930 5398 ἐν
963 5345 1244 5415 αἰσθητοῖς
1271 5346 1333 5401 τὸ
1370 5347 1558 5418 νοητὸν
1588 5352 1790 5404 ἐνεικο-

229 5430 411 5495 νίζεται
437 5437 561 5507 φῶς
583 5439 859 5508 ἀναλόγως
881 5439 1025 5511 ἔχειν
1057 5443 1266 5504 ἐκεῖνος
1301 5442 1558 5512 σημαίνει
1583 5445 1641 5498 ἐν
1664 5460 1791 5514 νοη·

231 5525 348 5588 τοῖς.
372 5529 720 5601 Σημειωτέον
752 5532 811 5586 δὲ
838 5534 922 5587 ὅτι
966 5534 1066 5588 σὺν
1094 5536 1160 5606 τῇ
1204 5533 1300 5587 τοῦ
1333 5534 1470 5589 Θεοῦ
1501 5539 1653 5609 φωνῇ
1693 5537 1790 5592 καὶ

223 5613 260 5695 ’6
284 5617 383 5673 τῶν
416 5623 758 5695 γιγνομένων
816 5625 1241 5699 συνεισέδραμεν
1292 5627 1534 5696 ἔπαινος.
1576 5631 1786 5704 Ὥσπερ

296 5800 339 5832 ⁸³
378 5801 479 5860 Job
526 5821 769 5876 xxxrttt,
800 5807 854 5865 7.

1892 4722 1980 4765 tur
2015 4721 2074 4767 ut
2100 4711 2227 4767 inde
2265 4720 2446 4768 statua
2490 4711 2604 4778 ﬂat,
2640 4728 2827 4768 verum
2860 4714 3094 4784 sparsim
3139 4722 3193 4769 et
3222 4714 3463 4784 sejuncti

1886 4804 2108 4879 iaceant
2131 4819 2231 4858 ceu
2265 4814 2452 4874 partes
2485 4821 2551 4861 ex
2585 4806 2787 4876 quibus
2828 4814 3013 4862 statua
3041 4807 3386 4871 conﬁcienda
3410 4818 3467 4864 et
3533 4857 3537 4875 ,

1889 4894 2418 4952 connectendasit:
2454 4906 2691 4953 attamen
2720 4898 2935 4968 pulchri
2969 4899 3249 4964 videntur,
3283 4900 3330 4956 si
3355 4916 3465 4955 non
3534 4880 3539 4887 ’

1890 4986 2069 5041 cuivis
2105 4987 2307 5052 idiota,
2333 4997 2390 5043 at
2416 4988 2464 5044 ei
2507 4987 2602 5058 qui
2641 5004 2738 5046 eos
2768 5006 2834 5045 ex
2865 4990 3080 5047 ratione
3110 4991 3246 5049 artis
3276 4994 3464 5047 consi-

1888 5079 2043 5135 derat
2063 5091 2117 5137 et
2139 5083 2411 5138 intuetur.
2442 5082 2501 5137 Si
2528 5083 2615 5138 his
2645 5097 2938 5154 compares
2968 5083 3176 5155 lapides
3195 5085 3463 5155 ignarios,
3552 5080 3563 5091 ’

1887 5170 1989 5227 etsi
2044 5186 2140 5242 per
2206 5187 2266 5227 se
2300 5173 2527 5229 minime
2560 5173 3029 5243 pulchritudinem
3083 5181 3323 5240 teneant,
3376 5182 3466 5229 ta-

1889 5257 2014 5318 men
2047 5263 2263 5320 ratione
2305 5265 2553 5321 universi
2597 5280 2955 5336 nequaquam
3008 5280 3109 5321 sua
3163 5265 3467 5336 pulchritu-

1888 5351 2020 5408 dine
2042 5346 2454 5409 desﬁtuuntu'r.
2478 5354 2616 5409 Nam
2653 5356 2701 5411 si
2736 5372 2835 5412 eos
2867 5355 3216 5426 coaptaveris
3240 5355 3310 5411 ad
3340 5356 3466 5426 pul-

1887 5444 2255 5501 chritudinem
2302 5446 2541 5518 alicuius
2585 5447 2834 5512 aediﬁcii,
2870 5446 2998 5502 licet
3031 5447 3145 5502 sint
3191 5448 3464 5519 despecti,

1888 5544 2134 5592 attamen
2174 5538 2444 5594 sittotum
2501 5540 2794 5596 aedilicium
2848 5540 3136 5611 respicias,
3200 5551 3467 5612 superant

1893 5630 2055 5703 longe
2093 5645 2259 5686 unam
2289 5637 2551 5700 statuam,
2581 5641 2862 5703 utcunque
2911 5631 2986 5688 sit
3030 5631 3313 5687 decorata.
3366 5629 3464 5689 Sic
