3922 6230
182 375 239 437 53
1224 364 1760 429 COMMENTARII
1785 364 1865 426 ΙΝ
1906 363 2241 426 GENESIN
3177 364 3192 376 '
3320 358 3390 426 51

183 479 497 541 existimabat
546 477 748 535 mundo
771 478 895 535 usui
924 478 1279 535 luturam.Et
1307 479 1409 534 hoc
1436 479 1711 549 colligitur
1734 494 1798 534 ex
1833 477 2020 543 verbo,
2058 491 2086 528 τ
2106 474 2406 530 distinxit»
2443 474 2528 529 vel
2564 472 2782 529 odivisit
2810 496 2854 529 ν.
2889 472 3075 529 Voluit
3098 473 3301 530 ctenim
3339 482 3394 532 et

183 575 403 630 tenebras
422 587 550 628 esse
581 581 762 626 mutua
788 572 1145 628 successione
1166 586 1263 627 seu
1291 570 1693 627 vicissitudine.
1733 569 1877 625 Nam
1901 585 2008 624 nox
2044 567 2363 622 hominibus
2428 575 2485 622 et
2533 566 2760 638 reliquis
2822 567 3202 625 animantibus
3281 568 3394 622 uti-

184 672 238 725 lis
258 677 350 723 est.
377 665 490 721 illis
520 682 741 722 suavem
780 667 1017 737 quietem
1055 667 1261 737 praebet
1295 685 1310 721 :
1356 666 1443 723 his
1471 667 1538 721 ad
1576 681 1782 737 pascua
1808 664 1972 720 eundi
2014 663 2230 732 cupiam
2285 660 2439 727 facit,
2513 670 2576 716 ut
2636 662 2792 717 canit
2869 663 3056 733 regius
3135 661 3396 717 Psaltes:

189 760 387 823 «Portis
419 762 680 816 tenebras
732 767 789 813 et
840 758 899 813 ﬁt
936 773 1062 824 nox,
1097 765 1152 813 et
1193 759 1250 813 in
1283 774 1345 813 ea
1383 764 1719 829 proserpunt
1755 769 1948 810 omnes
1988 754 2176 807 bestiae
2209 753 2362 808 silvae
2401 753 2468 806 “.
2507 770 2526 805 ›

237 851 331 904 Καὶ
369 850 608 919 ἐγένετο
648 847 799 917 πρωῒ
830 846 1029 916 ἡμέρα·
1046 848 1174 916 μία.
1218 846 1276 901 '0
1304 848 1584 918 χωρισμὸς
1608 847 1667 900 ὃν
1692 848 1720 899 ὁ

1894 842 1962 896 Et
1997 842 2099 910 {uit
2129 856 2365 909 vespera,
2405 842 2611 913 fuitque
2652 858 2806 898 mane
2840 841 2951 897 dies
2992 857 3151 896 unus.
3184 839 3399 895 Distin-

188 943 292 1005 Θεὸς
308 939 620 1012 διεχώρισεν
652 938 983 1010 μεταξὺ’τοῦ
1015 939 1192 1008 φωτδς
1226 937 1438 992 καὶτοῦ
1475 938 1720 1004 σκότους,

188 1037 288 1096 τοὺς
321 1035 532 1095 κοινοὺς
570 1032 896 1102 ἀμφοτέρων
930 1031 1305 1099 ἀπεγέννησεν
1336 1031 1516 1101 ὄρους’
1549 1032 1725 1104 πέρας

189 1126 276 1193 γὰρ
302 1124 506 1195 ἡμέρας
559 1124 655 1194 μὲν
678 1126 712 1194 ἡ
742 1124 973 1192 ἑσπέρα,
1006 1122 1199 1187 νυκτὸς
1228 1123 1285 1177 δὲ
1318 1122 1380 1176 τὸ
1410 1126 1575 1196 πρωϊ·
1632 1124 1727 1180 καὶ

192 1214 441 1278 ἀνάπαλιν,
478 1214 625 1285 ἀρχὴ
688 1214 788 1285 μὲν
837 1212 1048 1283 ἑσπέρα
1101 1214 1318 1280 νυκτὸς,
1368 1215 1428 1268 τὸ
1471 1214 1617 1286 πρωῒ
1672 1214 1729 1269 δὲ

192 1303 391 1373 ἡμέρας.
431 1304 553 1356 Ἀεὶ
600 1303 710 1375 γὰρ
740 1304 811 1357 τὰ
870 1303 1079 1375 πέρατα
1114 1304 1209 1357 καὶ
1252 1305 1321 1359 τὰ
1365 1304 1495 1377 τέλη
1545 1305 1641 1359 καὶ
1673 1306 1729 1360 αἱ

192 1396 329 1464 ἀρχαὶ
370 1394 818 1449 συνεπινοοῦνται
868 1397 984 1459 τοῖς
1044 1395 1388 1466 πράγμασιν.
1427 1397 1589 1452 Ὅθεν
1631 1397 1732 1452 οὐκ

193 1479 338 1550 εἶπεν,
364 1486 626 1558 Ἐποίησε
657 1486 757 1557 τὴν
786 1487 1027 1556 ἑσπέραν
1059 1488 1153 1541 καὶ
1201 1489 1261 1541 τ’)
1309 1486 1473 1559 πρωῒ,
1502 1488 1618 1542 ἀλλ’
1649 1490 1732 1543 ὅτι

192 1575 398 1645 Γέγονε,
432 1578 851 1633 συνυποστάντα
875 1576 952 1649 τῷ
991 1577 1254 1651 χωρισμῷ
1281 1578 1378 1633 τοῦ
1416 1580 1594 1650 φωτὸς
1638 1582 1733 1637 καὶ

192 1666 264 1721 τοῦ
289 1666 526 1733 σκάτους.

242 1843 456 1917 Πλειστη
486 1844 546 1899 δὲ
577 1844 807 1917 ζήτησις
841 1847 971 1916 περὶ
995 1846 1112 1915 τοῦ,
1146 1849 1293 1914 τίνος
1329 1850 1595 1921 ἡγήσατο.
1623 1850 1735 1905 Καὶ

192 1937 338 1991 αὐτῶν
386 1937 498 2010 γὰρ
555 1938 668 1993 τῶν
700 1941 890 1994 οὐσίαν
932 1940 1024 1995 καὶ
1078 1940 1238 2011 φύσιν
1267 1944 1569 2014 εἰρηκότων
1596 1940 1736 1998 εἶναι

191 2027 262 2082 τοῦ
291 2029 535 2096 σκότους,
591 2032 643 2085 οἱ
695 2032 794 2102 μὲν
831 2032 932 2103 τὴν
960 2033 1196 2104 ἡμέραν,
1225 2035 1276 2089 οἱ
1314 2034 1371 2088 δὲ
1408 2035 1507 2106 τὴν
1566 2035 1739 2090 νύκτα

194 2120 486 2190 προέταξαν
527 2124 726 2188 κοινῶς
764 2125 865 2195 μὲν
900 2119 993 2178 οὖν
1027 2124 1269 2189 ἅπαντες
1303 2127 1353 2181 oi
1391 2127 1490 2198 τὴν
1524 2128 1757 2198 ἡμέραν.

1825 934 1959 999 ctio,
1986 948 2092 1002 qua
2127 932 2271 987 Deus
2324 935 2562 989 secrevit
2618 934 2799 988 lucem
2842 942 2897 988 et
2931 935 3209 998 tenebras,
3249 946 3402 986 com-

1825 1041 2023 1081 munes
2054 1025 2308 1094 utrisque
2348 1025 2500 1080 dedit
2520 1033 2575 1079 et
2614 1026 2916 1095 praestituit
2974 1025 3272 1080 terminos.
3310 1023 3403 1078 Fi-

1826 1117 1917 1173 nis
1975 1118 2124 1173 enim
2176 1116 2330 1184 diei,
2370 1124 2429 1172 ut
2475 1126 2725 1188 apparet,
2774 1127 2858 1173 est
2887 1131 3157 1187 vespera:
3220 1116 3402 1171 noctis

1827 1224 1982 1272 vero,
2020 1224 2201 1265 mane.
2260 1208 2327 1262 Et
2380 1209 2635 1264 vicissim
2696 1225 2793 1264 seu
2843 1209 3043 1263 ordine
3101 1222 3402 1272 converso,

1830 1300 2048 1356 initium
2085 1300 2310 1370 quidem
2369 1301 2553 1357 noctis
2593 1314 2826 1370 vespera
2876 1308 2985 1362 est,
3030 1307 3085 1354 et
3118 1314 3280 1354 mane
3308 1298 3408 1354 ini-

1829 1395 1967 1450 tium
2017 1395 2148 1450 diei.
2198 1393 2426 1464 Semper
2473 1393 2677 1449 etenim
2712 1392 3010 1464 principia,
3051 1392 3188 1447 lines
3224 1400 3408 1447 extre-

1833 1485 2166 1554 mitatesque
2220 1484 2621 1555 concipiuntur
2657 1483 2824 1538 simul
2858 1497 2983 1539 cum
3014 1482 3181 1537 rebus
3205 1481 3406 1536 animo.

1832 1577 2184 1648 Quapropter
2251 1592 2366 1632 non
2430 1576 2610 1631 dixit:
2678 1574 2853 1643 Fecit,
2906 1575 3041 1630 sed:
3104 1595 3122 1627 ‹
3179 1572 3409 1629 Factum

1832 1678 1937 1735 est,
1982 1689 1999 1721 ι
2036 1680 2170 1734 etc.,
2215 1669 2377 1740 quasi
2416 1684 2525 1725 una
2557 1675 2681 1739 post
2713 1668 3130 1725 distinctionem
3173 1666 3314 1723 lucis
3348 1672 3406 1720 et

1835 1762 2188 1817 tenebrarum
2226 1761 2604 1817 substiterint.

1904 1851 2153 1906 Plurima
2221 1852 2534 1922 disputatio
2604 1861 2711 1917 est,
2790 1857 2974 1905 utrum
3036 1847 3410 1919 praecesserit.

1835 1942 1972 1998 Nam
2011 1941 2228 2012 Quidam
2285 1958 2349 1998 ex
2404 1943 2500 1997 illo
2549 1957 2736 2012 grege,
2794 1942 2885 2011 qui
2938 1940 3309 1995 substantiam
3358 1946 3415 1994 et

1837 2036 2132 2106 quamdam
2177 2043 2435 2090 naturam
2485 2035 2801 2090 concedunt
2850 2032 3118 2098 tenebris,
3157 2047 3257 2086 nec
3307 2031 3411 2101 ipsi

1839 2129 1984 2182 inter
2014 2142 2074 2182 se
2107 2128 2248 2184 satis
2281 2126 2607 2191 concordes,
2637 2126 2862 2196 quidam
2899 2135 3139 2191 noctem,
3184 2124 3413 2194 quidam

193 2213 553 2284 προτάξαντες,
593 2219 756 2287 φασὶν
796 2218 872 2284 ὠς
900 2220 968 2275 τὰ
1003 2220 1271 2291 πρεσϐεῖα
1322 2220 1624 2293 παρασχὼν
1667 2224 1735 2291 τῇ

1844 2220 1983 2275 diem
2032 2219 2089 2273 in
2122 2234 2305 2274 rerum
2342 2219 2541 2275 ordine
2585 2224 2935 2289 pra‘ponun't.
2975 2215 3080 2273 Sed
3121 2217 3215 2286 qui
3251 2231 3416 2286 argu-

194 2305 363 2376 ἠμέρᾳ,
385 2306 612 2377 πρῶτόν
642 2306 764 2364 εἷπε
788 2312 992 2384 ταύτης
1021 2313 1081 2367 τὸ
1104 2312 1278 2383 πέρας
1301 2312 1379 2376 ὠς
1410 2313 1584 2383 αὐτῆς
1609 2315 1740 2385 ἡγη-

195 2396 404 2466 σαμένης
431 2398 529 2452 καὶ
548 2398 954 2470 παρελθούσης,
990 2400 1095 2455 καὶ.
1115 2399 1259 2455 οὕτω
1288 2401 1388 2471 τῆς
1414 2400 1607 2462 νυκτὸς
1641 2400 1740 2470 ἀρ·

197 2482 275 2553 χὴν
300 2486 573 2560 λαϐούσης
603 2489 822 2562 ἐκείνης
856 2490 918 2544 τὸ
955 2491 1150 2563 πέρας.
1198 2489 1586 2563 Προλαϐούσης
1634 2490 1749 2561 τάρ-

194 2574 275 2643 τῆς
311 2577 543 2648 ἡμέρας,
580 2581 614 2651 ἡ
669 2582 767 2646 νὺξ
814 2584 893 2646 εἰς
927 2581 1112 2636 ἄνεσιν
1155 2584 1257 2655 τῆς
1294 2581 1561 2654 ἡμερινῆς
1611 2582 1742 2652 ἡμῖν

200 2666 427 2736 ἐργασίας
473 2672 807 2741 ἐπιγίνεται.
849 2673 917 2726 Ἠ
962 2672 1018 2726 δὲ
1059 2673 1167 2745 πρὸ
1212 2672 1308 2728 τοῦ
1339 2673 1517 2742 φωτὸς
1568 2675 1630 2729 ὲν
1662 2672 1745 2745 τῷ

200 2758 354 2829 κόσμῳ
373 2761 736 2827 κατάστασις.
770 2765 890 2835 οὐχὶ
923 2763 1041 2829 νὺξ,
1063 2764 1202 2819 ἀλλὰ
1237 2766 1425 2830 σκότος
1456 2766 1743 2837 ἐτύγχανε.

200 2847 290 2914 Νὺξ
313 2850 365 2904 δὲ
404 2853 463 2906 τὸ
517 2854 661 2926 πρὸς
708 2855 806 2925 τὴν
837 2856 1053 2928 ἡμέραν
1097 2857 1508 2912 ἀντιδιασταλὲν
1541 2859 1746 2929 ἑτέρως

203 2942 325 3013 παρὰ
342 2944 400 2999 τὸ
421 2946 622 3011 σκότος
655 2947 876 3019 κληθέν·
901 2949 963 3002 τὸ
996 2948 1053 3002 δὲ
1089 2948 1149 3015 ἐξ
1174 2951 1380 3020 ἀμφοῖν
1407 2950 1745 3022 συμπληρω-

203 3030 272 3085 θὶν
298 3035 713 3108 ἡμερονύκτιον,
750 3038 852 3092 οὐκ
879 3039 1136 3094 ὲκάλεσεν
1178 3040 1395 3113 ἡμέραν
1421 3041 1517 3095 καὶ
1548 3042 1740 3105 νύκτα,

203 3122 292 3175 ἀλλ’
322 3126 560 3197 ἡμέραν,
597 3127 706 3182 ἀπὸ
735 3128 828 3181 τοῦ
874 3128 1206 3199 κρείττονος.
1234 3131 1344 3183 Καὶ
1373 3130 1441 3184 δι’
1471 3131 1600 3200 ὅλης
1645 3130 1746 3201 τῆς

203 3211 390 3285 ῐραφῆς
428 3216 611 3283 οὕτως
654 3220 929 3292 εὑρήσεις,
974 3223 1084 3275 τῶν
1121 3222 1333 3275 νυκτῶν
1361 3225 1484 3286 ταῖς
1511 3223 1746 3294 ἡμέραις

206 3310 594 3379 σδννοουμὲνων·
621 3312 650 3366 ὅ
675 3330 735 3367 τε
764 3312 873 3384 γὰρ
893 3313 1221 3384 Ψαλμῳδὸς,
1265 3332 1282 3366 ι
1320 3315 1385 3368 Αἱ
1409 3314 1612 3385 ἡμέραι
1644 3314 1746 3383 τῆς

206 3395 322 3469 ζωῆς
345 3402 525 3475 ἡμῶν,
578 3422 599 3458 ι
629 3405 784 3476 φησί·
830 3407 927 3459 καὶ
973 3404 1197 3472 Ἰακὼϐ,
1238 3407 1365 3460 (Αἱ
1388 3407 1592 3478 ἡμέραι
1646 3407 1747 3477 τῆς

206 3487 447 3601 altilium:
482 3498 687 3600 μικραὶ
713 3498 811 3552 καὶ
833 3498 1137 3570 πονηραίι»
1158 3499 1252 3552 καὶ
1285 3499 1475 3552 πάλιν·
1508 3518 1526 3551 ι
1558 3499 1746 3563 Πάσας
1773 3541 1816 3601 c

205 3582 280 3645 τὶς
313 3586 517 3658 ἡμέρας
567 3587 672 3659 τῆς
703 3588 848 3659 ζωῆς
884 3606 984 3657 μου
1011 3607 1027 3621 ·
1071 3609 1090 3642 ι
1152 3590 1421 3661 πρόδηλον
1468 3590 1525 3643 δὲ
1572 3589 1746 3645 ὅτιτὸ

205 3673 439 3749 διάστημα
467 3682 569 3735 καὶ
606 3681 699 3736 τὸν
741 3681 959 3738 τοσόνδε
991 3682 1187 3753 καιρὸν
1214 3682 1428 3752 ἡμέραν
1453 3682 1544 3735 καὶ
1572 3681 1746 3737 νύκτα

206 3766 348 3833 καλεῖ,
375 3772 433 3824 ού
460 3772 570 3844 τὴν
599 3773 801 3843 ἀμφοῖν
828 3773 1085 3845 ὕπαρξιν*
1115 3775 1149 3844 ἡ
1188 3773 1289 3843 μὲν
1320 3774 1429 3845 γὰρ
1459 3774 1575 3843 φῶς
1599 3774 1749 3845 λέγει·

204 3871 275 3910 ται
302 3862 389 3914 καὶ
448 3863 667 3929 σκότος,
697 3865 759 3917 τὸ
805 3865 863 3919 δὲ
892 3867 1074 3935 ἡμέρα
1116 3867 1215 3919 καὶ
1261 3864 1376 3931 νύξ.
1409 3868 1587 3938 Διχῶς
1635 3869 1746 3941 γὰρ

205 3949 359 4023 ἡμέρα
390 3958 617 4020 νοεῖται,
661 3959 805 4012 κατά
852 3974 912 4010 τε
942 3957 1003 4011 τὸ
1033 3958 1286 4029 χρονικὸν
1319 3958 1616 4031 διάστημα,
1652 3961 1747 4015 καὶ

208 4042 320 4097 κατὰ
342 4046 430 4102 τὸν
453 4050 738 4119 φωτισμὸν
769 4048 866 4101 τοῦ
894 4048 1020 4120 περὶ
1050 4050 1198 4119 ἡμᾶς
1229 4049 1409 4121 ἀέρος.
1434 4052 1566 4120 Καὶ,
1610 4072 1627 4105 ι
1665 4053 1743 4126 Τῇ

207 4134 356 4207 ἡμέρᾳ
381 4141 445 4209 τῇ
475 4138 644 4211 τρίτῃ
673 4140 852 4208 γάμος
880 4139 1096 4207 ἐγένετο
1141 4140 1200 4193 ὲν
1257 4142 1415 4213 Κανᾷ
1452 4142 1553 4213 τῆς
1590 4144 1750 4199 Γαλι⁸

208 4220 353 4291 λαὶας,
388 4245 416 4279 ι
448 4229 505 4283 τὸ
538 4228 708 4282 ποσὸν
734 4228 837 4299 τῆς
874 4229 1088 4301 ἡμέρας
1127 4229 1404 4301 δηλοῦται,
1426 4233 1525 4303 οὐχ
1562 4234 1596 4305 ἡ
1624 4251 1749 4304 φαι-

208 4312 329 4387 Gabi
355 4317 559 4391 ζοφερὰ
591 4320 794 4391 ἡμέρα·
829 4320 954 4373 Ἐὰν
995 4320 1181 4395 λέγῃς,
1214 4321 1469 4395 Ζοφώδης
1506 4327 1540 4396 ή
1577 4327 1750 4397 σήμε-

213 4419 284 4473 ρον
304 4410 498 4483 ἡμέρα,
531 4411 598 4465 οὐ
628 4411 689 4465 τὸ
712 4412 879 4466 ποσὸν
907 4412 1079 4484 αὐτῆς
1121 4415 1287 4483 ἐρεῖς,
1318 4414 1455 4468 ἀλλὰ
1475 4416 1535 4468 τὸ
1573 4419 1745 4472 ποιόν.

209 4497 264 4549 Ai
286 4500 447 4556 τοίνυν
476 4504 590 4577 πρὸ
620 4503 773 4576 ἡλίου
822 4506 916 4558 καὶ
946 4505 1055 4560 τῶν
1088 4508 1393 4579 φωστήρων
1426 4508 1654 4580 ἡμέραι,
1688 4510 1748 4564 τὸ

214 4592 347 4648 ποσὸν
374 4595 650 4668 διάστημα
675 4597 992 4668 τοῦαχρόνου
1044 4598 1422 4669 σημαίνουσιν.
1462 4601 1596 4655 Ούδὲ
1639 4602 1749 4674 γὰρ

213 4689 454 4755 ποιητικὸς
474 4692 507 4745 ό
531 4690 687 4761 ἥλιος
736 4692 835 4761 τῆς
858 4690 1091 4762 ἡμέρας,
1125 4689 1261 4746 ἀλλὰ
1289 4694 1644 4763 σημαντικὸς,
1672 4696 1750 4753 ὡς

214 4777 288 4829 καὶ
323 4780 385 4836 τὰ
423 4783 743 4856 μηχανικῶς
790 4781 1334 4853 κατασκευαζόμενα.
1384 4786 1498 4840 Ούκ
1546 4786 1746 4842 ἄτοπον

1840 2321 2181 2378 mentantur,
2215 2312 2390 2379 diem,
2425 2323 2485 2367 ut
2511 2312 2677 2380 vulgo
2705 2309 3258 2372 creditur,seniorem
3290 2321 3414 2363 esse

1840 2415 2025 2465 nocte.
2058 2404 2143 2460 sic
2190 2404 2539 2474 procedunt:
2576 2402 2722 2458 Deus
2754 2404 2874 2473 ipse
2911 2402 3215 2472 primatum
3245 2400 3417 2454 dona-

1840 2496 1919 2549 vit
1973 2496 2102 2550 dici.
2165 2494 2300 2549 Nam
2355 2497 2537 2566 primo
2585 2496 2773 2567 posuit
2817 2496 2978 2549 tinem
3029 2494 3162 2556 diei,
3220 2506 3417 2561 nempe

1840 2602 2151 2657 vesperam,
2180 2588 2342 2656 quasi
2382 2588 2505 2643 dies
2561 2588 2929 2644 antecesserit
2967 2594 3207 2647 noctem,
3239 2594 3294 2638 et
3322 2582 3409 2638 ubi

1842 2676 2108 2732 desiverit
2154 2677 2208 2733 in
2258 2693 2568 2748 vesperam,
2623 2685 2740 2732 tum
2783 2678 3005 2732 demum
3060 2692 3125 2730 ex
3157 2675 3275 2743 ejus
3311 2675 3419 2728 tino

1843 2775 2165 2838 prognatam
2234 2782 2357 2823 esse
2429 2775 2666 2822 noctem.
2729 2765 2847 2821 Nox
2918 2766 3089 2830 enim,
3144 2772 3204 2817 ut
3260 2764 3417 2832 quies

1844 2857 2030 2914 diurni
2079 2857 2287 2928 operis,
2342 2857 2511 2912 nobis
2543 2856 2772 2911 aﬂ‘ertur
2805 2871 2877 2910 ex
2923 2853 3416 2924 praecedente-die.

1844 2951 2116 3008 Caeterum
2167 2952 2356 3007 vultus
2390 2950 2474 3007 vel
2516 2949 2719 3011 forma,
2770 2963 2891 3019 quae
2922 2956 3049 3003 ante
3086 2949 3233 3002 lucis
3251 2961 3419 3002 exor-

1846 3044 2003 3098 dium
2046 3043 2253 3098 mundo
2302 3049 2445 3107 erat,
2500 3056 2609 3096 non
2647 3040 2856 3095 dicitur
2898 3039 3123 3111 proprie
3153 3053 3285 3103 nox,
3319 3036 3416 3091 sed

1845 3134 2031 3204 potius
2063 3133 2259 3203 caligO»
2276 3148 2373 3187 seu
2418 3131 2679 3187 tenebrae.
2727 3128 2929 3184 Verum
2971 3143 3079 3182 nox
3122 3142 3285 3182 suum
3323 3141 3421 3180 noo

1847 3241 1992 3289 tuen,
2022 3223 2172 3295 quod
2213 3230 2385 3291 tenet,
2440 3225 2641 3280 sortita
2675 3230 2786 3288 est,
2819 3223 2964 3290 quod
2998 3220 3419 3275 distinctionem

1845 3316 2016 3372 faciat
2051 3318 2193 3371 inter
2234 3316 2379 3372 diem
2432 3330 2648 3386 seque:
2702 3331 2804 3370 nec
2855 3313 3183 3384 appellanda
3219 3323 3303 3368 est
3336 3312 3421 3367 vel

1846 3409 2024 3479 caligo
2061 3408 2144 3464 vel
2175 3408 2434 3464 tenebrae.
2470 3406 2575 3462 Sed
2611 3406 2975 3471 dicnoctium,
3013 3414 3073 3459 nt
3106 3406 3180 3460 ita
3212 3404 3419 3467 dicam,

1847 3499 1996 3570 quod
2038 3516 2119 3556 ex.
2146 3499 2399 3569 utrisque
2450 3499 2834 3565 constituitur,
2887 3498 2937 3553 id
2980 3505 3093 3559 est,
3126 3507 3423 3565 utrumque

1850 3599 1964 3645 tam
2024 3591 2132 3646 diei
2181 3606 2347 3660 quam
2400 3591 2587 3645 noctis
2636 3590 2907 3660 spatium,
2959 3599 3122 3642 nemo
3171 3586 3314 3640 diem
3367 3595 3423 3641 et

1849 3692 2067 3740 noctem
2106 3684 2425 3754 appellabit,
2461 3682 2553 3737 sed
2586 3689 2882 3738 contentus
2918 3680 3037 3735 crit-
3069 3678 3122 3734 id
3187 3678 3420 3749 spatium

1848 3771 2057 3829 dixisse
2085 3773 2251 3837 diem,
2302 3773 2686 3829 nominatione
2730 3774 2900 3842 petita
2938 3786 2967 3825 a
3029 3768 3339 3841 potentiore
3370 3780 3424 3822 et

1847 3863 2262 3935 principaliore.
2310 3862 2446 3935 Nam
2494 3862 2707 3918 Psaltcs
2756 3862 2990 3932 inquit:
3051 3880 3070 3913 ι
3117 3860 3242 3915 Dies
3302 3860 3423 3914 vita:

1849 3965 2053 4017 nostrae
2077 3955 2144 4020 “,
2161 3973 2179 4007 ι
2209 3964 2317 4011 etc.
2342 3953 2594 4009 EtJacob
2615 3953 2930 4025 patriarcha
2951 3953 3027 4007 ait
3055 3973 3068 4009 :
3100 3972 3119 4005 ι
3148 3951 3277 4008 Dies
3297 3952 3424 4007 vita:

1847 4063 1980 4102 meae
2018 4048 2178 4118 pauci
2205 4057 2262 4103 et
2316 4048 2581 4103 laboriosi
2609 4048 2831 4115 ",ietc.
2864 4044 2927 4101 Et
2971 4046 3209 4103 iterum:
3237 4063 3258 4097 ι
3294 4043 3423 4098 Oni-

1845 4157 1943 4197 nes
1972 4142 2090 4199 dies
2119 4144 2245 4198 vitae
2286 4157 2437 4197 meae.
2474 4159 2493 4192 ι
2553 4141 2622 4196 At
2650 4147 2911 4195 constare
2940 4138 3203 4205 arbitror,
3253 4137 3423 4193 Deum

1848 4250 2172 4305 nuncupare
2198 4234 2306 4289 duo
2348 4234 2444 4288 illa
2468 4232 2797 4295 .intervalla,
2824 4231 3060 4286 alterum
3089 4231 3259 4294 diem,
3290 4231 3423 4285 alte~

1849 4343 1971 4381 rum
2000 4337 2215 4382 noctem
2248 4340 2387 4382 :nec
2430 4326 2656 4381 nomina
2717 4322 3064 4379 confundere
3116 4323 3423 4390 utriusque.

1848 4417 1984 4473 Cum
2013 4417 2160 4473 enim
2182 4417 2415 4472 alterum
2440 4417 2514 4473 sit
2546 4417 2669 4482 lux,
2700 4416 2935 4469 alterum
2955 4414 3157 4484 caligo,
3197 4414 3423 4477 merito,

1850 4511 1944 4565 lux
1991 4510 2124 4578 diei,
2199 4510 2379 4580 caligo
2425 4509 2607 4565 nectis
2651 4508 2880 4563 nomine
2929 4507 3155 4578 gaudet.
3219 4504 3424 4561 Verum

1848 4604 2141 4658 enimvero
2170 4602 2425 4658 bifariam
2462 4603 2580 4657 dies
2626 4600 2963 4671 intelligitur
2995 4607 3252 4669 rcSpectu
3291 4609 3423 4672 tem-

1848 4693 2057 4762 poralis
2108 4692 2381 4747 intervalli
2413 4702 2466 4747 et
2511 4689 2830 4753 illuminati,
2887 4689 2982 4758 qui
3030 4690 3278 4758 undique
3324 4702 3426 4743 nos

1849 4783 2205 4849 circumﬂuit,
2231 4784 2398 4840 aeris.
2425 4783 2582 4850 Quod
2626 4782 2915 4854 Scriptura
2962 4788 3232 4835 annotat:
3274 4800 3294 4832 ι
3332 4779 3426 4836 Die

214 4861 285 4920 οὖν
304 4870 583 4941 δηλοῦσθαι
623 4875 898 4946 διάστημα
932 4874 1147 4927 τοσόνδε
1190 4876 1598 4946 προϋφεστάναι
1640 4878 1744 4931 τῶν

1854 4878 2020 4932 tertio
2052 4879 2252 4947 nuptias
2281 4878 2436 4932 facta:
2467 4886 2596 4933 sunt
2622 4876 2676 4931 in
2708 4876 2857 4930 Cana
2890 4872 3126 4929 Galilacae
3147 4874 3215 4937 ’⁸,
3240 4892 3259 4925 ι
3294 4880 3425 4939 etc.,

216 4965 475 5034 φωστήρων
500 4966 532 5019 ὃ
560 4965 943 5036 προϋπῆρχεν,
975 4967 1024 5019 εἰ
1068 4968 1163 5019 καὶ
1189 4966 1340 5036 ἥλιος
1386 4967 1519 5021 αὐτὸ
1552 4967 1746 5039 saepe.

215 5063 369 5122 τρησε.
397 5057 736 5128 Σημαντικδν
761 5059 856 5112 τοῦ
883 5058 984 5129 τῆς
1010 5059 1224 5130 ἡμέρας
1255 5058 1624 5131 διαστήματος
1651 5062 1747 5115 καὶ

215 5140 281 5209 τὺ,
304 5162 322 5197 ι
361 5148 569 5222 Ἡμέρα
618 5153 685 5222 τῇ
717 5150 905 5223 ἡμέρᾳ
945 5150 1231 5221 ἐρεύγεται
1262 5153 1436 5222 ῥῆμα,
1468 5169 1487 5202 ι
1520 5152 1635 5208 ἀλλ’
1659 5153 1743 5218 οὐ,

217 5233 332 5290 imi.
368 5242 475 5309 φῶς
491 5243 843 5315 ,εἰρημένονο
892 5242 952 5296 ἓν
982 5242 1091 5312 γὰρ
1139 5243 1201 5296 τὸ
1230 5243 1345 5312 φῶς
1396 5243 1492 5297 καὶ
1528 5244 1588 5299 ἓν
1636 5244 1746 5297 τῶν

219 5330 396 5387 νυκτῶν
435 5336 494 5389 τὸ
526 5336 740 5401 σκότος·
787 5334 926 5388 ἀλλὰ
954 5334 1024 5388 τὰ
1076 5334 1313 5405 διάφορα
1354 5330 1561 5388 τούτων
1594 5335 1747 5406 δηλοῖ

220 5416 538 5501 διεστήματα·
565 5428 959 5499 ἀλλαττόμεναι
978 5428 1089 5498 γὰρ
1111 5428 1209 5482 καὶ
1236 5425 1615 5497 διαδεχόμεναι
1655 5427 1750 5480 ἀλ-

220 5506 379 5585 Was,
401 5522 723 5593 κηρύττουσι
757 5522 849 5576 τὸν
881 5521 1244 5593 Δημιουργόν’
1291 5521 1395 5574 κᾶν
1424 5521 1674 5590 ἀλλήλων
1691 5520 1749 5573 δὲ

225 5600 308 5660 Μ
347 5609 501 5683 μέρος
535 5614 700 5671 πλέον
747 5613 943 5685 ἔχωσιν
990 5612 1173 5685 ἡμέρα
1205 5612 1301 5665 καὶ
1341 5611 1441 5677 νὺξ
1482 5612 1620 5683 πρὸς
1648 5611 1748 5675 τὰς

283 5784 321 5815 ⁸⁸
348 5786 476 5847 Psal.
498 5808 589 5851 cut
633 5833 649 5863 ,
681 5792 775 5849 20.

1854 4968 2205 5038 signiﬁcatur
2244 4968 2422 5024 ’nobis
2471 4967 2580 5022 diei
2639 4967 2951 5037 quantitas,
3000 4979 3102 5019 nec
3146 4964 3225 5019 ibi
3278 4978 3426 5018 som-

1854 5059 2054 5114 nianda
2103 5068 2188 5115 cst
2243 5059 2354 5114 diei
2425 5058 2690 5129 qualitas,
2753 5058 2968 5113 scilicet
3030 5055 3301 5110 nubilane
3355 5068 3425 5107 an

1853 5167 2050 5207 serena
2086 5150 2253 5207 fuerit
2284 5151 2423 5207 dies.
2467 5150 2524 5205 Si
2564 5149 2808 5205 dixeris:
2842 5147 2968 5204 Dies
3000 5148 3166 5201 hodie
3198 5155 3282 5200 est
3323 5160 3426 5198 nu-

1852 5243 2012 5298 bibus
2070 5244 2391 5306 obscnrata,
2430 5256 2538 5296 non
2602 5240 2724 5310 ejus
2792 5239 3158 5308 quantitatem
3234 5248 3426 5295 sonas.

1853 5352 2043 5390 verum
2090 5336 2408 5406 qualitatem
2455 5347 2882 5388 commemoras.
2935 5328 3105 5397 igitur
3149 5327 3270 5381 dies
3332 5326 3426 5396 qui

1856 5435 2189 5482 antevenere
2216 5426 2352 5480 solis
2384 5433 2441 5479 et
2489 5424 2772 5478 stellarum
2822 5420 3260 5491 generationem,
3291 5425 3427 5472 tem-

1857 5520 2009 5589 poris
2041 5519 2408 5588 quantitatem
2459 5522 2676 5570 notant.
2720 5511 2831 5567 Nec
2857 5512 3001 5566 enim
3035 5509 3116 5566 sol
3153 5509 3295 5565 diem
3330 5523 3429 5579 pa.

1859 5610 1953 5675 rit,
1985 5609 2082 5663 sed
2110 5607 2344 5673 indicat,
2376 5621 2487 5661 non
2522 5619 2686 5685 secus
2716 5617 2779 5659 ac
2809 5616 2872 5658 ea
2937 5615 3057 5671 quae
3090 5601 3427 5657 instrumenr

887 5796 931 5827 ²⁶
960 5792 1106 5847 Ρρςιι.
1164 5807 1385 5859 1.xxxtx,
1448 5790 1535 5845 l0.
1606 5791 1648 5823 ’τ
1679 5788 1817 5846 Gen.
1880 5803 2043 5854 van,
2094 5786 2179 5845 9.,
2226 5784 2454 5841 "Joan.
2496 5799 2558 5851 ιι,
2599 5785 2646 5840 1.
