3922 6230
442 368 511 426 43
726 333 729 336 ’
1580 418 1583 421 .
1747 360 2017 423 rnocor

2137 362 2381 424 ῦΑΖΕῐ
3452 393 3483 419 ι
3597 363 3671 430 ﬂ

445 480 637 550 ﬁgulus
689 476 755 533 ¹⁸.
816 495 836 532 ι
886 472 1347 545 Quemadmodum
1383 473 1526 528 enim
1583 471 1779 542 ﬁgulus
1836 475 2005 529 lutum

2122 476 2516 544 μετεσκεύασα,
2541 474 2614 538 ὡς
2640 474 2948 544 ἀνθρώποις
2969 476 3230 533 ἀδύνατον
3260 476 3444 548 λέγειν
3471 479 3584 548 οἷος
3609 484 3671 551 ἐξ

446 575 619 629 {urina
679 573 1020 635 destitutum,
1078 570 1131 624 in
1181 568 1538 638 quodcunque
1594 565 1858 634 placuerit
1911 581 2005 622 vas

446 668 824 731 transformat,
879 665 960 720 sic
1000 678 1101 733 ego
1132 662 1303 716 etiam.
1341 667 1393 713 te
1416 658 1588 715 lutum
1620 672 1651 714 e
1682 668 1823 713 terra
1855 660 2004 714 acci-

442 760 618 830 piens,
670 767 727 812 ut
753 757 945 812 melius
989 754 1247 825 quiddam
1294 751 1572 814 evaderes,
1610 750 1860 805 inaliam
1889 750 2004 806 for-

444 868 587 908 mam
616 861 667 906 te
690 852 851 916 verti,
885 850 958 902 ita
985 856 1046 902 ut
1072 860 1231 901 nemo
1258 844 1564 899 mortalium
1601 842 1780 898 dicere
1809 844 2000 911 possit,

442 946 620 1019 qualis
650 957 703 1000 et
724 959 792 1000 ex
822 941 966 1011 quali
991 952 1148 996 natus
1181 939 1367 994 fueris.
1393 937 1573 1003 Quare
1596 945 1778 991 autem
1810 936 2007 992 coelum

443 1039 660 1109 quidem
702 1037 1000 1106 perrectum
1049 1031 1474 1102 repraesentavit,
1520 1040 1720 1084 terram
1755 1042 1883 1081 vero
1915 1041 2012 1096 per

445 1130 625 1203 partes
655 1145 685 1183 a
710 1129 817 1182 Deo
843 1126 1158 1181 fabricatam
1183 1121 1456 1180 ostendit?
1484 1119 1552 1176 Ut
1582 1122 1636 1176 in
1667 1135 1725 1176 re
1749 1128 2010 1190 praestan-

444 1224 587 1277 tiore
640 1221 931 1289 potentiam
985 1219 1100 1287 ejus
1163 1218 1467 1288 percipiens
1525 1223 1709 1270 certus
1767 1213 2012 1268 reddaris

447 1315 588 1367 hanc
614 1313 818 1382 pariter
850 1325 914 1364 ac
945 1310 1085 1365 istud
1107 1324 1229 1363 eum
1266 1307 1562 1378 perfectum
1605 1307 1787 1360 statim
1815 1305 2011 1360 sistere

443 1406 709 1477 potuisse.
749 1401 865 1479 _Tui
919 1413 1097 1457 autem
1150 1411 1358 1469 tuaeque
1407 1401 1596 1455 salutis
1627 1415 1791 1455 causa
1820 1402 2015 1475 incont-

443 1506 613 1568 posua
645 1497 787 1551 facta
818 1504 962 1551 terra
1016 1493 1118 1548 fuit
1154 1494 1507 1548 :eommuuis
1532 1492 1675 1548 enim
1725 1507 1909 1547 mensa
1960 1500 2016 1546 et

448 1592 646 1662 patria,
672 1590 783 1643 imo
814 1587 991 1643 nutrix
1028 1595 1088 1641 et
1130 1595 1327 1650 mater,
1362 1586 1664 1638 communis
1707 1584 1869 1638 etiam
1900 1598 2016 1638 om-

448 1684 598 1738 nium
632 1683 825 1737 civitas
856 1688 937 1735 est
964 1688 1126 1748 atque
1152 1679 1481 1747 sepulcrum.
1514 1675 1589 1730 Ne
1614 1676 1815 1744 itaque,
1852 1690 2012 1745 quam

2114 568 2228 621 οἴου
2266 567 2582 637 γεγένησαι.
2616 568 2769 633 Τίνος
2806 569 2864 622 δὲ
2916 569 3082 624 ἕνεκα
3122 570 3217 642 (m)
3275 571 3368 624 τὸν
3426 572 3528 643 μὲν
3572 574 3673 630 οὐ-

2115 659 2278 730 ρανὸν
2309 660 2719 730 ἁπαρτισθέντα
2746 664 3058 733 παρήγαγε,
3089 663 3191 734 τὴν
3208 664 3263 717 δὲ
3288 666 3393 735 γῆν
3414 665 3559 721 κατὰ
3584 683 3677 736 μι-

2111 753 2244 820 κρὸν
2273 751 2438 807 αὐτὸν
2467 754 2795 823 τεχνιτεύειν
2824 756 2989 824 φησὶν
3018 756 3051 824 ή
3091 754 3314 828 Γραφής
3352 756 3469 810 ’Ῑνα
3507 759 3568 811 ὲν
3590 756 3705 827 τῷι

2112 844 2657 923 κρείττονι-στοιχείῳ
2686 844 2871 916 μαθὼν
2884 846 3048 900 αὐτοῦ
3080 848 3180 919 τήν
3200 849 3449 917 δύναμιν,
3474 849 3678 919 πληρο-

2112 935 2354 1006 φορηθῇς
2382 937 2464 990 ὅτι
2500 936 2597 989 καὶ
2646 938 2850 1009 ταύτην
2897 939 3127 1007 ἠδύνατο
3160 940 3413 1011 καθάπερ
3459 943 3677 995 ἐκεῖνον

2111 1011 2528 1098 ἀπηρτισμένην
2563 1030 2926 1099 παραγαγεῖν.
2960 1030 3060 1082 Διὰ
3081 1030 3140 1082 σὲ
3171 1031 3228 1084 δὲ
3251 1033 3345 1084 καὶ
3368 1033 3468 1102 τὴν
3498 1049 3679 1109 σωτη-

2114 1120 2236 1191 ρίαν
2265 1121 2500 1191 τήν,σὴν
2528 1121 2949 1187 ἀκατάσκευος
2973 1123 3192 1190 γέγονε·
3224 1123 3379 1195 κοινὴ
3407 1128 3516 1195 γὰρ
3541 1125 3680 1196 τρά-

2113 1211 2255 1276 πεζα
2290 1212 2365 1282 (η)
2391 1219 2483 1266 καὶ⁵
2514 1214 2713 1277 πατρὶς
2738 1215 2832 1266 καὶ
2857 1218 3054 1282 τροφὸς
3084 1216 3178 1268 καὶ
3214 1215 3398 1287 μήτηρ
3419 1216 3679 1270 ἁπάντων

2113 1307 2230 1359 ἐστὶ
2262 1306 2355 1358 καὶ
2387 1305 2540 1369 πόλις
2571 1306 2666 1359 καὶ
2696 1306 2865 1374 τάφος
2895 1309 3094 1370 κοινός.
3128 1308 3245 1362 Ἵνα
3278 1304 3370 1362 οὖν
3408 1313 3482 1379 μή
3508 1309 3584 1379 (0)
3615 1306 3681 1362 τὸ

2111 1397 2210 1465 τῆς
2245 1397 2433 1467 χρείας
2469 1400 2766 1465 ἀναγκαῖον
2798 1398 3098 1469 θαυμάζων
3124 1399 3453 1471 θεοποιήσῃς
3480 1400 3677 1470 αὐτὴν,

2112 1488 2349 1542 δείκνυσί
2389 1506 2470 1543 σοι
2520 1490 2725 1563 ταύτην
2777 1491 3155 1544 ἀδιατύπωτόν
3205 1508 3265 1545 τε
3315 1494 3412 1546 καὶ
3441 1493 3679 1564 ἀκαλλῆ,

2116 1582 2227 1634 Καὶ⁸
2258 1581 2366 1649 γὰρ
2381 1580 2523 1635 οὕτω
2550 1581 2956 1652 τὴν“ἀσθένειαν
2983 1582 3242 1653 ὁρῶντες,
3270 1584 3362 1636 τὸν
3386 1584 3481 1636 καὶ
3501 1600 3684 1653 παρα·

2114 1674 2358 1744 γαγόντα
2383 1676 2477 1729 καὶ
2506 1675 2865 1745 κοσμήσαντα
2903 1674 3106 1743 ταύτην
3137 1675 3520 1745 θαυμάζομεν.

449 1789 583 1829 usus
612 1775 734 1844 ejus
784 1774 879 1827 tibi
911 1773 979 1826 sit
1024 1771 1367 1826 necessarius
1418 1768 1793 1830 considerans,
1837 1768 2032 1843 divinis
2064 1768 2361 1822 honoribus
2412 1783 2527 1822 eam
2562 1768 2929 1836 prosequaris,
2984 1767 3269 1822 informem
3322 1767 3465 1820 illam
3497 1774 3552 1820 et
3580 1766 3684 1822 fte-

455 1865 575 1916 dam
612 1862 709 1917 tibi
739 1861 809 1916 ob
857 1861 1043 1915 oculos
1088 1860 1261 1929 ponit.
1301 1856 1416 1914 liae
1460 1857 1604 1913 enim
1657 1855 1890 1924 ratione,
1925 1857 2045 1929 ejus
2079 1857 2326 1914 videntes
2382 1858 2693 1925 utilitatem,
2735 1871 2858 1913 eum
2885 1857 2981 1927 qui
3017 1856 3275 1926 produxit
3301 1864 3359 1912 et
3399 1856 3686 1913 exornavit

451 1947 626 2014 illam,
658 1950 831 2004 solum
868 1950 1228 2029 admiramur.

510 2055 576 2109 Et
636 2053 861 2110 tenebrat
909 2060 1064 2109 erant
1108 2068 1264 2123 super
1289 2052 1479 2124 faciem
1510 2052 1713 2125 abyssi,
1742 2060 1848 2111 etc.
1879 2053 2007 2111 Plu-

2184 2053 2294 2112 Καὶ
2316 2055 2541 2123 σκότος
2564 2049 2643 2127 ἦν
2668 2054 2871 2111 ἐπάνω
2902 2055 3014 2128 τῆς
3034 2056 3337 2113 ἀϐύσσου.
3366 2056 3569 2130 Maxth
3606 2058 3707 2130 λη-

425 2146 625 2203 rimunt
650 2146 908 2214 delirant,
930 2146 1024 2216 qui
1051 2145 1179 2199 mali
1206 2160 1301 2201 seu
1326 2146 1534 2216 peccati
1558 2154 1813 2202 naturam
1839 2163 1900 2203 es
1931 2149 2018 2206 his

425 2237 611 2293 verbis
657 2236 958 2307 ingenitam
1005 2250 1255 2290 asserere
1298 2246 1595 2299 conantur,
1636 2237 1793 2306 quasi
1838 2235 2018 2293 Moses

426 2329 667 2385 voluerit
701 2337 989 2398 peccatum
1025 2343 1147 2383 esse
1181 2323 1476 2395 mternum,
1513 2329 1660 2398 quod
1695 2329 1816 2398 ejus
1856 2345 2020 2400 gene-

435 2422 703 2476 rationem
756 2419 949 2474 nullibi
1001 2418 1490 2485 comrnoustrarit,
1541 2429 1802 2490 praeterea
1850 2423 2018 2477 verbo

318 2570 323 2575 _
429 2510 777 2568 substantive
828 2520 965 2574 erat,
991 2525 1122 2565 usus
1153 2511 1225 2564 sit
1254 2509 1309 2563 in
1339 2511 1622 2580 praesentis
1649 2510 1751 2566 loci
1778 2526 2019 2567 comme-

427 2607 758 2659 moratione.
796 2600 999 2657 Verum
1051 2601 1199 2669 quod
1252 2602 1320 2657 ad
1371 2602 1475 2657 hoc
1523 2604 1749 2658 verbum
1801 2606 2015 2671 attinet,

427 2696 563 2754 satis
594 2696 803 2766 prolixe
830 2710 996 2766 supra
1027 2695 1406 2751 tractavimus.
1434 2693 1572 2751 Nolo
1602 2696 1689 2750 hic
1717 2710 1841 2751 esse
1870 2712 2019 2751 eam-

427 2792 550 2844 dem
592 2789 663 2843 ob
705 2804 819 2843 rem
858 2789 1167 2843 verbosior.
1203 2789 1270 2842 At
1306 2790 1390 2861 (ut
1422 2789 1530 2844 illis
1563 2790 2017 2861 respondeamus)

428 2898 542 2936 rem
575 2896 697 2951 quae
729 2895 838 2934 non
870 2881 1158 2945 subsistit,
1190 2897 1293 2937 nec
1326 2883 1381 2936 in
1411 2884 1620 2937 entium
1655 2899 1887 2940 numero
1918 2899 2017 2955 po-

429 2978 601 3039 nitur,
639 2974 921 3046 quomodo
956 2974 1131 3045 potuit
1165 2974 1352 3031 dicere
1387 2974 1710 3047 Scriptura?
1742 2976 2019 3035 Tenebras

428 3068 574 3124 enim
619 3067 749 3137 quid
794 3066 943 3120 aliud
981 3066 1406 3133 existimaveris,
1444 3084 1608 3138 quam
1655 3070 2016 3139 privationem

428 3160 596 3225 lucis,
630 3174 757 3230 quae
791 3158 1031 3213 nondum
1067 3173 1234 3228 opera
1266 3159 1359 3214 Dei
1396 3175 1682 3231 progressa
1717 3171 1855 3217 erat.
1881 3160 2017 3215 Tum

428 3253 576 3308 enim
626 3265 922 3322 corporum
976 3260 1171 3306 natura
1223 3252 1570 3322 splendorem
1619 3268 1689 3307 ex
1739 3268 1860 3308 sese
1909 3268 2019 3327 non

429 3345 636 3401 habens
681 3346 907 3401 omnino
953 3341 1162 3416 absque
1206 3345 1415 3401 lumine
1457 3346 1543 3400 vel
1585 3346 1836 3402 claritate
1878 3356 2016 3402 erat.

2123 2146 2310 2220 ροῦσιν
2332 2148 2383 2203 οἱ
2412 2146 2507 2201 τοῦ
2542 2146 2716 2201 κακοῦ
2747 2152 2911 2218 φύσιν
2938 2148 3202 2227 ἀγένητον
3232 2149 3296 2202 ἐκ
3358 2147 3565 2202 τούτων
3594 2150 3713 2202 εισ-

2119 2241 2347 2310 άγοντες
2369 2281 2384 2306 ,
2427 2239 2517 2294 διά
2537 2254 2598 2292 τε
2626 2239 2720 2292 τοῦ
2749 2235 2828 2309 ἦν
2857 2238 2952 2293 καὶ
2986 2238 3077 2292 τοῦ
3116 2238 3190 2310 μή
3225 2239 3441 2309 γένεσιν
3480 2238 3714 2304 σκότους

2119 2332 2295 2384 εἰπεῖν
2326 2330 2425 2400 τὴν
2459 2331 2708 2402 Γραφήν.
2757 2330 2918 2383 Ἀλλὰ
2944 2332 3070 2401 περὶ
3100 2331 3201 2399 μὲν
3233 2330 3330 2384 τοῦ
3362 2327 3462 2401 ἦν,
3489 2331 3713 2403 εἴρηται

2120 2423 2191 2476 τὰ
2222 2424 2599 2493 προσήκοντα.
2634 2421 2853 2476 Γένεσιν
2888 2421 2946 2474 δὲ
2976 2422 3304 2493 πράγματος
3328 2423 3713 2477 ἀνυποστάτου

2122 2514 2241 2577 πῶς
2270 2509 2415 2585 εἶχεν
2444 2517 2623 2569 εἰπεῖν
2665 2516 2699 2587 ὴ
2734 2516 2927 2586 Γραφή
2957 2531 2971 2582 ;
3008 2515 3272 2585 Στέρησις
3308 2515 3415 2589 γάρ
3441 2517 3557 2570 ἐστι
3609 2514 3710 2570 τοῦ

2120 2607 2318 2676 φωτὸς,
2351 2602 2422 2661 οὗ
2457 2609 2624 2679 μήπω
2659 2607 2980 2677 γενομένου,
3022 2608 3132 2662 τῶν
3169 2608 3439 2678 σωμάτων
3470 2609 3504 2679 ή
3540 2608 3711 2679 φύσις

2116 2700 2178 2752 τὸ
2206 2699 2377 2768 ways;
2406 2700 2620 2755 οἴκοθεν
2657 2701 2759 2754 οὐκ
2791 2700 3012 2771 ἔχουσα,
3045 2701 3257 2766 πάντως
3282 2702 3587 2770 ἀφώτιστος
3611 2697 3707 2774 ἦν’
3764 2700 3771 2703 ’

2117 2789 2240 2844 ὅθεν
2269 2794 2364 2845 καὶ
2395 2794 2504 2864 ἀὴρ
2546 2793 2641 2847 καὶ
2673 2792 2819 2861 ὕδωρ
2847 2788 2917 2864 ἦν
2955 2794 3248 2847 σκοτεινόν.
3298 2793 3410 2848 Καὶ
3447 2794 3565 2858 πῶς
3596 2793 3712 2866 γὰρ

2117 2883 2342 2937 δυνατὸν
2374 2883 2537 2953 φύσιν
2565 2885 2813 2940 ἐναντίαν
2845 2878 2985 2938 εἶναι
3006 2885 3125 2957 Θεῷ
3149 2904 3164 2953 ;
3195 2885 3228 2957 ἢ
3250 2886 3360 2958 γὰρ
3386 2887 3473 2958 ῐση
3498 2886 3596 2958 τὴν
3617 2886 3714 2939 δύο

2117 2992 2306 3044 ναμιν,
2361 2975 2673 3047 ἢχείρων,
2722 2976 2755 3046 ἢ
2798 2979 3100 3049 κρείττων·
3157 2977 3272 3031 ἀλλ’
3324 2980 3374 3031 εί
3437 2978 3540 3049 μὲν
3588 2980 3708 3051 ἴση,

2119 3068 2434 3138 ἀδιάκριτος
2472 3070 2504 3138 ή
2545 3069 2720 3140 μάχη,
2748 3073 2839 3122 καὶ
2861 3069 3014 3123 οὐδὲν
3051 3070 3241 3141 δράσει
3269 3070 3499 3141 θάτερον
3530 3073 3709 3142 ἐμπο-

2117 3158 2223 3213 δὼν
2248 3160 2369 3230 ἔχον
2398 3159 2459 3211 τὸ
2479 3159 2567 3212 Eas
2578 3178 2668 3231 ρον
2685 3178 2698 3190 ι
2722 3161 2847 3215 εἰδὲ
2876 3164 3101 3235 χείρων,
3133 3161 3251 3227 πῶς
3275 3164 3337 3217 οὐ
3360 3163 3671 3219 κεκώλυκεν
3691 3180 3713 3232 ;

2119 3252 2179 3305 οὐ
2211 3251 2321 3322 γὰρ
2353 3252 2467 3305 ἔστι
2502 3252 2682 3321 λέγειν
2708 3254 2784 3317 ὡς
2811 3255 2914 3310 ἀνὰ
2940 3258 3109 3328 μέρος
3139 3259 3329 3328 κρατεῖ
3357 3257 3452 3310 καὶ
3481 3260 3716 3329 κρατεῖο

2119 3359 2231 3398 ται.
2261 3343 2433 3397 Τοῦτο
2456 3344 2562 3415 γὰρ
2591 3345 2851 3414 δείκνυσι,
2890 3347 3020 3401 ποτὲ
3052 3349 3150 3419 μὲν
3179 3349 3425 3403 ἀσθενεῖν
3445 3392 3459 3416 ,
3489 3351 3620 3404 ποτὲ
3651 3351 3716 3405 δι

429 3438 671 3495 Proinde
714 3454 808 3493 aer
847 3446 902 3493 et
941 3453 1105 3508 aqua,
1146 3437 1414 3493 elementa
1452 3439 1685 3509 caligine
1723 3450 1881 3494 erant
1920 3454 2017 3509 op-

2123 3432 2429 3505 ρὡνυσθαι
2460 3435 2671 3490 τούτων
2693 3437 2955 3509 ἑκάτερον
2987 3455 3001 3470 ⁸
3033 3442 3171 3513 ὅπερ
3194 3441 3378 3495 ἀϊδίων
3405 3441 3717 3515 ἀλλότριον.

430 3545 643 3603 pressa.
680 3530 952 3585 Prteterea
986 3530 1263 3600 quomodo
1291 3529 1557 3600 possibile
1587 3540 1692 3596 est,
1727 3538 1786 3584 ut
1821 3539 2018 3587 natura

431 3623 710 3681 contraria
746 3623 819 3679 sit
857 3621 1005 3678 Deo?
1041 3621 1098 3677 Si
1141 3623 1290 3677 enim
1325 3623 1605 3678 contraria
1640 3630 1724 3679 est
1754 3621 2015 3691 Numici,

432 3725 528 3773 aut
573 3712 756 3786 quoad
805 3715 1135 3785 potentiam,
1184 3714 1433 3784 aequalis,
1476 3723 1571 3769 aut
1618 3713 1881 3781 deterior,
1923 3722 2020 3769 aut

432 3807 707 3876 potentior
745 3804 851 3860 erit
897 3802 1028 3858 Deo.
1072 3803 1133 3858 Si
1176 3805 1416 3874 potentia
1465 3814 1675 3858 naturae
1724 3803 2021 3872 respondet

434 3897 690 3968 potentia:
716 3895 933 3963 divinae,
959 3896 1086 3965 quis
1112 3894 1524 3951 contrarietatis
1552 3908 1790 3965 pugnam
1817 3893 2023 3948 discer-

436 3990 566 4044 net?
604 4004 702 4043 nec
745 3969 978 4043 alterum
1021 3987 1325 4058 quidquam
1373 3985 1586 4042 eﬂiccre
1626 3986 1847 4051 valebit,
1893 4002 2020 4042 cum

437 4081 664 4135 alterum
697 4079 930 4135 subinde
960 4079 1351 4148 impedimento
1382 4079 1454 4133 sit
1484 4077 1751 4133 futurum.
1781 4077 1839 4133 Si
1868 4079 2020 4135 dete-

437 4173 549 4227 rior
576 4170 659 4225 vel
693 4169 964 4224 inﬁrmior
993 4170 1258 4234 creditur,
1291 4184 1398 4238 qua
1431 4169 1646 4222 ratione
1678 4184 1787 4222 non
1820 4168 2022 4239 poterit

436 4281 467 4318 a
496 4262 607 4318 Deo
639 4261 901 4327 inhiberi,
930 4276 997 4316 ne
1027 4260 1157 4332 quid
1188 4275 1416 4316 suorum
1443 4274 1668 4329 operum
1698 4258 1894 4314 faciat?
1920 4260 2021 4315 Sin

437 4356 648 4412 ﬁrmior
682 4363 737 4409 et
777 4353 1054 4424 potentior
1088 4366 1192 4418 εει,
1239 4367 1412 4422 quare
1458 4366 1570 4405 non
1616 4351 1919 4421 prohibuit,
1959 4365 2026 4406 ne

442 4450 583 4505 Deus
617 4449 801 4504 omnia
837 4462 936 4518 pro
972 4463 1072 4503 sua
1106 4447 1387 4500 voluntate
1421 4452 1475 4499 et
1506 4445 1628 4513 jure
1663 4443 1880 4514 ageret?
1912 4444 2025 4500 Nec

437 4541 584 4595 enim
626 4540 809 4596 dicere
849 4538 1000 4604 licet,
1039 4537 1190 4609 quod
1227 4535 1548 4591 vicissitudo
1584 4535 1834 4606 quaedam
1873 4550 2020 4590 nunc

440 4632 767 4704 imperandi,
803 4648 952 4687 nunc
997 4630 1287 4700 imperium
1328 4629 1628 4699 recipiendi
1668 4628 1813 4682 inter
1846 4625 2017 4683 Deum

2125 3525 2250 3591 Πῶς
2282 3527 2339 3581 δὲ
2377 3528 2637 3599 ἀλλήλαις
2675 3528 2919 3585 σύνεισιν
2957 3532 3203 3586 ἐναντίαι
3236 3534 3637 3604 conducunt;
3675 3536 3715 3607 ἢ

2124 3616 2240 3672 ἔστι
2273 3635 2325 3672 τι
2363 3619 2423 3673 τὸ
2451 3619 2723 3690 διορίζονς
2759 3623 2855 3677 καὶ
2902 3625 3132 3695 πότερον
3169 3625 3318 3693 ἴσον,
3351 3625 3384 3698 ἢ
3419 3628 3633 3699 χεῖρον,
3675 3627 3717 3699 ἢ

2126 3714 2405 3783 κρεῖττον;
2448 3711 2621 3768 ταῦτα
2659 3713 2771 3787 γὰρ
2804 3717 2920 3781 τοῖς
2962 3714 3201 3789 πρόσθεν
3248 3717 3611 3789 συμϐήσεται.
3639 3719 3721 3773 Ἦ

2125 3803 2243 3867 πῶς
2274 3803 2538 3875 συνῆλθεν
2572 3805 2823 3877 ἀλλήλοις
2857 3807 2926 3862 τὰ
2958 3807 3166 3863 τούτων
3203 3808 3665 3882 δημιουργήματα
3697 3832 3717 3880 ;

2120 3893 2192 3948 τὰ
2232 3893 2341 3966 γὰρ
2393 3894 2453 3960 ἐξ
2493 3896 2754 3951 ἐναντίων
2785 3898 2879 3951 καὶ
2924 3898 3235 3970 πολεμίων,
3266 3901 3489 3956 ἐναντία
3514 3917 3574 3954 τε
3618 3903 3724 3957 καὶ

2124 3984 2383 4050 πολέμια.
2413 3985 2762 4061 Συνυπάρξαι
2786 3988 2843 4042 δὲ
2873 3986 3113 4056 ἒναντία,
3134 3990 3254 4045 λίαν
3277 3990 3559 4048 ἀδύνατον.
3586 3992 3723 4057 Πῶς

2123 4074 2181 4129 δὲ
2215 4075 2464 4131 πείσεται
2510 4080 2662 4149 παρὰ
2691 4079 2801 4135 τῶν
2830 4080 3076 4153 ἀλλήλων
3108 4082 3232 4150 ἀεί;
3277 4082 3367 4137 διὰ
3396 4083 3568 4137 ταῦτα
3598 4085 3722 4155 γὰρ

2127 4168 2312 4239 ἀπαθῆ
2355 4185 2416 4223 τε
2456 4172 2553 4224 καὶ
2582 4170 2849 4243 ἄτρεπτα.
2885 4172 3008 4236 Πῶς
3051 4173 3107 4227 δὲ
3138 4173 3359 4227 ἐναντία
3394 4174 3491 4245 οὐχ
3519 4174 3625 4228 ὑπὸ
3650 4173 3723 4230 ἐν

2126 4261 2305 4330 γένος,
2360 4263 2498 4334 ὅπερ
2530 4264 2779 4333 κρεῖττόν
2822 4267 2938 4318 ἐστι
2985 4265 3093 4317 τῶν
3125 4264 3300 4331 είδῶν,
3341 4267 3438 4321 καὶ
3476 4267 3619 4321 κατὰ
3649 4267 3723 4323 τδ

2129 4353 2289 4423 γένος
2314 4356 2541 4418 ’πάντως
2574 4355 2878 4427 καθέστηκε
2912 4357 3212 4426 συγγενές;
3242 4359 3342 4412 οὐκ
3370 4359 3472 4431 ἄρα
3505 4376 3720 4414 παντε-

2128 4446 2237 4508 λῶς
2267 4445 2485 4499 ἐναντία
2512 4461 2525 4475 ’
2567 4445 2683 4510 πῶς
2710 4447 2767 4498 δὲ
2796 4448 3036 4515 ἐναντία,
3073 4448 3147 4519 μὴ
3180 4449 3502 4520 ποιότητες;
3532 4451 3721 4507 οὐσίαι

2126 4538 2235 4609 γὰρ
2267 4538 2420 4591 οὐδὲν
2454 4539 2719 4594 ἐναντίον.
2750 4541 2927 4596 Πολλὰ
2959 4541 3141 4613 λέγειν
3176 4538 3321 4614 εῐχον
3352 4544 3402 4596 εί
3442 4542 3600 4596 τοῦτο
3645 4538 3723 4616 ἦν

2124 4631 2186 4683 τὸ
2211 4630 2594 4703 προκείμενον.

437 4740 493 4783 et
518 4736 770 4783 naturam
797 4726 1083 4781 consistat.
1112 4722 1248 4777 Nam
1282 4723 1362 4779 sic
1390 4723 1753 4785 elucesceret,
1784 4736 1909 4776 eum
1941 4721 2216 4777 interdum
2254 4732 2551 4794 potentem,
2616 4723 2889 4778 interdum
2954 4739 3085 4781 vero
3151 4726 3503 4797 impotentem
3569 4742 3721 4788 esse.

442 4818 748 4891 Utrumque
786 4817 931 4874 enim
975 4818 1044 4873 ab
1086 4827 1294 4873 aeterno
1336 4816 1739 4871 alienissimum
1782 4827 1884 4869 est.
1920 4814 2026 4869 Aut
2065 4818 2342 4885 quomodo
2374 4816 2520 4871 inter
2552 4832 2610 4872 se
2642 4819 2994 4885 convenient,
3028 4834 3152 4874 cum
3220 4820 3332 4876 sint
3398 4823 3726 4881 contraria?

442 4913 557 4971 Erit
589 4914 755 4984 igitur
781 4912 1023 4983 aliquid,
1055 4915 1202 4984 quod
1234 4922 1531 4983 utrumque
1561 4911 1905 4966 disterminet
1936 4911 2020 4965 vel
2088 4910 2362 4985 sejungat.
2391 4911 2448 4968 Id
2474 4928 2622 4979 vero,
2685 4922 2779 4968 aut
2838 4914 3071 4983 aequale,
3096 4923 3191 4971 aut
3216 4916 3475 4984 deterius,
3500 4929 3594 4973 aut
3623 4917 3727 4973 ﬁr-

2655 4996 2664 5021 l

514 5107 558 5139 ι’
581 5106 690 5159 lsa.
729 5116 882 5166 xm,
919 5098 1009 5156 i6.

514 5288 610 5354 tm)
647 5285 818 5352 Τίνος
852 5283 921 5337 δὲ
963 5281 1162 5336 ἕνεκα.
1199 5279 1324 5335 llaec
1365 5288 1449 5354 est
1512 5275 1745 5354 quaestio
1782 5274 2027 5354 Chryso-

443 5347 606 5409 stomi
642 5356 709 5409 ad
734 5347 1067 5424 lt.'l.,quant
1101 5350 1466 5424 vero,quoad_
1492 5347 1691 5424 verba.
1724 5347 2035 5424 immutat-it
2136 5347 2350 5424 stemus
2397 5353 2497 5424 ita
2525 5347 2796 5424 expressit
2837 5347 3021 5424 silva-

444 5424 762 5495 Procopius.
813 5416 1097 5479 llle'euim
1141 5416 1243 5495 sic
1269 5416 1545 5495 quaerebat
1569 5436 1592 5495 _:
1627 5417 1786 5495 Τίνος
1814 5416 2031 5495 ἓνεθξεν,

444 5486 707 5581 «suo»
734 5495 833 5581 τδν.
860 5494 959 5581 ex
988 5486 1469 5581 οὐρακεδνρεμδρξν
1491 5486 2032 5581 reservasse

445 5556 760 5635 napﬁ'yavs,
783 5556 882 5694 7?":
910 5565 967 5618 δὲ
1007 5556 1109 5636 γῆν
1133 5556 1461 5633 ἀμόρφωτον
1489 5556 1731 5639 an-55v;

518 5644 594 5694 tu)
632 5638 818 5694 Tpdzts
849 5652 904 5688 (ι.
957 5635 1030 5687 Ita
1076 5636 1373 5694 Procopius
1416 5636 1650 5694 mutavit
1697 5629 1731 5680 tl

518 5623 904 5707 (ἰιΪΤριίξτεζίι.
957 5623 1031 5707 Ita
1067 5623 1373 5707 Procopi-ns
1416 5631 1650 5707 mutavit
1697 5628 1785 5707 illa
1822 5623 2024 5707 ~Chry-

445 5698 677 5777 soStomi
707 5698 1061 5777 εβΕξαὺτῆς
1104 5698 1622 5777 (γῆςί-τρεφόμεθα,
1660 5698 1889 5753 καὶτῶν
1928 5715 2022 5768 μυ-

446 5777 578 5848 ρίων
615 5774 836 5846 ᾁγαθῶν
865 5775 930 5830 δι’
971 5771 1145 5847 αὐτῆξ
1167 5771 1537 5842 ἀπολαύομεν.

2206 5279 2281 5349 (ο)
2315 5281 2448 5335 Ἵνα
2471 5277 2707 5350 minui.
2743 5280 2870 5336 Haec
2896 5292 2950 5337 et
2990 5297 3109 5352 qua:
3134 5293 3441 5351 sequuntur
3477 5280 3731 5352 Chryso-

3074 5354 3148 5423 μὴ
3170 5354 3258 5407 διὰ
3297 5355 3358 5407 τὸ
3398 5354 3498 5423 τῆς
3526 5356 3731 5423 χρείας

2133 5422 2432 5495 ᾁναγτιαῖον
2479 5421 2618 5495 ὑπὲρ
2655 5423 2753 5495 τὴν
2802 5422 2960 5495 ἀξίαν
3015 5421 3184 5494 αὐτὴν
3242 5421 3463 5495 τιμήσῃ
3500 5421 3574 5476 eo“
3607 5426 3730 5478 τῶν

2131 5492 2437 5565 ἀνθρώπων
2462 5491 3030 5565 γένος-δείκνυσίμσοι
3060 5491 3231 5565 αὑτὴν
3252 5491 3518 5564 πρότερον
3543 5496 3731 5564 ἀμόρ-

2132 5563 2446 5635 φωτονᾲκαλ
2475 5562 2888 5635 ᾀδιατύπωτον·
2927 5563 3011 5635 ἵνα
3047 5563 3125 5635 μὴ
3165 5562 3230 5635 τῇ
3262 5562 3731 5635 ,τύσείῄτῆςλγῆς

2130 5632 2230 5715 τὰς
2280 5630 2339 5711 eg
2376 5632 2547 5717 αυτῇς
2594 5633 2915 5717 εὐεργεσίας
2962 5630 3178 5707 λογίσῃ,
3206 5630 3360 5717 ἀλλὰ
3394 5632 3473 5704 τῷ
3512 5630 3732 5706 ταύτην

2133 5704 2197 5756 ἐκ
2233 5703 2330 5757 τοῦ
2375 5704 2451 5774 μὴ
2479 5702 2631 5768 ὄντος
2659 5701 2744 5768 si;
2772 5704 2834 5759 τὸ
2862 5701 3002 5759 εἶναι
3033 5701 3435 5777 παρἀγαγόντι.
