3922 6230
272 633 351 672 tuo
375 613 597 670 naturali
633 613 775 666 inter
800 624 859 663 se
888 604 1160 661 discordia
1190 599 1560 656 dissidebunt.
1589 596 1784 649 Verum
1812 634 1826 658 ,
1865 599 1924 646 ut
1976 591 2142 646 simul
2199 588 2501 644 subsistant
2534 593 2587 640 et
2653 593 3040 654 permaneant,
3081 586 3184 656 ιο
3251 600 3513 655 perquam

270 706 578 780 impossibile
610 713 716 759 est.
749 700 856 767 Qui
893 699 1061 767 igitur
1091 697 1325 750 alterum
1360 690 1575 760 patiens
1598 725 1613 751 ,
1647 685 1879 739 alterum
1916 698 2085 753 agens
2106 721 2120 746 ,
2159 691 2211 735 et
2240 680 2481 735 vicissim
2514 692 2635 732 esse
2653 678 2866 780 poterit
2881 678 2916 780 ?.
2932 677 3157 780 Propter
3189 679 3306 734 haac
3337 679 3515 749 siqui-

272 771 372 858 dem
424 815 520 855 nec
566 796 882 868 passionem
934 806 1033 845 nec
1082 788 1442 843 mutationem
1492 779 1824 850 suscipiunt.
1870 776 1947 830 Ad
1981 776 2096 830 haec
2126 790 2252 829 cum
2285 774 2395 830 sint
2424 771 2737 833 contraria,
2769 772 2872 825 sub
2905 772 3044 826 idem
3108 789 3279 843 genus
3346 776 3511 830 redue

270 882 459 960 rentur,
489 866 634 962 quod
665 895 921 957 utroque,
951 890 1139 953 utpote
1172 877 1486 949 speciebus,
1519 875 1623 929 erit
1662 871 1961 941 potentius.
2001 867 2133 962 biant
2211 881 2374 920 omne
2448 866 2501 919 in
2541 878 2739 962 gen-ere
2779 866 3031 941 consistit
3071 866 3180 962 sibi
3254 878 3513 939 cognato.

270 988 370 1043 Non
409 956 570 1056 iqitur
606 996 701 1052 per
734 956 920 1033 omnia
965 981 1096 1030 sunt
1138 969 1437 1026 contraria.
1501 965 1702 1019 Verum
1755 977 1862 1031 qua
1938 958 2150 1012 ratione
2201 965 2364 1011 erunt
2390 956 2711 1056 contraria,
2758 970 2882 1009 cum
2936 972 3043 1010 non
3092 956 3402 1015 referantur
3444 962 3512 1017 ad

271 1045 727 1152 medicamen-tum
765 1064 1095 1139 qualitatis?
1130 1060 1463 1117 Substautirc
1497 1057 1644 1113 enim
1681 1053 1818 1108 nihil
1860 1049 2199 1107 contrarium
2244 1057 2348 1102 est.
2389 1047 2555 1100 Multa
2602 1045 2877 1102 adducere
2939 1051 3283 1118 potuissem,
3336 1053 3406 1110 si
3450 1071 3515 1113 ea

273 1175 327 1229 de
352 1186 405 1226 re
430 1169 611 1225 dicere
642 1177 790 1219 nunc
821 1157 1210 1214 instituissem.

327 1313 469 1370 Δξτία
507 1311 564 1365 δὲ
591 1307 686 1361 τοῦ
726 1304 960 1377 ἀοράτου
990 1303 1094 1374 τῆς
1129 1302 1265 1372 γῆς,
1291 1299 1352 1353 τὸ
1381 1293 1692 1353 ἐπικεῖσθαι
1722 1292 1825 1364 τὴν

1984 1287 2267 1343 'Czeterum
2303 1291 2506 1341 terram
2543 1282 2712 1338 fufsse
2742 1282 3183 1352 inconspicuam,
3215 1298 3385 1340 causa
3429 1294 3515 1340 est

264 1407 481 1460 ἄϐυσσον
508 1418 521 1431 ·
578 1375 820 1460 ἄϐυσσος
865 1397 924 1450 δὲ
970 1394 1175 1465 πλῆθος
1220 1391 1451 1452 ὑδάτων,
1502 1387 1829 1454 δυσέφικτον

1938 1381 2112 1452 abyssi
2144 1378 2449 1441 inundatio,
2478 1392 2601 1447 quae
2631 1376 2779 1431 illam
2809 1375 3034 1430 obtexit.
3066 1376 3314 1447 Abyssus
3345 1392 3513 1448 aqua-

271 1499 378 1569 εχον
395 1496 451 1548 τὸ
480 1492 658 1563 πέρας
693 1490 789 1544 ἐπὶ
808 1491 877 1541 τὰ
905 1488 1077 1541 κάτω.
1114 1484 1213 1539 Διά
1237 1482 1300 1536 τὸ
1325 1481 1577 1535 πλεῖστον
1605 1473 1698 1531 οῦν
1735 1475 1830 1545 βά-

1938 1488 2053 1526 rum
2084 1470 2446 1525 redundantia
2475 1477 2581 1532 est,
2611 1465 2775 1536 cujus
2803 1466 2984 1528 finem,
3012 1466 3056 1520 si
3088 1466 3517 1537 profunditatem

270 1556 345 1652 θδς
373 1588 459 1642 καὶ
482 1556 769 1654 τὸ-.μήπω
829 1578 1111 1649 γεγονέναι
1140 1575 1200 1630 τὸ
1228 1575 1364 1643 φῶς,
1387 1573 1618 1643 ἀόρατος
1649 1571 1829 1639 ὑπῆρει

1938 1564 2215 1633 inquiras,
2253 1562 2522 1630 attingere
2566 1560 2781 1629 nequis.
2804 1556 3165 1638 Quapropter
3201 1576 3323 1614 cum
3367 1570 3519 1615 tanta

268 1649 387 1751 χενὴ
410 1680 495 1748 γῆ.
514 1649 633 1730 Οὐκ
783 1668 1095 1742 θαυμαστὸν
1125 1669 1176 1721 εἰ
1194 1664 1401 1737 πρὺ,τὸ
1422 1662 1827 1751 φῶς,λσκότος⁹

1938 1663 2079 1710 esset
2127 1666 2393 1724 aquarum
2444 1649 2822 1720 profunditas,
2870 1665 2969 1704 nec
3022 1652 3186 1704 etiam
3228 1651 3332 1706 lux
3381 1652 3525 1705 foret

267 1741 498 1840 οὑδὲ-γάρ
530 1741 839 1823 ὑπόστασιν
886 1741 1172 1832 κέκτηται,
1202 1757 1430 1827 δυνάμει
1468 1754 1526 1808 δὲ
1565 1749 1831 1822 φωτιστὸν

1938 1753 2139 1808 creata,
2183 1741 2384 1797 accidit
2458 1748 2516 1794 ut
2559 1748 2706 1795 terra
2762 1755 2869 1795 non
2922 1741 3165 1811 potuerit
3208 1741 3403 1797 videri.
3447 1741 3524 1795 Nc

266 1865 366 1916 ἐστι
392 1860 568 1931 φωτὸς
609 1855 918 1928 παρουσίας
964 1853 1241 1923 δεόμενον.
1281 1848 1419 1919 ’Δὴρ
1465 1847 1573 1917 γάρ
1602 1846 1719 1896 ἐστι
1749 1842 1832 1894 δε-

266 1953 429 2015 κτικὸς
469 1950 567 2004 τοῦ
603 1949 812 2019 φωτός·
861 1946 922 1999 οὐ
979 1943 1114 1997 καθὸ
1152 1942 1261 2013 ἀὴρ
1314 1939 1504 2002 σκότος
1548 1935 1830 2004 ὑπάρχων,

263 2044 641 2114 ἑπισυμὸαῖνον
687 2041 746 2094 δὲ
788 2038 951 2093 τοῦτο
996 2036 1196 2106 λαχών.
1249 2032 1489 2101 Δυνάμει
1531 2046 1584 2082 τι
1604 2027 1707 2091 δν,
1739 2026 1833 2080 τοῦ

268 2140 376 2193 κατ’
424 2139 715 2209 ἐνέργειαν
761 2131 909 2204 ἀρχῆ
958 2131 1053 2184 καὶ
1097 2128 1252 2197 φίλον
1284 2126 1403 2178 ἐστὶ
1445 2124 1540 2177 καὶ
1570 2120 1836 2189 συγγενὲς

234 2230 320 2285 δι’
341 2228 501 2284 αὑτοῦ
534 2225 945 2295 τελειούμενον.
988 2222 1062 2274 Τὸ
1083 2220 1140 2273 δὲ
1161 2220 1343 2286 λέγειν
1373 2216 1518 2269 κατὰ
1552 2214 1652 2284 τὴν
1685 2211 1836 2265 ἀντί.-

262 2324 446 2395 φραξιν
494 2318 698 2390 νοητοῦ
744 2316 924 2386 φωτὸς
954 2312 1242 2383 γεγονέναι
1270 2310 1332 2363 τὸ
1360 2307 1573 2370 σκοτδς,
1604 2306 1652 2357 εί
1678 2303 1835 2372 λόγον

265 2416 663 2487 εὐπαράδεκτον
694 2412 811 2481 ἔχει
840 2408 1233 2477 σκοπήσωμεν.
1267 2400 1331 2455 Τί
1359 2402 1468 2471 γὰρ
1493 2437 1508 2462 ,
1553 2397 1679 2450 εἰπέ
1722 2412 1832 2467 μοι,

266 2508 359 2560 τῶν
405 2506 683 2576 σωμάτων
724 2500 912 2571 νοητὸν
963 2497 1079 2567 φῶς
1117 2491 1447 2564 ἀντιφράξαι
1500 2488 1833 2558 δυνήσεται;

265 2598 380 2661 Θεὸς
405 2597 514 2667 γὰρ
542 2596 709 2649 τοῦτο

1934 1837 2101 1906 igitur
2151 1834 2409 1896 mireris,
2464 1832 2510 1887 si
2569 1833 2809 1889 tenebrae
2859 1841 3263 1903 praecesserunt
3318 1835 3518 1888 lucem.

1934 1928 2072 1983 Nam
2108 1928 2357 1985 tenebrae.
2383 1942 2479 1995 per
2513 1941 2572 1980 se
2610 1942 2719 1979 non
2756 1925 3092 2005 subsistunt,
3129 1932 3185 1978 at
3219 1936 3359 1995 aptae
3394 1935 3526 1980 sunt

1935 2008 2268 2081 illuminari,
2318 2017 2566 2086 lucisque
2612 2015 2903 2086 praesentia
2949 2027 3126 2086 egent.
3172 2017 3280 2070 Aer
3319 2017 3523 2071 etenim

1937 2109 2312 2179 susceptibilis
2347 2116 2430 2163 est
2465 2108 2637 2171 lucis,
2674 2123 2784 2177 non
2821 2108 3092 2162 exsistens
3125 2117 3398 2178 quatenus
3432 2123 3526 2163 aer

1933 2210 2022 2257 est
2056 2202 2238 2271 caligo
2276 2218 2291 2255 :
2330 2201 2470 2255 hanc
2507 2216 2638 2256 vero
2674 2194 3101 2255 accidentari‘am
3140 2209 3230 2255 est
3256 2200 3523 2271 adeptus.

1937 2296 2006 2346 At
2037 2293 2181 2363 quod
2215 2293 2455 2363 potentia
2486 2300 2605 2357 est,
2638 2290 2758 2361 cjus
2788 2291 2934 2362 quod
2969 2293 3190 2363 euergia
3250 2302 3333 2348 est
3371 2294 3528 2363 prin-

1937 2380 2138 2454 cipium
2180 2381 2520 2454 perhibetur,
2552 2383 2713 2453 eique
2747 2385 2985 2437 amicum
3021 2393 3076 2437 et
3107 2395 3405 2454 cognatum
3436 2387 3527 2454 ju-

1938 2477 2182 2538 dicatur,
2216 2486 2274 2528 ut
2309 2490 2407 2545 per
2435 2474 2586 2545 quod
2618 2474 2890 2529 invenerit
2919 2474 3527 2544 perfectionem.«Quoil

747 2566 841 2646 καὶ
866 2593 901 2661 ἡ
935 2566 1147 2643 ἐκεῖθεν
1180 2588 1290 2649 τοῖς
1318 2583 1530 2653 νοητοῖς
1564 2593 1835 2650 χορηγου-

1938 2573 2125 2620 autem
2164 2566 2373 2619 dicitur
2401 2566 2666 2621 tenebras
2699 2576 2865 2620 natas
2894 2580 3020 2621 esse
3049 2581 3114 2620 ex
3146 2567 3530 2622 obstructione

270 2658 388 2760 PéV‘i
415 2658 529 2759 ξυίή
563 2703 628 2740 τε
656 2686 763 2739 οιαὶ
791 2658 1081 2751 saepe“.
1129 2677 1465 2745 Ἐτόλμησαν
1492 2672 1551 2726 δέ
1579 2689 1725 2734 τινες
1753 2672 1832 2722 εί-

1938 2659 2241 2715 invisihilis
2284 2659 2369 2712 vel
2411 2659 2808 2713 intellectualis
2850 2658 3023 2722 lucis,
3064 2658 3356 2714 videamus
3399 2676 3527 2714 num

267 2784 374 2836 πεῖν
396 2782 476 2833 ὅτι
501 2779 696 2839 σκότος
718 2777 746 2827 ὁ
771 2771 1014 2833 διάϐολός
1040 2764 1473 2829 ὲστιν,ά6υσσος
1491 2764 1539 2816 οἱ
1555 2761 1642 2815 δαί
1650 2774 1831 2831 μονεςο

268 2875 345 2926 ὅτε
374 2873 426 2925 δὲ
478 2865 846 2929 εῐπενὸΘεδς,
867 2882 885 2913 ι
904 2856 1342 2931 Γενηθήτωφῶς,
1370 2874 1388 2905 ι
1419 2854 1680 2922 γέγονενὸ
1710 2851 1837 2913 Υἱὸς

267 2964 349 3018 τοῦ
379 2960 533 3017 Θεοῦ.
569 2958 684 3013 Καὶ
706 2957 808 3010 οὐκ
846 2952 1199 3023 αἰσχύνονται
1237 2948 1333 3001 τοῦ
1361 2944 1494 2998 Υίοῦ
1525 2941 1835 3015 πρεσϐύτε-

256 3075 350 3128 ,ρον
368 3057 453 3111 τὸν
475 3051 730 3108 διάϐολον
754 3049 1025 3116 λέγοντες,
1053 3046 1147 3099 καὶ
1170 3043 1260 3096 τὸν
1279 3037 1510 3111 οὐρανόν
1531 3052 1591 3090 τε
1613 3035 1706 3089 καὶ
1734 3036 1835 3128 τὴν

268 3126 469 3219 γῆν,-δι’
519 3139 586 3203 οὗ
625 3143 721 3197 καὶ
757 3140 934 3194 ταῦτα
995 3137 1233 3206 ἐγένετο.
1277 3132 1422 3204 Πλὴν
1475 3131 1558 3183 ὅτι
1594 3126 1835 3219 γεγονως

268 3216 450 3312 ἀγαθὸς
474 3240 502 3293 ὁ
524 3234 778 3296 διάϐολος
804 3231 864 3295 ἐξ
878 3228 1071 3283 ἑαυτοῦ
1091 3222 1364 3298 προῆλθεν
1388 3219 1655 3312 διάϐολος.
1682 3235 1702 3269 ι
1725 3216 1838 3312 Τῆς

267 3306 321 3389 δέ
345 3332 606 3394 ἀϐύσσου,
629 3347 649 3380 ι
684 3323 876 3387 εἰπὼν,
909 3312 1417 3391 συμπεριεχομένης
1460 3310 1573 3373 τοῖς
1610 3306 1840 3377 γενομέ-

1942 2771 2248 2824 congruam
2282 2756 2371 2809 vel
2411 2756 2756 2824 probabilem
2794 2753 3069 2810 rationem
3109 2755 3329 2809 haheat.
3366 2755 3527 2819 Nam,

1942 2848 2303 2919 quasso,mihi
2334 2856 2583 2914 narrato,
2612 2848 2891 2917 quodnam
2918 2863 3122 2917 corpus
3153 2848 3531 2903 intellectuale

1943 2940 2121 2994 lucem
2150 2954 2254 2994 suo
2279 2940 2543 3009 oppositu
2574 2940 2877 2994 obscurare
2908 2938 3125 3008 potest?
3155 2939 3298 2995 Deus
3325 2942 3529 2995 etenim

1941 3044 2028 3087 est
2061 3032 2154 3086 lux
2189 3032 2283 3087 illa
2322 3033 2627 3089 invisibilis
2662 3050 2675 3086 :
2711 3032 2822 3087 vita
2858 3038 2913 3085 ct
2948 3033 3292 3088 illuminatio
3324 3049 3391 3088 ex
3426 3033 3533 3086 hoc

1939 3124 2094 3180 fonte
2125 3125 2516 3195 spiritualibus
2543 3126 2820 3181 hauritur.
2854 3123 3089 3193 Quidam
3124 3125 3245 3180 ausi
3280 3135 3415 3181 sunt
3445 3127 3533 3182 di-

1903 3217 2066 3271 'cere
2105 3217 2384 3272 diabolum
2429 3215 2607 3273 fuisse
2644 3217 2770 3273 illas
2814 3217 3073 3272 tenebras
3115 3235 3128 3271 :
3171 3226 3229 3272 et
3269 3217 3529 3287 abyssum

1940 3309 2120 3361 malos
2149 3307 2431 3364 daemones
2463 3322 2591 3363 esse
2621 3316 2869 3363 statuere
2890 3315 3199 3377 ;.praeterea
3231 3322 3356 3362 cum
3388 3307 3532 3363 Deus

269 3444 364 3488 νοις
392 3419 751 3495 ὲμνήσθη,ὡς
789 3415 940 3485 δηλοῖ
967 3411 1027 3465 τὸ
1049 3408 1251 3481 ἄρθρον
1281 3406 1341 3459 τὸ
1366 3403 1515 3495 τῆς]
1536 3400 1725 3469 ὥσπερ
1746 3396 1835 3495 καὶ

1944 3399 2148 3454 dixerit
2170 3418 2227 3454 τι
2240 3399 2360 3455 Fiat
2378 3402 2499 3457 lux:
2529 3421 2550 3453 ›
2571 3401 2948 3472 prodiisse'_vel
2968 3412 3152 3456 uatum
3173 3417 3297 3456 esse
3324 3400 3531 3457 Filium

284 3487 358 3581 τὸ,
375 3536 394 3569 ι
416 3487 639 3569 (Επάνω
666 3509 760 3564 τοῦ
788 3508 995 3566 ὓδατος·
1014 3519 1039 3555 ι
1060 3500 1149 3554 διὰ
1173 3497 1281 3568 γὰρ
1311 3492 1544 3566 τῆς.τῶν
1568 3487 1846 3560 περιεχόν-

270 3627 361 3662 των
400 3603 765 3678 δημιουργίας
815 3590 1155 3664 ωνεδηλὼθη
1204 3588 1301 3642 καὶ
1340 3586 1409 3640 τὰ
1449 3582 1834 3656 περιεχόμενα.

1945 3487 2063 3544 Dei.
2095 3488 2296 3543 Mirum
2331 3491 2580 3560 profecto
2611 3500 2729 3556 est,
2762 3491 2910 3562 quod
2944 3491 3257 3560 nornpudot
3284 3507 3381 3548 eos
3412 3490 3534 3546 (lia-

1941 3579 2154 3649 bolum,
2185 3582 2385 3637 caelum
2422 3591 2763 3655 terramque,
2795 3600 2917 3653 quas
2945 3585 3131 3639 omnia
3163 3591 3348 3640 creata
3378 3593 3529 3648 sunt,

266 3701 391 3756 Filio
438 3671 532 3755 Dei
565 3671 883 3764 antiquiora
927 3695 1208 3743 astruere.
1251 3681 1365 3736 Sua
1407 3677 1630 3749 quidem
1678 3671 1963 3728 creatione
1998 3674 2177 3728 bonus
2213 3681 2334 3728 erat
2371 3674 2633 3733 diabolus
2668 3693 2682 3731 :
2716 3677 2867 3747 quod
2903 3687 3083 3731 autem
3137 3689 3286 3730 nunc
3318 3676 3533 3733 calum,

273 3797 433 3850 uiator
462 3801 517 3848 et
553 3792 739 3845 malus
773 3792 884 3845 est,
927 3784 980 3836 id
1050 3796 1116 3835 ex
1188 3790 1311 3834 sese
1346 3775 1532 3843 habet.
1556 3791 1574 3822 ι
1618 3770 1795 3838 Super
1824 3767 2095 3837 abyssum
2136 3788 2155 3821 ›
2197 3770 2410 3839 inquit,
2446 3773 2592 3841 quod
2631 3770 2880 3843 undique
2914 3773 3304 3828 continebatur
3330 3772 3405 3826 ah
3443 3773 3533 3827 his

274 3907 377 3961 quae
404 3886 634 3944 condita
662 3890 847 3944 erant,
874 3879 1044 3933 sicuti
1076 3883 1265 3930 monet
1304 3869 1584 3927 articulus
1612 3865 1734 3936 τῆς,
1760 3862 1811 3917 id
1832 3868 1918 3916 est
1941 3862 2083 3919 hanc
2106 3904 2122 3929 ,
2155 3869 2320 3924 sicuti
2357 3877 2410 3922 et
2444 3869 2499 3923 in
2520 3868 2623 3925 hoc
2658 3869 2780 3923 loco
2817 3887 2858 3921 τι
2881 3869 3063 3939 Supra
3084 3869 3226 3923 hanc
3263 3882 3525 3938 aquam.»

271 3956 389 4040 liam
425 3981 723 4039 continens
760 3973 1034 4044 accipitur
1070 3983 1171 4039 pro
1207 3973 1491 4031 contento,
1534 3960 1679 4033 quod
1713 3956 2015 4026 Scriptura:
2045 3974 2216 4017 sacrae
2249 3962 2544 4018 admodum
2580 3962 2849 4020 familiare
2870 3969 2981 4017 est.

332 4120 426 4173 Kal
455 4116 697 4185 πνεῦμα
724 4112 871 4168 Θεοῦ
896 4108 1217 4180 ἐπεφέρετο
1238 4106 1439 4161 ἐπάνω
1462 4102 1565 4158 τοῦ
1596 4100 1833 4163 ὕδατος.

1944 4092 1949 4093 ί
2014 4097 2084 4152 Et
2126 4103 2346 4171 spiritus
2390 4100 2485 4156 Dei
2525 4079 2764 4156 merebat
2811 4101 3070 4169 se‘super
3110 4101 3306 4172 {ac’em
3358 4118 3527 4171 aqua-

273 4212 322 4262 Oi
354 4210 446 4279 μέν
493 4225 633 4278 φασι
661 4206 721 4258 τὸ
749 4203 975 4273 Πνεῦμα
1007 4202 1068 4254 τὸ
1095 4200 1251 4267 ἅγιον
1278 4216 1290 4229 ·
1323 4197 1445 4251 ὅθεν
1477 4189 1840 4265 προσκεῖσθαι

274 4302 352 4355 καὶ
373 4303 430 4354 τὸ
452 4321 468 4354 ι
506 4298 670 4365 Θεοῦ,
705 4317 724 4349 ι
757 4298 894 4365 ὅπερ
921 4294 1014 4347 ἐπὶ
1047 4292 1208 4364 μόνου
1226 4289 1319 4343 τοῦ
1340 4288 1496 4358 ἁγίου
1524 4283 1842 4352 Πνεῦματος

272 4393 523 4459 λέγεσθαι.
579 4388 839 4443 Τοιοῦτόν
882 4403 935 4438 τι
987 4384 1095 4455 γὰρ
1143 4381 1541 4454 ὑποσημαίνειν
1583 4377 1682 4449 τὴν
1733 4374 1840 4426 τῶν

288 4481 538 4552 Ἑϐραίων
570 4480 757 4549 corripi
790 4477 847 4530 τὸ
872 4476 1034 4529 οἱονεὶ
1057 4473 1284 4527 θάλπειν
1314 4470 1528 4544 ὄρνιθος
1557 4470 1714 4539 δίκην
1744 4464 1841 4518 καὶ

276 4577 423 4627 κινεῖν
465 4573 603 4644 πρὸς
644 4569 940 4638 ζωογονίαν
981 4568 1042 4619 τδ
1070 4564 1216 4635 ὕδωρ
1247 4582 1260 4595 ·
1293 4563 1368 4627 ὡς
1401 4561 1466 4616 ἂν
1514 4560 1700 4631 δειχθῇ
1729 4557 1839 4611 τῶν

276 4666 531 4735 στοιχείων
550 4666 584 4733 ἡ
606 4661 766 4730 φύσις
792 4658 958 4731 μηδὲν
977 4657 1189 4711 οἴκοθεν
1206 4656 1404 4725 ἔχουσα
1417 4652 1554 4722 πρὸς
1570 4652 1632 4704 τὸ
1655 4649 1760 4720 ἁμέ
1771 4668 1839 4718 μ-

274 4774 403 4819 me);
422 4756 515 4819 τὰς
563 4755 704 4817 ἰδίας
731 4754 813 4804 ὲνε
825 4751 1011 4821 ργείας
1036 4747 1319 4802 ἀποτελεῖν
1342 4741 1453 4799 οἷον
1486 4743 1772 4811 ζωογονεῖν
1804 4738 1837 4809 ἢ

274 4844 495 4899 θάλπειν·
516 4847 659 4914 ὅπερ
675 4844 775 4896 οῦκ
801 4842 957 4911 ἔσχεν
991 4842 1023 4911 ή
1044 4840 1152 4892 τῶν
1185 4838 1450 4907 Ἑλλήνων
1466 4834 1553 4887 διὰ
1583 4834 1712 4902 μιᾶς
1737 4830 1838 4900 τῆς

273 4937 446 5004 λέξεως
473 4937 825 5010 παραστῆσαι
856 4928 1175 5002 φωνὴ,νεῖπε
1193 4933 1272 4996 τὸ,
1302 4929 1645 4999 ἐπεφέρετο,
1685 4927 1836 4998 ῥῆμα

275 5030 400 5083 θείου
419 5031 555 5084 Πνεύ
566 5044 733 5098 ματος
754 5028 894 5095 ἄγαν
912 5022 1215 5095 ἀλλότριον·
1236 5026 1284 5077 εί
1303 5024 1376 5095 μή
1390 5039 1474 5085 τις
1488 5022 1563 5084 ὡς
1581 5020 1661 5084 τὸ,
1696 5023 1837 5074 Κατ-

273 5117 363 5186 ἐϐη
403 5122 431 5172 ὁ
463 5119 597 5180 Θεὸς
634 5119 728 5171 καὶ
748 5116 931 5182 ἀνέϐη
962 5117 1055 5169 καὶ
1079 5114 1438 5183 περιεπάτει,
1472 5114 1568 5166 καὶ
1606 5111 1674 5164 τὰ
1722 5127 1835 5163 τοι-

275 5205 418 5271 αῦτα,
453 5209 549 5261 καὶ
574 5206 734 5260 τοῦτο
764 5206 1033 5275 νοήσειεν.
1068 5206 1131 5257 Oi
1158 5204 1235 5266 δὲ,
1260 5202 1419 5257 τοῦτο
1457 5203 1553 5272 μὲν
1582 5200 1836 5253 ἀπεδοκί-

278 5316 461 5368 μασανο
478 5302 552 5372 μὴ
574 5302 682 5372 γὰρ
707 5299 814 5353 δεῖν
832 5301 897 5371 τῇ
923 5299 1099 5353 κτίσει
1119 5297 1574 5369 συναριθμεῖσθαι
1597 5296 1656 5349 τὸ
1678 5297 1832 5351 am.

275 5404 382 5444 στον
405 5408 419 5422 ⁸
446 5392 668 5463 Πνεῦμα
692 5392 748 5445 δὲ
778 5391 915 5444 Θεοῦ
936 5391 1027 5443 τὸν
1042 5391 1180 5460 ἀέρα
1218 5388 1503 5459 σημαίνειν
1536 5387 1828 5441 ὑπέλαϐον.

276 5479 371 5533 Καὶ
392 5483 476 5537 διὰ
492 5484 572 5543 τί.
599 5482 769 5563 Geor");
793 5484 845 5536 τί
865 5482 975 5552 γὰρ
990 5482 1095 5535 τῶν
1114 5472 1318 5534 λοιπῶν
1337 5480 1397 5532 οὐ
1420 5477 1580 5545 Θεοῦ;
1611 5478 1829 5550 Ἐπειδὴ

1946 4189 2083 4246 rum.
2116 4193 2351 4259 Quidam
2385 4195 2576 4249 volunt
2607 4194 2696 4249 hic
2732 4193 3153 4265 intelligendum
3189 4209 3313 4250 esse
3345 4192 3526 4265 Spiri-

1944 4291 2059 4338 tum
2096 4294 2382 4353 sanctum,
2417 4284 2566 4357 quod
2603 4282 2869 4355 celligunt
2905 4285 3068 4351 inde,
3103 4286 3233 4354 quia
3270 4286 3475 4341 dicitur
3507 4302 3529 4343 :

1950 4397 1967 4429 ι
2004 4376 2241 4447 Spiritus
2272 4376 2389 4440 Dei,
2424 4396 2441 4429 ι
2475 4377 2622 4448 quod
2654 4376 2721 4432 de
2749 4377 2873 4433 solo
2904 4376 3120 4447 Spiritu
3155 4386 3353 4433 sancto
3383 4377 3528 4434 dici-

1946 4481 2050 4526 tur.
2093 4471 2229 4527 Nam
2275 4471 2542 4527 Hebraica
2584 4488 2691 4528 vox
2735 4472 3043 4543 significat,
3087 4473 3250 4545 quasi
3282 4472 3527 4543 Spiritus

1943 4562 2192 4629 incohet,
2245 4567 2451 4630 foveat,
2498 4565 2677 4620 instar
2719 4564 2858 4631 avis,
2906 4580 3136 4637 aquam,
3181 4582 3414 4639 eamque
3458 4569 3523 4621 ad

1942 4656 2353 4725 generatiOnem
2385 4656 2707 4711 animalium
2738 4665 2979 4713 moveat.
3019 4656 3137 4727 Qua
3171 4674 3230 4715 re
3259 4660 3527 4716 docemur

1939 4748 2214 4803 elementa
2244 4748 2450 4802 nullam
2478 4747 2587 4803 vim
2619 4757 2833 4814 tenere,
2860 4755 2922 4803 ut
2952 4749 3172 4819 possint
3200 4750 3410 4821 absque
3441 4768 3524 4804 rc-

1941 4842 2306 4913 prehensione
2348 4857 2452 4912 per
2501 4859 2561 4899 se
2608 4858 2741 4898 suas
2786 4842 3152 4914 operationes
3201 4843 3521 4906 absolvero.

1939 4936 2153 4991 scilicet
2186 4936 2447 4991 animalia
2484 4951 2816 5007 procreare,
2850 4942 2945 4990 aut
2976 4936 3246 4991 incubare
3276 4954 3295 4991 :
3331 4952 3521 4992 verum

1941 5023 2055 5077 haec
2084 5023 2203 5077 fieri
2234 5023 2420 5079 omnia
2448 5020 2655 5079 Virtute
2682 5024 2898 5079 divina.
2927 5024 3200 5081 Caeterum
3233 5026 3387 5083 nulla
3419 5042 3519 5080 vos

1938 5114 2126 5169 Graeca
2158 5116 2339 5184 potuit
2368 5132 2463 5170 sua
2496 5115 2910 5184 signiﬁcatione
2938 5117 3042 5172 ista
3073 5120 3313 5186 perfecte
3336 5118 3518 5186 expri-

1937 5222 2107 5272 mere,
2164 5218 2499 5277 quapropter
2534 5207 2609 5261 ait
2650 5225 2664 5262 :
2706 5205 3043 5270 Ferebatur;
3103 5206 3248 5280 quod
3292 5208 3516 5278 quidvui

1937 5299 2176 5353 alienum
2206 5308 2289 5352 est
2313 5315 2339 5352 a
2369 5296 2581 5370 Spiritu
2608 5311 2823 5365 sancto,
2852 5301 2957 5356 nisi
2986 5299 3127 5354 forte
3151 5299 3301 5368 quis,
3328 5315 3520 5371 quem-

1938 5389 2233 5444 admodum
2270 5390 2359 5444 illa
2395 5410 2408 5445 :
2442 5390 2588 5448 Deus
2646 5392 2914 5457 ascendit,
2965 5391 3231 5445 desreudit
3296 5399 3350 5446 et
3402 5408 3517 5445 am-

1938 5479 2153 5533 bulabat
2175 5522 2189 5547 ,
2212 5483 2377 5537 etiam
2417 5483 2563 5539 hanc
2587 5484 2804 5540 dicendi
2830 5483 3068 5537 formam
3096 5481 3386 5549 intelligat.
3409 5478 3515 5539 Sed

277 5573 369 5625 τῶν
395 5577 690 5647 εἰρημένων
706 5574 1064 5646 λεπτότερον,
1083 5574 1178 5627 καὶ
1198 5572 1507 5643 ἀσωμάτων
1538 5571 1724 5641 ἐγγὺς,
1747 5572 1827 5625 ἔτι

1938 5573 2152 5644 quidam
2187 5574 2336 5630 hunc
2367 5591 2594 5633 sensum
2634 5575 3018 5632 exsibilarunt.
3056 5573 3213 5629 Haud
3242 5572 3386 5628 enim
3423 5576 3516 5624 dvo

278 5656 326 5710 δὲ
339 5662 421 5713 καὶ
436 5656 879 5735 κινητικώτερον,
896 5660 1113 5732 πνεῦμα
1131 5660 1220 5714 διὰ
1241 5661 1400 5714 τοῦτο
1420 5678 1667 5732 προσαγο
1677 5661 1828 5732 petis-

276 5752 531 5817 tagéxa‘t
558 5755 656 5827 τὴν
687 5755 842 5810 θείαν
885 5757 1074 5811 οὐσίαν
1118 5754 1408 5826 ὀνομάζειν
1454 5749 1596 5809 οἶδεν
1638 5756 1672 5825 ἡ
1706 5754 1827 5809 θεία

1872 5716 1889 5732 ,
1934 5682 2058 5721 cere
2098 5667 2506 5733 existimantes,
2542 5675 2604 5723 ut
2642 5676 2915 5723 creatura:
2948 5666 3255 5738 ingenitum
3299 5681 3513 5719 conuu-

1936 5768 2205 5827 meretur,
2260 5760 2487 5831 proinde
2521 5759 2812 5819 voluerunt
2860 5779 2876 5814 ι
2907 5751 3177 5832 Spiritum
3220 5756 3315 5813 Dei
3351 5775 3377 5810 ε
3412 5755 3520 5813 ιω
