3922 6230
321 317 390 381 ‘7
1638 320 1990 383 PROCOPII
2027 323 2269 386 GAZ.’E[
2505 338 2512 347 '
2643 364 2652 396 ι
3238 400 3245 411 ,
3508 349 3578 415 48

325 429 447 483 loco
481 424 791 497 signiﬁcare
833 439 1014 481 acrem
1073 425 1158 481 vel
1188 432 1436 482 ventum.
1470 424 1537 480 At
1572 442 1778 497 quare,
1812 430 1888 483 in-

2003 434 2216 506 Γραφή·
2254 437 2328 499 ὡς
2355 432 2448 491 οὖν
2473 438 2547 510 μὴ
2571 438 2696 494 ἄλλο
2721 457 2773 494 τι
2806 441 2955 516 παρὰ
2981 445 3077 518 τὴν
3105 448 3283 507 κτίσιν
3305 452 3467 509 αὐτὸν
3488 458 3578 512 διὰ

324 521 444 592 quit
476 538 489 575 :
519 519 743 587 spiritus
779 517 914 573 Dei?
960 517 1115 588 quasi
1149 532 1279 572 vero
1317 525 1510 572 cmtera
1544 519 1728 573 omnia
1790 536 1897 575 non

324 612 435 667 Deo
488 611 879 664 attribuantur.
934 608 1200 664 Caeterum
1258 623 1353 664 aer
1400 609 1487 663 vel
1536 619 1736 667 ventus
1789 611 1898 668 Deo

322 702 501 773 magis
544 718 706 774 quam
752 703 964 772 reliqua
1009 701 1310 772 congruit,
1353 701 1624 773 siquidem
1672 705 1901 774 reliquis

320 796 613 851 subtilibus
630 794 1017 850 etsubstantiis
1040 794 1384 865 incorporeis
1431 803 1516 848 est
1542 796 1900 866 propinquius

319 888 467 944 istud
501 888 850 942 elementum.
874 884 1171 955 Propterea
1194 887 1376 941 istlioc
1406 888 1632 942 nomine
1666 894 1896 952 vocant,

317 990 428 1046 quo
476 987 633 1028 sacra
686 970 976 1041 Scriptura
1024 972 1263 1027 divinam
1318 985 1571 1029 naturam
1625 977 1900 1047 appellare

317 1064 630 1123 consuevit.
656 1063 762 1118 Sed
796 1078 864 1118 ne
896 1064 1020 1135 plus
1048 1079 1210 1135 quam
1238 1065 1394 1121 decet
1424 1068 1533 1121 aeri
1565 1067 1896 1136 tribuamus,

316 1170 555 1226 cumque
577 1155 711 1225 quid
736 1156 1039 1210 increatum
1061 1157 1371 1226 credamus,
1399 1160 1592 1215 merito
1615 1162 1899 1233 subjunxit

316 1250 516 1318 Moses,
544 1248 662 1313 Dei,
691 1263 803 1318 quo
834 1239 1078 1310 auctore,
1108 1247 1250 1302 sicut
1278 1256 1331 1303 et
1359 1250 1487 1316 alia,
1517 1267 1672 1307 suam
1707 1267 1897 1309 essen-

314 1342 449 1411 tiam
494 1351 687 1396 nactus
724 1346 828 1394 est.
860 1337 1014 1405 Quod
1046 1353 1177 1394 vero
1217 1354 1324 1394 non
1365 1341 1663 1398 abhorreat
1694 1359 1724 1398 a
1758 1360 1895 1400 con-

315 1433 610 1489 suetudine
649 1429 956 1501 Scripturae
987 1445 1169 1486 aerem
1210 1433 1453 1490 vocitare
1486 1436 1732 1504 spiritum
1768 1453 1892 1494 cum

314 1526 600 1581 additione
639 1523 938 1589 dictionis,
976 1521 1109 1590 Dei,
1146 1525 1406 1579 audiatur
1437 1526 1612 1582 David
1665 1528 1735 1584 de
1769 1543 1896 1586 aere

312 1628 370 1679 et
418 1619 543 1677 aliis
589 1634 712 1691 qua:
758 1619 815 1673 in
863 1618 970 1672 hoc
1011 1617 1285 1674 elemento
1328 1619 1559 1690 produci
1609 1621 1891 1690 assolent,

310 1716 594 1775 disserens
627 1733 642 1770 :
683 1735 701 1767 ι
739 1712 860 1785 Ipse
891 1712 985 1768 dat
1016 1713 1196 1769 nivem
1228 1713 1377 1769 sicut
1407 1716 1623 1783 lanam,
1653 1724 1705 1772 et
1740 1718 1894 1788 prui-

310 1828 437 1869 nam
480 1812 631 1869 velut
680 1810 923 1867 favillam
957 1810 1165 1882 spargit
1190 1813 1232 1844 ⁸⁹
1269 1830 1281 1866 :
1336 1812 1557 1884 projicit
1598 1814 1748 1870 velut
1779 1816 1892 1870 ira-

311 1912 531 1975 gmenta
561 1904 791 1975 glaciem
824 1917 978 1959 suam
1005 1904 1073 1964 ’°.
1099 1921 1119 1956 ι
1153 1912 1262 1960 etc.
1295 1903 1360 1958 Et
1394 1905 1590 1960 iterum
1629 1921 1643 1961 :
1681 1923 1702 1957 ι
1737 1907 1893 1963 Facit
1923 1942 1964 1998 Β

307 1995 445 2053 ﬂare
473 2006 697 2052 ventum
734 2010 920 2061 suum,
951 2003 1008 2050 et
1041 1994 1213 2052 liuent
1248 1997 1521 2068 aquae'M
1561 1996 1680 2053 Non
1723 2000 1891 2072 igitur

307 2107 377 2148 ex
422 2091 512 2149 his
554 2108 705 2147 nunc
744 2097 998 2162 apparet,
1042 2090 1298 2161 spiritum
1341 2092 1642 2162 aliquando
1683 2094 1792 2148 dici
1833 2096 1889 2150 in

310 2183 602 2254 Scriptura
635 2195 817 2237 aerem
841 2219 858 2247 ,
891 2180 1189 2251 aliquando
1217 2195 1351 2236 vero
1383 2189 1605 2236 ventqu
1626 2222 1640 2246 ,
1675 2183 1768 2254 qui
1802 2192 1888 2239 est

306 2289 448 2345 opus
475 2271 593 2339 Dei,
622 2280 678 2328 et
707 2271 1015 2328 secundum
1047 2270 1214 2342 hujus
1243 2272 1581 2327 voluntatem
1614 2282 1884 2340 movetur,

305 2377 362 2423 et
395 2367 558 2432 talia,
597 2365 780 2437 qualia
815 2363 998 2421 Moses
1033 2371 1310 2430 recenset,
1344 2364 1549 2419 elﬁcit?
1572 2362 1767 2420 Visum
1801 2375 1886 2423 est

305 2457 638 2531 quibusdam
668 2457 925 2528 spiritum
956 2454 1050 2510 Dei
1078 2456 1183 2510 hoc
1211 2446 1334 2510 loco
1359 2457 1673 2526 nuncupari
1696 2472 1887 2528 opera-

306 2551 512 2607 tionem
560 2559 615 2606 ct
659 2548 957 2606 cﬂicaeiam
1002 2548 1122 2615 Dei,
1161 2562 1285 2619 quae
1333 2547 1477 2603 fovet
1519 2555 1574 2603 et
1616 2549 1886 2620 gubernat

2006 527 2178 618 ταῦτα
2220 529 2534 600 νομίσωμεν
2560 528 2702 586 εἶναι
2723 576 2738 601 ,
2779 537 3135 606 προστέθεικε
3164 543 3262 611 τὸ,
3296 547 3472 602 Θεοῦ·
3517 550 3576 618 ἐξ

2003 612 2176 690 οὗπερ
2205 621 2402 691 ὁμοίως
2439 625 2552 686 τοῖς
2594 623 2776 689 ἄλλοις
2805 627 3039 696 ἐγένετο.
3071 633 3191 688 Ὅτι
3240 635 3296 691 δὲ
3347 612 3576 712 σύνηθες

1998 713 2066 780 τῇ
2103 712 2290 784 Γραφῇ
2339 712 2580 787 καλούσῃ
2624 716 2861 789 πνεῦμα
2902 721 2991 776 τὸν
3038 724 3178 797 ἀέρα
3224 732 3576 801 προστιθέναι

2126 802 2274 857 Θεοῦ
2325 805 2510 875 φωνήν
2534 845 2549 871 ,
2581 808 2787 876 ἐδίδαξε
2818 812 2910 865 καὶ
2939 813 3106 869 Δαϐιδ
3133 819 3260 888 περὶ
3293 820 3387 874 τοῦ
3413 822 3576 894 ἀέρος

1998 892 2173 961 λέγων
2196 895 2289 949 καλ⁴
2315 896 2425 949 τῶν
2457 899 2514 953 ὲν
2545 899 2696 971 αύτῷ
2717 902 2860 956 κατὰ
2883 903 3167 960 ἀλλοίωσιν
3195 909 3304 982 ὅρῳ
3329 912 3456 984 θείῳ
3482 892 3573 983 ιρι-

1997 985 2231 1042 λούντων
2302 988 2643 1060 συμϐαίνειν·
2702 1011 2721 1045 ι
2765 994 2872 1049 Τοῦ
2919 997 3150 1063 διδόντος
3196 1007 3351 1071 χιόνα
3405 1004 3573 1059 αὐτοῦ

1994 1078 2127 1133 ὡσεὶ
2151 1079 2318 1151 ἔριον,
2353 1080 2586 1152 ὁμίχλην
2611 1083 2745 1137 ὡσεὶ
2776 1087 2970 1141 σποδὸν
3010 1090 3326 1160 πάσσοντος,
3358 1096 3576 1166 βάλλον-

1995 1187 2088 1234 τος
2136 1169 2472 1242 κρύσταλλον
2521 1175 2684 1228 αὑτοῦ
2725 1177 2858 1230 ὡσεὶ
2911 1177 3160 1251 ψωμούς⁸
3197 1202 3217 1236 t
3251 1188 3347 1241 καὶ
3384 1190 3571 1257 πάλιν,

2004 1280 2024 1314 ι
2059 1263 2355 1319 Πνεύσεται
2379 1264 2441 1319 τὸ
2477 1266 2693 1338 πνεῦμα
2719 1269 2884 1324 αὐτοῦ
2914 1273 3009 1325 καὶ
3061 1275 3322 1347 ῥυήσεται
3350 1284 3416 1337 τά
3445 1282 3573 1338 ὓδα-

1996 1369 2086 1408 τα.
2129 1372 2146 1406 ι
2185 1354 2396 1410 Οὐκοῦν
2423 1356 2486 1410 τὸ
2516 1357 2736 1429 πνεῦμα
2771 1360 2829 1414 ὲν
2859 1363 2973 1426 τοῖς
3003 1365 3269 1431 τοιούτοις
3293 1369 3427 1424 ππὲ
3471 1373 3574 1442 μὲν

1994 1443 2086 1499 τὸν
2150 1445 2290 1518 ἀέρα
2308 1487 2324 1515 ,
2358 1448 2489 1502 ποτὲ
2515 1448 2571 1503 δὲ
2605 1451 2861 1522 σημαίνει
2884 1452 2975 1506 τὸν
2997 1454 3219 1528 ἄνεμον,
3251 1458 3411 1530 ἔργον
3441 1462 3575 1518 ὄντα

1994 1538 2088 1593 τοῦ
2120 1539 2256 1595 Θεοῦ
2296 1541 2554 1597 καὶκατὰ
2583 1543 2681 1615 τὴν
2707 1544 2932 1616 γνώμην
2963 1548 3128 1602 αὐτοῦ
3168 1553 3485 1624 κινούμενόν
3515 1575 3574 1611 τε

1993 1632 2090 1686 καὶ
2126 1631 2349 1687 τοιαῦτα
2383 1633 2515 1707 δρᾷν
2539 1635 2793 1690 εἰωθότα.
2827 1636 3014 1705 Ἔδοξε
3048 1640 3106 1696 δέ
3131 1658 3269 1709 τισι,
3306 1645 3402 1700 καὶ
3431 1647 3574 1702 Θεοῦ

1994 1722 2215 1796 πνεῦμα
2234 1724 2333 1797 τὴν
2367 1725 2648 1797 ἐνέργειαν
2682 1729 2878 1795 εἰπεῖν,
2908 1729 3219 1787 θάλπουσάν
3247 1752 3306 1788 τε
3325 1739 3420 1792 καὶ
3439 1740 3576 1793 διοι-

1995 1817 2197 1873 κοῦσαν
2240 1819 2347 1873 τῶν
2397 1819 2604 1874 ὑδάτων
2641 1821 2739 1893 τὴν
2785 1822 2967 1890 φύσινο
3025 1825 3171 1889 τινὲς
3212 1827 3271 1881 δέ
3301 1846 3435 1898 φασι
3481 1835 3576 1887 καὶ

1993 1906 2327 1961 αἰνίττεσθαι
2359 1907 2520 1973 εὐθὺς
2550 1910 2657 1964 άπὸ
2697 1911 3008 1985 καταϐολῆς
3042 1914 3248 1987 κόσμου
3275 1918 3372 1989 τὴν
3411 1922 3575 1992 χάριν

1990 1994 2084 2049 τοῦ
2114 1996 2270 2066 ἁγίου
2292 1997 2684 2069 βαπτίσματος.
2720 2001 2813 2055 Διὸ
2855 2002 2951 2057 καὶ
2976 2004 3037 2057 τὸ
3080 2006 3382 2079 καθάρσιον
3415 2014 3574 2081 ἡμῶν

1988 2088 2048 2139 ὲν
2080 2085 2235 2140 ὕδατι
2272 2088 2471 2158 μᾶλλον
2518 2089 2551 2159 ἢ
2584 2090 2758 2161 ἑτέρῳ
2789 2093 3060 2165 στοιχείῳ.
3124 2097 3294 2169 Ἀρχὴ
3338 2101 3445 2173 γὰρ
3482 2103 3574 2157 λέ-

1989 2193 2149 2246 γουσι
2169 2177 2263 2231 τοῦ
2294 2178 2499 2249 κόσμου
2523 2180 2584 2233 τὸ
2614 2180 2776 2251 ὕδωρ·
2807 2185 2902 2259 καὶ,
2930 2186 3071 2256 ἀρχὴ
3096 2186 3203 2241 τῶν
3228 2189 3577 2260 Εὐαγγελίων

1988 2269 2018 2322 ό
2071 2268 2362 2341 Ἰορδάνης.
2409 2271 2565 2335 Τινὲς
2616 2271 2766 2327 δὲτὸ
2816 2276 2973 2344 ἅγιον
3011 2277 3240 2350 Πνεῦμα
3278 2283 3573 2354 νοήσαντες

1989 2360 2222 2415 ἐνταῦθα
2248 2361 2527 2432 λέγεσθαι,
2561 2363 2723 2433 ἁγίας
2752 2365 3013 2438 δυνάμεις
3035 2370 3103 2425 τὰ
3131 2370 3297 2426 ὕδατα
3331 2377 3572 2448 παρεδὲ-

1991 2454 2172 2520 ξαντο,
2193 2452 2384 2525 ὥσπερ
2417 2455 2513 2508 καὶ
2534 2454 2635 2527 τὴν
2658 2456 2900 2512 ἄϐυσσον
2923 2463 3167 2534 πονηρὰς
3193 2464 3451 2539 δυνάμεις
3483 2470 3573 2538 ἐφ,

1988 2542 2066 2602 ὧν
2095 2544 2158 2599 τδ
2188 2545 2378 2607 σκότος
2410 2540 2479 2617 ἦν
2502 2548 2530 2599 ὁ
2562 2547 2829 2611 διάϐολος.

307 2658 576 2716 aquarum
609 2655 886 2700 naturam.
938 2642 1170 2710 Quidam
1201 2624 1491 2712 perhibent
1524 2643 1623 2712 ιι
1681 2645 1863 2700 statim
1897 2662 1927 2702 a
1961 2643 2130 2717 jaclis
2171 2640 2362 2695 mundi
2404 2638 2780 2731 fundamentis
2822 2645 3052 2716 gratiam
3085 2650 3233 2706 sacri
3306 2651 3570 2723 baptismi

303 2736 638 2795 denuntiari.
669 2738 811 2792 Hinc
840 2736 996 2801 llt,ut
1025 2735 1201 2793 nostri
1231 2733 1514 2789 inundatio
1544 2734 1953 2806 velpurillcatio
1979 2736 2163 2809 potius
2190 2747 2350 2804 aqua,
2376 2747 2539 2802 quam
2567 2734 2678 2788 alio
2708 2738 2904 2806 quovis
2932 2739 3250 2809 perﬁciatur
3275 2745 3546 2801 elemento

311 2831 652 2904 Principium
721 2831 991 2902 siquidem
1063 2828 1157 2898 (ut
1192 2827 1483 2899 inquiunt)
1554 2829 1745 2884 mundi
1783 2841 1868 2886 est
1898 2844 2040 2902 aqua
2074 2845 2090 2883 :
2122 2835 2174 2883 et
2234 2826 2566 2898 principium
2624 2827 2930 2900 Evangelii,
2986 2830 3263 2892 Iordanis.
3298 2836 3437 2895 Sunt
3475 2843 3568 2913 qui

309 2923 618 2995 intelligunt
648 2922 752 2978 sub
784 2920 1057 2985 dictione,
1091 2919 1333 2987 spiritus,
1403 2929 1626 2975 sanctas
1695 2925 1972 2991 potentias
2012 2929 2066 2977 et
2114 2919 2372 2985 virtutes,
2433 2920 2897 2990 quemadmodum
2962 2924 3067 2980 sub
3094 2940 3249 2996 voce,
3293 2930 3515 3004 abyssus
3549 2976 3567 3002 ,

308 3018 429 3090 capi
456 3016 679 3071 voluere
740 3012 1081 3079 contrarias,
1144 3010 1348 3081 quibus
1410 3019 1609 3080 praeest
1667 3013 1870 3085 caligo,
1908 3027 2105 3084 nempe
2133 3011 2409 3067 diabolus.
2871 3018 2881 3028 '

376 3132 544 3188 Vens.
578 3131 633 3186 5.
662 3129 910 3200 Dixitque
931 3126 1101 3183 Deus:
1136 3126 1263 3184 Fiat
1283 3128 1399 3193 lux,
1425 3137 1475 3183 et
1493 3127 1640 3198 facta
1659 3138 1737 3183 est
1758 3127 1873 3182 tum.

2050 3125 2160 3183 Kal
2185 3122 2354 3182 εἶπεν
2387 3129 2421 3182 ό
2453 3129 2618 3195 Θεόςο
2666 3129 2990 3202 Γενηθήτω
3028 3134 3175 3205 φῶς,
3204 3140 3301 3197 καί
3326 3143 3569 3215 ἐγένετο

300 3221 422 3278 Non
470 3230 556 3278 est
597 3228 657 3275 ut
687 3220 1007 3283 credamus,
1043 3217 1137 3274 Dei
1168 3233 1360 3274 vocem
1410 3218 1885 3274 intercedentibus

293 3314 590 3369 vocalibus
634 3309 858 3382 organis
895 3310 1171 3365 evenisse.
1237 3312 1256 3333 ‘
1317 3309 1527 3366 Divina:
1581 3310 1884 3367 voluntatis

299 3405 390 3461 hic
436 3405 719 3460 invenitur
772 3402 1025 3460 ell'eetus.
1082 3401 1355 3457 Praeterea
1407 3400 1628 3458 eﬂ‘ectui
1685 3401 1886 3457 divinae

299 3496 604 3550 voluntatis
660 3492 1041 3563 imputandum
1094 3491 1388 3563 quidquid,
1451 3492 1549 3562 qui
1586 3490 1881 3558 docentur,

298 3586 515 3642 discere
550 3594 807 3656 possunt.
840 3582 957 3638 Huc
1011 3583 1507 3639 accommodentur
1537 3592 1593 3640 ct
1643 3598 1710 3659 ea
1761 3598 1885 3654 quae

299 3680 425 3750 quis
457 3694 556 3750 pro
590 3677 796 3749 ingenii
849 3676 936 3733 sui
986 3675 1260 3742 viriculis,
1291 3676 1504 3732 clarius
1554 3683 1608 3732 ct
1643 3675 1885 3731 lucidius

299 3776 554 3845 accipere
587 3773 749 3838 valet,
789 3770 1095 3826 secundum
1142 3768 1441 3824 eﬂicaciam
1491 3769 1756 3825 divinam.
1805 3767 1885 3824 Ex

298 3867 386 3923 bis
432 3868 620 3935 itaque
650 3865 846 3934 liquet,
890 3860 987 3918 Dei
1022 3860 1389 3917 dialectorum
1422 3858 1692 3932 quasdam
1719 3858 1884 3914 altio-

297 3973 410 4023 res,
442 3955 707 4026 quasdam
743 3952 978 4019 medias,
1023 3952 1292 4022 quasdam
1327 3967 1462 4007 vero
1500 3952 1772 4008 exsistere
1800 3951 1884 4005 in-

297 4050 553 4106 feriores.
587 4047 696 4103 Deo
739 4047 1059 4115 neutiquam
1086 4059 1224 4101 voce
1258 4053 1509 4114 opusest
1535 4061 1551 4097 :
1582 4043 1784 4101 sullicit
1831 4043 1884 4098 ci

298 4154 400 4197 sua
459 4140 740 4195 voluntas.
794 4134 952 4201 Nam,
1005 4145 1062 4190 ut
1104 4143 1394 4190 attestatur
1426 4132 1618 4199 David,
1674 4153 1693 4185 ι
1732 4148 1886 4204 (μιαι-

297 4246 518 4302 eunque
576 4228 768 4292 voluit,
796 4226 928 4283 fecit
957 4227 1024 4281 “.
1067 4245 1086 4279 ›
1122 4225 1205 4281 Ad
1240 4226 1387 4280 hunc
1441 4224 1628 4294 itaque
1662 4224 1884 4280 modum

298 4336 519 4394 semper
543 4317 825 4391 capiendae
854 4329 979 4374 sunt
1002 4318 1054 4372 in
1076 4317 1357 4388 Scriptura
1377 4330 1535 4371 sacra
1557 4316 1675 4370 ista:
1697 4316 1885 4372 l'ornue

295 4415 515 4472 dicendi
548 4433 562 4470 :
595 4412 831 4467 Locutus
860 4420 940 4465 est
976 4409 1251 4472 Dominus,
1278 4407 1432 4461 Dixit
1466 4405 1746 4473 Dominus,
1769 4415 1876 4462 etc.

296 4508 389 4564 Sic
422 4504 615 4579 procul
653 4504 822 4559 dubio
854 4509 909 4558 et
945 4504 1248 4556 daemones.
1276 4497 1458 4554 Prima
1492 4496 1586 4553 Dei
1616 4514 1719 4553 vox
1755 4513 1877 4552 om-

1985 3217 2135 3288 φῶς.
2168 3218 2306 3273 Θεοῦ
2334 3219 2518 3290 φωνήν
2557 3221 2630 3292 μὴ
2658 3221 2747 3276 διὰ
2777 3226 3105 3297 φωνητικῶν
3132 3232 3380 3301 ὀργάνων
3409 3254 3566 3307 γενο-

1989 3309 2158 3399 μένην
2185 3309 2489 3380 νοήσωμεν.
2515 3309 2651 3363 Θεοῦ
2694 3312 2874 3368 τοίνυν
2905 3318 3124 3387 νοητέον
3149 3323 3332 3395 φωνήν
3370 3326 3467 3399 τήν
3507 3330 3570 3383 ἐν

1986 3397 2064 3470 τῷ
2094 3398 2361 3472 θελήματι
2407 3400 2600 3471 ῥοπὴν,
2636 3402 2816 3456 καὶτὸ
2842 3408 2954 3470 τοῖς
2977 3408 3382 3483 διδασκομένοις
3420 3397 3567 3475 κατὰ

1989 3490 2140 3545 θείαν
2197 3491 2486 3562 ἐνέργειαν
2540 3491 2972 3568 ὲντυπούμενον,
3029 3501 3125 3555 καὶ
3186 3503 3286 3575 τὴν
3337 3508 3400 3561 ἐκ
3464 3513 3559 3565 τοῦ

1987 3582 2132 3638 θείου
2167 3584 2474 3657 Θελήματος
2521 3580 2760 3642 διάδοσιν
2793 3591 2875 3652 εἰς
2910 3590 2971 3643 τὸ
3009 3590 3308 3664 δυνάμενον
3356 3598 3562 3672 ταύτης

1986 3673 2365 3742 αἰσθάνεσθαι,
2409 3675 2690 3746 ἀναλόγως
2743 3681 2841 3750 τῆς
2882 3680 3114 3737 ἑκάστου
3167 3690 3561 3757 καταστάσεως

1984 3766 2086 3838 τῆς
2108 3767 2392 3839 ἐνεργείας
2430 3769 2792 3840 ἐγγινομένης
2838 3774 3162 3847 τρανότερόν
3195 3794 3255 3831 τε
3292 3781 3388 3834 καὶ⁹
3415 3782 3563 3853 ἀμυο

1985 3857 2265 3931 δρότερον,
2298 3858 2374 3922 ὼς
2409 3857 2549 3914 εἶναι
2573 3859 2710 3915 Θεοῦ
2744 3862 3055 3931 διαλέκτους
3093 3866 3432 3942 ὑψηλοτέρας
3464 3878 3563 3929 καὶ

1989 3951 2162 4023 μέσας
2189 3952 2284 4006 καὶ
2325 3951 2665 4017 τελευταίαςο
2711 3952 2844 4018 Θεὸς
2895 3956 3004 4029 γάρ
3040 3960 3104 4012 ού
3143 3959 3314 4015 δεῖται
3347 3965 3561 4035 φωνῆς,

1985 4039 2262 4113 ἀρκούσης
2287 4039 2438 4111 αύτῷ
2465 4042 2564 4113 τῆς
2597 4041 2928 4114 βουλήσεως·
2960 4047 3104 4102 κατὰ
3155 4049 3264 4122 γὰρ
3296 4053 3386 4105 τὸν
3413 4053 3565 4110 Θεῖον

1985 4130 2167 4198 Δασὶδ,
2202 4149 2223 4184 ι
2262 4132 2444 4187 Πάντα
2478 4133 2577 4186 ὅσα
2604 4133 2870 4205 ὴοέλησεν
2913 4137 3163 4209 εποίησε.
3198 4159 3216 4192 ι
3273 4143 3382 4197 Καὶ
3414 4144 3567 4202 οὕτω

1985 4222 2203 4293 νοητέον
2228 4223 2318 4277 ἀεὶ
2338 4223 2421 4289 τὸ,
2444 4219 2650 4291 Εἶπεν,
2681 4226 2796 4291 καὶ,
2817 4226 3114 4296 Ἐλάιησε
3137 4232 3372 4300 Κύριος.
3402 4237 3563 4292 Οὕτω

1985 4311 2126 4383 τάχα
2163 4314 2259 4367 καὶ
2288 4313 2563 4384 δαίμονεςο
2600 4315 2793 4387 πρώτη
2818 4316 2874 4370 δὲ
2904 4317 3042 4373 Θεοῦ
3076 4324 3227 4395 φωνὴ
3263 4326 3439 4395 φωτός
3489 4331 3562 4384 τὰ,

1987 4403 2164 4458 πάντα
2197 4404 2549 4474 πεπλήρωκε·
2584 4406 2679 4458 καὶ
2706 4406 2961 4480 τοιαύτην
2992 4410 3088 4463 τοῦ
3124 4414 3299 4481 φωτὸς
3324 4416 3423 4487 τὴν
3454 4420 3561 4487 φά-

1985 4510 2070 4547 σιν
2110 4493 2416 4564 ὑπέστησεν
2464 4494 2539 4557 ὡς
2585 4495 2788 4558 παντὸς
2841 4499 3112 4570 νοήματος
3164 4501 3418 4576 ὀξύτερον
3466 4508 3558 4564 διὰ

294 4601 383 4654 nia
420 4597 649 4669 replevit
695 4596 841 4661 luce,
877 4592 1040 4662 cujus
1099 4591 1214 4645 haec
1270 4589 1373 4643 fuit
1409 4598 1628 4654 natura,
1669 4596 1730 4643 ut
1777 4602 1881 4642 sua

1991 4585 2198 4639 πάντων
2249 4587 2448 4656 χωρεῖν
2503 4585 2599 4639 καὶ
2644 4585 2978 4658 διέρχεσθαι,
3034 4594 3128 4648 καὶ
3178 4596 3413 4666 μάλιστα
3443 4600 3559 4653 τῶν

294 4691 504 4746 virtute
557 4688 799 4744 celerius
852 4683 1003 4740 omni
1072 4681 1409 4751 c0gitatione
1469 4680 1773 4751 penetrarit
1822 4691 1878 4735 et

1991 4676 2317 4746 λεπτοτέρων
2346 4693 2406 4728 τε
2437 4678 2527 4730 καὶ
2557 4678 2857 4748 διαφανῶν,
2881 4683 3043 4738 ὁποία
3071 4684 3162 4739 τοῦ
3210 4687 3373 4760 άέρος
3400 4693 3433 4763 ή
3456 4692 3560 4761 φύ-

293 4782 659 4855 permeaverit
693 4777 903 4842 omnia,
939 4774 997 4830 in
1045 4773 1242 4845 primis
1284 4781 1474 4828 tamen
1522 4773 1779 4827 tenuiora
1822 4782 1876 4827 et

1991 4785 2085 4833 τις,
2134 4766 2309 4839 ἀρχὴν
2341 4769 2476 4839 ὁμοῦ
2518 4771 2615 4824 καὶ
2667 4771 2841 4844 πέρας
2869 4774 2973 4828 ὑπὸ
3002 4777 3133 4847 μίαν
3182 4782 3557 4854 φωτιζομένου

294 4872 679 4946 pellucidiora,
727 4868 894 4925 sicuti
941 4864 1087 4922 aeris
1135 4874 1356 4920 natura.
1401 4862 1746 4934 Principium
1800 4863 1873 4920 si—

1991 4860 2183 4933 ροπήν.
2217 4861 2458 4930 Ποιήσας
2489 4860 2547 4915 δὲ
2592 4861 2684 4917 τὸν
2713 4865 2941 4937 οὐρανὸν
2970 4868 3064 4923 καὶ
3099 4871 3199 4941 τὴν
3238 4873 3365 4945 γῆν,
3403 4877 3557 4931 οὐδε-

294 4965 408 5022 mul
454 4971 510 5020 et
541 4962 668 5018 ﬁnis
706 4976 817 5017 uno
876 4959 1020 5014 lucis
1072 4958 1283 5029 impetu
1343 4967 1475 5014 sunt
1537 4957 1874 5024 illuminala,

1991 4953 2115 5023 μίαν
2166 4952 2345 5024 ἀφῆκε
2390 4954 2597 5026 φωνήν
2639 4956 2761 5010 οὐδὲ
2794 4958 2904 5030 γάρ
2953 4947 3099 5032 ἦσαν
3139 4965 3191 5018 oi
3222 4965 3313 5020 διὰ
3347 4969 3559 5041 ταύτης

295 5073 519 5129 unoque
558 5062 837 5110 momento
868 5052 937 5107 ab
960 5051 1124 5107 initio
1155 5050 1223 5106 ad
1256 5052 1418 5107 linem
1454 5065 1633 5122 usque
1657 5050 1747 5104 lux
1768 5058 1873 5105 ex-

1991 5044 2283 5113 ἆφείλοντες
2305 5045 2747 5103 ὲκπαιδεύεσθαι.
2780 5049 2937 5105 Μετὰ
2972 5051 3076 5121 ίτοῦ
3113 5055 3346 5127 ούρανοῦ
3375 5060 3432 5114 δὲ
3459 5064 3559 5118 καὶ

296 5151 495 5204 currit.
534 5146 671 5203 Cum
706 5153 894 5201 autem
922 5151 1137 5200 crearet
1171 5143 1374 5199 coelum
1399 5154 1454 5198 et
1483 5154 1709 5206 terram,
1746 5142 1873 5195 nul-

1991 5137 2077 5209 τῆς
2096 5135 2221 5206 γῆς,
2247 5136 2340 5189 καὶ
2356 5137 2483 5201 τοὺς
2507 5136 2777 5206 ἀγγέλους
2795 5143 3160 5213 παραγαγὼν,
3191 5145 3312 5205 εἶτα
3328 5152 3557 5207 παιδεῦ-

296 5241 405 5295 lam
441 5239 627 5296 emisit
656 5252 871 5294 vocem.
920 5233 1176 5291 Nondum
1226 5235 1372 5291 enim
1427 5232 1647 5289 formati
1690 5240 1872 5300 erant,

1991 5228 2305 5292 sanctitati;
2320 5228 2667 5317 βουλόμενος,
2681 5232 2757 5296 ὡς
2770 5233 2863 5287 καὶ
2874 5236 3056 5292 αὐτῶν
3066 5238 3183 5295 ἐστι
3197 5241 3553 5317 δημιουργὸς,

298 5329 392 5400 qui
419 5328 607 5384 divina
647 5344 786 5383 voce
825 5334 879 5399 et
922 5326 1123 5382 instrui
1158 5336 1210 5381 et
1239 5320 1754 5380 doceri/debebant.
1802 5326 1872 5378 At

1991 5321 2058 5391 μή
2086 5334 2216 5373 ποτε
2247 5318 2572 5390 αὐτομάτως
2613 5322 2916 5391 ὑφεστάναι
2945 5328 3233 5399 νομίσωσι,
3261 5333 3361 5405 τὴν
3414 5340 3557 5406 μετά

301 5423 432 5488 post
461 5417 585 5471 caeli
626 5424 681 5469 et
712 5423 873 5471 terra:
922 5414 1259 5470 creationem
1312 5413 1558 5467 condidit
1606 5411 1873 5483 angelos:

300 5520 442 5576 quos
478 5520 605 5561 cum
639 5506 802 5561 vellet
831 5506 1052 5569 docere,
1094 5519 1155 5561 se
1186 5512 1241 5559 et
1269 5517 1517 5575 ipsorum
1562 5518 1689 5559 esse
1721 5518 1876 5557 crea-

1991 5502 2377 5575 παραχθέντων
2409 5503 2509 5575 τὴν
2556 5502 2918 5585 διακόσμησιν
2968 5513 3026 5566 ὲν
3082 5513 3269 5586 ὄψεσιν
3323 5518 3558 5575 ἐκείνων
3608 5500 3611 5501 ν

370 5740 411 5773 ⁸⁵
446 5749 590 5805 Psal.
623 5763 839 5812 cum,
876 5747 975 5803 16.
1179 5751 1223 5783 ³⁸
1266 5751 1399 5806 ibid.
1434 5750 1516 5807 l7.
1556 5747 1852 5805 ¹¹ἰὺίἀ.18.

1991 5755 2112 5813 Dsal.
2154 5772 2319 5826 cxm,
2368 5759 2421 5814 3.

1980 5412 2155 5465 ταῦτα
2199 5413 2380 5465 πᾶσαν
2414 5410 2593 5465 κτίσιν
2634 5417 2785 5486 φωνῇ
2817 5417 2988 5472 ποιῶν
3016 5421 3408 5480 ἐπιδείκνυται·
3442 5428 3563 5481 τῶν·
3646 5432 3652 5436 ’
