3922 6230
244 393 295 454 49
795 453 798 455 λ
1264 387 1771 451 COMMENTARI

1874 388 1919 447 Ν
1959 385 2293 447 GENESIN

3366 386 3436 448 50

246 505 524 575 ποιούμενος,
553 503 694 557 ὥστε
730 504 970 576 ὁρῶντας
1022 504 1131 558 τῶν
1179 504 1318 575 μετᾶ
1355 505 1531 559 ταῦτα
1563 520 1749 573 γιγνο-

1878 490 2053 565 οτειιί,
2090 515 2157 555 ne
2199 498 2428 553 fortuito
2477 512 2538 553 se
2590 498 2909 556 substitisse
2963 499 3277 564 crederent,
3313 514 3435 553 om-

247 597 381 669 μένων
408 598 496 667 τὴν
521 596 879 667 παραγωγὴν,
923 595 1111 666 σαφῶς
1139 597 1352 667 μαθεῖν,
1379 597 1454 661 ὼς
1490 597 1519 649 6
1547 595 1755 650 τούτων

245 687 424 757 ποιητὴς
450 688 537 743 καὶ
564 689 744 742 αὐτῶν
778 690 895 742 ἐστι
948 688 1298 760 δημιουργὸς,
1343 689 1626 761 βουληθεὶς
1658 687 1756 759 μό-

244 800 308 834 νον
330 782 409 834 καὶ
431 779 779 850 παραγαγὼν,
831 780 905 844 ὡς
933 778 1170 833 ἐνταῦθα
1194 783 1260 852 τῇ
1308 783 1458 852 φωνῇ
1488 780 1549 833 τδ
1597 778 1756 851 ἔργον

244 873 686 944 παρηκολούθησεν.
717 871 891 926 Τοῦτο
922 875 1016 927 καὶ
1046 874 1209 939 αὐτὸς
1247 874 1276 927 6
1322 872 1454 936 Θεὸς
1485 871 1756 942 δεδήλωκε

244 965 345 1033 πρὸς
369 963 446 1015 τὸν
468 964 731 1034 μακάριον
752 963 931 1032 λέγων
959 963 1102 1017 ’ῐώ6’
1133 984 1151 1017 ι
1187 965 1319 1018 Ὅτε
1345 963 1564 1017 ἐποίουν
1582 963 1760 1033 ἄστρα

150 1088 151 1093 η
247 1055 404 1123 ᾗνετάν
432 1072 494 1124 με
526 1054 726 1119 πάντες
774 1056 997 1125 ἄγγελοί
1043 1073 1166 1128 μου.
1205 1076 1225 1110 ι
1265 1055 1501 1127 Εὔδηλον
1530 1055 1639 1124 γὰρ
1684 1055 1761 1119 ὡς

243 1148 344 1215 ὅπερ
368 1144 571 1198 ἐπὶτῶν
624 1145 866 1217 ἄστρων,
914 1147 1006 1199 ἐπὶ
1058 1146 1170 1200 τῶν
1210 1140 1430 1202 στάντων
1483 1145 1760 1217 ἐπλήρουν

243 1236 323 1288 τῶν
347 1236 649 1304 γεγονότων,
706 1237 1139 1308 ἐκπληττόμενοι
1195 1237 1294 1308 μὲν
1347 1237 1415 1292 τὰ
1469 1237 1759 1308 γινόμενα,

244 1326 553 1397 θαυμάζοντες
587 1327 645 1380 δὲ
683 1328 758 1392 ὡς
792 1329 910 1399 ἅμα
936 1331 1003 1400 τῇ
1041 1331 1191 1401 φωνῇ
1244 1331 1540 1402 παρῄεσαν
1582 1329 1762 1384 οὐσίαι

245 1420 300 1488 μὴ
325 1420 562 1490 πρότερον
591 1416 770 1475 οὖσαι.
800 1421 955 1485 Τινὲς
980 1422 1038 1476 δὲ
1069 1423 1151 1486 τὸ,
1182 1418 1332 1487 εἷπε,
1349 1421 1486 1492 πρὸς
1520 1422 1610 1476 τὸν
1635 1421 1763 1474 Υίδν

243 1512 310 1564 nl
333 1511 477 1580 Λόγον
509 1513 663 1581 φασὶ,
707 1513 831 1567 καθ’
860 1512 954 1577 οὓς
984 1515 1222 1583 ἄπορον,
1252 1513 1370 1578 πῶς
1398 1515 1446 1567 εί
1468 1515 1561 1568 καὶ
1600 1514 1765 1585 οὐρα-

242 1603 305 1664 νὸς
342 1604 422 1656 καὶ
450 1604 517 1674 γῆ
565 1604 666 1658 καὶ
692 1606 872 1661 πάντα
908 1607 1097 1676 γέγονε
1128 1607 1195 1661 δι’
1228 1607 1414 1672 αὑτοῦ,
1450 1606 1524 1679 μὴ
1552 1606 1645 1687 καὶ
1675 1605 1764 1659 ἐπ’

241 1688 380 1744 αὐτῶν
401 1695 567 1747 κεῖται
595 1694 678 1759 τὸ,
712 1691 866 1748 εἷπε.
895 1695 1043 1768 Πλὴν
1073 1697 1228 1751 οὐδὲν
1261 1695 1462 1751 κωλύει
1497 1695 1764 1766 πρότερον

242 1780 311 1850 μὲν
351 1787 509 1855 σιωπῇ
530 1784 599 1838 δι’
623 1785 757 1839 Υίοῦ
791 1785 963 1841 ταῦτα
1000 1787 1382 1860 πεποιηκέναι,
1417 1786 1512 1841 νῦν
1536 1787 1594 1840 δὲ
1625 1786 1763 1858 πρὸς

239 1871 311 1942 τὴν
333 1873 661 1931 διδασκαλίαν
698 1877 806 1932 τῶν
837 1878 1147 1934 ἀκουόντων
1187 1879 1286 1952 τὴν
1318 1879 1502 1950 φωνὴν
1539 1878 1759 1948 γεγονέο

237 1980 316 2018 ναι.
346 1966 410 2019 υΰ
436 1966 539 2039 γὰρ
594 1968 671 2032 ὡς
721 1969 1004 2038 ἀγνοοῦντι
1043 1973 1072 2025 6
1109 1972 1298 2044 Πατὴρ
1328 1971 1659 2042 διαλέγεται·
1716 1971 1765 2025 εί

239 2058 307 2109 καὶ
331 2057 390 2111 τά
434 2060 672 2130 μάλιστά
727 2077 876 2126 τινες
915 2063 1101 2117 ἐκεῖνα
1161 2065 1258 2135 μὲν
1288 2064 1379 2119 τὸν
1418 2064 1642 2136 Πατέρα
1672 2081 1769 2117 πε-

236 2148 479 2219 ποιηκέναι
506 2153 660 2221 φασὶ,
692 2152 865 2207 ταῦτα
904 2153 961 2207 δὲ
983 2155 1075 2208 τόν
1112 2155 1242 2209 Υἱὸν
1273 2155 1350 2220 ὡς
1384 2154 1608 2210 ἐκείνων
1634 2154 1770 2210 ὑπο-

234 2238 464 2309 δεέστερα,
510 2244 710 2315 μανίας
737 2244 1098 2316 φθεγγόμενοι
1130 2247 1372 2318 ῥήματα.

1858 607 1980 647 nem
2016 600 2340 659 sequentem
2371 592 2708 646 creationem
2743 591 3063 648 interventu
3099 593 3250 648 vocis
3279 606 3440 663 pere-

1857 684 1938 754 git
1971 684 2025 737 in
2076 684 2302 738 illorum
2350 691 2678 755 conspectu.
2717 684 2900 753 Quare
2941 694 3124 741 autem
3179 683 3323 739 hoc?
3370 680 3442 738 Ut

1858 776 2263 846 conspicientes
2288 791 2480 831 eorum
2508 792 2631 846 quae
2665 791 2990 832 successere
3025 776 3438 839 formationem,

1858 865 2162 922 manifesto
2184 876 2586 939 cognoscerent
2618 867 2787 922 Deum
2819 866 2983 921 etiam
3003 866 3254 937 ipsorum
3283 880 3441 919 crea-

1860 960 2027 1015 tionis
2087 973 2212 1014 esse
2260 966 2569 1023 auctorem,
2629 966 2682 1013 et
2721 957 2867 1028 quod
2919 957 2987 1012 ab
3046 958 3165 1028 ipso
3222 957 3333 1012 sint
3383 957 3439 1012 in

1858 1050 2155 1107 essentiam
2180 1050 2463 1121 producti,
2496 1050 2902 1105 interveniente
2934 1049 3052 1106 sola
3087 1046 3210 1119 ejus
3243 1049 3441 1103 volun-

1861 1151 1992 1206 tate,
2027 1143 2082 1197 in
2115 1158 2275 1213 quem
2313 1156 2522 1196 morem
2567 1150 2623 1196 et
2659 1147 2856 1196 caetera
2909 1156 3065 1196 suam
3102 1139 3438 1195 creationem

1861 1236 2137 1290 invenere.
2170 1231 2225 1285 ld
2259 1232 2330 1287 ita
2356 1248 2415 1288 se
2447 1232 2673 1295 habere,
2702 1232 2911 1287 diserte
2935 1230 3079 1287 Deus
3108 1231 3226 1302 ipse
3253 1238 3443 1285 osten-

1861 1319 1944 1375 dit
1969 1321 2023 1375 in
2057 1316 2143 1374 his
2166 1318 2385 1385 Verbis,
2413 1320 2618 1389 quibus
2651 1320 2951 1391 alloquitur
2974 1316 3171 1375 Jobum
3207 1338 3221 1373 :
3257 1337 3275 1370 ι
3303 1319 3442 1373 Cum

1862 1413 2380 1484 congratulareutur
2410 1414 2617 1482 pariter
2649 1413 2821 1469 stellae
2840 1414 3128 1468 matutinae
3151 1413 3223 1467 ".
3263 1432 3280 1466 ι
3316 1411 3443 1484 [Per

1864 1509 2052 1564 stellas
2100 1504 2290 1561 Graeca
2346 1505 2668 1573 translatio,
2731 1520 2898 1576 quam
2953 1506 3203 1577 sequitur
3238 1503 3444 1559 Proco-

1865 1602 2011 1673 pius,
2050 1600 2311 1669 intelligit
2350 1599 2599 1670 angelos,
2647 1614 2812 1671 quam
2856 1614 3047 1655 vocem
3089 1596 3275 1654 Graeca
3318 1613 3444 1653 ver-

1865 1694 1949 1751 sio
1978 1689 2271 1763 continet.)
2323 1689 2472 1745 Satis
2505 1690 2651 1745 enim
2682 1689 2861 1746 cuivis
2912 1690 3122 1745 clarum
3178 1688 3442 1753 arbitror,

1867 1785 2113 1856 angelos,
2165 1798 2291 1853 quae
2330 1781 2559 1839 iecerint
2599 1783 2656 1837 in
2686 1781 2969 1838 ereatione
3018 1791 3320 1846 astrorum,
3354 1796 3445 1837 ea-

1863 1879 1988 1936 dem
2025 1885 2322 1934 exsecutos
2354 1891 2478 1932 esse
2517 1877 2572 1931 in
2615 1876 2950 1947 reliquorum
2984 1876 3289 1932 creatione.
3332 1873 3447 1929 Ad-

1869 1969 2167 2026 miratione
2191 1969 2339 2025 enim
2370 1968 2607 2039 quadam
2640 1967 2867 2023 insolita
2910 1967 3272 2038 capiebantur
3319 1980 3446 2022 cer-

1865 2069 2085 2129 nentes,
2117 2060 2236 2118 sola
2276 2048 2423 2116 voce.
2456 2059 2853 2125 intercedente,
2874 2059 3014 2115 adeo
3059 2058 3338 2114 mirabiles
3392 2063 3449 2110 et

1866 2154 2101 2210 decoras
2158 2151 2502 2208 substantias
2563 2152 2824 2223 prodire,
2876 2166 3003 2221 quae
3068 2157 3252 2205 tamen
3292 2147 3449 2219 prius

1866 2259 1976 2301 non
2004 2243 2354 2299 exstiterant.
2387 2242 2620 2310 Quidam
2661 2244 2912 2309 verbum,
2940 2243 3100 2308 dixit,
3148 2241 3214 2297 ad
3241 2239 3445 2295 Filium

235 2332 298 2386 vel
327 2331 638 2391 Sermonem
678 2335 955 2406 dirigunt;
1000 2340 1102 2391 'at
1158 2338 1462 2393 secundum
1500 2338 1603 2393 hos
1654 2335 1884 2392 dubium
1949 2337 2217 2399 exoritur,
2281 2349 2387 2405 qua
2458 2334 2675 2389 ratione
2719 2333 3003 2397 acciderit,
3052 2349 3177 2388 cum
3263 2330 3448 2385 otnnia

235 2438 307 2489 per
332 2423 637 2483 Sermonem
663 2426 803 2482 facta
837 2428 966 2495 sint,
990 2428 1047 2483 in
1073 2431 1594 2487 commemoratione
1651 2427 1951 2486 creationis
2016 2428 2142 2483 caeli
2187 2437 2243 2482 et
2312 2435 2475 2482 terra:
2520 2440 2629 2481 non
2686 2425 2870 2481 addita
2931 2427 3005 2482 sit
3042 2426 3233 2491 dictio,
3272 2424 3440 2478 dixit.

236 2513 548 2584 Verumgbaac
593 2519 871 2576 dubitatio
917 2531 1112 2576 tenues
1168 2522 1448 2578 evanescit
1501 2521 1664 2578 facile
1702 2522 1758 2577 in
1799 2536 1987 2577 auras.
2022 2518 2172 2574 Nihil
2199 2518 2346 2595 enim
2391 2517 2595 2581 obstat,
2635 2517 2768 2588 quin
2801 2518 3003 2574 coelum
3035 2525 3091 2573 et
3156 2524 3300 2571 terra
3369 2523 3450 2569 tae

236 2608 315 2662 cite
341 2625 427 2678 per
481 2610 809 2668 Sermonem
864 2613 976 2670 sint
1020 2614 1212 2670 edecta
1242 2633 1257 2681 ;
1294 2629 1440 2669 nunc
1487 2622 1719 2680 autem,-
1766 2622 1827 2669 ut
1859 2612 2147 2668 audientes
2186 2610 2534 2676 erudiantur,
2562 2610 2880 2667 insenuisse
2912 2624 3120 2665 vocesn.
3144 2606 3255 2664 Nec
3278 2609 3423 2663 enim

237 2712 310 2752 seu
345 2700 607 2768 ignoranti
664 2703 909 2773 loquitur
958 2702 1141 2759 Pater.
1212 2703 1447 2771 Quidam
1511 2705 1764 2761 tribuunt
1803 2703 1926 2760 caeli
1958 2710 2013 2758 et
2042 2710 2205 2757 terrae
2256 2700 2589 2757 creationem
2637 2697 2785 2755 Patri
2842 2719 2856 2754 :

2928 2701 3289 2772 reliquorum,
3387 2706 3447 2754 ut

238 2806 331 2860 qua
361 2793 540 2849 viliora
571 2802 630 2849 et
657 2796 891 2870 exiliora
913 2797 1048 2865 sint,
1072 2797 1456 2853 formationem
1485 2800 1771 2869 assignant
1807 2796 1971 2861 Filio,
2005 2796 2171 2867 impia
2196 2802 2461 2853 sonantes
2487 2793 2675 2870 verba.

291 2881 551 2941 Καιεῒδεν
581 2890 619 2942 ό
652 2887 796 2955 Θεὸς
821 2889 888 2942 τὸ
910 2888 1034 2959 φῶς
1064 2888 1151 2944 ὅτι
1187 2890 1400 2947 καλόν.
1436 2890 1530 2950 Τὸ.
1558 2891 1771 2956 καλὸν,

239 2973 307 3026 ἐπὶ
329 2975 418 3046 τῆς
445 2978 681 3044 κτίσεως
706 2981 809 3035 οὐκ
835 2980 1068 3053 arcem
1094 2980 1193 3055 θέᾳ
1217 2982 1471 3054 ληπτέονο
1500 2983 1633 3047 Θεὸς
1662 2984 1772 3055 γὰρ

237 3065 311 3137 οὐχ
349 3066 509 3134 οὕτως
547 3072 678 3142 ὁρᾷ,
715 3070 918 3141 γνώσει
967 3072 1026 3125 δὲ
1072 3072 1248 3141 οἰκεία
1294 3072 1417 3126 καθ’
1442 3073 1510 3144 ῆν
1542 3074 1772 3130 ἕκαστον

238 3156 365 3229 ἐώρα,
381 3161 437 3213 οὐ
462 3162 603 3234 πρὸς
636 3162 767 3217 θέαν
792 3162 1008 3228 πάντως
1025 3162 1208 3229 καλὸν,
1225 3164 1359 3235 πρὸς
1381 3164 1438 3218 δὲ
1457 3163 1555 3236 τὴν
1583 3166 1772 3236 χρείαν

1944 2859 2107 2945 Vens:
2148 2890 2202 2945 4.
2237 2887 2305 2943 Et
2335 2888 2465 2943 vidit
2516 2859 2654 2944 θεαί
2699 2888 2867 2941 lucem
2912 2885 3051 2955 quod
3084 2897 3220 2942 esset
3276 2887 3440 2944 bona.

1872 2978 2261 3054 [Septuaginta
2297 2981 2629 3052 interpretes
2674 2979 2794 3034 loco
2827 2979 3093 3035 dictionis
3118 2978 3286 3044 bona,
3331 2981 3450 3034 col-

1870 3075 2058 3131 locant
2093 3074 2389 3129 dictionem
2430 3072 2674 3143 pulp/ira,
2702 3087 2866 3143 quam
2891 3072 3290 3141 interpretatur
3315 3072 3451 3128 Pro—

1871 3165 2112 3240 c0pius.]
2165 3164 2326 3233 Quod
2377 3166 2590 3237 inquit:
2660 3165 2915 3235 pulchra,
2960 3174 3095 3226 etc...
3156 3180 3264 3220 non
3299 3166 3453 3221 acci-

238 3247 311 3350 ξῆν
334 3253 536 3321 ἑαυτοῦ,
565 3254 665 3309 καὶ
698 3253 799 3324 τὴν
827 3254 967 3327 πρὸς
995 3255 1062 3310 τὰ
1089 3255 1252 3309 λοιπὰ
1292 3258 1611 3326 συμφωνίαν
1642 3259 1772 3311 ἀνά-

1879 3258 2139 3330 piend‘um
2171 3266 2257 3314 est
2297 3258 2585 3328 pulchram
2620 3258 2948 3329 apparuisse
2993 3257 3245 3312 sensibili
3301 3258 3450 3314 visu.

237 3338 378 3410 ὶογον,
403 3346 468 3399 δι’
504 3349 572 3420 ἢν
595 3349 695 3402 καὶ⁵
718 3347 951 3412 Ἀκύλας
978 3348 1039 3402 τὸ
1072 3348 1195 3402 σὺν
1227 3349 1374 3417 φιλεῖ
1396 3350 1766 3421 προστιθέναι·

237 3435 483 3505 τοιγαροῦν
511 3436 601 3507 ἐφ’
638 3438 872 3492 ἑκάστου
919 3435 1093 3506 λέγων
1136 3437 1218 3490 ὅτι
1251 3422 1435 3502 καλδν,
1468 3437 1552 3491 ὅτι
1597 3436 1781 3492 πάντα·

239 3524 615 3601 συνεπληρώθη,
658 3547 677 3581 σ
713 3530 824 3583 Καὶ
849 3524 978 3595 εἶδε,
1013 3529 1198 3600 φησὶν,
1239 3528 1267 3580 ὁ
1299 3528 1432 3593 Θεὸς
1470 3529 1646 3584 πάντα
1673 3530 1777 3583 ὅσα

238 3614 477 3688 ἐποίησεν,
509 3621 612 3675 καὶ
676 3621 785 3676 ίδοὺ
821 3621 964 3676 καλὰ
993 3620 1136 3676 λίαν.
1174 3639 1194 3672 ι
1231 3620 1445 3693 Ὠσπερ
1481 3620 1588 3692 γὰρ
1637 3620 1776 3676 λίθοι

236 3709 383 3773 καλῶς
416 3712 772 3781 λαξευθέντες
799 3715 893 3768 καὶ
915 3713 1021 3768 ἀνὰ
1054 3714 1219 3786 μέρος
1253 3714 1521 3784 κείμενοι,
1549 3714 1644 3767 καὶ
1680 3714 1778 3767 ἅν-

237 3795 444 3869 δριάντος
473 3804 643 3876 μέρη,
678 3804 922 3875 λέγοιντο
958 3806 1062 3875 μὲν
1111 3807 1204 3861 καὶ
1245 3806 1366 3860 καθ’
1398 3805 1573 3860 ἑαυτὰ
1611 3806 1775 3872 καλὰ,

238 3891 273 3941 εἰ
303 3895 382 3946 καὶ
414 3894 487 3968 μὴ
518 3898 714 3960 πᾶσιν,
749 3896 864 3951 ἀλλ’
895 3892 989 3952 οὖν
1042 3897 1121 3966 τῷ
1170 3898 1434 3968 τεχνικῶς
1460 3897 1773 3970 θεωροῦντι.

237 3978 324 4034 Καὶ
339 3983 549 4055 χάλικες
574 3986 717 4057 γὰρ,
744 3988 792 4040 εί
824 3985 920 4040 καὶ
953 3986 1027 4058 μὴ
1058 3985 1180 4040 καθ’
1211 3986 1441 4048 ἑαυτοὺς
1462 3984 1640 4049 καλοὶ,
1660 3983 1778 4037 ἀλλ’

236 4069 309 4124 οὖν
336 4078 463 4144 μετὰ
488 4078 585 4132 τοῦ
618 4076 1343 4149 παντδςςκσυναρμοσθέντες
1368 4076 1424 4129 δὲ
1465 4076 1605 4147 πρὸς
1642 4076 1778 4130 κάλ-

239 4156 307 4224 λος
332 4164 758 4238 οἰκοδομήματος
786 4167 882 4220 καὶ
908 4165 1003 4220 τοῦ
1032 4167 1148 4230 ἑνὸς
1165 4165 1476 4237 ἀνδριάντος
1493 4165 1666 4236 μείζω
1686 4157 1778 4219 τδν

238 4247 422 4307 ἔπαινον
464 4255 735 4327 δέχονται,
766 4254 913 4310 οὕτω
971 4254 1066 4309 καὶ
1118 4254 1187 4309 τὰ
1220 4254 1362 4327 μέρη
1396 4253 1496 4324 τῆς
1526 4255 1777 4315 κτίσεως.

238 4338 325 4410 Τὴν
345 4346 536 4419 ἀκριϐῆ
565 4348 627 4403 δὲ
657 4346 850 4419 χρείαν
878 4347 975 4401 καὶ
999 4346 1103 4417 τὴν,
1129 4347 1264 4418 πρὸς
1293 4348 1362 4400 τὰ
1388 4346 1549 4401 λοιπὰ
1573 4348 1780 4402 τούτων

236 4430 507 4505 ἀναλογίαν,
551 4436 812 4508 αἰσθήσει
851 4438 1292 4507 καταλαμσὴὶνειν
1326 4437 1586 4492 ἀδύνατον
1629 4438 1781 4492 οὐδὲν

237 4519 294 4585 ὼς
332 4525 403 4598 τῷ
447 4531 694 4602 τυχόντι.
739 4530 1043 4603 Τοιγαροῦν
1093 4530 1392 4601 ἑτερόδοξοι
1442 4531 1633 4604 πόρρω
1680 4530 1781 4599 τῆς

1875 3347 2244 3406 Absiti‘llaud
2272 3351 2419 3407 enim
2460 3350 2704 3406 humano
2733 3365 2885 3405 more
2916 3348 3059 3405 Deus
3101 3349 3301 3418 cernit,
3354 3350 3453 3410 sed

1876 3457 1975 3513 pro
2022 3441 2258 3499 videndo
2295 3444 2467 3498 utitur
2496 3458 2599 3499 sua
2637 3441 2977 3514 cognitione,
3008 3457 3118 3513 qua
3152 3442 3304 3497 novit
3329 3458 3453 3498 om-

1876 3537 1968 3590 nia
1996 3551 2106 3591 non
2136 3537 2257 3593 visu
2289 3537 2467 3592 solum
2502 3536 2759 3608 pulchra,
2788 3535 2882 3591 sed
2916 3535 3207 3605 complecti
3233 3550 3471 3605 quoque

1878 3625 2488 3697 iusignem‘utilitatetu,
2519 3634 2576 3682 et
2610 3627 2752 3684 inter
2781 3642 2840 3682 se
2884 3626 3068 3681 debita
3109 3634 3165 3681 ct
3207 3624 3451 3696 legitima

1878 3719 2242 3789 proportione
2302 3719 2603 3775 convenire
2651 3736 2665 3773 :
2736 3727 3079 3788 quapropter
3136 3716 3336 3787 Aquila
3393 3718 3446 3770 in

1877 3823 1977 3863 sua
2035 3807 2401 3863 translatione
2484 3808 2686 3877 adjecit
2731 3807 2898 3862 verbo
2960 3806 3110 3872 cidit,
3185 3808 3455 3876 praeposi-

1878 3899 2103 3963 tionem,
2170 3899 2288 3962 σὺν,
2346 3914 2468 3969 quas
2515 3899 2571 3954 in
2634 3899 3057 3969 compositione,
3107 3915 3248 3964 cum,
3289 3896 3457 3969 signi;

1882 3986 2007 4040 ﬂeat
2030 4028 2044 4051 ,
2077 4000 2141 4042 ac
2183 3987 2229 4040 si
2265 3986 2472 4043 diceret
2506 4007 2518 4043 :
2549 3986 2848 4045 Contuitus
2876 3997 2987 4057 eat,
3013 3992 3454 4059 conspexit,.etc.

1880 4077 2038 4145 Quod
2088 4078 2321 4149 singulis
2367 4079 2482 4135 suis
2532 4080 2797 4150 operibus
2851 4078 3045 4150 Opifex
3106 4080 3397 4150 subiunxit
3435 4121 3457 4144 ,

1880 4169 2026 4242 quod
2054 4171 2163 4226 sint
2188 4171 2436 4242 pulchra,
2454 4171 2577 4227 ideo
2602 4171 2804 4227 factum
2824 4172 3069 4244 est,quia
3097 4170 3280 4228 omnia
3305 4184 3461 4229 erant

1881 4269 2072 4317 exacte
2097 4273 2500 4328 consummata,
2531 4272 2587 4318 et
2613 4263 2677 4317 ad
2713 4279 2951 4334 unguem
2975 4263 3223 4327 elimata,
3255 4258 3459 4334 quibus

1883 4355 2017 4409 nihil
2076 4355 2267 4411 deesse
2328 4356 2771 4411 animadvertere
2823 4355 3123 4426 potuisses.
3159 4354 3455 4425 Prottterea

1887 4445 1993 4514 12
2011 4460 2117 4499 non
2149 4444 2324 4501 absre
2352 4446 2531 4516 inquit
2557 4464 2570 4500 :
2610 4465 2630 4498 ι
2659 4445 2728 4500 Et
2759 4445 2898 4500 vidit
2926 4447 3132 4508 omnia,
3159 4460 3285 4516 quae
3309 4446 3462 4511 fecit,

1882 4534 2028 4605 quod
2069 4526 2257 4591 essent
2292 4551 2459 4604 supra
2499 4536 2720 4592 modum
2756 4536 3008 4606 pulchra.
3047 4554 3066 4587 ι
3106 4534 3342 4607 Lapides
3377 4536 3462 4589 iu-
3533 4542 3549 4568 '

236 4618 451 4711 ¹ξοιαιῖοτης
473 4623 631 4687 ὅντες
654 4624 915 4694 νοήσεως,
930 4623 1336 4695 προσκόπτουσι
1352 4625 1415 4693 τῇ
1446 4624 1555 4677 τῶν
1575 4623 1772 4694 θηρίων

1886 4629 2109 4698 geniose
2142 4628 2270 4685 caesi
2302 4636 2358 4684 et
2387 4629 2640 4699 expoliti,
2696 4629 2911 4685 etiamsi
2963 4644 3072 4684 non
3122 4629 3465 4700 coniungan-

238 4704 443 4779 ὠμότητι
464 4714 560 4766 καὶ
586 4712 671 4784 τῷ
697 4712 807 4767 τῶν
829 4714 1074 4785 ἑρπετῶν
1104 4715 1189 4785 ἰῷ,
1214 4715 1309 4768 καὶ
1335 4715 1416 4785 τῷ
1444 4715 1780 4785 ἐμφαινομέ-

238 4813 296 4868 νῳ
311 4802 569 4877 ἀχρήστῳ
595 4806 698 4877 τῆς
720 4822 884 4860 τινων
915 4806 1287 4871 ὑποστάσεως,
1317 4806 1410 4861 καί
1442 4806 1661 4876 φασινῆ
1706 4806 1780 4877 μὴ

238 4888 342 4944 Θεὸν
370 4891 505 4951 εἶναι
534 4897 630 4951 τὸν
659 4897 833 4951 ταῦτα
867 4897 1196 4967 ποιήσαντα,
1223 4898 1255 4968 ἢ
1283 4897 1357 4968 μὴ
1389 4898 1595 4967 ἀγαθὸν
1623 4898 1785 4952 Θεόν.

241 4980 338 5038 Ὀτι
367 4986 422 5041 δὲ
447 4988 510 5042 τὸ
533 4987 686 5042 ἰδεῖν
715 4988 810 5042 ἐπὶ
843 4987 943 5059 τῆς
972 4989 1215 5060 νοήσεως
1250 4990 1486 5060 εἴρηται,
1519 4989 1679 5059 δῆλον
1718 4990 1787 5056 ἐξ

237 5065 297 5128 ὧν
325 5079 376 5128 ὲν
414 5078 610 5151 Ἑξόδιρ
638 5080 825 5149 φησιν’
857 5098 883 5133 ι
915 5079 1096 5150 Ἐὡρα
1125 5082 1153 5134 6
1182 5079 1308 5143 λαὸς
1341 5080 1441 5151 τὴν
1478 5080 1663 5152 φωνὴν
1683 5079 1778 5134 τοῦ

238 5164 445 5240 Κυρίου*
477 5190 498 5224 ι
528 5172 710 5226 καίτοι
742 5172 865 5226 οὐδὲ
915 5174 950 5243 ἡ
984 5171 1218 5244 αἰσθητὴ
1251 5174 1403 5244 φωνὴ
1429 5174 1623 5245 ὁρατή.
1654 5173 1780 5237 Πῶς

238 5255 282 5311 ἢ
316 5262 373 5314 οὐ
409 5264 576 5317 καλὴν
618 5265 681 5319 τὸ
709 5264 825 5334 φῶς
849 5265 878 5318 ὃ
905 5264 1037 5330 Θεὸς
1067 5267 1300 5333 ἐπαινεῖ,
1331 5267 1429 5320 καὶ
1459 5268 1521 5321 τὸ
1549 5269 1659 5322 πᾶν
1694 5268 1781 5321 δι-

240 5347 514 5423 ιιόσμησες
546 5354 656 5407 Καὶ
708 5355 843 5425 ὅπερ
869 5356 928 5407 ἐν
962 5354 1242 5425 αἰσθητοῖς
1268 5356 1331 5410 τὸ
1368 5356 1556 5427 νοητὸν
1586 5360 1787 5413 ἐνεικο-

239 5438 414 5503 νίζεται
438 5446 559 5515 φῶς
579 5447 859 5517 ἀναλόγως
880 5448 1023 5519 ἔχειν
1054 5452 1264 5513 ἐκεῖνος
1299 5451 1556 5521 σημαίνει
1580 5453 1638 5506 ὲν
1662 5468 1789 5522 νοη-

242 5533 352 5596 τυῐς.
376 5538 717 5609 Σημειωτέον
751 5541 809 5595 δὲ
837 5543 920 5595 ὅτι
965 5542 1065 5596 σὺν
1092 5545 1159 5614 τῇ
1202 5542 1298 5596 τοῦ
1331 5542 1468 5598 Θεοῦ
1499 5548 1650 5617 φωνῇ
1691 5546 1788 5601 καὶ

231 5620 269 5703 ’δ
290 5625 386 5681 τῶν
418 5631 756 5704 γιγνομένων
814 5633 1239 5707 πνεισέδραμεν
1290 5635 1532 5704 ἔπαινος.
1574 5638 1784 5713 Ὠσπερ

301 5808 343 5840 ⁸³
381 5810 478 5869 Job
524 5830 725 5873 xxxt'ttt
749 5858 767 5884 ,
799 5817 853 5875 7.

1890 4730 1979 4773 tur
2013 4729 2073 4775 ut
2099 4719 2225 4775 inde
2262 4728 2443 4775 statua
2488 4720 2602 4786 tlat,
2639 4737 2825 4776 verum
2858 4721 3092 4791 sparsim
3136 4730 3191 4777 et
3220 4721 3460 4791 sejuncti

1884 4812 2106 4887 iaceant
2129 4827 2229 4866 ceu
2263 4821 2449 4881 partes
2483 4829 2550 4869 ex
2583 4814 2785 4884 quibus
2827 4822 3010 4870 statua
3039 4814 3384 4871 conficienda
3408 4825 3464 4871 et
3530 4862 3535 4872 .

1887 4902 2264 4958 connecteuda
2285 4903 2417 4959 .sit:
2452 4914 2689 4961 attamen
2719 4906 2935 4976 pulchri
2967 4906 3247 4972 videntur,
3281 4907 3327 4964 si
3353 4923 3462 4962 non
3531 4887 3536 4893 ’

1888 4994 2067 5049 cuivis
2103 4995 2305 5060 idiotas,
2331 5005 2388 5051 at
2414 4996 2462 5052 ei
2506 4996 2600 5066 qui
2640 5012 2736 5054 eos
2767 5014 2831 5053 ex
2863 4997 3078 5054 ratione
3108 4998 3243 5056 artis
3274 5001 3461 5055 consi-

1886 5087 2041 5143 derat
2062 5098 2115 5144 et
2137 5090 2409 5145 intuetur.
2440 5090 2500 5145 Si
2526 5091 2613 5146 his
2643 5105 2936 5162 compares
2965 5090 3173 5163 lapides
3193 5092 3461 5162 ignarios,
3550 5086 3561 5099 ’

1886 5178 1987 5235 etsi
2042 5194 2138 5248 per
2204 5195 2264 5235 se
2299 5181 2526 5236 minime
2559 5180 3028 5251 pulchritudinem
3081 5188 3321 5248 teneant,
3375 5188 3463 5236 ta-

1887 5284 2013 5326 men
2046 5270 2261 5327 ratione
2303 5272 2551 5329 universi
2596 5288 2953 5344 nequaquam
3006 5288 3106 5329 sua
3161 5272 3465 5344 pulchritu-

1886 5359 2018 5416 dine
2040 5353 2452 5417 destituuntur.
2476 5362 2615 5417 Nam
2651 5364 2700 5418 si
2735 5380 2833 5419 eos
2865 5363 3213 5433 coaptaveris
3239 5363 3307 5418 ad
3338 5363 3464 5434 pul-

1885 5452 2254 5509 chritudinem
2300 5454 2539 5526 alicujus
2584 5455 2833 5519 aediﬁcii,
2868 5454 2997 5510 licet
3029 5455 3143 5510 sint
3190 5455 3462 5527 despecti,

1886 5553 2133 5600 attamen
2172 5546 2443 5603 si.totum
2499 5548 2792 5604 aediﬁcium
2846 5548 3134 5619 respicias,
3198 5558 3465 5620 superant

1891 5638 2053 5712 longe
2090 5652 2258 5695 unam
2288 5645 2551 5708 statuam,
2580 5648 2861 5710 utcunque
2911 5639 2985 5695 sit
3029 5638 3311 5695 decorata.
3364 5636 3463 5696 Sic
