3922 6230
364 429 428 499 at
1678 439 2034 500 PBOCOPII
2061 444 2304 504 GAZrEI
2881 395 2894 410 ’
3561 437 3631 500 52

363 547 792 603 existimandum
823 531 1023 608 censeo
1045 551 1111 606 de
1139 549 1386 621 partibus
1411 549 1580 604 totius
1600 549 1942 615 universi,ex

2054 551 2162 622 γὰρ
2191 553 2462 605 παιδεύων
2495 551 2592 616 τὰς
2616 548 2806 622 νοερὰς
2837 549 3102 621 δυνάμεις
3129 546 3448 618 ἐφθέγξατο,
3485 545 3631 599 οὕτω

365 636 566 706 quibus
583 639 628 694 si
657 654 778 710 qua:
819 655 916 710 per
941 656 1002 695 se
1029 639 1286 694 videntur
1312 637 1612 702 deformes,
1631 640 1839 694 collatae
1875 641 1942 694 ad

369 731 640 786 rationem
693 731 959 797 universi,
1007 731 1396 802 pulcherrimae
1440 729 1941 801 deprchendemur.

364 823 638 876 Caeterum
667 831 914 876 exactam
939 821 1226 876 utilitatem
1256 823 1595 891 singularum
1624 831 1678 876 et
1698 829 1942 876 mutuam

366 913 509 966 inter
538 927 661 968 sese
691 911 1154 978 convenientiam,
1181 913 1568 968 cohmrentiam
1599 921 1654 970 et
1682 913 1941 967 commis-

363 1019 550 1058 suram
587 1005 775 1059 sensui
809 1005 1050 1058 humano
1083 1005 1366 1076 percipere
1409 1005 1750 1074 impossibile
1800 1014 1882 1060 est
1915 1023 1930 1059 :

365 1094 627 1149 imo'nec
657 1094 904 1166 vulgaris
953 1103 1008 1151 et
1039 1097 1286 1166 cujusvis
1335 1095 1571 1150 hominis
1619 1097 1937 1155 intellectus

362 1183 456 1238 illa
485 1185 744 1261 indagare
801 1197 1004 1258 potest.
1043 1187 1149 1253 Qui
1199 1185 1470 1242 diversam
1528 1189 1766 1242 retinent
1823 1191 1942 1258 Opi-

2053 641 2214 696 πάλιν
2246 642 2438 706 αὑταῖς
2467 642 2636 706 δεῖξαι
2665 641 2986 712 βουλόμενος
3033 639 3109 704 ὡς
3135 639 3234 692 οὐκ
3279 639 3438 702 ἄλλος
3470 638 3568 707 μὲν
3598 637 3629 688 ὁ

2052 735 2242 800 ποιῶν,
2275 735 2432 798 ἄλλος
2463 735 2519 788 δὲ
2568 737 2595 788 ὁ
2645 735 2845 805 κρίνων
2917 731 3032 786 ἀλλ’
3083 731 3200 795 ένδς
3253 729 3390 784 Θεοῦ
3421 728 3628 782 τούτων

2051 827 2334 897 ἑκάτερον,
2386 829 2452 896 τῇ
2503 827 2724 896 ποιήσει
2769 823 2973 896 συνῆψε
3025 823 3124 892 τὴν
3157 821 3339 893 κρίσιν
3382 819 3477 873 καὶ
3527 818 3627 888 τὴν

2052 917 2180 988 περὶ
2211 917 2318 972 τῶν
2352 918 2659 987 γεγονότων
2697 915 3044 987 δοκιμασίαν*
3081 913 3217 984 ὁμοῦ
3253 913 3348 966 καὶ
3387 927 3629 982 προανα-
3664 897 3671 912 ’

2047 1007 2332 1080 [σιτέλλων
2361 1009 2461 1079 τὴν
2511 1009 2620 1062 τῶν
2644 1009 2837 1078 ψέγειν
2867 1007 3192 1077 τολμώντων
3227 1006 3326 1076 τὴν
3357 1001 3626 1074 αἰσθητὴν

2046 1101 2406 1172 δημιουργίαν
2429 1101 2700 1172 δαιμόνων
2719 1101 3040 1165 ὑπόστασιν,
3061 1099 3156 1153 καὶ
3171 1099 3271 1166 τὴν
3294 1096 3452 1150 ἄθεον
3470 1094 3624 1165 αἴρει-

2050 1210 2156 1255 σιν,
2187 1193 2236 1245 οἳ
2265 1193 2360 1246 καὶ
2385 1193 2564 1263 κακὴν
2594 1191 2767 1264 ἀρχὴν
2801 1191 3212 1253 ἀναπλὰςαντες
3251 1187 3629 1257 ἀντεγείρουσι

362 1275 610 1340 nionem,
677 1275 927 1347 profecto
955 1276 1091 1330 nihil
1125 1275 1384 1330 differunt
1416 1277 1488 1330 ab
1523 1275 1954 1333 immanissimis
2049 1281 2127 1354 τῷ
2158 1282 2298 1354 Θεῷ.

359 1365 589 1433 belluis,
613 1375 666 1423 et
693 1367 928 1422 malefici
961 1367 1182 1437 generis
1227 1367 1539 1438 reptilibus.
1575 1367 1708 1422 Nam
1747 1383 1938 1423 sanam
1977 1372 2315 1441 reliquorum
2370 1373 2701 1429 sententiam
2734 1371 3060 1438 dilacerare,
3117 1378 3174 1426 et
3235 1383 3446 1426 veneno
3530 1381 3630 1426 ει-

361 1459 646 1532 stinguere
676 1459 1240 1534 uituntur.lnquiunt
1275 1464 1445 1530 enim,
1470 1473 1564 1517 aut
1589 1461 1759 1518 Deum
1787 1506 1800 1528 ,
1835 1467 1926 1534 qui
1971 1466 2161 1524 islha'e
2205 1471 2398 1525 fecerit
2431 1487 2550 1525 esse
2579 1471 2805 1535 n-altzm,
2841 1479 2933 1525 aut
2968 1485 3072 1523 non
3105 1468 3318 1523 fecisse.
3348 1464 3496 1520 lianc
3521 1463 3630 1518 im-

361 1553 506 1621 piam
545 1553 859 1624 Opinionem
901 1554 1208 1624 accipiunt,
1243 1552 1374 1609 dum
1413 1555 1766 1610 considerant
1809 1553 2087 1612 feritatem
2123 1559 2453 1626 belluarnm,
2485 1569 2537 1615 et
2568 1561 2909 1630 serpentium
2959 1546 3228 1612 maleficia
3282 1570 3378 1626 per
3405 1569 3484 1620 se,
3523 1565 3631 1608 nec

359 1645 656 1703 conferunt
687 1648 754 1704 ad
799 1649 1060 1704 rationem
1105 1647 1274 1718 hujus
1307 1649 1476 1705 totius
1517 1650 1744 1718 epiﬁeii.
1817 1651 1976 1717 Quod
2053 1661 2232 1709 autem
2266 1656 2518 1721 verbum,
2572 1656 2726 1722 vidit,
2769 1655 3157 1725 porrigendum
3197 1652 3270 1707 sit
3311 1650 3378 1705 ad
3414 1650 3630 1705 intelle-

359 1742 563 1797 ctivam
603 1743 886 1810 virtutem,
918 1743 1026 1800 fide
1057 1744 1257 1814 dignus
1291 1745 1449 1800 testis
1473 1753 1558 1799 est
1593 1744 1790 1810 Moses,
1831 1748 1922 1816 qui
1963 1748 2039 1801 ait
2067 1748 2120 1802 in
2163 1749 2356 1804 Exodo
2389 1768 2401 1805 :
2442 1749 2710 1805 «Videbat
2749 1750 2987 1820 pupulus
3017 1761 3202 1801 vocen:
3239 1743 3391 1798 Dei.»
3417 1742 3485 1796 At
3523 1756 3632 1795 vox

357 1848 471 1890 non
503 1835 760 1904 visibilis,
785 1837 881 1893 sed
911 1838 1169 1895 audibiiis
1201 1848 1305 1895 est.
1341 1838 1446 1894 Sed
1478 1839 1601 1910 quis
1631 1839 1995 1909 reprehendat
2022 1841 2220 1906 lucem,
2251 1859 2376 1898 cum
2412 1859 2439 1896 a
2473 1842 2588 1898 Deo
2651 1843 2770 1914 ipso
2835 1840 3088 1895 laudibus
3157 1834 3440 1890 vehatur?
3500 1833 3618 1887 lmo

356 1930 486 2000 quis
516 1946 637 1986 eam
661 1933 977 2004 vituperare
1001 1935 1248 2001 audebit,
1279 1951 1405 1990 cum
1433 1943 1625 1990 cernat
1651 1935 1719 1990 ab
1741 1950 1804 1990 ea
1835 1935 1938 1990 hoc
1973 1937 2288 1993 universum
2315 1954 2441 1995 esse
2473 1949 2798 1994 exornatum
2843 1946 2898 1994 et
2925 1933 3297 1993 illustratum?
3333 1933 3628 1994 Praeterea,

359 2024 509 2093 quod
536 2027 718 2098 magis
743 2027 810 2082 ad
836 2029 958 2098 ejus
993 2030 1372 2084 excellentiam
1401 2028 1549 2096 facit,
1583 2039 1940 2102 repraesentat
1979 2033 2152 2090 nobis.
2167 2035 2270 2089 sub
2311 2035 2470 2102 quasi
2496 2036 2618 2090 viva
2649 2035 2883 2106 imagine
2920 2033 3098 2087 lucem
3163 2038 3443 2090 a'ternam,
3502 2023 3632 2094 Qua:

361 2119 640 2176 intellectu
687 2123 808 2178 solo
835 2125 1119 2195 arripitur.
1162 2125 1434 2181 Caeterum
1467 2125 1772 2180 notandum
1823 2136 1938 2196 est,
1970 2142 2095 2182 cum
2135 2143 2271 2183 voce
2299 2128 2486 2184 divina
2528 2128 2695 2184 simul
2777 2126 3105 2182 convenisse
3157 2131 3212 2176 et
3287 2120 3633 2174 creationem

357 2229 544 2271 rerum
589 2217 938 2288 laudemque.
984 2219 1056 2275 Ut
1100 2222 1245 2286 enim
1293 2223 1596 2278 instrueret
1662 2222 1983 2292 Spirituales
2022 2233 2332 2289 creaturas,
2368 2225 2693 2294 perhibetur
2764 2239 2889 2280 esse
2920 2223 3138 2277 loeutus
3171 2238 3184 2272 :
3224 2217 3325 2281 sic,
3351 2225 3410 2270 ut
3444 2214 3634 2268 decla-

359 2315 511 2362 raret
539 2323 599 2364 se
632 2318 686 2364 et
729 2309 981 2380 opificem
1033 2322 1089 2366 et
1134 2311 1378 2381 judicem
1428 2328 1552 2368 esse
1603 2315 1688 2367 sui
1738 2301 1942 2384 operis,
1983 2328 2086 2370 nec
2113 2310 2300 2382 alium,
2331 2328 2630 2386 utrumque
2657 2315 2768 2369 Deo
2801 2313 3064 2384 ascripsit
3132 2309 3336 2374 Moses,
3398 2306 3632 2360 creatio-

360 2400 528 2470 nique
557 2401 733 2470 juuxit
762 2414 818 2459 et
848 2404 1144 2474 judicium,
1178 2406 1414 2476 ejusque
1457 2407 1933 2479 approbationem.
2013 2410 2129 2467 lloe
2181 2411 2332 2467 facto
2403 2413 2646 2468 occurrit
2701 2411 2810 2467 illis
2863 2407 3176 2466 haereticis,
3229 2405 3320 2474 qui
3374 2403 3632 2456 nituntur

361 2505 617 2554 astruere
663 2499 798 2570 illud
841 2501 1106 2556 sensibile
1157 2503 1437 2573 opificium
1485 2519 1524 2558 a
1567 2503 1920 2562 daemonibus
1985 2522 2109 2564 esse
2137 2509 2442 2565 conditum.
2512 2508 2576 2563 Et
2608 2523 2742 2564 sane
2783 2519 2984 2562 eorum
3025 2500 3390 2556 confidentem
3467 2495 3634 2548 auda-

359 2591 506 2647 ciam
537 2593 861 2660 contundit,
895 2601 949 2648 et
988 2596 1041 2649 in
1083 2603 1293 2651 arctum
1326 2596 1478 2668 cogit
1507 2600 1554 2650 ⁶..

433 2684 505 2740 Et
552 2685 806 2742 distinxit
837 2687 984 2742 Deus
1021 2689 1172 2744 inter
1196 2689 1364 2744 lucem
1405 2666 1455 2744 et
1486 2690 1626 2746 inter
1677 2692 1938 2746 tenebras.

2117 2689 2230 2744 Καὶ
2264 2687 2616 2756 διεχώρισεν
2653 2689 2686 2740 ό
2716 2683 2861 2747 Θεὸς
2893 2679 3010 2736 ἀνὰ
3049 2675 3248 2746 μέσον
3289 2669 3396 2726 τοῦ
3435 2666 3633 2738 φωτὸς

357 2774 718 2850 Nequaquam
753 2781 896 2834 enim
929 2781 1073 2836 inter
1102 2795 1161 2836 se
1186 2783 1637 2848 eommiscentur,
1671 2784 1941 2854 siquidem

361 2873 596 2929 alterum
632 2873 880 2941 habitus,
901 2891 1067 2946 porro
1113 2877 1344 2931 alterum
1397 2877 1636 2948 pri-vatio
1683 2887 1790 2942 est,
1823 2895 1944 2948 quae

361 2961 590 3035 quidem
626 2965 947 3038 neutiquam
993 2969 1144 3025 coire
1175 2978 1410 3040 possunt
1455 2971 1632 3028 altero
1681 2973 1943 3028 incolumi

359 3058 682 3116 exsistente.

435 3147 602 3211 νεεδ.
642 3149 697 3207 5.
745 3149 817 3204 Et
862 3154 1064 3207 vocavit
1099 3152 1238 3210 Deus
1276 3156 1467 3226 lucem,
1491 3155 1646 3212 "diem
1678 3173 1696 3212 :
1725 3165 1776 3212 et
1807 3165 1944 3211 lene-

362 3243 487 3298 bras
515 3243 722 3298 vocavit
754 3253 980 3298 noctem.
1012 3243 1171 3301 Nunc
1204 3261 1335 3301 vero
1370 3247 1475 3302 alia
1507 3247 1616 3303 diei
1656 3248 1797 3302 ratio
1833 3257 1940 3302 est.

361 3326 500 3386 Nam
536 3337 662 3401 post
693 3338 938 3388 creatum
991 3332 1187 3397 solem,
1213 3333 1337 3390 dies
1371 3342 1457 3390 est
1502 3350 1532 3390 a
1577 3335 1711 3391 solis
1760 3335 1944 3405 Splen-

362 3424 501 3478 dore
557 3423 912 3480 illumiuatus
944 3439 1036 3479 aer
1080 3425 1136 3480 in
1178 3426 1566 3496 hemisphaerio
1611 3436 1806 3483 nostro
1851 3443 1944 3483 su-

361 3528 467 3582 pra
506 3521 740 3570 terram.
770 3513 889 3573 Nox
929 3525 1014 3572 est
1045 3518 1242 3574 umbra
1289 3527 1471 3582 terrm,
1499 3534 1622 3588 qua:
1647 3519 1947 3590 contingit,

361 3606 458 3662 ubi
497 3596 768 3664 occiderit
813 3608 918 3665 sol.
950 3609 1110 3664 Tunc
1153 3619 1362 3676 autem,
1391 3610 1607 3667 scilicet
1659 3609 1714 3664 in
1757 3625 1942 3674 rerum

361 3701 698 3772 primordio,
726 3717 836 3758 non
880 3702 1187 3759 secundum
1235 3717 1461 3758 cursura
1508 3703 1643 3760 solis
1679 3703 1944 3758 nosceba-

261 3867 266 3873 ι
361 3799 456 3850 tur
493 3793 635 3857 dies.
683 3809 878 3849 verum
937 3795 1274 3866 primogenia
1329 3803 1382 3852 et
1435 3796 1678 3866 undique
1709 3796 1952 3852 circum»

361 3885 487 3940 fusa
517 3886 634 3951 lux,
659 3885 814 3955 juxta
844 3887 1067 3945 modum
1101 3901 1131 3939 a
1156 3885 1269 3942 Deo
1301 3887 1590 3943 definitum
1625 3895 1938 3948 contracta,

363 3975 508 4032 diem
546 3977 866 4046 praestabat,
900 3977 987 4031 cui
1015 3977 1215 4033 deinde
1242 3979 1578 4034 succedebat
1611 3977 1940 4042 nox.‘Diem,

364 4065 546 4136 inquit
575 4107 590 4132 ,
623 4068 867 4120 vocavit.
909 4067 1119 4136 Ἡμέρα
1155 4066 1342 4124 Graeca
1371 4069 1537 4124 dictio
1556 4070 1954 4140 ponitur,qnar

365 4153 658 4228 quamdam
679 4159 1153 4214 mansuetudinem
1182 4159 1463 4230 importat.
1487 4160 1767 4232 Quidquid
1798 4163 1947 4216 enim

364 4251 574 4306 festum
611 4259 668 4305 et
715 4249 891 4304 hilare
951 4257 1058 4315 est,
1113 4248 1168 4303 id
1221 4248 1410 4306 Graece
1447 4250 1677 4322 ἥμερον,
1732 4251 1782 4305 id
1836 4259 1948 4314 est,

363 4344 642 4414 placidum
697 4352 754 4398 et
804 4353 1152 4399 mansuetum
1208 4345 1486 4416 appellare
1538 4345 1737 4400 solent.
1795 4343 1946 4411 Qua-

361 4443 586 4506 propter
634 4435 805 4490 etiam
865 4435 1263 4490 humanitatem
1319 4435 1402 4491 vel
1458 4435 1942 4491 mansuetudinem

362 4529 712 4584 nominamus
737 4527 1072 4599 ἡμερότητα.
1105 4527 1378 4584 Praeterea
1419 4529 1525 4584 alia
1560 4526 1942 4584 mansuefacta

363 4636 750 4692 nuncupamus
787 4621 992 4692 ἥμερα,
1035 4620 1091 4676 id
1121 4628 1228 4686 est,
1259 4621 1453 4676 cicura
1491 4629 1545 4676 et
1579 4629 1790 4692 pacata.
1825 4619 1944 4674 Nox

361 4713 574 4768 dicitur
614 4712 824 4768 Graecis
855 4713 976 4779 νύξ,
999 4715 1158 4784 quasi
1215 4713 1418 4777 νύττει,
1452 4713 1504 4768 id
1545 4721 1652 4776 est,
1699 4712 1943 4768 stimulet

365 4804 647 4859 hominem
714 4801 830 4859 fere
880 4804 1268 4872 dormientem,
1313 4804 1547 4860 subinde
1583 4804 1874 4859 inculcatis
1926 4819 1940 4856 :

364 4895 549 4964 Disce,
583 4898 772 4962 homo,
800 4905 854 4953 te
885 4912 1008 4953 esse
1034 4899 1344 4965 mortalem,
1375 4905 1430 4953 et
1469 4912 1666 4955 somno
1695 4897 1939 4963 servire;

363 5003 420 5048 et
445 4992 578 5064 quid
625 4993 836 5064 majora
872 4994 983 5048 tuis
1009 4993 1218 5048 viribus
1250 5002 1305 5049 et
1336 4993 1548 5048 moliris
1581 4999 1637 5047 et
1683 4989 1944 5060 cogitas?

361 5087 498 5143 Nam
533 5085 632 5154 νύξ
655 5095 744 5142 εει
778 5087 1080 5157 κατανυγὴ,
1115 5085 1171 5141 id
1220 5093 1326 5153 est,
1359 5085 1667 5141 stimulatio
1699 5085 1781 5138 vel
1831 5082 1944 5137 ad-

361 5179 618 5234 monitio.
646 5178 792 5234 Hinc
821 5185 1006 5234 motus
1051 5177 1246 5240 David,
1300 5175 1376 5230 ait
1410 5193 1427 5232 :
1463 5193 1483 5228 ι
1520 5173 1832 5244 Loquimini
1885 5174 1944 5229 in

365 5272 532 5326 corde
555 5279 760 5336 vestro,
802 5278 854 5326 et
888 5270 944 5324 iu
976 5269 1234 5324 cubiculo
1248 5277 1451 5332 vestro,
1472 5274 1528 5322 et
1544 5264 1902 5320 stimulemini
1917 5283 1932 5314 ι

361 5363 448 5416 vel
488 5381 507 5412 ε
541 5333 977 5434 pungamini”.t
1012 5361 1216 5416 Verum
1239 5359 1496 5416 Hebraeus
1521 5358 1722 5420 habet,
1751 5365 1936 5411 tacete.

2049 5361 2158 5420 τοῖς
2197 5355 2314 5426 μὲν,
2341 5343 2810 5417 ἀναπαυομένοις·
2834 5343 2945 5404 τοῖς
2973 5337 3055 5404 δὲ,
3091 5333 3411 5437 νεροριένοις

364 5449 837 5518 Quemadmodum
903 5469 998 5510 rex
1051 5452 1276 5524 aliquis,
1316 5452 1414 5524 qui
1467 5451 1522 5506 in
1574 5451 1710 5506 urbe
1753 5449 1937 5522 aliqua

363 5543 497 5613 quld
531 5545 648 5600 fieri
677 5548 960 5617 praecepit,
991 5547 1084 5602 ubi
1123 5545 1332 5601 factum
1368 5553 1475 5613 est,
1506 5545 1558 5600 id
1609 5543 1770 5598 laude
1799 5545 1939 5598 insi-

366 5643 456 5706 gni
486 5633 680 5693 eﬂ'erre
717 5638 1025 5704 consuevit,
1063 5644 1254 5708 postea
1282 5637 1332 5692 id
1366 5637 1433 5692 ad
1475 5652 1658 5700 usum,
1701 5650 1866 5704 quem
1897 5651 1942 5688 at

2051 5649 2085 5687 ο
2136 5630 2238 5700 13
2283 5627 2336 5682 dt
2356 5623 2582 5683 stinavit
2598 5661 2613 5685 ,

2046 2783 2142 2838 καὶ
2169 2781 2286 2836 ἀνὰ
2314 2779 2509 2850 μέσον
2535 2777 2640 2832 τοῦ
2671 2777 2952 2838 σκότους.
2979 2771 3223 2839 ’Δμικτα
3241 2764 3352 2832 γὰρ
3378 2759 3630 2829 ἀλλήλοις

2046 2877 2100 2930 εἴ
2125 2893 2186 2944 γε
2213 2875 2274 2928 τὸ
2306 2873 2404 2937 μὲν
2457 2873 2592 2939 ἕξις,
2621 2872 2680 2924 τὸ
2708 2869 2763 2922 δὲ
2793 2851 3102 2934 καθέστήκε
3159 2861 3438 2930 στέρησις·
3480 2854 3628 2925 ἅπερ

2046 2967 2296 3038 ἀλλήλοις
2347 2965 2662 3037 ἁσύμϐατα,
2707 2959 2798 3016 τοῦ
2842 2959 3035 3029 ἑτέρου
3086 2950 3464 3008 ἀνυποστάτου
3499 2965 3640 3017 τυγ-.

2047 3062 2327 3134 χάνοντος.
2568 3121 2572 3125 ,

2114 3154 2225 3209 Καὶ
2247 3151 2544 3206 ἐκάλεσεν
2576 3151 2610 3203 ὁ
2661 3146 2806 3211 Θεὸς
2839 3142 2905 3198 τὸ
2953 3140 3078 3212 ςρῶς
3107 3137 3354 3208 ἡμέραν,
3409 3132 3506 3188 καί
3558 3134 3638 3186 τᾶ

2048 3247 2268 3311 σκότος
2322 3242 2579 3296 ἐκάλεσε
2631 3239 2842 3293 νύκτα.
2878 3233 2994 3297 Νῦν
3044 3229 3314 3302 μὲνμετὰ
3344 3226 3442 3298 τὴν
3467 3225 3637 3294 ἡλίου

2046 3339 2280 3409 γένεσιν,
2313 3333 2496 3404 ἡμέρα
2529 3329 2676 3383 ἐστὶν
2706 3329 2733 3380 ὁ
2763 3324 2866 3378 ὑπὸ
2894 3322 3049 3394 ἡλίου
3077 3317 3486 3388 πεφωτισμένος

2047 3406 2104 3486 έν
2157 3429 2235 3500 τῷ
2287 3428 2427 3490 ὑπὲρ
2479 3425 2582 3494 γῆν
2627 3417 2976 3491 ἡμισφαιρίῳ
3023 3414 3356 3484 λάμποντος,
3403 3406 3634 3474 καὶνὺξ

2049 3523 2296 3591 σκίασμα
2323 3520 2422 3589 τῆς
2441 3517 2545 3586 γῆς
2571 3509 3062 3584 ἀποκρυπτομένου
3093 3507 3246 3577 ἡλίου
3277 3503 3625 3574 γιγνόμενον.

2046 3613 2181 3667 Τότε
2206 3613 2262 3664 δὲ
2297 3612 2357 3664 οὐ
2381 3607 2521 3662 κατὰ
2545 3606 2640 3675 τὴν
2663 3605 2878 3672 κίνησιν
2905 3600 3158 3672 ἡλιακὴν,
3186 3597 3302 3651 ἀλλ’
3323 3591 3626 3666 ἀναχεομέ-

2045 3719 2138 3756 νου
2167 3699 2307 3754 κατὰ
2340 3697 2399 3751 τὸ
2441 3693 2659 3765 ὁρισθὲν
2701 3694 2898 3763 μέτρον
2938 3685 3088 3760 παρὰ
3118 3683 3214 3740 τοῦ
3248 3685 3409 3749 Θεοῦ,
3440 3682 3631 3752 ἡμέρα,

2043 3793 2263 3862 ἐγένετο
2287 3790 2381 3842 καὶ
2413 3787 2510 3853 νὺξ
2541 3784 2820 3856 ἀντεπῄει.
2851 3779 3097 3851 Ἡμέραν
3122 3778 3200 3845 δὲ,
3229 3774 3624 3846 φασ“ιν,ὲκάλε-

2046 3902 2160 3945 σεν,
2183 3883 2372 3950 ἐπειδὴ
2408 3879 2517 3933 πᾶν
2565 3878 2626 3930 τὴ
2653 3876 2882 3947 φαιδρὸν
2913 3874 3008 3928 καὶ⁴
3050 3869 3234 3942 ἱλαρὸν
3271 3871 3499 3936 ἥμερον
3531 3865 3623 3918 λέ-

2045 3992 2223 4047 γεται·
2249 3975 2329 4028 διὸ
2353 3973 2446 4026 καὶ
2474 3971 2572 4043 τὴν
2604 3966 3018 4040 φιλανθρωπίαν
3057 3965 3395 4035 ἡμερότητα
3424 3957 3626 4015 καλοῦ-

2055 4083 2174 4141 μενο
2203 4067 2299 4122 καὶ
2321 4067 2392 4118 τὰ
2431 4062 2693 4136 χειροήθη
2741 4061 2908 4132 θηρία
2949 4059 3160 4127 ἣμερα.
3197 4054 3325 4117 Νὺξ
3357 4053 3414 4107 δὲ
3441 4051 3628 4105 καλεῖ-

2049 4179 2160 4226 ται,
2179 4157 2366 4229 ἐπειδὴ
2391 4155 2570 4210 νύττει
2599 4155 2688 4206 τὸν
2719 4151 3008 4222 ἄνθρωπον
3033 4149 3130 4203 καὶ
3153 4144 3500 4206 καθεύδοντα,
3525 4157 3626 4210 μο-

2049 4252 2264 4322 νονουχὶ
2291 4251 2552 4325 λέγουσα·
2589 4245 2770 4309 Μάθε,
2800 4243 3054 4314 ἄνθρωπε
3095 4239 3172 4301 ὡς
3201 4235 3392 4325 θνητὸς
3424 4229 3476 4287 εἷ
3531 4231 3626 4325 καὶ

2051 4343 2205 4411 ὕπνῳ
2243 4324 2517 4400 δουλεύεις
2539 4355 2553 4368 ο
2581 4333 2674 4388 καί
2705 4351 2762 4387 τι
2791 4328 3040 4404 φαντὰζῃ
3073 4328 3141 4383 τὰ
3165 4327 3307 4397 ὑπὲρ
3339 4324 3428 4386 σὲς
3457 4325 3490 4392 ἡ
3515 4324 3630 4391 γὰρ

2045 4433 2143 4499 νὺξ
2195 4428 2502 4498 inamarij
2554 4430 2720 4480 ἐστιν.
2759 4425 2922 4478 Ὅθεν
2963 4421 3059 4476 καὶ⁸
3091 4423 3119 4474 ὁ
3149 4417 3332 4480 Δασὶδ,
3365 4433 3384 4466 ι
3418 4415 3485 4466 Ἀ
3533 4411 3628 4466 λέ-

2044 4539 2191 4590 γετε,
2218 4521 2408 4591 φησὶν,
2436 4519 2494 4570 ὲν
2516 4519 2636 4580 ταῖς
2664 4513 2914 4584 καρδίαις
2937 4509 3112 4580 ὑμῶν,
3142 4505 3234 4560 ἐπὶ
3261 4507 3380 4568 ταῖς
3410 4501 3630 4563 κοίταις

2046 4614 2200 4686 ὑμῶν
2247 4609 2612 4680 καταζνύγητε.
2649 4626 2668 4658 ι
2741 4608 2832 4670 Ὡς
2856 4605 2914 4658 δὲ
2965 4599 3218 4676 βασιλεῦς
3267 4601 3324 4653 ὲν
3365 4597 3431 4667 τῇ
3465 4592 3634 4647 πόλει.

2045 4705 2372 4780 προστάξειέ
2419 4720 2471 4756 τι
2501 4699 2775 4771 γενέσθαι,
2806 4695 2926 4752 εἶτα
2954 4695 3134 4758 καλῶς
3159 4689 3380 4762 γεγονὸς
3413 4686 3630 4742 ἐπαινέ-

2045 4819 2180 4864 σειε,
2212 4799 2307 4854 καὶ
2340 4795 2481 4870 μετὰ
2519 4794 2692 4848 ταῦτα
2734 4792 2870 4864 πρὸς
2907 4788 3004 4861 τὴν
3033 4787 3419 4858 προσήκουσαν
3445 4796 3621 4835 κατα-

2041 4892 2224 4958 τάξειε
2259 4890 2468 4964 χρείανο
2520 4885 2696 4950 οὕτως
2737 4887 2765 4938 ὀ
2819 4883 2952 4945 Θεὸς
3003 4876 3126 4934 εἷπε
3178 4875 3434 4946 γενέσθαι
3483 4871 3627 4939 φῶς,

2043 4987 2277 5058 ἐπῄνεσε
2307 4981 2551 5052 γεγονὸς,
2588 4973 2784 5049 ὥρισεν
2818 4977 2893 5039 ὼς
2921 4971 3155 5044 ἧμελλεν
3186 4965 3492 5058 ἐπιτήδειον
3519 4977 3626 5030 φα-

2043 5055 2255 5135 νεῖσθαι
2283 5075 2360 5146 τῷ
2382 5075 2592 5144 κόσμῳ.
2620 5069 2792 5123 Τοῦτο
2824 5067 2933 5138 γὰρ
2963 5065 3113 5135 δηλοῖ
3143 5061 3224 5126 τὸ,
3250 5077 3269 5110 ‹
3307 5055 3630 5146 διεχώρισεν

2044 5174 2150 5228 ἀνὰ
2186 5141 2370 5242 μέσον.
2413 5185 2432 5218 ι
2470 5141 2586 5218 (ibi):
2629 5159 2906 5230 ἠϐουλήθη
2931 5157 3042 5226 γὰρ
3071 5149 3354 5212 παντελῶς
3387 5141 3628 5242 εἶναι

2042 5267 2104 5320 τὸ
2135 5236 2650 5326 σπότοςοὲπιτηδεία
2677 5252 2788 5322 γὰρ
2810 5247 2957 5320 ἠνὺξ
2988 5242 3302 5316 ἀνθρώποις
3331 5240 3423 5294 καὶ
3440 5236 3624 5302 ζώοις·
3676 5307 3687 5320 ,

3435 5327 3632 5380 ἰἘν

2047 5421 2344 5519 αὐτῇ-γὰρ
2392 5439 2738 5509 ἐξελεύσεται
2787 5435 2967 5491 πάντα
3026 5430 3094 5484 τὰ
3149 5425 3318 5499 θηρία
3373 5421 3466 5478 τοῦ
3497 5421 3631 5493 Spu-

2122 5560 2206 5594 υ.)

2092 5559 2206 5595 ου.»

2053 5561 2090 5676 Ξ
2136 5630 2238 5676 ιςι
2283 5623 2613 5676 ᾱιειὶιιανὶι.
2701 5615 3080 5676 accommodat
3123 5631 3137 5668 :
3180 5606 3346 5666 simili
3417 5604 3634 5660 ratione

365 5731 632 5804 praecepit
673 5728 839 5798 Deus,
885 5740 945 5787 ut
989 5705 1232 5789 oriretur
1283 5733 1396 5799 lux,
1447 5739 1692 5787 exortam
1738 5727 2096 5792 collaudavit,
2141 5734 2330 5797 postea
2370 5735 2490 5775 cam
2539 5715 2816 5788 disposuit
2851 5712 2918 5768 ad
2989 5725 3116 5768 cum
3190 5705 3432 5769 modum,
3511 5717 3628 5772 quo

441 5906 486 5940 “
526 5905 673 5965 l’sal.
725 5922 798 5973 tv,
830 5906 882 5962 5.
