3922 6230
204 355 285 418 53

1300 348 1837 413 COMMENTARII
1862 349 1941 411 1N
1983 348 2317 410 GENESIN
3253 348 3268 360 ’
3396 343 3466 411 54

206 463 571 523 existimabat
616 462 825 519 mundo
846 462 971 520 usui
1001 461 1355 518 futuram.Et
1383 463 1485 519 hoc
1512 464 1787 533 colligitur
1810 479 1874 519 ev
1910 462 2097 527 verbo,
2134 475 2163 514 ι’
2183 458 2439 514 distinxit
2463 476 2482 510 ι
2519 458 2604 514 vel
2640 457 2858 514 «divisit
2885 479 2930 514 υ.
2964 457 3151 513 Voluit
3174 458 3376 514 etenim
3414 466 3470 516 et

207 557 475 612 tenebras
496 571 622 612 esse
651 566 838 610 mutua
863 556 1221 613 successione
1242 570 1345 611 seu.
1366 555 1770 612 vicissitudine.
1810 553 1954 609 Nam
1979 569 2093 609 nox.
2120 552 2438 607 hominibus
2505 559 2561 607 et
2608 551 2835 623 reliquis
2897 551 3278 609 animantibus
3357 552 3470 607 uti-

210 653 291 707 lis
315 660 421 706 est.
450 649 567 706 Illis
595 666 817 707 suavem
855 651 1093 722 quietem
1130 650 1337 722 praebet
1371 669 1386 706 :
1433 651 1519 707 bis
1548 652 1614 706 ad
1653 666 1859 722 pascua
1884 648 2049 704 eundi
2090 648 2306 716 capiam
2361 644 2514 711 facit,
2589 654 2652 701 ut
2712 646 2868 701 canit
2945 647 3132 718 regius
3212 646 3471 702 Psaltes:

218 766 243 799 ι
269 743 461 806 ,Ponis
495 746 756 801 tenebras
808 751 864 796 et
916 742 976 797 lit
1011 757 1138 809 nox,
1173 750 1229 797 et
1270 744 1326 796 in
1359 758 1422 798 ea
1458 748 1795 812 proserpunt
1832 753 2025 794 omnes
2064 738 2253 792 bestiae
2286 737 2438 792 silva:
2477 737 2544 790 ".
2583 755 2602 789 ι

290 836 399 888 Καὶ
443 835 681 904 ἐγένετο
723 832 875 900 πρωῒ
906 830 1105 901 ἠμέρα-
1122 833 1252 901 pla.
1294 830 1353 886 '0
1382 832 1661 903 χωρισμὸς
1685 832 1743 885 ὃν
1769 833 1796 884 ὀ

1970 826 2038 880 Et
2074 827 2175 894 fuit
2206 841 2442 894 vespera,
2481 826 2687 897 fuitque
2728 842 2882 881 mane
2915 825 3027 881 dies
3068 842 3227 881 unus.
3261 824 3475 879 Distin-

216 925 353 988 Θεὸς
373 924 694 997 διεχώρισεν
728 922 1059 995 μεταξύτοῦ
1092 923 1268 992 φωτὸς
1302 921 1515 976 καὶτοῦ
1552 922 1796 988 σκότους,

218 1019 351 1080 τοὺς
391 1019 608 1079 κοινοὺς
643 1017 972 1086 ἀμφοτέρων
1006 1016 1382 1084 ἀπεγέννησεν
1413 1015 1593 1085 ὅρους·
1625 1016 1802 1088 πέρας

218 1109 336 1177 γὰρ
366 1109 585 1179 ἡμέρας
633 1109 788 1179 μὲνὴ
818 1109 1049 1177 ἑσπέρα,
1082 1106 1275 1171 νυκτὸς
1305 1108 1362 1162 δὲ
1395 1107 1457 1160 τὸ
1486 1110 1651 1180 πρωτ-
1708 1109 1804 1164 καὶ

224 1198 521 1263 ἀνάπαλιν,
559 1199 701 1269 ἀρχὴ
764 1198 864 1269 μὲν
912 1197 1124 1268 ἑσπέρα
1177 1199 1394 1265 νυκτὸς,
1444 1199 1504 1252 τὸ
1548 1198 1693 1271 πρωῒ
1749 1200 1806 1253 δὲ

222 1288 471 1357 ἡμέρας.
512 1288 629 1341 Ἀεὶ
676 1288 786 1360 γὰρ
817 1288 887 1342 τὰ
945 1287 1156 1359 πέρατα
1191 1289 1285 1342 καὶ
1328 1289 1398 1343 τὰ
1441 1289 1572 1361 τέλη
1621 1289 1718 1343 καὶ
1749 1290 1805 1344 αἱ

225 1380 403 1450 ἀρχαὶ
449 1378 894 1434 ουνεπινοοῦνται
944 1381 1060 1444 τοῖς
1120 1379 1465 1451 πράγμασιν.
1503 1381 1665 1436 Ὅθεν
1707 1381 1809 1437 οὐκ

226 1464 412 1535 εἶπεν,
446 1471 702 1542 Ἐποίησε
733 1471 833 1542 τὴν
863 1472 1105 1541 ἑσπέραν
1135 1472 1229 1525 καὶ
1278 1474 1337 1526 τ’)
1385 1470 1549 1544 πρωῒ,
1578 1472 1694 1526 ἀλλ’
1726 1475 1808 1527 ὅτι

227 1561 479 1631 Γέγονε,
513 1562 927 1618 συνυποστάντα
951 1562 1028 1633 τῷ
1067 1561 1330 1635 χωρισμῷ
1358 1561 1454 1618 τοῦ
1491 1564 1670 1635 φωτὸς
1714 1567 1810 1621 καὶ

228 1651 329 1705 τοῦ
358 1651 605 1717 σκότους.

304 1827 540 1900 Πλείστη
568 1829 625 1884 δὲ
653 1829 883 1901 ζήτησις
918 1831 1048 1901 περὶ
1071 1830 1190 1899 τόὖ,
1223 1832 1369 1899 τίνος
1405 1835 1672 1905 ἡγήσατο.
1699 1835 1812 1890 Καὶ

230 1922 417 1976 αὐτῶν
469 1922 581 1994 γὰρ
635 1922 744 1977 τῶν
776 1925 967 1978 οὐσίαν
1008 1924 1101 1979 καὶ
1154 1925 1315 1996 φύσιν
1343 1928 1646 1999 εἰρηκότων
1673 1925 1812 1983 εἶναι

232 2012 332 2067 τοῦ
365 2014 616 2080 σκότους,
666 2017 718 2069 οἱ
771 2015 870 2085 μὲν
907 2016 1008 2088 τὴν
1037 2017 1272 2087 ἡμέραν,
1302 2019 1352 2073 oi
1390 2019 1447 2073 δὲ
1484 2020 1583 2090 τὴν
1642 2019 1816 2075 νύκτα

234 2104 570 2175 προέταξαν·
608 2108 802 2172 κοινῶς
840 2109 942 2179 μὲν
977 2103 1070 2163 οὖν
1104 2109 1345 2174 ἅπαντες
1379 2112 1430 2165 oi
1467 2111 1567 2183 τὴν
1600 2112 1835 2183 ἡμέραν.

1902 918 2037 983 etio,
2062 933 2168 987 qua
2203 916 2347 972 Deus
2400 919 2638 973 secrevit
2694 918 2875 973 lucem
2919 926 2974 972 et
3006 919 3286 982 tenebras,
3325 930 3479 971 com-

1901 1018 2099 1065 munes
2131 1010 2385 1078 utrisque
2424 1009 2576 1064 dedit
2596 1018 2651 1064 et
2690 1010 2992 1080 praestituit
3051 1010 3349 1065 terminos.
3386 1008 3479 1063 Fi-

1902 1102 1994 1157 nis
2052 1103 2200 1157 enim
2252 1101 2406 1168 diei,
2445 1109 2504 1155 ut
2552 1110 2801 1172 apparet,
2851 1111 2935 1158 est
2963 1116 3233 1171 vespera:
3296 1101 3479 1155 noctis

1904 1209 2058 1256 vero,
2097 1208 2277 1249 mane.
2336 1192 2403 1247 Et
2457 1193 2711 1247 vicissim
2772 1209 2869 1249 seu
2919 1193 3119 1248 ordine
3177 1206 3479 1257 converso,

1905 1284 2124 1340 initium
2161 1284 2386 1354 quidem
2445 1285 2630 1342 noctis
2670 1299 2903 1355 vespera
2953 1292 3062 1347 est,
3106 1292 3162 1338 et
3195 1298 3357 1338 mane
3385 1283 3485 1338 ini-

1906 1379 2044 1433 tium
2093 1379 2224 1434 diei.
2273 1378 2502 1449 Semper
2549 1378 2754 1434 etenim
2788 1377 3086 1448 principia,
3127 1377 3265 1431 lines
3301 1385 3485 1431 extre-

1909 1470 2242 1538 mitatesque
2297 1469 2697 1538 concipiuntur
2733 1467 2900 1523 simul
2934 1482 3059 1523 cum
3091 1467 3258 1522 rebus
3281 1466 3483 1520 animo.

1908 1561 2260 1632 Quapropter
2326 1576 2442 1616 non
2507 1561 2686 1615 dixit:
2754 1559 2930 1627 Fecit,
2982 1559 3118 1615 sed:
3180 1579 3198 1611 ι
3255 1557 3485 1613 Factum

1908 1662 2012 1719 est,
2058 1674 2076 1706 ι
2113 1664 2247 1718 etc.,
2291 1654 2453 1724 quasi
2492 1668 2602 1708 una
2633 1660 2758 1724 post
2789 1652 3207 1710 distinctionem
3249 1651 3390 1707 lucis
3424 1657 3483 1705 et

1911 1746 2264 1801 tenebrarum
2303 1745 2679 1801 substiterint.

1980 1835 2229 1890 Plurima
2299 1836 2610 1906 disputatio
2680 1846 2787 1902 est,
2867 1842 3051 1889 utrum
3112 1832 3486 1904 praecesserit.

1911 1926 2050 1982 Nam
2088 1926 2304 1996 quidam
2361 1942 2426 1982 ex
2481 1927 2577 1980 illo
2625 1942 2812 1996 grege,
2870 1926 2962 1995 qui
3014 1925 3386 1979 substantiam
3435 1931 3492 1978 et

1914 2019 2208 2090 quamdam
2252 2028 2511 2074 naturain
2561 2018 2877 2074 concedunt
2926 2017 3195 2084 tenebris,
3234 2031 3335 2071 nec
3384 2016 3488 2085 ipsi

1916 2114 2060 2166 inter
2090 2127 2150 2167 se
2184 2112 2325 2168 satis
2357 2110 2684 2176 concordes,
2713 2110 2938 2181 quidam
2975 2119 3215 2176 noctem,
3261 2108 3490 2179 quidam

235 2198 633 2269 προτάξαντες,
668 2203 833 2271 φασὶν
873 2202 949 2269 ὠς
977 2204 1045 2259 τὰ
1080 2204 1347 2275 πρεσϐεῖα
1398 2205 1700 2276 παρασχὼν
1743 2209 1811 2275 τῇ

1921 2203 2059 2259 diem
2108 2204 2165 2258 in
2198 2219 2381 2259 rerum
2419 2203 2616 2259 ordine
2661 2208 3012 2273 praponun‘t.
3052 2200 3156 2257 Sed
3197 2202 3291 2270 qui
3327 2216 3493 2270 argu-

233 2289 448 2360 ἡμέρᾳ,
471 2290 688 2361 πρῶτόν
718 2290 840 2349 εἶπε
865 2297 1069 2369 ταύτης
1098 2297 1159 2351 τὸ
1180 2297 1354 2368 πέρας
1378 2296 1455 2361 ὡς
1487 2297 1660 2367 αὐτῆς
1686 2299 1816 2369 ἡγη-

236 2381 490 2451 σαμένης
517 2382 611 2435 καὶ
629 2383 1031 2454 παρελθούσης,
1066 2384 1173 2439 καὶ.
1192 2384 1335 2439 οὕτω
1364 2385 1464 2456 τῆς
1491 2384 1683 2447 νυκτὸς
1717 2384 1817 2454 ἁρ-

237 2468 346 2540 χὴν
374 2470 649 2544 λαϐούσης
679 2474 899 2546 ἐκείνης
932 2474 995 2529 τὸ
1032 2475 1227 2547 πέρας.
1275 2474 1662 2547 Προλαϐούσης
1711 2475 1825 2545 γὰρ.

234 2560 348 2630 τῆς
388 2562 625 2633 ἡμέρας,
656 2565 690 2634 ἡ
745 2566 843 2630 νὺξ
892 2568 969 2630 εἰς
1003 2565 1189 2620 ἄνεσιν
1231 2569 1334 2638 τῆς
1371 2566 1637 2638 ἡμερινῆς
1686 2567 1818 2637 ἡμῖν

242 2653 514 2723 ἐργασίας
558 2656 884 2725 ἐπιγίνεται.
925 2657 995 2710 Ἦ,
1039 2657 1095 2710 δὲ
1137 2657 1245 2729 πρὸ
1289 2656 1385 2712 τοῦ
1416 2657 1593 2726 φωτὸς
1645 2659 1707 2713 ὲν
1739 2657 1821 2729 τῷ

242 2744 438 2815 κόσμῳ
458 2745 813 2811 κατάστασις,
847 2749 967 2819 οὐχὶ
1000 2748 1117 2813 νὺξ,
1140 2748 1279 2804 ἀλλὰ
1314 2750 1502 2814 σκότος
1532 2750 1821 2821 ἐτύγχανε.

241 2834 364 2900 Νὺξ
391 2836 449 2889 δὲ
489 2838 550 2890 τὸ
601 2839 736 2910 πρὸς
784 2840 882 2911 τὴν
914 2841 1130 2912 ἡμέραν
1174 2842 1584 2897 ἁντιδιασταλὲν
1617 2843 1822 2913 ἑτέρως

246 2928 404 3000 παρὰ
422 2928 487 2984 τὸ
508 2930 699 2995 σκότος
730 2931 953 3003 κληθέν·
977 2933 1039 2986 τὸ
1073 2933 1130 2986 δὲ
1165 2933 1225 2999 ἐξ
1250 2935 1457 3005 ἀμφοῖν
1483 2934 1822 3007 συμπληρω-

245 3018 341 3073 θὶν
374 3021 790 3092 ἡμερονύκτιον,
826 3022 928 3077 οὐκ
956 3023 1213 3078 ἐκάλεσεν
1254 3025 1472 3097 ἡμέραν
1498 3025 1594 3079 καὶ
1624 3025 1817 3089 νύκτα,

245 3109 366 3162 ἀλλ’
400 3110 638 3181 ἡμέραν,
673 3112 782 3166 ἀπὸ
811 3112 905 3166 τοῦ
951 3112 1283 3183 κρείττονος.
1310 3115 1421 3167 Καὶ
1450 3114 1518 3167 δι’
1547 3114 1677 3184 ὅλης
1722 3114 1822 3185 τῆς

244 3200 475 3271 Γραφῖκ
514 3200 688 3267 οὕτως
730 3204 1006 3276 εὑρήσεις,
1051 3207 1162 3258 τῶν
1198 3206 1410 3259 νυκτῶν
1438 3209 1560 3269 ταῖς
1587 3207 1823 3279 ἡμέραις

248 3295 671 3364 αυννοουμένων·
698 3297 727 3350 ὅ
751 3315 811 3351 τε
841 3297 950 3368 γὰρ
971 3297 1298 3368 Ψαλμῳδδς,
1341 3316 1359 3349 ι
1396 3299 1461 3353 Αἱ
1486 3298 1689 3369 ἡμέραι
1721 3298 1823 3368 τῆς

248 3384 399 3455 ζωῆς
425 3386 611 3461 ἡμῶν,
655 3407 675 3442 ι
706 3389 860 3460 φησί·
906 3392 1003 3444 καὶ
1050 3388 1272 3456 Ἰακὼϐ,
1314 3391 1669 3462 «Ἀὶἡμέραι
1723 3390 1824 3461 τῆς

245 3477 533 3585 {militum
568 3483 763 3585 μικραὶ
790 3482 887 3537 καὶ
910 3482 1213 3554 πονηραίη
1234 3484 1330 3536 καὶ
1362 3483 1552 3537 πάλιν·
1584 3502 1603 3536 ι
1635 3483 1824 3548 Πάσας
1850 3526 1892 3585 c

246 3571 349 3633 τὰς
387 3572 602 3642 ἡμέρας
645 3572 749 3643 τῆς
780 3573 924 3644 ζωῆς
959 3591 1060 3641 μου
1088 3591 1104 3606 ο
1148 3594 1166 3627 ι
1229 3574 1497 3646 πρόδηλον
1544 3574 1602 3628 δὲ
1648 3574 1822 3629 ὅτιτὸ

244 3663 525 3735 διάστημα
552 3666 647 3719 καὶ
682 3665 775 3720 τὸν
817 3666 1035 3722 τοσόνδε
1068 3666 1264 3738 καιρὸν
1291 3666 1505 3737 ἡμέραν
1529 3666 1621 3720 καὶ
1649 3665 1822 3721 νύκτα

245 3754 425 3820 καλεῖ,
457 3757 518 3809 οὐ
545 3756 646 3827 τὴν
675 3759 876 3828 ἀμφοῖν
904 3757 1161 3830 ὕπαρξιν·
1191 3760 1225 3829 ἡ
1265 3757 1365 3828 μὲν
1397 3759 1505 3829 γὰρ
1535 3758 1651 3827 φῶς
1675 3758 1825 3829 λέγε-

238 3863 336 3900 ται
371 3848 472 3900 καὶ
533 3848 743 3914 σκότος,
772 3849 835 3903 τὸ
881 3850 939 3904 δὲ
968 3851 1151 3920 ἡμέρα
1192 3851 1292 3903 καὶ
1337 3849 1453 3916 νύξ.
1486 3853 1664 3923 Διχῶς
1711 3853 1823 3926 γὰρ

241 3939 437 4011 ἡμέρα
472 3942 694 4005 νοεῖται,
737 3943 881 3996 κατά
928 3958 989 3995 τε
1018 3942 1079 3996 τδ
1110 3943 1363 4013 χρονικὺν
1396 3943 1693 4015 διάστημα,
1728 3946 1824 3999 καὶ

240 4030 391 4085 κατὰ
417 4031 514 4087 τὸν
538 4034 815 4104 φωτισμὸν
846 4033 943 4086 τοῦ
970 4034 1097 4104 περὶ
1126 4035 1274 4104 ἡμᾶς
1305 4033 1485 4106 ἀέρος.
1510 4036 1642 4104 Καὶ,
1685 4056 1704 4090 ι
1742 4038 1820 4110 Τῇ

240 4123 433 4194 ἡμέρᾳ,
461 4125 528 4193 τῇ
560 4124 721 4194 τρίτῃ
751 4125 928 4193 γάμος
956 4124 1172 4192 ἐγένετο
1217 4125 1276 4177 ὲν
1334 4127 1492 4197 Κανᾷ
1528 4127 1628 4197 τῆς
1666 4129 1826 4184 Γαλι-

238 4213 427 4278 λαεας,
468 4230 498 4264 ι.
531 4213 590 4266 τὸ
619 4212 784 4267 ποσὸν
810 4213 913 4284 τῆς
950 4213 1165 4285 ἡμέρας
1204 4213 1481 4285 δηλοῦται,
1503 4217 1601 4288 οὐχ
1639 4219 1672 4289 ἠ
1700 4236 1826 4288 φαι-

237 4302 399 4375 δράῆ
430 4303 638 4375 ζοφερά
667 4305 871 4376 ἡμέρα·
905 4304 1031 4358 Ἐὰν
1071 4305 1257 4379 λέγῃς,
1290 4306 1546 4379 Ζοφὼδης
1583 4310 1616 4381 ἡ
1653 4312 1826 4382 σήμε-

242 4412 343 4467 ρον
368 4395 574 4468 ἡμέρα,
613 4397 674 4449 οὐ
704 4396 765 4449 τὸ
789 4396 956 4450 ποσὸν
984 4396 1156 4469 αὐτῆς
1198 4399 1363 4468 ἐρεῖς,
1394 4398 1531 4453 ἀλλὰ
1552 4400 1612 4453 τὸ
1649 4403 1821 4456 ποιόν.

236 4489 313 4542 Δί
347 4488 529 4541 τοίνυν
560 4488 666 4560 πρὸ
696 4482 850 4561 ἡλίου
899 4490 993 4543 καὶ
1023 4489 1132 4544 τῶν
1165 4493 1470 4563 φωστήρων
1503 4493 1730 4565 ἡμέραι,
1764 4495 1825 4549 τὸ

239 4581 418 4636 τωο-ὸν
449 4580 726 4652 διάστημα
752 4581 1068 4654 τοῦχρόνου
1121 4583 1498 4654 σημαίνουσιν.
1539 4586 1673 4639 Οὐδὲ
1715 4586 1825 4658 γὰρ

236 4673 536 4744 ποιητικὸς
555 4676 591 4729 ὁ
612 4675 764 4745 ἥλιος
812 4677 912 4746 τῆς
935 4676 1169 4747 ἡμέρας,
1202 4674 1337 4730 ἀλλὰ
1365 4679 1720 4747 σημαντικὺς,
1748 4680 1826 4737 ὡς

236 4769 344 4823 καὶ
388 4767 462 4822 τὰ
504 4768 820 4840 μηχανικῶς
867 4766 1410 4837 κατασκευαζόμενα.
1459 4771 1574 4824 Ούκ
1622 4771 1822 4826 ἄτοπον

1916 2305 2258 2363 mentantnr,
2292 2296 2467 2363 diem,
2501 2307 2562 2352 ut
2587 2296 2753 2365 vulgo
2781 2294 3335 2357 creditur,seniorem
3366 2306 3491 2348 esse

1917 2399 2102 2450 nocte,
2135 2389 2220 2444 sic
2266 2388 2616 2458 procedunt:
2652 2387 2798 2443 Deus
2830 2388 2951 2458 ipse
2989 2387 3292 2456 primatum
3322 2385 3493 2439 dona-

1915 2480 1995 2534 vit
2050 2480 2179 2534 dici.
2242 2478 2376 2533 Nam
2431 2481 2613 2551 primo
2662 2480 2850 2551 posuit
2893 2481 3054 2533 linem
3105 2478 3239 2539 diei,
3297 2490 3495 2545 nempe

1916 2586 2228 2641 vesperam,
2257 2572 2418 2640 quasi
2458 2573 2581 2627 dies
2638 2572 3007 2628 antecesserit
3043 2579 3283 2632 noctem,
3315 2578 3370 2623 et
3398 2566 3485 2623 ubi

1919 2661 2184 2716 desiverit
2231 2661 2284 2717 in
2335 2677 2644 2733 vesperam,
2699 2670 2816 2716 tum
2860 2662 3082 2717 demum
3136 2677 3200 2714 ex
3233 2659 3351 2728 ejus
3387 2659 3495 2713 line

1920 2760 2241 2822 prognatam
2311 2767 2434 2807 esse
2505 2760 2743 2806 noctem.
2805 2749 2924 2805 Nox
2994 2750 3165 2815 eiiim,
3220 2757 3281 2802 ut
3335 2748 3493 2817 quies

1920 2842 2106 2897 diurni
2156 2841 2363 2912 operis,
2419 2841 2587 2896 nobis
2620 2840 2849 2896 all'ertur
2881 2855 2953 2895 ex.
3000 2839 3348 2908 praecedente
3379 2837 3492 2892 die.

1920 2934 2193 2992 Cancrum
2244 2936 2433 2991 vultus
2466 2935 2551 2991 vel
2593 2934 2795 2995 forma,
2847 2948 2968 3003 quae
2998 2941 3125 2987 ante
3163 2933 3495 2987 lucisexon

1923 3028 2079 3083 dium
2123 3027 2330 3082 mundo
2379 3034 2523 3091 erat,
2576 3041 2686 3080 non
2724 3025 2932 3080 dicitur
2973 3023 3199 3095 proprie
3230 3037 3361 3087 nox,
3395 3020 3493 3076 sed

1921 3119 2107 3189 potius
2140 3117 2335 3187 caligo;
2352 3132 2450 3172 seu
2495 3116 2755 3171 tenebrae.
2803 3112 3006 3168 Verum
3048 3128 3155 3167 nox
3198 3127 3361 3167 suum
3398 3125 3497 3165 nos

1924 3225 2069 3273 men,
2099 3207 2249 3280 quod
2290 3214 2462 3275 tenet,
2516 3209 2718 3264 sortita
2752 3214 2863 3271 est,
2896 3208 3041 3275 quod
3074 3205 3495 3260 distinctionem

1922 3300 2093 3356 faciat
2128 3302 2270 3356 inter
2311 3301 2455 3356 diem
2508 3314 2724 3371 seque:
2779 3315 2881 3354 nec
2931 3297 3259 3369 appellanda
3296 3307 3380 3352 est
3413 3297 3497 3351 vel

1922 3393 2101 3464 caligo
2139 3392 2221 3447 vel
2251 3392 2510 3448 tenebras.
2546 3391 2652 3446 Sed
2687 3390 3052 3455 dicnoetium,
3089 3398 3149 3443 nt
3182 3390 3256 3444 ita
3288 3388 3495 3451 dicam,

1924 3484 2072 3554 quod
2115 3500 2179 3540 ex
2222 3484 2475 3553 utrisque
2527 3483 2911 3549 constituitur,
2963 3482 3014 3537 id
3057 3490 3171 3543 est,
3202 3492 3499 3550 utrumque

1926 3583 2040 3629 tam
2101 3574 2209 3630 diei
2257 3590 2424 3645 quam
2476 3575 2663 3629 noctis
2712 3574 2981 3644 spatium,
3035 3583 3199 3626 nemo
3248 3570 3390 3624 diem
3443 3579 3499 3625 et

1924 3676 2143 3725 noctem
2184 3668 2501 3738 appellabit,
2537 3666 2629 3721 sed
2662 3674 2959 3722 contentus
2995 3664 3114 3719 crit:
3145 3663 3198 3718 id
3264 3663 3497 3733 spatium

1924 3756 2133 3813 dixisse
2161 3757 2328 3821 diem,
2377 3757 2763 3813 nominatione
2806 3759 2977 3826 petita
3014 3771 3043 3809 a
3106 3752 3416 3825 potentiore
3447 3764 3500 3807 et

1924 3847 2339 3919 principaiiore.
2386 3847 2522 3919 Nam
2570 3846 2784 3902 Psaltcs
2832 3847 3066 3916 inquit:
3128 3864 3146 3897 ι
3194 3845 3318 3899 Dies
3378 3844 3500 3898 vita:

1925 3949 2129 4003 nostra:
2154 3939 2255 4005 ’⁸,ι
2285 3948 2393 3995 etc.
2419 3937 2670 3993 Etlacob
2691 3937 3007 4008 patriarcha
3027 3937 3104 3992 ait
3131 3957 3145 3993 :
3177 3957 3196 3989 ι
3225 3935 3354 3992 Dies
3374 3936 3500 3991 vitae

1924 4047 2057 4086 mea:
2094 4032 2255 4102 pauci
2282 4041 2338 4088 et
2393 4032 2658 4087 laboriosi
2686 4032 2908 4099 ",ietc.
2942 4028 3004 4085 Et
3048 4031 3285 4087 iterum:
3313 4047 3334 4081 ι
3371 4027 3499 4082 Ome

1922 4142 2020 4182 nes
2048 4126 2167 4183 dies
2195 4128 2322 4182 vita:
2362 4141 2513 4181 meze.
2552 4143 2570 4176 ι
2629 4126 2699 4180 At
2726 4132 2987 4179 constare
3017 4122 3280 4188 arbitror,
3329 4121 3499 4177 Deum

1925 4235 2248 4289 nuncupare
2274 4219 2382 4274 duo
2425 4219 2520 4272 illa
2562 4216 2873 4280 intervalla,
2901 4215 3136 4270 alterum
3165 4215 3336 4277 diem,
3366 4215 3500 4269 alte-

1924 4328 2047 4365 rum
2076 4322 2291 4367 noctem
2324 4326 2463 4367 :nec
2507 4310 2732 4365 nomina
2795 4307 3140 4363 confundere
3192 4307 3500 4375 utriusque.

1924 4401 2061 4458 Cum
2090 4402 2236 4458 enim
2259 4402 2491 4457 alterum
2517 4401 2591 4457 sit
2623 4402 2747 4465 lux,
2777 4400 3012 4453 alterum
3032 4399 3234 4469 caligo,
3274 4398 3500 4461 merito,

1926 4495 2020 4549 lux
2067 4494 2201 4562 diei,
2276 4494 2456 4564 caligo
2500 4494 2683 4549 noctis
2728 4492 2957 4547 nomine
3006 4491 3232 4563 gaudet.
3297 4489 3500 4545 Verum

1924 4589 2217 4642 enimvero
2246 4586 2501 4643 bifariam
2537 4587 2656 4642 dies
2702 4585 3039 4655 intelligitur
3072 4591 3328 4654 respectu
3367 4593 3500 4656 tem-

1924 4677 2134 4746 poralis
2184 4676 2458 4731 intervalli
2490 4687 2542 4732 et
2587 4674 2906 4738 illuminati,
2963 4675 3059 4743 qui
3106 4674 3354 4742 undique
3400 4687 3502 4727 nos

1925 4767 2281 4833 circumﬂuit,
2308 4769 2474 4825 aeris.
2501 4768 2658 4835 Quod
2703 4767 2992 4838 Scriptura
3039 4773 3308 4820 annotat:
3351 4784 3371 4817 ι
3409 4764 3502 4820 Die

235 4856 341 4915 οὖν
366 4858 660 4929 δηλοῦσθαι
700 4860 974 4931 διάστημα
1008 4859 1223 4913 τοσόνδε
1266 4860 1674 4930 προϋφεστάναι
1716 4862 1819 4915 τῶν

1930 4862 2096 4917 tertio
2128 4863 2329 4931 nuptiae
2358 4862 2512 4916 factae
2543 4871 2672 4917 sunt
2698 4861 2752 4916 in
2784 4861 2933 4915 Cana
2967 4857 3203 4914 Galilma:
3224 4859 3291 4922 ’⁸,
3316 4876 3335 4910 ι
3370 4865 3501 4923 etc.,

234 4952 556 5021 φωστὴρων
582 4949 612 5002 ὃ
638 4950 1019 5021 προϋπῆρχεν,
1051 4951 1101 5003 εἰ
1144 4952 1239 5003 καὶ
1265 4950 1417 5021 ἥλιος
1463 4951 1595 5005 αὐτὸ
1628 4952 1823 5024 saepe.

232 5059 442 5117 τρησῑ.
475 5042 812 5113 Σημαντικδν
837 5043 932 5096 τοῦ
960 5043 1061 5113 τῆς
1086 5042 1191 5113 ήμέ
1202 5059 1299 5114 ρας
1331 5042 1700 5116 διαστήματος
1727 5047 1823 5099 καὶ

230 5137 328 5203 τὸ,
362 5153 383 5187 ι
431 5135 646 5206 Ἥμέρα
696 5138 762 5207 τῇ
793 5135 981 5207 ἡμέρᾳ
1021 5134 1306 5205 ἐρεύγεται
1338 5137 1513 5206 ῥῆμα,
1545 5154 1563 5187 ι
1596 5137 1711 5193 ἀλλ’
1735 5138 1819 5203 οὐ,

232 5228 395 5285 Φωτὶ
437 5227 919 5300 φῶς,οεὶρημένοψ
968 5226 1028 5281 ἓν
1057 5227 1167 5297 γὰρ
1215 5227 1276 5280 τὺ
1306 5228 1421 5296 φῶς
1472 5228 1569 5282 καὶ⁹
1605 5229 1664 5283 ἓν
1712 5229 1823 5282 τῶν

232 5320 470 5378 νυκτῶν
511 5319 573 5373 τὸ
603 5321 816 5385 σκότος⁸
863 5318 1002 5373 ἀλλὰ
1030 5319 1101 5373 τὰ
1153 5318 1390 5389 διάφορα
1430 5315 1638 5373 τούτων
1671 5319 1824 5391 δηλοῖ

232 5414 613 5485 διαστήματα*
642 5412 1034 5484 ἁλλαττόμεναι
1054 5412 1165 5483 γὰρ
1188 5412 1284 5467 καὶ
1312 5410 1690 5482 διαδεχόμεναι
1732 5411 1826 5465 ἁλ-

233 5489 444 5581 λήλας,
473 5506 799 5579 κηρύττουσι
833 5506 925 5560 τὸν
958 5506 1321 5578 Δημιουργόψ
1367 5506 1472 5559 κᾶν
1501 5505 1749 5574 ἀλλήλων
1767 5504 1826 5558 δὲ

235 5599 359 5657 ἀνὰ
405 5597 573 5671 μέρος.
610 5598 777 5655 πλέον
823 5597 1020 5669 ἔχωσιν
1066 5596 1249 5670 ἡμέρα
1282 5597 1378 5650 καὶ
1418 5595 1517 5661 νὺξ
1559 5596 1695 5668 πρὸς
1724 5595 1824 5659 τὰς

320 5780 370 5812 ⁸⁸
401 5778 543 5836 Psal.
568 5791 667 5836 (ιιι
711 5819 727 5847 ,
758 5777 850 5834 20.

1930 4953 2281 5023 signiﬁcatur
2320 4952 2498 5008 'nobis
2547 4952 2656 5007 diei
2716 4952 3027 5022 quantitas,
3076 4964 3179 5004 nec
3223 4949 3301 5003 ibi
3355 4962 3502 5003 som-

1930 5044 2131 5099 nianda
2179 5053 2264 5099 est
2319 5044 2429 5098 diei
2501 5042 2767 5113 qualitas,
2829 5042 3045 5098 scilicet
3106 5040 3376 5094 nnbilane
3431 5053 3502 5092 au

1929 5152 2127 5192 serena
2162 5135 2328 5191 fuerit
2360 5136 2500 5191 dies.
2543 5134 2600 5189 Si
2642 5134 2885 5189 dixeris:
2919 5132 3045 5188 Dies
3076 5132 3244 5185 hodie
3275 5139 3359 5184 est
3399 5144 3503 5183 nu-

1928 5228 2088 5283 bibus
2146 5228 2467 5290 obscnrata,
2507 5240 2615 5280 non
2677 5225 2801 5295 ejus
2869 5224 3234 5293 quantitatem
3311 5233 3502 5280 sonas.

1930 5337 2120 5375 verum
2167 5321 2484 5391 qualitatem
2531 5331 2958 5373 commemoras.
3011 5312 3182 5382 Igitur
3226 5311 3347 5366 dies
3408 5310 3502 5380 qui

1933 5420 2265 5467 antevenere
2292 5411 2429 5465 solis
2460 5417 2517 5464 et
2565 5409 2849 5463 stellarum
2898 5404 3336 5475 generationem,
3367 5410 3503 5456 tem-

1934 5505 2086 5573 poris
2117 5504 2484 5572 quantitatem
2535 5507 2753 5555 notant.
2797 5496 2907 5552 Nec
2933 5496 3077 5551 enim
3111 5494 3193 5551 sol
3229 5494 3371 5549 diem
3408 5507 3505 5563 pa-

1935 5594 2029 5659 rit,
2061 5593 2158 5647 sed
2186 5591 2420 5657 indicat,
2452 5606 2563 5646 non
2598 5604 2762 5669 secus
2794 5601 2855 5643 ac
2885 5600 2948 5642 ea
3013 5600 3133 5656 qua:
3166 5585 3503 5642 instrumen-

963 5776 1183 5831 ηΡρςυι.
1241 5792 1461 5842 rxxxxx,
1524 5775 1609 5830 l0.
1682 5772 1893 5830 "Gen.
1955 5788 2120 5838 ιιιιίι,
2170 5771 2222 5827 9.
2301 5771 2346 5804 ἐ
2373 5768 2530 5825 Joan.
2572 5784 2635 5835 ιι,
2675 5768 2722 5825 l.
