  <div class='ocr_page' id='page_1' title='image "/cluster/home/n/w/nwhite01/storage/ocr_20150623/87 pt.1/mdp.39015032856539/043.png"; bbox 0 0 3922 6230; ppageno 0'>
   <div class='ocr_carea' id='block_1_1' title="bbox 391 283 3631 374">
    <p class='ocr_par' dir='ltr' id='par_1_1' title="bbox 391 283 3631 374">
     <span class='ocr_line' id='line_1_1' title="bbox 391 283 3631 374; baseline 0.009 -30"><span class='ocrx_word' id='word_1_1' title='bbox 391 283 460 345; x_wconf 75' lang='grc'><strong>55</strong></span> <span class='ocrx_word' id='word_1_2' title='bbox 1697 299 2053 359; x_wconf 83' lang='lat' dir='ltr'><strong>PROCOPII</strong></span> <span class='ocrx_word' id='word_1_3' title='bbox 2066 300 2321 361; x_wconf 57' lang='lat' dir='ltr'><strong>GAZEEI</strong></span> <span class='ocrx_word' id='word_1_4' title='bbox 3562 310 3631 374; x_wconf 81' lang='lat'><strong>56</strong></span> 
     </span>
    </p>
   </div>
   <div class='ocr_carea' id='block_1_2' title="bbox 387 395 1983 493">
    <p class='ocr_par' dir='ltr' id='par_1_2' title="bbox 387 395 1961 463">
     <span class='ocr_line' id='line_1_2' title="bbox 387 395 1961 463; baseline 0.01 -18"><span class='ocrx_word' id='word_1_5' title='bbox 387 403 567 447; x_wconf 84' lang='lat' dir='ltr'><strong>torum</strong></span> <span class='ocrx_word' id='word_1_6' title='bbox 615 395 981 463; x_wconf 77' lang='lat' dir='ltr'><strong>quorumdam</strong></span> <span class='ocrx_word' id='word_1_7' title='bbox 1035 398 1381 457; x_wconf 81' lang='lat' dir='ltr'><strong>adminicqu</strong></span> <span class='ocrx_word' id='word_1_8' title='bbox 1423 402 1542 458; x_wconf 80' lang='lat' dir='ltr'><strong>ﬁeri</strong></span> <span class='ocrx_word' id='word_1_9' title='bbox 1585 405 1789 459; x_wconf 78' lang='lat' dir='ltr'><strong>solent.</strong></span> <span class='ocrx_word' id='word_1_10' title='bbox 1845 404 1961 461; x_wconf 83' lang='lat' dir='ltr'><strong>Non</strong></span> 
     </span>
    </p>
   </div>
   <div class='ocr_carea' id='block_1_3' title="bbox 2084 395 3631 493">
    <p class='ocr_par' dir='ltr' id='par_1_3' title="bbox 2084 406 3631 493">
     <span class='ocr_line' id='line_1_3' title="bbox 2084 406 3631 493; baseline 0.01 -32"><span class='ocrx_word' id='word_1_11' title='bbox 2084 410 2277 479; x_wconf 64' lang='grc' dir='ltr'>τροπὰς</span> <span class='ocrx_word' id='word_1_12' title='bbox 2309 406 2417 464; x_wconf 78' lang='grc' dir='ltr'><strong>τῶν</strong></span> <span class='ocrx_word' id='word_1_13' title='bbox 2464 412 2846 484; x_wconf 75' lang='grc' dir='ltr'><strong>διαστημάτων</strong></span> <span class='ocrx_word' id='word_1_14' title='bbox 2895 415 3160 488; x_wconf 73' lang='grc' dir='ltr'>ἑκατέρας</span> <span class='ocrx_word' id='word_1_15' title='bbox 3202 420 3631 493; x_wconf 61' lang='grc' dir='ltr'>ἀλλαττομένης</span> 
     </span>
    </p>
   </div>
   <div class='ocr_carea' id='block_1_4' title="bbox 388 484 1983 584">
    <p class='ocr_par' dir='ltr' id='par_1_4' title="bbox 388 484 1959 562">
     <span class='ocr_line' id='line_1_4' title="bbox 388 484 1959 562; baseline 0.011 -26"><span class='ocrx_word' id='word_1_16' title='bbox 388 484 578 554; x_wconf 87' lang='lat' dir='ltr'><strong>itaque</strong></span> <span class='ocrx_word' id='word_1_17' title='bbox 602 486 908 543; x_wconf 84' lang='lat' dir='ltr'><strong>absurdum</strong></span> <span class='ocrx_word' id='word_1_18' title='bbox 948 491 1053 544; x_wconf 81' lang='lat' dir='ltr'><strong>erit</strong></span> <span class='ocrx_word' id='word_1_19' title='bbox 1088 505 1418 562; x_wconf 87' lang='lat' dir='ltr'><strong>proponere,</strong></span> <span class='ocrx_word' id='word_1_20' title='bbox 1458 503 1672 553; x_wconf 84' lang='lat' dir='ltr'><strong>tantum</strong></span> <span class='ocrx_word' id='word_1_21' title='bbox 1712 497 1959 553; x_wconf 75' lang='lat' dir='ltr'><strong>intersti-</strong></span> 
     </span>
    </p>
   </div>
   <div class='ocr_carea' id='block_1_5' title="bbox 2084 484 3637 584">
    <p class='ocr_par' dir='ltr' id='par_1_5' title="bbox 2084 484 3637 584">
     <span class='ocr_line' id='line_1_5' title="bbox 2084 484 3637 584; baseline 0.007 -29"><span class='ocrx_word' id='word_1_22' title='bbox 2084 501 2181 555; x_wconf 69' lang='grc' dir='ltr'>ἱλλ¹</span> <span class='ocrx_word' id='word_1_23' title='bbox 2219 502 2422 572; x_wconf 81' lang='grc' dir='ltr'><strong>ἀμφοῖν</strong></span> <span class='ocrx_word' id='word_1_24' title='bbox 2473 505 2506 575; x_wconf 84' lang='grc' dir='ltr'><strong>ἡ</strong></span> <span class='ocrx_word' id='word_1_25' title='bbox 2538 504 2753 570; x_wconf 77' lang='grc' dir='ltr'><strong>σύνοδος</strong></span> <span class='ocrx_word' id='word_1_26' title='bbox 2796 507 2977 578; x_wconf 85' lang='grc' dir='ltr'>ἡμέρα</span> <span class='ocrx_word' id='word_1_27' title='bbox 3009 484 3106 580; x_wconf 88' lang='grc' dir='ltr'><strong>μία</strong></span> <span class='ocrx_word' id='word_1_28' title='bbox 3134 484 3448 584; x_wconf 47' lang='grc' dir='ltr'>καλουμένη·</span> <span class='ocrx_word' id='word_1_29' title='bbox 3469 484 3637 582; x_wconf 70' lang='grc' dir='ltr'>ταυτρ</span> 
     </span>
    </p>
   </div>
   <div class='ocr_carea' id='block_1_6' title="bbox 389 580 1983 675">
    <p class='ocr_par' dir='ltr' id='par_1_6' title="bbox 389 580 1962 660">
     <span class='ocr_line' id='line_1_6' title="bbox 389 580 1962 660; baseline 0.011 -30"><span class='ocrx_word' id='word_1_30' title='bbox 389 586 520 631; x_wconf 88' lang='lat' dir='ltr'><strong>tnnn</strong></span> <span class='ocrx_word' id='word_1_31' title='bbox 571 581 871 638; x_wconf 86' lang='lat' dir='ltr'><strong>anteivisse</strong></span> <span class='ocrx_word' id='word_1_32' title='bbox 922 584 1242 653; x_wconf 70' lang='lat' dir='ltr'><strong>luminat-ia,</strong></span> <span class='ocrx_word' id='word_1_33' title='bbox 1299 580 1573 659; x_wconf 78' lang='lat' dir='ltr'><strong>quantum</strong></span> <span class='ocrx_word' id='word_1_34' title='bbox 1627 580 1845 660; x_wconf 76' lang='lat' dir='ltr'><strong>fuisset,</strong></span> <span class='ocrx_word' id='word_1_35' title='bbox 1913 594 1962 648; x_wconf 87' lang='lat' dir='ltr'><strong>si</strong></span> 
     </span>
    </p>
   </div>
   <div class='ocr_carea' id='block_1_7' title="bbox 2084 580 3637 675">
    <p class='ocr_par' dir='ltr' id='par_1_7' title="bbox 2084 580 3637 675">
     <span class='ocr_line' id='line_1_7' title="bbox 2084 580 3637 675; baseline 0.009 -31"><span class='ocrx_word' id='word_1_36' title='bbox 2084 592 2242 646; x_wconf 74' lang='grc' dir='ltr'>ἱιόλου</span> <span class='ocrx_word' id='word_1_37' title='bbox 2274 594 2530 663; x_wconf 76' lang='grc' dir='ltr'><strong>φυλάττει</strong></span> <span class='ocrx_word' id='word_1_38' title='bbox 2578 596 2873 670; x_wconf 72' lang='grc' dir='ltr'>διάστημα,</span> <span class='ocrx_word' id='word_1_39' title='bbox 2924 580 3439 674; x_wconf 77' lang='grc' dir='ltr'>συμπληρουμένων</span> <span class='ocrx_word' id='word_1_40' title='bbox 3476 580 3637 675; x_wconf 85' lang='grc' dir='ltr'>ὡρῶν</span> 
     </span>
    </p>
   </div>
   <div class='ocr_carea' id='block_1_8' title="bbox 389 668 3677 741">
    <p class='ocr_par' dir='ltr' id='par_1_8' title="bbox 389 668 3677 741">
     <span class='ocr_line' id='line_1_8' title="bbox 389 668 3677 741; baseline -0.007 -5"><span class='ocrx_word' id='word_1_41' title='bbox 389 669 468 721; x_wconf 74' lang='grc'><strong>³01</strong></span> <span class='ocrx_word' id='word_1_42' title='bbox 499 668 550 723; x_wconf 73' lang='lat' dir='ltr'><strong>id</strong></span> <span class='ocrx_word' id='word_1_43' title='bbox 589 680 736 727; x_wconf 78' lang='lat' dir='ltr'><strong>esset</strong></span> <span class='ocrx_word' id='word_1_44' title='bbox 766 688 866 729; x_wconf 88' lang='lat' dir='ltr'><strong>suo</strong></span> <span class='ocrx_word' id='word_1_45' title='bbox 897 690 1067 731; x_wconf 88' lang='lat' dir='ltr'><strong>cursu</strong></span> <span class='ocrx_word' id='word_1_46' title='bbox 1115 691 1398 735; x_wconf 83' lang='lat' dir='ltr'><strong>emensus.</strong></span> <span class='ocrx_word' id='word_1_47' title='bbox 1431 680 1608 736; x_wconf 81' lang='lat' dir='ltr'><strong>Etiam</strong></span> <span class='ocrx_word' id='word_1_48' title='bbox 1664 682 1770 738; x_wconf 89' lang='lat' dir='ltr'><strong>hoc</strong></span> <span class='ocrx_word' id='word_1_49' title='bbox 1807 682 1965 738; x_wconf 68' lang='lat' dir='ltr'><strong>S‘cri-</strong></span> <span class='ocrx_word' id='word_1_50' title='bbox 2066 684 2225 738; x_wconf 73' lang='grc' dir='ltr'>δνκαι</span> <span class='ocrx_word' id='word_1_51' title='bbox 2246 690 2313 740; x_wconf 76' lang='lat' dir='ltr'><strong>x&quot;.</strong></span> <span class='ocrx_word' id='word_1_52' title='bbox 2754 668 2785 670; x_wconf 62' lang='grc'><em>”</em></span> <span class='ocrx_word' id='word_1_53' title='bbox 2996 668 3008 672; x_wconf 71' lang='grc'>⁷</span> <span class='ocrx_word' id='word_1_54' title='bbox 3130 668 3164 673; x_wconf 70' lang='grc'><strong>’⁷</strong></span> <span class='ocrx_word' id='word_1_55' title='bbox 3255 668 3268 674; x_wconf 88' lang='grc'><strong><em>“</em></strong></span> <span class='ocrx_word' id='word_1_56' title='bbox 3527 668 3540 675; x_wconf 84' lang='grc'><strong><em>“</em></strong></span> <span class='ocrx_word' id='word_1_57' title='bbox 3672 713 3677 741; x_wconf 33' lang='grc' dir='ltr'>ξ</span> 
     </span>
    </p>
   </div>
   <div class='ocr_carea' id='block_1_9' title="bbox 390 752 3679 858">
    <p class='ocr_par' dir='ltr' id='par_1_9' title="bbox 390 752 3679 858">
     <span class='ocr_line' id='line_1_9' title="bbox 390 752 3679 858; baseline 0.01 -49"><span class='ocrx_word' id='word_1_58' title='bbox 390 770 566 828; x_wconf 72' lang='lat' dir='ltr'><strong>pturae</strong></span> <span class='ocrx_word' id='word_1_59' title='bbox 605 765 981 821; x_wconf 80' lang='lat' dir='ltr'><strong>testiinonium</strong></span> <span class='ocrx_word' id='word_1_60' title='bbox 1005 769 1287 838; x_wconf 78' lang='lat' dir='ltr'><strong>signiﬁcat</strong></span> <span class='ocrx_word' id='word_1_61' title='bbox 1321 772 1433 830; x_wconf 86' lang='lat' dir='ltr'><strong>diei</strong></span> <span class='ocrx_word' id='word_1_62' title='bbox 1459 775 1701 845; x_wconf 88' lang='lat' dir='ltr'><strong>spatium</strong></span> <span class='ocrx_word' id='word_1_63' title='bbox 1732 794 1745 831; x_wconf 91' lang='lat'><strong>:</strong></span> <span class='ocrx_word' id='word_1_64' title='bbox 1779 795 1799 827; x_wconf 76' lang='grc' dir='ltr'><strong>ι</strong></span> <span class='ocrx_word' id='word_1_65' title='bbox 1835 774 1962 834; x_wconf 85' lang='lat' dir='ltr'><strong>Dies</strong></span> <span class='ocrx_word' id='word_1_66' title='bbox 2000 777 2109 834; x_wconf 84' lang='lat' dir='ltr'><strong>diei</strong></span> <span class='ocrx_word' id='word_1_67' title='bbox 2159 780 2396 836; x_wconf 77' lang='lat' dir='ltr'><strong>instillat</strong></span> <span class='ocrx_word' id='word_1_68' title='bbox 2442 797 2752 839; x_wconf 83' lang='lat' dir='ltr'><strong>sermonem</strong></span> <span class='ocrx_word' id='word_1_69' title='bbox 2781 786 2849 840; x_wconf 64' lang='grc' dir='ltr'><strong>η.</strong></span> <span class='ocrx_word' id='word_1_70' title='bbox 2891 805 2911 839; x_wconf 71' lang='grc' dir='ltr'><strong>ι</strong></span> <span class='ocrx_word' id='word_1_71' title='bbox 2956 785 3076 843; x_wconf 79' lang='lat' dir='ltr'><strong>Non</strong></span> <span class='ocrx_word' id='word_1_72' title='bbox 3112 787 3330 858; x_wconf 85' lang='lat' dir='ltr'><strong>inquit:</strong></span> <span class='ocrx_word' id='word_1_73' title='bbox 3400 787 3517 844; x_wconf 77' lang='lat' dir='ltr'><strong>Lux</strong></span> <span class='ocrx_word' id='word_1_74' title='bbox 3551 789 3641 843; x_wconf 85' lang='lat' dir='ltr'><strong>in-</strong></span> <span class='ocrx_word' id='word_1_75' title='bbox 3671 752 3679 773; x_wconf 41' lang='grc' dir='ltr'><strong>ί</strong></span> 
     </span>
    </p>
   </div>
   <div class='ocr_carea' id='block_1_10' title="bbox 391 856 3638 951">
    <p class='ocr_par' dir='ltr' id='par_1_10' title="bbox 391 856 3638 951">
     <span class='ocr_line' id='line_1_10' title="bbox 391 856 3638 951; baseline 0.008 -42"><span class='ocrx_word' id='word_1_76' title='bbox 391 856 599 951; x_wconf 44' lang='lat' dir='ltr'><strong>stillat</strong></span> <span class='ocrx_word' id='word_1_77' title='bbox 632 858 764 914; x_wconf 91' lang='lat' dir='ltr'><strong>luci.</strong></span> <span class='ocrx_word' id='word_1_78' title='bbox 809 859 995 917; x_wconf 79' lang='lat' dir='ltr'><strong>Divisa</strong></span> <span class='ocrx_word' id='word_1_79' title='bbox 1043 867 1189 920; x_wconf 85' lang='lat' dir='ltr'><strong>enim</strong></span> <span class='ocrx_word' id='word_1_80' title='bbox 1260 878 1388 923; x_wconf 87' lang='lat' dir='ltr'><strong>sunt</strong></span> <span class='ocrx_word' id='word_1_81' title='bbox 1432 870 1522 924; x_wconf 78' lang='lat' dir='ltr'><strong>lux</strong></span> <span class='ocrx_word' id='word_1_82' title='bbox 1571 879 1627 925; x_wconf 89' lang='lat' dir='ltr'><strong>et</strong></span> <span class='ocrx_word' id='word_1_83' title='bbox 1692 873 1938 927; x_wconf 77' lang='lat' dir='ltr'><strong>noctium</strong></span> <span class='ocrx_word' id='word_1_84' title='bbox 2003 875 2225 944; x_wconf 86' lang='lat' dir='ltr'><strong>caligo:</strong></span> <span class='ocrx_word' id='word_1_85' title='bbox 2281 883 2337 932; x_wconf 79' lang='lat' dir='ltr'><strong>et</strong></span> <span class='ocrx_word' id='word_1_86' title='bbox 2390 876 2608 933; x_wconf 87' lang='lat' dir='ltr'><strong>diversa</strong></span> <span class='ocrx_word' id='word_1_87' title='bbox 2660 879 2931 934; x_wconf 88' lang='lat' dir='ltr'><strong>inducunt</strong></span> <span class='ocrx_word' id='word_1_88' title='bbox 2996 856 3282 936; x_wconf 79' lang='lat' dir='ltr'><strong>intervalla</strong></span> <span class='ocrx_word' id='word_1_89' title='bbox 3338 890 3393 937; x_wconf 86' lang='lat' dir='ltr'><strong>et</strong></span> <span class='ocrx_word' id='word_1_90' title='bbox 3435 881 3638 951; x_wconf 88' lang='lat' dir='ltr'><strong>spatia.</strong></span> 
     </span>
    </p>
   </div>
   <div class='ocr_carea' id='block_1_11' title="bbox 393 946 3645 1038">
    <p class='ocr_par' dir='ltr' id='par_1_11' title="bbox 393 946 3645 1038">
     <span class='ocr_line' id='line_1_11' title="bbox 393 946 3645 1038; baseline 0.007 -37"><span class='ocrx_word' id='word_1_91' title='bbox 393 947 526 1001; x_wconf 74' lang='lat' dir='ltr'><strong>Nam</strong></span> <span class='ocrx_word' id='word_1_92' title='bbox 567 946 697 1002; x_wconf 92' lang='lat' dir='ltr'><strong>dum</strong></span> <span class='ocrx_word' id='word_1_93' title='bbox 731 960 1036 1019; x_wconf 87' lang='lat' dir='ltr'><strong>mutantur,</strong></span> <span class='ocrx_word' id='word_1_94' title='bbox 1067 961 1122 1009; x_wconf 91' lang='lat' dir='ltr'><strong>et</strong></span> <span class='ocrx_word' id='word_1_95' title='bbox 1155 965 1348 1011; x_wconf 82' lang='lat' dir='ltr'><strong>mutua</strong></span> <span class='ocrx_word' id='word_1_96' title='bbox 1382 958 1764 1015; x_wconf 77' lang='lat' dir='ltr'><strong>vicissitudine</strong></span> <span class='ocrx_word' id='word_1_97' title='bbox 1821 977 1881 1016; x_wconf 90' lang='lat' dir='ltr'><strong>se</strong></span> <span class='ocrx_word' id='word_1_98' title='bbox 1944 963 2177 1020; x_wconf 75' lang='lat' dir='ltr'><strong>invicem</strong></span> <span class='ocrx_word' id='word_1_99' title='bbox 2229 965 2568 1037; x_wconf 76' lang='lat' dir='ltr'><strong>suscipiunt,</strong></span> <span class='ocrx_word' id='word_1_100' title='bbox 2616 967 2993 1038; x_wconf 75' lang='lat' dir='ltr'><strong>depraedicant</strong></span> <span class='ocrx_word' id='word_1_101' title='bbox 3031 978 3088 1024; x_wconf 91' lang='lat' dir='ltr'><strong>et</strong></span> <span class='ocrx_word' id='word_1_102' title='bbox 3150 946 3484 1026; x_wconf 78' lang='lat' dir='ltr'><strong>annuntiant</strong></span> <span class='ocrx_word' id='word_1_103' title='bbox 3547 986 3645 1025; x_wconf 85' lang='lat' dir='ltr'><strong>su-</strong></span> 
     </span>
    </p>
   </div>
   <div class='ocr_carea' id='block_1_12' title="bbox 394 1044 3643 1136">
    <p class='ocr_par' dir='ltr' id='par_1_12' title="bbox 394 1044 3643 1136">
     <span class='ocr_line' id='line_1_12' title="bbox 394 1044 3643 1136; baseline 0.008 -41"><span class='ocrx_word' id='word_1_104' title='bbox 394 1058 641 1111; x_wconf 85' lang='lat' dir='ltr'><strong>premum</strong></span> <span class='ocrx_word' id='word_1_105' title='bbox 704 1044 1045 1105; x_wconf 78' lang='lat' dir='ltr'><strong>Creatorem.</strong></span> <span class='ocrx_word' id='word_1_106' title='bbox 1089 1051 1375 1118; x_wconf 82' lang='lat' dir='ltr'><strong>Quamvis,</strong></span> <span class='ocrx_word' id='word_1_107' title='bbox 1420 1055 1468 1110; x_wconf 88' lang='lat' dir='ltr'><strong>si</strong></span> <span class='ocrx_word' id='word_1_108' title='bbox 1501 1057 1640 1111; x_wconf 88' lang='lat' dir='ltr'><strong>solis</strong></span> <span class='ocrx_word' id='word_1_109' title='bbox 1675 1071 1958 1114; x_wconf 84' lang='lat' dir='ltr'><strong>accessum</strong></span> <span class='ocrx_word' id='word_1_110' title='bbox 1999 1069 2054 1115; x_wconf 90' lang='lat' dir='ltr'><strong>et</strong></span> <span class='ocrx_word' id='word_1_111' title='bbox 2116 1061 2439 1117; x_wconf 70' lang='lat' dir='ltr'><strong>abscessuum</strong></span> <span class='ocrx_word' id='word_1_112' title='bbox 2493 1073 2672 1119; x_wconf 87' lang='lat' dir='ltr'><strong>mente</strong></span> <span class='ocrx_word' id='word_1_113' title='bbox 2743 1063 2953 1129; x_wconf 80' lang='lat' dir='ltr'><strong>volvas,</strong></span> <span class='ocrx_word' id='word_1_114' title='bbox 3013 1064 3135 1119; x_wconf 89' lang='lat' dir='ltr'><strong>dies</strong></span> <span class='ocrx_word' id='word_1_115' title='bbox 3191 1082 3412 1136; x_wconf 81' lang='lat' dir='ltr'><strong>noxque</strong></span> <span class='ocrx_word' id='word_1_116' title='bbox 3462 1066 3643 1121; x_wconf 83' lang='lat' dir='ltr'><strong>inter-</strong></span> 
     </span>
    </p>
   </div>
   <div class='ocr_carea' id='block_1_13' title="bbox 396 1134 3645 1221">
    <p class='ocr_par' dir='ltr' id='par_1_13' title="bbox 396 1134 3645 1221">
     <span class='ocr_line' id='line_1_13' title="bbox 396 1134 3645 1221; baseline 0.006 -34"><span class='ocrx_word' id='word_1_117' title='bbox 396 1134 525 1188; x_wconf 90' lang='lat' dir='ltr'><strong>dum</strong></span> <span class='ocrx_word' id='word_1_118' title='bbox 559 1135 864 1204; x_wconf 67' lang='lat' dir='ltr'><strong>iuazqnales</strong></span> <span class='ocrx_word' id='word_1_119' title='bbox 910 1141 1043 1204; x_wconf 90' lang='lat' dir='ltr'><strong>sint,</strong></span> <span class='ocrx_word' id='word_1_120' title='bbox 1085 1156 1254 1211; x_wconf 82' lang='lat' dir='ltr'><strong>seque</strong></span> <span class='ocrx_word' id='word_1_121' title='bbox 1298 1142 1535 1200; x_wconf 78' lang='lat' dir='ltr'><strong>invicem</strong></span> <span class='ocrx_word' id='word_1_122' title='bbox 1571 1148 1866 1211; x_wconf 76' lang='lat' dir='ltr'><strong>excedant,</strong></span> <span class='ocrx_word' id='word_1_123' title='bbox 1909 1156 2148 1204; x_wconf 79' lang='lat' dir='ltr'><strong>attamen</strong></span> <span class='ocrx_word' id='word_1_124' title='bbox 2218 1150 2508 1221; x_wconf 84' lang='lat' dir='ltr'><strong>utriusque</strong></span> <span class='ocrx_word' id='word_1_125' title='bbox 2536 1166 2849 1208; x_wconf 87' lang='lat' dir='ltr'><strong>concursus</strong></span> <span class='ocrx_word' id='word_1_126' title='bbox 2893 1166 3034 1206; x_wconf 90' lang='lat' dir='ltr'><strong>unus</strong></span> <span class='ocrx_word' id='word_1_127' title='bbox 3066 1161 3293 1207; x_wconf 86' lang='lat' dir='ltr'><strong>vocatur</strong></span> <span class='ocrx_word' id='word_1_128' title='bbox 3320 1134 3466 1219; x_wconf 81' lang='lat' dir='ltr'><strong>dies,</strong></span> <span class='ocrx_word' id='word_1_129' title='bbox 3528 1162 3645 1209; x_wconf 87' lang='lat' dir='ltr'><strong>ter-</strong></span> 
     </span>
    </p>
   </div>
   <div class='ocr_carea' id='block_1_14' title="bbox 396 1226 2746 1311">
    <p class='ocr_par' dir='ltr' id='par_1_14' title="bbox 396 1226 2746 1311">
     <span class='ocr_line' id='line_1_14' title="bbox 396 1226 2746 1311; baseline 0.008 -32"><span class='ocrx_word' id='word_1_130' title='bbox 396 1226 750 1296; x_wconf 84' lang='lat' dir='ltr'><strong>tninaturqne</strong></span> <span class='ocrx_word' id='word_1_131' title='bbox 798 1231 989 1298; x_wconf 84' lang='lat' dir='ltr'><strong>spatio</strong></span> <span class='ocrx_word' id='word_1_132' title='bbox 1011 1229 1207 1301; x_wconf 85' lang='lat' dir='ltr'><strong>viginti</strong></span> <span class='ocrx_word' id='word_1_133' title='bbox 1234 1241 1474 1302; x_wconf 80' lang='lat' dir='ltr'><strong>quatuor</strong></span> <span class='ocrx_word' id='word_1_134' title='bbox 1511 1234 1796 1302; x_wconf 80' lang='lat' dir='ltr'><strong>horarum,</strong></span> <span class='ocrx_word' id='word_1_135' title='bbox 1826 1252 1966 1307; x_wconf 86' lang='lat' dir='ltr'><strong>quas</strong></span> <span class='ocrx_word' id='word_1_136' title='bbox 2003 1254 2286 1310; x_wconf 79' lang='lat' dir='ltr'><strong>nunquam</strong></span> <span class='ocrx_word' id='word_1_137' title='bbox 2315 1241 2746 1311; x_wconf 86' lang='lat' dir='ltr'><strong>transgreditur.</strong></span> 
     </span>
    </p>
   </div>
   <div class='ocr_carea' id='block_1_15' title="bbox 473 1319 1983 1409">
    <p class='ocr_par' dir='ltr' id='par_1_15' title="bbox 473 1319 1964 1399">
     <span class='ocr_line' id='line_1_15' title="bbox 473 1319 1964 1399; baseline 0.009 -26"><span class='ocrx_word' id='word_1_138' title='bbox 473 1319 703 1375; x_wconf 84' lang='lat' dir='ltr'><strong>Videtur</strong></span> <span class='ocrx_word' id='word_1_139' title='bbox 740 1331 921 1378; x_wconf 80' lang='lat' dir='ltr'><strong>autem</strong></span> <span class='ocrx_word' id='word_1_140' title='bbox 956 1325 1066 1381; x_wconf 82' lang='lat' dir='ltr'><strong>illis</strong></span> <span class='ocrx_word' id='word_1_141' title='bbox 1107 1327 1201 1398; x_wconf 89' lang='lat' dir='ltr'><strong>qui</strong></span> <span class='ocrx_word' id='word_1_142' title='bbox 1248 1329 1455 1399; x_wconf 87' lang='lat' dir='ltr'><strong>priore,</strong></span> <span class='ocrx_word' id='word_1_143' title='bbox 1505 1345 1670 1398; x_wconf 89' lang='lat' dir='ltr'><strong>quam</strong></span> <span class='ocrx_word' id='word_1_144' title='bbox 1724 1341 1964 1397; x_wconf 87' lang='lat' dir='ltr'><strong>noctem,</strong></span> 
     </span>
    </p>
   </div>
   <div class='ocr_carea' id='block_1_16' title="bbox 2084 1319 3649 1409">
    <p class='ocr_par' dir='ltr' id='par_1_16' title="bbox 2155 1333 3649 1409">
     <span class='ocr_line' id='line_1_16' title="bbox 2155 1333 3649 1409; baseline 0.001 -21"><span class='ocrx_word' id='word_1_145' title='bbox 2155 1335 2487 1389; x_wconf 83' lang='grc' dir='ltr'>Ἀντίκειται</span> <span class='ocrx_word' id='word_1_146' title='bbox 2535 1335 2594 1390; x_wconf 75' lang='grc' dir='ltr'><strong>δὲ</strong></span> <span class='ocrx_word' id='word_1_147' title='bbox 2636 1338 2750 1400; x_wconf 75' lang='grc' dir='ltr'>τοῖς</span> <span class='ocrx_word' id='word_1_148' title='bbox 2789 1335 3012 1406; x_wconf 85' lang='grc' dir='ltr'>πρώτην</span> <span class='ocrx_word' id='word_1_149' title='bbox 3039 1333 3258 1402; x_wconf 87' lang='grc' dir='ltr'>λέγουσι</span> <span class='ocrx_word' id='word_1_150' title='bbox 3306 1337 3403 1408; x_wconf 79' lang='grc' dir='ltr'><strong>τὴν</strong></span> <span class='ocrx_word' id='word_1_151' title='bbox 3430 1337 3649 1409; x_wconf 77' lang='grc' dir='ltr'>ἡμέραν</span> 
     </span>
    </p>
   </div>
   <div class='ocr_carea' id='block_1_17' title="bbox 398 1413 1983 1501">
    <p class='ocr_par' dir='ltr' id='par_1_17' title="bbox 398 1413 1969 1492">
     <span class='ocr_line' id='line_1_17' title="bbox 398 1413 1969 1492; baseline 0.008 -24"><span class='ocrx_word' id='word_1_152' title='bbox 398 1414 541 1468; x_wconf 89' lang='lat' dir='ltr'><strong>diem</strong></span> <span class='ocrx_word' id='word_1_153' title='bbox 572 1413 695 1468; x_wconf 87' lang='lat' dir='ltr'><strong>loco</strong></span> <span class='ocrx_word' id='word_1_154' title='bbox 734 1426 969 1486; x_wconf 84' lang='lat' dir='ltr'><strong>ponunt,</strong></span> <span class='ocrx_word' id='word_1_155' title='bbox 1018 1420 1305 1476; x_wconf 86' lang='lat' dir='ltr'><strong>adversari</strong></span> <span class='ocrx_word' id='word_1_156' title='bbox 1336 1429 1555 1492; x_wconf 85' lang='lat' dir='ltr'><strong>tempus</strong></span> <span class='ocrx_word' id='word_1_157' title='bbox 1589 1422 1880 1491; x_wconf 82' lang='lat' dir='ltr'><strong>festorum,</strong></span> <span class='ocrx_word' id='word_1_158' title='bbox 1913 1434 1969 1480; x_wconf 89' lang='lat' dir='ltr'><strong>et</strong></span> 
     </span>
    </p>
   </div>
   <div class='ocr_carea' id='block_1_18' title="bbox 2084 1413 3647 1501">
    <p class='ocr_par' dir='ltr' id='par_1_18' title="bbox 2084 1425 3647 1501">
     <span class='ocr_line' id='line_1_18' title="bbox 2084 1425 3647 1501; baseline 0.003 -21"><span class='ocrx_word' id='word_1_159' title='bbox 2084 1425 2181 1480; x_wconf 73' lang='grc' dir='ltr'><strong>τῶν</strong></span> <span class='ocrx_word' id='word_1_160' title='bbox 2210 1425 2414 1498; x_wconf 76' lang='grc' dir='ltr'>ἑορτῶν</span> <span class='ocrx_word' id='word_1_161' title='bbox 2434 1427 2473 1479; x_wconf 79' lang='grc' dir='ltr'><strong>ό</strong></span> <span class='ocrx_word' id='word_1_162' title='bbox 2495 1426 2704 1498; x_wconf 78' lang='grc' dir='ltr'>καιρὸς,</span> <span class='ocrx_word' id='word_1_163' title='bbox 2735 1427 2830 1480; x_wconf 80' lang='grc' dir='ltr'>καὶ</span> <span class='ocrx_word' id='word_1_164' title='bbox 2862 1427 3096 1498; x_wconf 81' lang='grc' dir='ltr'>μάλιστα</span> <span class='ocrx_word' id='word_1_165' title='bbox 3123 1428 3184 1481; x_wconf 72' lang='grc' dir='ltr'>τὸ</span> <span class='ocrx_word' id='word_1_166' title='bbox 3216 1427 3318 1498; x_wconf 81' lang='grc' dir='ltr'><strong>τῆς</strong></span> <span class='ocrx_word' id='word_1_167' title='bbox 3344 1428 3647 1501; x_wconf 87' lang='grc' dir='ltr'>τριημέρου</span> 
     </span>
    </p>
   </div>
   <div class='ocr_carea' id='block_1_19' title="bbox 398 1505 1983 1589">
    <p class='ocr_par' dir='ltr' id='par_1_19' title="bbox 398 1505 1970 1587">
     <span class='ocr_line' id='line_1_19' title="bbox 398 1505 1970 1587; baseline 0.009 -28"><span class='ocrx_word' id='word_1_168' title='bbox 398 1505 455 1561; x_wconf 90' lang='lat' dir='ltr'><strong>in</strong></span> <span class='ocrx_word' id='word_1_169' title='bbox 491 1506 687 1576; x_wconf 87' lang='lat' dir='ltr'><strong>primis</strong></span> <span class='ocrx_word' id='word_1_170' title='bbox 721 1508 961 1564; x_wconf 86' lang='lat' dir='ltr'><strong>triduale</strong></span> <span class='ocrx_word' id='word_1_171' title='bbox 992 1518 1214 1582; x_wconf 77' lang='lat' dir='ltr'><strong>tempus</strong></span> <span class='ocrx_word' id='word_1_172' title='bbox 1241 1512 1548 1571; x_wconf 83' lang='lat' dir='ltr'><strong>Salvatoris</strong></span> <span class='ocrx_word' id='word_1_173' title='bbox 1580 1515 1754 1571; x_wconf 88' lang='lat' dir='ltr'><strong>nostri</strong></span> <span class='ocrx_word' id='word_1_174' title='bbox 1788 1517 1970 1587; x_wconf 84' lang='lat' dir='ltr'><strong>sepul-</strong></span> 
     </span>
    </p>
   </div>
   <div class='ocr_carea' id='block_1_20' title="bbox 2084 1505 3649 1589">
    <p class='ocr_par' dir='ltr' id='par_1_20' title="bbox 2084 1514 3649 1589">
     <span class='ocr_line' id='line_1_20' title="bbox 2084 1514 3649 1589; baseline 0.002 -19"><span class='ocrx_word' id='word_1_175' title='bbox 2084 1517 2168 1570; x_wconf 72' lang='grc' dir='ltr'><strong>τοῦ</strong></span> <span class='ocrx_word' id='word_1_176' title='bbox 2196 1518 2450 1588; x_wconf 78' lang='grc' dir='ltr'><strong>Σωτῆρος</strong></span> <span class='ocrx_word' id='word_1_177' title='bbox 2477 1514 2656 1589; x_wconf 75' lang='grc' dir='ltr'>ταφῆς</span> <span class='ocrx_word' id='word_1_178' title='bbox 2684 1535 2743 1571; x_wconf 90' lang='grc' dir='ltr'><strong>τε</strong></span> <span class='ocrx_word' id='word_1_179' title='bbox 2778 1520 2874 1572; x_wconf 78' lang='grc' dir='ltr'><strong>καὶ</strong></span> <span class='ocrx_word' id='word_1_180' title='bbox 2914 1519 3014 1588; x_wconf 84' lang='grc' dir='ltr'>τῆς</span> <span class='ocrx_word' id='word_1_181' title='bbox 3050 1519 3420 1581; x_wconf 81' lang='grc' dir='ltr'><strong>ἀναστάσεως.</strong></span> <span class='ocrx_word' id='word_1_182' title='bbox 3471 1520 3541 1573; x_wconf 77' lang='grc' dir='ltr'>Δῖ</span> <span class='ocrx_word' id='word_1_183' title='bbox 3584 1537 3649 1573; x_wconf 87' lang='grc' dir='ltr'><strong>τε</strong></span> 
     </span>
    </p>
   </div>
   <div class='ocr_carea' id='block_1_21' title="bbox 397 1601 1983 1681">
    <p class='ocr_par' dir='ltr' id='par_1_21' title="bbox 397 1601 1970 1679">
     <span class='ocr_line' id='line_1_21' title="bbox 397 1601 1970 1679; baseline 0.008 -28"><span class='ocrx_word' id='word_1_184' title='bbox 397 1606 537 1653; x_wconf 84' lang='lat' dir='ltr'><strong>tnrae</strong></span> <span class='ocrx_word' id='word_1_185' title='bbox 566 1604 622 1653; x_wconf 88' lang='lat' dir='ltr'><strong>et</strong></span> <span class='ocrx_word' id='word_1_186' title='bbox 656 1601 1109 1658; x_wconf 87' lang='lat' dir='ltr'><strong>resurrectionis.</strong></span> <span class='ocrx_word' id='word_1_187' title='bbox 1144 1601 1280 1658; x_wconf 87' lang='lat' dir='ltr'><strong>Nam</strong></span> <span class='ocrx_word' id='word_1_188' title='bbox 1305 1604 1392 1660; x_wconf 80' lang='lat' dir='ltr'><strong>lex</strong></span> <span class='ocrx_word' id='word_1_189' title='bbox 1429 1620 1647 1676; x_wconf 87' lang='lat' dir='ltr'><strong>semper</strong></span> <span class='ocrx_word' id='word_1_190' title='bbox 1677 1615 1734 1662; x_wconf 86' lang='lat' dir='ltr'><strong>et</strong></span> <span class='ocrx_word' id='word_1_191' title='bbox 1768 1608 1970 1679; x_wconf 83' lang='lat' dir='ltr'><strong>ubique</strong></span> 
     </span>
    </p>
   </div>
   <div class='ocr_carea' id='block_1_22' title="bbox 2084 1601 3651 1681">
    <p class='ocr_par' dir='ltr' id='par_1_22' title="bbox 2084 1608 3651 1681">
     <span class='ocr_line' id='line_1_22' title="bbox 2084 1608 3651 1681; baseline 0.003 -18"><span class='ocrx_word' id='word_1_192' title='bbox 2084 1609 2181 1681; x_wconf 78' lang='grc' dir='ltr'>γὰρ</span> <span class='ocrx_word' id='word_1_193' title='bbox 2209 1608 2520 1679; x_wconf 86' lang='grc' dir='ltr'>νομοθεσίαι</span> <span class='ocrx_word' id='word_1_194' title='bbox 2542 1611 2815 1679; x_wconf 81' lang='grc' dir='ltr'><strong>πανταχοῦ</strong></span> <span class='ocrx_word' id='word_1_195' title='bbox 2846 1609 3161 1679; x_wconf 84' lang='grc' dir='ltr'>προτιθέασι</span> <span class='ocrx_word' id='word_1_196' title='bbox 3188 1610 3287 1675; x_wconf 76' lang='grc' dir='ltr'>τὰς</span> <span class='ocrx_word' id='word_1_197' title='bbox 3319 1610 3517 1677; x_wconf 88' lang='grc' dir='ltr'>νύκτας</span> <span class='ocrx_word' id='word_1_198' title='bbox 3539 1610 3651 1667; x_wconf 85' lang='grc' dir='ltr'><strong>τῶν</strong></span> 
     </span>
    </p>
   </div>
   <div class='ocr_carea' id='block_1_23' title="bbox 398 1687 1983 1774">
    <p class='ocr_par' dir='ltr' id='par_1_23' title="bbox 398 1687 1970 1758">
     <span class='ocr_line' id='line_1_23' title="bbox 398 1687 1970 1758; baseline 0.009 -19"><span class='ocrx_word' id='word_1_199' title='bbox 398 1687 667 1757; x_wconf 78' lang='lat' dir='ltr'><strong>praeponit</strong></span> <span class='ocrx_word' id='word_1_200' title='bbox 714 1696 908 1744; x_wconf 83' lang='lat' dir='ltr'><strong>noctes</strong></span> <span class='ocrx_word' id='word_1_201' title='bbox 963 1689 1184 1758; x_wconf 86' lang='lat' dir='ltr'><strong>diebus,</strong></span> <span class='ocrx_word' id='word_1_202' title='bbox 1246 1701 1310 1748; x_wconf 91' lang='lat' dir='ltr'><strong>ut</strong></span> <span class='ocrx_word' id='word_1_203' title='bbox 1359 1694 1550 1750; x_wconf 89' lang='lat' dir='ltr'><strong>videre</strong></span> <span class='ocrx_word' id='word_1_204' title='bbox 1595 1703 1681 1751; x_wconf 83' lang='lat' dir='ltr'><strong>est</strong></span> <span class='ocrx_word' id='word_1_205' title='bbox 1723 1698 1777 1750; x_wconf 94' lang='lat' dir='ltr'><strong>in</strong></span> <span class='ocrx_word' id='word_1_206' title='bbox 1824 1696 1970 1753; x_wconf 75' lang='lat' dir='ltr'><strong>festo</strong></span> 
     </span>
    </p>
   </div>
   <div class='ocr_carea' id='block_1_24' title="bbox 2084 1687 3647 1774">
    <p class='ocr_par' dir='ltr' id='par_1_24' title="bbox 2084 1693 3647 1774">
     <span class='ocr_line' id='line_1_24' title="bbox 2084 1693 3647 1774; baseline 0.001 -21"><span class='ocrx_word' id='word_1_207' title='bbox 2084 1699 2331 1772; x_wconf 81' lang='grc' dir='ltr'>ἡμερῶν’</span> <span class='ocrx_word' id='word_1_208' title='bbox 2382 1693 2495 1753; x_wconf 75' lang='grc' dir='ltr'>οἷον</span> <span class='ocrx_word' id='word_1_209' title='bbox 2530 1700 2660 1769; x_wconf 74' lang='grc' dir='ltr'>περὶ</span> <span class='ocrx_word' id='word_1_210' title='bbox 2704 1699 2815 1752; x_wconf 88' lang='grc' dir='ltr'><strong>τῶν</strong></span> <span class='ocrx_word' id='word_1_211' title='bbox 2845 1699 3073 1770; x_wconf 82' lang='grc' dir='ltr'>ἀζύμων</span> <span class='ocrx_word' id='word_1_212' title='bbox 3105 1701 3477 1772; x_wconf 75' lang='grc' dir='ltr'>ἐναρχόμενοι,</span> <span class='ocrx_word' id='word_1_213' title='bbox 3512 1723 3532 1753; x_wconf 72' lang='grc' dir='ltr'><strong>ι</strong></span> <span class='ocrx_word' id='word_1_214' title='bbox 3567 1702 3647 1774; x_wconf 80' lang='grc' dir='ltr'>Τῇ</span> 
     </span>
    </p>
   </div>
   <div class='ocr_carea' id='block_1_25' title="bbox 399 1776 1983 1865">
    <p class='ocr_par' dir='ltr' id='par_1_25' title="bbox 399 1776 1968 1858">
     <span class='ocr_line' id='line_1_25' title="bbox 399 1776 1968 1858; baseline 0.009 -28"><span class='ocrx_word' id='word_1_215' title='bbox 399 1776 756 1847; x_wconf 80' lang='lat' dir='ltr'><strong>Azymorum.</strong></span> <span class='ocrx_word' id='word_1_216' title='bbox 780 1780 885 1835; x_wconf 86' lang='lat' dir='ltr'><strong>Sed</strong></span> <span class='ocrx_word' id='word_1_217' title='bbox 914 1783 1037 1852; x_wconf 83' lang='lat' dir='ltr'><strong>ipsa</strong></span> <span class='ocrx_word' id='word_1_218' title='bbox 1066 1784 1424 1842; x_wconf 85' lang='lat' dir='ltr'><strong>recitabimus</strong></span> <span class='ocrx_word' id='word_1_219' title='bbox 1455 1785 1759 1858; x_wconf 68' lang='lat' dir='ltr'><strong>Scriptura:</strong></span> <span class='ocrx_word' id='word_1_220' title='bbox 1782 1788 1968 1844; x_wconf 85' lang='lat' dir='ltr'><strong>verba.</strong></span> 
     </span>
    </p>
   </div>
   <div class='ocr_carea' id='block_1_26' title="bbox 2084 1776 3651 1865">
    <p class='ocr_par' dir='ltr' id='par_1_26' title="bbox 2084 1788 3651 1863">
     <span class='ocr_line' id='line_1_26' title="bbox 2084 1788 3651 1863; baseline 0.001 -18"><span class='ocrx_word' id='word_1_221' title='bbox 2084 1791 2137 1845; x_wconf 65' lang='grc' dir='ltr'><strong>δι’</strong></span> <span class='ocrx_word' id='word_1_222' title='bbox 2167 1791 2275 1863; x_wconf 81' lang='lat' dir='ltr'><strong>[ita</strong></span> <span class='ocrx_word' id='word_1_223' title='bbox 2324 1788 2476 1862; x_wconf 89' lang='lat' dir='ltr'><strong>cod.]</strong></span> <span class='ocrx_word' id='word_1_224' title='bbox 2527 1790 2622 1843; x_wconf 87' lang='grc' dir='ltr'><strong>τοῦ</strong></span> <span class='ocrx_word' id='word_1_225' title='bbox 2655 1790 2821 1861; x_wconf 79' lang='grc' dir='ltr'>μηνὸς</span> <span class='ocrx_word' id='word_1_226' title='bbox 2875 1789 2970 1843; x_wconf 86' lang='grc' dir='ltr'><strong>τοῦ</strong></span> <span class='ocrx_word' id='word_1_227' title='bbox 3022 1790 3240 1862; x_wconf 84' lang='grc' dir='ltr'>πρώτου</span> <span class='ocrx_word' id='word_1_228' title='bbox 3276 1792 3368 1861; x_wconf 84' lang='grc' dir='ltr'>ἀφ’</span> <span class='ocrx_word' id='word_1_229' title='bbox 3404 1792 3651 1863; x_wconf 80' lang='grc' dir='ltr'><strong>ἑσπέρας</strong></span> 
     </span>
    </p>
   </div>
   <div class='ocr_carea' id='block_1_27' title="bbox 408 1868 1983 1955">
    <p class='ocr_par' dir='ltr' id='par_1_27' title="bbox 408 1868 1972 1945">
     <span class='ocr_line' id='line_1_27' title="bbox 408 1868 1972 1945; baseline 0.009 -23"><span class='ocrx_word' id='word_1_230' title='bbox 408 1885 428 1922; x_wconf 82' lang='grc' dir='ltr'><strong>ι</strong></span> <span class='ocrx_word' id='word_1_231' title='bbox 465 1868 524 1924; x_wconf 90' lang='lat' dir='ltr'><strong>ln</strong></span> <span class='ocrx_word' id='word_1_232' title='bbox 557 1873 736 1941; x_wconf 85' lang='lat' dir='ltr'><strong>primo</strong></span> <span class='ocrx_word' id='word_1_233' title='bbox 782 1888 994 1938; x_wconf 87' lang='lat' dir='ltr'><strong>mense,</strong></span> <span class='ocrx_word' id='word_1_234' title='bbox 1037 1877 1460 1945; x_wconf 86' lang='lat' dir='ltr'><strong>quartadecima</strong></span> <span class='ocrx_word' id='word_1_235' title='bbox 1507 1879 1596 1935; x_wconf 90' lang='lat' dir='ltr'><strong>die</strong></span> <span class='ocrx_word' id='word_1_236' title='bbox 1636 1881 1785 1937; x_wconf 90' lang='lat' dir='ltr'><strong>illius</strong></span> <span class='ocrx_word' id='word_1_237' title='bbox 1822 1896 1972 1936; x_wconf 88' lang='lat' dir='ltr'><strong>men-</strong></span> 
     </span>
    </p>
   </div>
   <div class='ocr_carea' id='block_1_28' title="bbox 2084 1868 3649 1955">
    <p class='ocr_par' dir='ltr' id='par_1_28' title="bbox 2084 1881 3649 1955">
     <span class='ocr_line' id='line_1_28' title="bbox 2084 1881 3649 1955; baseline 0.001 -18"><span class='ocrx_word' id='word_1_238' title='bbox 2084 1882 2256 1937; x_wconf 74' lang='grc' dir='ltr'>ξδεσθε</span> <span class='ocrx_word' id='word_1_239' title='bbox 2297 1881 2483 1952; x_wconf 76' lang='grc' dir='ltr'>ἄζυμα</span> <span class='ocrx_word' id='word_1_240' title='bbox 2533 1881 2639 1946; x_wconf 76' lang='grc' dir='ltr'>ἕως</span> <span class='ocrx_word' id='word_1_241' title='bbox 2669 1889 2758 1937; x_wconf 83' lang='grc' dir='ltr'>ακ⁰</span> <span class='ocrx_word' id='word_1_242' title='bbox 2788 1881 2883 1937; x_wconf 90' lang='grc' dir='ltr'><strong>τοῦ</strong></span> <span class='ocrx_word' id='word_1_243' title='bbox 2917 1883 3085 1954; x_wconf 83' lang='grc' dir='ltr'>μηνὸς</span> <span class='ocrx_word' id='word_1_244' title='bbox 3111 1883 3326 1955; x_wconf 82' lang='grc' dir='ltr'>ἡμέρας</span> <span class='ocrx_word' id='word_1_245' title='bbox 3355 1884 3460 1948; x_wconf 73' lang='grc' dir='ltr'>ἕως</span> <span class='ocrx_word' id='word_1_246' title='bbox 3482 1885 3649 1938; x_wconf 80' lang='grc' dir='ltr'>ἑσπέ-</span> 
     </span>
    </p>
   </div>
   <div class='ocr_carea' id='block_1_29' title="bbox 401 1962 1972 2045">
    <p class='ocr_par' dir='ltr' id='par_1_29' title="bbox 401 1962 1972 2045">
     <span class='ocr_line' id='line_1_29' title="bbox 401 1962 1972 2045; baseline 0.007 -28"><span class='ocrx_word' id='word_1_247' title='bbox 401 1962 478 2017; x_wconf 84' lang='lat' dir='ltr'><strong>sis</strong></span> <span class='ocrx_word' id='word_1_248' title='bbox 508 1963 578 2016; x_wconf 90' lang='lat' dir='ltr'><strong>ad</strong></span> <span class='ocrx_word' id='word_1_249' title='bbox 614 1979 931 2034; x_wconf 82' lang='lat' dir='ltr'><strong>veSperam,</strong></span> <span class='ocrx_word' id='word_1_250' title='bbox 966 1968 1272 2025; x_wconf 85' lang='lat' dir='ltr'><strong>comedetis</strong></span> <span class='ocrx_word' id='word_1_251' title='bbox 1324 1970 1427 2043; x_wconf 63' lang='grc' dir='ltr'><strong>ιε,</strong></span> <span class='ocrx_word' id='word_1_252' title='bbox 1473 1985 1663 2044; x_wconf 85' lang='lat' dir='ltr'><strong>azyma</strong></span> <span class='ocrx_word' id='word_1_253' title='bbox 1700 1989 1876 2045; x_wconf 90' lang='lat' dir='ltr'><strong>usque</strong></span> <span class='ocrx_word' id='word_1_254' title='bbox 1901 1973 1972 2029; x_wconf 88' lang='lat' dir='ltr'><strong>ad</strong></span> 
     </span>
    </p>
   </div>
   <div class='ocr_carea' id='block_1_30' title="bbox 398 2053 1974 2136">
    <p class='ocr_par' dir='ltr' id='par_1_30' title="bbox 398 2053 1974 2136">
     <span class='ocr_line' id='line_1_30' title="bbox 398 2053 1974 2136; baseline 0.01 -28"><span class='ocrx_word' id='word_1_255' title='bbox 398 2053 719 2111; x_wconf 85' lang='lat' dir='ltr'><strong>vicesimum</strong></span> <span class='ocrx_word' id='word_1_256' title='bbox 776 2057 1014 2127; x_wconf 87' lang='lat' dir='ltr'><strong>primum</strong></span> <span class='ocrx_word' id='word_1_257' title='bbox 1068 2059 1210 2115; x_wconf 87' lang='lat' dir='ltr'><strong>diem</strong></span> <span class='ocrx_word' id='word_1_258' title='bbox 1252 2061 1405 2119; x_wconf 79' lang='lat' dir='ltr'><strong>illius</strong></span> <span class='ocrx_word' id='word_1_259' title='bbox 1435 2065 1642 2122; x_wconf 86' lang='lat' dir='ltr'><strong>mensis</strong></span> <span class='ocrx_word' id='word_1_260' title='bbox 1676 2066 1742 2121; x_wconf 88' lang='lat' dir='ltr'><strong>ad</strong></span> <span class='ocrx_word' id='word_1_261' title='bbox 1778 2082 1974 2136; x_wconf 87' lang='lat' dir='ltr'><strong>vespe-</strong></span> 
     </span>
    </p>
   </div>
   <div class='ocr_carea' id='block_1_31' title="bbox 401 2147 1974 2219">
    <p class='ocr_par' dir='ltr' id='par_1_31' title="bbox 401 2147 1974 2219">
     <span class='ocr_line' id='line_1_31' title="bbox 401 2147 1974 2219; baseline 0.008 -20"><span class='ocrx_word' id='word_1_262' title='bbox 401 2159 538 2200; x_wconf 85' lang='lat' dir='ltr'><strong>ram.</strong></span> <span class='ocrx_word' id='word_1_263' title='bbox 596 2147 815 2218; x_wconf 85' lang='lat' dir='ltr'><strong>Septem</strong></span> <span class='ocrx_word' id='word_1_264' title='bbox 860 2149 1059 2206; x_wconf 91' lang='lat' dir='ltr'><strong>diebus</strong></span> <span class='ocrx_word' id='word_1_265' title='bbox 1116 2152 1446 2219; x_wconf 81' lang='lat' dir='ltr'><strong>fertnentnm</strong></span> <span class='ocrx_word' id='word_1_266' title='bbox 1503 2171 1611 2211; x_wconf 93' lang='lat' dir='ltr'><strong>non</strong></span> <span class='ocrx_word' id='word_1_267' title='bbox 1662 2158 1974 2213; x_wconf 83' lang='lat' dir='ltr'><strong>invenietur</strong></span> 
     </span>
    </p>
   </div>
   <div class='ocr_carea' id='block_1_32' title="bbox 401 2236 1970 2316">
    <p class='ocr_par' dir='ltr' id='par_1_32' title="bbox 401 2236 1970 2316">
     <span class='ocr_line' id='line_1_32' title="bbox 401 2236 1970 2316; baseline 0.009 -29"><span class='ocrx_word' id='word_1_268' title='bbox 401 2236 455 2290; x_wconf 92' lang='lat' dir='ltr'><strong>in</strong></span> <span class='ocrx_word' id='word_1_269' title='bbox 500 2237 765 2294; x_wconf 84' lang='lat' dir='ltr'><strong>domibus</strong></span> <span class='ocrx_word' id='word_1_270' title='bbox 809 2242 1014 2297; x_wconf 83' lang='lat' dir='ltr'><strong>vestris</strong></span> <span class='ocrx_word' id='word_1_271' title='bbox 1048 2242 1115 2295; x_wconf 67' lang='grc' dir='ltr'>ὀι</span> <span class='ocrx_word' id='word_1_272' title='bbox 1155 2261 1174 2295; x_wconf 70' lang='grc' dir='ltr'><strong>ι</strong></span> <span class='ocrx_word' id='word_1_273' title='bbox 1218 2242 1378 2310; x_wconf 86' lang='lat' dir='ltr'><strong>Nam,</strong></span> <span class='ocrx_word' id='word_1_274' title='bbox 1412 2254 1472 2300; x_wconf 90' lang='lat' dir='ltr'><strong>ut</strong></span> <span class='ocrx_word' id='word_1_275' title='bbox 1521 2247 1716 2316; x_wconf 83' lang='lat' dir='ltr'><strong>liquet,</strong></span> <span class='ocrx_word' id='word_1_276' title='bbox 1753 2247 1970 2302; x_wconf 89' lang='lat' dir='ltr'><strong>initium</strong></span> 
     </span>
    </p>
   </div>
   <div class='ocr_carea' id='block_1_33' title="bbox 399 2330 1974 2409">
    <p class='ocr_par' dir='ltr' id='par_1_33' title="bbox 399 2330 1974 2409">
     <span class='ocr_line' id='line_1_33' title="bbox 399 2330 1974 2409; baseline 0.008 -29"><span class='ocrx_word' id='word_1_277' title='bbox 399 2342 717 2397; x_wconf 76' lang='lat' dir='ltr'><strong>azymorum</strong></span> <span class='ocrx_word' id='word_1_278' title='bbox 771 2330 1027 2402; x_wconf 76' lang='lat' dir='ltr'><strong>designat</strong></span> <span class='ocrx_word' id='word_1_279' title='bbox 1082 2333 1148 2387; x_wconf 77' lang='lat' dir='ltr'><strong>M</strong></span> <span class='ocrx_word' id='word_1_280' title='bbox 1191 2334 1336 2389; x_wconf 91' lang='lat' dir='ltr'><strong>diem</strong></span> <span class='ocrx_word' id='word_1_281' title='bbox 1373 2374 1387 2399; x_wconf 90' lang='lat'><strong>,</strong></span> <span class='ocrx_word' id='word_1_282' title='bbox 1434 2352 1595 2406; x_wconf 85' lang='lat' dir='ltr'><strong>quem</strong></span> <span class='ocrx_word' id='word_1_283' title='bbox 1645 2353 1675 2390; x_wconf 89' lang='lat' dir='ltr'><strong>a</strong></span> <span class='ocrx_word' id='word_1_284' title='bbox 1739 2353 1974 2409; x_wconf 86' lang='lat' dir='ltr'><strong>vespera</strong></span> 
     </span>
    </p>
   </div>
   <div class='ocr_carea' id='block_1_34' title="bbox 399 2420 1971 2496">
    <p class='ocr_par' dir='ltr' id='par_1_34' title="bbox 399 2420 1971 2496">
     <span class='ocr_line' id='line_1_34' title="bbox 399 2420 1971 2496; baseline 0.006 -22"><span class='ocrx_word' id='word_1_285' title='bbox 399 2420 763 2489; x_wconf 79' lang='lat' dir='ltr'><strong>auspicatur:</strong></span> <span class='ocrx_word' id='word_1_286' title='bbox 820 2429 875 2476; x_wconf 87' lang='lat' dir='ltr'><strong>at</strong></span> <span class='ocrx_word' id='word_1_287' title='bbox 930 2423 1090 2478; x_wconf 83' lang='lat' dir='ltr'><strong>ﬁnem</strong></span> <span class='ocrx_word' id='word_1_288' title='bbox 1153 2440 1476 2496; x_wconf 73' lang='lat' dir='ltr'><strong>azymorum</strong></span> <span class='ocrx_word' id='word_1_289' title='bbox 1532 2427 1663 2483; x_wconf 89' lang='lat' dir='ltr'><strong>lacit</strong></span> <span class='ocrx_word' id='word_1_290' title='bbox 1700 2428 1842 2484; x_wconf 88' lang='lat' dir='ltr'><strong>diem</strong></span> <span class='ocrx_word' id='word_1_291' title='bbox 1877 2429 1971 2496; x_wconf 72' lang='lat'><strong>21.,</strong></span> 
     </span>
    </p>
   </div>
   <div class='ocr_carea' id='block_1_35' title="bbox 399 2513 1974 2592">
    <p class='ocr_par' dir='ltr' id='par_1_35' title="bbox 399 2513 1974 2592">
     <span class='ocr_line' id='line_1_35' title="bbox 399 2513 1974 2592; baseline 0.006 -26"><span class='ocrx_word' id='word_1_292' title='bbox 399 2526 561 2581; x_wconf 86' lang='lat' dir='ltr'><strong>quem</strong></span> <span class='ocrx_word' id='word_1_293' title='bbox 596 2513 853 2569; x_wconf 87' lang='lat' dir='ltr'><strong>similiter</strong></span> <span class='ocrx_word' id='word_1_294' title='bbox 890 2515 944 2568; x_wconf 92' lang='lat' dir='ltr'><strong>in</strong></span> <span class='ocrx_word' id='word_1_295' title='bbox 970 2531 1251 2586; x_wconf 82' lang='lat' dir='ltr'><strong>vesperam</strong></span> <span class='ocrx_word' id='word_1_296' title='bbox 1286 2533 1585 2592; x_wconf 79' lang='lat' dir='ltr'><strong>excurrere</strong></span> <span class='ocrx_word' id='word_1_297' title='bbox 1616 2522 1757 2588; x_wconf 88' lang='lat' dir='ltr'><strong>vult,</strong></span> <span class='ocrx_word' id='word_1_298' title='bbox 1790 2532 1849 2576; x_wconf 90' lang='lat' dir='ltr'><strong>ut</strong></span> <span class='ocrx_word' id='word_1_299' title='bbox 1887 2522 1974 2576; x_wconf 88' lang='lat' dir='ltr'><strong>in-</strong></span> 
     </span>
    </p>
   </div>
   <div class='ocr_carea' id='block_1_36' title="bbox 403 2603 1975 2676">
    <p class='ocr_par' dir='ltr' id='par_1_36' title="bbox 403 2603 1975 2676">
     <span class='ocr_line' id='line_1_36' title="bbox 403 2603 1975 2676; baseline 0.009 -22"><span class='ocrx_word' id='word_1_300' title='bbox 403 2603 653 2657; x_wconf 87' lang='lat' dir='ltr'><strong>tercedat</strong></span> <span class='ocrx_word' id='word_1_301' title='bbox 690 2619 821 2669; x_wconf 75' lang='lat' dir='ltr'><strong>nox,</strong></span> <span class='ocrx_word' id='word_1_302' title='bbox 856 2621 978 2676; x_wconf 67' lang='lat' dir='ltr'><strong>quae</strong></span> <span class='ocrx_word' id='word_1_303' title='bbox 1033 2607 1233 2663; x_wconf 89' lang='lat' dir='ltr'><strong>deinde</strong></span> <span class='ocrx_word' id='word_1_304' title='bbox 1289 2609 1432 2664; x_wconf 90' lang='lat' dir='ltr'><strong>diem</strong></span> <span class='ocrx_word' id='word_1_305' title='bbox 1490 2609 1688 2666; x_wconf 82' lang='lat' dir='ltr'><strong>festum</strong></span> <span class='ocrx_word' id='word_1_306' title='bbox 1720 2611 1975 2668; x_wconf 83' lang='lat' dir='ltr'><strong>inducat.</strong></span> 
     </span>
    </p>
   </div>
   <div class='ocr_carea' id='block_1_37' title="bbox 403 2688 1974 2768">
    <p class='ocr_par' dir='ltr' id='par_1_37' title="bbox 403 2688 1974 2768">
     <span class='ocr_line' id='line_1_37' title="bbox 403 2688 1974 2768; baseline 0.006 -21"><span class='ocrx_word' id='word_1_307' title='bbox 403 2688 559 2747; x_wconf 80' lang='lat' dir='ltr'><strong>Haud</strong></span> <span class='ocrx_word' id='word_1_308' title='bbox 605 2691 898 2751; x_wconf 81' lang='lat' dir='ltr'><strong>dissimilis</strong></span> <span class='ocrx_word' id='word_1_309' title='bbox 962 2695 1107 2751; x_wconf 87' lang='lat' dir='ltr'><strong>ratio</strong></span> <span class='ocrx_word' id='word_1_310' title='bbox 1153 2706 1239 2753; x_wconf 81' lang='lat' dir='ltr'><strong>est</strong></span> <span class='ocrx_word' id='word_1_311' title='bbox 1279 2698 1638 2768; x_wconf 64' lang='lat' dir='ltr'><strong>ieiuniorum.</strong></span> <span class='ocrx_word' id='word_1_312' title='bbox 1678 2702 1745 2755; x_wconf 86' lang='lat' dir='ltr'><strong>At</strong></span> <span class='ocrx_word' id='word_1_313' title='bbox 1773 2702 1820 2757; x_wconf 88' lang='lat' dir='ltr'><strong>si</strong></span> <span class='ocrx_word' id='word_1_314' title='bbox 1859 2717 1974 2757; x_wconf 88' lang='lat' dir='ltr'><strong>rem</strong></span> 
     </span>
    </p>
   </div>
   <div class='ocr_carea' id='block_1_38' title="bbox 403 2785 1981 2862">
    <p class='ocr_par' dir='ltr' id='par_1_38' title="bbox 403 2785 1981 2862">
     <span class='ocr_line' id='line_1_38' title="bbox 403 2785 1981 2862; baseline 0.006 -25"><span class='ocrx_word' id='word_1_315' title='bbox 403 2792 563 2839; x_wconf 71' lang='lat' dir='ltr'><strong>recta.</strong></span> <span class='ocrx_word' id='word_1_316' title='bbox 588 2785 967 2855; x_wconf 87' lang='lat' dir='ltr'><strong>reputabimus</strong></span> <span class='ocrx_word' id='word_1_317' title='bbox 1003 2788 1114 2851; x_wconf 85' lang='lat' dir='ltr'><strong>via,</strong></span> <span class='ocrx_word' id='word_1_318' title='bbox 1160 2789 1451 2844; x_wconf 89' lang='lat' dir='ltr'><strong>sciendum</strong></span> <span class='ocrx_word' id='word_1_319' title='bbox 1492 2801 1577 2846; x_wconf 87' lang='lat' dir='ltr'><strong>est</strong></span> <span class='ocrx_word' id='word_1_320' title='bbox 1606 2791 1981 2862; x_wconf 84' lang='lat' dir='ltr'><strong>legislatorem</strong></span> 
     </span>
    </p>
   </div>
   <div class='ocr_carea' id='block_1_39' title="bbox 405 2875 1977 2953">
    <p class='ocr_par' dir='ltr' id='par_1_39' title="bbox 405 2875 1977 2953">
     <span class='ocr_line' id='line_1_39' title="bbox 405 2875 1977 2953; baseline 0.006 -24"><span class='ocrx_word' id='word_1_321' title='bbox 405 2875 519 2930; x_wconf 88' lang='lat' dir='ltr'><strong>illis</strong></span> <span class='ocrx_word' id='word_1_322' title='bbox 557 2876 741 2932; x_wconf 83' lang='lat' dir='ltr'><strong>verbis</strong></span> <span class='ocrx_word' id='word_1_323' title='bbox 767 2879 1086 2947; x_wconf 75' lang='lat' dir='ltr'><strong>explanare,</strong></span> <span class='ocrx_word' id='word_1_324' title='bbox 1125 2879 1404 2950; x_wconf 90' lang='lat' dir='ltr'><strong>quomodo</strong></span> <span class='ocrx_word' id='word_1_325' title='bbox 1432 2885 1638 2946; x_wconf 86' lang='lat' dir='ltr'><strong>omnia,</strong></span> <span class='ocrx_word' id='word_1_326' title='bbox 1672 2897 1796 2937; x_wconf 92' lang='lat' dir='ltr'><strong>cum</strong></span> <span class='ocrx_word' id='word_1_327' title='bbox 1822 2884 1977 2953; x_wconf 87' lang='lat' dir='ltr'><strong>prius</strong></span> 
     </span>
    </p>
   </div>
   <div class='ocr_carea' id='block_1_40' title="bbox 405 2967 1979 3044">
    <p class='ocr_par' dir='ltr' id='par_1_40' title="bbox 405 2967 1979 3044">
     <span class='ocr_line' id='line_1_40' title="bbox 405 2967 1979 3044; baseline 0.005 -23"><span class='ocrx_word' id='word_1_328' title='bbox 405 2974 593 3023; x_wconf 78' lang='lat' dir='ltr'><strong>essent</strong></span> <span class='ocrx_word' id='word_1_329' title='bbox 645 2967 914 3035; x_wconf 83' lang='lat' dir='ltr'><strong>confusa,</strong></span> <span class='ocrx_word' id='word_1_330' title='bbox 977 2984 1138 3026; x_wconf 88' lang='lat' dir='ltr'><strong>suum</strong></span> <span class='ocrx_word' id='word_1_331' title='bbox 1196 2980 1450 3027; x_wconf 90' lang='lat' dir='ltr'><strong>ornatum</strong></span> <span class='ocrx_word' id='word_1_332' title='bbox 1481 2988 1549 3028; x_wconf 84' lang='lat' dir='ltr'><strong>ex</strong></span> <span class='ocrx_word' id='word_1_333' title='bbox 1602 2975 1979 3044; x_wconf 83' lang='lat' dir='ltr'><strong>pulcherrimo</strong></span> 
     </span>
    </p>
   </div>
   <div class='ocr_carea' id='block_1_41' title="bbox 406 3059 1985 3137">
    <p class='ocr_par' dir='ltr' id='par_1_41' title="bbox 406 3059 1985 3137">
     <span class='ocr_line' id='line_1_41' title="bbox 406 3059 1985 3137; baseline 0.006 -25"><span class='ocrx_word' id='word_1_334' title='bbox 406 3059 511 3114; x_wconf 81' lang='lat' dir='ltr'><strong>ilio</strong></span> <span class='ocrx_word' id='word_1_335' title='bbox 543 3061 848 3116; x_wconf 87' lang='lat' dir='ltr'><strong>creationis</strong></span> <span class='ocrx_word' id='word_1_336' title='bbox 877 3077 1140 3132; x_wconf 87' lang='lat' dir='ltr'><strong>processu</strong></span> <span class='ocrx_word' id='word_1_337' title='bbox 1177 3064 1514 3135; x_wconf 88' lang='lat' dir='ltr'><strong>acceperint,</strong></span> <span class='ocrx_word' id='word_1_338' title='bbox 1568 3065 1826 3122; x_wconf 86' lang='lat' dir='ltr'><strong>videlicet</strong></span> <span class='ocrx_word' id='word_1_339' title='bbox 1857 3068 1985 3137; x_wconf 78' lang='lat' dir='ltr'><strong>ipso</strong></span> 
     </span>
    </p>
   </div>
   <div class='ocr_carea' id='block_1_42' title="bbox 2076 1974 3649 2049">
    <p class='ocr_par' dir='ltr' id='par_1_42' title="bbox 2076 1974 3649 2049">
     <span class='ocr_line' id='line_1_42' title="bbox 2076 1974 3649 2049; baseline -0.003 -18"><span class='ocrx_word' id='word_1_340' title='bbox 2076 1977 2195 2049; x_wconf 84' lang='grc' dir='ltr'>ρας,</span> <span class='ocrx_word' id='word_1_341' title='bbox 2232 1975 2373 2030; x_wconf 76' lang='grc' dir='ltr'>ἑπτὰ</span> <span class='ocrx_word' id='word_1_342' title='bbox 2400 1974 2614 2047; x_wconf 85' lang='grc' dir='ltr'>ἡμέρας</span> <span class='ocrx_word' id='word_1_343' title='bbox 2655 1974 2802 2045; x_wconf 79' lang='grc' dir='ltr'>ζύμη</span> <span class='ocrx_word' id='word_1_344' title='bbox 2857 1975 2955 2045; x_wconf 73' lang='grc' dir='ltr'>οὐχ</span> <span class='ocrx_word' id='word_1_345' title='bbox 3006 1975 3362 2046; x_wconf 73' lang='grc' dir='ltr'><strong>εὑρεθήσεται</strong></span> <span class='ocrx_word' id='word_1_346' title='bbox 3418 1977 3477 2029; x_wconf 79' lang='grc' dir='ltr'>ὲν</span> <span class='ocrx_word' id='word_1_347' title='bbox 3525 1979 3649 2041; x_wconf 84' lang='grc' dir='ltr'>ταῖς</span> 
     </span>
    </p>
   </div>
   <div class='ocr_carea' id='block_1_43' title="bbox 2072 2064 3652 2139">
    <p class='ocr_par' dir='ltr' id='par_1_43' title="bbox 2072 2064 3652 2139">
     <span class='ocr_line' id='line_1_43' title="bbox 2072 2064 3652 2139; baseline 0 -19"><span class='ocrx_word' id='word_1_348' title='bbox 2072 2068 2276 2130; x_wconf 72' lang='grc' dir='ltr'>οἰκίαις</span> <span class='ocrx_word' id='word_1_349' title='bbox 2308 2065 2484 2136; x_wconf 81' lang='grc' dir='ltr'>ὑμῶν.</span> <span class='ocrx_word' id='word_1_350' title='bbox 2520 2085 2539 2119; x_wconf 78' lang='grc' dir='ltr'><strong>ι</strong></span> <span class='ocrx_word' id='word_1_351' title='bbox 2572 2064 2682 2137; x_wconf 83' lang='grc' dir='ltr'><strong>Τὴν</strong></span> <span class='ocrx_word' id='word_1_352' title='bbox 2704 2064 2811 2138; x_wconf 73' lang='grc' dir='ltr'>γὰρ</span> <span class='ocrx_word' id='word_1_353' title='bbox 2846 2064 2912 2119; x_wconf 79' lang='grc' dir='ltr'>ει¹</span> <span class='ocrx_word' id='word_1_354' title='bbox 2934 2066 3026 2135; x_wconf 87' lang='grc' dir='ltr'>ἀφ’</span> <span class='ocrx_word' id='word_1_355' title='bbox 3067 2066 3304 2138; x_wconf 84' lang='grc' dir='ltr'>ἑσπέρας</span> <span class='ocrx_word' id='word_1_356' title='bbox 3333 2067 3508 2139; x_wconf 81' lang='grc' dir='ltr'>ἀρχὴν</span> <span class='ocrx_word' id='word_1_357' title='bbox 3538 2065 3652 2121; x_wconf 88' lang='grc' dir='ltr'><strong>τῶν</strong></span> 
     </span>
    </p>
   </div>
   <div class='ocr_carea' id='block_1_44' title="bbox 2073 2158 3649 2231">
    <p class='ocr_par' dir='ltr' id='par_1_44' title="bbox 2073 2158 3649 2231">
     <span class='ocr_line' id='line_1_44' title="bbox 2073 2158 3649 2231; baseline -0.001 -16"><span class='ocrx_word' id='word_1_358' title='bbox 2073 2160 2319 2231; x_wconf 79' lang='grc' dir='ltr'><strong>ἀζύμων,</strong></span> <span class='ocrx_word' id='word_1_359' title='bbox 2350 2158 2521 2230; x_wconf 76' lang='grc' dir='ltr'>ὁρίζει</span> <span class='ocrx_word' id='word_1_360' title='bbox 2551 2162 2617 2230; x_wconf 81' lang='grc' dir='ltr'><strong>τῇ</strong></span> <span class='ocrx_word' id='word_1_361' title='bbox 2639 2175 2703 2227; x_wconf 89' lang='grc' dir='ltr'><strong>γε</strong></span> <span class='ocrx_word' id='word_1_362' title='bbox 2735 2159 2835 2230; x_wconf 82' lang='grc' dir='ltr'>μιᾷ</span> <span class='ocrx_word' id='word_1_363' title='bbox 2852 2158 2949 2212; x_wconf 65' lang='grc' dir='ltr'>καὶ</span> <span class='ocrx_word' id='word_1_364' title='bbox 2973 2158 3180 2212; x_wconf 82' lang='grc' dir='ltr'>εἰκάδι·</span> <span class='ocrx_word' id='word_1_365' title='bbox 3201 2159 3294 2214; x_wconf 80' lang='grc' dir='ltr'>καὶ</span> <span class='ocrx_word' id='word_1_366' title='bbox 3318 2161 3649 2230; x_wconf 73' lang='grc' dir='ltr'>περιγράφει</span> 
     </span>
    </p>
   </div>
   <div class='ocr_carea' id='block_1_45' title="bbox 2075 2248 3652 2323">
    <p class='ocr_par' dir='ltr' id='par_1_45' title="bbox 2075 2248 3652 2323">
     <span class='ocr_line' id='line_1_45' title="bbox 2075 2248 3652 2323; baseline -0.001 -18"><span class='ocrx_word' id='word_1_367' title='bbox 2075 2251 2184 2321; x_wconf 78' lang='grc' dir='ltr'><strong>πρὸ</strong></span> <span class='ocrx_word' id='word_1_368' title='bbox 2215 2253 2313 2322; x_wconf 84' lang='grc' dir='ltr'><strong>τῆς</strong></span> <span class='ocrx_word' id='word_1_369' title='bbox 2338 2251 2580 2323; x_wconf 79' lang='grc' dir='ltr'>ἑσπέρας</span> <span class='ocrx_word' id='word_1_370' title='bbox 2599 2252 2699 2322; x_wconf 86' lang='grc' dir='ltr'><strong>τὴν</strong></span> <span class='ocrx_word' id='word_1_371' title='bbox 2729 2249 2941 2322; x_wconf 77' lang='grc' dir='ltr'>ἑορτὴν,</span> <span class='ocrx_word' id='word_1_372' title='bbox 2983 2248 3072 2304; x_wconf 82' lang='grc' dir='ltr'><strong>διὰ</strong></span> <span class='ocrx_word' id='word_1_373' title='bbox 3103 2250 3164 2304; x_wconf 75' lang='grc' dir='ltr'><strong>τὸ</strong></span> <span class='ocrx_word' id='word_1_374' title='bbox 3193 2251 3289 2322; x_wconf 82' lang='grc' dir='ltr'>τὴν</span> <span class='ocrx_word' id='word_1_375' title='bbox 3317 2249 3491 2304; x_wconf 83' lang='grc' dir='ltr'>νύκτα</span> <span class='ocrx_word' id='word_1_376' title='bbox 3520 2267 3652 2322; x_wconf 87' lang='grc' dir='ltr'>προ-</span> 
     </span>
    </p>
   </div>
   <div class='ocr_carea' id='block_1_46' title="bbox 2075 2340 3652 2413">
    <p class='ocr_par' dir='ltr' id='par_1_46' title="bbox 2075 2340 3652 2413">
     <span class='ocr_line' id='line_1_46' title="bbox 2075 2340 3652 2413; baseline -0.001 -17"><span class='ocrx_word' id='word_1_377' title='bbox 2075 2343 2391 2411; x_wconf 81' lang='grc' dir='ltr'>εισαγαγεῖν</span> <span class='ocrx_word' id='word_1_378' title='bbox 2425 2341 2737 2413; x_wconf 76' lang='grc' dir='ltr'>ἡγουμένην</span> <span class='ocrx_word' id='word_1_379' title='bbox 2786 2342 2975 2410; x_wconf 81' lang='grc' dir='ltr'>αὐτῆς.</span> <span class='ocrx_word' id='word_1_380' title='bbox 3021 2340 3179 2395; x_wconf 74' lang='grc' dir='ltr'>Οὕτω</span> <span class='ocrx_word' id='word_1_381' title='bbox 3205 2342 3300 2395; x_wconf 68' lang='grc' dir='ltr'>καὶ</span> <span class='ocrx_word' id='word_1_382' title='bbox 3338 2343 3366 2395; x_wconf 86' lang='grc' dir='ltr'><strong>ό</strong></span> <span class='ocrx_word' id='word_1_383' title='bbox 3392 2342 3652 2411; x_wconf 70' lang='grc' dir='ltr'>περὶτῆς</span> 
     </span>
    </p>
   </div>
   <div class='ocr_carea' id='block_1_47' title="bbox 2074 2429 3652 2504">
    <p class='ocr_par' dir='ltr' id='par_1_47' title="bbox 2074 2429 3652 2504">
     <span class='ocr_line' id='line_1_47' title="bbox 2074 2429 3652 2504; baseline -0.001 -16"><span class='ocrx_word' id='word_1_384' title='bbox 2074 2433 2330 2504; x_wconf 79' lang='grc' dir='ltr'>νηστείας</span> <span class='ocrx_word' id='word_1_385' title='bbox 2348 2431 2457 2503; x_wconf 75' lang='grc' dir='ltr'>ἔχει</span> <span class='ocrx_word' id='word_1_386' title='bbox 2488 2432 2671 2500; x_wconf 87' lang='grc' dir='ltr'>νόμος.</span> <span class='ocrx_word' id='word_1_387' title='bbox 2691 2433 2779 2502; x_wconf 85' lang='grc' dir='ltr'><strong>Μή</strong></span> <span class='ocrx_word' id='word_1_388' title='bbox 2812 2449 2940 2485; x_wconf 88' lang='grc' dir='ltr'>ποτε</span> <span class='ocrx_word' id='word_1_389' title='bbox 2958 2429 3050 2487; x_wconf 80' lang='grc' dir='ltr'><strong>οὖν</strong></span> <span class='ocrx_word' id='word_1_390' title='bbox 3074 2433 3172 2503; x_wconf 73' lang='grc' dir='ltr'>τὴν</span> <span class='ocrx_word' id='word_1_391' title='bbox 3200 2432 3258 2498; x_wconf 75' lang='grc' dir='ltr'><strong>ἐξ</strong></span> <span class='ocrx_word' id='word_1_392' title='bbox 3279 2434 3548 2504; x_wconf 75' lang='grc' dir='ltr'>ἀκοσμίας</span> <span class='ocrx_word' id='word_1_393' title='bbox 3569 2435 3652 2498; x_wconf 83' lang='grc' dir='ltr'><strong>είς</strong></span> 
     </span>
    </p>
   </div>
   <div class='ocr_carea' id='block_1_48' title="bbox 2076 2524 3647 2596">
    <p class='ocr_par' dir='ltr' id='par_1_48' title="bbox 2076 2524 3647 2596">
     <span class='ocr_line' id='line_1_48' title="bbox 2076 2524 3647 2596; baseline 0 -18"><span class='ocrx_word' id='word_1_394' title='bbox 2076 2524 2373 2595; x_wconf 79' lang='grc' dir='ltr'>εὐκοσμίαν</span> <span class='ocrx_word' id='word_1_395' title='bbox 2403 2524 2626 2596; x_wconf 84' lang='grc' dir='ltr'>πρόοδον</span> <span class='ocrx_word' id='word_1_396' title='bbox 2656 2525 2685 2577; x_wconf 81' lang='grc' dir='ltr'>ὁ</span> <span class='ocrx_word' id='word_1_397' title='bbox 2715 2524 3011 2595; x_wconf 83' lang='grc' dir='ltr'>νομοθέτης</span> <span class='ocrx_word' id='word_1_398' title='bbox 3037 2525 3348 2589; x_wconf 73' lang='grc' dir='ltr'><strong>αἰνίττεται,</strong></span> <span class='ocrx_word' id='word_1_399' title='bbox 3387 2525 3419 2596; x_wconf 82' lang='grc' dir='ltr'>ἢ</span> <span class='ocrx_word' id='word_1_400' title='bbox 3450 2524 3647 2594; x_wconf 81' lang='grc' dir='ltr'>γέγονέ</span> 
     </span>
    </p>
   </div>
   <div class='ocr_carea' id='block_1_49' title="bbox 2074 2613 3660 2687">
    <p class='ocr_par' dir='ltr' id='par_1_49' title="bbox 2074 2613 3660 2687">
     <span class='ocr_line' id='line_1_49' title="bbox 2074 2613 3660 2687; baseline 0 -18"><span class='ocrx_word' id='word_1_401' title='bbox 2074 2632 2134 2669; x_wconf 89' lang='grc' dir='ltr'><strong>τε</strong></span> <span class='ocrx_word' id='word_1_402' title='bbox 2159 2615 2258 2686; x_wconf 73' lang='grc' dir='ltr'><strong>ἤδη</strong></span> <span class='ocrx_word' id='word_1_403' title='bbox 2296 2613 2438 2668; x_wconf 86' lang='grc' dir='ltr'><strong>κατά</strong></span> <span class='ocrx_word' id='word_1_404' title='bbox 2460 2615 2557 2684; x_wconf 79' lang='grc' dir='ltr'>τὴν</span> <span class='ocrx_word' id='word_1_405' title='bbox 2575 2615 2639 2667; x_wconf 80' lang='grc' dir='ltr'>ἐκ</span> <span class='ocrx_word' id='word_1_406' title='bbox 2664 2614 2886 2677; x_wconf 85' lang='grc' dir='ltr'>σκότους</span> <span class='ocrx_word' id='word_1_407' title='bbox 2902 2617 3163 2684; x_wconf 81' lang='grc' dir='ltr'>φανεῖσαν</span> <span class='ocrx_word' id='word_1_408' title='bbox 3183 2615 3415 2687; x_wconf 80' lang='grc' dir='ltr'>ἡμέραν,</span> <span class='ocrx_word' id='word_1_409' title='bbox 3440 2617 3535 2668; x_wconf 78' lang='grc' dir='ltr'><strong>καὶ</strong></span> <span class='ocrx_word' id='word_1_410' title='bbox 3557 2633 3660 2669; x_wconf 79' lang='grc' dir='ltr'>τε-</span> 
     </span>
    </p>
   </div>
   <div class='ocr_carea' id='block_1_50' title="bbox 2076 2703 3663 2775">
    <p class='ocr_par' dir='ltr' id='par_1_50' title="bbox 2076 2703 3663 2775">
     <span class='ocr_line' id='line_1_50' title="bbox 2076 2703 3663 2775; baseline 0.002 -19"><span class='ocrx_word' id='word_1_411' title='bbox 2076 2704 2215 2769; x_wconf 87' lang='grc' dir='ltr'>λέως</span> <span class='ocrx_word' id='word_1_412' title='bbox 2246 2703 2397 2775; x_wconf 72' lang='grc' dir='ltr'>ἔσται</span> <span class='ocrx_word' id='word_1_413' title='bbox 2429 2705 2569 2757; x_wconf 79' lang='grc' dir='ltr'>κατὰ</span> <span class='ocrx_word' id='word_1_414' title='bbox 2604 2703 2705 2773; x_wconf 78' lang='grc' dir='ltr'>τὴν</span> <span class='ocrx_word' id='word_1_415' title='bbox 2757 2704 3058 2775; x_wconf 84' lang='grc' dir='ltr'>μέλλουσαν</span> <span class='ocrx_word' id='word_1_416' title='bbox 3088 2706 3491 2772; x_wconf 75' lang='grc' dir='ltr'>ἀνακαίνωσινς</span> <span class='ocrx_word' id='word_1_417' title='bbox 3538 2705 3663 2759; x_wconf 59' lang='grc' dir='ltr'><strong>Καὶ</strong></span> 
     </span>
    </p>
   </div>
   <div class='ocr_carea' id='block_1_51' title="bbox 2077 2774 3657 2868">
    <p class='ocr_par' dir='ltr' id='par_1_51' title="bbox 2077 2774 3657 2868">
     <span class='ocr_line' id='line_1_51' title="bbox 2077 2774 3657 2868; baseline 0 -20"><span class='ocrx_word' id='word_1_418' title='bbox 2077 2796 2186 2867; x_wconf 72' lang='grc' dir='ltr'>γάρ</span> <span class='ocrx_word' id='word_1_419' title='bbox 2217 2774 2372 2849; x_wconf 70' lang='grc' dir='ltr'>ἐστιν</span> <span class='ocrx_word' id='word_1_420' title='bbox 2398 2797 2430 2866; x_wconf 91' lang='grc' dir='ltr'><strong>ἡ</strong></span> <span class='ocrx_word' id='word_1_421' title='bbox 2470 2774 2768 2866; x_wconf 84' lang='grc' dir='ltr'>νομοθεσία</span> <span class='ocrx_word' id='word_1_422' title='bbox 2791 2796 2898 2850; x_wconf 83' lang='grc' dir='ltr'><strong>τῶν</strong></span> <span class='ocrx_word' id='word_1_423' title='bbox 2926 2814 2987 2850; x_wconf 89' lang='grc' dir='ltr'><strong>τε</strong></span> <span class='ocrx_word' id='word_1_424' title='bbox 3016 2796 3295 2868; x_wconf 86' lang='grc' dir='ltr'>προτέρων</span> <span class='ocrx_word' id='word_1_425' title='bbox 3327 2797 3657 2868; x_wconf 67' lang='grc' dir='ltr'>ὑπόμνημα,</span> 
     </span>
    </p>
   </div>
   <div class='ocr_carea' id='block_1_52' title="bbox 2077 2884 3660 2956">
    <p class='ocr_par' dir='ltr' id='par_1_52' title="bbox 2077 2884 3660 2956">
     <span class='ocr_line' id='line_1_52' title="bbox 2077 2884 3660 2956; baseline -0.001 -17"><span class='ocrx_word' id='word_1_426' title='bbox 2077 2886 2174 2939; x_wconf 75' lang='grc' dir='ltr'><strong>καὶ</strong></span> <span class='ocrx_word' id='word_1_427' title='bbox 2208 2885 2317 2938; x_wconf 90' lang='grc' dir='ltr'><strong>τῶν</strong></span> <span class='ocrx_word' id='word_1_428' title='bbox 2350 2884 2649 2955; x_wconf 81' lang='grc' dir='ltr'>μελλόντων</span> <span class='ocrx_word' id='word_1_429' title='bbox 2698 2884 2845 2939; x_wconf 85' lang='grc' dir='ltr'>σκιά.</span> <span class='ocrx_word' id='word_1_430' title='bbox 2883 2885 3095 2956; x_wconf 82' lang='grc' dir='ltr'>Ὥσπερ</span> <span class='ocrx_word' id='word_1_431' title='bbox 3127 2885 3188 2938; x_wconf 73' lang='grc' dir='ltr'>τὺ</span> <span class='ocrx_word' id='word_1_432' title='bbox 3235 2884 3512 2938; x_wconf 77' lang='grc' dir='ltr'>Σάϐϐατον</span> <span class='ocrx_word' id='word_1_433' title='bbox 3548 2884 3660 2955; x_wconf 76' lang='grc' dir='ltr'>τῆς</span> 
     </span>
    </p>
   </div>
   <div class='ocr_carea' id='block_1_53' title="bbox 2077 2971 3661 3044">
    <p class='ocr_par' dir='ltr' id='par_1_53' title="bbox 2077 2971 3661 3044">
     <span class='ocr_line' id='line_1_53' title="bbox 2077 2971 3661 3044; baseline -0.001 -19"><span class='ocrx_word' id='word_1_434' title='bbox 2077 2988 2138 3025; x_wconf 87' lang='grc' dir='ltr'><strong>τε</strong></span> <span class='ocrx_word' id='word_1_435' title='bbox 2171 2972 2269 3044; x_wconf 74' lang='grc' dir='ltr'><strong>ήδη</strong></span> <span class='ocrx_word' id='word_1_436' title='bbox 2311 2973 2405 3025; x_wconf 85' lang='grc' dir='ltr'><strong>τοῦ</strong></span> <span class='ocrx_word' id='word_1_437' title='bbox 2431 2971 2565 3025; x_wconf 84' lang='grc' dir='ltr'>Θεοῦ</span> <span class='ocrx_word' id='word_1_438' title='bbox 2601 2971 2998 3036; x_wconf 87' lang='grc' dir='ltr'>καταπαύσεως</span> <span class='ocrx_word' id='word_1_439' title='bbox 3040 2972 3148 3026; x_wconf 84' lang='grc' dir='ltr'><strong>ἀπὸ</strong></span> <span class='ocrx_word' id='word_1_440' title='bbox 3177 2972 3287 3025; x_wconf 88' lang='grc' dir='ltr'><strong>τῶν</strong></span> <span class='ocrx_word' id='word_1_441' title='bbox 3325 2972 3523 3042; x_wconf 78' lang='grc' dir='ltr'>ἔργων,</span> <span class='ocrx_word' id='word_1_442' title='bbox 3554 2971 3661 3025; x_wconf 64' lang='grc' dir='ltr'><strong>καὶ</strong></span> 
     </span>
    </p>
   </div>
   <div class='ocr_carea' id='block_1_54' title="bbox 2079 3049 3745 3134">
    <p class='ocr_par' dir='ltr' id='par_1_54' title="bbox 2079 3049 3745 3134">
     <span class='ocr_line' id='line_1_54' title="bbox 2079 3049 3745 3134; baseline -0.001 -17"><span class='ocrx_word' id='word_1_443' title='bbox 2079 3064 2174 3118; x_wconf 87' lang='grc' dir='ltr'><strong>τοῦ</strong></span> <span class='ocrx_word' id='word_1_444' title='bbox 2194 3063 2624 3134; x_wconf 72' lang='grc' dir='ltr'>ἀπολειπομένου</span> <span class='ocrx_word' id='word_1_445' title='bbox 2639 3062 3009 3134; x_wconf 77' lang='grc' dir='ltr'>σαδσατισμοῦ</span> <span class='ocrx_word' id='word_1_446' title='bbox 3020 3063 3099 3133; x_wconf 83' lang='grc' dir='ltr'><strong>τῷ</strong></span> <span class='ocrx_word' id='word_1_447' title='bbox 3115 3063 3230 3134; x_wconf 85' lang='grc' dir='ltr'>λαῷ</span> <span class='ocrx_word' id='word_1_448' title='bbox 3246 3062 3336 3117; x_wconf 83' lang='grc' dir='ltr'><strong>τοῦ</strong></span> <span class='ocrx_word' id='word_1_449' title='bbox 3357 3062 3491 3116; x_wconf 87' lang='grc' dir='ltr'>Θεοῦ</span> <span class='ocrx_word' id='word_1_450' title='bbox 3513 3061 3666 3116; x_wconf 69' lang='grc' dir='ltr'>κατὰ</span> <span class='ocrx_word' id='word_1_451' title='bbox 3730 3049 3745 3067; x_wconf 76' lang='grc'><em>’</em></span> 
     </span>
    </p>
   </div>
   <div class='ocr_carea' id='block_1_55' title="bbox 407 3143 1983 3228">
    <p class='ocr_par' dir='ltr' id='par_1_55' title="bbox 407 3153 1980 3228">
     <span class='ocr_line' id='line_1_55' title="bbox 407 3153 1980 3228; baseline 0.004 -21"><span class='ocrx_word' id='word_1_452' title='bbox 407 3153 497 3209; x_wconf 90' lang='lat' dir='ltr'><strong>die</strong></span> <span class='ocrx_word' id='word_1_453' title='bbox 527 3169 593 3208; x_wconf 79' lang='lat' dir='ltr'><strong>ex</strong></span> <span class='ocrx_word' id='word_1_454' title='bbox 624 3154 882 3209; x_wconf 80' lang='lat' dir='ltr'><strong>obscuris</strong></span> <span class='ocrx_word' id='word_1_455' title='bbox 933 3154 1291 3211; x_wconf 86' lang='lat' dir='ltr'><strong>illucescente</strong></span> <span class='ocrx_word' id='word_1_456' title='bbox 1341 3156 1609 3212; x_wconf 87' lang='lat' dir='ltr'><strong>tenebris.</strong></span> <span class='ocrx_word' id='word_1_457' title='bbox 1654 3156 1760 3211; x_wconf 83' lang='lat' dir='ltr'><strong>Sed</strong></span> <span class='ocrx_word' id='word_1_458' title='bbox 1801 3158 1980 3228; x_wconf 81' lang='lat' dir='ltr'><strong>perfe-</strong></span> 
     </span>
    </p>
   </div>
   <div class='ocr_carea' id='block_1_56' title="bbox 2084 3143 3661 3228">
    <p class='ocr_par' dir='ltr' id='par_1_56' title="bbox 2084 3151 3661 3227">
     <span class='ocr_line' id='line_1_56' title="bbox 2084 3151 3661 3227; baseline -0.003 -18"><span class='ocrx_word' id='word_1_459' title='bbox 2084 3156 2183 3227; x_wconf 80' lang='grc' dir='ltr'><strong>τὴν</strong></span> <span class='ocrx_word' id='word_1_460' title='bbox 2212 3154 2439 3225; x_wconf 80' lang='grc' dir='ltr'>μίμησιν</span> <span class='ocrx_word' id='word_1_461' title='bbox 2466 3154 2565 3224; x_wconf 76' lang='grc' dir='ltr'>τῆς</span> <span class='ocrx_word' id='word_1_462' title='bbox 2590 3154 2682 3207; x_wconf 82' lang='grc' dir='ltr'><strong>τοῦ</strong></span> <span class='ocrx_word' id='word_1_463' title='bbox 2712 3153 2847 3207; x_wconf 85' lang='grc' dir='ltr'>Θεοῦ</span> <span class='ocrx_word' id='word_1_464' title='bbox 2871 3153 3291 3217; x_wconf 84' lang='grc' dir='ltr'>καταπαύσεως.</span> <span class='ocrx_word' id='word_1_465' title='bbox 3317 3154 3425 3207; x_wconf 65' lang='grc' dir='ltr'>Καὶ</span> <span class='ocrx_word' id='word_1_466' title='bbox 3448 3154 3482 3223; x_wconf 86' lang='grc' dir='ltr'><strong>ἡ</strong></span> <span class='ocrx_word' id='word_1_467' title='bbox 3510 3151 3661 3222; x_wconf 69' lang='grc' dir='ltr'>Σκηο</span> 
     </span>
    </p>
   </div>
   <div class='ocr_carea' id='block_1_57' title="bbox 408 3244 1983 3318">
    <p class='ocr_par' dir='ltr' id='par_1_57' title="bbox 408 3244 1983 3318">
     <span class='ocr_line' id='line_1_57' title="bbox 408 3244 1983 3318; baseline 0.003 -18"><span class='ocrx_word' id='word_1_468' title='bbox 408 3246 553 3301; x_wconf 84' lang='lat' dir='ltr'><strong>ctior</strong></span> <span class='ocrx_word' id='word_1_469' title='bbox 603 3244 826 3299; x_wconf 78' lang='lat' dir='ltr'><strong>futurus</strong></span> <span class='ocrx_word' id='word_1_470' title='bbox 864 3251 952 3299; x_wconf 89' lang='lat' dir='ltr'><strong>est</strong></span> <span class='ocrx_word' id='word_1_471' title='bbox 1003 3253 1259 3311; x_wconf 85' lang='lat' dir='ltr'><strong>ornatus,</strong></span> <span class='ocrx_word' id='word_1_472' title='bbox 1321 3248 1482 3318; x_wconf 85' lang='lat' dir='ltr'><strong>cujus</strong></span> <span class='ocrx_word' id='word_1_473' title='bbox 1532 3248 1625 3303; x_wconf 92' lang='lat' dir='ltr'><strong>ille</strong></span> <span class='ocrx_word' id='word_1_474' title='bbox 1671 3263 1983 3318; x_wconf 80' lang='lat' dir='ltr'><strong>praecurser</strong></span> 
     </span>
    </p>
   </div>
   <div class='ocr_carea' id='block_1_58' title="bbox 409 3335 1984 3406">
    <p class='ocr_par' dir='ltr' id='par_1_58' title="bbox 409 3335 1984 3406">
     <span class='ocr_line' id='line_1_58' title="bbox 409 3335 1984 3406; baseline 0.002 -15"><span class='ocrx_word' id='word_1_475' title='bbox 409 3345 521 3402; x_wconf 82' lang='lat' dir='ltr'><strong>est,</strong></span> <span class='ocrx_word' id='word_1_476' title='bbox 557 3336 651 3406; x_wconf 76' lang='lat' dir='ltr'><strong>qui</strong></span> <span class='ocrx_word' id='word_1_477' title='bbox 684 3351 781 3404; x_wconf 86' lang='lat' dir='ltr'><strong>per</strong></span> <span class='ocrx_word' id='word_1_478' title='bbox 823 3335 1234 3392; x_wconf 87' lang='lat' dir='ltr'><strong>iunovationem</strong></span> <span class='ocrx_word' id='word_1_479' title='bbox 1267 3353 1457 3394; x_wconf 89' lang='lat' dir='ltr'><strong>rerum</strong></span> <span class='ocrx_word' id='word_1_480' title='bbox 1486 3339 1734 3393; x_wconf 89' lang='lat' dir='ltr'><strong>omnium</strong></span> <span class='ocrx_word' id='word_1_481' title='bbox 1763 3340 1984 3394; x_wconf 84' lang='lat' dir='ltr'><strong>coutin-</strong></span> 
     </span>
    </p>
   </div>
   <div class='ocr_carea' id='block_1_59' title="bbox 409 3426 1986 3499">
    <p class='ocr_par' dir='ltr' id='par_1_59' title="bbox 409 3426 1986 3499">
     <span class='ocr_line' id='line_1_59' title="bbox 409 3426 1986 3499; baseline 0.004 -17"><span class='ocrx_word' id='word_1_482' title='bbox 409 3433 524 3497; x_wconf 81' lang='lat' dir='ltr'><strong>gct.</strong></span> <span class='ocrx_word' id='word_1_483' title='bbox 576 3426 791 3482; x_wconf 85' lang='lat' dir='ltr'><strong>Etenim</strong></span> <span class='ocrx_word' id='word_1_484' title='bbox 838 3428 946 3496; x_wconf 78' lang='lat' dir='ltr'><strong>lex,</strong></span> <span class='ocrx_word' id='word_1_485' title='bbox 975 3442 1098 3499; x_wconf 64' lang='lat' dir='ltr'><strong>quae</strong></span> <span class='ocrx_word' id='word_1_486' title='bbox 1130 3429 1284 3498; x_wconf 80' lang='lat' dir='ltr'><strong>prius</strong></span> <span class='ocrx_word' id='word_1_487' title='bbox 1338 3429 1479 3485; x_wconf 78' lang='lat' dir='ltr'><strong>facta</strong></span> <span class='ocrx_word' id='word_1_488' title='bbox 1517 3432 1649 3498; x_wconf 89' lang='lat' dir='ltr'><strong>sint,</strong></span> <span class='ocrx_word' id='word_1_489' title='bbox 1694 3442 1752 3486; x_wconf 90' lang='lat' dir='ltr'><strong>ut</strong></span> <span class='ocrx_word' id='word_1_490' title='bbox 1787 3448 1986 3488; x_wconf 86' lang='lat' dir='ltr'><strong>evene-</strong></span> 
     </span>
    </p>
   </div>
   <div class='ocr_carea' id='block_1_60' title="bbox 408 3519 1986 3593">
    <p class='ocr_par' dir='ltr' id='par_1_60' title="bbox 408 3519 1986 3593">
     <span class='ocr_line' id='line_1_60' title="bbox 408 3519 1986 3593; baseline 0.004 -21"><span class='ocrx_word' id='word_1_491' title='bbox 408 3519 549 3582; x_wconf 85' lang='lat' dir='ltr'><strong>rint,</strong></span> <span class='ocrx_word' id='word_1_492' title='bbox 584 3519 640 3575; x_wconf 82' lang='lat' dir='ltr'><strong>in</strong></span> <span class='ocrx_word' id='word_1_493' title='bbox 671 3519 995 3575; x_wconf 88' lang='lat' dir='ltr'><strong>memoriam</strong></span> <span class='ocrx_word' id='word_1_494' title='bbox 1023 3530 1271 3586; x_wconf 78' lang='lat' dir='ltr'><strong>revocat,</strong></span> <span class='ocrx_word' id='word_1_495' title='bbox 1306 3532 1358 3578; x_wconf 90' lang='lat' dir='ltr'><strong>et</strong></span> <span class='ocrx_word' id='word_1_496' title='bbox 1387 3539 1510 3593; x_wconf 66' lang='lat' dir='ltr'><strong>qua:</strong></span> <span class='ocrx_word' id='word_1_497' title='bbox 1543 3525 1727 3578; x_wconf 84' lang='lat' dir='ltr'><strong>futura</strong></span> <span class='ocrx_word' id='word_1_498' title='bbox 1758 3526 1869 3579; x_wconf 85' lang='lat' dir='ltr'><strong>sint</strong></span> <span class='ocrx_word' id='word_1_499' title='bbox 1892 3525 1986 3579; x_wconf 84' lang='lat' dir='ltr'><strong>de-</strong></span> 
     </span>
    </p>
   </div>
   <div class='ocr_carea' id='block_1_61' title="bbox 410 3610 1984 3689">
    <p class='ocr_par' dir='ltr' id='par_1_61' title="bbox 410 3610 1984 3689">
     <span class='ocr_line' id='line_1_61' title="bbox 410 3610 1984 3689; baseline 0.004 -24"><span class='ocrx_word' id='word_1_500' title='bbox 410 3618 601 3667; x_wconf 83' lang='lat' dir='ltr'><strong>center</strong></span> <span class='ocrx_word' id='word_1_501' title='bbox 627 3610 950 3667; x_wconf 81' lang='lat' dir='ltr'><strong>adumbrat.</strong></span> <span class='ocrx_word' id='word_1_502' title='bbox 982 3612 1075 3668; x_wconf 83' lang='lat' dir='ltr'><strong>Sic</strong></span> <span class='ocrx_word' id='word_1_503' title='bbox 1108 3622 1165 3668; x_wconf 89' lang='lat' dir='ltr'><strong>et</strong></span> <span class='ocrx_word' id='word_1_504' title='bbox 1198 3613 1499 3671; x_wconf 87' lang='lat' dir='ltr'><strong>Sabbatum</strong></span> <span class='ocrx_word' id='word_1_505' title='bbox 1532 3616 1841 3689; x_wconf 83' lang='lat' dir='ltr'><strong>symbolum</strong></span> <span class='ocrx_word' id='word_1_506' title='bbox 1878 3624 1984 3684; x_wconf 84' lang='lat' dir='ltr'><strong>est,</strong></span> 
     </span>
    </p>
   </div>
   <div class='ocr_carea' id='block_1_62' title="bbox 413 3702 1989 3775">
    <p class='ocr_par' dir='ltr' id='par_1_62' title="bbox 413 3702 1989 3775">
     <span class='ocr_line' id='line_1_62' title="bbox 413 3702 1989 3775; baseline 0.004 -18"><span class='ocrx_word' id='word_1_507' title='bbox 413 3702 758 3773; x_wconf 83' lang='lat' dir='ltr'><strong>requievisse</strong></span> <span class='ocrx_word' id='word_1_508' title='bbox 805 3704 875 3759; x_wconf 86' lang='lat' dir='ltr'><strong>ab</strong></span> <span class='ocrx_word' id='word_1_509' title='bbox 920 3704 1139 3775; x_wconf 83' lang='lat' dir='ltr'><strong>opiﬁcio</strong></span> <span class='ocrx_word' id='word_1_510' title='bbox 1188 3707 1375 3762; x_wconf 88' lang='lat' dir='ltr'><strong>mundi</strong></span> <span class='ocrx_word' id='word_1_511' title='bbox 1431 3706 1638 3764; x_wconf 87' lang='lat' dir='ltr'><strong>Deum:</strong></span> <span class='ocrx_word' id='word_1_512' title='bbox 1675 3717 1730 3763; x_wconf 89' lang='lat' dir='ltr'><strong>et</strong></span> <span class='ocrx_word' id='word_1_513' title='bbox 1760 3724 1868 3764; x_wconf 86' lang='lat' dir='ltr'><strong>una</strong></span> <span class='ocrx_word' id='word_1_514' title='bbox 1900 3725 1989 3764; x_wconf 86' lang='lat' dir='ltr'><strong>re-</strong></span> 
     </span>
    </p>
   </div>
   <div class='ocr_carea' id='block_1_63' title="bbox 410 3796 1988 3872">
    <p class='ocr_par' dir='ltr' id='par_1_63' title="bbox 410 3796 1988 3872">
     <span class='ocr_line' id='line_1_63' title="bbox 410 3796 1988 3872; baseline 0.004 -23"><span class='ocrx_word' id='word_1_515' title='bbox 410 3802 707 3865; x_wconf 64' lang='lat' dir='ltr'><strong>praesentat</strong></span> <span class='ocrx_word' id='word_1_516' title='bbox 765 3796 1188 3864; x_wconf 87' lang='lat' dir='ltr'><strong>sabbatismum,</strong></span> <span class='ocrx_word' id='word_1_517' title='bbox 1262 3799 1353 3870; x_wconf 90' lang='lat' dir='ltr'><strong>qui</strong></span> <span class='ocrx_word' id='word_1_518' title='bbox 1404 3800 1736 3870; x_wconf 84' lang='lat' dir='ltr'><strong>relinquitur</strong></span> <span class='ocrx_word' id='word_1_519' title='bbox 1780 3801 1988 3872; x_wconf 89' lang='lat' dir='ltr'><strong>populo</strong></span> 
     </span>
    </p>
   </div>
   <div class='ocr_carea' id='block_1_64' title="bbox 410 3885 1991 3963">
    <p class='ocr_par' dir='ltr' id='par_1_64' title="bbox 410 3885 1991 3963">
     <span class='ocr_line' id='line_1_64' title="bbox 410 3885 1991 3963; baseline 0.004 -23"><span class='ocrx_word' id='word_1_520' title='bbox 410 3885 507 3943; x_wconf 86' lang='lat' dir='ltr'><strong>Dei</strong></span> <span class='ocrx_word' id='word_1_521' title='bbox 537 3888 606 3943; x_wconf 89' lang='lat' dir='ltr'><strong>ad</strong></span> <span class='ocrx_word' id='word_1_522' title='bbox 637 3887 999 3944; x_wconf 84' lang='lat' dir='ltr'><strong>imitationem</strong></span> <span class='ocrx_word' id='word_1_523' title='bbox 1032 3889 1240 3945; x_wconf 64' lang='lat' dir='ltr'><strong>divina:</strong></span> <span class='ocrx_word' id='word_1_524' title='bbox 1258 3890 1492 3961; x_wconf 87' lang='lat' dir='ltr'><strong>requiei.</strong></span> <span class='ocrx_word' id='word_1_525' title='bbox 1527 3890 1619 3946; x_wconf 89' lang='lat' dir='ltr'><strong>Sic</strong></span> <span class='ocrx_word' id='word_1_526' title='bbox 1647 3891 1991 3963; x_wconf 84' lang='lat' dir='ltr'><strong>Scenepegia</strong></span> 
     </span>
    </p>
   </div>
   <div class='ocr_carea' id='block_1_65' title="bbox 412 3978 1988 4051">
    <p class='ocr_par' dir='ltr' id='par_1_65' title="bbox 412 3978 1988 4051">
     <span class='ocr_line' id='line_1_65' title="bbox 412 3978 1988 4051; baseline 0.003 -21"><span class='ocrx_word' id='word_1_527' title='bbox 412 3986 830 4033; x_wconf 80' lang='lat' dir='ltr'><strong>monumentum</strong></span> <span class='ocrx_word' id='word_1_528' title='bbox 859 3985 943 4032; x_wconf 86' lang='lat' dir='ltr'><strong>est</strong></span> <span class='ocrx_word' id='word_1_529' title='bbox 977 3980 1099 4034; x_wconf 83' lang='lat' dir='ltr'><strong>vitae</strong></span> <span class='ocrx_word' id='word_1_530' title='bbox 1114 3978 1456 4047; x_wconf 64' lang='lat' dir='ltr'><strong>Iudaeorum,</strong></span> <span class='ocrx_word' id='word_1_531' title='bbox 1485 3996 1650 4051; x_wconf 84' lang='lat' dir='ltr'><strong>quam</strong></span> <span class='ocrx_word' id='word_1_532' title='bbox 1678 3981 1733 4035; x_wconf 87' lang='lat' dir='ltr'><strong>in</strong></span> <span class='ocrx_word' id='word_1_533' title='bbox 1770 3982 1988 4036; x_wconf 83' lang='lat' dir='ltr'><strong>deserto</strong></span> 
     </span>
    </p>
   </div>
   <div class='ocr_carea' id='block_1_66' title="bbox 415 4065 1989 4135">
    <p class='ocr_par' dir='ltr' id='par_1_66' title="bbox 415 4065 1989 4135">
     <span class='ocr_line' id='line_1_66' title="bbox 415 4065 1989 4135; baseline 0.003 -16"><span class='ocrx_word' id='word_1_534' title='bbox 415 4065 470 4119; x_wconf 91' lang='lat' dir='ltr'><strong>in</strong></span> <span class='ocrx_word' id='word_1_535' title='bbox 506 4066 884 4121; x_wconf 78' lang='lat' dir='ltr'><strong>tabernaculis</strong></span> <span class='ocrx_word' id='word_1_536' title='bbox 914 4081 1115 4135; x_wconf 84' lang='lat' dir='ltr'><strong>egere:</strong></span> <span class='ocrx_word' id='word_1_537' title='bbox 1155 4069 1323 4123; x_wconf 86' lang='lat' dir='ltr'><strong>simul</strong></span> <span class='ocrx_word' id='word_1_538' title='bbox 1362 4068 1591 4123; x_wconf 88' lang='lat' dir='ltr'><strong>denotat</strong></span> <span class='ocrx_word' id='word_1_539' title='bbox 1622 4069 1989 4123; x_wconf 84' lang='lat' dir='ltr'><strong>tabernacula</strong></span> 
     </span>
    </p>
   </div>
   <div class='ocr_carea' id='block_1_67' title="bbox 415 4155 1986 4225">
    <p class='ocr_par' dir='ltr' id='par_1_67' title="bbox 415 4155 1986 4225">
     <span class='ocr_line' id='line_1_67' title="bbox 415 4155 1986 4225; baseline 0.002 -15"><span class='ocrx_word' id='word_1_540' title='bbox 415 4164 633 4219; x_wconf 86' lang='lat' dir='ltr'><strong>sancta,</strong></span> <span class='ocrx_word' id='word_1_541' title='bbox 693 4155 751 4210; x_wconf 89' lang='lat' dir='ltr'><strong>in</strong></span> <span class='ocrx_word' id='word_1_542' title='bbox 809 4156 1014 4225; x_wconf 84' lang='lat' dir='ltr'><strong>quibus</strong></span> <span class='ocrx_word' id='word_1_543' title='bbox 1066 4159 1341 4213; x_wconf 82' lang='lat' dir='ltr'><strong>moraturi</strong></span> <span class='ocrx_word' id='word_1_544' title='bbox 1397 4167 1529 4214; x_wconf 87' lang='lat' dir='ltr'><strong>sunt</strong></span> <span class='ocrx_word' id='word_1_545' title='bbox 1594 4160 1795 4214; x_wconf 81' lang='lat' dir='ltr'><strong>sancti.</strong></span> <span class='ocrx_word' id='word_1_546' title='bbox 1860 4159 1986 4213; x_wconf 85' lang='lat' dir='ltr'><strong>Pari</strong></span> 
     </span>
    </p>
   </div>
   <div class='ocr_carea' id='block_1_68' title="bbox 414 4247 1987 4310">
    <p class='ocr_par' dir='ltr' id='par_1_68' title="bbox 414 4247 1987 4310">
     <span class='ocr_line' id='line_1_68' title="bbox 414 4247 1987 4310; baseline 0.001 -7"><span class='ocrx_word' id='word_1_547' title='bbox 414 4247 603 4310; x_wconf 88' lang='lat' dir='ltr'><strong>modo,</strong></span> <span class='ocrx_word' id='word_1_548' title='bbox 641 4263 767 4302; x_wconf 83' lang='lat' dir='ltr'><strong>cum</strong></span> <span class='ocrx_word' id='word_1_549' title='bbox 798 4250 868 4305; x_wconf 88' lang='lat' dir='ltr'><strong>ab</strong></span> <span class='ocrx_word' id='word_1_550' title='bbox 902 4250 1167 4307; x_wconf 86' lang='lat' dir='ltr'><strong>noctibus</strong></span> <span class='ocrx_word' id='word_1_551' title='bbox 1218 4251 1437 4306; x_wconf 86' lang='lat' dir='ltr'><strong>initium</strong></span> <span class='ocrx_word' id='word_1_552' title='bbox 1482 4260 1709 4306; x_wconf 89' lang='lat' dir='ltr'><strong>sumunt</strong></span> <span class='ocrx_word' id='word_1_553' title='bbox 1755 4251 1987 4307; x_wconf 83' lang='lat' dir='ltr'><strong>celebri-</strong></span> 
     </span>
    </p>
   </div>
   <div class='ocr_carea' id='block_1_69' title="bbox 2084 3242 3657 3315">
    <p class='ocr_par' dir='ltr' id='par_1_69' title="bbox 2084 3242 3657 3315">
     <span class='ocr_line' id='line_1_69' title="bbox 2084 3242 3657 3315; baseline -0.004 -17"><span class='ocrx_word' id='word_1_554' title='bbox 2084 3243 2319 3315; x_wconf 79' lang='grc' dir='ltr'>νοπηγία</span> <span class='ocrx_word' id='word_1_555' title='bbox 2347 3244 2690 3315; x_wconf 85' lang='grc' dir='ltr'>μνημόσυνον</span> <span class='ocrx_word' id='word_1_556' title='bbox 2723 3242 2822 3310; x_wconf 79' lang='grc' dir='ltr'>μὲν</span> <span class='ocrx_word' id='word_1_557' title='bbox 2865 3242 2974 3297; x_wconf 86' lang='grc' dir='ltr'><strong>τῶν</strong></span> <span class='ocrx_word' id='word_1_558' title='bbox 3006 3243 3099 3296; x_wconf 73' lang='grc' dir='ltr'><strong>ἐπὶ</strong></span> <span class='ocrx_word' id='word_1_559' title='bbox 3130 3243 3229 3313; x_wconf 85' lang='grc' dir='ltr'><strong>τῆς</strong></span> <span class='ocrx_word' id='word_1_560' title='bbox 3275 3242 3482 3313; x_wconf 76' lang='grc' dir='ltr'>ἐρήμου</span> <span class='ocrx_word' id='word_1_561' title='bbox 3515 3255 3657 3309; x_wconf 83' lang='grc' dir='ltr'>σκη-</span> 
     </span>
    </p>
   </div>
   <div class='ocr_carea' id='block_1_70' title="bbox 2085 3330 3663 3406">
    <p class='ocr_par' dir='ltr' id='par_1_70' title="bbox 2085 3330 3663 3406">
     <span class='ocr_line' id='line_1_70' title="bbox 2085 3330 3663 3406; baseline -0.003 -17"><span class='ocrx_word' id='word_1_562' title='bbox 2085 3335 2193 3389; x_wconf 82' lang='grc' dir='ltr'><strong>νῶν</strong></span> <span class='ocrx_word' id='word_1_563' title='bbox 2229 3334 2323 3388; x_wconf 76' lang='grc' dir='ltr'><strong>τοῦ</strong></span> <span class='ocrx_word' id='word_1_564' title='bbox 2354 3334 2596 3406; x_wconf 80' lang='grc' dir='ltr'>Ἰσραὴλ,</span> <span class='ocrx_word' id='word_1_565' title='bbox 2628 3333 2822 3404; x_wconf 85' lang='grc' dir='ltr'>δεῖγμα</span> <span class='ocrx_word' id='word_1_566' title='bbox 2850 3333 2907 3388; x_wconf 72' lang='grc' dir='ltr'><strong>δὲ</strong></span> <span class='ocrx_word' id='word_1_567' title='bbox 2943 3333 3052 3386; x_wconf 83' lang='grc' dir='ltr'><strong>τῶν</strong></span> <span class='ocrx_word' id='word_1_568' title='bbox 3087 3332 3319 3387; x_wconf 81' lang='grc' dir='ltr'>αίωνὶων</span> <span class='ocrx_word' id='word_1_569' title='bbox 3357 3330 3568 3401; x_wconf 84' lang='grc' dir='ltr'>σκηνῶν</span> <span class='ocrx_word' id='word_1_570' title='bbox 3598 3332 3663 3384; x_wconf 76' lang='grc' dir='ltr'>ὲν</span> 
     </span>
    </p>
   </div>
   <div class='ocr_carea' id='block_1_71' title="bbox 2085 3416 3669 3493">
    <p class='ocr_par' dir='ltr' id='par_1_71' title="bbox 2085 3416 3669 3493">
     <span class='ocr_line' id='line_1_71' title="bbox 2085 3416 3669 3493; baseline -0.003 -17"><span class='ocrx_word' id='word_1_571' title='bbox 2085 3419 2174 3487; x_wconf 75' lang='grc' dir='ltr'><strong>αἷς</strong></span> <span class='ocrx_word' id='word_1_572' title='bbox 2212 3422 2500 3493; x_wconf 77' lang='grc' dir='ltr'>σκηνοῦσιν</span> <span class='ocrx_word' id='word_1_573' title='bbox 2533 3422 2585 3474; x_wconf 80' lang='grc' dir='ltr'>οἱ</span> <span class='ocrx_word' id='word_1_574' title='bbox 2620 3420 2787 3489; x_wconf 81' lang='grc' dir='ltr'>ἆγιοι.</span> <span class='ocrx_word' id='word_1_575' title='bbox 2836 3419 2991 3474; x_wconf 77' lang='grc' dir='ltr'>Οὕτω</span> <span class='ocrx_word' id='word_1_576' title='bbox 3029 3420 3088 3473; x_wconf 80' lang='grc' dir='ltr'><strong>δὲ</strong></span> <span class='ocrx_word' id='word_1_577' title='bbox 3117 3419 3214 3473; x_wconf 73' lang='grc' dir='ltr'><strong>καὶ</strong></span> <span class='ocrx_word' id='word_1_578' title='bbox 3242 3419 3304 3472; x_wconf 82' lang='grc' dir='ltr'>τὸ</span> <span class='ocrx_word' id='word_1_579' title='bbox 3349 3420 3414 3483; x_wconf 84' lang='grc' dir='ltr'>ὲκ</span> <span class='ocrx_word' id='word_1_580' title='bbox 3442 3416 3669 3472; x_wconf 54' lang='grc' dir='ltr'>νυκτῶν</span> 
     </span>
    </p>
   </div>
   <div class='ocr_carea' id='block_1_72' title="bbox 2085 3508 3662 3587">
    <p class='ocr_par' dir='ltr' id='par_1_72' title="bbox 2085 3508 3662 3587">
     <span class='ocr_line' id='line_1_72' title="bbox 2085 3508 3662 3587; baseline -0.008 -15"><span class='ocrx_word' id='word_1_581' title='bbox 2085 3515 2349 3587; x_wconf 77' lang='grc' dir='ltr'>ἄρχεσθαι</span> <span class='ocrx_word' id='word_1_582' title='bbox 2389 3514 2487 3577; x_wconf 82' lang='grc' dir='ltr'>τὰς</span> <span class='ocrx_word' id='word_1_583' title='bbox 2508 3512 2722 3583; x_wconf 73' lang='grc' dir='ltr'>ἑορτὰς,</span> <span class='ocrx_word' id='word_1_584' title='bbox 2751 3511 3159 3582; x_wconf 84' lang='grc' dir='ltr'>ὑπομιμνήσκει</span> <span class='ocrx_word' id='word_1_585' title='bbox 3188 3509 3286 3579; x_wconf 74' lang='grc' dir='ltr'>μὲν</span> <span class='ocrx_word' id='word_1_586' title='bbox 3318 3508 3415 3581; x_wconf 83' lang='grc' dir='ltr'>τὴν</span> <span class='ocrx_word' id='word_1_587' title='bbox 3455 3509 3521 3563; x_wconf 78' lang='grc' dir='ltr'>ὲκ</span> <span class='ocrx_word' id='word_1_588' title='bbox 3549 3525 3662 3578; x_wconf 83' lang='grc' dir='ltr'>μα-</span> 
     </span>
    </p>
   </div>
   <div class='ocr_carea' id='block_1_73' title="bbox 2087 3600 3657 3681">
    <p class='ocr_par' dir='ltr' id='par_1_73' title="bbox 2087 3600 3657 3681">
     <span class='ocr_line' id='line_1_73' title="bbox 2087 3600 3657 3681; baseline -0.006 -19"><span class='ocrx_word' id='word_1_589' title='bbox 2087 3611 2224 3681; x_wconf 81' lang='grc' dir='ltr'>κρᾶς</span> <span class='ocrx_word' id='word_1_590' title='bbox 2245 3608 2342 3679; x_wconf 83' lang='grc' dir='ltr'>τῆς</span> <span class='ocrx_word' id='word_1_591' title='bbox 2364 3607 2525 3659; x_wconf 72' lang='grc' dir='ltr'>οίονεὶ</span> <span class='ocrx_word' id='word_1_592' title='bbox 2546 3604 2735 3668; x_wconf 83' lang='grc' dir='ltr'>νυκτὸς</span> <span class='ocrx_word' id='word_1_593' title='bbox 2772 3601 3106 3674; x_wconf 84' lang='grc' dir='ltr'>προκοσμίου</span> <span class='ocrx_word' id='word_1_594' title='bbox 3135 3602 3396 3670; x_wconf 80' lang='grc' dir='ltr'>φανεῖσαν</span> <span class='ocrx_word' id='word_1_595' title='bbox 3415 3600 3657 3670; x_wconf 78' lang='grc' dir='ltr'>ἡμέραν,</span> 
     </span>
    </p>
   </div>
   <div class='ocr_carea' id='block_1_74' title="bbox 2090 3690 3663 3773">
    <p class='ocr_par' dir='ltr' id='par_1_74' title="bbox 2090 3690 3663 3773">
     <span class='ocr_line' id='line_1_74' title="bbox 2090 3690 3663 3773; baseline -0.008 -19"><span class='ocrx_word' id='word_1_596' title='bbox 2090 3699 2422 3773; x_wconf 77' lang='grc' dir='ltr'>προφητεύει</span> <span class='ocrx_word' id='word_1_597' title='bbox 2446 3697 2503 3751; x_wconf 70' lang='grc' dir='ltr'><strong>δὲ</strong></span> <span class='ocrx_word' id='word_1_598' title='bbox 2535 3698 2641 3767; x_wconf 84' lang='grc' dir='ltr'><strong>τὴν</strong></span> <span class='ocrx_word' id='word_1_599' title='bbox 2666 3696 2724 3750; x_wconf 85' lang='grc' dir='ltr'>ὲν</span> <span class='ocrx_word' id='word_1_600' title='bbox 2760 3695 2903 3748; x_wconf 85' lang='grc' dir='ltr'>τέλει</span> <span class='ocrx_word' id='word_1_601' title='bbox 2927 3693 3247 3764; x_wconf 75' lang='grc' dir='ltr'>λάμψουσαν</span> <span class='ocrx_word' id='word_1_602' title='bbox 3283 3693 3499 3764; x_wconf 83' lang='grc' dir='ltr'>ἡμέραν</span> <span class='ocrx_word' id='word_1_603' title='bbox 3525 3690 3663 3760; x_wconf 80' lang='grc' dir='ltr'>ἀλη-</span> 
     </span>
    </p>
   </div>
   <div class='ocr_carea' id='block_1_75' title="bbox 2089 3780 3669 3863">
    <p class='ocr_par' dir='ltr' id='par_1_75' title="bbox 2089 3780 3669 3863">
     <span class='ocr_line' id='line_1_75' title="bbox 2089 3780 3669 3863; baseline -0.006 -18"><span class='ocrx_word' id='word_1_604' title='bbox 2089 3791 2259 3863; x_wconf 83' lang='grc' dir='ltr'>θινὴν,</span> <span class='ocrx_word' id='word_1_605' title='bbox 2296 3791 2430 3861; x_wconf 83' lang='grc' dir='ltr'>πρὸς</span> <span class='ocrx_word' id='word_1_606' title='bbox 2461 3791 2526 3860; x_wconf 78' lang='grc' dir='ltr'>ἢν</span> <span class='ocrx_word' id='word_1_607' title='bbox 2544 3788 2657 3842; x_wconf 74' lang='grc' dir='ltr'>’καὶ</span> <span class='ocrx_word' id='word_1_608' title='bbox 2685 3786 2781 3841; x_wconf 85' lang='grc' dir='ltr'><strong>νῦν</strong></span> <span class='ocrx_word' id='word_1_609' title='bbox 2805 3789 2838 3857; x_wconf 88' lang='grc' dir='ltr'><strong>ἡ</strong></span> <span class='ocrx_word' id='word_1_610' title='bbox 2865 3786 3048 3856; x_wconf 81' lang='grc' dir='ltr'>ἡμέρα</span> <span class='ocrx_word' id='word_1_611' title='bbox 3073 3783 3171 3850; x_wconf 79' lang='grc' dir='ltr'><strong>νύξ</strong></span> <span class='ocrx_word' id='word_1_612' title='bbox 3195 3787 3379 3839; x_wconf 71' lang='grc' dir='ltr'>ἐστιν’</span> <span class='ocrx_word' id='word_1_613' title='bbox 3406 3803 3426 3836; x_wconf 79' lang='grc' dir='ltr'><strong>ι</strong></span> <span class='ocrx_word' id='word_1_614' title='bbox 3471 3782 3533 3836; x_wconf 83' lang='grc' dir='ltr'><strong>Ἦ</strong></span> <span class='ocrx_word' id='word_1_615' title='bbox 3561 3780 3669 3846; x_wconf 73' lang='grc' dir='ltr'>νὺξ</span> 
     </span>
    </p>
   </div>
   <div class='ocr_carea' id='block_1_76' title="bbox 2088 3873 3663 3954">
    <p class='ocr_par' dir='ltr' id='par_1_76' title="bbox 2088 3873 3663 3954">
     <span class='ocr_line' id='line_1_76' title="bbox 2088 3873 3663 3954; baseline -0.007 -18"><span class='ocrx_word' id='word_1_616' title='bbox 2088 3884 2222 3954; x_wconf 89' lang='grc' dir='ltr'>γοῦν</span> <span class='ocrx_word' id='word_1_617' title='bbox 2262 3880 2596 3953; x_wconf 79' lang='grc' dir='ltr'>προέκοψεν,</span> <span class='ocrx_word' id='word_1_618' title='bbox 2627 3881 2660 3950; x_wconf 91' lang='grc' dir='ltr'><strong>ἡ</strong></span> <span class='ocrx_word' id='word_1_619' title='bbox 2697 3879 2754 3932; x_wconf 82' lang='grc' dir='ltr'><strong>δὲ</strong></span> <span class='ocrx_word' id='word_1_620' title='bbox 2779 3877 2961 3949; x_wconf 84' lang='grc' dir='ltr'>ἡμέρα</span> <span class='ocrx_word' id='word_1_621' title='bbox 2993 3878 3211 3948; x_wconf 80' lang='grc' dir='ltr'>ἡγγικε,</span> <span class='ocrx_word' id='word_1_622' title='bbox 3257 3894 3276 3927; x_wconf 78' lang='grc' dir='ltr'><strong>ι</strong></span> <span class='ocrx_word' id='word_1_623' title='bbox 3321 3874 3350 3927; x_wconf 84' lang='grc' dir='ltr'><strong>ό</strong></span> <span class='ocrx_word' id='word_1_624' title='bbox 3390 3873 3663 3927; x_wconf 74' lang='grc' dir='ltr'>Ἀπόσιτο-</span> 
     </span>
    </p>
   </div>
   <div class='ocr_carea' id='block_1_77' title="bbox 2087 3968 3661 4046">
    <p class='ocr_par' dir='ltr' id='par_1_77' title="bbox 2087 3968 3661 4046">
     <span class='ocr_line' id='line_1_77' title="bbox 2087 3968 3661 4046; baseline -0.006 -17"><span class='ocrx_word' id='word_1_625' title='bbox 2087 3976 2177 4039; x_wconf 67' lang='lat'><strong>7&amp;6;</strong></span> <span class='ocrx_word' id='word_1_626' title='bbox 2200 3991 2364 4046; x_wconf 85' lang='grc' dir='ltr'>φησιν</span> <span class='ocrx_word' id='word_1_627' title='bbox 2402 3972 2720 4046; x_wconf 77' lang='grc' dir='ltr'>ἑρμηνεύων</span> <span class='ocrx_word' id='word_1_628' title='bbox 2740 3972 2799 4026; x_wconf 84' lang='grc' dir='ltr'>τὸ</span> <span class='ocrx_word' id='word_1_629' title='bbox 2822 3971 2918 4024; x_wconf 85' lang='grc' dir='ltr'><strong>τοῦ</strong></span> <span class='ocrx_word' id='word_1_630' title='bbox 2957 3971 3121 4040; x_wconf 88' lang='grc' dir='ltr'>νόμου</span> <span class='ocrx_word' id='word_1_631' title='bbox 3156 3968 3446 4040; x_wconf 74' lang='grc' dir='ltr'>σύμϐολον.</span> <span class='ocrx_word' id='word_1_632' title='bbox 3474 3968 3661 4040; x_wconf 80' lang='grc' dir='ltr'>Προσ-</span> 
     </span>
    </p>
   </div>
   <div class='ocr_carea' id='block_1_78' title="bbox 2086 4060 3666 4139">
    <p class='ocr_par' dir='ltr' id='par_1_78' title="bbox 2086 4060 3666 4139">
     <span class='ocr_line' id='line_1_78' title="bbox 2086 4060 3666 4139; baseline -0.004 -16"><span class='ocrx_word' id='word_1_633' title='bbox 2086 4069 2268 4139; x_wconf 86' lang='grc' dir='ltr'>τίθησι</span> <span class='ocrx_word' id='word_1_634' title='bbox 2321 4066 2470 4138; x_wconf 76' lang='grc' dir='ltr'>γάρ’</span> <span class='ocrx_word' id='word_1_635' title='bbox 2531 4084 2555 4118; x_wconf 70' lang='grc' dir='ltr'><strong>ε</strong></span> <span class='ocrx_word' id='word_1_636' title='bbox 2608 4062 2965 4136; x_wconf 78' lang='grc' dir='ltr'>Ἀφελώμεθα</span> <span class='ocrx_word' id='word_1_637' title='bbox 2991 4060 3083 4118; x_wconf 78' lang='grc' dir='ltr'><strong>οὖν</strong></span> <span class='ocrx_word' id='word_1_638' title='bbox 3116 4064 3184 4117; x_wconf 83' lang='grc' dir='ltr'><strong>τὰ</strong></span> <span class='ocrx_word' id='word_1_639' title='bbox 3218 4063 3355 4135; x_wconf 76' lang='grc' dir='ltr'>ἔργα</span> <span class='ocrx_word' id='word_1_640' title='bbox 3400 4062 3493 4116; x_wconf 88' lang='grc' dir='ltr'><strong>τοῦ</strong></span> <span class='ocrx_word' id='word_1_641' title='bbox 3533 4062 3666 4117; x_wconf 84' lang='grc' dir='ltr'>σκό-</span> 
     </span>
    </p>
   </div>
   <div class='ocr_carea' id='block_1_79' title="bbox 2086 4154 3664 4226">
    <p class='ocr_par' dir='ltr' id='par_1_79' title="bbox 2086 4154 3664 4226">
     <span class='ocr_line' id='line_1_79' title="bbox 2086 4154 3664 4226; baseline -0.002 -15"><span class='ocrx_word' id='word_1_642' title='bbox 2086 4175 2233 4222; x_wconf 88' lang='grc' dir='ltr'>τους,</span> <span class='ocrx_word' id='word_1_643' title='bbox 2266 4154 2615 4226; x_wconf 81' lang='grc' dir='ltr'>ἐνδυσώμεθα</span> <span class='ocrx_word' id='word_1_644' title='bbox 2641 4156 2698 4210; x_wconf 82' lang='grc' dir='ltr'>δὲ</span> <span class='ocrx_word' id='word_1_645' title='bbox 2737 4156 2805 4209; x_wconf 84' lang='grc' dir='ltr'>τὰ</span> <span class='ocrx_word' id='word_1_646' title='bbox 2848 4156 2984 4226; x_wconf 75' lang='grc' dir='ltr'>ἔργα</span> <span class='ocrx_word' id='word_1_647' title='bbox 3017 4155 3113 4209; x_wconf 86' lang='grc' dir='ltr'><strong>τοῦ</strong></span> <span class='ocrx_word' id='word_1_648' title='bbox 3144 4155 3319 4224; x_wconf 75' lang='grc' dir='ltr'>φωτὸς</span> <span class='ocrx_word' id='word_1_649' title='bbox 3339 4196 3354 4220; x_wconf 92' lang='grc'><strong>,</strong></span> <span class='ocrx_word' id='word_1_650' title='bbox 3412 4174 3430 4207; x_wconf 79' lang='grc' dir='ltr'><strong>ι</strong></span> <span class='ocrx_word' id='word_1_651' title='bbox 3466 4154 3604 4223; x_wconf 85' lang='grc' dir='ltr'>ὅπερ</span> <span class='ocrx_word' id='word_1_652' title='bbox 3631 4156 3664 4208; x_wconf 86' lang='grc' dir='ltr'><strong>ὀ</strong></span> 
     </span>
    </p>
   </div>
   <div class='ocr_carea' id='block_1_80' title="bbox 2087 4241 3667 4317">
    <p class='ocr_par' dir='ltr' id='par_1_80' title="bbox 2087 4241 3667 4317">
     <span class='ocr_line' id='line_1_80' title="bbox 2087 4241 3667 4317; baseline -0.005 -15"><span class='ocrx_word' id='word_1_653' title='bbox 2087 4248 2249 4317; x_wconf 77' lang='grc' dir='ltr'>νόμος</span> <span class='ocrx_word' id='word_1_654' title='bbox 2277 4248 2561 4315; x_wconf 82' lang='grc' dir='ltr'>ὑποφαίνει</span> <span class='ocrx_word' id='word_1_655' title='bbox 2594 4245 2848 4317; x_wconf 86' lang='grc' dir='ltr'>προάγων</span> <span class='ocrx_word' id='word_1_656' title='bbox 2873 4247 2936 4298; x_wconf 82' lang='grc' dir='ltr'>ὲκ</span> <span class='ocrx_word' id='word_1_657' title='bbox 2959 4246 3150 4309; x_wconf 80' lang='grc' dir='ltr'>νυκτὸς</span> <span class='ocrx_word' id='word_1_658' title='bbox 3182 4246 3259 4305; x_wconf 83' lang='grc' dir='ltr'><strong>είς</strong></span> <span class='ocrx_word' id='word_1_659' title='bbox 3283 4243 3495 4314; x_wconf 78' lang='grc' dir='ltr'>ἡμέραν</span> <span class='ocrx_word' id='word_1_660' title='bbox 3532 4241 3667 4306; x_wconf 71' lang='grc' dir='ltr'>τοὺς</span> 
     </span>
    </p>
   </div>
   <div class='ocr_carea' id='block_1_81' title="bbox 412 4333 1983 4415">
    <p class='ocr_par' dir='ltr' id='par_1_81' title="bbox 412 4341 1983 4415">
     <span class='ocr_line' id='line_1_81' title="bbox 412 4341 1983 4415; baseline 0.002 -19"><span class='ocrx_word' id='word_1_661' title='bbox 412 4351 577 4404; x_wconf 87' lang='lat' dir='ltr'><strong>tates,</strong></span> <span class='ocrx_word' id='word_1_662' title='bbox 606 4341 860 4397; x_wconf 79' lang='lat' dir='ltr'><strong>innuitur</strong></span> <span class='ocrx_word' id='word_1_663' title='bbox 897 4344 1059 4414; x_wconf 86' lang='lat' dir='ltr'><strong>quasi</strong></span> <span class='ocrx_word' id='word_1_664' title='bbox 1110 4345 1270 4415; x_wconf 87' lang='lat' dir='ltr'><strong>longa</strong></span> <span class='ocrx_word' id='word_1_665' title='bbox 1312 4344 1656 4414; x_wconf 81' lang='lat' dir='ltr'><strong>praecedente</strong></span> <span class='ocrx_word' id='word_1_666' title='bbox 1694 4352 1855 4399; x_wconf 89' lang='lat' dir='ltr'><strong>nocte</strong></span> <span class='ocrx_word' id='word_1_667' title='bbox 1886 4344 1983 4399; x_wconf 34' lang='lat' dir='ltr'><strong>dea</strong></span> 
     </span>
    </p>
   </div>
   <div class='ocr_carea' id='block_1_82' title="bbox 2084 4333 3667 4415">
    <p class='ocr_par' dir='ltr' id='par_1_82' title="bbox 2089 4333 3667 4410">
     <span class='ocr_line' id='line_1_82' title="bbox 2089 4333 3667 4410; baseline -0.003 -17"><span class='ocrx_word' id='word_1_668' title='bbox 2089 4337 2447 4410; x_wconf 75' lang='grc' dir='ltr'>ἑορτάζοντας</span> <span class='ocrx_word' id='word_1_669' title='bbox 2474 4337 2551 4407; x_wconf 84' lang='grc' dir='ltr'><strong>τῷ</strong></span> <span class='ocrx_word' id='word_1_670' title='bbox 2574 4336 2714 4407; x_wconf 83' lang='grc' dir='ltr'><strong>Θεῷ.</strong></span> <span class='ocrx_word' id='word_1_671' title='bbox 2743 4335 2900 4391; x_wconf 75' lang='grc' dir='ltr'>Οὕτω</span> <span class='ocrx_word' id='word_1_672' title='bbox 2928 4337 3024 4390; x_wconf 85' lang='grc' dir='ltr'>καὶ</span> <span class='ocrx_word' id='word_1_673' title='bbox 3050 4336 3142 4390; x_wconf 86' lang='grc' dir='ltr'><strong>τοῦ</strong></span> <span class='ocrx_word' id='word_1_674' title='bbox 3170 4335 3377 4397; x_wconf 76' lang='grc' dir='ltr'>πάθους</span> <span class='ocrx_word' id='word_1_675' title='bbox 3403 4333 3499 4387; x_wconf 87' lang='grc' dir='ltr'><strong>τοῦ</strong></span> <span class='ocrx_word' id='word_1_676' title='bbox 3544 4335 3667 4388; x_wconf 83' lang='grc' dir='ltr'><strong>Κυ-</strong></span> 
     </span>
    </p>
   </div>
   <div class='ocr_carea' id='block_1_83' title="bbox 413 4427 1983 4503">
    <p class='ocr_par' dir='ltr' id='par_1_83' title="bbox 413 4431 1983 4503">
     <span class='ocr_line' id='line_1_83' title="bbox 413 4431 1983 4503; baseline 0.002 -17"><span class='ocrx_word' id='word_1_677' title='bbox 413 4447 564 4486; x_wconf 90' lang='lat' dir='ltr'><strong>mum</strong></span> <span class='ocrx_word' id='word_1_678' title='bbox 607 4431 877 4501; x_wconf 75' lang='lat' dir='ltr'><strong>prodierit</strong></span> <span class='ocrx_word' id='word_1_679' title='bbox 913 4433 1030 4488; x_wconf 91' lang='lat' dir='ltr'><strong>dies</strong></span> <span class='ocrx_word' id='word_1_680' title='bbox 1074 4434 1370 4503; x_wconf 88' lang='lat' dir='ltr'><strong>splendore</strong></span> <span class='ocrx_word' id='word_1_681' title='bbox 1441 4447 1765 4489; x_wconf 87' lang='lat' dir='ltr'><strong>coruscans.</strong></span> <span class='ocrx_word' id='word_1_682' title='bbox 1798 4434 1983 4489; x_wconf 84' lang='lat' dir='ltr'><strong>Tacite</strong></span> 
     </span>
    </p>
   </div>
   <div class='ocr_carea' id='block_1_84' title="bbox 2084 4427 3664 4503">
    <p class='ocr_par' dir='ltr' id='par_1_84' title="bbox 2097 4427 3664 4502">
     <span class='ocr_line' id='line_1_84' title="bbox 2097 4427 3664 4502; baseline -0.004 -18"><span class='ocrx_word' id='word_1_683' title='bbox 2097 4434 2211 4502; x_wconf 88' lang='grc' dir='ltr'>ρίου</span> <span class='ocrx_word' id='word_1_684' title='bbox 2236 4430 2335 4494; x_wconf 83' lang='grc' dir='ltr'>τὰς</span> <span class='ocrx_word' id='word_1_685' title='bbox 2366 4432 2515 4501; x_wconf 83' lang='grc' dir='ltr'>τρεῖς</span> <span class='ocrx_word' id='word_1_686' title='bbox 2540 4428 2883 4500; x_wconf 81' lang='grc' dir='ltr'>ἀριθμοῦμεν</span> <span class='ocrx_word' id='word_1_687' title='bbox 2926 4430 3141 4500; x_wconf 80' lang='grc' dir='ltr'>ἡμέρας</span> <span class='ocrx_word' id='word_1_688' title='bbox 3180 4428 3272 4483; x_wconf 75' lang='grc' dir='ltr'><strong>καὶ</strong></span> <span class='ocrx_word' id='word_1_689' title='bbox 3304 4427 3403 4491; x_wconf 78' lang='grc' dir='ltr'>τὰς</span> <span class='ocrx_word' id='word_1_690' title='bbox 3432 4427 3664 4491; x_wconf 84' lang='grc' dir='ltr'>νύκτας,</span> 
     </span>
    </p>
   </div>
   <div class='ocr_carea' id='block_1_85' title="bbox 416 4510 1983 4596">
    <p class='ocr_par' dir='ltr' id='par_1_85' title="bbox 416 4521 1983 4596">
     <span class='ocr_line' id='line_1_85' title="bbox 416 4521 1983 4596; baseline 0.004 -23"><span class='ocrx_word' id='word_1_691' title='bbox 416 4537 542 4578; x_wconf 80' lang='lat' dir='ltr'><strong>vero</strong></span> <span class='ocrx_word' id='word_1_692' title='bbox 564 4521 840 4594; x_wconf 69' lang='lat' dir='ltr'><strong>significat</strong></span> <span class='ocrx_word' id='word_1_693' title='bbox 861 4522 1029 4590; x_wconf 86' lang='lat' dir='ltr'><strong>diem,</strong></span> <span class='ocrx_word' id='word_1_694' title='bbox 1060 4539 1182 4594; x_wconf 63' lang='lat' dir='ltr'><strong>quae</strong></span> <span class='ocrx_word' id='word_1_695' title='bbox 1209 4524 1264 4580; x_wconf 91' lang='lat' dir='ltr'><strong>in</strong></span> <span class='ocrx_word' id='word_1_696' title='bbox 1304 4524 1408 4581; x_wconf 76' lang='lat' dir='ltr'><strong>[ine</strong></span> <span class='ocrx_word' id='word_1_697' title='bbox 1436 4525 1768 4596; x_wconf 89' lang='lat' dir='ltr'><strong>splendebit,</strong></span> <span class='ocrx_word' id='word_1_698' title='bbox 1804 4540 1983 4579; x_wconf 84' lang='lat' dir='ltr'><strong>veram</strong></span> 
     </span>
    </p>
   </div>
   <div class='ocr_carea' id='block_1_86' title="bbox 2084 4510 3669 4596">
    <p class='ocr_par' dir='ltr' id='par_1_86' title="bbox 2095 4517 3669 4594">
     <span class='ocr_line' id='line_1_86' title="bbox 2095 4517 3669 4594; baseline -0.004 -18"><span class='ocrx_word' id='word_1_699' title='bbox 2095 4518 2572 4594; x_wconf 78' lang='grc' dir='ltr'>προσλογιζόμενοι</span> <span class='ocrx_word' id='word_1_700' title='bbox 2600 4518 2699 4588; x_wconf 83' lang='grc' dir='ltr'><strong>μὲν</strong></span> <span class='ocrx_word' id='word_1_701' title='bbox 2731 4521 2796 4590; x_wconf 80' lang='grc' dir='ltr'><strong>τῇ</strong></span> <span class='ocrx_word' id='word_1_702' title='bbox 2833 4519 2932 4589; x_wconf 87' lang='grc' dir='ltr'>τῆς</span> <span class='ocrx_word' id='word_1_703' title='bbox 2958 4517 3321 4590; x_wconf 77' lang='grc' dir='ltr'>Παρασκευῆς</span> <span class='ocrx_word' id='word_1_704' title='bbox 3348 4517 3504 4571; x_wconf 76' lang='grc' dir='ltr'>νυκτὶ</span> <span class='ocrx_word' id='word_1_705' title='bbox 3524 4517 3669 4570; x_wconf 82' lang='grc' dir='ltr'>καθ-</span> 
     </span>
    </p>
   </div>
   <div class='ocr_carea' id='block_1_87' title="bbox 416 4611 1983 4688">
    <p class='ocr_par' dir='ltr' id='par_1_87' title="bbox 416 4616 1983 4688">
     <span class='ocr_line' id='line_1_87' title="bbox 416 4616 1983 4688; baseline 0.001 -19"><span class='ocrx_word' id='word_1_706' title='bbox 416 4629 538 4669; x_wconf 89' lang='lat' dir='ltr'><strong>esse</strong></span> <span class='ocrx_word' id='word_1_707' title='bbox 565 4622 620 4669; x_wconf 91' lang='lat' dir='ltr'><strong>et</strong></span> <span class='ocrx_word' id='word_1_708' title='bbox 649 4616 974 4685; x_wconf 81' lang='lat' dir='ltr'><strong>perfectam,</strong></span> <span class='ocrx_word' id='word_1_709' title='bbox 1007 4616 1072 4672; x_wconf 92' lang='lat' dir='ltr'><strong>ad</strong></span> <span class='ocrx_word' id='word_1_710' title='bbox 1107 4632 1271 4688; x_wconf 89' lang='lat' dir='ltr'><strong>quam</strong></span> <span class='ocrx_word' id='word_1_711' title='bbox 1304 4618 1351 4673; x_wconf 91' lang='lat' dir='ltr'><strong>si</strong></span> <span class='ocrx_word' id='word_1_712' title='bbox 1388 4618 1503 4672; x_wconf 79' lang='lat' dir='ltr'><strong>lucc</strong></span> <span class='ocrx_word' id='word_1_713' title='bbox 1527 4617 1670 4684; x_wconf 87' lang='lat' dir='ltr'><strong>dies,</strong></span> <span class='ocrx_word' id='word_1_714' title='bbox 1701 4633 1808 4687; x_wconf 85' lang='lat' dir='ltr'><strong>qua</strong></span> <span class='ocrx_word' id='word_1_715' title='bbox 1848 4616 1983 4671; x_wconf 85' lang='lat' dir='ltr'><strong>lrni-</strong></span> 
     </span>
    </p>
   </div>
   <div class='ocr_carea' id='block_1_88' title="bbox 2084 4611 3670 4688">
    <p class='ocr_par' dir='ltr' id='par_1_88' title="bbox 2089 4611 3670 4686">
     <span class='ocr_line' id='line_1_88' title="bbox 2089 4611 3670 4686; baseline -0.003 -18"><span class='ocrx_word' id='word_1_716' title='bbox 2089 4614 2414 4686; x_wconf 85' lang='grc' dir='ltr'>ηγησαμένῃ</span> <span class='ocrx_word' id='word_1_717' title='bbox 2446 4614 2549 4685; x_wconf 84' lang='grc' dir='ltr'><strong>τὴν</strong></span> <span class='ocrx_word' id='word_1_718' title='bbox 2608 4614 2821 4685; x_wconf 78' lang='grc' dir='ltr'>ἡμέραν</span> <span class='ocrx_word' id='word_1_719' title='bbox 2860 4616 3157 4685; x_wconf 71' lang='grc' dir='ltr'>ἐσχηκυῖαν</span> <span class='ocrx_word' id='word_1_720' title='bbox 3203 4614 3265 4666; x_wconf 80' lang='grc' dir='ltr'><strong>τὸ</strong></span> <span class='ocrx_word' id='word_1_721' title='bbox 3310 4611 3501 4675; x_wconf 84' lang='grc' dir='ltr'>πάθος,</span> <span class='ocrx_word' id='word_1_722' title='bbox 3536 4628 3670 4664; x_wconf 80' lang='grc' dir='ltr'>συν-</span> 
     </span>
    </p>
   </div>
   <div class='ocr_carea' id='block_1_89' title="bbox 417 4704 1990 4778">
    <p class='ocr_par' dir='ltr' id='par_1_89' title="bbox 417 4704 1990 4778">
     <span class='ocr_line' id='line_1_89' title="bbox 417 4704 1990 4778; baseline 0 -18"><span class='ocrx_word' id='word_1_723' title='bbox 417 4720 562 4767; x_wconf 87' lang='lat' dir='ltr'><strong>mur.</strong></span> <span class='ocrx_word' id='word_1_724' title='bbox 624 4704 965 4771; x_wconf 73' lang='lat' dir='ltr'><strong>conferatur,</strong></span> <span class='ocrx_word' id='word_1_725' title='bbox 1024 4722 1175 4762; x_wconf 88' lang='lat' dir='ltr'><strong>mera</strong></span> <span class='ocrx_word' id='word_1_726' title='bbox 1232 4708 1503 4764; x_wconf 71' lang='lat' dir='ltr'><strong>sentietur</strong></span> <span class='ocrx_word' id='word_1_727' title='bbox 1539 4721 1645 4762; x_wconf 74' lang='lat' dir='ltr'><strong>nox</strong></span> <span class='ocrx_word' id='word_1_728' title='bbox 1704 4713 1759 4763; x_wconf 81' lang='lat' dir='ltr'><strong>et</strong></span> <span class='ocrx_word' id='word_1_729' title='bbox 1787 4708 1990 4778; x_wconf 82' lang='lat' dir='ltr'><strong>caligo.</strong></span> 
     </span>
    </p>
   </div>
   <div class='ocr_carea' id='block_1_90' title="bbox 424 4795 1993 4871">
    <p class='ocr_par' dir='ltr' id='par_1_90' title="bbox 424 4795 1993 4871">
     <span class='ocr_line' id='line_1_90' title="bbox 424 4795 1993 4871; baseline 0.006 -23"><span class='ocrx_word' id='word_1_730' title='bbox 424 4814 444 4848; x_wconf 79' lang='grc' dir='ltr'><strong>ι</strong></span> <span class='ocrx_word' id='word_1_731' title='bbox 479 4795 599 4852; x_wconf 81' lang='lat' dir='ltr'><strong>Nux</strong></span> <span class='ocrx_word' id='word_1_732' title='bbox 628 4816 648 4851; x_wconf 84' lang='grc'><strong><em>›</em></strong></span> <span class='ocrx_word' id='word_1_733' title='bbox 701 4798 871 4866; x_wconf 85' lang='lat' dir='ltr'><strong>igitur</strong></span> <span class='ocrx_word' id='word_1_734' title='bbox 930 4798 1031 4869; x_wconf 85' lang='lat' dir='ltr'><strong>(ut</strong></span> <span class='ocrx_word' id='word_1_735' title='bbox 1062 4798 1167 4854; x_wconf 87' lang='lat' dir='ltr'><strong>hoc</strong></span> <span class='ocrx_word' id='word_1_736' title='bbox 1206 4800 1518 4871; x_wconf 81' lang='lat' dir='ltr'><strong>symbolum</strong></span> <span class='ocrx_word' id='word_1_737' title='bbox 1591 4801 1993 4870; x_wconf 77' lang='lat' dir='ltr'><strong>interpretatur</strong></span> 
     </span>
    </p>
   </div>
   <div class='ocr_carea' id='block_1_91' title="bbox 419 4889 1990 4963">
    <p class='ocr_par' dir='ltr' id='par_1_91' title="bbox 419 4889 1990 4963">
     <span class='ocr_line' id='line_1_91' title="bbox 419 4889 1990 4963; baseline 0.002 -20"><span class='ocrx_word' id='word_1_738' title='bbox 419 4889 658 4959; x_wconf 89' lang='lat' dir='ltr'><strong>Paulus)</strong></span> <span class='ocrx_word' id='word_1_739' title='bbox 700 4908 719 4942; x_wconf 77' lang='grc' dir='ltr'><strong>ι</strong></span> <span class='ocrx_word' id='word_1_740' title='bbox 772 4906 1063 4962; x_wconf 80' lang='lat' dir='ltr'><strong>progressa</strong></span> <span class='ocrx_word' id='word_1_741' title='bbox 1121 4900 1230 4959; x_wconf 89' lang='lat' dir='ltr'><strong>est,</strong></span> <span class='ocrx_word' id='word_1_742' title='bbox 1284 4892 1405 4949; x_wconf 88' lang='lat' dir='ltr'><strong>dies</strong></span> <span class='ocrx_word' id='word_1_743' title='bbox 1456 4900 1641 4948; x_wconf 89' lang='lat' dir='ltr'><strong>autem</strong></span> <span class='ocrx_word' id='word_1_744' title='bbox 1687 4893 1990 4963; x_wconf 86' lang='lat' dir='ltr'><strong>appropin-</strong></span> 
     </span>
    </p>
   </div>
   <div class='ocr_carea' id='block_1_92' title="bbox 420 4982 1993 5056">
    <p class='ocr_par' dir='ltr' id='par_1_92' title="bbox 420 4982 1993 5056">
     <span class='ocr_line' id='line_1_92' title="bbox 420 4982 1993 5056; baseline 0.003 -20"><span class='ocrx_word' id='word_1_745' title='bbox 420 4994 554 5053; x_wconf 85' lang='lat' dir='ltr'><strong>quat</strong></span> <span class='ocrx_word' id='word_1_746' title='bbox 584 4982 649 5037; x_wconf 78' lang='lat'><strong>&quot;.</strong></span> <span class='ocrx_word' id='word_1_747' title='bbox 692 5002 712 5035; x_wconf 72' lang='grc' dir='ltr'><strong>ι</strong></span> <span class='ocrx_word' id='word_1_748' title='bbox 772 4983 838 5037; x_wconf 79' lang='lat' dir='ltr'><strong>Et</strong></span> <span class='ocrx_word' id='word_1_749' title='bbox 873 5022 889 5047; x_wconf 93' lang='lat'><strong>,</strong></span> <span class='ocrx_word' id='word_1_750' title='bbox 938 4992 1000 5038; x_wconf 87' lang='lat' dir='ltr'><strong>ut</strong></span> <span class='ocrx_word' id='word_1_751' title='bbox 1068 4992 1257 5056; x_wconf 79' lang='lat' dir='ltr'><strong>typum</strong></span> <span class='ocrx_word' id='word_1_752' title='bbox 1307 4984 1618 5040; x_wconf 78' lang='lat' dir='ltr'><strong>evidentius</strong></span> <span class='ocrx_word' id='word_1_753' title='bbox 1666 5000 1698 5039; x_wconf 89' lang='lat' dir='ltr'><strong>e</strong></span> <span class='ocrx_word' id='word_1_754' title='bbox 1745 4985 1993 5041; x_wconf 86' lang='lat' dir='ltr'><strong>tenebris</strong></span> 
     </span>
    </p>
   </div>
   <div class='ocr_carea' id='block_1_93' title="bbox 418 5074 1991 5147">
    <p class='ocr_par' dir='ltr' id='par_1_93' title="bbox 418 5074 1991 5147">
     <span class='ocr_line' id='line_1_93' title="bbox 418 5074 1991 5147; baseline 0.001 -17"><span class='ocrx_word' id='word_1_755' title='bbox 418 5076 656 5140; x_wconf 79' lang='lat' dir='ltr'><strong>evolvat,</strong></span> <span class='ocrx_word' id='word_1_756' title='bbox 688 5074 977 5147; x_wconf 89' lang='lat' dir='ltr'><strong>subjungit</strong></span> <span class='ocrx_word' id='word_1_757' title='bbox 1007 5092 1022 5129; x_wconf 89' lang='lat'><strong>:</strong></span> <span class='ocrx_word' id='word_1_758' title='bbox 1060 5094 1081 5128; x_wconf 78' lang='grc' dir='ltr'><strong>ι</strong></span> <span class='ocrx_word' id='word_1_759' title='bbox 1123 5076 1462 5145; x_wconf 82' lang='lat' dir='ltr'><strong>Abjieiamus</strong></span> <span class='ocrx_word' id='word_1_760' title='bbox 1508 5076 1678 5147; x_wconf 80' lang='lat' dir='ltr'><strong>igitur</strong></span> <span class='ocrx_word' id='word_1_761' title='bbox 1708 5091 1874 5142; x_wconf 87' lang='lat' dir='ltr'><strong>opera</strong></span> <span class='ocrx_word' id='word_1_762' title='bbox 1910 5084 1991 5133; x_wconf 87' lang='lat' dir='ltr'><strong>te-</strong></span> 
     </span>
    </p>
   </div>
   <div class='ocr_carea' id='block_1_94' title="bbox 422 5166 1990 5239">
    <p class='ocr_par' dir='ltr' id='par_1_94' title="bbox 422 5166 1990 5239">
     <span class='ocr_line' id='line_1_94' title="bbox 422 5166 1990 5239; baseline 0.002 -19"><span class='ocrx_word' id='word_1_763' title='bbox 422 5168 735 5232; x_wconf 88' lang='lat' dir='ltr'><strong>nebrarum,</strong></span> <span class='ocrx_word' id='word_1_764' title='bbox 787 5175 843 5223; x_wconf 89' lang='lat' dir='ltr'><strong>et</strong></span> <span class='ocrx_word' id='word_1_765' title='bbox 878 5166 1175 5222; x_wconf 88' lang='lat' dir='ltr'><strong>induamur</strong></span> <span class='ocrx_word' id='word_1_766' title='bbox 1221 5182 1376 5222; x_wconf 87' lang='lat' dir='ltr'><strong>arma</strong></span> <span class='ocrx_word' id='word_1_767' title='bbox 1424 5170 1623 5231; x_wconf 63' lang='lat' dir='ltr'><strong>lucis.»</strong></span> <span class='ocrx_word' id='word_1_768' title='bbox 1659 5168 1798 5225; x_wconf 85' lang='lat' dir='ltr'><strong>Ecce</strong></span> <span class='ocrx_word' id='word_1_769' title='bbox 1850 5184 1990 5239; x_wconf 84' lang='lat' dir='ltr'><strong>quo-</strong></span> 
     </span>
    </p>
   </div>
   <div class='ocr_carea' id='block_1_95' title="bbox 424 5256 1991 5332">
    <p class='ocr_par' dir='ltr' id='par_1_95' title="bbox 424 5256 1991 5332">
     <span class='ocr_line' id='line_1_95' title="bbox 424 5256 1991 5332; baseline 0.005 -23"><span class='ocrx_word' id='word_1_770' title='bbox 424 5256 591 5312; x_wconf 88' lang='lat' dir='ltr'><strong>modo</strong></span> <span class='ocrx_word' id='word_1_771' title='bbox 625 5257 710 5314; x_wconf 81' lang='lat' dir='ltr'><strong>lex</strong></span> <span class='ocrx_word' id='word_1_772' title='bbox 750 5274 816 5314; x_wconf 81' lang='lat' dir='ltr'><strong>ex</strong></span> <span class='ocrx_word' id='word_1_773' title='bbox 857 5259 1101 5315; x_wconf 85' lang='lat' dir='ltr'><strong>noctein</strong></span> <span class='ocrx_word' id='word_1_774' title='bbox 1135 5259 1282 5315; x_wconf 88' lang='lat' dir='ltr'><strong>diem</strong></span> <span class='ocrx_word' id='word_1_775' title='bbox 1316 5275 1416 5316; x_wconf 88' lang='lat' dir='ltr'><strong>nos</strong></span> <span class='ocrx_word' id='word_1_776' title='bbox 1451 5259 1721 5332; x_wconf 71' lang='lat' dir='ltr'><strong>proferat,</strong></span> <span class='ocrx_word' id='word_1_777' title='bbox 1757 5268 1819 5315; x_wconf 87' lang='lat' dir='ltr'><strong>ut</strong></span> <span class='ocrx_word' id='word_1_778' title='bbox 1845 5262 1991 5317; x_wconf 79' lang='lat' dir='ltr'><strong>cele-</strong></span> 
     </span>
    </p>
   </div>
   <div class='ocr_carea' id='block_1_96' title="bbox 422 5346 1992 5406">
    <p class='ocr_par' dir='ltr' id='par_1_96' title="bbox 422 5346 1992 5406">
     <span class='ocr_line' id='line_1_96' title="bbox 422 5346 1992 5406; baseline 0.001 -4"><span class='ocrx_word' id='word_1_779' title='bbox 422 5346 652 5403; x_wconf 86' lang='lat' dir='ltr'><strong>bremus</strong></span> <span class='ocrx_word' id='word_1_780' title='bbox 708 5348 828 5405; x_wconf 88' lang='lat' dir='ltr'><strong>dies</strong></span> <span class='ocrx_word' id='word_1_781' title='bbox 877 5347 1053 5406; x_wconf 78' lang='lat' dir='ltr'><strong>festos</strong></span> <span class='ocrx_word' id='word_1_782' title='bbox 1093 5347 1348 5405; x_wconf 89' lang='lat' dir='ltr'><strong>Domino.</strong></span> <span class='ocrx_word' id='word_1_783' title='bbox 1395 5350 1519 5405; x_wconf 86' lang='lat' dir='ltr'><strong>Pari</strong></span> <span class='ocrx_word' id='word_1_784' title='bbox 1553 5351 1768 5406; x_wconf 88' lang='lat' dir='ltr'><strong>ratione</strong></span> <span class='ocrx_word' id='word_1_785' title='bbox 1795 5364 1992 5405; x_wconf 89' lang='lat' dir='ltr'><strong>nume—</strong></span> 
     </span>
    </p>
   </div>
   <div class='ocr_carea' id='block_1_97' title="bbox 425 5441 1994 5513">
    <p class='ocr_par' dir='ltr' id='par_1_97' title="bbox 425 5441 1994 5513">
     <span class='ocr_line' id='line_1_97' title="bbox 425 5441 1994 5513; baseline -0.001 -16"><span class='ocrx_word' id='word_1_786' title='bbox 425 5456 521 5497; x_wconf 89' lang='lat' dir='ltr'><strong>rus</strong></span> <span class='ocrx_word' id='word_1_787' title='bbox 550 5441 714 5497; x_wconf 89' lang='lat' dir='ltr'><strong>trium</strong></span> <span class='ocrx_word' id='word_1_788' title='bbox 743 5443 958 5498; x_wconf 87' lang='lat' dir='ltr'><strong>dierum</strong></span> <span class='ocrx_word' id='word_1_789' title='bbox 990 5450 1046 5499; x_wconf 89' lang='lat' dir='ltr'><strong>et</strong></span> <span class='ocrx_word' id='word_1_790' title='bbox 1084 5444 1334 5499; x_wconf 90' lang='lat' dir='ltr'><strong>noctium</strong></span> <span class='ocrx_word' id='word_1_791' title='bbox 1368 5445 1644 5513; x_wconf 77' lang='lat' dir='ltr'><strong>passionis</strong></span> <span class='ocrx_word' id='word_1_792' title='bbox 1676 5444 1897 5498; x_wconf 91' lang='lat' dir='ltr'><strong>Domini</strong></span> <span class='ocrx_word' id='word_1_793' title='bbox 1937 5453 1994 5500; x_wconf 87' lang='lat' dir='ltr'><strong>et</strong></span> 
     </span>
    </p>
   </div>
   <div class='ocr_carea' id='block_1_98' title="bbox 426 5532 1892 5605">
    <p class='ocr_par' dir='ltr' id='par_1_98' title="bbox 426 5532 1892 5605">
     <span class='ocr_line' id='line_1_98' title="bbox 426 5532 1892 5605; baseline 0 -18"><span class='ocrx_word' id='word_1_794' title='bbox 426 5532 857 5589; x_wconf 73' lang='lat' dir='ltr'><strong>resurrectionis</strong></span> <span class='ocrx_word' id='word_1_795' title='bbox 912 5534 1190 5591; x_wconf 78' lang='lat' dir='ltr'><strong>iucundus</strong></span> <span class='ocrx_word' id='word_1_796' title='bbox 1236 5542 1291 5591; x_wconf 85' lang='lat' dir='ltr'><strong>et</strong></span> <span class='ocrx_word' id='word_1_797' title='bbox 1352 5533 1738 5605; x_wconf 83' lang='lat' dir='ltr'><strong>supputandus</strong></span> <span class='ocrx_word' id='word_1_798' title='bbox 1782 5543 1892 5589; x_wconf 89' lang='lat' dir='ltr'><strong>est.</strong></span> 
     </span>
    </p>
   </div>
   <div class='ocr_carea' id='block_1_99' title="bbox 504 5693 1084 5763">
    <p class='ocr_par' dir='ltr' id='par_1_99' title="bbox 504 5693 1084 5763">
     <span class='ocr_line' id='line_1_99' title="bbox 504 5693 1084 5763; baseline 0.003 -16"><span class='ocrx_word' id='word_1_799' title='bbox 504 5694 549 5726; x_wconf 80' lang='lat'>”</span> <span class='ocrx_word' id='word_1_800' title='bbox 623 5693 767 5748; x_wconf 82' lang='lat' dir='ltr'><strong>Psal.</strong></span> <span class='ocrx_word' id='word_1_801' title='bbox 834 5711 994 5763; x_wconf 67' lang='lat' dir='ltr'><strong>xvttt,</strong></span> <span class='ocrx_word' id='word_1_802' title='bbox 1050 5696 1084 5749; x_wconf 82' lang='grc'><strong>’.5</strong></span> 
     </span>
    </p>
   </div>
   <div class='ocr_carea' id='block_1_100' title="bbox 2093 4705 3667 4779">
    <p class='ocr_par' dir='ltr' id='par_1_100' title="bbox 2093 4705 3667 4779">
     <span class='ocr_line' id='line_1_100' title="bbox 2093 4705 3667 4779; baseline -0.004 -18"><span class='ocrx_word' id='word_1_803' title='bbox 2093 4706 2457 4777; x_wconf 87' lang='grc' dir='ltr'>αριθμοῦντες</span> <span class='ocrx_word' id='word_1_804' title='bbox 2489 4706 2545 4760; x_wconf 83' lang='grc' dir='ltr'><strong>δὲ</strong></span> <span class='ocrx_word' id='word_1_805' title='bbox 2571 4709 2637 4778; x_wconf 83' lang='grc' dir='ltr'><strong>τῇ</strong></span> <span class='ocrx_word' id='word_1_806' title='bbox 2661 4707 2820 4779; x_wconf 81' lang='grc' dir='ltr'>τρίτῃ</span> <span class='ocrx_word' id='word_1_807' title='bbox 2842 4708 3017 4774; x_wconf 75' lang='grc' dir='ltr'>νυκτὶ,</span> <span class='ocrx_word' id='word_1_808' title='bbox 3047 4707 3170 4761; x_wconf 90' lang='grc' dir='ltr'>καθ’</span> <span class='ocrx_word' id='word_1_809' title='bbox 3185 4708 3250 4778; x_wconf 82' lang='grc' dir='ltr'><strong>ἡν</strong></span> <span class='ocrx_word' id='word_1_810' title='bbox 3276 4708 3309 4776; x_wconf 90' lang='grc' dir='ltr'><strong>ἡ</strong></span> <span class='ocrx_word' id='word_1_811' title='bbox 3345 4705 3667 4771; x_wconf 83' lang='grc' dir='ltr'>ἀνάστασις,</span> 
     </span>
    </p>
   </div>
   <div class='ocr_carea' id='block_1_101' title="bbox 2091 4793 3670 4868">
    <p class='ocr_par' dir='ltr' id='par_1_101' title="bbox 2091 4793 3670 4868">
     <span class='ocr_line' id='line_1_101' title="bbox 2091 4793 3670 4868; baseline -0.004 -18"><span class='ocrx_word' id='word_1_812' title='bbox 2091 4796 2509 4868; x_wconf 61' lang='grc' dir='ltr'>τὴνη,ἐπομένην</span> <span class='ocrx_word' id='word_1_813' title='bbox 2540 4797 2678 4865; x_wconf 80' lang='grc' dir='ltr'>αὐτῇ</span> <span class='ocrx_word' id='word_1_814' title='bbox 2709 4795 2995 4867; x_wconf 77' lang='grc' dir='ltr'>Κυριακὴν</span> <span class='ocrx_word' id='word_1_815' title='bbox 3045 4796 3280 4866; x_wconf 78' lang='grc' dir='ltr'>ἡμέραν,</span> <span class='ocrx_word' id='word_1_816' title='bbox 3327 4793 3414 4847; x_wconf 77' lang='grc' dir='ltr'><strong>διὰ</strong></span> <span class='ocrx_word' id='word_1_817' title='bbox 3444 4794 3505 4846; x_wconf 85' lang='grc' dir='ltr'><strong>τὸ</strong></span> <span class='ocrx_word' id='word_1_818' title='bbox 3536 4808 3670 4862; x_wconf 77' lang='grc' dir='ltr'>προ-</span> 
     </span>
    </p>
   </div>
   <div class='ocr_carea' id='block_1_102' title="bbox 2094 4884 3669 4955">
    <p class='ocr_par' dir='ltr' id='par_1_102' title="bbox 2094 4884 3669 4955">
     <span class='ocr_line' id='line_1_102' title="bbox 2094 4884 3669 4955; baseline -0.004 -12"><span class='ocrx_word' id='word_1_819' title='bbox 2094 4889 2404 4943; x_wconf 83' lang='grc' dir='ltr'>κοπτόντων</span> <span class='ocrx_word' id='word_1_820' title='bbox 2463 4891 2529 4943; x_wconf 83' lang='grc' dir='ltr'>ὲκ</span> <span class='ocrx_word' id='word_1_821' title='bbox 2573 4888 2796 4951; x_wconf 87' lang='grc' dir='ltr'>σκότους</span> <span class='ocrx_word' id='word_1_822' title='bbox 2850 4888 2931 4950; x_wconf 85' lang='grc' dir='ltr'><strong>είς</strong></span> <span class='ocrx_word' id='word_1_823' title='bbox 2990 4886 3108 4955; x_wconf 74' lang='grc' dir='ltr'><strong>φῶς</strong></span> <span class='ocrx_word' id='word_1_824' title='bbox 3155 4884 3265 4939; x_wconf 88' lang='grc' dir='ltr'><strong>τῶν</strong></span> <span class='ocrx_word' id='word_1_825' title='bbox 3321 4885 3669 4955; x_wconf 82' lang='grc' dir='ltr'>πραγμάτων</span> 
     </span>
    </p>
   </div>
   <div class='ocr_carea' id='block_1_103' title="bbox 2101 4972 3669 5052">
    <p class='ocr_par' dir='ltr' id='par_1_103' title="bbox 2101 4972 3669 5052">
     <span class='ocr_line' id='line_1_103' title="bbox 2101 4972 3669 5052; baseline -0.003 -20"><span class='ocrx_word' id='word_1_826' title='bbox 2101 4972 2666 5052; x_wconf 84' lang='grc' dir='ltr'>προκαταριθμεῖσθάι</span> <span class='ocrx_word' id='word_1_827' title='bbox 2703 4979 2813 5032; x_wconf 83' lang='grc' dir='ltr'>δεῖν</span> <span class='ocrx_word' id='word_1_828' title='bbox 2835 4978 2896 5033; x_wconf 82' lang='grc' dir='ltr'>τὸ</span> <span class='ocrx_word' id='word_1_829' title='bbox 2915 4977 3229 5047; x_wconf 80' lang='grc' dir='ltr'>νυκτερινὸν</span> <span class='ocrx_word' id='word_1_830' title='bbox 3268 4978 3476 5040; x_wconf 83' lang='grc' dir='ltr'>σκότος,</span> <span class='ocrx_word' id='word_1_831' title='bbox 3505 4975 3569 5027; x_wconf 82' lang='grc' dir='ltr'><strong>τὸ</strong></span> <span class='ocrx_word' id='word_1_832' title='bbox 3603 4974 3669 5028; x_wconf 73' lang='grc' dir='ltr'><strong>δὲ</strong></span> 
     </span>
    </p>
   </div>
   <div class='ocr_carea' id='block_1_104' title="bbox 2096 5066 3671 5143">
    <p class='ocr_par' dir='ltr' id='par_1_104' title="bbox 2096 5066 3671 5143">
     <span class='ocr_line' id='line_1_104' title="bbox 2096 5066 3671 5143; baseline -0.005 -17"><span class='ocrx_word' id='word_1_833' title='bbox 2096 5074 2197 5143; x_wconf 84' lang='grc' dir='ltr'>τῆς</span> <span class='ocrx_word' id='word_1_834' title='bbox 2240 5070 2452 5143; x_wconf 78' lang='grc' dir='ltr'>ἡμέρας</span> <span class='ocrx_word' id='word_1_835' title='bbox 2498 5070 2795 5142; x_wconf 75' lang='grc' dir='ltr'>ἐφέπεσθαι</span> <span class='ocrx_word' id='word_1_836' title='bbox 2841 5070 2978 5140; x_wconf 78' lang='grc' dir='ltr'>φῶς.</span> <span class='ocrx_word' id='word_1_837' title='bbox 3025 5068 3153 5122; x_wconf 71' lang='grc' dir='ltr'><strong>Ἐπὶ</strong></span> <span class='ocrx_word' id='word_1_838' title='bbox 3192 5068 3250 5120; x_wconf 78' lang='grc' dir='ltr'><strong>δὲ</strong></span> <span class='ocrx_word' id='word_1_839' title='bbox 3295 5066 3393 5135; x_wconf 77' lang='grc' dir='ltr'><strong>τῆς</strong></span> <span class='ocrx_word' id='word_1_840' title='bbox 3433 5067 3671 5129; x_wconf 80' lang='grc' dir='ltr'>κτίσεως</span> 
     </span>
    </p>
   </div>
   <div class='ocr_carea' id='block_1_105' title="bbox 2099 5155 3666 5236">
    <p class='ocr_par' dir='ltr' id='par_1_105' title="bbox 2099 5155 3666 5236">
     <span class='ocr_line' id='line_1_105' title="bbox 2099 5155 3666 5236; baseline -0.007 -18"><span class='ocrx_word' id='word_1_841' title='bbox 2099 5164 2303 5236; x_wconf 85' lang='grc' dir='ltr'>πρέπει</span> <span class='ocrx_word' id='word_1_842' title='bbox 2330 5163 2421 5216; x_wconf 86' lang='grc' dir='ltr'><strong>τδν</strong></span> <span class='ocrx_word' id='word_1_843' title='bbox 2446 5162 2579 5217; x_wconf 80' lang='grc' dir='ltr'>Θεὸν</span> <span class='ocrx_word' id='word_1_844' title='bbox 2620 5161 2728 5214; x_wconf 89' lang='grc' dir='ltr'><strong>τῶν</strong></span> <span class='ocrx_word' id='word_1_845' title='bbox 2770 5163 2830 5215; x_wconf 81' lang='grc' dir='ltr'>ὲν</span> <span class='ocrx_word' id='word_1_846' title='bbox 2858 5160 3016 5229; x_wconf 82' lang='grc' dir='ltr'>οὐσίᾳ</span> <span class='ocrx_word' id='word_1_847' title='bbox 3049 5157 3416 5229; x_wconf 84' lang='grc' dir='ltr'>φαιδροτέρων</span> <span class='ocrx_word' id='word_1_848' title='bbox 3455 5155 3666 5225; x_wconf 80' lang='grc' dir='ltr'>κατάρ-</span> 
     </span>
    </p>
   </div>
   <div class='ocr_carea' id='block_1_106' title="bbox 2100 5243 3670 5329">
    <p class='ocr_par' dir='ltr' id='par_1_106' title="bbox 2100 5243 3670 5329">
     <span class='ocr_line' id='line_1_106' title="bbox 2100 5243 3670 5329; baseline -0.006 -19"><span class='ocrx_word' id='word_1_849' title='bbox 2100 5257 2313 5329; x_wconf 86' lang='grc' dir='ltr'>χεσθαι,</span> <span class='ocrx_word' id='word_1_850' title='bbox 2352 5255 2469 5310; x_wconf 74' lang='grc' dir='ltr'>ἀλλ’</span> <span class='ocrx_word' id='word_1_851' title='bbox 2498 5254 2561 5307; x_wconf 79' lang='grc' dir='ltr'><strong>οὐ</strong></span> <span class='ocrx_word' id='word_1_852' title='bbox 2590 5253 2698 5307; x_wconf 85' lang='grc' dir='ltr'><strong>τῶν</strong></span> <span class='ocrx_word' id='word_1_853' title='bbox 2731 5250 2962 5305; x_wconf 88' lang='grc' dir='ltr'>σκοτίων</span> <span class='ocrx_word' id='word_1_854' title='bbox 3002 5251 3094 5304; x_wconf 78' lang='grc' dir='ltr'>καὶ</span> <span class='ocrx_word' id='word_1_855' title='bbox 3124 5248 3412 5317; x_wconf 84' lang='grc' dir='ltr'>ἀφεγγῶν,</span> <span class='ocrx_word' id='word_1_856' title='bbox 3456 5247 3551 5301; x_wconf 78' lang='grc' dir='ltr'>καὶ</span> <span class='ocrx_word' id='word_1_857' title='bbox 3581 5243 3670 5310; x_wconf 65' lang='grc' dir='ltr'>οἷς</span> 
     </span>
    </p>
   </div>
   <div class='ocr_carea' id='block_1_107' title="bbox 2098 5338 3672 5415">
    <p class='ocr_par' dir='ltr' id='par_1_107' title="bbox 2098 5338 3672 5415">
     <span class='ocr_line' id='line_1_107' title="bbox 2098 5338 3672 5415; baseline -0.005 -12"><span class='ocrx_word' id='word_1_858' title='bbox 2098 5351 2160 5404; x_wconf 77' lang='grc' dir='ltr'><strong>τὸ</strong></span> <span class='ocrx_word' id='word_1_859' title='bbox 2185 5345 2327 5403; x_wconf 81' lang='grc' dir='ltr'>εἶναι</span> <span class='ocrx_word' id='word_1_860' title='bbox 2353 5348 2453 5403; x_wconf 86' lang='grc' dir='ltr'><strong>οὐκ</strong></span> <span class='ocrx_word' id='word_1_861' title='bbox 2473 5346 2621 5401; x_wconf 80' lang='grc' dir='ltr'>ἔστιν</span> <span class='ocrx_word' id='word_1_862' title='bbox 2642 5341 2939 5411; x_wconf 79' lang='grc' dir='ltr'>ούσιωδῶς,</span> <span class='ocrx_word' id='word_1_863' title='bbox 2960 5343 3082 5398; x_wconf 75' lang='grc' dir='ltr'>οὐδὲ</span> <span class='ocrx_word' id='word_1_864' title='bbox 3104 5340 3433 5415; x_wconf 82' lang='grc' dir='ltr'>δημιουργία</span> <span class='ocrx_word' id='word_1_865' title='bbox 3461 5338 3672 5395; x_wconf 79' lang='grc' dir='ltr'>τούτων</span> 
     </span>
    </p>
   </div>
   <div class='ocr_carea' id='block_1_108' title="bbox 2055 5441 2467 5496">
    <p class='ocr_par' dir='ltr' id='par_1_108' title="bbox 2055 5441 2467 5496">
     <span class='ocr_line' id='line_1_108' title="bbox 2055 5441 2467 5496; baseline -0.012 1"><span class='ocrx_word' id='word_1_866' title='bbox 2055 5464 2059 5468; x_wconf 93' lang='grc'>·</span> <span class='ocrx_word' id='word_1_867' title='bbox 2101 5441 2467 5496; x_wconf 84' lang='grc' dir='ltr'>κατείλεκται.</span> 
     </span>
    </p>
   </div>
   <div class='ocr_carea' id='block_1_109' title="bbox 1990 5517 3669 5602">
    <p class='ocr_par' dir='ltr' id='par_1_109' title="bbox 1990 5517 3669 5602">
     <span class='ocr_line' id='line_1_109' title="bbox 1990 5517 3669 5602; baseline -0.006 -17"><span class='ocrx_word' id='word_1_868' title='bbox 1990 5531 2040 5590; x_wconf 90' lang='lat' dir='ltr'><strong>ls</strong></span> <span class='ocrx_word' id='word_1_869' title='bbox 2112 5532 2254 5596; x_wconf 87' lang='lat' dir='ltr'><strong>dies,</strong></span> <span class='ocrx_word' id='word_1_870' title='bbox 2306 5546 2416 5602; x_wconf 87' lang='lat' dir='ltr'><strong>quo</strong></span> <span class='ocrx_word' id='word_1_871' title='bbox 2467 5543 2663 5600; x_wconf 86' lang='lat' dir='ltr'><strong>passus</strong></span> <span class='ocrx_word' id='word_1_872' title='bbox 2715 5536 2801 5586; x_wconf 87' lang='lat' dir='ltr'><strong>est</strong></span> <span class='ocrx_word' id='word_1_873' title='bbox 2851 5524 3108 5582; x_wconf 82' lang='lat' dir='ltr'><strong>Salvator</strong></span> <span class='ocrx_word' id='word_1_874' title='bbox 3166 5529 3381 5591; x_wconf 87' lang='lat' dir='ltr'><strong>noster,</strong></span> <span class='ocrx_word' id='word_1_875' title='bbox 3430 5517 3669 5576; x_wconf 86' lang='lat' dir='ltr'><strong>addatur</strong></span> 
     </span>
    </p>
   </div>
   <div class='ocr_carea' id='block_1_110' title="bbox 1050 5688 2449 5759">
    <p class='ocr_par' dir='ltr' id='par_1_110' title="bbox 1050 5688 2449 5759">
     <span class='ocr_line' id='line_1_110' title="bbox 1050 5688 2449 5759; baseline -0.004 -10"><span class='ocrx_word' id='word_1_876' title='bbox 1050 5696 1103 5749; x_wconf 81' lang='grc'><strong>’.5.</strong></span> <span class='ocrx_word' id='word_1_877' title='bbox 1181 5696 1225 5728; x_wconf 74' lang='grc' dir='ltr'><strong>³ο</strong></span> <span class='ocrx_word' id='word_1_878' title='bbox 1256 5694 1425 5749; x_wconf 74' lang='lat' dir='ltr'><strong>Exod.</strong></span> <span class='ocrx_word' id='word_1_879' title='bbox 1478 5711 1574 5759; x_wconf 75' lang='lat' dir='ltr'><strong>xu,</strong></span> <span class='ocrx_word' id='word_1_880' title='bbox 1632 5693 1718 5758; x_wconf 83' lang='lat' dir='ltr'><strong>l8,</strong></span> <span class='ocrx_word' id='word_1_881' title='bbox 1775 5692 1852 5747; x_wconf 82' lang='lat' dir='ltr'><strong>l9.</strong></span> <span class='ocrx_word' id='word_1_882' title='bbox 1936 5693 1975 5723; x_wconf 70' lang='grc' dir='ltr'><strong>δ’</strong></span> <span class='ocrx_word' id='word_1_883' title='bbox 2020 5692 2177 5747; x_wconf 78' lang='lat' dir='ltr'><strong>Rom.</strong></span> <span class='ocrx_word' id='word_1_884' title='bbox 2214 5688 2449 5756; x_wconf 70' lang='lat' dir='ltr'><strong>xtn,12.</strong></span> 
     </span>
    </p>
   </div>
  </div>
