3922 6230
233 367 309 433 37
1336 369 1874 431 COMM‘ENTARII
1929 370 2012 432 IN
2055 371 2413 435 GENESIN.
2558 450 2565 457 ο
3433 369 3515 436 58

232 473 563 546 praecedenti
594 474 934 532 Parasceves
987 476 1155 532 nocti.
1191 476 1442 549 Sequens
1493 480 1615 535 dies
1686 481 2000 537 Domimcus
2058 496 2333 539 connume
2353 490 2507 538 retur
2561 484 2710 540 nocti
2761 483 2956 553 tertiac,
3007 483 3061 539 in
3146 498 3251 555 qua
3319 497 3506 540 resur-

234 572 402 627 rexit.
442 569 576 626 Nam
618 571 748 631 dum
803 584 894 627 res
923 586 990 626 ex
1041 574 1285 630 tenebris
1332 584 1625 642 eruuntur,
1657 584 1709 631 et
1757 576 1811 629 in
1884 575 2063 633 lucem
2122 578 2548 648 protrahuntur,
2585 588 2867 637 nocturna:
2917 580 3155 638 tenebrae
3204 582 3358 651 prius
3396 594 3496 634 au-

254 664 616 721 nnmerandae
667 673 821 728 sunt,
858 674 919 720 ut
964 668 1312 723 commodius
1340 668 1466 724 inde
1494 668 1603 724 diei
1659 666 1921 739 splendor
1980 671 2378 742 subsequatur.
2431 675 2703 730 Caeterum
2764 675 2923 730 decet
2995 673 3239 729 divinam
3322 671 3498 742 maje-

239 763 445 810 etatem
492 755 548 811 in
586 754 876 813 creatione
908 757 1097 812 mundi
1123 759 1340 813 initium
1377 774 1575 829 capere
1638 759 1708 813 ab
1742 759 1828 814 Itis
1865 774 1987 830 quae
2053 762 2402 832 Splendorem
2482 764 2740 828 fundunt,
2797 775 2851 817 et
2892 779 3125 834 quorum
3189 761 3499 819 substantia

237 854 362 899 est:
402 860 508 901 nec
534 847 783 904 exordiri
818 849 891 905 ab
942 848 1039 906 bis
1086 866 1212 921 quae
1242 866 1353 906 non
1389 858 1545 915 sunt,
1611 851 1926 922 quibusque
1976 854 2084 908 'tux
2149 853 2419 927 denegata
2466 864 2573 914 est.
2628 855 2839 912 Horum
2877 857 3042 912 etiam
3104 856 3316 911 Creatio
3390 868 3501 909 non

238 935 507 990 traditur.

312 1031 423 1084 Καὶ
460 1030 578 1094 πῶς
607 1032 691 1086 δεῖ
718 1034 847 1105 περὶ
877 1033 1083 1090 τούτων
1123 1037 1306 1107 ζητεῖν
1344 1040 1393 1092 εί
1418 1040 1610 1110 πρῶτα
1653 1040 1841 1117 γεγε-η

1987 1043 2091 1098 Sed
2128 1057 2237 1112 qua
2269 1042 2357 1095 via
2394 1052 2585 1097 eorum
2643 1043 2855 1099 creatio
2925 1039 3313 1109 investiganda
3360 1039 3506 1094 erit?

236 1138 429 1193 νηταις
469 1123 559 1176 Ἐν
586 1125 698 1193 γὰρ
730 1125 806 1196 τῷ
840 1127 957 1196 φῶς
1003 1128 1080 1199 μὴ
1112 1132 1392 1200 παρεῖναι,
1425 1131 1645 1202 λέγεται
1684 1134 1818 1189 σκό-

234 1232 331 1277 τος
354 1216 453 1268 καὶ
487 1214 605 1281 νύξ.
658 1217 813 1270 Οὕτω
845 1218 953 1290 γὰρ
985 1219 1048 1272 τὸ
1086 1221 1253 1291 μέλαν
1295 1226 1391 1277 καὶ
1422 1225 1481 1277 τὺ
1513 1224 1820 1294 ἀφώτιστον

231 1305 335 1358 τοῦ
380 1306 676 1376 διαφανοῦς
712 1309 885 1383 διέρος⁸
913 1310 1250 1382 ὠνόμασται.
1290 1316 1357 1370 ’Ἀ
1386 1317 1501 1379 τοῖς
1538 1317 1822 1385 γεγονόσιν

233 1396 703 1468 ἓπηκολούθηκεν,
732 1399 807 1464 ὡς
831 1401 864 1471 ἡ
895 1401 1023 1455 σκιὰ
1046 1403 1123 1475 τῷ
1147 1403 1379 1477 σώματι,
1402 1405 1673 1476 λεγομένη
1701 1409 1821 1477 μὲν,

232 1487 593 1560 ἀνύπαρκτος
638 1490 695 1543 δὲ
738 1491 990 1563 καθάπερ
1017 1496 1200 1548 ἐκεῖνα
1243 1498 1609 1567 τυγχάνουσα.
1658 1500 1721 1553 Ei
1764 1499 1822 1554 δέ

236 1596 374 1633 ⁴’.τοτε
424 1582 519 1634 καὶ
563 1581 746 1648 λέγειν
787 1583 851 1637 τὸ
897 1585 1198 1654 γεγονέναι,
1251 1588 1426 1652 ἄλλως
1470 1589 1531 1643 τὸ
1562 1590 1816 1658 γενέσθαι

238 1672 427 1726 αὐτῶν
465 1674 783 1745 ἐκδέχεσθαι
826 1678 955 1748 χρὴ,
1001 1677 1077 1741 ὡς
1098 1680 1156 1732 ὲν
1193 1680 1275 1750 τῷ
1320 1680 1559 1753 ψαλμῷ·
1601 1703 1618 1734 ι
1655 1683 1822 1739 Ἐθου

236 1765 458 1830 σκότος,
482 1767 578 1821 καὶ
616 1768 831 1841 ἐγένετο
854 1769 987 1835 νύξ·
1025 1790 1047 1822 ι
1077 1773 1169 1825 καὶ
1196 1774 1296 1827 οὐκ
1339 1770 1502 1829 εἶπεν
1533 1775 1639 1829 ὑπὸ
1668 1776 1818 1841 τίνος

234 1858 461 1924 ἐγένετο
480 1876 495 1890 ·
525 1859 644 1913 οὐδὲ
670 1860 728 1914 τὸ
754 1861 897 1916 ἔθου
927 1862 1229 1934 διήρθρωσε
1264 1868 1504 1920 ποταπὸν
1531 1869 1815 1938 τυγχάνει.

236 1949 375 2002 Οὐδὲ
405 1946 596 2015 εἶπεν,
645 1952 934 2023 Ἐποίησας
968 1954 1178 2019 σκότος,
1212 1957 1351 2013 οὐδὲ.
1380 1946 1670 2031 Γενηθήτω
1699 1963 1826 2014 σκό-

235 2054 328 2101 τος
354 2038 453 2093 καὶ
474 2039 687 2108 ἐγένετο
716 2041 933 2108 σκότος,
958 2043 1034 2107 ὡς
1060 2044 1153 2098 ἐπὶ
1170 2045 1277 2098 τῶν
1298 2046 1361 2117 δη
1372 2064 1608 2118 μιουργη
1618 2049 1826 2118 μάτων,

236 2130 379 2184 ἀλλὰ
415 2130 518 2201 μὲν
534 2131 612 2196 τὺ,
648 2151 668 2185 ι
698 2133 838 2199 Φῶς,
875 2131 1017 2201 εἷπε,
1052 2137 1354 2209 γενηθήτω.
1387 2159 1405 2190 ι
1435 2140 1508 2193 Τὸ
1539 2140 1597 2194 δὲ
1634 2142 1827 2206 σκότος

239 2224 688 2297 ἐπηκολούθησεν
718 2229 783 2280 ἐκ
806 2227 901 2280 τοῦ
948 2228 1285 2299 σκιάσματος
1324 2232 1420 2302 τῆς
1469 2233 1569 2303 γῆς
1593 2249 1615 2266 ο
1642 2233 1738 2288 καὶ
1766 2234 1829 2287 τὸ

244 2315 353 2385 μὲν
382 2316 624 2388 ἡμέραν,
659 2317 719 2371 τὸ
753 2318 809 2371 δὲ
842 2318 1011 2373 νύκτα
1035 2320 1261 2375 ἐκάλεσε
1293 2321 1387 2375 τοῦ
1410 2323 1586 2393 φωτὸς
1619 2326 1677 2377 ἐν
1705 2341 1827 2377 στε-

244 2411 405 2479 ρήσει
428 2408 766 2478 γιγνόμενον.
794 2412 901 2463 Καὶ
929 2411 1117 2483 ὥσπερ
1138 2412 1371 2483 λέγομεν
1392 2416 1523 2485 ὁρᾷν
1554 2415 1711 2475 αὐτὸ,
1751 2415 1827 2486 μὴ
1861 2392 1901 2447 Β

240 2498 490 2569 ὁρῶντες
512 2500 749 2571 ἀληθῶς,
793 2503 1211 2574 ἐμποδιζόμενοι
1238 2505 1295 2558 δὲ
1347 2507 1481 2578 ape»
1514 2507 1606 2560 ὑπ’
1638 2506 1826 2560 αὐτοῦ’

243 2592 394 2644 οὕτω
433 2591 532 2645 καὶ
578 2592 639 2645 τὸ
680 2592 964 2647 καλεῖσθαι
1014 2596 1147 2649 αὐτὸ
1206 2598 1452 2667 φήσομεν
1502 2599 1604 2652 οὐκ
1652 2600 1709 2651 ὲν
1754 2595 1834 2668 τῷ

245 2684 414 2754 εἶναι,
448 2688 566 2742 ἀλλ’
603 2692 659 2743 ὲν
694 2689 771 2760 τῷ
801 2691 1236 2761 παρακολουθεῖν
1263 2692 1436 2763 ἑτέρῳ
1459 2692 1591 2747 ὄντι.
1625 2694 1699 2746 Τὸ
1726 2694 1836 2766 γὰρ

247 2782 446 2845 σκότος
478 2781 773 2850 γενόμενον
795 2782 891 2836 καὶ
931 2782 1158 2853 γενητόν
1200 2787 1315 2846 πῶς
1339 2785 1461 2838 ἐστι
1509 2786 1602 2838 καὶ
1633 2784 1835 2853 ἀγένη-

246 2891 368 2927 τον.
416 2873 705 2942 ’Δγένητον
730 2873 829 2942 μὲν
857 2874 955 2944 οὐχ
987 2874 1062 2938 ὡς
1086 2876 1145 2928 οὐ
1173 2876 1485 2944 γενόμενον,
1514 2876 1631 2929 ἀλλ’
1664 2877 1738 2940 ὡς
1774 2875 1836 2928 τὸ

246 2964 473 3033 γένεσιν
501 2964 557 3014 ὲν
587 2961 816 3034 ὑπάρξει
842 2963 916 3033 μὴ
945 2962 1108 3016 λαὸόν
1131 2977 1145 2990 ·
1176 2963 1402 3033 γενητὸν
1432 2963 1488 3017 δὲ
1519 2963 1606 3017 διὰ
1635 2963 1694 3016 τὸ
1722 2965 1836 3026 τοῖς

247 3056 564 3128 γινομένοις
586 3054 968 3109 ἐπακολουθεῖν
1002 3054 1159 3111 δίκην
1202 3057 1384 3118 σκιᾶς.
1411 3053 1603 3127 ὥσπερ
1629 3054 1697 3108 τὰ
1727 3054 1837 3110 ἀπὸ

247 3149 366 3203 τῶν
397 3148 684 3217 ἡμετέρων
715 3147 985 3220 σωμάτων
1009 3148 1307 3219 γιγνόμενα
1329 3163 1342 3179 ⁸
1387 3140 1461 3201 ὧν
1495 3149 1557 3202 τὸ
1594 3147 1839 3217 γίνεσθαι

254 3242 362 3312 μὲν
390 3243 423 3310 ἡ
458 3241 712 3309 αἴσθησις
755 3236 1151 3312 συνομο).ογεῖ.⁷
1178 3241 1401 3305 Οὐσίαις
1435 3240 1492 3292 δὲ
1542 3239 1723 3294 αὐτῶν
1753 3239 1839 3292 διὰ

249 3334 312 3387 τδ
344 3332 488 3403 μηδὲ
515 3328 652 3385 εἶναι
693 3334 794 3385 οὐκ
824 3333 1190 3402 ἐπιϐάὶλομεν
1212 3351 1226 3364 υ
1268 3331 1523 3402 οὐδὲγὰρ
1559 3330 1680 3384 καθ’
1716 3332 1841 3384 ἐαυ-

248 3425 356 3489 ri;
380 3428 436 3476 αἱ
485 3424 654 3485 σκιαὶ,
691 3424 946 3507 an‘ee’
996 3425 1184 3494 ἑτέρου
1236 3422 1401 3491 μέσου
1462 3419 1717 3491 σώματος
1743 3420 1843 3491 τὴν

248 3519 518 3575 εἰκασίαν
550 3518 780 3570 ποιοῦσι.
816 3516 951 3570 Οὐδὲ
981 3517 1089 3585 γὰρ
1121 3518 1149 3569 ὁ
1183 3515 1291 3586 ἀὴρ
1321 3515 1379 3568 τὸ
1422 3514 1631 3581 σκότος,
1668 3515 1715 3566 εἰ
1752 3512 1844 3565 καὶ

252 3612 433 3683 μέλας
460 3607 649 3680 ὥσπερ
673 3607 843 3673 οὕτως
877 3611 943 3679 τῇ
976 3607 1134 3676 φύσει
1160 3624 1173 3637 ·
1206 3605 1472 3679 διαφανὴς
1505 3605 1614 3675 γὰρ
1645 3604 1719 3658 ὢν
1748 3602 1844 3657 ἀλ-

1921 1133 2056 1189 Natn
2090 1144 2208 1189 tum
2249 1133 2472 1188 demum
2519 1134 2697 1205 caligo
2747 1146 2802 1189 et
2834 1150 2945 1188 nox
2985 1131 3337 1202 intelligitur,
3375 1145 3501 1185 cum

1923 1230 2176 1282 submota
2209 1224 2377 1279 fuerit
2410 1226 2495 1281 vel
2527 1224 2766 1281 abfuerit
2813 1226 2932 1279 lux.
2975 1221 3066 1280 Sic
3093 1226 3242 1281 enim
3274 1229 3508 1276 vocatur

1923 1319 2154 1388 nigredo
2199 1328 2255 1374 et
2302 1334 2364 1375 ea
2419 1334 2550 1389 pars
2606 1320 2754 1374 aeris
2828 1335 2950 1390 qme
2997 1319 3120 1374 luce
3154 1323 3330 1371 caret.
3368 1313 3504 1367 Nam

1924 1411 2040 1467 haec
2065 1411 2179 1467 duo
2218 1415 2483 1467 comitata
2530 1420 2661 1469 sunt
2698 1428 2786 1468 res
2837 1420 3076 1473 creatas,
3120 1425 3230 1465 non
3254 1420 3417 1462 secus
3444 1419 3511 1459 ac

1924 1518 2128 1573 corpus
2164 1505 2466 1559 comitatur
2496 1505 2718 1567 umbra,
2752 1520 2875 1574 quae
2907 1503 3130 1573 quidem
3169 1516 3265 1570 per
3300 1514 3360 1555 se
3396 1511 3510 1551 non

1924 1595 2168 1662 exsistit,
2224 1596 2389 1651 sicuti
2427 1611 2529 1651 nec
2562 1597 2849 1666 praedic-ta.
2886 1593 3081 1650 Sicubi
3134 1600 3318 1647 autem
3360 1588 3509 1643 facta

1924 1702 2049 1743 esse
2076 1688 2360 1757 leguntur,
2393 1690 2504 1744 alio
2534 1696 2697 1760 pacto
2725 1703 2918 1743 eorum
2958 1686 3375 1755 generationem
3405 1696 3509 1737 nos

1928 1780 2277 1850 interpretari
2324 1791 2563 1852 oportet,
2633 1781 2798 1835 sicuti
2829 1790 2884 1834 et
2926 1779 3034 1833 hoc
3062 1779 3228 1833 loco:
3267 1795 3285 1828 ι
3343 1764 3511 1829 Portis

1930 1871 2183 1925 tenebras
2212 1878 2268 1923 et
2304 1872 2361 1927 fit
2404 1886 2533 1925 nox.
2577 1891 2595 1922 ι
2629 1869 2742 1923 Hoc
2785 1869 2906 1924 loco
2959 1884 3071 1922 non
3115 1870 3512 1921 commemorat

1927 1978 1955 2016 a
1987 1979 2095 2032 quo
2148 1962 2292 2016 facta
2332 1962 2425 2016 sit.
2471 1960 2583 2015 Nec
2617 1960 2868 2023 verbum,
2915 1958 3091 2026 ponis,
3126 1967 3391 2021 expresse
3422 1951 3512 2004 iu-

1929 2054 2114 2109 siuuat
2143 2056 2289 2106 unde
2327 2053 2420 2108 sit.
2473 2052 2586 2105 Nec
2620 2049 2760 2105 dixit
2789 2069 2801 2105 :
2849 2046 3055 2103 Fecisti
3090 2043 3366 2099 tenebras.
3397 2038 3511 2095 Nec

1929 2146 2146 2200 locutus
2177 2155 2284 2209 est,
2328 2153 2388 2197 ut
2430 2144 2485 2197 in
2516 2143 2644 2198 aliis
2683 2140 2940 2196 evenisse
2986 2143 3254 2193 constat:
3296 2154 3313 2185 ι
3351 2129 3513 2187 Fiant

1929 2237 2191 2292 tenebrae.
2226 2256 2246 2289 ι
2299 2235 2526 2299 Verum,
2563 2234 2710 2304 quod
2753 2233 2822 2287 ad
2860 2232 3008 2287 lucis
3048 2228 3393 2285 creationem
3428 2233 3514 2280 at-

1930 2329 2088 2392 tinet,
2145 2328 2371 2383 disertis
2415 2327 2603 2383 verbis
2658 2326 2797 2381 dixit
2830 2342 2845 2381 :
2878 2342 2897 2376 ι
2927 2323 3047 2378 Fiat
3076 2323 3193 2377 lux.
3243 2338 3262 2372 ι
3307 2316 3510 2373 Verum

1932 2421 2171 2476 tenebras
2204 2421 2473 2475 insecuta:
2506 2425 2639 2475 sunt
2669 2434 2735 2473 ex
2772 2416 2969 2471 umbra
3010 2408 3206 2471 'terrae.
3266 2411 3513 2464 Alterum

1933 2513 2156 2583 quidem
2220 2526 2421 2566 nomen
2474 2510 2677 2566 meruit
2726 2508 2857 2574 diei,
2925 2508 3161 2561 alterum
3210 2502 3411 2563 noctis,
3457 2510 3517 2555 ut

1934 2621 2059 2675 qua:
2095 2615 2255 2659 enata
2306 2612 2457 2657 esset
2488 2617 2555 2657 ex
2594 2599 2909 2672 privatione
2939 2598 3105 2652 lucis.
3139 2592 3514 2661 Qumuadnto-

1935 2697 2064 2752 dum
2092 2696 2403 2764 inquimus,
2442 2710 2545 2751 nos
2582 2692 2771 2748 videre
2819 2688 3079 2746 tenebras
3129 2703 3253 2741 cum
3288 2701 3381 2739 eas
3409 2698 3517 2739 non

1937 2806 2065 2846 vere
2091 2804 2407 2852 cernamus,
2448 2786 2545 2842 sed
2574 2785 2748 2855 magis
2783 2783 2935 2838 visus
2966 2790 3158 2836 noster
3190 2780 3257 2832 ab
3298 2778 3383 2833 liis
3418 2778 3522 2831 itu-

1942 2883 2200 2953 pediatur
2231 2889 2286 2935 et
2331 2888 2674 2934 occaecetur:
2729 2877 2814 2933 sic
2837 2872 3237 2930 aliirmabimus
3265 2869 3523 2925 tenebras

1939 2974 2162 3045 quidem
2198 2982 2392 3028 uactas
2427 2986 2554 3027 esse
2580 2985 2782 3024 nomen
2809 2982 2918 3023 non
2950 2981 3018 3022 ex
3054 2965 3144 3022 sui
3180 2961 3523 3026 substantia,

1941 3064 2037 3122 sed
2061 3062 2207 3136 quod
2240 3068 2668 3131 consequantur
2701 3066 2757 3114 et
2801 3056 3147 3112 comitentur
3197 3067 3412 3121 semper
3442 3048 3524 3103 al-

1941 3165 2121 3213 terum
2172 3153 2459 3225 quiddam.
2516 3154 2763 3222 Apparet
2816 3148 3004 3219 itaque
3073 3146 3334 3202 tenebras
3383 3158 3528 3213 quo-

1943 3247 2239 3303 dammodo
2281 3255 2336 3300 et
2384 3245 2602 3316 genitas
2646 3251 2699 3297 et
2740 3256 2851 3296 non
2885 3240 3097 3310 genitas
3135 3233 3525 3291 animadverti.

1941 3338 2062 3395 Non
2096 3338 2314 3409 genitas
2365 3336 2612 3405 quidem,
2648 3349 2758 3387 non
2807 3332 2966 3402 quasi
3009 3345 3110 3400 per
3141 3344 3200 3384 se
3233 3328 3341 3382 sint
3373 3325 3529 3394 inge-

1945 3433 2074 3486 nitae
2127 3426 2545 3499 intelligendum
2597 3432 2710 3487 est,
2760 3425 2856 3480 sed
2899 3423 3048 3491 quod
3085 3419 3257 3473 insui
3294 3431 3528 3486 genera-

1946 3523 2097 3579 tione
2134 3520 2512 3576 substantiam
2570 3517 2778 3572 nullam
2821 3513 3246 3584 acquisiverint.
3301 3508 3530 3569 (lenitas

1947 3627 2081 3669 vero
2113 3628 2272 3681 cape,
2309 3610 2452 3680 quod
2497 3609 2672 3662 instar
2719 3606 2930 3660 umbrae
2968 3617 3189 3671 semper
3214 3600 3531 3664 C(mjunctaa

172 3762 176 3767 ,
246 3701 462 3772 ὶοτρίῳ
494 3698 740 3770 χρώματι
760 3699 838 3770 τῷ
861 3699 952 3752 τοῦ
985 3698 1160 3769 φωτὸς
1186 3699 1379 3769 ὁρᾶται
1406 3713 1420 3729 ο
1451 3690 1512 3749 οὗ
1545 3696 1618 3767 μὴ
1642 3696 1841 3766 παρόν-

1952 3707 2064 3761 sint
2114 3703 2468 3775 corporibus.
2525 3697 3002 3766 Quemadmodum
3056 3694 3332 3752 umbram,
3369 3687 3532 3757 cujus

245 3811 373 3858 τος,
410 3793 477 3846 τὸ
508 3791 810 3861 ἀφώτιστον
858 3789 952 3845 τοῦ
985 3790 1145 3860 ἀέρος
1196 3792 1290 3843 καὶ
1330 3788 1493 3842 οἱονεὶ
1540 3788 1708 3858 μέλαν
1758 3787 1844 3858 ἐφ’

247 3885 460 3941 ἑαυτοῦ
498 3885 656 3954 μένον
676 3924 692 3948 ,
720 3884 909 3946 σκότος
936 3882 1203 3946 καλεῖται,
1237 3881 1312 3952 μὴ
1355 3879 1415 3933 ὃν
1447 3863 1625 3933 οὐσία.
1658 3879 1722 3931 Εἰ
1754 3877 1846 3932 καί

248 3996 431 4050 φησιν
478 3976 738 4039 Ἦσαῒας·
785 3992 805 4026 ι
869 3972 1010 4043 Ἐγὼ
1040 3976 1068 4027 ὁ
1098 3972 1234 4037 θεὸς
1279 3971 1698 4033 κατασκευάσας
1734 3969 1850 4050 apd»;

248 4046 359 4126 {ut
384 4068 620 4137 ποιήσας
665 4068 851 4130 σκότος
876 4083 890 4097 ο
930 4085 950 4119 ι
985 4066 1238 4136 ἐπιφέρει
1286 4064 1425 4135 γάρ’
1464 4082 1483 4115 ι
1525 4064 1584 4116 '0
1612 4046 1844 4133 ποιήσας

250 4164 504 4235 εἰρήνην
547 4161 640 4213 καὶ
674 4158 874 4224 κτίζων
906 4158 973 4211 τὰ
1012 4157 1192 4218 κακὰ,
1226 4175 1245 4207 ι
1281 4156 1425 4226 ἅπερ
1457 4154 1659 4226 ὁμοίως
1690 4151 1851 4206 ἀνού-

253 4272 383 4309 σια.
416 4252 495 4307 Οὐ
530 4249 879 4321 πρωτουργδν
897 4245 989 4303 οὖν
1009 4249 1072 4303 τὸ
1100 4248 1310 4313 σκότος,
1335 4246 1451 4300 ἀλλ’
1478 4245 1848 4315 ἁνυπάρκτως
1880 4246 1889 4251 ’

254 4346 563 4416 γινόμενον
592 4342 732 4397 κατὰ
774 4340 873 4413 τὴν
907 4341 1043 4412 πρὸς
1083 4340 1142 4393 τὸ
1185 4340 1301 4409 φῶς
1353 4337 1855 4410 παρακολούθησιν.

255 4437 341 4493 Οὐ
377 4434 573 4507 πρώτη
596 4435 775 4487 τοίνυν
804 4436 838 4506 ἡ
868 4433 962 4500 νύξ
982 4451 995 4464 ο
1029 4435 1077 4486 εί
1107 4434 1201 4487 καὶ
1224 4433 1290 4486 ἐν
1330 4432 1541 4502 ἑορταῖς
1567 4431 1595 4483 ὁ
1618 4427 1860 4496 Μωῡσῆς

256 4525 739 4600 προδιαναπαύει,
769 4526 833 4578 ἐκ
866 4508 1238 4596 προλαϐοὖσης
1262 4522 1455 4586 νυκτὸς
1492 4522 1572 4584 εἰς
1596 4521 1693 4589 τὴν
1726 4519 1861 4572 ἀνά-

256 4636 481 4674 παυσιν
523 4617 619 4670 τοῦ
659 4616 939 4671 Σαὸϐἀτου
973 4617 1134 4670 οἱονεὶ
1176 4615 1493 4686 προεόρτιον
1544 4611 1739 4683 ἑορτὴν
1780 4611 1864 4664 δι-

253 4712 432 4773 δοῦς’
469 4711 536 4761 ἐκ
581 4708 818 4778 φυτικῆς
868 4706 1178 4779 ἐκεχειρίας
1233 4707 1331 4776 τῆς
1371 4706 1428 4757 ἐν
1476 4705 1631 4757 νυκτὶ
1672 4703 1772 4773 τὴν
1802 4704 1866 4755 ὲκ

255 4807 438 4872 λῦγου
461 4801 827 4855 διανᾶπαυσιν
857 4801 915 4852 ὲν
937 4798 1003 4869 τῇ
1032 4798 1216 4868 ἡμέρᾳ
1249 4795 1686 4867 προστακτικῶς
1721 4812 1865 4864 παρ-

265 4898 448 4967 έχων.
489 4892 729 4952 Εἰκότως
774 4884 868 4944 οὖν
904 4887 963 4943 οὗ
1002 4905 1166 4959 φησιο
1209 4906 1228 4938 ο
1271 4889 1381 4941 Καὶ
1400 4889 1617 4955 ἐγένετο
1640 4885 1869 4955 ἑσπέρα,

264 4988 374 5041 καὶ
401 4983 620 5052 ἐγένετο
664 4981 843 5054 πρωῒ,
887 5001 905 5032 ι
939 4982 1034 5047 νὺξ
1075 4981 1173 5050 μία
1200 5020 1214 5042 ,
1243 4979 1359 5032 ἀλλ’
1393 4998 1410 5031 ι
1453 4978 1637 5050 ἡμέρα
1692 4977 1809 5047 μία.
1848 4997 1866 5025 ο

1950 3805 2204 3851 nostrum
2263 3809 2470 3860 corpus
2502 3792 2661 3861 origo
2693 3794 2802 3853 est,
2847 3787 2983 3842 nihil
3027 3800 3151 3840 esse
3205 3782 3291 3837 vel
3326 3793 3527 3835 sensus

1949 3886 2279 3951 confitetur,
2350 3883 2432 3938 sic
2491 3893 2544 3935 et
2575 3881 2652 3935 ibi
2699 3896 2800 3935 usu
2868 3877 3063 3933 venire
3109 3883 3255 3929 avet.
3318 3871 3538 3927 Nullam

1952 3977 2321 4034 substantiam
2397 3974 2603 4029 umbra:
2687 3971 2967 4025 addimus.
3025 3968 3161 4022 Nam
3216 3965 3539 4033 neutiquam

1957 4068 2059 4143 15
2095 4068 2235 4121 inter
2263 4066 2405 4121 entia
2435 4066 2795 4128 collocantur,
2843 4076 3030 4117 verum
3075 4058 3368 4129 quamdam
3396 4056 3540 4110 ima-

1957 4161 2287 4233 ginationem
2319 4166 2373 4213 et
2404 4157 2807 4224 conjecturam,
2838 4153 2992 4221 quasi
3022 4151 3135 4205 sint
3157 4165 3254 4219 per
3284 4164 3365 4210 se,
3400 4161 3541 4216 prat-

1958 4255 2086 4309 bent
2115 4252 2242 4306 dum
2275 4251 2342 4305 ab
2363 4251 2470 4303 alio
2489 4262 2718 4318 corpore
2748 4243 3074 4300 iutermedio
3094 4240 3538 4312 progrediuntur.

1958 4343 2070 4401 Nec
2104 4354 2159 4399 tu
2190 4358 2368 4397 aerem
2404 4341 2612 4395 dixeris
2653 4338 2964 4408 caliginem,
3018 4335 3170 4395 licet,
3205 4330 3364 4387 sicuti
3405 4331 3545 4393 lucc,

1963 4439 2117 4506 niger
2143 4437 2237 4491 sit.
2273 4433 2408 4488 Nam
2443 4447 2570 4487 eum
2609 4427 2916 4502 pellucidus
2952 4425 3043 4490 sit,
3077 4427 3253 4480 alieno
3280 4422 3421 4477 lucis
3450 4436 3545 4475 co-

1967 4530 2083 4584 lore
2114 4524 2412 4581 accedente
2437 4521 2776 4591 conspicitur
2802 4536 2817 4573 :
2845 4533 2951 4588 qua
2988 4519 3106 4571 luce
3153 4523 3356 4569 remota
3377 4553 3392 4576 ,
3443 4509 3544 4564 ob-

1967 4620 2208 4677 scuritas
2247 4616 2390 4671 acris
2432 4632 2526 4686 per
2581 4630 2640 4669 se
2671 4610 2831 4682 quasi
2885 4611 2986 4663 atri
3042 4605 3313 4661 nrauenlis
3372 4602 3548 4672 caligo

1969 4719 2219 4772 vocatur,
2260 4708 2386 4762 licet
2446 4722 2550 4762 non
2607 4703 2782 4774 possit
2832 4699 3021 4754 referri
3056 4700 3121 4752 ad
3155 4695 3549 4765 praedicante“-

1972 4812 2086 4856 tum
2121 4798 2463 4857 substantiae.
2494 4794 2755 4862 Quamvis
2785 4791 2956 4846 Isaias
2982 4789 3154 4858 inquit
3188 4805 3201 4840 :
3242 4804 3260 4836 ι
3306 4783 3419 4854 Ego
3440 4781 3547 4833 Do-

1977 4898 2178 4957 minus,
2226 4900 2279 4948 ct
2329 4907 2436 4945 non
2497 4897 2581 4944 est
2631 4887 2904 4956 amplius;
2974 4882 3216 4937 formans
3268 4880 3442 4931 lucem
3496 4881 3551 4931 et

1977 5004 2172 5044 crcans
2245 4986 2499 5039 tenebras
2534 4982 2602 5045 ³⁸,
2645 4999 2662 5029 ι
2725 4993 2830 5032 non
2903 4984 3082 5028 tamen
3131 4970 3361 5024 allirmat
3414 4965 3550 5022 sub-

280 5079 513 5149 Ἦμὲρα
561 5076 659 5145 μὲν
689 5077 797 5144 γὰρ
831 5075 1067 5144 ἐγένετο,
1112 5074 1301 5145 ἐπειδὴ
1338 5073 1447 5128 ἀπὸ
1487 5074 1587 5141 τῆς
1634 5072 1841 5143 πορεία.

1968 5079 2189 5137 stantiis
2230 5072 2734 5131 connumerandam
2766 5084 2888 5124 esse
2914 5065 3204 5135 caliginem
3239 5063 3356 5115 sive
3397 5067 3547 5113 tene-

267 5171 378 5226 τοῦ
432 5169 611 5237 φωτὸς
665 5168 953 5239 ἠριθμεῖτο
993 5168 1062 5222 τὰ
1101 5167 1444 5239 διαστήματα
1491 5168 1705 5236 πρωίας
1767 5166 1861 5220 καὶ

272 5261 528 5331 ἑσπέρας
545 5277 561 5290 ·
588 5259 683 5324 νὺξ
706 5260 762 5313 δὲ
786 5261 888 5313 οὐκ
913 5259 1148 5328 ἐγένετο,
1180 5261 1301 5312 ἐπεὶ
1326 5258 1400 5331 μὴ
1426 5259 1585 5313 οὐσία
1610 5257 1705 5311 τοῦ
1734 5257 1861 5311 σκὸ-

273 5371 431 5416 τους.
467 5352 673 5419 ταύτης
712 5346 780 5422 ἦν
814 5351 1097 5422 ποιητική.
1133 5351 1196 5405 El
1231 5351 1288 5405 δέ
1329 5367 1494 5421 φησιν
1524 5352 1551 5403 ὁ
1584 5349 1860 5419 Μωῦσῆς,

281 5466 304 5497 ι
346 5444 606 5513 Ἐγένετο
647 5443 857 5513 ἑσπέρα
877 5443 970 5495 καὶ
988 5443 1203 5510 ἐγένετο
1243 5442 1407 5513 πρωῒ,
1440 5442 1625 5514 ἡμέρα
1661 5441 1758 5513 μία
1785 5481 1798 5505 ,
1840 5460 1859 5491 ι

279 5535 359 5597 ὡς
385 5533 451 5586 ἐκ
476 5533 668 5586 τούτου
699 5531 870 5585 νύκτα
911 5531 1127 5603 πρῶτον
1168 5532 1278 5586 ἀπὸ
1306 5534 1404 5604 τῆς
1446 5533 1684 5606 ἑσπέρας
1711 5531 1866 5600 γενέ-

285 5623 437 5688 σθαι,
472 5623 828 5693 νομίζεσθαι·
858 5623 972 5677 ἀλλ’
1004 5620 1097 5678 οὖν
1145 5625 1206 5678 οὐ
1240 5628 1304 5698 τῇ
1334 5627 1492 5694 τάξει
1524 5626 1633 5681 τῶν
1660 5625 1857 5696 ὄνομα·

395 5800 442 5837 ⁸³
474 5806 580 5861 lsa.
617 5821 742 5861 ην.
762 5811 873 5875 ’τ,Ἱ.
911 5808 954 5838 ³³
980 5805 1109 5862 ibid.
1136 5808 1189 5863 7.

1970 5174 2118 5227 bras.
2166 5168 2287 5223 Mox
2344 5167 2489 5221 enim
2544 5162 2785 5219 subtexit
2828 5177 2843 5212 :
2903 5177 2919 5209 ι
2967 5155 3192 5210 Faeieus
3245 5163 3431 5218 pacem
3498 5153 3554 5201 et

1968 5273 2163 5315 creans
2194 5255 2440 5321 malum;
2511 5266 2612 5321 ego
2650 5249 2791 5305 facio
2831 5247 3015 5302 omnia
3064 5244 3164 5297 ista
3198 5240 3265 5291 ³³.
3307 5256 3325 5289 ι
3360 5236 3553 5290 Testa-

1966 5360 2056 5405 tur
2090 5365 2150 5406 se
2181 5361 2370 5402 creare
2403 5344 2628 5407 maimn,
2654 5339 2906 5410 quamvis
2932 5352 2997 5391 ne
3026 5336 3130 5389 hoc
3159 5331 3378 5402 quidem
3412 5331 3556 5383 inter

1971 5440 2309 5498 substantias
2330 5437 2650 5492 collocetur.
2673 5431 2752 5487 Ne
2773 5431 2934 5500 igitur
2960 5427 3083 5497 quis
3101 5424 3205 5479 sibi
3228 5420 3557 5494 persuadeat

1969 5535 2258 5604 caliginem
2321 5529 2520 5584 factam
2564 5541 2684 5582 esse
2725 5522 2962 5595 priorem
2988 5559 3004 5584 ,
3043 5533 3164 5572 cum
3205 5527 3553 5585 nequaquam

1969 5623 2239 5681 subsistat
2281 5637 2295 5673 :
2332 5617 2427 5676 sed
2474 5615 2661 5673 credat
2721 5620 2835 5667 tum
2884 5609 3102 5665 demum
3135 5613 3383 5661 exortam
3427 5612 3556 5655 cum
