3922 6230
309 353 388 418 59
1624 352 1985 417 PROCOPII
2019 355 2266 418 GAZﬁSI

304 466 472 539 capit
497 466 680 522 lucem.
706 462 991 537 subsequi.
1033 463 1146 520 Nec
1201 463 1385 536 colligi
1441 471 1624 544 potest
1674 476 1881 524 noctem

1994 483 2102 520 των
2129 465 2445 520 ἀκολουθεῖν
2493 464 2810 535 ἀναγκαῖον.
2865 463 2930 518 Ἦ
2975 464 3082 536 γὰρ
3116 465 3327 538 ἑσπέρα
3373 467 3470 538 τῆς
3513 469 3598 524 ξω

304 575 430 617 esse
460 564 698 631 priorem
726 561 754 610 tl
780 573 834 622 e,
869 575 936 614 ex
967 557 1291 614 testimonio
1347 555 1538 624 Mosis,
1567 557 1714 628 quod
1751 575 1881 615 sem-

2003 560 2099 613 καὶ
2127 558 2230 628 τῆς
2251 557 2380 628 ὅλης
2409 556 2623 629 ἡμέρας
2678 555 2854 629 πέρας
2885 557 3065 624 ἐστὶν,
3095 557 3171 621 ὡς
3203 558 3421 623 πάντως
3459 559 3592 614 ἒπε-

304 668 403 724 per
429 652 764 722 praemittere
791 652 968 707 soleat
1001 649 1158 704 festis
1196 659 1436 716 noctem,
1461 660 1515 704 et
1544 649 1620 704 ab
1643 664 1708 706 ea
1739 665 1881 705 exora

2003 649 2127 703 σθαι
2149 651 2216 720 τῇ
2245 649 2430 722 ἡμέρᾳ
2461 648 2560 720 τὴν
2588 647 2777 706 νύκτα.
2803 646 2928 711 Πῶς
2950 648 3060 720 γὰρ
3079 648 3306 704 δυνατὸν
3337 651 3582 724 ἑσπέραν

307 741 420 794 diri
473 738 795 795 Sabbatum.
828 737 966 792 Nam
1021 739 1192 792 alium
1225 737 1388 792 linem
1426 739 1664 838 respexit
1695 738 1874 795 Moses

2001 740 2255 808 γενέσθαι
2309 738 2385 810 μὴ
2427 737 2809 810 προλαϐούσης
2859 740 3100 811 πρωῒαςς
3151 739 3251 810 Εῐη
3281 740 3326 793 δ’
3376 741 3444 794 ἂν
3491 741 3593 796 καὶ

305 831 518 888 scilicet
554 839 616 886 ut
648 831 821 898 magis
847 845 908 886 se
957 837 1277 900 praeparent.
1299 830 1556 886 homines
1583 831 1650 885 ad
1670 832 1904 887 audiat;

304 925 430 980 dam
459 925 946 996 legem,propterea
967 937 1156 993 magna
1175 925 1500 978 auctoritate
1521 923 1587 977 ad
1614 939 1881 993 vesperan

2001 940 2098 976 κον
2138 924 2266 995 περὶ
2308 922 2497 994 τρίτην
2540 923 2693 992 ὥραν
2744 922 3112 994 ἐσταύρωται,
3166 922 3273 976 ἀπὸ
3317 923 3373 976 δὲ
3420 923 3590 993 ἕκτης

309 1017 716 1087 praecedentem
772 1014 969 1070 indicit
1033 1016 1353 1070 Sabbatutn.
1431 1013 1779 1086 Quapropter
1837 1029 1881 1070 u‘

2002 1013 2192 1077 σκότος
2254 1013 2474 1083 ἐγένετο
2521 1013 2628 1075 ἓως
2676 1015 2875 1084 ἐνάτης
2924 1014 3020 1068 ἐπὶ
3067 1015 3250 1084 πάσης
3299 1015 3398 1086 τῆς
3458 1017 3582 1086 γῆς.

304 1107 490 1164 omnia
507 1108 618 1163 sint
638 1107 812 1177 magis
838 1107 1137 1170 luculenta,
1161 1107 1236 1160 ait
1262 1122 1276 1159 :
1317 1125 1336 1159 ι
1376 1105 1501 1160 Fuit
1522 1121 1746 1176 vespera
1770 1106 1881 1162 fuit~

2003 1102 2342 1174 Πληρούσθω
2365 1103 2478 1174 γὰρ
2501 1101 2576 1165 ὡς
2612 1105 2672 1157 ὲν
2702 1103 2860 1174 τύπῳ
2892 1103 2992 1172 μία
3023 1104 3209 1174 ἡμέρα
3241 1104 3330 1158 διὰ
3377 1104 3588 1158 τούτων

305 1215 414 1270 que
447 1215 608 1254 mane
634 1199 753 1254 dies
791 1215 964 1256 unus.
995 1219 1014 1252 ι
1047 1199 1164 1268 Non
1201 1199 1384 1269 inquit
1413 1197 1566 1254 :Nox
1594 1215 1724 1267 una,
1756 1200 1852 1256 sed
1879 1217 1881 1250 :

2011 1197 2176 1266 μέχρι
2205 1195 2304 1266 τῆς
2341 1195 2537 1266 ἐνάτης
2569 1195 2718 1269 ὥρας
2737 1213 2752 1228 ·
2779 1193 3036 1265 ἀρχέσθω
3059 1194 3116 1248 δὲ
3151 1197 3183 1266 ἡ
3216 1195 3445 1267 δευτέρα
3472 1197 3583 1250 ἀπὸ

312 1306 334 1338 ι
377 1288 500 1343 Dies
539 1303 706 1343 unus.
735 1305 756 1352 ι
791 1286 926 1341 Nam
959 1288 1078 1344 dies
1109 1287 1361 1344 constitit
1390 1303 1517 1343 cum
1537 1304 1881 1344 numeraren-

1996 1289 2098 1359 τῆς
2139 1289 2336 1358 ἐνάτης
2377 1287 2852 1358 ἐπακολουθούσης
2885 1287 2987 1358 ήδη
3033 1285 3135 1355 τῆς
3178 1287 3441 1352 πλατείας
3497 1307 3589 1342 νυ-

305 1388 397 1432 tur
428 1377 724 1434 interstitia
786 1379 1040 1432 matutini
1069 1387 1124 1434 et
1181 1381 1486 1449 vespertini
1528 1381 1794 1449 temporis
1827 1381 1881 1434 ac

1999 1378 2148 1442 κτόςο
2181 1379 2214 1450 ή
2245 1379 2302 1432 δὲ
2335 1377 2493 1450 τρίτη
2527 1377 2832 1448 λογιζέσθω
2857 1379 2967 1432 ἀπὸ
2995 1377 3092 1432 τοῦ
3123 1377 3427 1442 Σαϐδάτου,
3459 1396 3592 1434 συν-

301 1471 444 1526 lucis
473 1471 838 1526 curriculum.
883 1469 1080 1525 Verum
1120 1487 1234 1528 nox
1271 1486 1380 1526 non
1407 1478 1597 1526 creata
1634 1471 1720 1526 vel
1753 1469 1881 1526 lact:

1998 1471 2312 1542 απτομένης
2356 1471 2456 1541 τῆς
2496 1469 2674 1541 ὅψεως
2695 1470 2992 1524 Σαϐϐάτων
3026 1470 3126 1542 τῆς
3159 1471 3588 1543 ἑπιφωσκούσης

301 1571 406 1621 est.
437 1561 574 1618 Nam
633 1579 758 1619 cum
812 1565 965 1620 nulla
1007 1565 1081 1620 sit
1138 1565 1450 1620 substantia
1506 1565 1881 1628 tenebrarum.

1997 1566 2078 1630 είς
2113 1564 2212 1636 τὴν
2246 1565 2552 1634 Κυριακήν.
2597 1565 2662 1616 El
2697 1563 2757 1616 δὲ
2807 1562 2998 1634 πρώτη
3032 1563 3066 1634 ἡ
3096 1560 3212 1628 νὺξ.
3260 1583 3279 1614 ι
3333 1555 3588 1632 Ἐγένετο

301 1657 600 1726 nequivere
663 1666 882 1712 noctem
921 1672 1236 1728 procreare.
1281 1657 1542 1722 Quidam,
1573 1668 1634 1713 ut
1663 1657 1881 1714 dentom

1997 1654 2226 1724 ἑσπέρα,
2270 1653 2365 1708 καὶ
2399 1655 2618 1722 ἐγένετο
2647 1651 2834 1724 πρωῒ,·
2869 1671 2894 1705 ι
2924 1655 2957 1723 ἡ
2987 1653 3193 1708 διάνοια
3223 1651 3405 1725 ζητεῖν
3444 1655 3578 1708 ὐπο-

303 1757 480 1804 strent
503 1757 722 1804 noctem
757 1749 997 1820 priorem
1029 1749 1308 1804 conditam
1331 1765 1456 1805 esse
1506 1749 1618 1812 die,
1645 1765 1881 1818 sequun-

1997 1746 2182 1801 ϐάλλει
2203 1747 2326 1800 πότε
2337 1763 2426 1818 ρον
2452 1745 2556 1816 πρὸ
2577 1745 2668 1798 τοῦ
2690 1743 2945 1814 γενέσθαι
2968 1747 3182 1817 ἡμέραν
3207 1747 3416 1817 ἑσπέρα
3431 1747 3590 1814 γέγο.

305 1848 396 1893 tur
435 1840 541 1894 hoc
603 1815 880 1910 eloquium
931 1837 1142 1896 Musis:
1182 1858 1198 1891 ι
1239 1839 1367 1894 Fuit
1412 1854 1642 1908 vespera
1673 1815 1881 1910 fuitque

1991 1857 2103 1904 νεν,
2125 1840 2158 1912 ἢ
2180 1815 2454 1910 ληγούσης
2478 1815 2580 1908 τῆς
2619 1838 2872 1910 ῆμέραςς
2907 1815 3017 1892 Καλ
3037 1815 3095 1891 ἐν
3124 1837 3204 1910 τῷ
3223 1879 3238 1902 ,
3271 1859 3288 1892 ι
3343 1815 3592 1909 Ἒγένετο

304 1946 466 1986 mane
495 1929 614 1986 dies
641 1947 822 1988 unus:
854 1950 873 1984 ι
897 1947 1022 1986 nam
1047 1946 1332 2002 vesperam
1355 1929 1514 2001 juxta
1531 1931 1730 1986 seriem
1755 1947 1881 1985 nar-

1993 1931 2051 1984 δὲ
2090 1929 2256 2004 πρωῒ,
2299 1931 2486 2002 ἡμέρα
2521 1930 2638 2002 μία,
2673 1950 2693 1983 ι
2722 1929 2822 2000 τῆς
2853 1929 3080 2002 πρώτης
3127 1933 3335 2003 ἡμέρας
3369 1933 3489 1988 ἐστὶ
3525 1933 3592 1988 τδ

305 2021 536 2076 rationis
565 2023 796 2090 positam
853 2037 979 2078 esse
1010 2022 1188 2091 primo
1215 2022 1358 2086 loco,
1385 2027 1442 2076 et
1479 2037 1548 2102 ex
1591 2036 1656 2076 ea
1690 2019 1881 2077 deinde

1999 2023 2147 2094 πρωῒ
2177 2023 2210 2094 ἢ
2238 2023 2338 2094 τῆς
2370 2022 2680 2094 ἀρχομένης
2701 2022 2998 2094 δευτέρας;
3040 2025 3104 2077 El
3140 2023 3246 2094 γὰρ
3273 2025 3376 2096 τῆς
3431 2025 3593 2098 πρῶ·-

303 2125 520 2168 noetem
557 2113 900 2183 provenisse.
936 2114 1207 2170 Caeterum
1243 2128 1346 2169 nos
1387 2127 1735 2184 nequaquam
1770 2114 1881 2167 ani-

1995 2133 2115 2188 της,
2151 2115 2572 2184 συναπτομένων
2593 2117 2730 2188 αὐτῇ
2765 2115 2872 2169 τῶν
2896 2115 3022 2186 ἑξῆς
3045 2118 3371 2188 γενομένων,
3426 2120 3593 2192 εὑρε-

302 2217 454 2257 mum
481 2203 547 2257 ad
583 2205 876 2260 verborum
899 2205 1098 2260 seriem
1125 2204 1424 2274 appellere,
1449 2203 1548 2258 sed
1579 2203 1770 2257 virtuti
1802 2218 1881 2258 re-

1998 2208 2224 2274 θήσεται
2255 2208 2283 2260 ό
2315 2207 2600 2278 ἄνθρωπός
2641 2211 2708 2280 τῇ
2747 2208 2977 2284 πέμπτῃ
3013 2209 3304 2281 γενόμενος
3341 2214 3533 2284 ἡμέρα
3566 2228 3591 2246 ο

303 2308 424 2348 rum
477 2295 753 2364 applicare
807 2303 1043 2374 oportet.
1101 2293 1240 2350 Nam
1281 2310 1510 2366 vespera
1543 2293 1780 2350 orientis
1809 2305 1881 2373 to-

2000 2297 2361 2369 εύρεθήσεται
2409 2298 2467 2352 δὲ
2517 2301 2612 2354 καὶ
2655 2301 2684 2354 ὁ
2727 2300 2861 2365 Θεὸς
2916 2303 2980 2374 τῇ
3026 2300 3168 2374 ἕκτῃ
3215 2303 3590 2372 καταπαύσας

307 2389 527 2460 tiusque
575 2392 683 2446 diei
715 2371 984 2448 terminus
1031 2391 1116 2448 vel
1164 2391 1288 2447 linis
1325 2397 1432 2445 est.
1459 2388 1600 2444 Hinc
1642 2371 1894 2458 sequitur
2001 2389 2211 2460 ἡμέρᾳ.

301 2480 446 2537 diem
492 2483 727 2553 priorem
756 2499 882 2540 esse
921 2491 1102 2540 nocte.
1139 2482 1272 2550 Qua:
1313 2483 1454 2537 ratio
1491 2480 1784 2552 permittit,
1821 2487 1880 2534 ut
1918 2479 1990 2535 sit
2021 2495 2268 2547 vespera,
2299 2479 2404 2534 nisi
2441 2481 2714 2551 praecedat
2753 2491 2970 2554 tempus
3037 2487 3362 2542 matutinum
3388 2491 3415 2544 τ
3474 2489 3593 2546 Erit

302 2588 436 2630 sane
489 2575 544 2630 in
593 2575 737 2632 hunc
797 2577 1020 2632 modum
1061 2576 1406 2632 resurrectio
1443 2575 1749 2630 Sa-lvatoris
1780 2573 2150 2638 tridualis,si,
2185 2583 2245 2627 ut
2305 2575 2557 2644 perhibet
2607 2573 2822 2631 Marcus
2843 2575 2984 2640 "'",
3029 2579 3186 2633 tertia
3252 2579 3390 2636 liora
3469 2595 3595 2639 cru-

241 2695 250 2707 ~
301 2665 502 2722 cilixus
527 2677 634 2724 est.
661 2668 706 2723 Α
735 2677 888 2726 sexta
921 2672 1055 2724 liora
1083 2669 1324 2725 tenebra:
1346 2678 1550 2725 exorta:
1565 2675 1696 2723 sunt
1725 2683 1890 2738 super
1928 2668 2240 2723 universam
2291 2677 2494 2723 terram
2591 2677 2982 2739 permanentes
3054 2687 3233 2740 usque
3273 2674 3341 2729 ad
3389 2675 3588 2732 horam

300 2772 528 2817 nonam.
555 2761 936 2818 Constituatur
972 2762 1178 2832 itaque,
1241 2761 1474 2832 exempli
1500 2760 1696 2830 gratia,
1734 2776 1878 2816 unus
1911 2760 2029 2816 dies
2067 2775 2162 2830 per
2201 2761 2318 2814 haec
2383 2761 2669 2815 intervalla
2716 2761 2782 2816 ad
2854 2777 3053 2817 nonam
3127 2780 3303 2832 usque
3371 2766 3588 2822 horam.

300 2848 602 2920 lncipiatur
633 2852 833 2907 deinde
883 2853 1006 2908 dies
1061 2853 1200 2906 alter
1230 2867 1259 2906 a
1306 2867 1448 2906 nona
1482 2851 1616 2907 hora
1675 2850 1956 2919 sequentis
1995 2851 2171 2906 noctis
2214 2840 2572 2920 intempestae.
2637 2849 2861 2906 Tertius
2951 2863 3298 2924 computetur
3353 2871 3385 2910 a
3449 2857 3590 2914 Sab-

297 2943 428 2998 bato
461 2943 674 3013 adjecta
710 2943 1076 3000 Sabbatorum
1099 2961 1349 3017 vespera,
1380 2962 1503 3017 quae
1556 2946 1786 3002 lucescit
1809 2945 1864 3000 in
1903 2945 2047 3000 diem
2076 2944 2440 3000 Dominicum.
2467 2943 2676 3001 Hrcde
2730 2945 2915 3001 triduo
2977 2949 3420 3014 resurrectionis,
3477 2961 3590 3007 etc.

299 3041 502 3098 Verum
539 3041 586 3098 si
617 3057 724 3098 nox
749 3047 1046 3101 antecessit
1076 3046 1242 3112 diem,
1287 3054 1346 3100 ut
1395 3047 1616 3118 quidam
1647 3048 1961 3118 opinantur,
2021 3047 2298 3118 quomodo
2364 3046 2540 3104 Moses
2610 3051 2686 3104 ait
2731 3065 2745 3103 :
2830 3067 2848 3102 ι
2883 3047 3008 3104 Fuit
3048 3063 3277 3118 vespera
3367 3045 3594 3114 fuitque

297 3152 462 3192 mane
495 3136 614 3194 dies
645 3139 814 3196 unus?
851 3159 871 3191 ι
908 3139 1143 3200 Animus
1195 3130 1282 3198 lsic
1319 3144 1630 3200 consistere
1705 3143 1914 3214 nequit,
1989 3143 2086 3199 sed
2149 3143 2427 3214 inquirere
2479 3144 2792 3212 conabitur,
2845 3159 2920 3201 an
2969 3158 3193 3214 vespera
3259 3141 3587 3214 przevenerit

299 3231 474 3302 diem;
517 3240 632 3298 aut,
658 3250 724 3289 an
759 3243 874 3290 tum
904 3236 1123 3292 demum
1177 3240 1484 3304 emerserit,
1520 3254 1645 3293 cum
1685 3237 1986 3292 cessaverit
2019 3237 2160 3293 dies.
2221 3235 2280 3291 In
2343 3239 2467 3292 istis
2533 3237 2762 3294 verbis:
2833 3256 2852 3290 ι
2902 3236 3028 3292 Fuit
3073 3251 3301 3305 Vespera
3373 3235 3586 3306 fuitque

297 3342 458 3384 mane
511 3329 628 3384 dies
678 3345 843 3398 unus,
883 3350 902 3383 ›
939 3342 1067 3396 etc.,
1113 3333 1458 3404 intelligitur,
1514 3344 1610 3388 aut
1661 3333 1870 3404 prioris
1921 3331 2030 3388 diei
2100 3331 2434 3386 matutinum
2494 3339 2731 3400 tempus,
2774 3342 2867 3388 aut
2897 3331 3128 3390 secundi
3162 3331 3270 3386 diei
3303 3329 3414 3400 jam
3443 3329 3588 3386 inci-

296 3419 518 3488 pientis.
561 3420 620 3476 Si
661 3422 862 3491 prioris
889 3425 995 3480 diei
1027 3427 1262 3498 respicis
1281 3431 1607 3484 matutinum
1641 3437 1876 3497 tempus,
1917 3425 1963 3484 si
1999 3425 2050 3480 ei
2075 3425 2749 3498 conjungesinsequeutes
2769 3427 2909 3492 dies,
2979 3425 3231 3482 invenies
3300 3423 3600 3480 hominem.

3515 345 3692 420 ὅθ’

1995 835 2295 904 τριήμερος
2325 833 2358 902 ἡ
2384 829 2478 884 τοῦ
2509 831 2760 900 Σωτῆρος
2803 830 3101 896 ἀνάστασις
3126 873 3142 898 ,
3179 833 3228 884 e-l
3261 831 3404 885 κατὰ
3431 833 3592 902 Mip-
3689 904 3694 908 .

299 3511 388 3568 die
417 3513 610 3583 quinto
640 3529 765 3572 esse
792 3517 1070 3576 conditum
1116 3541 1128 3575 :
1164 3531 1218 3576 et
1247 3522 1487 3591 reperies
1537 3521 1702 3577 Deum
1731 3519 2008 3590 quievisse
2032 3517 2126 3572 die
2151 3515 2333 3574 sexto.

368 3599 570 3661 Verum
597 3607 701 3664 hoc
733 3617 847 3666 tum
871 3612 998 3676 erit.
1021 3629 1145 3668 cum
1179 3615 1347 3671 latius
1367 3614 1628 3672 fortassis
1657 3617 1921 3685 arcipie-'

296 3711 423 3752 mus
455 3697 752 3756 dictionem
795 3720 970 3770 mane,
1005 3705 1076 3760 ita
1103 3715 1161 3761 ut
1191 3707 1263 3762 ad
1301 3707 1442 3763 diem
1475 3709 1749 3776 pertinere
1793 3708 1880 3762 di-

298 3803 511 3861 camus,
557 3795 706 3864 quod
777 3794 945 3851 simili
1010 3801 1226 3854 ratione
1257 3807 1310 3856 et
1342 3799 1410 3855 de
1449 3807 1612 3855 nocte
1647 3800 1877 3872 intelligi

298 3885 520 3956 poterit.
553 3885 896 3958 Quapropter
946 3887 1186 3945 Joannes
1225 3890 1587 3959 evangelista,
1631 3905 1756 3944 cum
1793 3889 1880 3942 di-

298 3980 492 4043 xisset,
535 3996 708 4043 tuane,
739 3989 795 4036 ut
844 3983 1030 4036 omnia
1085 3991 1275 4038 essent
1309 3983 1574 4046 clariora,
1620 3982 1877 4038 addidit:

305 4091 324 4122 ο
363 4071 498 4126 Cum
525 4072 706 4127 adhuc
749 4082 943 4144 essent
990 4075 1254 4130 tenebrae.
1292 4095 1311 4127 ι
1349 4075 1590 4141 Marcus,
1623 4090 1746 4130 cum
1785 4090 1883 4142 po-

301 4162 544 4218 suisset:
577 4160 797 4218 Summo
850 4163 1112 4232 diluculo,
1176 4166 1418 4220 admovit
1449 4175 1504 4222 et
1549 4165 1875 4236 sequentia:

305 4275 324 4307 ι
360 4255 566 4312 Exorto
595 4257 731 4311 sole.
773 4276 790 4310 ι
817 4257 1112 4325 Caeterum,
1147 4269 1205 4314 ut
1236 4267 1498 4331 apparet,
1539 4269 1770 4330 uterque
1811 4276 1878 4316 ex

299 4348 734 4403 circumstantiis
761 4365 874 4405 rem
906 4352 1278 4408 consideravit
1320 4360 1380 4408 et
1409 4352 1652 4422 scripsit.
1693 4351 1750 4407 Si
1783 4369 1881 4408 au-

297 4447 406 4493 tem
444 4441 568 4510 quis
603 4441 838 4508 accipiat
866 4442 1168 4499 diluculum
1219 4460 1314 4501 seu
1365 4460 1527 4500 mane
1577 4445 1876 4501 conﬁnium

297 4530 406 4587 diei
436 4531 732 4603 noctisque
757 4533 1124 4602 individuum,
1158 4546 1217 4590 ut
1245 4537 1425 4608 ipsum
1448 4552 1610 4593 mane
1639 4537 1774 4593 nihil
1809 4537 1881 4593 ab

297 4632 531 4691 u'roque
559 4629 807 4693 tempore
834 4639 1062 4693 prorsus
1094 4635 1381 4681 mutuetur
1402 4667 1418 4692 ,
1473 4628 1755 4700 quomodo
1795 4627 1878 4682 di-

296 4724 390 4766 cas
431 4728 446 4766 :
491 4711 669 4778 Mane.
729 4715 812 4771 vel
863 4715 972 4771 diei
1021 4718 1101 4773 vel
1133 4720 1313 4775 noctis
1375 4720 1460 4778 vel
1517 4729 1880 4790 utrarumque

297 4803 551 4869 partem?
583 4803 688 4860 Sed
758 4806 875 4862 bmc
918 4823 1005 4864 res
1039 4808 1372 4866 luculentior
1415 4812 1542 4873 erit.
1599 4811 1646 4867 si
1691 4827 1878 4867 exem-

295 4890 446 4960 plum
481 4893 815 4966 dederimus.
838 4897 1006 4954 Linea
1038 4900 1286 4970 quaedam
1330 4902 1680 4959 indivisibilis
1727 4902 1878 4956 liniat

2067 3610 2240 3666 Τοῦτο
2279 3612 2379 3682 μὲν
2413 3609 2508 3666 οὖν
2544 3611 2744 3683 ἀληθὲς
2792 3612 2842 3665 εἱ
2895 3611 3172 3676 πλατικῶς
3208 3609 3602 3682 λαμϐάνωμεν(

1987 3705 2048 3759 τὸ
2086 3705 2236 3774 πρωῒ
2301 3705 2455 3776 παρά
2483 3704 2532 3758 τ’
2566 3706 2626 3758 ἐν
2662 3703 2812 3774 αύτῷ
2855 3705 2953 3774 τῆς
2996 3705 3210 3774 ἡμέρας
3263 3703 3581 3774 δεχόμενον

1987 3797 2124 3866 ὅπερ
2166 3797 2304 3850 κάπὶ
2325 3796 2430 3866 τῆς
2473 3796 2668 3858 νυκτὸς
2711 3795 2914 3864 ὁμοίως
2959 3794 3176 3860 ἐξέσται
3219 3797 3381 3848 νοεῖν.
3418 3795 3598 3848 Ὀθενρ

1987 3890 2016 3942 ὁ
2041 3889 2140 3959 μὲν
2191 3889 2450 3960 Ἰωάννης
2501 3885 2677 3941 εἰπὼν
2713 3886 2794 3951 τὸ,
2851 3886 3021 3956 πρωῒ,
3059 3885 3367 3957 προσέθηκε
3406 3905 3424 3940 ι
3458 3905 3587 3940 σκο-

1989 3983 2108 4044 τίσις
2140 3981 2220 4034 ἔτι
2257 3979 2424 4052 οὔσης
2444 3995 2456 4010 ·
2493 3999 2513 4033 ι
2537 3983 2564 4035 ὁ
2590 3981 2646 4034 δὲ
2691 3981 2937 4050 Μάρκος,
2961 3980 3116 4047 πρωῒ
3135 4021 3149 4046 ,
3169 3979 3286 4045 καὶ,
3311 3998 3329 4031 ι
3366 3979 3588 4034 ἀνατεί-

1986 4074 2178 4138 λαντος
2211 4073 2305 4126 τοῦ
2335 4072 2517 4142 ἡλίου,
2566 4091 2584 4126 ι
2623 4072 2882 4143 ἑκάτερος
2909 4071 2972 4124 ἐκ
2999 4071 3109 4125 τῶν
3145 4072 3583 4143 παρακειμένων

1985 4166 2083 4237 τὴν
2113 4165 2491 4238 προσηγορίαν
2520 4157 2872 4236 ποιούμενος.
2912 4165 2972 4218 El
2991 4163 3049 4218 δὲ
3084 4163 3341 4236 μεθόριον
3367 4165 3583 4236 ἀμερὲς

1986 4258 2178 4322 νυκτός
2221 4275 2282 4312 τε
2314 4260 2406 4312 καὶ
2457 4259 2674 4330 ἡμέρας
2714 4259 3022 4330 ἐκδέχοιντο
3067 4258 3128 4310 τὸ
3181 4257 3348 4328 πρωῒ,
3405 4257 3594 4330 μηδὲν·

1983 4351 2094 4404 τῶν
2129 4351 2557 4422 παρακειμένων
2606 4350 2667 4416 ἐξ
2723 4351 2986 4422 ἑκατέρου
3029 4350 3305 4418 λαμϐάνον
3352 4325 3588 4422 καιρδῦ..

1987 4443 2107 4504 πῶς
2135 4442 2234 4512 τῆς
2261 4442 2473 4514 ἡμέρας
2521 4442 2692 4514 μόνης
2720 4442 2762 4513 ἢ
2809 4441 2908 4512 τῆς
2943 4445 3140 4505 νυκτὸς
3183 4440 3216 4510 ἢ
3263 4440 3360 4495 καὶ
3401 4442 3586 4512 ἀμφο-

1985 4535 2158 4606 τέρων
2179 4535 2468 4604 γενήσεται
2496 4533 2700 4605 μέρος;
2729 4532 2910 4588 Οίονεὶ
2936 4533 3046 4603 γὰρ
3067 4532 3302 4604 γραμμή
3320 4531 3403 4594 τίς
3430 4533 3582 4586 ἐστιν

1985 4627 2196 4697 ἀμερὴς
2230 4625 2542 4697 περατοῦσα
2568 4625 2778 4680 τούτων
2809 4627 3091 4695 ἑκάτερον,
3129 4623 3332 4696 μᾶλλον
3354 4624 3410 4678 δὲ
3436 4625 3584 4679 κατὰ

1984 4717 2206 4783 ταυτὸν,
2250 4719 2350 4788 τῆς
2393 4717 2490 4789 μὲν
2529 4717 2698 4788 ἀρχὴ,
2746 4719 2844 4786 τῆς
2881 4717 2939 4771 δὲ
2982 4718 3158 4788 πέρας
3207 4717 3584 4788 τυγχάνουσα.

1985 4808 2288 4880 Τοιγαροῦν
2315 4811 2343 4863 ό
2401 4809 2642 4881 Μωῦσῆς
2685 4809 2756 4863 τὰ
2800 4811 2908 4862 τῶν
2939 4808 3152 4880 καιρῶν
3193 4807 3340 4880 ἄκρα
3373 4807 3580 4871 λαϐὼν,

1983 4900 2052 4954 τὰ
2083 4901 2223 4972 μέσα
2247 4899 2338 4954 διὰ
2365 4899 2570 4955 τούτων
2601 4900 2874 4972 ἐδήλωσεν
2895 4941 2910 4966 ,
2946 4901 3045 4953 οὐκ
3083 4899 3148 4954 ἃν
3169 4901 3226 4953 ὲν
3257 4899 3450 4971 ἄκροις
3480 4900 3582 4954 θα-

293 4992 404 5038 tam
433 4995 649 5042 noctem
683 5003 847 5058 quam
871 4989 1038 5047 diem.
1075 4991 1132 5047 Si
1165 5009 1277 5049 rem
1332 4995 1572 5065 penitius
1615 4994 1871 5064 introspi-

1988 4994 2142 5064 τέρου
2199 4994 2366 5065 μέρος
2410 4992 2610 5048 εἰπών·
2665 4994 2895 5064 ἀριθμεῖ
2945 4992 3002 5046 δὲ
3061 4991 3163 5056 τὰς
3217 4991 3432 5063 ἡμέρας
3479 4991 3582 5046 τοῦ
3677 5065 3684 5072 _

293 5089 420 5132 cere
451 5075 810 5146 voluerimus,
858 5082 1026 5148 linea.
1068 5102 1188 5155 quae
1217 5087 1444 5142 alterius
1486 5087 1651 5142 fuerit
1674 5088 1883 5158 princi-

292 5165 466 5235 pium,
492 5167 718 5226 alterius
743 5170 866 5228 linis
883 5189 1006 5230 esse
1030 5178 1256 5244 patebit.
1281 5178 1418 5233 lline
1433 5185 1487 5232 et
1515 5178 1716 5245 Moses,
1744 5188 1882 5234 tem-

296 5271 490 5325 porum
523 5262 901 5320 extremitates
952 5282 1187 5336 ponens,
1242 5272 1421 5325 media
1451 5273 1623 5326 voluit
1655 5287 1750 5341 per
1783 5287 1877 5328 eas

295 5345 642 5422 significare;
674 5370 776 5414 nec
812 5355 933 5425 ejus
961 5359 1178 5416 animus
1210 5359 1334 5426 fuit,
1360 5363 1413 5416 in
1437 5363 1876 5420 extre-uitalibus

297 5437 588 5507 utriusque
645 5457 849 5510 partem
899 5461 1356 5509 commonstrare.
1402 5453 1606 5508 Exacta
1637 5455 1725 5508 illa
1756 5455 1876 5509 die-

298 5543 422 5583 rum
451 5538 865 5596 enumeratione
921 5558 1024 5598 nos
1085 5543 1264 5608 docet,
1298 5545 1559 5600 mundum
1612 5562 1720 5600 non
1755 5562 1878 5603 esse

297 5626 584 5690 aeternum,
617 5627 766 5684 seda
785 5631 894 5688 Deo
909 5635 1212 5694 conditum.
1230 5635 1372 5694 Deus
1404 5637 1586 5709 opilex
1610 5655 1715 5696 non
1738 5653 1875 5698 tem-

371 5797 488 5834 ³³⁸³⁸
516 5797 683 5858 Marc.
737 5819 829 5873 xv,
854 5807 950 5867 ‘33.

1987 5084 2216 5155 κόσμου,
2257 5086 2320 5139 τὸ
2366 5087 2592 5158 γενητὸν
2635 5085 2882 5158 ἀκριϐῶς
2931 5083 3283 5156 παραστῆσαι
3317 5083 3583 5154 βουλόμε-

1984 5195 2094 5242 νος.
2129 5179 2337 5250 Χρόνου
2377 5179 2486 5252 γὰρ
2525 5181 2585 5234 ού
2629 5179 2804 5233 δεῖται
2853 5175 3206 5249 δημιουργῶν
3239 5177 3266 5228 δ
3308 5173 3461 5237 Θεός.
3498 5175 3579 5228 Οὐ

1987 5270 2092 5340 μὴν
2123 5269 2334 5326 ἄτακτα
2353 5273 2420 5326 τὰ
2445 5272 2710 5342 γεγονότα
2743 5273 2908 5337 ποιεῖ,
2939 5267 3176 5339 ἀριθμὸς
3205 5267 3263 5322 δὲ
3294 5267 3393 5340 τὴν
3419 5266 3582 5333 τάξιν

1979 5361 2291 5432 ἐργάζεται.
2325 5363 2490 5418 Ὅθεν
2534 5364 2634 5418 οὐκ
2680 5359 2824 5428 εἷπε,
2855 5361 3070 5433 πρώτη,
3101 5361 3239 5415 ἀλλὰ
3281 5362 3410 5432 μία.
3485 5360 3584 5416 Ἐν

1981 5453 2091 5524 γὰρ
2110 5457 2218 5518 τοῖς
2247 5453 2364 5525 ἅμα
2392 5455 2754 5526 τυγχάνουσιν
2785 5456 2885 5508 οὐκ
2918 5453 3036 5508 ἔστι
3072 5453 3292 5525 πρῶτον
3315 5453 3414 5508 καὶ
3447 5451 3583 5506 δεύ-

1985 5564 2169 5617 τερον·
2197 5548 2312 5602 ἀλλ’
2343 5551 2576 5626 ἐπείπερ
2621 5552 2654 5621 ἠ
2697 5549 2948 5618 διήγησις
2988 5548 3088 5618 τὴν
3115 5546 3266 5611 τάξιν
3309 5545 3445 5618 ἔχει,
3484 5546 3578 5602 διὰ

1985 5639 2142 5696 τοῦτο
2177 5640 2314 5712 μετὰ
2343 5641 2438 5712 τὴν
2466 5641 2615 5712 μίαν
2648 5640 2742 5694 καὶ
2774 5637 3064 5708 δευτέραν
3085 5637 3303 5706 λέγεται
3335 5636 3429 5690 καὶ
3472 5634 3577 5706 μέ-
