3922 6230
789 341 811 366 η

181 407 260 475 σι
1191 409 1196 414 ’
1298 407 1815 471 (ῘΟΜΜΕΝΤΑΒΕ

1920 408 1949 469 t
1993 403 2350 468 GENESIN.
2593 359 2600 366 ’
2649 397 2667 417 ·
2721 369 2732 380 ’
3395 383 3466 447 ea

179 540 286 595 ιρι
313 520 429 574 τῶν
451 517 533 586 ἓξ,
581 519 744 574 ἕνεκα
773 513 998 584 τάξεως.
1029 518 1094 571 Ei
1128 516 1186 572 δὲ
1225 516 1406 584 τοῦτο,
1453 516 1672 578 πάντως
1695 516 1788 568 καὶ

1920 529 2021 570 ποτε
2067 529 2207 584 opus
2273 510 2458 566 habet.
2513 503 2626 561 Nec
2657 510 2835 558 tamen
2873 496 3122 562 confuse,
3155 492 3248 549 sed
3281 490 3467 548 debito

183 613 432 686 πρώτην
461 611 964 684 προεπινοουμένην
989 609 1228 680 ἔχουσιν,
1253 611 1320 679 ἢν
1350 607 1479 676 μίαν
1506 605 1786 670 ἐκάλεσεν,

181 708 251 759 τό
274 724 340 760 τε
368 707 474 775 τῆς
509 704 875 778 δημιουργίας
905 703 1170 774 δηλοῦσαν
1194 701 1392 773 ἀθρόον
1415 716 1429 732 ’
1469 699 1564 754 καὶ
1587 699 1668 756 ὅτι
1691 697 1789 761 τὰς

183 800 422 869 ἡμέρας
464 801 568 852 οὒκ
601 797 772 862 οῦσας
803 797 990 864 ἔταξεν
1023 797 1052 849 ὀ
1085 795 1252 860 Θεὸς⁹
1289 792 1428 849 ἀλλὰ
1460 793 1556 846 καὶ
1583 791 1789 864 τούτων

189 891 325 944 ἐστὶ
366 890 743 960 δημιουργὸς,
788 887 1012 960 πρώτην
1064 887 1298 954 ποιήσας
1349 883 1478 956 μίαν
1531 882 1788 952 ἡςλέρανο

189 984 352 1054 ἥτις,
388 983 562 1054 μήπω
591 981 702 1034 τῶν
728 981 904 1036 ἄλλων
948 978 1146 1042 οὐσῶν,
1185 976 1286 1030 οὐκ
1311 975 1540 1034 εἰκότως
1568 972 1787 1039 ἐλέγετο

191 1071 425 1143 πρώτη.
461 1073 529 1125 Δί
557 1071 614 1126 δὲ
645 1073 838 1126 λοιπαὶ
878 1069 1263 1141 προστεθεῖσαι
1293 1065 1392 1136 τὴν
1421 1065 1594 1130 τάξιν,
1627 1063 1786 1132 ἔσχον

191 1162 586 1233 προσηγορίαν
617 1163 738 1216 καθ’
778 1163 844 1232 ἡν
873 1161 1011 1232 μετὰ
1047 1162 1146 1228 τὴν
1182 1159 1312 1230 μίαν
1353 1158 1602 1226 ἐγένοντο
1646 1153 1792 1208 κατὰ.

195 1255 365 1322 λόγον
392 1257 497 1323 τῆς
521 1255 582 1320 ἐξ
605 1255 775 1322 αὐτῆς
808 1253 1183 1316 ἀποστάσεως.

1894 608 2222 679 16'ordine
2275 619 2437 674 opera
2464 615 2563 658 sua
2595 595 2825 668 perlicit.
2862 592 2930 648 At
2973 590 3027 645 in
3064 585 3258 660 primis
3281 599 3468 640 nume-

1889 717 1986 755 rus
2014 699 2261 755 ordinem
2294 702 2537 766 praestat.
2560 690 2903 758 Quapropter
2931 682 3108 752 inquit
3129 697 3141 732 :
3160 679 3271 732 dies
3310 691 3495 766 unus,’

1891 793 1945 840 et
1997 801 2130 848 non,
2186 783 2418 852 primus.
2453 779 2587 834 Nam
2626 777 2682 832 in
2717 790 2822 828 uno
2863 787 2971 826 non
3029 771 3188 824 datur
3223 775 3470 819 statuere

1893 876 1978 930 vel
2012 874 2247 945 primum
2277 874 2360 927 vel
2395 870 2717 928 secundum.
2760 865 3032 919 Cmtcrum
3075 873 3197 914 cum
3232 855 3474 910 narratio

1895 982 2005 1020 non
2052 969 2170 1020 sine
2203 963 2394 1017 ordine
2444 962 2682 1024 feratur,
2744 963 2870 1027 post
2932 951 3424 1010 dictionem,unus
3459 980 3476 1006 ,

1895 1059 2110 1121 dicitur,
2171 1054 2453 1118 secundus,
2508 1063 2562 1107 et
2593 1053 2666 1105 ita
2713 1063 2888 1118 usque
2935 1045 3000 1099 ad
3053 1054 3264 1102 sextum
3315 1037 3476 1091 diem.

1896 1151 1989 1219 sed
2024 1158 2277 1218 respectu
2315 1145 2549 1200 ordinis.
2571 1144 2707 1198 Cum
2739 1141 2954 1196 dicatur
2983 1153 2995 1188 :
3037 1154 3054 1186 ι
3089 1131 3244 1189 Unus
3277 1129 3415 1190 dies,
3453 1143 3472 1176 ι

1898 1256 1995 1296 nec
2017 1240 2248 1310 primus,
2289 1251 2420 1302 etc.,
2455 1232 2791 1305 signiﬁcatur
2832 1244 2940 1283 una
2992 1223 3290 1281 creationis
3341 1232 3481 1286 opus

196 1361 334 1400 esse
363 1353 671 1412 peractum.
708 1343 914 1398 Deinde
949 1343 1354 1398 demonstratur
1398 1343 1630 1401 dierum,
1659 1336 1790 1407 quia
1821 1341 1948 1388 ante
1977 1347 2086 1386 non
2115 1316 2294 1396 fuere,
2347 1328 2680 1384 creationem
2743 1323 2852 1378 Deo
2920 1333 3044 1374 esse
3113 1323 3341 1384 accepto
3401 1313 3482 1368 fe-

198 1437 472 1490 rendam.
500 1434 634 1489 Nam
692 1444 748 1491 et
804 1430 904 1490 hos
923 1435 1150 1497 creavit,
1201 1437 1374 1505 primo
1408 1433 1616 1488 faciens
1647 1430 1794 1484 diem
1871 1439 2058 1488 unum,
2091 1423 2181 1493 qui
2211 1421 2353 1476 haud
2385 1418 2680 1479 immerito,
2719 1429 2844 1468 cum
2880 1409 3060 1466 caeteri
3093 1407 3332 1462 nondum
3397 1403 3484 1458 lo-

198 1540 358 1594 τειης
409 1545 520 1583 non!
568 1530 804 1599 primus,
836 1530 929 1586 sed
965 1545 1107 1586 unus
1143 1529 1327 1584 dictus
1353 1537 1458 1584 est.
1495 1528 1564 1581 At
1587 1524 1792 1584 caeteri,
1831 1521 1922 1590 qui
1946 1516 2445 1586 consequebantur,
2498 1512 2615 1566 dies
2675 1513 2970 1564 tenuerunt
3046 1516 3168 1558 eam
3243 1496 3484 1568 appella-

199 1621 451 1684 tionem,
487 1636 648 1690 quam
677 1629 799 1690 post
831 1621 1063 1690 primum
1099 1621 1347 1675 Collocati
1383 1634 1448 1674 ex
1479 1611 1929 1672 suis'iutcrvallis
1965 1608 2146 1677 adepti
2173 1613 2322 1662 sunt.

282 1714 454 1768 Κατὰ
496 1714 586 1767 τὸν
613 1715 776 1767 αὑτὸν
814 1714 870 1767 δὲ
901 1714 1102 1783 τρόπον
1143 1713 1239 1766 καὶ
1289 1713 1414 1784 μίαν
1440 1711 1534 1766 τοῦ
1576 1709 1742 1781 μηνὸς
1771 1709 1806 1779 ἡ
1839 1714 1878 1766 Β

204 1805 410 1877 Γραφὴ
431 1803 534 1876 τὴν
572 1805 794 1877 πρώτην
822 1805 1002 1870 καλεῖ,
1035 1805 1130 1859 καὶ
1172 1806 1302 1876 μίαν
1330 1804 1648 1858 Σαϐϐάτων.
1676 1802 1804 1856 Ἀλ-

205 1896 322 1961 ὶως
370 1913 435 1950 τε
471 1900 782 1967 παράτασιν
828 1897 1044 1968 ἡμέραν
1079 1897 1207 1968 μίαν
1250 1897 1534 1960 ἐκάλεσεν,
1588 1894 1702 1950 ἀλλ’
1741 1894 1804 1947 ού

207 1985 475 2059 πρώτην.
513 1987 579 2041 Ἦ
616 1987 718 2058 μὲν
744 1987 855 2056 γάρ
883 1987 1116 2060 δευτέρα
1147 1988 1239 2041 καὶ
1267 1988 1427 2059 τρίτη
1450 1987 1544 2040 τὸν
1577 1985 1806 2056 ἀριθμὸν

207 2081 564 2136 ἑναλλάττει.
597 2083 671 2135 Τὸ
695 2082 754 2136 δὲ
780 2083 894 2152 φῶς
927 2083 1088 2153 μένον
1119 2083 1178 2136 τὸ
1214 2083 1347 2136 αὐτὸ
1380 2063 1578 2150 κληθὲν
1599 2081 1806 2150 ἡμέρα,

213 2174 349 2244 μίαν
378 2175 478 2244 ἀφ’
508 2168 576 2246 ἧς
596 2174 800 2244 ἤρξατο
827 2173 933 2238 ’έως
971 2174 1051 2226 ἔτι
1081 2175 1177 2228 καὶ
1215 2174 1295 2227 ἔτι
1329 2171 1617 2247 καλεῖσθαι
1642 2171 1805 2224 ποιεῖ.

219 2266 288 2319 Ἠ
333 2265 491 2335 αὐτὴ
527 2265 636 2336 γὰρ
672 2269 730 2319 ἐν
781 2266 986 2328 πάσαις
1031 2265 1270 2336 ἡμέραις
1299 2265 1477 2334 φωτὸς
1515 2263 1767 2331 ἐνέργεια
1789 2277 1808 2294 ο

211 2355 294 2408 διὸ
349 2356 414 2409 αἱ
461 2356 664 2420 πᾶσαι,
719 2355 839 2426 μία.
877 2353 1044 2408 Μετὰ
1083 2355 1214 2424 γοῦν
1250 2353 1311 2407 τὸ
1349 2351 1700 2406 καταπαῦσαι
1741 2353 1808 2420 τῇ

217 2448 437 2519 ἑϐδόμῃ
468 2447 565 2500 τὸν
593 2447 727 2500 Θεὸν
758 2447 867 2500 ἀπὸ
891 2447 998 2500 τῶν
1035 2445 1213 2516 ἔργων
1243 2444 1430 2509 αὑτοῦ,
1466 2443 1810 2514 ἐπιφέρεται*

221 2559 244 2592 ι
278 2539 444 2611 Δῦτη
482 2539 521 2610 ἡ
558 2537 737 2608 βίϐλος
773 2537 1004 2608 ούρανοῦ
1056 2538 1152 2590 καὶ
1192 2537 1316 2606 γῆς,
1363 2537 1451 2590 ὅτε
1497 2535 1735 2603 ἐγένετο,

225 2629 426 2700 ἡμέρα
457 2628 721 2697 ἐποίησεν
746 2629 774 2680 ό
813 2627 946 2690 Θεὸς
992 2624 1084 2680 τὸν
1108 2625 1334 2692 οὐρανὸν
1367 2625 1460 2678 καὶ
1499 2623 1596 2693 τὴν
1623 2623 1746 2692 γῆν.
1789 2641 1808 2673 ι

234 2719 382 2774 Ἰδοὺ
412 2718 528 2790 γὰρ
561 2719 656 2772 καὶ
691 2717 832 2789 μετὰ
869 2719 970 2787 τὴν
996 2717 1230 2788 ἑϐδόμην
1251 2759 1266 2783 ,
1303 2716 1432 2787 μίαν
1456 2713 1660 2783 ταύτην
1683 2713 1816 2768 ἐκάε-

219 2815 348 2866 lace
376 2830 392 2842 θ
448 2811 528 2882 μή
573 2827 704 2864 ποτε
729 2811 823 2864 καὶ
857 2811 988 2880 περί
1029 2811 1126 2881 τῆς
1165 2810 1294 2879 μιᾶς
1337 2807 1546 2874 ταύτης
1590 2807 1650 2857 ἐν
1701 2807 1815 2868 τοῖς

219 2907 487 2978 Ψαλμοῖς
514 2904 740 2976 ὲρῤέθη,
775 2923 796 2956 ι
834 2901 984 2974 Αὕτη
1009 2904 1043 2971 ἡ
1067 2901 1250 2972 ἡμέρα
1287 2901 1358 2970 ἣν
1398 2899 1621 2971 ἐποίησε
1646 2901 1672 2952 ὁ
1702 2897 1835 2968 Κύτ

223 3016 375 3071 pm;
419 3017 442 3051 ι
476 2997 668 3068 ἐπειδὴ
685 2999 780 3052 καί
806 2996 912 3050 άπδ
938 2994 1032 3049 τοῦ
1074 2993 1280 3065 Κυρίου
1311 2992 1410 3064 τὴν
1437 2991 1814 3065 προσηγορίαν

220 3046 433 3165 ἡμέὶίλε
463 3046 717 3177 δέχεσθιαι
1045 3046 1393 3156 καλόυμένηι·
1445 3046 1521 3148 εἷός
1574 3046 1667 3136 οῦν
1695 3046 1812 3149 ,ἁφ-
1840 3046 1882 3104 C

221 3175 522 3256 θρισθεῖσα
554 3183 700 3253 μόνῳ
725 3181 936 3252 Κυρίῳ,
959 3179 1058 3250 μία
1093 3179 1364 3234 καλεῖται.
1389 3178 1549 3248 Φέρει
1579 3177 1687 3246 γὰρ
1723 3175 1817 3228 καί

220 3279 318 3348 τῆς
348 3276 620 3332 διακόπου
661 3275 889 3347 μονάδος
929 3273 1113 3327 εἰκόνα
1168 3271 1304 3342 πρὸς
1342 3269 1510 3340 τιμὴν
1542 3269 1635 3322 τοῦ
1665 3284 1818 3336 γενο-

224 3370 396 3438 μένου
451 3368 668 3434 φωτός·
715 3365 828 3436 φῶς
871 3365 982 3434 γάρ
1009 3363 1084 3418 ὣν
1109 3363 1314 3426 όΘεὸς,
1362 3365 1458 3414 καὶ
1503 3361 1566 3414 τὸ
1601 3361 1817 3431 πρῶτον

220 3460 526 3529 γενόμενον
555 3457 691 3526 φῶς,
724 3459 818 3510 καὶ
847 3457 1068 3528 πρῶτον
1109 3459 1166 3509 ὲν
1187 3456 1437 3524 γενητοῖς
1462 3451 1649 3516 καλὸν,
1683 3450 1818 3521 πρὸς

225 3551 463 3622 μονάδος
511 3549 699 3602 οὐσίαν
739 3548 1040 3603 ὑπόστασιν
1089 3547 1275 3600 λαϐεῖν
1323 3543 1713 3614 ὀΔημιουργὸς
1752 3541 1820 3593 δι-

221 3641 506 3703 καιώσας,
547 3639 762 3709 ἡμέραν
805 3638 965 3692 τοῦτο
1006 3637 1134 3708 μίαν
1185 3635 1466 3690 ἐκάλεσεν.
1509 3633 1725 3701 Ταύτην
1763 3629 1820 3684 δὲ

222 3730 318 3782 καὶ
348 3727 574 3798 ἡμέραν
600 3727 794 3797 ὀγδόην
815 3727 1074 3780 ἐκάλεσεν
1103 3729 1130 3778 ὁ
1149 3725 1365 3796 ψαλμδς
1394 3723 1492 3786 τὴν
1519 3723 1820 3793 μέλλουσαν

221 3815 508 3888 δηλοῦσαν
577 3817 948 3882 κατάστασιν,
1037 3817 1126 3871 διὰ
1184 3816 1246 3868 τὸ
1299 3815 1403 3881 ἔξω
1459 3813 1672 3867 κεῖσθαι
1728 3812 1822 3865 τοῦ

224 3908 606 3979 ἑϐδοματικοῦ
657 3907 847 3962 τούτου
907 3909 1124 3980 χρόνου,
1191 3903 1326 3960 οὖσα
1391 3905 1490 3975 μία
1549 3905 1636 3958 διὰ
1695 3904 1822 3974 μιᾶς

222 4001 468 4064 εἰκότως
495 3999 878 4065 ἐνεικονίζεται
901 4017 914 4031 ·
941 4019 960 4050 ι
1005 3999 1218 4072 Ἡμέρα
1235 3999 1367 4068 γὰρ,
1395 3997 1552 4068 φησί,
1609 3995 1820 4065 Κυρίου

225 4091 459 4162 μεγάλη
482 4091 580 4144 καί
624 4091 928 4162 ἐπιφανής·
967 4110 986 4142 ι
1021 4091 1118 4144 καὶ
1146 4089 1326 4156 πάλιν,
1369 4107 1388 4139 ι
1435 4088 1596 4160 ξΥμῖν
1631 4085 1825 4156 ἐπιζη-

223 4188 348 4239 τεῖν
370 4183 478 4255 τὴν
505 4185 718 4256 ἡμέραν
770 4183 1000 4256 Κυρίου,
1035 4183 1128 4238 καὶ
1176 4183 1314 4252 α’ύτη
1345 4183 1462 4234 ἐστί
1499 4181 1710 4244 σκότος.
1731 4181 1828 4234 καὶ

220 4278 284 4330 οὗ
329 4275 486 4344 φῶς,
527 4292 546 4326 ι
593 4273 750 4343 δῆλον
789 4275 1006 4338 ὅτιτοϊς
1055 4273 1312 4339 ἀναξίοις.
1355 4272 1681 4341 ’Λνέσπερον
1717 4268 1826 4341 γάρ

213 4365 324 4420 καὶ
362 4361 728 4432 ἀτελεύτητον
760 4363 862 4434 τὴν
891 4363 1102 4434 ἡμέραν
1133 4362 1347 4430 ἐκείνην
1385 4356 1525 4414 οἶδεν
1546 4363 1574 4414 ὀ
1614 4363 1786 4427 Λόγος
1811 4376 1823 4390 ’

213 4456 456 4524 διόπερ,
489 4453 567 4516 ὡς
591 4452 827 4524 εἴρηται,
855 4454 950 4507 καὶ
987 4453 1179 4524 ὀγδόην
1226 4453 1381 4507 καλεῖ
1428 4451 1628 4524 αὐτὴν,
1663 4451 1829 4521 ἄλλην

215 4544 408 4602 οὖσαν
439 4543 687 4615 παρόντα
731 4545 913 4599 τοῦτον
937 4546 1106 4598 αἰῶνα
1131 4563 1144 4576 ·
1181 4540 1260 4609 εἷς
1289 4544 1344 4598 δὲ
1377 4545 1468 4598 καὶ
1491 4547 1518 4597 ὁ
1559 4545 1664 4607 πᾶς
1694 4543 1830 4597 αίὼν

216 4637 316 4692 διὰ
361 4634 577 4704 ταύτης
614 4634 960 4706 δηλούμενος.
1019 4635 1092 4686 Τὸ
1133 4633 1188 4686 δὲ
1225 4633 1405 4702 λέγειν
1444 4632 1543 4703 τὴν
1583 4631 1826 4701 Γραφὴν,

226 4745 246 4778 ι
286 4722 527 4786 Δίῶνας
559 4721 799 4788 αἰώνων,
853 4740 872 4772 ι
914 4721 1201 4793 διαφόρους
1249 4722 1610 4784 καταστάσεις
1653 4707 1828 4790 δηλοῖ.⁴

219 4817 349 4870 Καὶ
396 4813 573 4868 ταῦτα
604 4813 701 4883 μὲν
737 4813 864 4884 περὶ
891 4813 1115 4868 τούτων.

1989 1703 2156 1757 Simili
2187 1702 2396 1756 ratione
2419 1712 2580 1753 unam
2610 1693 2837 1756 mensis,
2859 1697 2911 1746 et
2929 1701 3091 1742 unam
3123 1682 3487 1739 Sabbatorum

1907 1796 2189 1868 Scriptura
2219 1793 2464 1848 nominat
2492 1790 2742 1858 primam.
2771 1784 3041 1839 Caeterum
3062 1779 3172 1848 jam
3207 1785 3320 1828 tum
3351 1786 3492 1842 quo-

1907 1904 2013 1958 que
2041 1885 2180 1942 lucis
2213 1881 2581 1941 substantiam
2619 1875 2954 1946 rmncupavit
2987 1873 3128 1925 diem
3166 1877 3490 1929 unam,-nec

1907 1989 2089 2034 tamen
2130 1973 2384 2048 primam.
2410 1971 2544 2028 Nam
2576 1975 2816 2026 secunda
2851 1977 2903 2022 et
2933 1963 3092 2018 tertia
3131 1959 3342 2016 numeri
3366 1972 3491 2010 mu-

1909 2072 2168 2127 tationem
2213 2067 2478 2124 inl'erunt.
2535 2063 2648 2119 Lux
2701 2074 3048 2132 permanens,
3087 2070 3207 2124 qure
3253 2051 3360 2108 di‘ei
3393 2064 3490 2104 no-

1910 2179 2033 2219 men
2057 2163 2248 2218 sortita
2284 2169 2393 2224 est,
2424 2164 2651 2229 praestat
2680 2162 2740 2208 ut
2778 2153 3073 2208 etiamnum
3108 2147 3326 2202 dicatur
3360 2155 3492 2195 una.

1913 2250 2339 2308 Eadcmetenim
2391 2248 2570 2302 adhuc
2619 2243 2874 2300 omnibus
2923 2237 3119 2294 diebus
3155 2238 3297 2290 inest
3352 2233 3493 2288 lucis

1911 2349 2016 2414 vis,
2048 2359 2169 2415 quae
2214 2357 2244 2398 a
2301 2355 2482 2396 rerum
2543 2335 2845 2408 primordio
2867 2331 3100 2389 exstitit.
3148 2329 3494 2397 Quapropter

1911 2452 2102 2496 onmes
2135 2450 2242 2490 una
2269 2431 2570 2490 censentur
2590 2429 2730 2485 dies.
2781 2426 2918 2481 Nam
2969 2424 3110 2478 Deus
3152 2419 3384 2490 septimo
3407 2417 3501 2472 die

1913 2545 2038 2586 cum
2065 2527 2390 2598 quievisset,
2418 2522 2684 2580 continuo
2713 2518 2947 2574 infertur
2977 2533 2990 2570 :
3023 2533 3042 2566 ι
3091 2515 3212 2569 Istae
3239 2519 3368 2566 sunt
3404 2524 3496 2579 gs-

1915 2621 2229 2678 neraliones
2277 2617 2545 2674 caelorum
2589 2623 2642 2669 et
2690 2622 3021 2677 terrae,cum
3076 2614 3414 2668 crearentur,
3443 2601 3496 2653 in

1915 2715 2024 2780 die,
2057 2727 2181 2768 cum
2203 2710 2408 2766 iaceret
2437 2707 2702 2762 Dominus
2723 2703 2866 2758 Deus
2891 2708 3092 2755 terram
3117 2706 3169 2750 et
3195 2693 3367 2748 ccelos
3395 2690 3498 2744 ³⁸.»

1917 2806 2058 2861 Ecce
2080 2813 2202 2875 post
2261 2803 2403 2857 diem
2455 2797 2748 2869 septimum
2793 2808 2962 2850 unum
3021 2790 3174 2844 illum
3217 2783 3500 2841 vocitarit.

1919 2898 2168 2954 Forsitan
2211 2893 2279 2950 de
2324 2909 2431 2950 uno
2477 2892 2571 2946 illo
2625 2889 2713 2944 die
2750 2896 2804 2943 et
2855 2888 2910 2940 in
2949 2882 3186 2938 Psalmis
3219 2879 3454 2932 habetur
3480 2889 3500 2930 :

1925 3009 1944 3041 ι
1979 2987 2079 3043 ilic
2109 2995 2194 3048 est
2225 2986 2366 3052 dies,
2393 2999 2556 3055 quem
2584 2981 2711 3037 fecit
2751 2979 3014 3033 Dominus
3053 2990 3064 3025 :
3101 2968 3502 3028 exsultabimus

1916 3089 1969 3136 et
1989 3079 2295 3134 iactabimur
2321 3077 2376 3130 in
2403 3091 2468 3131 eo
2487 3075 2552 3128 ³⁷.
2596 3094 2613 3126 ι
2654 3072 2769 3128 Non
2804 3070 2902 3124 abs
2925 3085 2982 3123 re
3017 3065 3195 3136 inquit
3227 3078 3240 3115 :
3275 3078 3292 3112 ι
3327 3059 3500 3124 Quem

1918 3171 2047 3226 fecit
2077 3171 2364 3224 Dominus.
2405 3186 2424 3220 ι
2462 3166 2746 3236 Siquidem
2773 3163 2841 3218 ab
2868 3163 2987 3232 ipso
3021 3157 3252 3212 Domino
3291 3165 3500 3220 cogno-

1919 3278 2041 3318 men
2069 3262 2458 3330 desumpturus
2505 3265 2644 3318 erat.
2681 3261 2742 3310 ut
2783 3255 3062 3308 diceretur
3099 3248 3216 3302 dies
3261 3241 3504 3298 Domini-

1917 3371 2037 3421 cus,
2065 3363 2323 3421 tanquam
2353 3351 2454 3406 soli
2483 3348 2714 3407 Domino
2743 3351 3099 3400 consecratus
3137 3347 3192 3393 et
3221 3335 3506 3390 dedicatus

1921 3445 1992 3500 sit
2030 3445 2118 3499 ille
2145 3459 2292 3498 unus
2335 3443 2475 3497 dies.
2502 3437 2877 3493 Adumbratur
2903 3433 3068 3486 etiam
3127 3428 3215 3482 hic
3259 3421 3529 3486 indivisi-,

1921 3537 2046 3591 bilis
2084 3533 2319 3616 unitatis
2350 3528 2655 3587 similitudo
2675 3537 2726 3581 et
2754 3527 2930 3595 imago
2954 3521 3228 3593 quzedam,
3261 3513 3510 3584 utmagis

1924 3611 2226 3677 honoretur
2274 3621 2365 3674 lux
2421 3629 2627 3673 creata.
2662 3614 2797 3669 Nam
2849 3629 2970 3667 cum
3022 3610 3161 3664 Deus
3201 3621 3391 3662 revera
3436 3604 3509 3656 sit

1921 3713 2036 3776 lux,
2073 3723 2124 3766 et
2149 3713 2234 3765 lux
2273 3711 2450 3781 primo
2503 3709 2577 3762 sit
2625 3707 2794 3769 facta,
2823 3711 2876 3758 et
2906 3701 3080 3772 primo
3100 3712 3319 3768 quoque
3343 3709 3506 3764 appa-

1925 3805 2096 3860 ruerit
2127 3803 2373 3872 pulchra,
2434 3799 2674 3868 respexit
2713 3796 2931 3850 divinus
2987 3791 3178 3862 Opifex
3229 3787 3416 3843 mundi
3441 3785 3508 3840 ad

1923 3894 2154 3954 unitatis
2177 3894 2496 3950 essentiam.
2529 3905 2652 3945 cum
2705 3887 3004 3958 appellaret
3065 3884 3299 3954 primum
3343 3879 3510 3944 diem,

1924 3991 2065 4046 diem
2101 4004 2289 4044 unum.
2315 3985 2582 4041 Eumdem
2645 3983 2787 4038 diem
2822 3981 3071 4036 Psahnus
3105 3977 3339 4048 appellat
3361 3981 3515 4026 octa—

1929 4095 2077 4142 vum,
2115 4087 2173 4132 ut
2202 4077 2297 4148 qui
2325 4075 2594 4144 significet
2645 4082 2866 4126 reterns;
2913 4070 3055 4134 vitae,
3087 4083 3204 4136 qum
3228 4073 3348 4134 post
3373 4064 3518 4116 hunc

1927 4171 2190 4226 mundum
2220 4179 2446 4225 ventura
2503 4174 2610 4234 est,
2653 4167 2906 4218 formam.
2947 4161 3074 4214 Eam
3127 4173 3254 4214 vero
3285 4155 3408 4210 ideo
3433 4169 3519 4208 re-

1929 4272 2244 4337 praesentat,
2279 4261 2406 4332 quia
2451 4257 2768 4314 octonarius
2800 4265 2950 4310 extra
2987 4249 3352 4322 septenarium
3376 4247 3518 4302 situs

1860 4393 1904 4448 ι)
1931 4366 2036 4416 est.
2073 4371 2308 4425 eumque
2355 4352 2572 4407 excedit
2607 4366 2733 4404 uno.
2777 4345 3012 4402 Proinde
3061 4343 3205 4398 haud
3241 4339 3519 4396 immerito

1938 4463 2132 4504 novam
2163 4461 2344 4501 rerum
2367 4445 2612 4500 omnium
2645 4439 3096 4497 constitutionem
3125 4445 3518 4491 successuram

1935 4540 2062 4595 huic
2093 4538 2292 4592 saeculo
2346 4551 2441 4606 per
2487 4549 2682 4600 unum,
2738 4532 2895 4603 quasi
2938 4529 3040 4584 sub
3072 4524 3306 4596 imagine
3331 4528 3521 4578 nostro

1933 4629 2236 4685 intellectui
2270 4628 2484 4697 ingerit.
2512 4626 2604 4680 Sic
2635 4639 2762 4681 vero
2783 4622 2948 4678 habet
2982 4618 3268 4688 Scriptura
3297 4631 3310 4666 :
3348 4633 3366 4666 ι
3395 4613 3520 4666 Dies

1933 4723 2078 4776 enim
2145 4719 2360 4774 Domini
2415 4733 2648 4788 magnus
2677 4724 2731 4771 et
2778 4714 3026 4770 illustris.
3078 4730 3097 4762 ι
3143 4707 3212 4762 Ει
3278 4707 3514 4760 iterum:

1935 4831 1954 4864 ι
1993 4811 2084 4868 Vae
2113 4809 2555 4866 desiderantibus
2611 4809 2752 4864 diem
2788 4804 3044 4863 Domini:
3092 4801 3158 4855 ad
3193 4797 3323 4868 quid
3364 4793 3513 4850 enim

221 4906 339 4959 i518
367 4900 558 4964 ηοιιῖεν
583 4916 707 4954 Cum
742 4902 862 4956 dies
889 4899 1100 4954 Domini
1125 4901 1301 4970 Caligo
1323 4900 1394 4954 sit
1423 4907 1476 4954 et
1508 4916 1613 4954 non
1635 4901 1726 4953 lux
1749 4899 1813 4953 ³⁸.
1848 4919 1865 4951 ι
1908 4901 2013 4956 Sed
2051 4902 2311 4956 nimirum
2367 4899 2552 4968 impiis
2583 4897 2844 4953 horridus
2888 4893 3122 4966 caligine
3192 4887 3512 4945 imminebit.

226 4998 410 5053 Ilunc
441 4994 589 5049 diem
646 4992 930 5064 Scriptura
972 4995 1221 5064 agnoscit
1262 4993 1470 5062 absque
1517 5008 1742 5062 vespera
1774 5003 1826 5047 et
1867 4993 1973 5048 line
2001 5002 2304 5048 carentem.
2359 4991 2703 5060 Quapropter
2763 4987 3050 5044 octonario
3128 4996 3357 5037 numero
3420 4976 3518 5032 dc-

224 5094 605 5152 terminatur,
657 5099 717 5144 ut
746 5090 840 5161 qui
889 5089 1048 5159 longe
1081 5089 1222 5144 alius
1261 5087 1352 5153 sit,
1387 5103 1546 5156 quam
1618 5103 1860 5157 praesens
1899 5087 2002 5143 hoc
2035 5089 2320 5144 surculum.
2342 5085 2576 5140 Necnon
2608 5101 2773 5137 unum
2800 5077 3155 5149 portendit,si
3225 5075 3520 5141 Scripturae

224 5183 885 5247 credimusmnirersum
909 5181 1341 5239 woulunLNam
1365 5183 1507 5252 quod
1545 5181 1826 5253 Scriptura
1866 5199 2008 5253 saepe
2048 5183 2120 5236 ait
2155 5201 2168 5236 :
2205 5202 2222 5234 ι
2261 5181 2468 5236 Saecula
2493 5171 2850 5243 saeculorum,
2882 5196 2900 5228 ι
2967 5185 3104 5237 ete.,
3155 5170 3400 5223 diversas
3468 5175 3524 5221 et

225 5283 434 5340 varias
462 5280 886 5335 constitutiones
936 5296 1117 5334 rerum
1175 5281 1426 5360 denotat.
1459 5281 1524 5333 Et
1555 5279 1925 5349 haec‘quidem
1965 5279 2032 5334 de
2075 5279 2183 5334 his.

307 5371 386 5426 Ol
445 5369 508 5422 δὲ
554 5369 778 5442 πρώτην
807 5365 947 5422 εἶναι
985 5369 1083 5438 τὴν
1121 5367 1292 5421 νύκτα
1339 5367 1674 5437 βουλόμενοι,
1713 5369 1832 5421 ἀντὶ

230 5461 343 5517 τοῦ
364 5459 601 5523 σκότους
631 5461 728 5528 τὴν
744 5461 986 5528 ἑσπέραν
1011 5459 1260 5530 εἰρῆσθαί
1300 5476 1486 5528 φασιν,
1518 5457 1638 5512 ἀντὶ
1661 5459 1715 5513 δὲ
1737 5459 1830 5513 τοῦ

237 5551 434 5625 φωτὸς
458 5551 524 5605 τὸ
552 5550 715 5621 πρωϊ.
763 5550 982 5620 Ἐπειδὴ
1027 5551 1120 5604 καὶ
1165 5551 1402 5621 ἑσπέραν
1433 5550 1707 5618 καλοῦμεν
1735 5551 1834 5621 τῆς

240 5642 452 5706 νυκτὸς
473 5642 570 5711 τὴν
600 5643 799 5716 ἀρχὴν,
835 5641 930 5696 καὶ
971 5641 1115 5714 πρωῒ
1141 5643 1474 5699 τούναντίον.
1520 5643 1607 5706 Ὠς
1639 5642 1832 5708 εἰπὼν,

321 5819 371 5853 ³⁵
399 5823 536 5880 Gen.
573 5840 632 5892 ιι,
668 5826 721 5881 ἰ.
802 5823 846 5855 ³⁷
873 5820 1018 5880 Psal.
1043 5839 1208 5889 «ιιι-ιι,
1239 5824 1326 5878 2-1.

1406 5825 1450 5856 ³⁸
1482 5823 1664 5879 Amos.
1702 5839 1752 5891 ι’,
1788 5821 1870 5877 18.

2011 5368 2114 5435 Qui
2145 5367 2284 5422 hanc
2309 5365 2634 5423 sententiam
2664 5371 2870 5428 tenent,
2907 5368 2965 5415 ut
3024 5357 3124 5412 sibi
3161 5353 3520 5425 persuadeant

1942 5472 2157 5514 noctem
2187 5459 2548 5514 antevertisse
2599 5457 2764 5518 diem,
2798 5453 3146 5506 tenebrarum
3179 5448 3298 5500 loco
3326 5459 3518 5514 vespe-

1945 5565 2058 5604 ram
2087 5549 2318 5620 positam
2378 5548 2702 5610 ariolantur,
2739 5552 2812 5597 et-
2848 5541 2969 5594 loco
3013 5538 3152 5592 lucis
3189 5551 3349 5590 triaue
3379 5533 3518 5590 scri-

1943 5649 2096 5712 ptum
2153 5641 2666 5696 comminiscuntur.
2723 5633 3014 5703 Vcsperam
3060 5630 3202 5686 enim
3258 5639 3518 5682 vocamus
