3922 6230
352 239 443 332 ’33
1174 278 1192 294 '
1670 280 1944 340 PROCOI

2054 278 2295 340 eAzm
3262 270 3289 297 ³
3338 246 3355 259 “
3553 270 3629 334 ct

370 376 546 435 noctis
570 372 899 447 principium
935 393 948 429 :
987 385 1040 432 et
1070 392 1232 432 mane
1285 378 1401 435 sive
1431 379 1732 438 dileculum
1766 392 1944 438 matu-

2053 382 2236 452 φασιν,
2261 383 2343 435 ὅτι
2371 383 2490 434 κατ’
2516 380 2690 451 ἀρχὰς
2720 380 2938 448 ἐγένετο
2969 378 3182 443 σκότος,
3219 377 3356 449 μετά
3384 366 3442 432 δὲ
3465 378 3635 435 τοῦτο

368 469 543 524 tinum
600 468 950 525 nominamus
1007 469 1113 525 diei
1153 469 1393 525 initium.
1439 471 1531 527 Sic
1579 473 1746 544 igitur
1777 475 1948 529 inter-

368 567 654 632 pretantur
687 561 851 615 verba
882 560 1073 628 Mosis,
1104 562 1195 617 illa
1229 563 1396 619 verba
1424 565 1775 635 mquipollere
1810 566 1897 621 his
1928 585 1941 620 :

368 655 423 707 in
461 652 738 723 principio
768 652 943 708 factas
970 669 1094 710 esse
1121 654 1396 721 tenebras,
1432 665 1485 710 et
1510 672 1575 712 ex
1601 656 1688 713 his
1720 657 1941 713 demum

368 745 659 800 exsiluisse
688 745 887 800 lucem.
920 744 1052 800 Nam
1087 749 1343 804 tenebras
1393 749 1569 804 noctis
1610 749 1945 805 sustinuisse

367 835 545 891 vicem
579 852 591 888 :
623 844 677 890 et
705 836 900 891 deinde
950 836 1150 901 lucem,
1197 855 1318 908 qua-
1355 840 1460 894 diei
1490 839 1779 910 perfecerit
1806 847 1946 894 tem-

368 943 491 998 pus,
513 928 813 983 induxisse.
836 930 904 984 Et
931 940 1211 1001 propterea
1240 931 1441 987 Mosem
1471 933 1676 988 dixisse
1705 951 1719 988 :
1746 951 1767 985 ι
1789 931 1946 987 Fuit-

366 1036 472 1089 que
507 1036 731 1090 vespera
783 1019 992 1090 fuitque
1034 1037 1210 1089 mane,
1255 1041 1274 1076 ι
1313 1024 1736 1086 etc.,volentem
1762 1024 1946 1079 dicere

366 1120 743 1187 tempusdluo
770 1112 972 1167 fuerint
1005 1115 1264 1180 tenebrae,
1285 1116 1578 1171 anteivisse
1615 1117 1773 1185 quasi
1794 1124 1951 1186 qna:-

260 1221 264 1226 ·
366 1201 489 1255 dam
522 1219 627 1257 nox
682 1219 711 1257 a
759 1219 983 1272 vespera
1009 1204 1222 1259 initium
1261 1215 1474 1275 petens.
1502 1205 1601 1262 Ubi
1635 1215 1814 1262 autem
1849 1207 1945 1261 lux

367 1300 555 1345 exorta
588 1301 693 1356 est,
718 1293 834 1349 dies
892 1294 1138 1363 quaedam
1186 1297 1459 1365 apparuit,
1492 1297 1645 1366 quasi
1676 1312 1742 1351 ex
1763 1304 1946 1352 matu-

368 1379 485 1433 tino
507 1388 751 1450 tempore
786 1382 901 1439 sive
930 1399 1092 1441 mane
1142 1401 1460 1456 prorepens.
1491 1387 1658 1443 Recte
1691 1403 1821 1444 vero
1845 1405 1945 1445 no-

368 1486 497 1527 men
534 1488 564 1527 a
616 1475 1047 1544 prmdominante
1108 1485 1341 1534 tractum
1395 1480 1675 1551 imposuit,
1715 1489 1769 1536 et
1796 1482 1938 1537 diem

368 1579 540 1618 unum
576 1568 808 1635 vocavit.
841 1566 975 1623 Nam
1027 1569 1118 1625 lux
1173 1586 1297 1627 eum
1339 1586 1565 1627 cursum
1596 1573 1963 1641 absolvebat,‘

369 1670 530 1723 quem
578 1672 725 1713 nunc
783 1659 863 1714 sol
926 1661 1158 1732 peragit.
1205 1662 1271 1716 Et
1300 1670 1359 1717 ut
1405 1674 1603 1719 nostrae
1634 1665 1941 1731 sententiae,

368 1746 545 1812 aiunt,
593 1751 761 1805 robur
819 1753 1123 1817 accederet,
1177 1761 1232 1808 et
1279 1755 1432 1824 quasi
1493 1756 1937 1825 confirmaretur,

325 1841 334 1849 '
366 1837 547 1907 primo
608 1841 857 1895 meminit
921 1841 1097 1898 Muses
1136 1845 1511 1909 tenebrarum,
1545 1855 1599 1901 et
1632 1854 1819 1917 postea
1846 1847 1941 1903 de-

366 1944 514 1982 mum
553 1930 855 1988 iuvaluisse
886 1933 1060 1988 lucem
1103 1935 1451 1992 determinat.
1477 1938 1608 1992 Nam
1638 1953 1745 1992 non
1776 1954 1943 2009 nega-

369 2034 514 2079 mus.
543 2021 817 2089 inquiunt,
848 2022 957 2077 imo
996 2025 1324 2080 confitemur
1356 2027 1530 2082 lucem
1576 2027 1939 2098 potentiorem

368 2125 493 2166 esse
522 2112 760 2168 tenebris
788 2130 802 2166 :
836 2130 1020 2168 verum
1059 2115 1112 2170 in
1159 2115 1408 2172 Mosaicae
1435 2119 1769 2174 narrationis
1805 2133 1941 2173 con-

370 2211 516 2257 textu
551 2203 802 2259 videmus
855 2206 1039 2274 priore
1094 2208 1215 2261 loco
1253 2209 1513 2264 tenebras
1555 2224 1678 2264 esse
1706 2210 1941 2274 locatas,

369 2290 531 2344 sicuti
594 2292 697 2361 17
752 2294 1045 2350 creationis
1094 2297 1230 2351 ordo
1301 2299 1628 2367 postulabat.
1671 2298 1942 2354 Prteterea

372 2380 657 2450 Scriptura
693 2398 849 2439 sacra
905 2386 1048 2440 diem
1081 2403 1109 2441 a
1139 2404 1360 2457 vespera
1386 2399 1508 2461 post
1549 2391 1683 2447 solis
1725 2390 1940 2446 demum

369 2484 626 2527 occasum
659 2474 964 2543 exorditur,
997 2493 1095 2534 nec
1128 2494 1155 2531 a
1189 2483 1462 2536 matutino
1521 2492 1786 2553 tempore,
1833 2497 1949 2555 quo

370 2563 452 2615 sol
480 2565 747 2631 exoritur,
778 2567 921 2623 diem
950 2572 1312 2641 .auspicatur.
1348 2576 1406 2629 id
1446 2577 1640 2631 merito
1694 2576 1942 2647 quidem.

367 2652 503 2709 Nam
558 2659 735 2729 primo
764 2662 982 2718 condita
1040 2672 1123 2721 est
1162 2667 1359 2735 caligo,
1388 2683 1510 2737 quae
1550 2670 1731 2725 noctis
1768 2671 1941 2726 vicem

367 2750 661 2815 prtrslabal
683 2763 763 2806 :et
789 2761 903 2807 tum
933 2756 1149 2809 demum
1172 2760 1591 2826 succcssitdies,
1628 2761 1721 2832 qui
1748 2760 1945 2817 deinde

368 2851 588 2908 quoque
620 2841 686 2895 ad
704 2857 962 2901 occasum
982 2847 1282 2904 festinavit.
1308 2850 1601 2906 Adducunt
1631 2860 1684 2906 et
1711 2852 1947 2923 Aposto-

369 2927 478 2983 lum
503 2940 717 2998 testem,
759 2936 852 3005 qui
883 2937 958 2991 ait
987 2954 1002 2991 :
1043 2957 1061 2989 ι
1095 2937 1316 2994 Noctem
1346 2947 1398 2993 et
1418 2940 1562 2995 diem
1589 2941 1642 2994 in
1672 2940 1945 3011 profundo

366 3020 451 3091 egi
491 3022 603 3075 "‘h
638 3024 706 3078 At
739 3025 827 3081 hic
846 3027 999 3084 locus
1020 3029 1236 3084 illorum
1262 3031 1572 3100 opinionem
1595 3048 1943 3102 nequaquam

367 3114 697 3173 confirmare
733 3127 932 3189 potest.
975 3119 1109 3175 Nam
1165 3122 1365 3179 Paulus
1396 3135 1788 3180 commemorat
1811 3133 1948 3181 tem~

2048 476 2109 530 τὸ
2136 474 2250 544 φῶς
2273 516 2288 540 ,
2325 474 2399 537 ὼς
2426 473 2677 526 ἐντεῦθεν
2705 471 2767 524 τὸ
2811 470 2911 541 μὲν
2941 469 3133 534 σκότος
3164 469 3399 539 φανῆναι
3430 470 3631 533 νυκτός

2046 581 2191 626 τινος
2238 563 2393 629 τάξιν
2440 563 2767 634 ἐπεσχηκὺς,
2822 561 2881 615 ab
2931 561 2989 615 δὲ
3038 561 3156 630 φῶς
3212 561 3423 632 ἡμέρας
3478 562 3639 627 τινὸς

2046 653 2346 722 πληρῶσαν
2387 652 2601 725 καιρὸν,
2649 655 2898 724 ἐπήγαγε
2934 653 3015 714 τὸ,
3056 670 3075 704 ι
3123 653 3372 721 Ἐγένετο
3416 650 3627 726 ἑσπέρα

2046 744 2140 798 καὶ
2171 744 2388 812 ἐγένετο
2423 743 2569 814 πρωΐ
2591 760 2605 774 ο
2646 762 2665 796 ι
2704 743 2868 796 οἱονεὶ
2906 741 3082 813 δηλῶν
3109 742 3185 805 ὡς
3217 741 3436 810 ἐγένετο
3469 743 3567 813 μὲν
3597 744 3635 795 δ

2044 833 2140 887 τοῦ
2177 834 2403 895 σκότους
2433 834 2628 904 καιρὸς
2656 833 2844 905 ὥσπερ
2880 851 2964 897 τις
2993 834 3090 899 νὺξ
3130 836 3222 904 ἀφ’
3247 836 3486 906 ἑσπέρας
3520 834 3626 907 ἄρ-

2045 926 2237 996 χεσθαι
2261 928 2503 981 εἰωθυῖα.
2542 927 2698 981 Μετὰ
2740 926 2801 979 τὸ
2842 927 3097 995 γενέσθαι
3145 927 3283 996 φῶς,
3326 927 3510 998 ἡμέρα
3540 945 3630 993 τις

2044 1017 2200 1088 ὤφθη
2227 1018 2493 1089 γενομένη
2517 1020 2580 1072 ἐκ
2601 1018 2815 1090 πρωϊας
2846 1017 3111 1088 ἄρχεσθαι
3142 1021 3438 1088 πεφυκυῖα.
3465 1018 3625 1072 Elud-

2044 1125 2153 1171 τως
2177 1104 2271 1162 οὖν
2310 1109 2443 1180 μίαν
2469 1109 2685 1183 ἡμέραν
2708 1109 2936 1163 ἐκάλεσε
2963 1111 3370 1179 συναμφότερον
3393 1110 3500 1163 ἀπὸ
3525 1110 3623 1164 τοῦ

2044 1198 2140 1254 νῦν
2174 1200 2599 1271 ἐπικρατοῦντος
2621 1217 2633 1232 ·
2676 1199 2767 1255 τὸν
2796 1200 2905 1271 γὰρ
2939 1200 3100 1254 αὐτὸν
3127 1200 3326 1271 δρόμον
3368 1200 3631 1254 ἀπετέλει

2042 1292 2104 1345 τὸ
2131 1293 2246 1361 φῶς
2275 1292 2445 1364 ὅνπερ
2467 1292 2618 1363 ἥλιος
2644 1291 2761 1346 νῦν.
2793 1293 3014 1363 Πρῶτον
3045 1280 3157 1351 οὖν.
3188 1293 3378 1360 φασιν,
3415 1288 3538 1344 εἷπε
3562 1294 3626 1346 τὸ

2045 1382 2259 1448 σκότος,
2292 1377 2411 1435 εἶτα
2432 1382 2532 1452 τὴν
2563 1381 2656 1434 τοῦ
2691 1382 2871 1452 φωτὸς
2895 1382 3274 1453 ἐπικράτειαν.
3302 1382 3365 1435 Εἰ
3397 1381 3506 1453 γὰρ
3530 1383 3631 1439 καὶ

2045 1479 2295 1546 κρεῖττον
2343 1475 2404 1529 τὸ
2448 1474 2584 1544 φῶς,
2631 1475 2746 1529 ἀλλ’
2781 1470 2878 1529 οὖν
2924 1476 2981 1528 οἱ·
3034 1476 3441 1546 προτέτακται·
3488 1474 3629 1545 ἐφύ-

2043 1567 2171 1635 λαξε
2201 1567 2256 1620 δὲ
2282 1568 2466 1632 αὐτοῖς
2485 1568 2585 1637 τῆς
2602 1566 2972 1638 δημιουργίας
3000 1568 3101 1637 τὴν
3131 1566 3285 1634 τάξιν
3312 1583 3325 1596 ·
3352 1566 3626 1635 λογίζεται

2044 1660 2155 1729 γὰρ
2191 1658 2224 1729 ἡ
2267 1658 2457 1729 Γραφὴ
2503 1657 2602 1730 τὴν
2642 1658 2856 1730 ἡμέραν
2898 1658 2992 1726 ἀφ’
3039 1657 3283 1729 ἑσπέρας
3318 1657 3631 1729 ἀρχομένης

2052 1751 2173 1821 μεθ’
2195 1749 2346 1822 ἡλίου
2382 1750 2619 1820 δυσμὰς,
2647 1750 2748 1804 οὐκ
2786 1750 2894 1803 ἀπὸ
2916 1747 3010 1802 τοῦ
3043 1748 3141 1819 τῆς
3168 1747 3246 1802 ἔω
3273 1747 3471 1820 καιροῦ
3500 1747 3627 1802 καθ’

2046 1841 2105 1894 ὃν
2146 1841 2388 1912 ἀνίσχειν
2421 1841 2538 1895 ἐστὶ
2580 1841 2671 1895 τὸν
2713 1841 2884 1913 ἡλιον,
2930 1839 3121 1912 ἔπειδὴ
3173 1840 3391 1910 πρῶτον
3433 1840 3627 1908 γέγονε

2046 1931 2241 1995 νυκτὸς
2267 1930 2420 1996 τάξιν
2448 1931 2570 2002 ἔχον
2606 1930 2667 1984 τὺ
2695 1931 2907 1997 σκότος,
2939 1932 3032 1985 καὶ
3060 1932 3200 2001 μετά
3232 1930 3394 1985 τοῦτο
3415 1930 3476 1984 τὸ
3509 1931 3626 1999 φῶς

2046 2020 2076 2072 δ
2112 2020 2214 2090 τὴν
2254 2020 2467 2090 ἡμέραν
2504 2020 2882 2090 ἐργασάμενον
2933 2018 3161 2087 ἀφίκετο
3210 2018 3348 2088 πρὸς
3388 2015 3623 2087 δυσμάς.

2047 2111 2434 2182 Μαρτύρονται
2492 2112 2550 2166 δὲ
2616 2112 2711 2165 καὶ
2786 2112 2878 2166 τὸν
2961 2110 3282 2165 Ἀπὸστολον
3351 2110 3578 2178 λέγοντα
3606 2122 3630 2138 ⁸

2055 2217 2074 2250 ι
2104 2201 2465 2272 Νυχθὴμερον
2495 2204 2552 2255 ὲν
2586 2201 2661 2271 τῷ
2698 2200 2842 2273 βυθῷ
2880 2202 3178 2274 πεποίηκα,
3224 2220 3245 2253 ι
3274 2203 3410 2273 ὅπερ
3437 2201 3500 2254 οὐ
3530 2199 3626 2269 βέ-

2052 2295 2202 2349 ϐαιον
2249 2295 2328 2357 εις
2364 2293 2464 2364 τὴν
2517 2295 2813 2361 ἀπόδειξιν.
2867 2297 2933 2349 Τί
2979 2297 3109 2368 γὰρ,
3153 2298 3234 2351 ὅτι
3284 2295 3379 2349 τοῦ
3428 2295 3635 2366 χρόνου.

2049 2383 2197 2452 λέγει
2227 2384 2326 2456 τὴν
2371 2384 2524 2449 τάξιν
2564 2387 2687 2439 καθ’
2724 2386 2791 2457 ἢν
2830 2386 2981 2457 αὐτῷ
3018 2386 3208 2456 γέγονε
3247 2385 3309 2439 τὺ
3340 2385 3635 2452 ναυάγιον,

2048 2476 2122 2538 ὡς
2152 2476 2464 2548 ἀρχομένης
2501 2478 2696 2542 νυκτὸς
2727 2479 2989 2551 ῥαγείσης
3021 2479 3169 2550 αὕτῷ
3200 2480 3298 2548 τῆς
3322 2477 3480 2540 νεὼς,
3509 2471 3637 2530 εἷτα

2048 2568 2417 2622 διατελέσαντι
2436 2568 2529 2621 καὶ
2558 2568 2656 2641 τὴν
2686 2569 2773 2624 ἐπ’
2798 2571 2935 2642 αὐτῇ
2961 2572 3261 2642 γενομένην
3289 2570 3389 2640 τὴν
3413 2568 3641 2639 ἡμέραν

2050 2662 2107 2713 ὲν
2140 2659 2218 2732 τῷ
2252 2659 2433 2732 βυθῷς
2483 2658 2616 2715 Εἶτα
2646 2661 2980 2733 προφέρουσι
3015 2662 3117 2716 τῶν
3157 2661 3360 2732 ἑορτῶν
3385 2660 3475 2715 τὸν
3502 2677 3629 2713 και-

2053 2752 2168 2822 ρὸν,
2199 2751 2295 2805 καὶ
2324 2753 2407 2805 ὅτι
2444 2752 2586 2806 κατά
2618 2753 2710 2807 τὸν
2738 2753 2841 2823 τῆς
2884 2754 3079 2818 νυκτὸς
3117 2755 3146 2808 ὁ
3180 2753 3387 2825 Κύριος
3427 2752 3625 2820 ἀνέστη

2051 2844 2260 2914 καιρὸν,
2308 2844 2385 2908 ὼς
2427 2845 2486 2899 ἐν
2523 2845 2659 2918 αὐτῇ
2700 2848 2766 2918 τῇ
2819 2847 2920 2918 μιᾷ
2962 2846 3147 2918 ἡμέρᾳ
3191 2845 3291 2917 τὴν
3330 2843 3640 2898 ἀνάστασιν

2050 2936 2450 3007 ἐργαζόμενοςο
2492 2937 2640 3000 ὅπως
2678 2937 2736 2989 ὲν
2776 2931 2924 3012 ᾗπερ
2970 2936 3041 2990 τὰ
3078 2936 3271 3009 πρῶτα
3310 2935 3643 3005 γεγένηταιμ

2052 3031 2147 3084 καὶ
2183 3033 2217 3103 ἡ
2248 3029 2357 3084 τῶν
2401 3030 2620 3084 πάντων
2656 3031 2938 3095 ἀνάκτισις
2967 3031 3217 3103 γένηται.
3252 3030 3416 3093 Ὅθεν
3460 3028 3535 3091 ὡς
3567 3028 3645 3078 ὲνι

2050 3123 2128 3194 τῷ
2152 3123 2329 3195 σκότῳ
2364 3124 2949 3205 πάντωνεγεγονότων,
2982 3121 3103 3179 εἶτα
3141 3124 3237 3179 τοῦ
3284 3122 3458 3193 φωτὸς
3500 3123 3630 3175 ἐπι-

366 3207 520 3275 poris
550 3210 795 3276 modum,
824 3200 934 3283 quo
970 3213 1316 3284 naufragium
1369 3232 1568 3287 passus
1620 3226 1726 3283 est,
1786 3218 1944 3288 quasi

2050 3217 2441 3289 λαμϐάνοντος,
2475 3200 2770 3291 ἐργάζεται
2809 3217 2908 3289 μὲν
2941 3218 2998 3270 ιν
3043 3216 3121 3288 τῷ
3166 3216 3340 3287 σκότῳ
3372 3214 3471 3284 τὴν
3501 3211 3631 3266 avd-

366 3301 524 3354 navis
587 3302 803 3375 dirupta
869 3306 941 3362 sit
992 3308 1044 3362 vi
1109 3310 1379 3363 undanttu
1428 3309 1843 3366 intendentibus
1887 3326 1944 3364 se

2050 3328 2256 3375 στασιν,
2284 3310 2523 3364 δείκνυσι
2561 3310 2618 3363 δὲ
2663 3309 2832 3381 αὐτὴν
2862 3309 2963 3380 τῆς
2991 3309 3204 3381 ἡμέρας
3237 3303 3567 3373 ὲπιλαὸούπη
3583 3320 3641 3365 ;.,

364 3394 546 3448 noctis
575 3399 858 3467 tenebris;
905 3400 1100 3456 deinde
1133 3402 1185 3456 in
1215 3418 1277 3458 ea
1335 3406 1786 3475 perseveraverit,
1824 3421 1952 3475 quae
1989 3407 2040 3459 in
2071 3404 2345 3477 profundo
2396 3406 2657 3470 haerebat,
2710 3413 2887 3461 totum
2969 3405 3135 3460 diem.
3228 3401 3522 3456 Proferunt
3572 3405 3628 3452 ct

367 3479 634 3538 festorum
684 3496 926 3557 tempora
958 3531 971 3555 ,
1004 3499 1063 3546 ut
1105 3493 1187 3547 vel
1242 3495 1368 3549 inde
1405 3510 1520 3551 suae
1575 3497 1822 3566 opinioni
1858 3498 2096 3566 aliquam
2138 3496 2294 3551 fidem
2348 3496 2663 3551 concilient.
2722 3495 2825 3551 Sed
2895 3513 2995 3551 nec
3043 3497 3123 3551 sic
3187 3508 3378 3549 eorum
3436 3489 3647 3561 opinios

362 3573 513 3631 vires
533 3580 789 3649 acquirit,
846 3592 906 3637 ut
972 3599 1138 3654 supra
1197 3586 1472 3643 dedimus.
1507 3589 1574 3642 Et
1616 3597 1674 3643 ut
1724 3603 1948 3644 omnem
1984 3596 2237 3642 moveant
2262 3588 2520 3659 lapidem,
2561 3604 2737 3660 neque
2769 3590 3067 3660 quidquam
3143 3590 3469 3643 intentatum
3539 3599 3630 3638 re-

365 3665 639 3738 linquant,
670 3684 884 3744 tempus
927 3679 1357 3735 resurrectionis
1391 3680 1740 3751 depromunt.
1769 3680 1906 3736 Nam
1946 3697 2068 3736 cum
2110 3682 2162 3736 in
2200 3697 2310 3736 una
2336 3681 2638 3753 eademque
2668 3681 2997 3745 dic,verum
3013 3691 3198 3745 noctu,
3241 3677 3627 3741 resurrexerit,

365 3760 601 3819 allusum
635 3782 758 3823 esse
786 3769 850 3824 ad
886 3771 1116 3840 primam
1139 3788 1322 3829 rerum
1363 3777 1719 3844 creationem,
1747 3778 1840 3833 ubi
1874 3794 1939 3834 ex
1981 3778 2227 3835 tenebris
2287 3779 2500 3834 scilicet
2561 3778 2939 3835 coruscaverit
2982 3778 3098 3843 lux,
3150 3791 3255 3831 non
3340 3790 3501 3832 secus
3566 3782 3637 3829 ut-

365 3863 637 3927 processit
692 3865 945 3924 Christus
1004 3886 1068 3925 ex
1124 3873 1379 3941 sepulcro
1428 3874 1481 3929 in
1513 3875 1647 3945 ipsis
1683 3877 1923 3932 tenebris
1963 3892 2257 3948 resurgens
2288 3876 2468 3941 noctis
2532 3884 2586 3932 et
2620 3891 2805 3932 rerum
2894 3875 3138 3931 omnium
3230 3873 3643 3944 reparationem

366 3965 423 4008 et
455 3963 912 4019 restaurationem
949 3964 1235 4025 inducens.
1268 3970 1459 4041 Igitur,
1492 3974 1651 4042 quasi
1683 3990 1877 4030 omnes
1923 3976 1977 4029 in
2034 3973 2281 4029 tenebris
2344 3980 2657 4041 versentur,
2724 3978 2892 4028 noctu
2946 3984 3230 4041 resurgere
3272 3969 3461 4024 voluit.
3522 3965 3632 4021 Re-

368 4052 763 4108 surrectionem
833 4073 962 4113 vero
1026 4076 1181 4115 suam
1213 4072 1401 4120 exorta
1429 4066 1552 4120 luce
1576 4066 1856 4123 evidenter
1885 4070 1957 4123 ob
1980 4068 2168 4124 oculos
2212 4068 2415 4138 posuit.

437 4146 606 4203 Vens.
638 4147 692 4202 6.
749 4147 814 4202 Et
865 4150 1001 4206 dixit
1058 4154 1239 4212 Deus:
1287 4154 1414 4211 Fiat
1457 4159 1856 4227 firmamentum
1890 4163 1945 4216 in

370 4239 542 4294 medio
567 4234 850 4311 aqua/um,
891 4254 941 4299 et
977 4246 1143 4316 faciat
1172 4250 1573 4305 distinctionem
1603 4251 1741 4306 inter
1775 4270 1943 4323 aquas

369 4344 420 4387 ct
455 4350 642 4404 aquas.
680 4334 912 4401 Quidam
962 4340 1178 4396 inﬁcias
1213 4352 1369 4411 eunt,
1422 4343 1512 4398 hic
1554 4344 1783 4399 secundi
1816 4345 1947 4400 caeli

372 4422 782 4492 generationem
820 4430 1064 4502 depingi.
1102 4433 1429 4490 Existimant
1458 4444 1784 4506 praesentem
1819 4451 1945 4491 ver-

371 4514 567 4569 borum
617 4518 816 4571 seriem
869 4535 995 4575 esse
1053 4523 1461 4578 breviusculam
1503 4525 1653 4587 coeli,
1706 4526 1774 4580 de
1833 4539 1942 4594 quo

372 4619 565 4675 supra,
618 4609 1029 4676 repetitionem.
1062 4612 1190 4668 Haec
1221 4622 1275 4669 et
1310 4616 1438 4669 talia
1475 4616 1687 4687 garrire
1715 4616 1942 4681 audent,

372 4695 503 4751 licet
551 4696 841 4770 Scriptura
895 4704 1061 4772 hujus
1116 4708 1343 4763 secundi
1392 4710 1517 4764 ραιιὶ
1551 4709 1701 4764 aliud
1744 4725 1943 4764 nomen

336 4778 647 4860 'aliamque
695 4794 986 4851 utilitatem
1055 4809 1330 4868 apportet.
1392 4800 1458 4855 Et
1508 4801 1735 4871 quidem
1792 4801 1945 4857 Scri-

371 4889 533 4948 ptura
571 4898 729 4937 sacra
774 4888 1006 4943 multum
1050 4892 1227 4946 utitur
1261 4893 1700 4962 repetitionibus,
1736 4909 1946 4963 easque

373 4971 694 5044 frequentes
736 4977 919 5047 habet,
956 4981 1174 5038 interim
1222 4992 1404 5041 tamen
1437 4996 1594 5041 caret
1632 4987 1946 5041 contrarie-

373 5067 605 5123 tatibus.
641 5066 846 5125 Nullibi
895 5074 1041 5128 enim
1085 5076 1189 5131 sibi
1224 5094 1330 5133 non
1359 5088 1597 5135 constat.
1642 5078 1949 5148 Repetitio-

374 5172 474 5213 ncs
505 5160 807 5231 Scriptum
834 5178 1009 5221 sacrae
1058 5168 1359 5223 dilucidam
1395 5185 1614 5240 semper
1640 5169 1949 5240 expositio-

376 5264 500 5303 ncm
529 5259 582 5305 et
613 5254 949 5310 omissorum
991 5260 1432 5329 supplementum
1488 5263 1789 5317 advehunt.
1834 5260 1950 5315 Cae-

376 5351 554 5395 terum
584 5359 692 5415 qua
721 5348 932 5405 ratione
964 5366 1073 5404 non
1116 5364 1353 5424 emerget
1380 5354 1776 5416 contrarietas,
1819 5367 1946 5407 cum

375 5429 663 5488 Videamus
710 5437 944 5504 primum
999 5441 1198 5496 cmluut
1275 5459 1399 5498 esse
1456 5451 1838 5498 constructum
1891 5444 1946 5496 in

378 5518 660 5589 principio
705 5538 812 5579 una
863 5542 988 5582 cum
1039 5538 1207 5598 terra,
1253 5542 1309 5587 et
1359 5533 1521 5588 simul
1559 5532 1801 5588 cumbis
1832 5548 1950 5601 qum

491 5688 593 5743 "ll
626 5690 755 5747 Cor.
791 5710 864 5758 λι,
896 5697 985 5750 εδ.

2131 4161 2245 4216 Καὶ
2269 4157 2438 4216 εἶπεν
2470 4164 2506 4216 ὁ
2556 4162 2699 4227 Θεός
2722 4176 2738 4193 ⁸
2790 4160 3109 4229 Γενηθήτω
3138 4158 3442 4229 στερέωμα
3465 4197 3479 4222 ,
3530 4151 3642 4208 κρι-

2050 4257 2208 4310 ἐστω
2247 4253 2593 4323 δωχωρίζον
2648 4253 2767 4309 ἀνὰ
2811 4253 3001 4321 μέσον
3051 4253 3156 4308 τοῦ
3188 4253 3423 4318 ὕδατος.
3470 4251 3632 4313 Τινὲς

2052 4363 2186 4414 φασι
2210 4346 2286 4416 μὴ
2311 4346 2567 4414 δευτέρου
2604 4344 2820 4414 γένεσιν
2846 4343 3078 4415 οὐρανοῦ
3106 4344 3309 4414 ταύτην
3339 4342 3648 4412 ὑπάρχειν.-

2051 4437 2387 4508 ἐπεξὴγησιν
2409 4436 2465 4489 δὲ
2496 4431 2635 4489 εἶναι
2677 4436 2787 4488 τῶν
2829 4437 3110 4507 συντόμως
3158 4432 3467 4505 εἰρημένων
3502 4434 3633 4501 περὶ

2048 4528 2142 4582 τοῦ
2171 4528 2480 4597 φθάσαντος
2499 4544 2513 4559 ο
2543 4527 2722 4580 καίτοι
2758 4528 2854 4579 καὶ
2885 4526 3056 4595 ὄνομα
3098 4526 3287 4597 ἕτερον
3321 4524 3415 4579 καὶ
3444 4524 3634 4595 χρείαν

2048 4620 2363 4684 ἰδιάζουσαν
2405 4620 2439 4690 ἡ
2493 4617 2683 4687 Γραφὴ
2733 4616 2828 4671 τοῦ
2859 4617 3115 4687 δευτέρου
3177 4616 3480 4689 παρέδωκε.
3520 4615 3633 4667 Καὶ

2046 4711 2223 4775 ἄλλως
2246 4712 2306 4764 αἱ
2338 4711 2439 4781 τῆς
2473 4710 2700 4780 Γραφῆς
2738 4709 3111 4779 ἑπαναλήψεις
3164 4709 3262 4763 οὐκ
3317 4707 3654 4763 ἐναντίωσινι

2047 4802 2285 4873 ἔχουσιν,
2308 4802 2446 4856 ἀλλὰ
2479 4802 2638 4872 μόνον
2667 4802 2971 4871 σαφήνειαν
3002 4800 3100 4854 καὶ⁹
3146 4799 3258 4854 τῶν
3286 4800 3635 4869 παρειμένων

2046 4896 2147 4965 τὴν
2170 4895 2582 4964 ἀναπλήρωσιν.
2619 4893 2742 4957 Πῶς
2773 4893 2830 4946 δὲ
2860 4893 2959 4947 οὐκ
2994 4892 3263 4958 ἐναντίον,
3288 4892 3335 4943 εἰ
3360 4891 3388 4942 ὁ
3411 4890 3510 4959 μὲν
3538 4889 3636 4957 γέ-

2047 4997 2203 5049 γονεν
2238 4982 2293 5032 ὲν
2334 4981 2478 5052 ἀρχῇ
2527 4980 2663 5051 μετὰ
2713 4981 2819 5050 γῆς
2867 4981 2960 5035 καὶ
3007 4979 3117 5034 τῶν
3143 4980 3473 5051 ἀμφοτέροις
3505 4996 3636 5032 συν-

2055 5071 2431 5142 υπαρξάντων,
2487 5072 2563 5136 ὡς
2619 5072 2787 5143 μηδὲν
2822 5072 2927 5145 πρὸ
2960 5072 3129 5126 αὐτοῦ
3175 5073 3477 5142 γεγονέναι,
3513 5073 3541 5125 ὁ
3577 5072 3639 5125 δὲ

2054 5163 2246 5232 γέγονε
2270 5166 2412 5219 κατά
2436 5165 2533 5235 τὴν
2557 5165 2817 5236 δευτέραν
2844 5166 3056 5237 ἡμέραν
3091 5166 3150 5219 ἐν
3189 5166 3341 5238 μέσῳ
3365 5164 3473 5218 τῶν
3504 5165 3639 5218 ὑδά-

2053 5277 2161 5313 των
2189 5260 2329 5332 ἔχων
2358 5260 2455 5332 τὴν
2487 5261 2747 5315 σύστασιν
2773 5278 2788 5327 ;
2814 5262 2890 5326 ὼς
2924 5262 3080 5333 δῆλον
3103 5264 3184 5317 ὅτι
3224 5261 3651 5334 προγεγονότωνι

2057 5345 2133 5405 ὧν
2162 5354 2221 5405 ἐν
2249 5353 2399 5423 μέσῳ
2427 5352 2786 5422 καθέστηκεν.
2823 5355 2939 5408 Οὐκ
2975 5354 3041 5409 ἂν
3076 5356 3134 5409 δέ
3164 5374 3246 5419 τις
3272 5355 3416 5408 εἴποι
3444 5370 3651 5427 περιτα

2055 5443 2153 5513 τὴν
2184 5438 2322 5497 εἶναι
2370 5445 2560 5499 τούτου
2605 5446 2705 5517 τὴν
2757 5445 2995 5515 γένεσιν.
3050 5448 3222 5503 Τοῦτο
3255 5448 3383 5519 μὲν,
3414 5448 3494 5501 ὅτι
3527 5447 3641 5500 τῶν

2059 5534 2265 5591 ὑδάτων
2303 5536 2363 5591 οὐ
2400 5538 2604 5607 μικράν
2645 5554 2764 5591 τινα
2827 5540 3022 5609 μοῖραν
3065 5539 3205 5609 ὑπὲρ
3250 5539 3419 5593 νώτου
3448 5539 3637 5593 λαϐὼν
