3922 6230
186 375 262 442 85
1296 371 1839 433 COMMENTARII
1874 371 1955 430 IN
1998 356 2393 429 GENESIN.‘
3397 363 3466 428 06

191 486 400 558 εύχερῆ
450 487 563 550 τοῖς
604 482 979 553 ὑπολειφθεῖσι
1030 479 1127 553 τὴν
1154 484 1233 546 είς
1269 483 1335 537 ἓν
1372 502 1426 538 τι
1467 484 1790 556 συναγωγὴν

1893 499 1999 537 una
2033 482 2319 541 exstitere.
2349 479 2510 549 quasi
2550 472 2687 535 nihil
2734 476 3082 551 praecesserit
3113 480 3320 551 ipsum.
3350 482 3467 537 Hoc

192 583 521 652 ἐποιήσατο,
553 578 628 642 ὡς
648 576 1032 648 γυμνωθείσαν
1074 576 1172 648 τὴν
1207 577 1313 648 γῆν
1341 578 1622 649 χρησίμην
1648 576 1788 633 εἶναι

1893 587 2038 636 vero,
2099 571 2167 626 de
2212 586 2321 641 quo
2365 586 2514 625 nunc
2566 586 2753 626 sermo
2807 580 2912 638 est,
2968 572 3215 627 secimdo
3245 572 3466 627 demum

194 673 335 744 πρὸς
362 671 583 741 οἴκησιν
605 687 618 701 ·
642 669 806 724 τοῦτο
840 668 897 721 δὲ
930 670 1149 740 πρώτου
1186 672 1300 733 τοῖς
1343 670 1439 724 ἐπὶ
1476 671 1582 741 γῆς
1611 669 1789 740 ἀσύμ-

196 782 400 836 μετρον
431 764 652 834 ἔχοντος
698 761 798 828 τὴν
824 761 1150 828 ἀπόστασιν,
1181 761 1258 827 ὡς
1287 763 1476 832 ἀργεῖν
1501 768 1629 833 περὶ
1660 763 1789 817 τοῦ-

192 874 289 931 τον
314 856 415 927 τὴν
445 854 597 918 θέαν,
633 855 798 924 μέσος
827 849 981 916 οὗτος
1021 852 1311 924 παρελθὼν
1336 844 1789 925 εἰκότως-’ταύτην

194 947 509 1017 ἐμέτρησεν
535 962 551 978 ·
584 947 672 1015 ἐφ’
692 940 752 1000 οὗ
783 943 1018 1016 ἧμελλον
1049 946 1145 999 καὶ
1176 946 1226 999 ot
1261 950 1545 1017 φωστῆρες
1568 947 1790 1018 ταχθέν-

192 1055 289 1100 τες
306 1041 372 1109 τῇ
402 1036 605 1107 μετρίᾳ
630 1037 910 1091 διαστάσει
932 1037 1116 1100 καλῶς
1138 1036 1206 1091 τά
1227 1038 1358 1108 περὶ
1387 1038 1490 1108 γῆν
1519 1040 1783 1109 ἐνεργεῖν.

194 1130 262 1183 ΕΞ
293 1129 402 1201 γάρ
432 1128 528 1181 νῦν
556 1128 585 1180 6
624 1127 776 1198 ἣλιος
806 1127 998 1199 πόρρω
1030 1128 1354 1199 γιγνόμενος
1392 1127 1787 1201 ἀσθενεστέραν

194 1218 309 1290 ἔχει
337 1221 441 1290 τὴν
472 1217 803 1290 προσϐολὴν,
858 1219 935 1282 ὡς
964 1219 1023 1271 ὲν
1056 1219 1285 1291 ἀμυδρῷ
1335 1220 1475 1290 φωτὶ
1504 1222 1599 1274 καὶ
1629 1220 1787 1292 κρύει

190 1312 261 1365 τά
285 1310 413 1364 καθ’
446 1312 592 1381 ἡμᾶς
621 1311 866 1379 ἀφιέναι,
890 1309 945 1362 τί
982 1309 1088 1382 χρὴ
1109 1310 1288 1383 λέγειν
1321 1314 1370 1367 ει
1412 1313 1534 1366 κατ’
1557 1312 1784 1384 οὐρανὸν

1884 664 1975 719 die
1998 662 2251 719 cﬂ‘ectum
2288 675 2366 718 est
2405 664 2458 716 in
2502 663 2679 718 medio
2712 677 2979 732 aquarum
3014 666 3352 721 subsistens.
3387 663 3463 719 Ex

1888 772 1998 829 quo
2048 756 2312 825 colligere
2372 755 2527 821 licet,
2556 755 2701 823 quod
2738 740 3148 811 ﬁrmamentum
3180 757 3237 812 in
3274 772 3467 812 eorum

1888 850 2094 917 medio,
2147 862 2268 916 qua:
2306 846 2487 915 ipsqu
2543 855 2921 913 antecessere,
2974 849 3315 903 constiterit.
3356 847 3469 902 Nec

1891 943 2019 1012 quis
2068 940 2277 995 dixerit
2345 941 2510 1008 hujus
2576 941 2916 995 creationem
2976 956 3465 1011 supervacaneam.

1890 1033 2027 1088 Nam
2080 1032 2211 1086 dum
2268 1030 2413 1084 haud
2469 1031 2727 1101 exiguam
2800 1047 3071 1100 aquarum
3124 1033 3255 1095 vim,
3308 1034 3464 1102 quasi

1891 1137 2046 1197 tergo
2077 1126 2316 1196 excepit,
2357 1124 2567 1180 accidit
2616 1132 2676 1179 ut
2729 1126 2936 1180 relictae
2973 1139 3128 1195 aquae
3157 1128 3471 1197 expeditius

1890 1225 1945 1274 ct
2003 1218 2242 1273 celerius
2292 1216 2349 1270 in
2422 1230 2586 1269 uuam
2640 1214 2937 1269 colluvicm
2996 1215 3358 1283 conﬂuerent,
3417 1232 3470 1271 et

1895 1320 2038 1362 terra
2101 1306 2435 1360 habitationi
2508 1304 2877 1359 accommoda
2936 1306 3101 1361 citius
3167 1316 3471 1376 emergeret

189 1402 285 1454 τὸν
324 1399 546 1469 πρῶτον
571 1398 864 1467 ὲτέτακτο;
905 1399 1188 1470 ’Δοίκητος
1222 1403 1332 1471 γὰρ
1364 1399 1430 1454 ἂν
1474 1401 1719 1473 ὑπῆρχεν
1748 1402 1781 1472 ἡ

1893 1399 2257 1473 inundatione
2290 1399 2530 1454 sublata.
2560 1400 2808 1455 Primum
2845 1398 3066 1469 quidem
3107 1399 3308 1454 malum
3347 1415 3471 1467 pto-

188 1494 263 1563 γῆ
295 1492 445 1546 κατά
466 1493 533 1546 τά
564 1491 658 1545 νῦν
690 1492 862 1562 αὐτῆς
893 1492 1036 1562 μέρη
1069 1470 1483 1562 κατεψυγμένα.
1574 1470 1605 1473 ἡ
1627 1470 1658 1472 Π
1769 1470 1778 1472 7

1893 1502 2012 1563 pter
2043 1470 2373 1547 inimensam
2426 1491 2910 1563 longinquitatem,
2972 1507 3320 1562 nequaquam
3342 1498 3471 1545 erat

188 1596 362 1642 terra:
396 1585 931 1642 commensurabile.
976 1583 1220 1640 Proinde
1268 1585 1407 1639 nihil
1437 1585 1557 1655 ejus
1587 1590 1781 1655 partus
1822 1585 2071 1643 infinitos
2110 1589 2371 1658 adjuvare
2401 1587 2697 1658 quivisset.
2744 1585 3017 1640 Caeterum
3087 1583 3327 1638 medium
3400 1584 3467 1635 ii-

188 1679 287 1734 lud
372 1679 603 1743 coelum,
699 1676 846 1747 quod
903 1674 1311 1731 firmamentum
1397 1684 1619 1741 vacant,
1690 1677 2052 1745 progrediens
2130 1677 2429 1746 quamdam
2492 1675 2906 1744 proportionem
2989 1688 3115 1727 cum
3185 1667 3472 1727 habitabii

184 1769 477 1823 elemento
527 1767 733 1823 traxit:
765 1774 831 1823 et‘
852 1774 1006 1822 astra
1048 1767 1103 1821 in
1139 1766 1245 1820 hoc
1297 1765 1564 1822 mediocri
1597 1776 1653 1823 et
1685 1767 1872 1822 debito
1912 1770 2213 1823 interstitio
2300 1767 2572 1822 collocata
2656 1765 3055 1836 pulcherrime,
3130 1778 3253 1833 quae
3324 1771 3473 1817 terra

185 1870 370 1929 tenet,
431 1862 698 1917 excolunt
746 1869 802 1916 et
858 1861 1089 1917 eliciunt
1166 1876 1382 1930 suoque
1435 1863 1623 1919 calore
1703 1864 2020 1934 perficiunt.
2103 1864 2390 1935 Siquidem
2424 1867 2732 1919 etiamnum
2765 1862 2876 1926 sol,
2919 1862 2964 1916 si
2997 1876 3026 1914 a
3059 1861 3223 1915 nobis
3266 1844 3472 1929 paulu-

185 1958 302 2013 lum
340 1958 668 2024 recesserit,
705 1957 1039 2013 infirmiores
1069 1957 1137 2011 ad
1171 1972 1272 2012 nes
1301 1958 1534 2013 dimittit
1571 1959 1782 2018 radios.
1821 1960 2063 2017 Proinde
2111 1977 2177 2017 eo
2229 1971 2498 2031 tempore,
2553 1976 2663 2031 quo
2692 1959 2872 2021 abest,
2903 1957 3092 2011 omnia
3154 1954 3297 2025 apud
3370 1964 3469 2006 nos

187 2063 305 2107 tum
348 2051 649 2122 frigidiora
692 2062 809 2106 tum
866 2049 1193 2106 obscuriora
1243 2059 1393 2105 sunt.
1449 2050 1590 2118 Quid
1632 2068 1784 2120 vero,
1826 2053 1917 2108 dic
1958 2069 2165 2125 quaeso,
2219 2055 2493 2118 eveniret,
2546 2052 2594 2107 si
2630 2052 2714 2107 sol
2768 2050 2825 2106 in
2873 2049 3053 2119 primo
3128 2047 3277 2101 cuzlo
3334 2060 3459 2100 cou-

187 2144 433 2199 stitutus
488 2141 734 2196 fuisset?
782 2141 946 2196 Certe
991 2136 1144 2197 orbis
1188 2151 1400 2212 partes,
1457 2158 1582 2209 qua:
1634 2159 1782 2199 nunc
1824 2146 1973 2200 cultu
2029 2146 2218 2202 nitent
2245 2155 2299 2201 et
2331 2145 2676 2209 habitantur,
2708 2140 2958 2214 profecto
3037 2147 3305 2210 perpetuo
3364 2138 3460 2193 fri-

185 2253 321 2311 gore
363 2245 655 2305 occupata:
689 2235 1014 2307 squalerent
1048 2245 1103 2291 et
1134 2237 1358 2292 incultae
1390 2237 1594 2293 forent.

257 2332 445 2397 Εἴποι,
465 2328 511 2383 δ’
541 2330 608 2385 ἀν
639 2347 724 2393 τις
756 2330 853 2383 καὶ
886 2331 1022 2402 πρὸς
1043 2330 1104 2386 τὸ
1137 2332 1330 2404 μέλλον
1378 2334 1656 2405 ἡρμόσθαι
1686 2336 1791 2390 τῶν

1970 2336 2041 2392 At
2073 2337 2120 2393 si
2167 2336 2297 2407 quis
2331 2333 2504 2399 dicat,
2541 2332 2711 2390 Deum
2749 2329 3064 2400 respexisse
3095 2327 3336 2382 futuram
3378 2342 3470 2381 re-

186 2422 507 2491 γεγονότων
551 2421 650 2493 τὴν
703 2424 943 2495 ποίησιν.
977 2421 1276 2495 ΙΙροῠκειτο
1301 2426 1410 2497 γὰρ
1444 2425 1561 2497 Θεῷ
1590 2426 1788 2498 διπλῆν

1896 2443 2020 2482 rum
2050 2427 2391 2482 creationem
2427 2425 2543 2481 sive
2582 2423 3018 2484 innovationem.
3042 2419 3471 2489 haudquaquam

189 2513 532 2585 ποιήσασθαι
580 2514 679 2584 τῆς
725 2515 956 2579 κτίσεως
999 2514 1099 2587 τὴν
1154 2516 1509 2583 κατάστασιν,
1557 2518 1655 2589 τὴν
1689 2518 1789 2589 μὲν

189 2604 445 2676 τρεπτὴν
478 2605 572 2657 καὶ
617 2603 886 2679 φθαρτὴν,
932 2607 1095 2662 ὁποία
1129 2609 1226 2665 νῦν
1256 2612 1465 2686 ἐστινή
1513 2616 1787 2686 παροῦσα,

191 2696 412 2769 τρεπτά
446 2697 572 2760 ταῖς
602 2695 848 2768 γνώμαις
884 2697 1084 2769 ἔχουσα
1124 2701 1218 2755 καὶ
1250 2702 1319 2755 τὰ
1341 2704 1416 2774 μὴ
1445 2704 1604 2771 φύσει
1634 2707 1791 2776 φθει-

196 2790 410 2860 ρόμενα
461 2787 659 2857 λογικά
692 2805 750 2841 τε
796 2789 892 2843 καὶ
924 2791 1118 2862 νοεράο
1155 2792 1259 2864 τὴν
1285 2793 1342 2848 δὲ
1366 2796 1475 2849 τῶν
1504 2798 1792 2866 παρόντων

194 2879 499 2951 uiuos?“
527 2879 735 2943 κακῶν,
767 2880 1008 2951 Χριστοῦ
1045 2881 1149 2952 τῆς
1196 2885 1455 2959 τοιαύτης
1506 2891 1645 2944 κατὰ
1690 2892 1791 2962 τὴν

194 2972 521 3043 οἰκονομίαν
553 2971 926 3044 κατάρξαντος
949 2989 964 3004 ο
990 2970 1057 3047 ἦς
1093 2975 1187 3030 καὶ⁸
1238 2979 1441 3044 πάντες
1466 2981 1792 3054 τευξοίμεθα

195 3063 338 3135 μετά
360 3062 467 3134 τὴν
496 3060 709 3128 ἔνδοξον
746 3062 840 3116 καὶ
858 3063 1120 3136 δευτέραν
1145 3065 1311 3120 αὑτοῦ
1355 3071 1677 3142 παρουσίαν.
1712 3073 1790 3146 Τῇ

197 3156 295 3227 μὲν
326 3150 430 3209 οὗν
465 3152 723 3227 παρούσῃ
751 3154 1087 3209 καταστάσει
1123 3156 1334 3228 πρέπον
1381 3159 1706 3234 ἐνδιαίτημα
1732 3165 1793 3219 τὸ
1828 3152 1839 3156 δ

192 3249 401 3321 χωρίον
430 3250 496 3301 ὲν
598 3246 695 3302 νῦν
724 3249 912 3317 ἐσμεν,
953 3248 1014 3302 τὸ
1045 3250 1250 3320 μεταξὺ
1295 3250 1397 3322 τῆς
1438 3255 1543 3324 γῆς
1573 3255 1670 3309 καὶ
1696 3257 1792 3310 τοῦ

193 3340 594 3415 περεώματος
618 3357 631 3369 ·
665 3343 732 3413 τῇ
759 3341 817 3394 δὲ
855 3340 1127 3414 μελλούσῃ
1154 3343 1246 3396 καὶ
1269 3341 1540 3416 θειοτέρα,
1572 3346 1633 3399 τὸ
1677 3346 1794 3402 διά-

190 3451 312 3502 γειν
350 3436 415 3487 ὲν
444 3430 530 3502 τῷ
576 3430 794 3502 οὐρανῷ
844 3432 1138 3500 γεγονότας
1173 3433 1499 3501 ἀτρέπτους,
1537 3434 1666 3489 ἔνθα
1702 3438 1795 3492 καὶ

188 3526 287 3581 *οὖν
307 3528 341 3578 6
370 3523 618 3596 Χριστὸς
644 3524 785 3578 κατὰ
814 3522 913 3595 τὴν
939 3525 1253 3596 οἰκονομίαν
1284 3524 1643 3600 καθέστηκεν,
1673 3528 1747 3592 ὡς
1767 3530 1795 3582 6

189 3620 479 3692 μακάριος
505 3614 721 3680 Παῦλός
747 3633 913 3688 φησιν
934 3632 947 3646 ·
988 3635 1007 3669 ι
1042 3616 1159 3691 Ἴννα
1182 3617 1412 3689 ἰσχυρὰν
1446 3621 1793 3691 παράκλησιν

186 3685 418 3780 ἔχωμεν
447 3708 502 3761 οἱ
528 3685 969 3775 καταφεύγοντες
995 3685 1271 3778 κρατῆσαι
1301 3685 1401 3780 τῆς
1423 3685 1791 3783 προκειμένης
1820 3685 1863 3743 C

183 3801 440 3865 ἐλπίδος,
467 3798 539 3869 ἢν
570 3797 647 3861 ὡς
672 3797 919 3869 ἄγκυραν
947 3797 1143 3869 ἔχομεν
1170 3799 1267 3870 τῆς
1293 3800 1473 3870 ψυχῆς
1497 3801 1711 3873 ἀσφαλῆ
1733 3818 1793 3854 τε

182 3892 287 3947 καὶ
317 3890 560 3962 βεϐαίαν
593 3891 689 3943 καὶ
731 3890 1125 3960 εἰσερχομένην
1173 3892 1251 3955 είς
1294 3892 1359 3945 τὸ
1397 3891 1665 3964 ἐσώτερον
1698 3891 1791 3945 τοῦ

181 3983 725 4051 καταπετάσματος,
761 3980 896 4033 ὅπου
933 3982 1241 4052 πρόδρομος
1258 3982 1399 4054 ὑπὲρ
1432 3982 1590 4053 ἡμῶν
1614 3985 1794 4055 εἰσῆλ-

181 4077 284 4130 θεν
324 4072 557 4146 Ἰησοῦς
598 4071 741 4127 κατὰ
795 4071 894 4144 τὴν
939 4072 1093 4138 τάξιν
1133 4074 1474 4144 Μελχισεδὲκ
1502 4075 1794 4146 ἀρχιερεὺς

1889 2519 2345 2575 halluciuabitur.
2396 2517 2726 2573 Decreverat
2767 2515 2973 2570 etenim
3014 2513 3159 2567 Deus
3191 2513 3301 2566 duo
3326 2526 3472 2565 eon-

1891 2614 2020 2668 dere
2049 2612 2269 2683 opificia
2306 2608 2679 2682 pulcherrima
2710 2623 2723 2661 :
2756 2607 2990 2660 alterum
3034 2605 3256 2673 quidem
3283 2609 3470 2656 muta-

1891 2704 2030 2761 tioni
2059 2713 2116 2759 et
2163 2702 2508 2772 corruptioni
2559 2699 2892 2763 obnoxium,
2924 2696 3072 2766 quod
3113 2703 3299 2748 tamen
3329 2708 3468 2746 neu-

1895 2797 2102 2867 liquam
2159 2794 2480 2866 spirituales
2528 2791 2875 2848 substantias
2929 2788 3205 2859 perimere
3260 2793 3467 2857 posset.

1892 2887 1960 2943 Et
1986 2888 2119 2942 illud
2150 2902 2291 2959 opus
2339 2893 2452 2950 est,
2500 2883 2648 2955 quod
2696 2883 2878 2937 oculis
2909 2879 3120 2935 nostris
3154 2878 3468 2947 subjectum

1893 2980 2222 3051 aspicimus.
2253 2979 2501 3034 Alterum
2540 2991 2673 3032 vero
2719 2975 2956 3030 liberum
3011 2980 3066 3027 et
3106 2978 3340 3027 vaenum
3376 2987 3475 3024 vo-

1894 3073 1996 3129 luit
2023 3089 2148 3131 esse
2197 3089 2228 3129 a
2265 3072 2559 3144 pra-sentis
2590 3069 3091 3127 saeculi.malorum
3117 3066 3240 3122 labe
3273 3083 3287 3119 :
3323 3065 3473 3135 quod

1892 3167 2117 3238 quidem
2174 3166 2504 3236 auspicatus
2554 3170 2640 3218 est
2692 3161 2978 3225 Christus,
3015 3175 3139 3213 cum
3175 3159 3471 3212 humanam

1895 3260 2155 3318 indueret
2184 3268 2465 3314 naturam.
2500 3256 2561 3311 In
2598 3257 2703 3310 hoc
2733 3254 3064 3325 praiclarum
3100 3251 3477 3324 ingrediemur‘

1896 3355 2176 3424 opificium
2227 3352 2310 3407 vel
2363 3350 2662 3406 aedificium
2716 3355 2841 3419 post
2894 3346 3200 3402 secundum
3241 3344 3347 3415 ιε
3380 3344 3474 3399 Dei

1895 3448 2196 3520 gloriosum
2246 3444 2562 3499 adventum.
2608 3439 2812 3495 Verum
2875 3436 3138 3509 praesenti
3205 3438 3372 3503 cmlo,
3407 3438 3475 3491 de

1897 3553 2010 3610 quo
2043 3538 2133 3592 hic
2160 3534 2342 3590 Moses
2392 3533 2528 3603 agit,
2573 3528 2831 3601 congruit
2871 3529 3049 3593 locus,
3088 3527 3142 3581 in
3182 3541 3291 3597 quo
3325 3541 3476 3580 nunc

1897 3630 2171 3699 degimus,
2204 3624 2543 3694 interiacens
2594 3620 2809 3675 medius
2839 3618 2983 3674 inter
3012 3619 3212 3675 calum
3238 3625 3474 3672 terram-

1895 3737 2022 3793 que.
2054 3720 2122 3773 At
2151 3719 2205 3773 in
2243 3718 2443 3781 altero,
2498 3722 2688 3783 utpote
2717 3712 3011 3777 diviniore,
3044 3711 3293 3766 vivemus
3315 3749 3330 3773 ,
3367 3709 3475 3763 im-

1894 3810 2285 3867 mortalitatem
2332 3805 2616 3861 consecuti
2647 3821 2661 3858 :
2707 3812 2763 3859 et
2800 3805 2854 3859 in
2887 3805 2993 3858 hoc
3021 3818 3169 3858 nunc
3208 3801 3481 3857 Christus

1896 3903 2223 3957 incarnatus
2255 3898 2599 3955 domicilium
2640 3897 2828 3958 habet,
2857 3896 3026 3950 siculi
3061 3895 3253 3949 docuit
3282 3896 3477 3950 heatus

1894 3995 2119 4053 Paulus.
2157 4011 2175 4045 ι
2219 3990 2290 4046 Ut
2332 3991 2571 4047 validam
2639 3989 3080 4046 consolationem
3121 3988 3479 4054 haberemus,

1894 4088 1988 4159 qui
2027 4087 2132 4142 huc
2185 4083 2561 4154 confugimus,
2614 4090 2674 4137 ut
2722 4083 3007 4154 potiamur
3041 4080 3321 4153 proposita
3352 4095 3475 4149 spe,

176 4169 505 4239 γενόμενος
526 4181 541 4195 °
568 4184 587 4218 ι
621 4162 886 4237 ἐσώτερον
937 4164 1036 4235 μὲν
1085 4165 1506 4235 καταπέτασμα,
1532 4166 1622 4220 τὸν
1653 4166 1794 4237 ὑπὲρ

175 4262 288 4317 τὸν
321 4257 572 4330 οὐρανὸν
589 4257 754 4311 τόπον
779 4256 1062 4327 ὀνομάζων
1088 4272 1102 4286 ·
1127 4257 1392 4329 ἀρχιερέα
1415 4257 1471 4312 δὲ
1501 4258 1681 4312 καλῶν
1701 4259 1794 4313 τὸν

174 4351 446 4426 Χριστὸν
459 4347 541 4411 ὡς
559 4346 659 4417 τῆς
679 4342 1064 4411 καταστάσεως
1092 4345 1353 4419 ἄρξαντα.
1377 4347 1482 4402 Σὺν
1512 4348 1662 4419 αὐτῷ
1686 4349 1794 4420 γὰρ

175 4441 448 4517 ἐσόμεθα
472 4440 613 4511 μετά
641 4439 752 4493 τῶν
780 4439 1030 4510 ἀοράτων
1054 4438 1337 4511 δυνάμεων
1360 4456 1375 4470 ο
1407 4440 1565 4511 ειπερ
1594 4442 1795 4513 ἀληθὲς

173 4538 267 4602 τὸ,
288 4514 333 4591 τι
367 4533 684 4603 ’ἰσάγγελοι
723 4532 828 4603 γάρ
857 4533 965 4585 είσι
985 4548 1002 4563 ο
1038 4551 1058 4584 ι
1086 4532 1180 4586 καὶ
1210 4534 1348 4586 εἰσὶν
1375 4535 1480 4588 υἱοὶ
1508 4534 1600 4588 τοῦ
1632 4514 1807 4601 Θεοῦ,

174 4633 286 4702 τῆς
319 4626 695 4690 ἀναστάσεως
728 4625 831 4678 υἱοὶ
882 4623 1055 4688 ὄντες.
1110 4625 1220 4677 Καὶ
1266 4625 1477 4689 Παῦλος
1508 4626 1564 4680 δέ
1594 4643 1757 4698 φησιν
1777 4644 1792 4658 ·

182 4747 206 4779 ι
254 4718 755 4795 Ἀρπαγησόμεθα
782 4719 839 4773 ὲν
860 4717 1111 4787 νεφέλαις
1134 4721 1213 4782 είς
1245 4718 1336 4771 τὸν
1357 4718 1495 4790 ἀέρα
1523 4722 1602 4783 εἰς
1623 4721 1796 4775 ἁπάν-

173 4835 355 4890 τησιν
384 4811 473 4883 τῷ
508 4810 721 4883 Κυρίῳ,
750 4813 842 4865 καὶ
871 4809 1045 4873 οὕτως
1072 4809 1306 4863 πάντοτε
1339 4812 1435 4863 σὺν
1458 4798 1648 4883 Κυρίῳ
1673 4814 1794 4866 ἐσό-

178 4908 359 4979 μεθα.
398 4921 425 4955 s
463 4903 631 4961 Ὥστε
658 4901 792 4970 πρὸς
810 4900 910 4966 τὰς
939 4900 1124 4963 διττὰς
1154 4903 1536 4965 καταστάσεις,
1564 4903 1791 4976 διάφορα

1896 4914 2002 4970 hoc
2031 4912 2368 4977 ascenderit,
2420 4918 2477 4965 et
2512 4910 2677 4966 nobis
2708 4911 2923 4982 primus
2976 4911 3137 4967 istam
3176 4912 3469 4968 habitatio

173 4993 565 5066 καταγώγια.
624 4993 735 5047 Καὶ
767 4995 796 5047 6
846 4991 941 5046 νῦν
986 4993 1122 5065 ἡμῖν
1166 4993 1374 5064 ὀροφῆς
1403 4994 1556 5061 τάξιν
1586 4998 1791 5066 ἐπέχων

1900 5023 2023 5061 nem
2056 5007 2357 5077 aperuerit.
2408 5006 2545 5059 Cum
2599 5003 2825 5059 Christo
2873 5005 3078 5060 etenim
3112 5005 3167 5059 in
3212 5005 3308 5060 illo
3334 5007 3485 5060 ccelo

171 5090 462 5167 οὐρανὸς,
492 5089 556 5142 ὲν
577 5086 804 5155 ἐδάφους
833 5085 991 5157 μέρει
1014 5087 1322 5157 γενήσεται.
1361 5085 1419 5139 Ὁ
1447 5086 1554 5159 γὰρ
1582 5089 1791 5159 πρῶτος

1902 5098 2378 5153 commorabimur
2412 5096 2792 5152 invisibilibus
2838 5096 3103 5167 potentiis
3133 5112 3230 5153 seu
3261 5098 3487 5151 virtuti-

173 5185 397 5252 ὥσπερ
438 5177 668 5247 οὐρανός
699 5178 847 5232 ἔστιν
867 5177 1125 5248 ούρανοῦ.
1162 5177 1273 5230 Καὶ
1302 5178 1334 5230 6
1360 5175 1529 5232 Δαδὶδ
1568 5179 1676 5252 γὰρ
1715 5179 1791 5232 λέ-

1900 5191 2006 5246 bus
2030 5191 2279 5259 admisti,
2311 5199 2370 5245 ut
2392 5191 2639 5247 declarat
2668 5188 2802 5245 illud
2820 5190 3101 5261 eloquium
3133 5208 3146 5244 :
3177 5210 3195 5242 ι
3218 5190 3357 5243 Sunt
3389 5205 3483 5243 ven

173 5295 277 5348 γει
303 5292 322 5306 ο
355 5292 377 5326 ι
432 5270 496 5323 '0
544 5268 768 5338 οὐρανὸς
800 5267 895 5323 τοῦ
943 5265 1185 5356 οὐρανοῦ
1218 5267 1297 5338 τῷ
1346 5268 1536 5341 Κυρίῳ
1560 5286 1575 5302 ο
1620 5271 1717 5340 τὴν
1742 5270 1791 5323 δὲ

1901 5285 2002 5339 luti
2035 5285 2239 5356 angeli,
2273 5285 2368 5356 qui
2399 5286 2455 5340 iu
2488 5285 2647 5342 oculis
2698 5294 2830 5342 sunt
2887 5284 2959 5340 “.
3014 5305 3033 5337 ι
3074 5284 3187 5338 lmo
3221 5291 3351 5337 sunt
3385 5283 3483 5337 filii

170 5371 336 5442 τῆνο
383 5384 408 5417 ι
446 5360 706 5417 τοσοῦτον
734 5362 855 5415 ὅσον
892 5355 1049 5426 οὗτος
1087 5360 1270 5434 ἡμῶν.
1297 5361 1533 5433 Τοιαύτη
1568 5362 1791 5433 τοίνυνή

1904 5371 2022 5439 Dei,
2056 5355 2181 5431 cum
2232 5355 2665 5432 resurrectionis
2716 5376 2813 5433 filii
2849 5375 2984 5430 sint.
3020 5372 3141 5428 Huc
3173 5373 3487 5445 applicetur

180 5462 490 5537 μέλλουσα
515 5456 626 5509 τῶν
652 5453 823 5524 ἁγίων
845 5455 1183 5519 κατάστασις
1202 5470 1216 5486 ν
1248 5452 1371 5508 ὅθεν
1405 5456 1500 5508 καὶ
1523 5453 1791 5525 βασιλείαν

1905 5465 2286 5520 testimonium
2338 5466 2443 5522 hoc
2473 5464 2678 5521 Pauli:
2718 5484 2737 5519 ι
2777 5463 2986 5522 Deinde
3045 5480 3170 5532 nos,
3201 5465 3294 5533 qui
3333 5467 3486 5519 vive-

176 5551 464 5629 οὖρανῶν
506 5552 547 5622 ἡ
571 5548 763 5623 Γραφὴ
793 5548 893 5622 τὴν
936 5550 1198 5619 τοιαύτην
1231 5547 1391 5606 καλεῖ
1441 5550 1791 5605 κατάστασιν.

1906 5571 2053 5619 mus,
2086 5556 2179 5626 qui
2215 5556 2410 5628 reliqui
2444 5559 2676 5623 erimus,
2707 5557 2871 5614 simul
2901 5571 3025 5613 cum
3069 5557 3179 5614 illis
3206 5556 3488 5628 rapiemur

182 5652 255 5708 in
291 5658 606 5703 occursum
651 5641 873 5697 Domini
925 5642 980 5697 in
1014 5657 1166 5710 aera,
1215 5649 1272 5699 et
1302 5642 1382 5698 sic
1418 5657 1636 5712 scalper
1672 5656 1798 5697 cum
1837 5642 2075 5701 Domino
2127 5647 2337 5705 erimus
2388 5648 2456 5703 θ’.
2498 5667 2517 5701 -ι
2555 5647 2725 5721 Igitur
2774 5646 2897 5704 cum
2949 5649 3056 5705 duo
3141 5652 3254 5708 sint
3334 5652 3482 5719 costi,

1895 4194 2059 4251 quam
2088 4178 2241 4233 velut
2289 4176 2591 4232 anchoram
2646 4182 2900 4230 tenemus
2948 4174 3146 4228 animae
3200 4188 3324 4228 cum
3386 4172 3482 4226 [iro

1895 4284 2039 4325 mam
2098 4277 2214 4324 tum
2268 4276 2469 4333 tutam,
2529 4277 2586 4322 et
2640 4266 3014 4320 introeuntem
3050 4276 3228 4335 usque
3282 4263 3351 4319 ad
3384 4280 3477 4329 ea,

1895 4377 2018 4432 qua
2049 4371 2180 4417 sunt
2232 4361 2377 4416 intra
2428 4358 2634 4419 velum,
2691 4356 2783 4411 ubi
2837 4370 3149 4426 prtecursor
3182 4370 3281 4426 pro
3311 4354 3482 4409 nobis

1895 4450 2180 4518 ingressus
2233 4456 2319 4504 cst
2364 4446 2554 4510 Jesus,
2599 4446 2759 4515 juxta
2802 4444 3058 4500 ordinem
3109 4444 3481 4501 Mclchiscdee

1895 4539 2141 4612 pontifex
2175 4540 2354 4595 factus
2385 4540 2441 4593 in
2473 4546 2742 4593 aeternum
2781 4535 2849 4591 ".
2892 4556 2912 4589 ι
2950 4535 3186 4591 Interius
3218 4536 3482 4592 taberna-

1895 4633 2079 4688 culum
2135 4632 2270 4687 dicit
2327 4631 2534 4694 larum.
2589 4630 2684 4701 qui
2718 4644 2886 4699 supra
2932 4631 3132 4685 emtum
3170 4630 3255 4683 vel
3289 4629 3480 4683 ﬁrma—

1896 4735 2143 4799 mentum
2203 4724 2603 4794 frequentatur.
2657 4721 2981 4778 Pontiﬁcem
3052 4738 3331 4777 summum
3390 4722 3481 4777 vel

1899 4822 2137 4892 primum
2198 4818 2445 4873 nominat
2497 4817 2805 4881 Christum,
2856 4816 3001 4886 quod
3044 4816 3135 4872 hic
3172 4817 3387 4887 primus
3420 4819 3481 4874 in

281 5824 465 5884 llebr.
498 5824 793 5894 νι,18-20.
866 5825 907 5858 "
940 5824 1217 5896 Marem",
1251 5825 1347 5883 25.
1406 5826 1451 5860 ⁸⁸
1515 5823 1761 5882 l’l'hess.
1806 5842 1878 5895 iv,
1923 5827 2007 5883 16.
