3922 6230
469 317 540 380 '67
1782 304 2146 373 rnocorn
2195 306 2438 372 GAZ.’EI
3673 305 3749 372 cs
3787 380 3799 386 _

469 437 690 487 constat
727 426 880 484 varia
912 439 1036 483 esse
1066 425 1444 497 receptacula,
1480 425 1774 496 variasque
1809 425 2128 482 mansiones
2157 435 2213 482 et
2279 426 2532 482 diversas
2601 438 2700 496 pro
2781 423 3030 478 locorum
3083 420 3430 479 diversitate.
3497 421 3747 491 CfBlllm,

471 526 620 600 quod
652 540 802 582 nunc
847 523 1054 596 fastigii
1102 522 1282 578 vicem
1338 523 1605 589 sustinet,
1636 520 2058 578 ittttdamentum
2096 523 2202 580 erit
2235 522 2439 577 summi
2473 521 2599 578 caeli
2630 521 2686 576 in
2757 519 3059 576 universali
3109 521 3546 579 resurrectione.
3609 519 3754 578 Nam

470 623 672 678 coelum
717 619 960 691 primum
1022 625 1108 672 est
1161 615 1322 686 quasi
1371 616 1574 672 cmlum
1623 617 1770 672 caeli.
1802 616 2022 671 Etenim
2063 631 2176 672 non
2211 616 2310 672 abs
2347 631 2406 671 re
2435 613 2824 670 canitDavid:
2867 631 2885 665 ι
2917 611 3130 667 Casium
3180 613 3303 668 οωιί
3375 611 3634 681 Domino,
3698 625 3760 669 et

472 721 677 770 terram
704 711 858 768 dedit
913 707 1041 762 lttiis
1077 707 1364 760 hominum
1397 704 1468 758 ”.
1504 724 1523 758 ι
1551 705 1834 771 Quantum
1872 716 2055 760 autem
2099 706 2336 776 primum
2379 706 2581 760 coelum
2635 713 2904 759 remotum
2965 709 3050 758 est
3095 718 3125 757 a
3197 703 3466 770 secundo,
3533 711 3758 760 tantum

473 807 639 862 diStat
689 801 996 860 secundum
1055 799 1125 852 ab
1167 799 1305 852 orbe
1361 796 1673 851 habitabili.
1715 794 1783 849 Et
1832 796 2054 866 quidem
2095 797 2336 867 primum
2385 795 2586 850 caelum
2637 795 2743 850 erit
2773 793 3118 848 domicilium
3185 803 3532 850 sanctorum.
3597 797 3758 864 Qua-

473 907 700 972 propter
731 895 1022 962 Scriptura
1059 905 1220 944 sacra
1249 890 1452 959 ubique
1491 905 1617 943 eum
1659 890 1838 943 locum
1881 888 2172 942 nominare
2200 887 2411 942 assolet
2458 886 2708 956 Regnum
2743 886 3038 940 caelorum.

547 991 822 1047 Caeterum
869 985 996 1040 ειειί
1026 998 1229 1037 nomen
1261 981 1443 1052 primo
1492 980 1716 1050 prOprie
1755 979 2020 1050 competit
2051 997 2065 1032 :

2242 977 2318 1030 Τὸ
2345 976 2403 1030 δὲ
2430 975 2523 1029 τοῦ
2559 975 2787 1046 ούρανοῦ
2814 975 2992 1044 δνομα
3018 973 3221 1043 κυρίως
3257 973 3358 1044 μὲν
3391 974 3654 1046 ἁρμόττει
3676 980 3764 1051 τῷ

477 1083 712 1136 alterum
772 1077 887 1133 sive
936 1075 1285 1136 scentulum,
1338 1071 1492 1141 juxta
1539 1069 1834 1135 quamdam
1893 1065 2051 1122 simi-

475 1173 762 1228 litudinem
809 1183 968 1224 suum
1008 1180 1208 1220 nomen
1259 1162 1573 1230 acquisivit,
1629 1170 1685 1216 et.
1741 1161 2055 1214 ﬁrmamen-

477 1277 592 1321 tttm
623 1269 873 1318 vocatur.
925 1258 1036 1312 lmo
1067 1265 1122 1311 ct
1176 1255 1346 1309 David
1395 1253 1558 1308 docet
1587 1269 1764 1307 ‘nnmn
1796 1253 1902 1308 tale
1931 1262 2056 1308 eSSe

477 1358 702 1420 coelum,
739 1364 792 1409 et.
843 1365 1010 1420 supra
1080 1349 1132 1404 id
1193 1347 1504 1402 consistere
1569 1360 1795 1415 aquam,
1823 1345 2054 1406 dicens:

483 1469 502 1504 ι
541 1446 857 1503 Extendcns
912 1441 1086 1498 cmlos
1132 1440 1302 1496 veluti
1355 1439 1626 1494 cortinam
1666 1437 1732 1492 “.
1773 1437 1877 1504 Qui
1905 1436 2060 1507 ponit

480 1542 666 1597 trabes
697 1535 1114 1592 cmnaculorum
1178 1546 1406 1587 suorum
1460 1531 1516 1586 in
1555 1530 1734 1601 aquis.
1774 1548 1796 1584 ι
1828 1527 2061 1596 Quando

482 1633 652 1704 igitur
695 1631 930 1701 legimus
975 1635 1069 1680 aut
1119 1624 1375 1679 audimus
1438 1625 1493 1678 in
1555 1622 1843 1694 Scriptura
1901 1635 2060 1678 sacra

483 1724 591 1779 dici
632 1722 716 1778 vel
747 1719 946 1776 scribi:
988 1736 1007 1768 ι
1041 1717 1182 1771 Caeli
1211 1725 1480 1770 enarrant
1509 1717 1740 1787 gloriam
1773 1725 1924 1769 tuam
1957 1715 2059 1778 ",r

471 1825 537 1870 et
579 1833 594 1869 :
631 1833 650 1866 ι
710 1813 978 1866 Dominus
1016 1807 1153 1862 fecit
1204 1808 1376 1863 cmlos
1407 1807 1476 1873 ⁸⁸,
1511 1827 1528 1858 ι
1565 1816 1620 1862 et
1655 1823 1669 1861 :
1708 1825 1728 1858 ι
1774 1805 1938 1861 Pater
1970 1821 2069 1861 no-

475 1915 601 1961 ster
663 1906 754 1973 qui
820 1918 879 1958 es
937 1903 993 1956 in
1045 1899 1198 1954 caelis
1229 1899 1360 1966 ",i
1407 1913 1568 1954 nemo
1631 1897 1901 1967 intelligat
1959 1911 2070 1950 cm-

475 2001 595 2054 »lum
646 1999 906 2068 primum,
958 1995 1104 2064 quod
1142 2001 1372 2064 superat
1405 1991 1734 2058 secundum,
1773 1992 1867 2047 sed
1901 1991 2068 2046 intel-

447 2091 724 2164 '|igamus
797 2091 888 2144 hic
929 2088 1210 2144 nominari
1269 2088 1682 2141 ﬁrmamentum
1739 2092 1793 2140 et.
1853 2097 2070 2139 omnem

480 2186 794 2256 regionem,
849 2197 972 2252 qum
1012 2180 1192 2236 media
1222 2179 1366 2234 inter
1405 2180 1586 2248 ipsum
1631 2188 1685 2232 et
1736 2185 1941 2232 terram
1981 2191 2077 2230 ex-

483 2279 686 2341 currit,
725 2283 780 2330 et
822 2275 877 2328 in
913 2276 1184 2344 plurimos
1217 2273 1390 2327 cmlos
1427 2271 1603 2326 divisa
1659 2271 1743 2324 vel
1775 2269 2072 2324 distributa

486 2375 574 2424 est
610 2377 834 2436 propter
889 2364 1260 2418 altitudinem.
1316 2360 1459 2416 llinc
1517 2359 1806 2430 Scriptura
1862 2354 2102 2415 habctz'

495 2475 514 2509 ι
561 2455 816 2510 Volattlia
849 2455 1001 2517 caeli,
1043 2474 1064 2506 ι
1102 2455 1154 2508 id
1213 2463 1299 2508 est
1338 2446 1504 2508 aeris.
1537 2453 1652 2506 lmo
1691 2450 1964 2507 Jeremias
1995 2453 2076 2506 in-

489 2547 612 2616 quit
639 2546 686 2577 ¹⁵⁶
754 2547 1032 2599 ciconiam
1084 2545 1139 2597 in
1191 2546 1336 2600 caelo
1367 2559 1528 2599 nosse
1564 2543 1669 2597 iter
1704 2558 1892 2598 suum.
1936 2541 2074 2596 lluic

479 2652 602 2692 non
632 2635 905 2691 dissimile
948 2645 1035 2690 est
1059 2643 1113 2690 et
1144 2635 1280 2689 illud
1313 2634 1622 2704 Scriptura:
1649 2635 2027 2689 testimonium
2059 2652 2072 2688 :

481 2745 515 2781 -ι
551 2728 874 2784 Ascenduut
917 2741 1095 2796 usque
1144 2726 1198 2779 in
1251 2726 1452 2780 caelum
1502 2725 1569 2778 ⁸⁸.
1629 2743 1647 2776 ι
1700 2724 1994 2794 Propterea
2023 2731 2077 2778 et

493 2819 674 2874 Moses
721 2819 894 2872 beans
921 2817 1423 2872 benedictionibus
1451 2817 1656 2870 tribum
1688 2815 1946 2886 Joscphi,
1981 2831 2076 2872 eas

492 2911 691 2980 petita
740 2908 1023 2963 Iltttdel'atla
1054 2909 1178 2964 caeli
1224 2909 1515 2978 temperie,
1571 2909 1717 2963 roris
1765 2909 2063 2972 descensu,

488 3001 630 3056 solis
688 2999 1171 3064 conversionibus,
1224 2999 1497 3054 mensium
1564 3001 1981 3070 congressibus,
2024 3009 2080 3056 et

494 3093 566 3148 ab
615 3093 938 3146 summitate
992 3091 1262 3144 montium
1313 3092 1674 3158 colliumque,
1723 3094 1882 3160 quasi
1931 3103 2080 3148 terra

495 3199 595 3256 per
633 3183 881 3239 debitum
915 3194 971 3238 et
1013 3184 1279 3238 decorum
1321 3185 1540 3238 illorum
1585 3185 1839 3238 ordinem
1871 3171 2080 3256 guber-

486 3285 658 3331 netur
683 3284 739 3330 et
769 3284 1130 3344 temperetur.
1165 3273 1440 3330 Similiter
1471 3279 1582 3346 agit
1638 3280 1690 3331 in
1739 3293 2081 3334 commemo-

493 3369 690 3422 randis
725 3367 1216 3423 maledictionibus
1248 3371 1332 3421 vel
1355 3371 1876 3425 exsecrationibus:
1915 3390 1934 3422 ι
1968 3371 2082 3428 Erit

495 3461 725 3522 calum,
776 3459 920 3528 quod
953 3459 1055 3513 tibi
1107 3459 1408 3527 impendet,
1466 3471 1679 3515 aeneum
1714 3463 1783 3525 ⁵ο,
1815 3481 1834 3514 ι
1877 3463 2082 3531 quibus

495 3551 684 3605 verbis
716 3549 1046 3620 signiﬁcavit
1099 3564 1373 3604 summam
1409 3559 1464 3604 et
1511 3553 1881 3606 universalem
1915 3553 2072 3608 sicci-

2155 1066 2356 1138 πρώτῳ
2378 1107 2392 1133 ,
2447 1066 2571 1120 καθ’
2623 1067 2886 1136 ὁμοίωσιν
2915 1063 2972 1116 δὲ
3014 1063 3090 1134 τῷ
3121 1064 3374 1133 κληθέντι
3409 1070 3762 1142 στερεὼματι

2156 1157 2528 1230 κυριώτερον·
2571 1158 2632 1212 δν
2665 1158 2762 1211 ἕνα
2801 1157 2968 1226 φησὶν
3003 1155 3252 1226 οὐρανὸν,
3287 1154 3432 1228 ὕδωρ
3469 1153 3606 1214 εῖναι
3649 1164 3763 1230 φά-

2162 1274 2307 1310 σκων
2343 1258 2488 1328 ὑπὲρ
2529 1257 2691 1310 αὑτὸν
2743 1253 2772 1309 6
2817 1255 2980 1308 Δαϐὶδ
3017 1255 3226 1323 λέγων’
3276 1274 3294 1306 ι
3341 1251 3632 1308 Ἐκτείνων
3661 1243 3766 1306 τὸν

2158 1350 2386 1421 οὐρανὸν
2441 1349 2575 1403 ὡσεὶ
2633 1349 2862 1420 δέρῤιν,
2908 1348 2936 1400 6
2995 1344 3274 1416 στεγάζων
3340 1347 3399 1399 ὲν
3472 1346 3628 1400 ὕδασι
3687 1346 3768 1400 τὰ

2162 1438 2387 1510 ὑπερῷα
2417 1438 2604 1492 αὑτοῦ.
2634 1458 2652 1490 ι
2693 1439 2865 1490 Ὅταν
2893 1433 2985 1490 οὖν
3009 1436 3252 1505 λέγεται,
3280 1455 3298 1485 ι
3329 1437 3392 1490 Ol
3417 1435 3636 1508 οὐρανοὶ
3687 1429 3771 1490 δι-

2163 1532 2424 1606 ηγοῦνται
2457 1528 2614 1598 δόξαν
2651 1530 2787 1584 Θεοῦ
2809 1547 2824 1560 ·
2861 1549 2882 1582 ι
2919 1527 3035 1592 καὶ,
3064 1548 3083 1580 ‹
3124 1527 3183 1582 ’0
3204 1525 3410 1598 Κύριος
3437 1527 3563 1590 τούς
3583 1527 3770 1597 οὐρα-

2163 1627 2288 1690 νοὺς
2320 1627 2546 1696 ἐποίησε
2570 1641 2585 1654 '
2635 1643 2653 1676 ι
2689 1625 2803 1686 καὶ,
2839 1642 2857 1674 ι
2896 1623 3076 1692 Πάτερ
3111 1620 3267 1694 ἡμῶν
3301 1621 3330 1672 6
3362 1621 3418 1673 ὲν
3453 1623 3564 1684 τοῖς
3591 1621 3772 1690 οὑραδ

2165 1723 2298 1782 νοῖς.
2334 1739 2353 1773 ι
2384 1719 2486 1788 οὐχ
2516 1717 2657 1786 ὑπὲρ
2690 1717 2750 1769 τὸ
2795 1715 3088 1786 στερέωμα
3111 1714 3420 1784 ,νομιστέον
3460 1709 3602 1768 εἶναι
3631 1714 3770 1776 τοὺς

2166 1809 2493 1880 λεγομένους
2520 1808 2805 1880 οὐρανοὺς,
2841 1807 2946 1859 ὑπδ
2981 1800 3037 1860 δὲ
3062 1804 3220 1858 τοῦτο
3267 1805 3582 1874 τυγχάνειν,
3621 1819 3770 1856 παν-

2169 1901 2258 1964 τὸς
2283 1898 2377 1952 τοῦ
2413 1897 2620 1970 μεταξὺ
2663 1897 2768 1966 γῆς
2821 1895 2918 1948 καὶ
2963 1893 3056 1948 τοῦ
3096 1892 3500 1966 στερεώματος,
3527 1889 3771 1962 οὐρανοῦ

2173 1993 2534 2064 καλουμένου,
2582 1991 2677 2044 καὶ
2709 1991 2786 2053 εἰς
2826 1989 3093 2060 οὐρανοὺς
3122 1987 3373 2051 πλείονας
3411 1985 3499 2040 διὰ
3527 1985 3586 2038 τὸ
3626 1985 3773 2055 ὕψος

2174 2084 2574 2156 διαιρουμένου.
2600 2081 2765 2135 Ὅθεν
2793 2080 3014 2148 λέγεται
3046 2079 3141 2132 καὶ
3172 2099 3190 2130 ι
3211 2077 3438 2132 πετεινὰ
3458 2075 3718 2149 οὐρανοῦ,
3743 2095 3766 2129 ι

2176 2177 2458 2231 τουτέστιν
2486 2177 2668 2246 ἀέρος.
2705 2175 2814 2228 Καὶ
2843 2174 2944 2244 τὴν
2977 2172 3139 2225 ἀσίδα
3161 2171 3223 2223 τὸ
3254 2171 3444 2242 ὅρνεον
3465 2171 3521 2223 ὲν
3546 2169 3776 2242 οὐρανῷ

2181 2287 2348 2340 φησιν
2409 2267 2682 2337 Ἱερεμίας
2732 2265 3022 2336 ὑπάρχειν.
3088 2257 3340 2316 Τοιοῦτόν
3375 2265 3524 2316 ἐστιν
3551 2261 3649 2316 καὶ
3680 2261 3775 2324 τδ,

2182 2381 2200 2415 ι
2241 2360 2652 2414 Ἀναδαίνουσιν
2681 2357 2785 2418 ἓως
2824 2357 2936 2409 τῶν
2980 2354 3246 2426 οὐρανῶν.
3293 2373 3312 2405 ι
3357 2353 3466 2406 Καὶ
3517 2354 3779 2423 Μωῦσῆς
3825 2339 3840 2348 ’

2176 2451 2416 2519 εὐλόγως
2445 2453 2510 2520 τῇ
2545 2449 2688 2519 φυλῇ
2718 2446 2812 2500 τοῦ
2843 2449 3043 2516 Ἰωσὴφ
3077 2445 3184 2499 ἀπὸ
3221 2445 3378 2514 ὡρῶν
3404 2445 3640 2516 οὐρανοῦ
3674 2447 3779 2500 καὶ

2175 2544 2366 2615 δρόσου
2400 2543 2493 2596 καὶ
2524 2541 2632 2595 ἀπὸ
2678 2539 2773 2593 τοῦ
2807 2538 2958 2610 ἡλίου
2989 2537 3209 2609 τροπῶν
3232 2539 3239 2545 ’
3260 2538 3353 2590 καὶ
3400 2536 3634 2590 συνόδων
3659 2555 3778 2609 μη-

2179 2637 2285 2688 νῶν
2315 2635 2409 2688 καὶ
2441 2634 2548 2688 ἀπὸ
2577 2631 2825 2704 κορυφῆς
2849 2631 3021 2702 ὀρέων
3050 2631 3144 2682 καὶ
3171 2628 3376 2698 βουνῶν
3413 2627 3650 2682 αἰωνίων
3668 2628 3779 2692 τὰς

2178 2729 2427 2797 εὐλογίας
2465 2727 2678 2780 δίδωσιν
2699 2740 2713 2755 ⁸
2744 2724 2818 2787 ὡς
2853 2723 2944 2776 τοῦ
2979 2723 3106 2792 περὶ
3132 2725 3234 2791 γῆν
3260 2721 3424 2774 τόπου
3457 2717 3544 2774 διὰ
3577 2721 3677 2791 τῆς
3710 2723 3780 2774 ὲν

2178 2825 2390 2883 τούτοις
2416 2818 2666 2886 εὐταξίας
2691 2815 3068 2885 εὐθυνομένου.
3087 2812 3252 2866 Ἀλλὰ
3284 2813 3378 2866 καὶ
3405 2814 3462 2865 ἐν
3483 2815 3602 2876 ταῖς
3633 2818 3782 2866 κατ-

2178 2917 2342 2986 άραις
2391 2913 2484 2966 τοῦ
2513 2910 2758 2982 Ἰσραὴλ,
2789 2928 2807 2960 ι
2841 2909 3058 2973 Ἔσται,
3085 2907 3274 2976 φησὶν,
3301 2907 3329 2958 6
3350 2905 3492 2977 ὑπὲρ
3524 2905 3780 2975 κεφαλῆς
3857 2937 3866 2946 -

2179 3007 2406 3078 οὐρανὸς
2443 3003 2700 3075 χαλκοῦς,
2739 3001 2836 3068 τὴν
2869 2999 3104 3069 παντελῆ
3138 2997 3404 3069 ξηρασίαν
3447 2997 3624 3069 δηλῶν
3674 2999 3784 3052 καὶ

2182 3099 2289 3152 τῶν
2323 3097 2524 3167 ἀερίων
2559 3095 2766 3148 ὑδάτων
2801 3091 3080 3160 ἐπίληψιν.
3117 3091 3284 3143 Ὅταν
3315 3084 3408 3143 οῦν
3443 3091 3508 3142 ὲκ
3539 3089 3648 3142 τῶν
3676 3089 3782 3142 οὑ-

2185 3192 2363 3265 ρανῶν
2389 3189 2653 3260 φέρεσθαι
2694 3188 2832 3261 λέγῃ
2869 3185 3083 3258 δρόσον,
3131 3185 3263 3256 περὶ
3297 3185 3506 3240 ὑδάτων
3539 3184 3783 3253 νοοῦμεν

2184 3286 2284 3338 ὅσα
2332 3283 2435 3352 τὴν
2487 3281 2601 3336 ἄνω
2654 3279 3002 3333 διατέτακται
3032 3275 3217 3348 χώραν
3252 3277 3506 3347 κατέχειν
3539 3276 3783 3346 οὐρανὸν

2184 3375 2506 3446 λεγομένην.
2542 3374 2634 3436 Εἰς
2658 3373 2842 3443 τρίτον
2865 3371 2923 3424 δὲ
2949 3369 3176 3440 οὐρανὸν
3221 3368 3508 3440 ἡρπάσθαι
3558 3362 3786 3432 Παῦλός

2187 3485 2374 3540 φησιν,
2409 3469 2486 3529 είς
2515 3465 2604 3518 τὸν
2632 3463 2964 3534 παράδεισον
2995 3461 3321 3531 ἁρπασθεὶς,
3344 3457 3401 3512 ὃν
3432 3461 3537 3514 ὑπὸ
3571 3459 3628 3512 τὸ
3655 3470 3788 3512 στε-

2190 3561 2380 3634 ρέωμα
2410 3558 2821 3628 πεφυτευμένον
2851 3553 3128 3620 ἐπέδειξεν
3150 3557 3178 3606 6
3213 3553 3476 3623 Μωῦσῆς.
3512 3553 3605 3616 Είς
3638 3550 3786 3620 ὕψος

499 3653 691 3708 tatem,
729 3659 829 3698 nec
865 3657 976 3696 non
1007 3646 1173 3695 acria:
1219 3657 1375 3711 aqum
1409 3641 1710 3699 defectum.
1741 3642 1879 3699 Cum
1912 3647 2076 3717 igitur

2187 3651 2244 3706 δὲ
2271 3652 2494 3721 ἀνήκειν
2539 3647 2704 3700 αὐτὸν
2747 3643 3008 3714 Ἰεζεκιὴλ
3045 3642 3432 3714 ἐμαρτύρησεν
3459 3643 3584 3712 ὅρος
3609 3641 3785 3694 αὐτὸν

493 3734 757 3790 ostendat
799 3750 866 3788 cx
916 3733 1074 3789 cretis
1121 3733 1395 3789 distillare
1436 3749 1618 3788 rorem
1648 3775 1664 3800 ,
1703 3736 1772 3790 de
1801 3739 1960 3806 aquis
1987 3755 2084 3795 ca-

2191 3741 2468 3812 ὀνομάσας
2503 3737 2660 3792 Θεοῦ.
2694 3731 2786 3799 Εἷς
2813 3731 2908 3790 οῦν
2942 3735 3169 3805 ούρανδς
3197 3735 3257 3787 τὸ
3285 3734 3592 3805 στερέωμα.

487 3829 757 3902 piendum
804 3839 887 3884 est
927 3845 1050 3899 qua:
1081 3844 1249 3900 supra
1281 3845 1382 3886 nos
1415 3831 1470 3885 in
1513 3833 1659 3886 aeria
1705 3834 1932 3902 regione
1959 3847 2270 3900 morantur,
2307 3845 2362 3892 et
2435 3845 2490 3891 ιιι
2555 3848 2870 3904 supremam
2950 3833 3254 3902 regionem,
3325 3845 3446 3900 qua:
3494 3825 3620 3885 coeli
3671 3843 3778 3884 no-

493 3940 627 3979 men
666 3923 888 3986 meruit,
920 3923 1240 3977 contineant
1265 3930 1322 3978 et
1353 3923 1596 3994 undique
1640 3927 2067 3997 amplectantur.
2104 3932 2312 3988 Paulus
2351 3927 2488 3984 dicit
2521 3929 2576 3982 in
2618 3927 2838 3982 tertium
2877 3940 2936 3980 se
2988 3933 3207 3994 raptum
3236 3939 3360 3979 esse
3425 3924 3630 3978 caelum
3691 3918 3772 3990 τί,

497 4017 557 4072 id
611 4025 694 4074 est
736 4017 1080 4087 paradisum,
1107 4016 1208 4084 qui
1244 4016 1438 4070 hortus
1481 4017 1624 4069 inl'ra
1663 4017 2072 4076 ﬁrmamentum
2115 4023 2342 4087 colitur,
2377 4028 2435 4073 ut
2466 4019 2686 4074 videtur
2714 4017 2914 4072 docere
2956 4013 3174 4095 Moses}:
3203 4031 3310 4084 qua
3353 4015 3420 4070 de
3485 4031 3548 4070 re
3621 4013 3779 4070 dice~

500 4117 594 4162 tur
640 4107 806 4161 intra.
853 4107 966 4161 lmo
1006 4114 1062 4161 et
1095 4105 1350 4160 Ezechiel
1403 4108 1649 4177 paradisi
1693 4117 1859 4165 situm
1895 4114 1950 4168 in
2019 4117 2258 4171 sublime
2301 4115 2532 4170 tendere
2581 4121 2819 4166 testatur
2847 4109 2917 4175 ",
2967 4108 3095 4164 dmn
3165 4125 3292 4164 eum
3374 4110 3590 4163 hortum
3662 4123 3780 4165 non

495 4199 720 4253 dubitat
763 4198 1040 4267 appellare
1077 4205 1315 4251 montem
1350 4195 1464 4251 Dei.
1514 4197 1610 4253 Est
1638 4201 1803 4270 igitur
1837 4210 1892 4258 et
1934 4203 2344 4262 ﬁrmamentum
2387 4204 2900 4274 ponendumunum
2932 4201 3156 4253 cretum.

574 4295 714 4350 Stmt
743 4295 835 4362 qui
873 4293 1162 4362 perhibent
1215 4293 1341 4361 ejus
1393 4303 1650 4350 naturam
1679 4300 1840 4354 nobis
1883 4316 2076 4369 parum

493 4401 628 4442 esse
661 4387 938 4453 cognitam
967 4394 1020 4440 et
1047 4395 1408 4454 compertam,
1457 4391 1713 4458 quamvis
1742 4391 1830 4446 via
1865 4393 2088 4462 pervul-

501 4486 631 4550 gata
683 4477 930 4531 omnium
981 4479 1368 4547 theologorum
1411 4496 1477 4534 ex
1535 4496 1676 4552 aqua
1734 4494 2086 4554 compactum

499 4587 632 4628 esse
661 4571 938 4626 tradatur.
976 4570 1087 4626 Nec
1112 4573 1336 4634 desunt.
1374 4573 1470 4644 qui
1501 4587 1789 4630 autumant
1824 4576 1947 4647 ejus
1975 4593 2090 4632 ma-

497 4663 704 4716 teriam
739 4676 865 4716 esse
905 4675 1126 4730 aquam.
1159 4672 1211 4716 et
1234 4663 1567 4725 subsistere,
1597 4664 1705 4720 Deo
1735 4666 1786 4719 id
1817 4669 2091 4722 formante

507 4763 563 4810 et
596 4761 992 4823 componente.
1059 4752 1166 4823 19
1209 4753 1318 4806 Alii
1350 4755 1551 4808 docent
1579 4757 1774 4810 saltem
1809 4773 1932 4811 esse
1967 4773 2092 4826 par-

501 4856 615 4901 tem
663 4846 957 4916 quamdam
1013 4860 1188 4915 aqum.
1249 4845 1490 4912 Quidam
1549 4849 1846 4916 aﬂirmant,
1907 4851 2094 4904 ﬁrma-

507 4943 754 4992 mentum
815 4945 1202 4991 constructmn
1260 4939 1507 4992 esse'ex
1587 4942 1748 4994 tertia
1825 4955 2091 5009 aquarum

501 5038 686 5101 parte,
721 5030 852 5084 aliis
875 5030 1092 5083 duabus
1125 5031 1377 5098 partibus
1413 5031 1588 5085 altera
1618 5032 1672 5094 in
1707 5041 1882 5098 terra,
1916 5035 2091 5090 altera

502 5141 673 5196 supra
737 5125 1150 5178 ﬁrmamentum
1205 5123 1407 5180 ﬂuente

510 5315 618 5367 lum
651 5314 735 5368 vel
767 5327 964 5380 aquam
1006 5313 1349 5382 congelatam
1395 5315 1644 5370 denotat.
1680 5316 1818 5372 Cum
1869 5332 1932 5371 ea
1963 5331 2090 5386 pars

503 5405 872 5470 ﬁrrnamenti,
925 5421 1048 5476 quae
1100 5421 1202 5462 nos
1241 5407 1492 5476 respicit.
1544 5409 1617 5462 sit
1661 5424 1925 5474 concava,
1962 5409 2090 5478 qui-

501 5501 634 5552 dam
673 5499 939 5572 colligunt
969 5510 1272 5556 extremam
1306 5501 1390 5556 vel
1416 5516 1688 5557 summam
1726 5503 1846 5573 ejus
1882 5510 2091 5573 partem

2257 4304 2368 4358 Kal.
2398 4303 2448 4356 οἱ
2482 4302 2582 4374 μὲν
2617 4297 2782 4354 αὐτοῦ
2833 4301 2931 4370 τὴν
2954 4297 3146 4350 οὐσίαν
3179 4293 3375 4365 ἄδηλον
3401 4288 3540 4348 εἷναί
3584 4310 3780 4363 φασιν,

2187 4394 2292 4448 κᾶν
2323 4391 2381 4458 ἐξ
2411 4393 2619 4446 ὑδάτων
2643 4387 2782 4442 εἶναι
2813 4389 2982 4451 δοκεῖ,
3009 4387 3150 4440 κατὰ
3179 4383 3276 4455 τὴν
3308 4383 3494 4455 κοινὴν
3517 4384 3775 4455 ἐκδοχὴν·

2140 4487 2158 4504 ⁰
2189 4487 2238 4538 οἱ
2263 4486 2316 4537 δὲ
2348 4485 2441 4538 καὶ
2476 4484 2536 4548 ἐξ
2575 4482 2780 4536 ὑδάτων
2804 4479 2968 4534 αὐτὸν
3000 4477 3344 4532 ὑποτίθενται
3380 4474 3649 4542 πήξαντος
3677 4475 3780 4529 τοῦ

2193 4577 2328 4630 Θεοῦ
2346 4579 2442 4630 ’σοὶ
2469 4577 2568 4646 μέν
2597 4593 2732 4644 φασι
2761 4575 2926 4645 μέρος
2958 4571 3170 4634 ἁπλῶς,
3192 4571 3239 4623 οἱ
3269 4569 3324 4622 δὲ
3358 4568 3452 4621 καὶ
3478 4569 3659 4639 τρίτον
3678 4568 3782 4622 τοῦ

2198 4669 2408 4731 ὓδατος,
2442 4669 2552 4720 τῶν
2581 4667 2785 4720 λοιπῶν
2817 4665 2910 4718 δύο
2949 4665 3132 4736 μερῶν
3156 4661 3250 4716 τοῦ
3282 4661 3378 4733 μὲν
3409 4661 3559 4723 ὄντος
3595 4663 3650 4712 ἐν
3681 4663 3780 4732 γῇ,

2193 4762 2289 4815 τοῦ
2324 4759 2382 4814 δὲ
2415 4761 2554 4830 ὑπὲρ
2584 4760 2644 4812 τὸ
2674 4759 2982 4830 στερέωμα,
3009 4758 3132 4810 ὅθεν
3169 4757 3261 4810 καὶ
3285 4755 3538 4823 λέγεσθαι
3570 4755 3782 4824 σουμὴν

2199 4852 2424 4924 (mimi)
2453 4850 2723 4923 Ἐϐραίων
2743 4851 2916 4920 φωνῇ,
2944 4848 3086 4918 ὕδωρ
3109 4844 3303 4915 δηλοῦν
3326 4845 3571 4915 πεπηγός
3587 4861 3599 4874 ο
3616 4861 3782 4912 σφαι-

2203 4943 2438 5016 ροειδοῦς
2491 4942 2548 4996 δὲ
2605 4940 2702 4995 τοῦ
2762 4941 2900 5011 πρὸς
2945 4939 3091 5010 ἡμᾶς
3143 4939 3344 5009 μέρους
3393 4937 3731 5007 ὑπάρχοντες
3762 4978 3782 5004 ,

2199 5035 2411 5101 ἀξιοῦσί
2429 5053 2572 5099 τινες
2588 5033 2844 5104 τοιαύτην
2864 5029 3001 5084 εἶναι
3026 5032 3121 5084 καὶ
3138 5032 3236 5100 τὴν
3256 5033 3408 5094 ἐκτὸς
3436 5029 3781 5098 ἐπιφάνειαν,

1459 5144 1472 5179 :
1534 5127 1680 5182 unde
1735 5127 2076 5184 llebrmorun

2198 5129 2273 5192 ὡς
2299 5128 2556 5198 αἰσθητὸν
2582 5126 2728 5196 ’ύδωρ
2749 5125 2823 5196 μὴ
2852 5123 3114 5178 δύνασθαι
3177 5124 3462 5194 περιρρεῖν
3489 5121 3598 5191 γὰρ
3621 5119 3787 5177 τοῦτο

502 5220 693 5290 lingua
740 5225 1101 5287 nuncupetur
1150 5217 1438 5280 chamaim,
1479 5234 1602 5289 qua:
1645 5221 1819 5276 dictio
1857 5223 2094 5294 crystal-

2200 5221 2338 5292 πρὸς
2371 5221 2439 5272 τὰ
2473 5218 2630 5272 κοῖλα
2679 5217 3020 5287 φερόμενον·
3075 5215 3215 5286 πρὸς
3266 5213 3360 5276 οὓς
3409 5213 3787 5280 ἀντιλέγουσιν

2197 5313 2400 5382 ἕτεροι,
2458 5311 2533 5374 ὠς
2583 5311 2735 5364 οὐδὲν
2787 5307 2998 5362 ἔνδοθεν
3040 5305 3276 5361 κωλύσει
3305 5307 3594 5375 τυγχάνειν
3627 5321 3790 5376 περι-

2201 5407 2363 5476 φερῆ,
2393 5402 2654 5457 ἐπιπέδου
2702 5401 2800 5473 τῆς
2858 5400 2963 5466 ἔξω
3017 5397 3394 5469 τυγχανούσης
3425 5395 3784 5464 ἐπιφανείας·

2201 5496 2508 5568 ὑπόδειγμα
2540 5496 2677 5568 προς
2710 5497 2869 5550 τοῦτο
2902 5494 2998 5558 τὰς
3029 5491 3218 5555 θόλους
3249 5490 3342 5544 καὶ
3386 5489 3456 5543 τὰ
3509 5491 3788 5564 περιφερῆ

562 5677 615 5714 ⁸³
681 5679 830 5737 Psal.
884 5697 1042 5748 ωιτη,
1078 5683 1167 5738 16.
1240 5683 1471 5738 "-Psal.
1514 5698 1630 5745 CIII,
1671 5683 1727 5740 2.
1793 5683 1838 5717 ⁸³
1893 5681 2076 5739 Psal.‘

2182 5697 2230 5743 ι,
2272 5683 2324 5736 9.
2383 5679 2428 5712 “
2472 5679 2615 5734 Psal.
2649 5693 2768 5741 xcv,
2924 5673 2968 5705 "'
3026 5672 3220 5748 Matth.
3247 5690 3346 5748 vi,
3379 5672 3430 5728 9.
3498 5671 3762 5727 “Jercm.

510 5758 632 5820 νιιι,
666 5750 722 5807 7.
789 5751 835 5787 "
863 5744 1159 5824 Psal.t:vr,
1187 5753 1277 5812 26.
1343 5756 1386 5788 ⁸ο
1419 5753 1580 5811 Deut.
1618 5744 1812 5823 .vxvttt,
1841 5755 1934 5809 25.
2003 5753 2044 5784 "

2182 5753 2288 5807 lor.
2326 5768 2422 5819 xu,
2465 5751 2520 5805 2.
2597 5750 2642 5782 ⁵⁸
2671 5747 2871 5804 Ezech.
2910 5759 3108 5813 xxutt,
3141 5744 3206 5799 Μ
3233 5785 3249 5815 ,
3285 5745 3369 5802 16.
