3922 6230
259 368 324 435 39
1332 362 1866 425 COMMENTARII
1898 366 1981 427 IN
2004 318 2365 428 'GENESIN.
3428 373 3503 438 7ο

262 478 358 531 τῶν
377 477 588 547 ἄντρων
616 473 978 546 προᾳέροντες
1000 486 1011 500 ⁶
1038 471 1085 524 εἰ
1118 470 1173 524 δὲ
1205 469 1281 542 μὴ
1312 473 1513 543 σφαῖρα
1541 471 1802 544 καθέστη-

1920 489 2039 529 esse
2078 488 2386 529 convexam
2422 494 2435 530 :
2472 476 2658 545 itaque
2700 478 3043 549 iupoSsibile
3078 496 3221 545 esse.
3259 490 3318 539 ut
3361 499 3501 555 aqua

262 591 365 637 κεν,
384 570 501 625 οὐδὲ
539 568 748 638 κίνησιν
776 566 996 637 ἔχεικαὶ
1024 562 1121 634 τὴν
1149 564 1332 634 κύκλῳ
1352 562 1543 634 φορὰν,
1580 565 1637 615 ὲν
1664 564 1813 633 μέσῳ

256 670 307 722 δὲ
339 667 445 721 τῶν
474 666 681 719 ὑδάτων
714 662 1055 730 ἐστήρικται,
1093 655 1347 725 καθάπερ
1382 658 1413 725 ή
1446 659 1540 727 γῆ,
1574 655 1635 709 τὸ
1669 655 1811 725 ὕδωρ

258 756 446 827 ἀνέχων
481 755 627 825 ὑπὲρ
648 753 811 806 αὐτὸν
841 752 898 803 ἐν
938 749 1177 818 ἀκινήτῳ
1220 750 1287 819 τῇ
1329 747 1549 800 στάσει·
1584 748 1632 798 εξ
1662 746 1717 799 δὲ
1752 745 1811 798 τὺ

256 847 496 899 ὑποκάτω
526 845 621 898 τοῦ
650 841 881 914 ούρανοῦ
915 840 1153 912 βιάζοιτο
1196 856 1280 902 τις
1329 839 1549 892 ἀκούειν
1578 838 1653 901 ὼς
1676 839 1809 890 ύπο-

255 944 384 993 κὰτω
399 937 492 990 τοῦ
508 936 888 1007 ἡμισφαιρίου.
906 933 1118 1002 ἀνάγκη
1134 934 1214 997 τὸ,
1229 952 1245 982 ι
1258 930 1581 1000 Συναχθήτω
1593 932 1651 983 τὸ
1668 930 1810 1001 ὕδωρ

251 1031 303 1083 τὸ
329 1029 586 1082 ύποκάτω
613 1027 704 1079 τοῦ
743 1024 998 1097 ούρανοῦ,
1033 1043 1051 1076 ι
1096 1025 1182 1076 ἐπ’
1211 1026 1413 1092 ἀμφοῖν
1441 1024 1666 1076 ἀκοῦσαι
1701 1023 1809 1076 τῶν

249 1120 541 1191 λεγομένων
567 1117 975 1190 ἡμισφαιρίωνο
1009 1115 1096 1169 ἵνα
1131 1115 1207 1187 μὴ
1245 1115 1359 1180 ⁵ύτείδ
1396 1113 1472 1184 τῷ
1502 1114 1808 1185 φαινομένῳ

250 1214 355 1267 καθ’
384 1215 533 1283 ἡμᾶς
573 1212 752 1281 μόνον,
783 1209 919 1263 ἀλλά
952 1208 1047 1263 καὶ
1081 1209 1184 1261 ὑπὸ
1212 1207 1291 1277 τῷ
1326 1208 1496 1278 ἑτέρῳ
1539 1206 1807 1270 θαλάσσας

252 1305 609 1374 συναγομένας
633 1304 938 1372 νοήσωμεν.
969 1302 1091 1354 Ὀτι
1121 1300 1177 1353 δὲ
1198 1302 1348 1353 πᾶσα
1377 1301 1408 1371 ή
1433 1299 1506 1369 γῆ
1529 1299 1652 1352 καθ’
1678 1298 1806 1352 ὑδά-

250 1413 339 1449 των
360 1396 582 1465 ἓπηκε,
618 1395 716 1447 καὶ
745 1394 898 1447 οὐδέν
920 1395 1071 1446 ἐστιν
1099 1392 1203 1445 ὑπὸ
1228 1392 1326 1462 τὴν
1359 1392 1461 1461 γῆν
1486 1391 1647 1461 μέρος
1682 1390 1806 1444 655t-

248 1505 342 1541 των
367 1487 570 1556 γυμνὸν
592 1487 667 1549 ὡς
692 1485 831 1556 ὑπὲρ
863 1486 964 1555 γῆς
994 1483 1302 1554 θεωριῖται,
1329 1483 1504 1551 δῆλονο
1530 1482 1648 1551 «Τῷ
1685 1500 1802 1535 στεο

252 1579 497 1650 ρεὼσαντι
520 1578 656 1647 γὰρ,
690 1578 845 1646 φησὶ,
881 1577 979 1645 τὴν
1008 1575 1110 1646 γῆν
1141 1576 1236 1629 ἐπὶ
1264 1575 1325 1627 τὸ
1343 1575 1515 1646 ὕδωρ’
1537 1575 1629 1628 καὶ
1646 1574 1806 1639 αὐτὸς

246 1673 325 1724 ἐπὶ
352 1669 641 1724 θαλασσῶν
671 1668 1035 1737 ὲθεμελίωσεν
1077 1666 1264 1738 αὐτὴν,
1293 1668 1389 1721 καὶ
1417 1668 1507 1720 ἐπὶ
1544 1666 1804 1737 ποταμῶν

245 1751 523 1832 ἡτοίμασεν
545 1761 722 1830 αὑτήν
740 1776 798 1832 ’,ι
825 1759 984 1829 μόνον
1007 1759 1186 1830 ἀραητὸ
1206 1759 1327 1812 καθῗ
1350 1760 1495 1829 ἡμᾶς
1518 1760 1804 1829 πρόσωπον

1915 565 1987 620 ibi
2020 571 2353 621 commorari
2398 568 2618 637 possit;
2652 585 2777 624 nam
2834 587 2953 626 eam
3015 589 3233 645 semper
3271 591 3336 630 ex
3381 576 3501 631 edi-

1913 659 2152 713 tioribus
2199 660 2337 727 locis
2368 662 2547 716 solere
2593 665 2648 717 in
2682 665 2852 720 valles
2885 673 2938 720 et
2970 682 3238 722 cavernas
3274 669 3500 723 collabi.

1913 747 2012 802 llis
2056 749 2149 801 alii
2204 764 2264 803 se
2322 760 2610 820 opponunt
2671 753 2964 810 dicentes:
3008 757 3145 811 nihil
3203 773 3369 827 posse
3402 760 3503 814 ob-

1912 848 2081 902 stare,
2123 839 2283 909 quin,
2342 842 2473 896 licet
2508 843 2740 898 interior
2774 860 2900 915 pars
2930 847 3002 902 sit
3046 862 3309 912 concava,
3345 859 3500 905 exte-

1910 929 2028 983 rior
2067 930 2139 984 sit
2188 933 2413 1008 planitie
2464 937 2783 1004 conspicua.
2833 937 3091 1007 Exempla
3159 941 3493 1010 producunt.

1905 1037 2030 1090 qnte
2071 1032 2333 1091 petuntur
2380 1038 2410 1077 a
2465 1028 2696 1083 mactris
2737 1030 3010 1097 pistorum
3048 1037 3103 1085 et
3142 1045 3171 1084 a
3242 1034 3500 1088 cavernis

1910 1122 2091 1180 terrae,
2145 1132 2267 1185 quae
2329 1116 2555 1184 quidem
2606 1119 2751 1173 intra
2804 1120 3010 1176 habent
3058 1127 3490 1190 concavitatem,

1910 1205 2005 1260 sed
2059 1213 2215 1260 extra
2269 1207 2600 1276 plerumque
2636 1218 2767 1263 sunt
2813 1212 2977 1280 plana
3011 1213 3307 1283 superﬁcie
3358 1230 3495 1270 con-

1908 1306 2092 1352 tentae.
2126 1298 2183 1352 Si
2211 1307 2394 1353 autem
2432 1300 2560 1353 cmli
2601 1299 2772 1369 ﬁgura
2807 1317 2918 1357 non
2957 1304 3226 1372 sphaerica
3266 1312 3370 1368 est.
3401 1306 3495 1360 de-

1908 1387 2142 1440 struitur
2175 1399 2324 1441 motu
2362 1397 2415 1442 et
2468 1390 2522 1442 in
2568 1392 2760 1458 primis
2789 1392 3093 1449 circulari.’
3134 1393 3404 1450 Caeterum
3438 1397 3493 1450 in

1910 1478 2090 1532 medio
2136 1495 2408 1550 aquarum
2457 1484 2729 1544 constitit,
2784 1485 2947 1539 sicuti
2994 1493 3048 1539 ct
3101 1494 3270 1549 terra.
3325 1488 3495 1544 susti-

1907 1586 2046 1625 nens
2078 1587 2243 1640 supra
2277 1587 2335 1626 se
2377 1586 2555 1641 aquas
2596 1573 2864 1629 immobili
2911 1577 3171 1632 statione.
3207 1576 3409 1633 Verum
3446 1581 3493 1634 si

1908 1661 2033 1728 quis
2066 1670 2322 1730 torqueat
2374 1662 2490 1716 haec
2521 1665 2731 1718 verba:
2793 1666 2940 1721 inter
2971 1683 3145 1737 aquas
3192 1684 3314 1738 quae
3358 1677 3492 1725 sunt
3524 1685 3532 1695 '

1906 1754 2011 1807 sub
2042 1742 2348 1816 cmlofetc.
2372 1795 2386 1820 ,
2416 1764 2470 1809 et
2500 1758 2629 1810 velit
2662 1758 2810 1813 hunc
2837 1774 3075 1825 sensum,
3095 1761 3314 1826 elicere,
3340 1765 3493 1818 sciti.

241 1855 324 1923 τὴς
340 1853 438 1924 γῆς
458 1853 757 1906 ἀκουστέον
780 1855 836 1904 ὲν
858 1850 986 1921 τῷ,ι
1015 1849 1340 1921 Συναχθήτω
1360 1850 1420 1902 τὸ
1442 1849 1583 1919 ὓδωρ
1610 1848 1670 1901 τὸ
1688 1850 1802 1901 ύπο-

1915 1852 1998 1896 cct
2025 1842 2170 1897 inter
2190 1858 2363 1914 aquas
2395 1862 2516 1916 qute
2556 1855 2686 1901 sunt
2735 1848 2837 1903 sub
2893 1849 3305 1920 hemisphaerio,
3339 1860 3490 1908 certe
3563 1903 3567 1906 .

242 1946 374 1998 κάτω
399 1946 495 1997 τοῦ
532 1944 768 2015 ούρανοῦ
803 1944 881 2006 εἰς
922 1941 1241 2013 συναγωγὴν
1277 1942 1405 2011 μίαν
1427 1960 1439 1973 ·
1477 1960 1494 1991 ι
1529 1941 1619 1995 καὶ
1648 1941 1806 2010 μόνον

240 2034 317 2084 τὶν
353 2032 494 2101 ὑπὲρ
529 2033 684 2103 ἡμᾶς
712 2030 1009 2103 ὁρώμενον,
1039 2032 1272 2101 ἡγητέον
1302 2030 1548 2101 οὐρανὸν,
1595 2023 1638 2098 ᾧ
1674 2048 1809 2101 συμ-

240 2123 454 2194 ϐέϐηκεν
476 2124 805 2179 ὑποκεῖσθαι
832 2125 989 2195 τήνδε
1012 2126 1112 2195 τὴν
1133 2126 1457 2194 οἰκουμένην
1477 2140 1490 2153 ο
1524 2125 1807 2178 ἀντοικου-

242 2216 391 2285 μένην
413 2216 471 2269 δὲ
504 2216 619 2271 ὑπὸ
656 2217 755 2284 τῆς
780 2217 882 2287 γῆς
908 2216 1165 2287 οὐδεμίαν
1191 2212 1330 2269 εἷναι
1351 2216 1698 2285 πιστεύομεν,
1738 2218 1807 2271 Ἣ

237 2308 333 2389 γᾴρ
354 2309 417 2362 ἂν
446 2310 616 2362 κάκεῖ
655 2308 892 2380 Χριστὸς
942 2310 1275 2381 ἐπεδήμησε,
1307 2311 1402 2362 καὶ
1441 2311 1510 2364 τὰ
1544 2309 1706 2363 λοιπὰ
1737 2311 1805 2363 τὰ

1910 1943 2193 2001 sequetur,
2258 1944 2316 1989 ut
2369 1937 2660 1991 credamus
2707 1953 2816 1991 non
2877 1940 3053 1995 solum
3115 1955 3311 2010 aquas.
3368 1958 3490 2013 quae

1910 2039 2067 2081 erant
2100 2028 2203 2083 sub
2236 2028 2443 2083 visihili
2476 2032 2642 2095 caelo,
2668 2029 2765 2084 sed
2798 2045 2921 2099 quae
2947 2039 3107 2086 erant
3138 2047 3356 2102 quoque
3386 2036 3489 2090 sub

1912 2118 2201 2184 invisibili,
2240 2120 2294 2174 in
2334 2136 2496 2173 unam
2549 2121 2956 2186 collectionem,
2992 2136 3114 2191 qua:
3169 2137 3320 2177 mare
3355 2140 3492 2178 nun-

1911 2220 2167 2281 cupatur,
2206 2212 2577 2277 conﬂuxisse:
2611 2222 2667 2268 et
2698 2214 2779 2269 sic
2806 2214 2871 2269 de
2903 2222 3142 2283 utroque
3166 2214 3491 2285 hemisphm-

1906 2295 1997 2357 'rio
2032 2305 2125 2358 illa
2158 2306 2322 2359 verba
2374 2306 2775 2376 intelligentur.
2824 2305 2983 2372 Quod
3014 2296 3198 2361 autem
3230 2308 3488 2364 universa

238 2403 351 2470 παρ’
373 2402 505 2470 ἡμῖν
530 2402 873 2470 ἀπήντηκεν,
899 2402 932 2471 ἢ
962 2401 1341 2472 παραπλήσια,
1373 2402 1469 2454 καὶ
1505 2402 1696 2471 ’Λδάμ,
1718 2402 1802 2455 καὶ

1907 2400 2057 2448 terra
2112 2394 2169 2449 in
2231 2398 2394 2464 aquis
2437 2395 2736 2463 subsistat,
2794 2410 2896 2477 nec
2939 2395 3051 2449 ulla
3082 2395 3154 2450 sit
3180 2409 3310 2465 pars
3343 2395 3487 2465 ejus,

238 2491 365 2558 θφις,
387 2493 483 2546 καὶ
517 2494 570 2545 εἰ
606 2491 757 2561 τύχοι
780 2492 1184 2564 κατακλυσμός.
1233 2491 1306 2545 Τὸ
1332 2491 1520 2545 δὲ’ὑπὸ
1545 2494 1649 2561 γῆν
1667 2493 1802 2564 ὕδωρ

1907 2505 2028 2559 qua:
2060 2488 2207 2543 intra
2252 2503 2353 2545 nos
2400 2489 2505 2545 sita
2538 2500 2645 2553 est,
2697 2490 2858 2560 aquis
2888 2504 3060 2544 vacua
3098 2498 3153 2545 et
3183 2488 3484 2554 denudata,

238 2583 431 2653 ἄδηλον,
468 2584 587 2637 εἴτε
618 2584 895 2654 μετέωρον
938 2585 1241 2655 ἀνήρτηται
1268 2583 1497 2655 δυνάμει
1523 2584 1617 2638 τοῦ
1649 2586 1802 2652 Θεοῦ,

1907 2581 2163 2636 omnibus
2212 2592 2403 2635 notum
2468 2596 2615 2636 reor.
2645 2579 2780 2634 Nam
2827 2582 2909 2636 sic
2962 2580 3122 2635 docet
3158 2579 3483 2652 Scriptura:

240 2674 335 2725 εῖτε
363 2673 454 2726 ἐπὶ
489 2672 807 2744 πνεύματος
837 2675 1066 2743 ὀχεῖται.

1916 2693 1932 2725 ι
1964 2673 2069 2739 Qui
2118 2672 2383 2743 expandit
2438 2680 2643 2727 terram
2702 2688 2870 2742 super
2921 2687 3097 2743 aquas
3126 2672 3193 2725 ⁵⁸.
3234 2690 3253 2723 ι
3293 2671 3355 2725 Et
3383 2673 3489 2729 ite-

236 2783 383 2825 rum:
420 2788 439 2822 t
472 2769 618 2836 Quia
666 2769 787 2839 ipse
839 2784 1005 2838 super
1059 2767 1232 2822 maria
1289 2766 1537 2822 fundavit
1576 2784 1719 2835 eam,
1753 2780 1805 2826 et
1845 2784 2014 2839 super
2078 2767 2301 2822 ﬂumina
2349 2768 2677 2837 praeparavit
2752 2781 2871 2821 eam
2911 2766 2980 2820 δι.
3036 2783 3056 2818 ι
3115 2764 3243 2819 Sola
3296 2765 3483 2835 itaque

239 2871 383 2918 teme
421 2863 781 2935 superﬁcies,
826 2879 946 2934 qua:
979 2878 1149 2933 penes
1186 2880 1288 2921 nos
1317 2876 1421 2928 est,
1455 2865 1802 2936 intelligitur,
1843 2867 1972 2922 dum
2007 2867 2122 2921 ait:
2177 2884 2197 2918 ι
2243 2866 2663 2937 Congregentur
2710 2878 2870 2934 aqua:
2910 2862 3014 2917 sub
3082 2863 3241 2918 ctelis
3287 2862 3342 2916 in
3406 2862 3489 2914 lo-

239 2971 347 3011 cum
386 2972 581 3011 unum.
640 2974 659 3007 ι
701 2954 969 3011 Similiter
1022 2958 1219 3011 emtum
1274 2957 1367 3011 hic
1413 2959 1793 3029 accipiendum
1835 2970 1918 3016 est
1966 2976 2065 3031 pro
2104 2961 2471 3024 firmamento,
2510 2959 2655 3029 quod
2720 2959 2882 3012 nobis
2930 2967 3158 3029 apparet
3203 2967 3259 3012 et
3329 2964 3488 3011 terra!

239 3045 523 3118 impendet.
550 3045 670 3101 Nec
705 3046 862 3102 decet
892 3056 951 3101 ut
995 3048 1291 3103 credamus
1331 3050 1575 3120 aliquam
1602 3059 1805 3106 terram
1848 3052 1991 3106 infra
2025 3067 2127 3107 nos
2157 3050 2264 3106 ccli
2309 3061 2503 3107 nostro
2535 3051 2657 3105 orbi
2694 3051 3028 3120 oppositam.
3076 3049 3211 3104 Nam
3279 3048 3326 3104 si
3387 3062 3489 3103 an-

242 3145 435 3214 tipodes
480 3145 697 3211 forent,
748 3153 902 3201 certe
953 3143 1215 3201 Christus
1284 3161 1350 3202 eo
1399 3164 1624 3219 quoque
1690 3149 1971 3218 profectus
2039 3159 2206 3215 esset,
2251 3157 2307 3205 et
2373 3158 2592 3212 caetera,
2655 3164 2775 3218 quae
2803 3149 3080 3218 pertinent
3128 3148 3196 3201 ad
3252 3145 3486 3202 salutem

240 3233 442 3291 humani
505 3237 754 3309 generis,
813 3237 885 3290 ibi
952 3237 1276 3306 perficisset
1314 3240 1529 3303 ;Adam
1598 3243 1816 3309 generis
1856 3243 2033 3297 nostri
2090 3243 2267 3313 prima
2300 3244 2477 3304 oriio,
2513 3255 2745 3310 serpens
2788 3241 2880 3309 qui
2947 3239 3247 3293 humanum
3314 3252 3489 3310 genus

239 3332 349 3388 dolo
373 3332 1065 3395 circumvenit,nimirum
1135 3343 1190 3389 et
1260 3335 1527 3390 diluvium
1596 3352 1765 3407 penes
1832 3339 2145 3408 oppositam
2195 3339 2473 3411 regionem
2551 3338 2924 3394 exstitissent.

3024 3337 3168 3391 Caele
3178 3351 3295 3390 rum
3343 3348 3487 3408 aqua

222 3437 346 3492 .qute
375 3421 516 3477 tnt‘ra
562 3437 666 3478 nos
693 3423 885 3487 fertur,
917 3437 986 3477 an
1015 3423 1273 3479 sublimis
1318 3425 1553 3496 pendeat
1581 3426 1632 3480 ιιι
1667 3439 2005 3497 procurante
2057 3430 2245 3484 divina
2325 3432 2556 3499 virtute,
2606 3429 2695 3485 vel
2784 3435 2950 3483 vento
2999 3427 3265 3492 vehatur,
3300 3427 3488 3487 incer-

238 3522 340 3568 tum
375 3523 476 3571 est.

300 3608 593 3680 Στερέωμα
622 3608 680 3662 δέ
706 3626 839 3678 φασι
868 3609 1149 3664 καλεῖσθαι
1180 3608 1271 3664 τδν
1294 3596 1541 3682 οὐρανὸν,
1571 3612 1602 3684 ἢ
1633 3612 1707 3677 ὡς
1738 3613 1798 3677 ἐξ

1971 3612 2404 3669 Firmamentum
2447 3623 2630 3669 autem
2674 3614 2866 3668 dicunt
2899 3611 3207 3681 nuncupari
3249 3612 3469 3672 οωιιιηι.

240 3699 433 3772 ἁπαλῆς
462 3701 711 3770 παγέντα
732 3701 823 3755 τοῦ
853 3700 1044 3766 ὕδατος
1074 3702 1310 3772 φύσεως,
1335 3703 1366 3773 ἢ
1397 3704 1531 3774 πρδς
1569 3704 1802 3758 ἀντιδια-

243 3792 413 3865 moliri
439 3794 543 3864 τῆς
567 3793 676 3846 τῶν
708 3793 1122 3865 ὑπερκειμένων
1146 3795 1379 3864 φύσεως,
1411 3794 1611 3865 λεπτῆς
1636 3795 1801 3867 οὔσης

244 3883 325 3936 καὶ
347 3885 548 3954 ἀραιᾶς
582 3885 675 3937 καὶ
706 3885 829 3938 οὐδὲ
859 3886 958 3956 μιᾷ
978 3883 1610 3957 αἰσθήσεικαταληπτῆς.
1627 3887 1699 3939 Τὸ
1720 3886 1797 3951 δὲ,

247 3992 265 4024 ι
283 3975 362 4030 Ἐν
375 3978 528 4047 μέσῳ
552 3978 649 4031 τοῦ
673 3977 885 4041 ὓδατος,
910 3997 928 4029 ι
939 3978 1058 4048 ἴσην
1070 3977 1221 4048 δηλοῖ
1232 3979 1329 4049 τὴν
1343 3979 1448 4031 τῶν
1464 3979 1798 4050 ἑκατέρωθεν

245 4066 426 4122 ὑδάτων
440 4071 711 4141 διαίρεσιν
733 4069 1028 4142 ’λέγειγάρ
1048 4087 1061 4100 ·
1080 4089 1107 4133 ,t
1140 4070 1319 4124 Ἐστω
1341 4070 1665 4143 διαχωρίζον
1694 4072 1798 4126 ἀνά

249 4156 391 4224 μέσον
406 4159 598 4222 ὓδατος
615 4160 705 4212 καὶ
721 4158 912 4223 ὓδατος
925 4175 940 4191 ·
956 4179 975 4212 ι
999 4160 1325 4230 προσεκτέον
1344 4161 1421 4227 δὲ,
1438 4162 1628 4229 φασὶν,
1651 4163 1799 4226 ὅπως

247 4249 323 4302 ἐπὶ
347 4251 665 4324 διδασκαλίᾳ
692 4252 800 4306 τῶν
849 4252 1092 4323 ἀοράτων
1139 4251 1356 4321 φύσεων
1412 4251 1587 4323 ἡτῶν
1629 4252 1798 4306 ὄντων

248 4339 442 4408 γέγονεν
492 4343 650 4408 τάξις
671 4361 686 4375 ο
720 4343 787 4408 ἀς
810 4345 979 4416 ἐχρῆν
1010 4344 1097 4399 διὰ
1129 4344 1236 4398 τῶν
1267 4345 1570 4416 γινομένων
1609 4347 1798 4418 μαθεῖν

247 4432 322 4483 τὸν
346 4434 703 4506 Δημιουργδν,
723 4437 816 4488 καὶ
845 4435 1117 4491 διδάσκειν
1140 4438 1265 4500 τοὺς
1292 4438 1429 4508 μετά
1448 4439 1623 4494 ταῦτα
1645 4457 1797 4512 γευνο·

249 4518 419 4591 μένους
442 4529 614 4599 ἡμᾶς.
648 4528 803 4581 Κατά
846 4528 955 4600 γὰρ
981 4529 1071 4582 τὸν
1101 4531 1372 4602 μακάριον
1424 4532 1634 4587 Παῦλον
1662 4535 1798 4605 πρὸς

249 4615 491 4689 ἡμετέραν
540 4620 814 4690 σωτηρίαν
861 4624 983 4685 ταῖς
1032 4621 1200 4685 θείαις
1240 4618 1640 4694 ύπηρετοῦνται
1668 4625 1795 4696 βου-

248 4702 364 4770 λαῖς.
405 4711 536 4765 Τότε
566 4709 675 4782 γάρ
710 4711 824 4781 φῶς
845 4713 986 4782 μετὰ
1013 4712 1111 4785 τὴν
1132 4715 1239 4767 τῶν
1275 4715 1505 4783 πρώτων
1537 4717 1797 4789 δημιουρο

250 4798 353 4863 γὶαν
379 4802 439 4855 ἐκ
466 4804 543 4874 μὴ
595 4803 764 4857 ὄντων
812 4807 1132 4876 πεποίηκεν,
1169 4806 1256 4861 ἵνα
1291 4808 1384 4861 καὶ
1428 4811 1627 4873 ἑαυτὰς
1654 4808 1796 4865 οὕτω

252 4894 503 4964 παρ-ἦχθαι
531 4897 791 4967 νοήσωσι⁶
822 4899 915 4951 καὶ
944 4898 1012 4952 τά
1043 4902 1165 4969 μετ’
1195 4901 1373 4955 αύτῶν
1419 4902 1611 4972 πρῶτα
1639 4921 1798 4973 γεγο-

1908 3722 2003 3761 seu
2034 3707 2178 3776 quod
2210 3713 2527 3760 concretum
2568 3712 2622 3760 et
2672 3717 3019 3775 compactum
3056 3704 3127 3759 sit
3171 3719 3235 3759 ex
3271 3704 3482 3772 simpli-

1907 3798 2134 3853 cissima
2164 3813 2321 3866 aquae
2353 3809 2589 3863 natura;
2624 3812 2745 3862 seu,
2780 3806 2838 3850 ut
2876 3796 3181 3866 distinguat
3212 3804 3263 3850 et
3295 3812 3484 3852 secer-

1906 3896 2001 3942 nat
2054 3889 2122 3943 ab
2183 3888 2541 3944 inferioribus
2602 3887 2985 3942 tenuissimam
3032 3895 3087 3941 et
3140 3887 3477 3960 levissimam

1905 3989 2189 4044 naturam,
2221 3981 2482 4050 nulloque
2505 3994 2672 4034 sensu
2705 3979 3284 4049 comprehensibilem.
3322 3978 3477 4046 Quod

1905 4073 2018 4126 ait:
2050 4095 2073 4124 ‹
2105 4070 2378 4126 lnmedio
2402 4085 2689 4141 aquarum,
2734 4090 2753 4123 ι
2796 4072 2931 4127 satis
2979 4071 3268 4144 evidenter
3292 4072 3478 4137 docet,

1904 4164 2165 4235 aequalem
2207 4165 2468 4235 utrinque
2501 4163 2674 4220 fuisse
2705 4176 2972 4234 aquarum
3003 4163 3359 4219 divisionem.
3385 4162 3479 4218 Sic

1904 4258 2049 4313 enim
2106 4257 2270 4325 habet
2319 4266 2535 4314 textus:
2579 4276 2599 4310 ι
2658 4257 2975 4327 Distinguat
3031 4258 3180 4312 inter
3217 4272 3388 4327 aquas
3422 4265 3479 4312 ct

1904 4365 2098 4420 aquas,
2138 4368 2158 4402 ι
2193 4351 2307 4406 sive
2339 4369 2359 4403 t
2397 4351 2452 4405 in
2484 4350 2660 4404 medio
2701 4364 2993 4420 aquarum.
3031 4368 3052 4401 ι
3087 4347 3476 4404 Ohservantlus

1903 4448 1987 4495 est
2018 4450 2200 4494 tamen
2235 4438 2369 4495 ordo
2404 4439 2705 4494 visibilium
2731 4446 3137 4499 creaturarum,
3171 4436 3474 4493 secundum

1903 4546 2065 4602 quem
2098 4531 2379 4601 prodiere,
2426 4538 2488 4583 ut
2529 4530 2814 4591 videamus
2836 4543 2999 4598 quam
3036 4527 3266 4581 miriﬁce
3291 4529 3475 4581 omnia

1903 4625 2013 4680 huc
2045 4625 2289 4689 tendant,
2323 4629 2385 4676 ut
2430 4638 2494 4677 ex
2534 4623 2620 4677 his
2664 4635 3065 4692 cognoscamus
3094 4618 3390 4674 invisibilia
3422 4628 3476 4672 ct

1903 4734 2023 4789 quae
2061 4732 2174 4771 non
2197 4732 2385 4780 sensu,
2409 4714 2502 4771 sed
2529 4714 2646 4769 sola
2680 4721 2865 4769 mente
2890 4711 3314 4782 investigantur.
3339 4710 3472 4765 Nam

1902 4827 1967 4868 ex
1996 4812 2104 4867 illis
2146 4810 2480 4882 pergendum
2536 4816 2655 4864 erat
2713 4809 2768 4862 in
2803 4808 3054 4863 notitiam
3109 4806 3203 4862 Dei
3238 4805 3471 4875 opiﬁcis.

1903 4918 2023 4974 quae
2051 4904 2245 4958 deinde
2267 4910 2321 4958 et
2360 4912 2462 4957 nos
2487 4900 2717 4956 docendi
2740 4915 2981 4956 eramus.
3006 4897 3139 4952 Nam
3172 4897 3473 4953 secundum

252 4984 361 5039 νὸτα
404 4989 874 5062 δημιουργήματα,
935 4995 1028 5048 καὶ
1081 4995 1243 5049 πάλιν
1278 4997 1369 5051 ἐπὶ
1404 4998 1500 5070 τῆς
1542 4998 1802 5070 δευτέρας

1906 4994 2124 5049 beatum
2156 4992 2406 5055 Paulum,
2443 4992 2678 5047 visibilia
2708 4991 3015 5048 inserviunt
3046 4989 3247 5045 divinis
3291 4987 3476 5044 consi-

254 5074 440 5146 ἡμέρας
466 5081 694 5151 οὐρανὸν
733 5083 986 5151 γενέσθαι
1021 5086 1353 5157 προσέταξεν
1401 5088 1495 5142 τοῦ
1535 5091 1797 5162 προτέρου

255 5164 357 5217 καθ’
382 5171 667 5241 ὁμοιότητα
688 5188 702 5202 ·
727 5172 784 5236 ὃς
827 5174 921 5228 καὶ
952 5174 1044 5229 τὸν
1077 5177 1289 5248 πρῶτον
1314 5179 1409 5233 καὶ
1427 5178 1496 5232 τά
1526 5181 1620 5234 σὺν
1651 5182 1801 5253 αὐτῷ

254 5259 374 5313 κατά
405 5262 491 5316 τὸν
522 5264 680 5319 αὐτὸν
723 5266 979 5334 γενέσθαι
1028 5270 1289 5340 νομίσωσι
1346 5270 1581 5341 τρόπον’
1624 5290 1802 5345 παρα-

258 5346 455 5419 πλήσιον
479 5355 583 5437 γάρ
618 5361 850 5429 ποιεῖτῇ
882 5358 1047 5428 φύσει
1086 5361 1162 5432 τῷ
1193 5362 1447 5434 προτέρῳ
1486 5364 1577 5417 τὸν
1611 5366 1798 5418 δεύτε-

259 5452 361 5505 .“V'
384 5443 499 5497 ὅθεν
524 5449 616 5501 καὶ
638 5450 865 5520 οὐρανὸς
889 5453 1121 5524 ἐκλήθη·
1148 5455 1197 5507 ει
1228 5460 1323 5509 καὶ
1344 5458 1371 5508 ὁ
1402 5455 1501 5526 μὲν
1522 5455 1581 5521 ἐξ
1606 5456 1795 5522 ὄντων,

259 5530 347 5584 ὁδὶ
366 5534 425 5587 ἐκ
451 5536 521 5610 μή
550 5538 718 5594 ὄντων
740 5543 1050 5615 γεγένηται.
1087 5545 1257 5601 Τοῦτο
1284 5547 1393 5619 γὰρ
1417 5548 1679 5621 διαφορᾶν
1699 5549 1797 5603 ούκ

261 5621 512 5691 ιίρτάζετο
536 5633 773 5704 φύσεως⁸
802 5637 966 5711 ἡγὰρ
992 5640 1246 5712 ὁμοιότης
1269 5641 1368 5713 τὴν
1393 5640 1575 5698 πίστιν
1600 5640 1798 5715 παρείὲ

353 5809 393 5844 ⁸²
421 5809 552 5874 Psal.
582 5829 779 5889 σχειν,
817 5819 898 5897 6.-
933 5822 980 5853 ³⁸
1011 5820 1157 5879 Psal.
1195 5838 1348 5891 χχιιι,
1381 5821 1435 5878 2.

1903 5087 2012 5152 liis,
2048 5087 2141 5141 sed
2175 5085 2242 5139 ad
2288 5097 2530 5140 nostram
2558 5085 2843 5143 salutent.
2876 5082 3195 5152 Postquam,
3228 5099 3347 5152 qum
3388 5099 3475 5130 ον-

1902 5179 2029 5233 dine
2056 5194 2237 5233 rerum
2271 5179 2446 5248 prima
2470 5178 2600 5231 esse
2621 5177 2857 5239 volebat,
2893 5177 2956 5230 de
2996 5176 3168 5229 nihilo
3202 5174 3467 5235 cnntlitl‘t,

1905 5283 2017 5333 tum
2041 5273 2257 5328 demum
2284 5272 2457 5327 lucem
2487 5271 2713 5335 creavit,
2757 5279 2815 5325 ut
2842 5278 3051 5326 ctetera:
3098 5275 3363 5323 creatura:
3393 5269 3476 5323 tli-

1904 5372 2123 5420 scerent
2168 5364 2335 5419 simili
2392 5364 2625 5428 ratione,
2681 5379 2804 5419 cum
2832 5363 2989 5432 prius
3029 5375 3137 5414 non
3173 5362 3372 5424 forent,
3407 5376 3474 5416 ex

1903 5456 2076 5512 nihilo
2107 5457 2161 5511 in
2189 5457 2481 5524 essentiam
2515 5472 2572 5511 se
2604 5462 2903 5526 promotus.
2932 5453 3195 5508 Praeterea
3227 5452 3474 5508 secundo

1903 5549 1994 5604 die
2023 5547 2219 5612 emtum
2246 5554 2306 5602 ut
2337 5547 2487 5603 ﬁeret
2510 5546 2815 5618 imperavit,
2849 5544 2994 5615 quod
3016 5543 3233 5615 quidem
3264 5544 3475 5601 consti-

1904 5642 2010 5699 tuit
2048 5640 2115 5697 ad
2141 5640 2553 5699 similitudinem
2575 5639 2736 5711 primi
2759 5638 2904 5707 casti,
2936 5654 3045 5711 quo
3074 5653 3237 5709 opere
3263 5637 3474 5694 nullum

2162 5761 2221 5812 ‘i‘:
