3922 6230
412 341 484 405 Ἡ
1719 332 2011 399 ῬΒΟΕΟΡ

2114 332 2356 398 GAZ/EI
3618 333 3703 399 τε

407 462 538 515 'crat
575 448 658 510 vel
707 453 981 509 ammnius
1041 452 1126 508 vel
1162 450 1470 524 pulchrius.
1524 449 1707 517 Quare
1756 451 1896 506 hoc?
1926 451 2000 508 Ut

2114 469 2260 522 χετο·
2322 448 2479 520 καὶὴ
2516 449 2653 521 αὑτὴ
2706 449 2935 518 δύναμις
2982 449 3041 502 τὸ
3072 447 3129 502 δν
3183 448 3261 512 είς
3285 448 3474 503 οὐσίαν
3516 467 3704 521 μετα-

420 549 701 607 discamus
759 547 998 618 primum
1050 545 1253 601 cadum
1288 558 1398 598 non
1438 557 1536 613 per
1560 556 1621 598 se
1661 542 1999 609 substitisse,

418 640 517 698 sed
545 657 611 696 ex
652 639 825 694 nihilo
851 645 1229 692 constructum
1279 650 1424 702 esse,
1454 641 1514 689 ut
1553 644 1608 689 et
1646 636 1948 691 secundum
1983 655 1997 691 :

418 747 581 804 quam
612 733 684 787 ob
714 744 939 783 causam
967 729 1091 797 ejus
1142 728 1475 782 creationem
1518 711 1686 798 piiori
1734 726 2002 782 creationi

421 824 674 893 subjecit.
702 821 861 876 Nulla
886 820 1030 873 enim
1055 818 1219 872 datur
1258 818 1569 872 dillercntia
1601 820 1654 872 in
1681 816 1885 888 Opilice
1912 819 2003 873 illo

420 915 678 969 mirabili.
703 913 828 966 Pari
858 910 1019 963 modo
1049 918 1105 964 et
1136 910 1312 979 prima
1343 917 1397 963 ct
1425 908 1667 964 secunda
1691 907 1840 963 facit.
1863 910 2004 963 Hinc

421 1006 547 1059 coeli
584 1019 780 1058 nomen
814 1012 867 1057 ct
898 1002 1028 1055 huic
1065 1002 1297 1055 inditum
1331 1010 1436 1065 est,
1470 1001 1586 1056 sive
1623 1001 1862 1071 primum
1893 1015 2007 1056 ca:-

421 1098 533 1151 lum
561 1113 627 1151 ex
672 1095 920 1165 subjecta
974 1095 1231 1159 materia,
1288 1102 1342 1148 et
1372 1094 1676 1149 secundum
1725 1110 1789 1149 ex
1830 1094 2007 1148 nihilo

422 1188 715 1243 formatum
751 1188 847 1242 sit.
896 1185 1108 1239 Nullam
1152 1187 1257 1238 ista
1296 1185 1599 1255 important
1637 1183 2005 1239 diﬂcrentiam

423 1287 657 1334 naturae.
676 1278 811 1331 Nam
845 1277 1154 1332 similitudo
1180 1276 1587 1347 [idem-praebet,
1610 1292 1710 1332 nec
1741 1292 1850 1330 non
1887 1276 2005 1344 ipsa

412 1368 665 1438 :potentia
705 1366 912 1429 divina,
948 1380 1070 1435 qua:
1102 1365 1386 1418 materiam
1424 1364 1479 1418 in
1539 1365 1701 1419 aliam
1743 1365 2005 1418 substan-

422 1456 554 1509 tiam
586 1470 683 1525 pro
711 1470 812 1510 suo
840 1454 1070 1509 arbitrio
1105 1452 1375 1522 digerere,
1408 1454 1516 1523 20
1546 1461 1601 1508 et
1632 1452 1886 1520 elliugerc
1916 1467 2008 1521 po-

424 1555 552 1609 test,
583 1558 636 1601 et
673 1563 740 1599 ex
777 1547 948 1601 nihilo
984 1546 1333 1600 substantias
1379 1560 1572 1600 creare
1609 1547 1772 1599 valet.
1816 1544 2007 1614 Siqui-

2112 542 2402 607 σκευάζειν
2429 541 2522 595 καὶ
2567 539 2626 607 ἐξ
2660 541 2761 593 οὑκ
2791 539 2962 593 ὄντων
2993 539 3187 609 ἑτέραν
3212 544 3389 592 ποιεῖν
3414 555 3429 571 ο
3460 541 3704 613 κάκείνη

2109 633 2217 703 γὰρ
2235 634 2457 703 γέγονεν
2475 632 2533 699 ἐξ
2551 631 2650 684 οὑκ
2679 630 2832 693 δντος
2848 629 3108 685 τοιούτου.
3132 630 3204 682 Τὸ
3229 631 3307 695 δὲ,
3321 648 3339 681 ι
3378 631 3489 683 Καὶ
3506 632 3710 702 εποίη-

2113 741 2207 778 σεν
2235 727 2262 779 ὁ
2294 725 2452 789 Θεὸς,
2483 744 2502 775 ›
2536 725 2613 786 είς
2645 724 2883 792 ἔμφασιν
2917 722 3133 792 εἴρηται
3152 723 3247 776 τοῦ
3274 725 3348 793 μὴ
3399 723 3560 777 ἄλλον
3592 726 3707 792 μὲν

2110 811 2248 869 εἶναι
2278 816 2367 869 τὸν
2396 813 2793 886 προστάξαντα.
2816 814 2975 868 ἄλλον
2996 814 3054 867 δὲ
3078 814 3169 867 τὸν
3195 816 3522 885 ποιήσαντα.
3553 817 3615 869 Οί
3637 815 3708 869 δι

2108 904 2347 968 πλείους,
2366 903 2441 967 ὡς
2457 904 2693 974 εἴρηται,
2718 903 2815 956 οὑκ
2838 904 2918 965 είς
2936 902 3283 957 διδασκαλίαν
3297 903 3530 972 λογικῶν
3545 904 3711 958 δυνά-

2110 1009 2257 1062 μεων
2274 993 2352 1056 τὸ,
2376 1010 2395 1042 ‹
2428 987 2592 1044 Εἶπεν
2622 994 2650 1044 ὁ
2677 990 2866 1057 Θεὸς,›
2897 991 3081 1059 φασὶν,
3101 989 3215 1043 άλλ“
3246 992 3326 1054 εἰς
3351 994 3706 1062 παράστασιν

2106 1083 2199 1136 τοῦ
2225 1081 2581 1152 Μονογενοῦς·
2609 1082 2904 1152 τοιγαροῦν
2920 1083 3020 1134 οὑκ
3040 1082 3255 1151 εἴρηται
3276 1081 3358 1147 τὸ,
3377 1081 3624 1150 Ἐγένετο
3636 1079 3707 1133 τδ

2111 1173 2420 1243 στερέωμα,
2448 1173 2636 1236 rem
2659 1173 2769 1227 Καὶ
2798 1172 3053 1242 ἐποίησεν
3074 1173 3101 1224 ὁ
3121 1172 3249 1235 Θεὸς
3266 1173 3326 1225 τὸ
3349 1189 3436 1226 στε
3448 1173 3700 1243 ρὲωμα·-›

2111 1265 2205 1318 καὶ
2233 1265 2413 1331 πάλιν,
2441 1284 2459 1315 ι
2485 1262 2811 1335 Διεχὼρισεν
2848 1266 2878 1318 ὁ
2903 1263 3033 1327 Θεὸς
3054 1280 3067 1293 °
3085 1283 3115 1316 ιι
3146 1263 3207 1317 τὸ
3234 1264 3333 1332 μὲν
3354 1260 3468 1329 οὖν,
3496 1266 3704 1337 (Γενη-

2110 1356 2260 1427 Οὴτω
2304 1355 2365 1409 τὸ
2421 1356 2742 1425 στερέωμα,
2778 1373 2796 1406 ι
2835 1355 2987 1426 φωνὴ
3039 1354 3136 1424 τῆς
3216 1356 3708 1427 προκαταρκτικῆς

2113 1449 2291 1511 αἰτίας
2312 1464 2326 1477 ’
2361 1448 2422 1500 τὸ
2442 1447 2549 1514 δὲ,ι
2574 1448 2827 1518 Ἐποίησε
2842 1447 2902 1501 τὸ
2926 1448 3230 1517 στερέωμα,
3247 1466 3265 1499 ι
3288 1447 3386 1517 τῆς
3407 1446 3706 1519 ποιητικῆς

2115 1542 2206 1595 καὶ
2234 1541 2331 1610 τῆς
2363 1539 2766 1611 δημιουργικῆς
2799 1539 3077 1610 μαρτυρία
3110 1539 3411 1610 δυνάμεως.

426 1642 546 1695 dem
582 1652 634 1696 et
661 1642 753 1695 illa
786 1641 1005 1694 condita
1035 1651 1136 1704 est,
1178 1655 1300 1694 cum
1374 1639 1540 1710 prius
1580 1640 1707 1696 talis
1776 1654 1886 1693 non
1919 1636 2080 1693 foret.
2122 1636 2277 1702 Quod
2313 1635 2488 1705 inquit
2519 1653 2531 1687 :
2569 1653 2587 1685 ι
2624 1634 2765 1690 Deus
2818 1633 2961 1698 fecit,
3007 1653 3025 1685 ι
3061 1637 3375 1691 memineris
3425 1651 3547 1691 cum
3576 1650 3704 1691 etna

414 1733 584 1804 phasi
646 1748 771 1787 esse
832 1732 1237 1801 accipiendum,
1279 1730 1537 1785 videlicet
1572 1746 1656 1786 ne
1685 1730 1811 1800 quis
1857 1737 2010 1800 putet
2047 1726 2213 1782 alium
2276 1742 2399 1782 esse
2457 1728 2551 1797 qui
2581 1726 2795 1796 jubeat,
2826 1736 2881 1783 et
2910 1729 3077 1783 alium
3110 1731 3201 1799 qui
3249 1729 3435 1807 faciat.
3472 1716 3698 1787 Plurimi

416 1837 575 1892 sunt,
608 1829 699 1896 qui
732 1826 919 1881 volunt
952 1844 965 1880 :
1003 1844 1020 1875 ι
1046 1824 1188 1879 Dixit
1221 1825 1397 1890 Deus,
1441 1845 1459 1878 ι
1494 1841 1602 1880 non
1634 1825 2018 1896 porrigendum
2060 1838 2146 1889 eo,
2184 1832 2243 1878 ut
2273 1807 2569 1878 οτράοῐηιιε
2588 1821 2768 1878 Deum
2803 1838 2899 1893 per
2929 1824 3027 1879 ista
3065 1826 3230 1879 verba
3296 1826 3538 1882 voluisse
3595 1842 3704 1881 anc-

424 1923 629 1994 gelicas
660 1922 895 1975 virtutes
919 1917 1160 1973 docere:
1198 1918 1292 1973 sed
1323 1919 1582 1974 statuisse
1610 1917 1803 1973 iisdem
1826 1916 2010 1971 verbis
2049 1916 2209 1970 nobis
2242 1914 2532 1970 ostendere
2562 1912 2759 1968 Filium
2799 1930 2962 1971 suum
3005 1914 3370 1985 unigenitum.
3439 1917 3547 1984 Qui
3617 1925 3699 1989 ﬁt,

425 2021 572 2092 quod
594 2035 708 2074 non
731 2016 954 2087 scripsit
985 2014 1199 2072 Moses:
1228 2015 1453 2071 Factum
1473 2024 1556 2069 est
1581 2015 2011 2078 ﬁrmamentum,
2054 2010 2146 2066 sed
2191 2011 2419 2081 potius:
2515 2028 2535 2061 ε
2582 2008 2735 2064 Fecit
2787 2009 2931 2065 Deus
3014 2007 3441 2065 (irritamentum.
3480 2031 3499 2064 ι
3547 2013 3702 2069 Prag-

414 2124 574 2169 terea
613 2129 628 2164 :
671 2130 690 2163 ι
730 2111 987 2166 [)istinxit
1010 2108 1177 2173 Deus,
1222 2128 1239 2161 ι
1272 2120 1380 2165 etc.
1412 2108 1570 2174 Quod
1593 2108 1772 2178 inquit
1798 2122 1812 2157 :
1843 2124 1862 2158 ι
1890 2104 2014 2160 Fiat
2050 2104 2477 2163 ﬁrmamentum.
2510 2121 2527 2154 ι
2557 2111 2686 2167 etc.,
2719 2117 2821 2156 vox
2847 2111 2931 2157 est
2958 2101 3144 2172 primae
3203 2116 3386 2160 causae
3444 2105 3697 2171 initialis,

416 2204 583 2271 Quod
607 2208 722 2259 ait:
760 2221 777 2255 ι
816 2202 968 2258 Fecit
1009 2203 1435 2268 firmamentum,
1465 2222 1485 2254 ›
1521 2212 1654 2265 etc.,
1689 2198 1935 2255 creantis
1955 2209 2009 2253 et
2045 2196 2335 2253 elIicicntis
2376 2211 2559 2251 causae
2597 2197 2971 2252 testimonium
3004 2204 3107 2251 est.

498 2294 929 2350 Firmamentum
991 2294 1407 2348 distinctionem
1458 2306 1729 2362 aquarum
1774 2289 1999 2345 invexit.

2183 2289 2255 2342 Τὸ
2301 2288 2346 2341 δ’
2391 2284 2485 2342 οὖν
2518 2289 2809 2358 στερέωμα
2858 2285 3176 2357 διεχώριζεν
3223 2288 3325 2341 ἀνὰ
3373 2290 3537 2359 μέσον
3591 2288 3691 2342 τοῦ

424 2384 561 2442 Nam
590 2400 745 2455 aqua:
773 2385 1060 2440 inundatio
1086 2394 1208 2439 erat
1241 2384 1477 2446 iuiinita,
1516 2395 1570 2439 ct
1604 2381 1906 2451 superabat
1927 2395 2011 2435 re-

2120 2378 2309 2443 ὕδατος
2337 2379 2435 2431 καὶ
2469 2378 2561 2432 τοῦ
2603 2377 3077 2449 ὑδατοςοάπειρος
3108 2377 3217 2449 γάρ
3242 2375 3309 2450 ἦν
3340 2378 3448 2433 τῶν
3479 2379 3697 2433 ὑδάτων

427 2476 726 2548 iiquorum,
781 2476 828 2529 si
862 2476 1218 2541 contulisses,
1274 2475 1672 2531 elementorum
1707 2470 2011 2543 proportio-

2116 2472 2364 2544 ήχὺσις,
2411 2473 2488 2537 ὡς
2544 2473 2645 2544 τὴν
2693 2472 2803 2526 τῶν
2846 2472 3022 2526 ἄλλων
3071 2473 3355 2544 στοιχείων
3401 2473 3698 2541 ἀναλογίαν

428 2556 574 2625 nem.
637 2567 778 2623 Hinc
826 2583 936 2623 non
972 2568 1249 2623 immerito
1302 2567 1482 2637 abyssi
1536 2579 1736 2620 nomen
1788 2562 2011 2618 invenit.

2116 2563 2425 2617 ἐκϐαίνειν·
2483 2563 2605 2617 ὅθεν
2658 2564 2754 2616 καὶ
2785 2561 3059 2638 ἄϐυσσος
3090 2564 3339 2634 εἴρηται·
3389 2563 3698 2631 ἀναγκαίας

411 2659 560 2713 Ὡιιιιι
587 2659 717 2714 huic
741 2658 1001 2713 universo
1025 2674 1162 2726 opus
1186 2666 1333 2712 esset
1358 2658 1631 2712 elemento
1656 2656 1851 2726 ignito,
1872 2653 2011 2724 quod

2116 2654 2225 2726 γὰρ
2246 2653 2412 2726 οὔσης
2444 2654 2520 2725 τῷ
2544 2654 2711 2708 παντὶ
2737 2656 2838 2724 τῆς
2869 2652 2964 2706 τοῦ
2995 2654 3167 2725 πυρὸς
3199 2654 3385 2717 οὐσίας
3421 2656 3515 2708 καὶ
3538 2655 3698 2710 ἐναν-

429 2751 714 2808 resistcrct
759 2765 935 2820 aquae,
969 2751 1316 2820 alterumque
1343 2750 1677 2805 elementum
1704 2749 1756 2803 in
1785 2749 2016 2803 alterum

418 2842 820 2903 resolveretur,
869 2857 937 2895 ne
961 2841 1293 2896 elementum
1353 2843 1496 2909 ignis
1546 2840 1823 2896 eﬂieacius
1845 2850 1897 2896 et
1924 2855 2019 2910 po-

429 2932 638 2986 tcntius
689 2931 937 3000 reliquis,
985 2933 1232 3001 aquatile
1278 2932 1609 2986 elementum
1641 2936 2015 2992 consumeret,

429 3032 484 3078 et
519 3024 761 3077 universi
794 3020 1160 3075 destructioni
1195 3022 1546 3075 occasionem
1579 3020 1867 3091 prmberet,
1895 3034 2019 3089 pro-

435 3113 587 3168 vidus
633 3111 773 3167 Deus
805 3123 1010 3166 tantam
1048 3126 1202 3179 aquae
1254 3112 1360 3163 vim
1394 3111 1700 3177 substituit,
1737 3126 1858 3180 qum
1889 3124 2017 3178 pos-

431 3215 538 3265 set.
565 3218 796 3258 manens
830 3205 973 3257 intra
1012 3202 1364 3273 praescriptos
1414 3200 1580 3269 hujus
1611 3216 1857 3271 operosa:
1900 3214 2019 3252 ma-

432 3295 613 3352 china:
640 3297 862 3357 limites,
904 3296 1065 3348 reniti
1092 3296 1365 3348 elemento
1396 3293 1560 3364 ignis,
1599 3310 1667 3348 ne
1703 3294 1924 3363 penitus
1952 3291 2019 3347 ab

433 3388 554 3457 ipso
593 3385 997 3440 absumeretur.
1030 3385 1199 3439 Isaias
1229 3385 1408 3452 inquit
1436 3402 1450 3437 :
1488 3403 1507 3436 ι
1541 3384 1811 3438 Futurum
1846 3392 1931 3438 est
1961 3390 2019 3436 ut

433 3473 618 3529 omnia
653 3474 1049 3527 comburantur
1107 3474 1233 3542 igne
1282 3472 1353 3529 ⁸⁸.
1406 3491 1425 3525 ι
1463 3471 1528 3525 Ει
1574 3473 1811 3527 iterum:
1857 3490 1876 3522 ι
1914 3470 2019 3537 Qui

432 3564 570 3619 dicit
610 3565 828 3635 abysso,
868 3562 922 3617 lu
956 3564 1308 3618 solitudinem
1350 3562 1615 3633 redigeris
1649 3564 1716 3617 ".
1761 3582 1777 3613 ι
1812 3562 1875 3615 Et
1915 3564 2019 3618 ite-

2113 2747 2237 2811 τίας
2259 2747 2338 2817 τῷ
2374 2747 2548 2812 ὕδατι,
2571 2748 2647 2811 ὡς
2678 2747 2954 2817 φθαρτικὰ
2983 2747 3274 2817 τυγχάνειν
3304 2746 3569 2817 ἀλλήλων,
3601 2748 3693 2803 NI

2121 2834 2195 2905 μὴ
2225 2835 2662 2906 δραστικώτερον
2693 2835 2940 2906 ὑπάρχον
2987 2834 3048 2888 τὺ
3094 2833 3203 2906 πῦρ
3250 2832 3562 2906 ὲξαναλώση
3590 2833 3694 2904 τὴν

2116 2926 2212 2979 τοῦ
2243 2926 2435 2990 ὓδατος
2460 2926 2645 2995 φύσιν,
2678 2926 2775 2979 καὶ
2816 2929 2880 2997 τῇ
2928 2924 3023 2979 τοῦ
3062 2927 3265 2989 παντὸς
3304 2926 3549 2978 διαλύσει
3582 2942 3697 2979 πα-

2125 3020 2305 3091 ράσχῃ
2357 3019 2455 3091 τὴν
2502 3020 2757 3090 ἀφορμὴν
2786 3061 2801 3085 ,
2853 3018 3101 3088 προνοῶν
3147 3020 3174 3071 ὁ
3228 3018 3380 3084 Θεὸς,
3426 3017 3699 3088 τοσαύτην

2120 3112 2290 3182 ὑγροῦ
2321 3111 2483 3180 φύσιν
2510 3109 2841 3180 ὑπέστησεν,
2873 3108 3019 3162 ὥστε
3066 3108 3230 3179 μέχρι
3273 3107 3381 3159 τῶν
3415 3109 3702 3175 τεταγμέ-

2117 3224 2225 3261 νων
2268 3204 2410 3273 ὅρων
2440 3203 2540 3275 τῆς
2572 3202 2668 3256 τοῦ
2717 3202 2923 3271 κόσμου
2970 3200 3284 3262 συστάσεως
3322 3201 3465 3253 κατὰ
3497 3197 3703 3273 μικρὸν

2104 3299 2182 3367 ’τῇ
2243 3295 2471 3366 δυνάμει
2524 3293 2618 3354 τοῦ
2678 3293 2849 3363 πυρὸς
2918 3294 3163 3363 ἀντέχειν
3228 3293 3695 3362 ’ἀ-λαλισκόμενον,

2121 3387 2314 3440 Ἔσται
2374 3385 2563 3456 μέντοι
2618 3385 2717 3437 καὶ
2747 3386 2835 3437 ὅτε
2880 3386 2948 3438 τά
2979 3385 3158 3438 πάντα
3200 3386 3700 3455 καταφρυγὴσεται

2115 3477 2194 3547 τῷ
2227 3478 2358 3549 πυρὶ
2395 3517 2408 3542 ,
2444 3477 2519 3541 ὣς
2569 3494 2735 3547 φησιν
2760 3477 2986 3541 Ἡσαΐας
3007 3490 3019 3503 '
3046 3496 3064 3529 ι
3087 3479 3145 3531 '0
3165 3477 3339 3546 λέγων
3368 3479 3432 3547 τῇ
3449 3478 3698 3548 ἁϐύσσῳ,

2130 3567 2496 3639 Ἐρημωθήσῃ
2517 3610 2529 3628 ,
2565 3568 2660 3621 καὶ
2698 3568 2906 3632 πάντας
2928 3569 3054 3633 τοὺς
3089 3567 3369 3639 ποταμούς
3402 3586 3494 3621 σου
3524 3568 3702 3640 ξηρα-

433 3671 556 3710 rum
596 3673 611 3709 :
642 3674 660 3706 ι
694 3654 887 3709 Omnia
910 3654 1144 3708 numina
1192 3661 1285 3707 tua
1315 3652 1539 3708 siccabo
1586 3654 1653 3706 ⁸⁷.
1691 3670 1709 3703 ι
1743 3652 2011 3707 Caeterum

2119 3657 2196 3711 νῶ
2220 3676 2233 3690 ·
2275 3676 2295 3710 ι
2325 3638 2417 3711 διὰ
2447 3638 2606 3711 τοῦτο
2639 3659 2736 3728 μὲν
2761 3653 2853 3713 οὖν
2879 3657 3085 3728 πλῇοος
3114 3659 3224 3712 τῶν
3240 3638 3478 3715 ὑδάτων.
3504 3638 3605 3713 Διά
3638 3658 3700 3713 τί

431 3744 598 3818 quam
630 3747 700 3801 ob
729 3761 951 3802 causam
987 3762 1017 3800 a
1048 3745 1158 3801 Deo
1181 3746 1424 3800 admissa
1450 3745 1523 3800 sit
1561 3754 1709 3799 tanta
1746 3759 2016 3814 aquarum

424 3839 614 3909 cepia,
662 3840 799 3894 satis
847 3838 1007 3891 modo
1056 3836 1482 3891 declaravimus.
1534 3834 1794 3891 Nascitur
1833 3844 2014 3890 tamen

418 3932 685 4001 quaestio,
719 3945 889 3999 quare
925 3942 1193 3998 aquarum
1220 3928 1486 3983 medietas
1509 3942 1677 3996 supra
1706 3926 2017 3982 ﬁrmamen-

425 4028 549 4074 tum
584 4028 848 4074 convecta
884 4019 977 4074 sit.
1009 4016 1208 4072 Verum
1237 4018 1352 4073 haec
1380 4018 1602 4073 dabitur
1629 4032 1797 4072 causa
1826 4032 1840 4070 :
1875 4015 2017 4074 Deus

399 4110 641 4173 ,lucem,
704 4110 897 4171 solem,
959 4108 1148 4161 lunam
1189 4116 1472 4177 astraque,
1504 4122 1738 4176 quorum
1769 4107 2015 4163 omnium

421 4197 747 4256 substantia
778 4196 948 4267 ignita
973 4204 1082 4260 est,
1119 4196 1396 4266 disposuit
1434 4197 1501 4250 ad
1536 4212 1661 4251 eum
1690 4196 1935 4264 modum,
1961 4210 2020 4255 ut

406 4286 639 4346 “motum
670 4303 830 4343 suum
857 4288 912 4341 in
941 4287 1286 4343 (irritamento
1310 4298 1653 4359 peragerent.
1690 4288 1759 4345 ‘At
1788 4290 1930 4360 ignis
1951 4305 2016 4347 ea

421 4391 629 4438 'natura
660 4388 766 4442 est,
824 4389 884 4434 ut
915 4379 1207 4449 congelata
1230 4388 1286 4434 et
1318 4395 1385 4434 ex
1419 4378 1578 4448 aquis
1626 4390 1882 4435 concreta
1916 4395 2017 4452 po-

418 4478 612 4527 ltenter
637 4470 870 4540 dissipet
900 4478 955 4524 et
985 4470 1273 4524 dissolvat.
1328 4468 1404 4524 Ne
1459 4468 1627 4539 igitur
1668 4469 1721 4523 id
1774 4471 2017 4525 eveniret

418 4565 572 4621 forte
597 4566 757 4631 ccelo,
795 4563 1346 4619 necessario-tantam
1379 4578 1648 4633 aquarum
1682 4562 2014 4621 alﬁuentiam

419 4661 490 4718 ιὶιι
513 4662 796 4731 superiore
822 4659 1048 4730 regione
1074 4659 1383 4726 collocavit,
1402 4674 1522 4730 quae
1553 4660 1753 4714 callum
1784 4659 2016 4714 illaesum

416 4762 485 4811 εει
521 4754 841 4809 inviolatum
876 4753 945 4807 ab
993 4752 1137 4823 ignis
1167 4751 1364 4807 ardore
1399 4761 1781 4808 conservaret.
1813 4750 2013 4807 Verum

416 4846 488 4901 Vin
509 4846 656 4899 hunc
673 4845 894 4899 modum
915 4844 1121 4915 placuit
1147 4845 1257 4901 Deo
1285 4845 1425 4899 tueri
1448 4845 1648 4901 ctelum
1672 4860 2013 4917 supremum,

416 4937 556 4995 dicet
585 4938 702 4994 sola
727 4936 848 5008 ejus
871 4937 1129 4991 voluntas
1160 4937 1206 4992 ei
1233 4937 1466 4993 salutem
1497 4946 1552 4992 et
1581 4937 2010 4994 incolumitatem

415 5039 694 5103 .‘przestare
732 5032 1024 5101 potuisset.
1057 5030 1341 5101 Siquidem
1373 5038 1430 5086 et
1463 5039 1652 5085 nostra
1674 5046 1906 5103 corpora
1930 5031 2013 5086 in-

415 5132 581 5194 ‘tegra
616 5137 838 5178 servare
866 5122 1132 5179 valuisset
1159 5123 1367 5193 absque
1403 5122 1680 5177 alimentis
1714 5141 1728 5177 :
1761 5132 1816 5177 et
1846 5122 1923 5177 ita
1946 5137 2011 5179 ea

421 5214 711 5280 ordinare,
737 5220 797 5273 ut
829 5213 967 5267 citra
998 5212 1384 5267 necessitatem
1415 5213 1800 5268 alimentorum
1832 5212 1888 5267 in
1910 5226 2009 5267 sua

424 5304 743 5375 integritate
772 5313 1174 5376 permanerent.
1220 5303 1389 5373 quue
1421 5305 1719 5369 evenisset,
1765 5304 1809 5360 si
1844 5288 2009 5358 modo

422 5397 682 5452 voluntas
707 5397 828 5467 ejus
850 5397 928 5453 rei
960 5396 1255 5454 eﬂiciendae
1282 5394 1567 5452 adfuisset.
1601 5396 1797 5452 Verum
1834 5394 1889 5449 in
1927 5393 2008 5448 l‘u-

429 5493 556 5538 turo
588 5487 788 5540 saeculo
815 5487 865 5541 id
888 5487 1190 5558 continget.
1216 5487 1385 5556 Aquae
1407 5501 1571 5557 supra
1604 5486 2009 5541 ﬁrmamentum

416 5575 660 5642 collatae,
686 5591 795 5632 non
848 5579 1025 5634 solum
1064 5579 1225 5650 primi
1278 5579 1403 5633 caeli
1450 5566 2007 5633 incolumitatcm'tu-

2036 5002 2088 5058 ἶ)

2116 3749 2170 3802 δὲ
2198 3750 2292 3804 καὶ
2325 3751 2464 3821 ὑπὲρ
2493 3750 2554 3803 τὸ
2602 3751 2890 3822 στερέωμα
2924 3751 3098 3821 ἥμισυ
3142 3751 3236 3806 τοῦ
3265 3751 3457 3816 ὓδατος
3493 3752 3696 3806 άναῦέ-

2116 3841 2322 3914 6>.ητο;
2370 3841 2561 3913 ἐπειδὴ
2592 3841 2691 3913 τὴν
2722 3842 2815 3896 τοῦ
2851 3844 3027 3909 φωτὸς
3061 3843 3247 3897 οὑσίαν
3279 3843 3378 3915 τὴν
3410 3842 3503 3896 τοῦ
3539 3843 3695 3915 ἡλίου

2116 3930 2261 4002 φημὶ
2290 3931 2383 3983 καὶ
2412 3931 2644 4001 σελήνης
2669 3932 2763 3984 καὶ
2789 3931 3005 4000 ἄστρων
3033 3929 3254 4001 πυρώδη
3283 3947 3342 3983 τε
3368 3930 3462 3984 καὶ
3493 3929 3698 3999 πολλὴν

2117 4021 2284 4077 οὖσαν
2333 4023 2429 4076 ἐπὶ
2479 4022 2573 4076 τοῦ
2626 4021 3007 4094 στερεώματος
3058 4022 3244 4076 ἔταττε
3282 4022 3551 4076 ποιεῖσθαι
3592 4021 3697 4092 τὴν

2116 4114 2358 4185 κίνησιν.
2416 4117 2584 4179 Φύσις
2639 4116 2697 4170 δὲ
2743 4115 2817 4186 τῷ
2867 4117 3003 4186 πυρὶ
3031 4115 3129 4186 τὴν
3177 4115 3562 4188 κρυσταλλώδη
3597 4116 3696 4169 καὶ

2117 4204 2174 4271 ἐξ
2209 4204 2419 4259 ὑδάτων
2463 4208 2780 4277 πεπηγυῖαν
2818 4206 3042 4269 οὐσίαν,
3101 4204 3264 4276 οἷπερ
3321 4207 3535 4277 ἐστινὴ
3591 4206 3693 4258 τοῦ

2121 4296 2506 4369 στερεὼματος
2563 4297 2799 4369 χαυνοῦν
2852 4315 2912 4352 τε
2944 4298 3043 4351 καὶ
3086 4297 3355 4351 διαλύειν·
3389 4297 3465 4359 ὡς
3510 4296 3576 4351 ἂν
3616 4298 3694 4368 μὴ

2116 4390 2278 4445 τοῦτο
2316 4391 2529 4459 γένοιτο
2571 4390 2700 4461 περὶ
2735 4389 2825 4443 τὸν
2854 4388 3124 4457 ὀὑρανδν,
3179 4389 3493 4457 ἀναγκαίως
3542 4390 3695 4461 αὑτῷ

2117 4482 2388 4554 τοσαύτην
2422 4481 2787 4553 ὑπερκεῖσθαι
2836 4480 2931 4534 τοῦ
2962 4476 3157 4544 ὓδατος
3199 4480 3467 4550 πεποίηκε
3504 4481 3692 4549 φύσιν,

2116 4575 2216 4644 ὅση
2244 4572 2545 4638 διασώζειν
2602 4572 2856 4644 ἀλκαίριον
2908 4572 3179 4643 ἣμελλεψ
3210 4569 3353 4625 οὑτω
3407 4572 3501 4625 τοῦ
3551 4571 3692 4626 Θεοῦ

2119 4665 2415 4736 φυλάττειν
2446 4665 2610 4718 αὑτὸν
2638 4663 3053 4733 εὑδοκὴσαντος,
3074 4664 3241 4758 egeat
3264 4664 3400 4735 μόνη
3438 4663 3691 4734 βουλήσει

2111 4757 2275 4812 τοῦτο
2302 4757 2569 4829 πράττειν
2602 4756 2856 4827 meum,
2874 4755 3124 4826 καθάπερ
3155 4756 3249 4808 τὸν
3281 4756 3497 4826 πρῶτον
3525 4757 3692 4827 οὑρα-

2115 4848 2226 4904 νόν.
2267 4848 2422 4903 Ἐπεὶ
2473 4848 2569 4903 καὶ
2625 4847 2724 4919 τὴν
2778 4850 3053 4919 ἡμετέραν
3112 4848 3290 4919 σάρκα
3337 4849 3432 4902 καὶ
3484 4851 3695 4921 τροφῆς

2116 4940 2285 5011 χωρὶς
2326 4940 2614 5005 διασώζειν
2649 4940 2882 5009 ἠδύνατο
2909 4942 3007 4994 καὶ
3042 4940 3225 5011 μένειν
3258 4941 3359 4993 ἐπὶ
3395 4939 3490 4993 τοῦ
3522 4941 3690 4995 αὑτοῦ

2118 5030 2565 5101 παρασκευάσαι,
2601 5029 2629 5083 ὃ
2655 5030 2720 5101 δὴ
2770 5032 2866 5085 καὶ
2898 5032 2990 5084 ὲπὶ
3030 5031 3126 5083 τοῦ
3157 5014 3444 5101 μέλλοντος
3497 5031 3693 5095 αἰῶνος

2112 5123 2440 5192 ἐργάσεται.
2476 5123 2559 5177 Τά
2588 5122 2642 5175 δὲ
2687 5123 3017 5194 ἐπικείμενα
3065 5120 3235 5174 ’ὑδατα
3280 5122 3342 5175 οὑ
3378 5123 3539 5192 μόνον
3569 5139 3695 5175 συν.

2114 5215 2277 5284 τηρεῖ
2303 5213 2394 5268 τὸν
2437 5213 2687 5283 οὐρανὸν,
2727 5211 2865 5267 ἀλλὰ
2915 5214 3010 5266 καὶ
3054 5212 3154 5285 τὴν
3183 5212 3360 5283 φλόγα
3400 5213 3494 5268 τοῦ
3537 5213 3690 5283 ἡλίου

2113 5308 2210 5360 καὶ.
2242 5306 2472 5379 σελήνης
2524 5308 2675 5361 κάτω
2728 5307 2965 5378 πέμπει·
2997 5308 3046 5360 εί
3094 5306 3206 5377 γὰρ
3250 5301 3318 5378 ἡν
3354 5306 3622 5376 διαφανὴς
3666 5309 3695 5360 ὁ

2114 5397 2365 5467 οὐρανὸς,
2403 5398 2502 5470 ὅλη
2561 5398 2674 5453 ἄνω
2719 5398 2940 5471 ἔτρεχεν
2995 5400 3032 5470 ἡ
3079 5400 3262 5470 αὑγήσ
3322 5399 3383 5452 τὸ
3416 5399 3524 5469 γάρ
3582 5397 3693 5469 πῦρ

2116 5491 2396 5563 ὰνωφερές
2418 5507 2433 5522 ο
2458 5490 2751 5564 ὲπυκνώθη
2775 5494 2957 5547 τοίνυν
2994 5496 3107 5557 τοῖς
3138 5491 3347 5547 ἄνωθεν
3387 5491 3576 5545 ὕδασιν
3617 5492 3695 5555 ὡς

2116 5584 2332 5656 άντωθῇ
2365 5584 2464 5656 τὴν
2501 5584 2680 5656 αὐγὴν
2711 5585 2848 5658 πρὸς
2876 5585 2945 5640 τά
2968 5585 3121 5641 κάτω
3150 5587 3369 5657 χωρεῖν.

424 5675 635 5734 tantur,
666 5668 761 5724 sed
786 5677 841 5725 et
866 5666 1033 5726 aliam
1063 5672 1267 5728 habent
1290 5671 1759 5750 commoditatem,
1794 5672 2007 5728 scilicet
2045 5676 2194 5746 quod
2225 5678 2359 5736 solis
2400 5677 2656 5751 lunaeque
2692 5677 2877 5735 radios
2923 5677 3185 5737 deorsum
3262 5673 3570 5747 impellunt,
3635 5681 3697 5729 ut

498 5778 546 5811 ⁸³
585 5778 693 5837 lsa.
725 5796 921 5852 xxxtn,
959 5782 1049 5837 ιε.
1123 5785 1168 5816 ³⁸
1210 5783 1311 5841 lsa.
1352 5799 1463 5854 xu,
1496 5783 1581 5838 18.

1662 5785 1707 5818 ³⁷
1748 5782 1849 5842 lsa.
1893 5800 2005 5853 ιιι,
2046 5783 2098 5839 6.
