3922 6230
388 319 458 383 75
1699 314 2048 376 PROCOPII
2108 316 2349 377 GAZAZI
3092 368 3100 374 .
3566 312 3640 375 76

382 433 587 488 iterum
619 430 981 503 applicentur,
1018 426 1164 499 quod
1198 426 1419 499 quidem
1454 425 1814 480 Ecclesiastes
1855 424 1964 479 evi-

2082 424 2340 496 ’Δλλαχοῦ
2385 426 2418 496 ὴ
2452 423 2641 495 Γραφή
2668 439 2683 457 ·
2710 442 2728 476 ι
2760 424 2830 478 Ἥ
2848 422 2950 494 ἐμὲ
2978 420 3039 475 οὐ
3062 420 3436 492 φοϐηθήσεσθε
3461 418 3643 487 ,λέγει

387 525 581 579 denter
602 523 760 581 docet
787 523 939 578 hisce
965 522 1146 576 verbis
1178 540 1189 574 :
1224 539 1243 572 ι
1276 518 1469 573 Omnia
1499 514 1726 571 ﬂumina
1756 516 1960 571 vadunt

2068 516 2292 589 Κύριος,
2309 516 2400 570 τὸν
2420 515 2638 571 τιθέντα
2663 514 2847 588 ἄμμον
2865 515 3011 586 ὃριον
3028 516 3093 585 τῇ
3114 512 3418 586 θαλάσσῃ.)
3437 513 3502 566 Ἦ
3532 513 3644 585 γὰρ

388 617 445 671 in
477 631 646 680 mare,
698 622 752 670 et
803 629 951 668 mare
998 613 1177 682 ipsum
1222 626 1333 666 non
1380 610 1639 680 impletur
1664 612 1728 662 “.
1763 628 1783 660 ι
1820 608 1963 663 Alibi

2071 608 2138 663 ἂν
2162 608 2401 678 Ἐρυθρὰ
2450 607 2692 663 Θάλασσα
2738 608 2838 679 τὴν
2894 608 3167 674 Αιγυπτον
3193 607 3412 660 ἃπασαν
3449 620 3649 658 ταπειο

387 722 609 777 quoque
639 706 823 777 inquit
853 705 1137 774 Scriptura
1170 720 1185 757 :
1228 720 1247 755 ι
1289 702 1372 755 An
1413 716 1498 755 me
1521 717 1629 756 non
1672 700 1964 763 timehitis,

2071 698 2302 771 νοτέραν
2331 698 2497 754 οὖσαν
2528 698 2850 753 ἐπέκλυσεν.

386 800 519 855 dicit
542 796 839 854 Dominus?
873 803 966 850 aut
1012 810 1042 849 a
1079 793 1219 849 facie
1247 808 1366 864 mea
1415 810 1519 849 non
1549 792 2024 851 eontremiseetis?
2062 794 2159 865 qui
2219 793 2378 864 posui
2427 807 2650 847 arenam
2680 793 2974 849 terminum
3041 790 3212 847 maris
3274 790 3329 846 in
3377 798 3645 847 statutum

389 906 733 965 perpetuum,
765 906 866 946 nec
894 889 1147 957 transibit
1176 904 1301 944 eum
1332 890 1399 941 ⁸⁸.
1438 907 1457 940 ι
1484 886 1547 945 Ni
1594 890 1740 944 enim
1770 866 1954 945 divina
2010 886 2361 944 Providentia
2390 888 2537 943 intra
2568 888 2911 959 praestitutos
2950 886 3218 945 terminos
3284 888 3461 940 maria
3501 902 3651 942 con--

388 984 663 1045 tinuissct,
698 982 946 1052 profecto
994 998 1144 1039 mare
1209 983 1454 1057 Rubrum
1506 984 1819 1041 universam
1856 983 2173 1055 Egyptutn,
2196 984 2358 1053 cujus
2384 987 2525 1040 situs
2555 983 2815 1041 humilior
2846 992 2932 1039 est
2977 982 3095 1045 illo,
3154 996 3426 1051 aquarum
3476 982 3647 1041 inun-

385 1075 609 1132 datione
638 1058 950 1129 deievisset.
2390 1116 2393 1119 λ

454 1169 723 1224 Mirantur
748 1168 939 1240 aliqui,
960 1185 1081 1240 quae
1106 1170 1281 1241 possit
1309 1167 1582 1239 assignari
1620 1163 1784 1230 ratio,
1809 1160 1958 1233 quod

2132 1159 2256 1224 Πῶς
2308 1160 2368 1214 δὲ
2422 1162 2505 1225 είς
2569 1163 2700 1233 μίαν
2742 1163 3066 1237 συναγωγὴν
3114 1166 3499 1233 κελευσθέντος
3546 1169 3645 1223 τοῦ

385 1258 584 1314 dixerit
620 1258 763 1313 Deus
793 1277 807 1313 :
848 1278 867 1310 ι
900 1259 954 1313 In
991 1275 1155 1315 unam
1182 1260 1566 1315 collectionem
1597 1266 1964 1327 congregetur

2066 1251 2272 1317 ὓδατος,
2299 1253 2378 1315 εἰς
2398 1252 2493 1316 τὰς
2534 1255 2853 1323 συναγωγὰς
2882 1257 3083 1324 αὐτῶν,
3102 1259 3270 1329 φησὶ,
3304 1260 3542 1331 συνήχθη
3572 1262 3649 1314 τὰ

387 1366 527 1422 aqua
553 1366 568 1416 ;
613 1368 632 1402 ι
671 1348 869 1406 deinde
893 1350 1241 1421 subjunxerit
1269 1371 1282 1406 :
1312 1369 1331 1402 ι
1364 1350 1421 1405 1η
1450 1350 1808 1406 collectiones
1833 1360 1964 1402 suas

2068 1338 2262 1402 ὕδατα.
2287 1340 2383 1394 καὶ
2413 1341 2629 1406 πλείους
2656 1345 2711 1396 αἱ
2736 1343 3003 1399 θάλασσαι
3024 1346 3341 1416 φαίνοντας
3378 1350 3494 1403 Μία
3543 1350 3649 1420 μὲν

386 1449 729 1512 congregata:
760 1453 893 1503 sunt
924 1457 1101 1511 aquas.
1128 1461 1145 1493 ι
1175 1440 1250 1496 Ex
1283 1442 1369 1498 his
1395 1442 1521 1496 licet
1551 1439 1832 1509 conjicere
1854 1450 1964 1491 non

2066 1426 2158 1485 οὖν
2188 1430 2406 1503 εἴρηται
2430 1434 2722 1506 συναγωγὴ
2752 1436 3233 1510 άντιδιαιρῡυμένη
3270 1443 3337 1511 τῇ
3373 1440 3537 1512 ξηρᾷν
3565 1440 3649 1506 ὡς

386 1549 557 1589 unum
599 1550 718 1590 esse
745 1549 919 1598 mare,
949 1534 1041 1588 sed
1073 1534 1329 1603 plurima.
1384 1533 1479 1588 Sic
1512 1528 1911 1601 respondemus
1944 1545 1958 1582 :

2070 1521 2201 1592 μίαν
2252 1523 2352 1593 μὲν
2385 1516 2524 1577 εἶναι
2569 1523 2736 1595 κοινῷ
2792 1525 2942 1598 λόγῳ
2970 1527 3071 1598 τὴν
3116 1529 3245 1599 γῆν,
3276 1530 3405 1600 μίαν
3447 1531 3504 1583 δὲ
3540 1530 3649 1603 τὴν

385 1629 663 1696 Aquarum
694 1626 948 1681 collectio
972 1640 1077 1679 una
1108 1624 1328 1699 quidem
1361 1632 1556 1678 vocata
1590 1610 1675 1680 est
1703 1627 1960 1691 respectu

2068 1613 2346 1670 θάλασσαν
2370 1630 2384 1646 θ
2419 1615 2518 1686 μία
2550 1616 2608 1669 δὲ
2637 1613 2771 1671 οὖσα
2798 1618 3095 1689 διαιρέσεις
3131 1621 3245 1691 ἔχει
3278 1626 3373 1677 καὶ
3406 1623 3650 1688 κόλπους

386 1715 578 1779 ιιι-ἱιίτο,
612 1731 734 1788 quae
762 1726 816 1771 et
836 1716 955 1784 ipsa
984 1730 1091 1771 una
1112 1724 1216 1770 est.
1246 1713 1315 1770 Ut
1347 1722 1490 1770 terra
1527 1729 1656 1778 una,
1692 1712 1771 1767 sic
1793 1712 1959 1767 etiam

2067 1707 2294 1771 πολλοὺς
2343 1707 2440 1773 οὓς
2478 1708 2753 1773 θαλάσσας
2794 1711 3022 1767 ἐκάλεσε
3045 1730 3059 1745 ’
3106 1715 3202 1768 καὶ
3238 1716 3337 1786 τὴν
3377 1716 3648 1789 Ἐρυθρὰν

386 1820 555 1858 unum
585 1805 787 1858 dicitur
820 1820 994 1859 mare.
1024 1803 1285 1871 Quamvis
1324 1817 1457 1858 vero
1490 1817 1658 1856 unum
1694 1801 1788 1864 sit,
1818 1799 1961 1853 reci-

2066 1799 2171 1870 γὰρ
2197 1801 2294 1854 καὶ
2321 1801 2617 1873 Ὑρκανίαν
2641 1806 2706 1873 τῇ
2743 1805 2958 1878 μεγάλῃ
3004 1779 3451 1878 συνεστομῶσθαί
3479 1779 3650 1878 φασιν

384 1898 466 1966 pit
494 1906 678 1950 tamen
715 1896 1018 1950 divisiones
1052 1896 1251 1952 multas
1279 1894 1589 1964 multosque
1619 1894 1797 1959 sinus,
1821 1905 1963 1962 quos

2066 1894 2112 1945 oi
2148 1891 2248 1963 τὴν
2295 1894 2400 1964 γῆν
2458 1895 2925 1965 περιοδεύσαντες.
2990 1899 3100 1953 Καὶ
3162 1899 3353 1972 ὥσπερ
3413 1903 3648 1972 οὐρανὸς

386 1986 556 2039 maria
604 1985 945 2056 appellitant.
1005 1984 1111 2051 Qui
1163 1994 1434 2039 terrarttm
1465 1984 1656 2038 orbem
1700 1996 1960 2054 peragra-

384 2084 533 2140 runt,
568 2084 874 2132 memorant
925 2091 1075 2132 mare
1105 2075 1351 2134 Rubrum
1387 2086 1441 2131 et
1474 2077 1784 2148 Hyrcanum
1827 2090 1963 2130 con-

378 2166 534 2237 jungi
561 2167 815 2222 faucibus
849 2167 1025 2239 magni
1068 2167 1254 2222 maris.
1291 2165 1464 2222 Sicuti
1504 2166 1703 2222 caelum
1735 2165 1959 2236 quidem

386 2276 553 2314 unum
588 2266 672 2315 est
716 2259 819 2315 sub
876 2259 1240 2324 ﬁrmamento,
1294 2264 1538 2311 attamen
1589 2256 1809 2327 plurimi
1835 2263 1964 2309 sunt

385 2352 487 2408 sub
538 2367 604 2407 eo
654 2355 708 2407 in
768 2350 888 2406 suis
941 2350 1079 2406 locis
1116 2359 1173 2405 et
1210 2348 1525 2420 regionibus
1570 2348 1852 2414 distincti;
1890 2348 1962 2402 ita

385 2460 555 2499 unum
588 2443 810 2515 quidem
844 2457 995 2496 mare
1046 2449 1132 2496 est
1168 2456 1447 2512 magnum,
1499 2438 1646 2511 quod
1681 2438 1963 2493 nominaut

383 2536 689 2600 Oceanum,
726 2551 793 2590 ex
825 2550 934 2606 quo
963 2533 1188 2588 ﬂumina
1217 2544 1271 2587 ct
1290 2532 1653 2602 scaturigines
1675 2530 1963 2599 fonteSque

385 2626 691 2699 pl'OCl‘dlllll
723 2626 775 2679 in
816 2625 936 2680 loca
983 2623 1136 2681 orbis
1188 2622 1571 2693 profundiora,
1608 2637 1728 2691 qua:
1765 2620 1964 2676 deinde

384 2721 612 2790 gignunt
648 2732 891 2789 aequora,
955 2715 1203 2783 aliasque
1247 2729 1516 2785 aquarum
1576 2714 1960 2779 collectiones,

385 2828 521 2882 quas
555 2810 838 2879 Scriptura
870 2824 1029 2865 sacra
1085 2807 1288 2862 assolet
1342 2821 1539 2861 vocare
1593 2808 1794 2861 maria.
1826 2804 1966 2861 Sunt

386 2912 565 2957 autem
602 2899 736 2955 nihil
775 2898 947 2966 aliud,
980 2911 1144 2969 quam
1174 2896 1364 2957 fauces
1396 2895 1648 2967 quaedam
1683 2896 1799 2950 sive
1839 2896 1963 2963 rivi,

385 2993 637 3061 ostiaquc
692 2990 874 3060 magni
931 2990 1121 3044 maris.
1179 2988 1426 3053 Aridam,
1483 3004 1608 3057 qua:
1655 2988 1845 3042 eadem
1878 2995 1965 3044 est

386 3097 512 3135 cum
549 3089 721 3143 terra,
757 3079 865 3133 alio
917 3080 1154 3149 quodam
1202 3094 1366 3133 sensu
1422 3077 1745 3137 diﬂ'erentiaa
1787 3078 1963 3148 gratia

388 3174 546 3228 ιῐίλὶι.
611 3171 678 3227 Ut
725 3172 869 3227 enim
922 3170 1136 3225 risibile
1166 3171 1445 3241 proprium
1497 3179 1581 3225 est
1617 3171 1881 3234 hominis,
1913 3181 1967 3225 et

388 3268 544 3319 homo
585 3273 669 3321 est
696 3277 893 3317 nomen
923 3278 1018 3316 seu
1052 3278 1153 3316 vox
1183 3263 1303 3332 ejus
1327 3263 1603 3330 animalis,
1633 3263 1722 3317 cui
1756 3263 1966 3325 risibile

393 3357 533 3411 inest
567 3397 582 3419 ,
633 3356 714 3410 sic
773 3354 1000 3409 ariditas
1024 3359 1113 3408 est
1156 3354 1438 3424 proprium
1481 3362 1665 3418 terrm,
1714 3365 1968 3423 terraque

392 3448 699 3500 ariditatem
734 3443 891 3515 quasi
926 3445 1282 3515 peculiariter
1307 3445 1493 3513 habet.
1523 3443 1820 3514 Frigiditas
1844 3446 1966 3515 qui-

392 3542 514 3595 dem
564 3556 783 3610 quoque
824 3538 1053 3593 inhaeret
1105 3548 1282 3605 terrae,
1313 3538 1408 3594 sed
1460 3552 1568 3591 non
1602 3546 1763 3592 terrm
1808 3536 1966 3608 quasi

392 3633 670 3704 proprium
705 3639 997 3685 censetur:
1041 3629 1150 3683 imo
1182 3645 1300 3684 eam
1355 3630 1680 3700 qualitatem
1721 3644 1967 3693 commu-

390 3741 513 3780 nem
549 3722 790 3792 possidet
816 3737 939 3776 cum
970 3737 1132 3791 aqua.
1166 3720 1234 3777 Ut
1260 3736 1401 3792 aqua
1426 3719 1781 3791 {rigiditatem
1806 3737 1969 3791 pecu-

391 3817 601 3871 iiaritcr
632 3822 803 3879 tenet,
852 3812 934 3869 sic
991 3812 1339 3867 lmmiditatis
1373 3827 1496 3866 cum
1535 3826 1662 3866 aere
1691 3812 1967 3881 particeps

392 3908 732 3977 perhibetur.
785 3902 856 3960 Ut
893 3920 987 3959 aer
1026 3920 1124 3959 ceu
1176 3904 1455 3974 proprium
1491 3902 1686 3957 retinet
1723 3900 1967 3955 humidi-

392 4007 577 4061 tntem,
614 3998 695 4053 sic
728 3996 887 4066 quasi
923 4010 1017 4063 per
1060 3997 1355 4064 quamdam
1389 3995 1708 4051 societatem
1744 3994 1812 4048 ab
1844 3993 1968 4063 igne

391 4092 625 4146 talorem
662 4090 852 4144 trahit.
881 4088 954 4144 Ut
993 4089 1139 4159 ignis
1169 4103 1269 4142 ceu
1303 4088 1583 4158 proprium
1635 4087 1739 4142 sibi
1787 4086 1963 4142 vindi-

391 4189 481 4236 cat
535 4180 798 4242 calorem,
859 4179 940 4233 sic
999 4194 1121 4233 cum
1175 4185 1325 4232 terra
1373 4178 1608 4247 partitur
1654 4177 1965 4231 ariditatem

358 4250 558 4343 'quam
583 4281 729 4326 terra
762 4271 1092 4341 peculiarem
1124 4270 1321 4339 adepta
1342 4278 1447 4324 est.
1486 4270 1551 4322 Et
1584 4269 1639 4322 in
1676 4268 1822 4323 hunc
1853 4283 1970 4323 mo-

392 4369 521 4420 dum
554 4364 661 4434 22
705 4371 851 4432 patet
881 4362 1115 4434 singulis
1138 4360 1423 4416 clementis
1456 4359 1590 4431 quid
1631 4361 1812 4415 inesse
1838 4375 1968 4430 pro—

2061 1984 2260 2048 κοινῶς
2291 1984 2392 2055 μὲν
2421 1988 2450 2039 ὁ
2488 1982 2591 2053 εἷς,
2621 1990 2649 2041 ὁ
2700 1988 2804 2042 ὑπὸ
2825 1989 2887 2042 τὸ
2920 1991 3208 2061 στερέωμα
3239 1994 3368 2056 πᾶς,
3405 1994 3550 2055 ἰδίως
3584 1995 3647 2048 δὲ

2063 2075 2285 2157 πλείους
2324 2079 2373 2131 οἱ
2398 2079 2456 2131 ὲν
2487 2077 2661 2151 τούτῳ
2702 2080 3024 2152 διῃρημένοι
3051 2097 3064 2112 ’
3101 2083 3274 2146 οὕτως
3314 2086 3411 2155 μία
3448 2086 3551 2155 μὲν
3606 2089 3641 2157 ἡ

2065 2169 2279 2241 μεγάλη
2301 2170 2605 2241 καθέστηκε
2623 2170 2864 2226 θάλασσα
2891 2175 2920 2227 6
2950 2174 3221 2241 Ὠκεανὸς,
3256 2176 3315 2242 te
3335 2170 3398 2230 οὗ
3426 2178 3645 2231 διεκϐο-

2061 2261 2151 2313 λαί
2188 2279 2333 2327 τινες
2361 2263 2634 2335 χωροῦσιν
2668 2266 2749 2330 είς
2770 2267 2970 2329 τόπους
3010 2266 3215 2336 βαθεῖς,
3244 2269 3301 2334 ἐξ
3326 2263 3402 2322 ὧν
3432 2270 3499 2323 τὰ
3537 2288 3645 2323 πε-

2060 2353 2203 2422 λάγη
2222 2355 2561 2421 συνίσταται,
2578 2358 2920 2426 συναγωγαί
2935 2360 3028 2413 καὶ
3047 2359 3347 2415 θάλασσαι
3370 2362 3559 2434 Γραφῇ
3572 2367 3644 2436 τῇ

2064 2443 2187 2516 θείᾳ
2213 2445 2510 2517 λεγόμενα,
2556 2448 2757 2518 ῥύακές
2784 2467 2932 2513 τινες
2983 2452 3077 2505 καὶ
3125 2453 3370 2523 στόματα
3403 2455 3503 2523 τῆς
3545 2474 3649 2526 με-

2062 2536 2235 2606 γάλης
2264 2535 2423 2595 οὖσαι
2458 2541 2803 2609 συναγωγῆς.
2868 2542 2979 2611 Τὴν
3007 2542 3065 2596 δὲ
3100 2544 3272 2615 ξηρὰν
3310 2548 3377 2616 τῇ
3423 2549 3494 2617 γῇ
3541 2546 3649 2617 τὴν

2063 2626 2236 2697 αὐτὴν
2286 2624 2452 2682 οὖσαν
2497 2630 2620 2684 καθ’
2674 2631 2871 2702 ἑτέραν
2913 2633 3158 2687 ἐπίνοιαν
3204 2635 3477 2705 διαφόρως
3509 2636 3649 2690 ὠνόο

2066 2732 2261 2786 μασεν.
2305 2718 2392 2783 Ὠς
2421 2721 2531 2790 γάρ
2557 2720 2618 2772 τὸ
2644 2720 2966 2789 γελαστικὸν
2996 2723 3125 2777 ἴδιόν
3158 2727 3307 2779 ἐστιν
3327 2726 3644 2798 ἀνθρώπου,

2062 2809 2096 2878 ἡ
2122 2808 2177 2860 δὲ
2204 2808 2515 2878 ἄνθρωπος
2536 2811 2685 2883 φωνὴ
2709 2813 3015 2886 σημαντικὴ
3036 2811 3130 2868 τοῦ
3152 2815 3312 2883 ζὼου,
3337 2812 3381 2887 ᾧ
3407 2819 3646 2889 ὑπάρχει

2062 2898 2123 2950 τὸ
2152 2898 2314 2951 ἴδιονο
2348 2899 2490 2953 οὕτω
2521 2904 2614 2955 καὶ
2640 2903 2700 2957 τὸ
2746 2904 2913 2975 ξηρὸν
2941 2906 3072 2960 ίδιον
3100 2908 3199 2978 τῆς
3234 2909 3337 2978 γῆς
3372 2910 3467 2964 καὶ
3494 2910 3647 2975 ἐξαί-

2066 3006 2222 3060 ρετον
2246 3006 2259 3019 ’
2297 2990 2411 3062 ἔχει
2442 2992 2498 3045 δὲ
2532 2994 2629 3047 καὶ
2669 2994 2729 3047 τὸ
2757 2995 2987 3067 ψυχρὸν,
3032 2998 3169 3052 ἀλλὰ
3204 3002 3382 3054 κοινὸν
3413 3002 3549 3074 πρὸς
3583 3006 3649 3057 τὸ

1991 3114 2037 3174 C
2067 3082 2212 3155 ὕδωρ
2236 3100 2249 3113 ·
2283 3083 2357 3147 ὡς
2378 3085 2555 3139 ἐκεῖνο
2581 3088 2742 3140 τοῦτο
2779 3087 2910 3141 ἴδιον
2939 3090 3083 3159 ἔχον,
3120 3092 3298 3145 κοινὸν
3337 3092 3482 3163 ἔχειν
3509 3096 3652 3166 πρὸς

2067 3175 2207 3245 ἀέρα
2230 3176 2290 3228 τὸ
2315 3177 2481 3247 ὑγρόν
2503 3179 2550 3232 ⁹ὁ
2592 3179 2648 3233 δὲ
2672 3179 2733 3233 τὸ
2763 3181 2929 3251 ὑγρὸν
2976 3182 3107 3237 ἴδιον
3138 3184 3297 3253 ἔχων,
3323 3186 3501 3240 κοινὸν
3530 3188 3651 3259 ἔχει

2068 3267 2206 3337 πρὸς
2238 3267 2298 3321 τὸ
2341 3268 2450 3339 πῦρ
2481 3268 2542 3322 τὸ
2591 3268 2825 3342 θερμόν·
2860 3274 2955 3327 καὶ
2984 3274 3044 3328 τὸ
3090 3274 3204 3347 πῦρ
3257 3275 3385 3330 ἴδιον
3431 3278 3553 3348 ἕχον
3587 3280 3655 3334 τὸ

2068 3356 2292 3428 θερμὸν,
2317 3360 2494 3414 κοινὸν
2533 3360 2645 3431 ἔχει
2693 3362 2831 3433 πρὸς
2884 3364 2986 3433 τὴν
3030 3365 3135 3435 γῆν
3176 3365 3236 3420 τὸ
3271 3366 3457 3439 ξηρὸν,
3506 3370 3652 3440 ὅπερ

2068 3447 2283 3519 ἐκείνης
2309 3449 2650 3520 καθέστηκεν
2681 3451 2813 3505 ἴδιον
2836 3468 2850 3482 ·
2878 3455 2971 3506 καὶ
2994 3453 3171 3518 οὕτως
3202 3457 3420 3527 ἑκάστῳ
3451 3458 3513 3511 τὸ
3544 3460 3650 3529 μὲν

2070 3538 2222 3603 ῐδιον,
2255 3540 2316 3592 τὸ
2364 3541 2421 3596 δὲ
2472 3542 2649 3596 κοινὸν
2682 3544 3015 3614 ἐνυπάρχειο
3065 3548 3207 3601 κατὰ
3255 3548 3354 3618 μὲν
3398 3550 3459 3602 τὸ
3513 3551 3650 3604 ί”δ.ον

2075 3629 2456 3702 ἀφοριζομένῳ
2493 3633 2601 3689 τῶν
2653 3634 2851 3699 ἄλλων,
2886 3639 3274 3710 συναπτομένῳ
3304 3639 3361 3693 δὲ
3405 3641 3542 3694 κατὰ
3583 3643 3650 3697 τὸ

2068 3720 2248 3774 κοινὸν
2276 3725 2389 3787 τοῖς
2421 3723 2647 3795 πλησίον
2678 3726 3039 3798 ὑπάρχουσιν.
3068 3729 3216 3783 Ἔδει
3254 3730 3361 3802 γάρ
3383 3726 3523 3786 εἶναι
3550 3734 3651 3787 καὶ

2066 3810 2500 3883 διακεκριμένα,
2551 3813 2627 3879 ὡς
2682 3815 2748 3868 ἂν
2794 3816 2893 3888 τὴν
2941 3817 3077 3873 ίδίαν
3117 3820 3279 3888 φύσιν
3324 3809 3649 3891 φυλάττοιεν

2068 3904 2163 3956 καὶ
2198 3904 2602 3976 συναπτόμενα,
2633 3906 2707 3970 ὼς
2737 3908 2802 3962 ἂν
2831 3911 2895 3963 ἐκ
2929 3909 3131 3965 τούτων
3159 3914 3191 3982 ἠ
3228 3913 3338 3967 τῶν
3373 3916 3648 3985 σωμάτων

2071 3995 2319 4060 σύνθεσις
2353 3998 2586 4066 γένοιτο,
2611 3999 2861 4071 ἀλλήλοις
2891 4002 2981 4056 ἀεὶ
3003 4003 3145 4057 κατὰ
3173 4004 3271 4074 τὴν
3307 4004 3488 4076 κοινὴν
3519 4023 3648 4059 συν-

2068 4087 2403 4158 απτομὲνοις
2458 4090 2757 4161 ποιότητα·
2815 4091 3009 4163 διόπερ
3063 4095 3091 4147 ὁ
3141 4094 3275 4158 Θεὸς
3320 4096 3420 4164 τὴν
3472 4096 3648 4168 ξηρὰν

2068 4177 2291 4233 ὲκάλεσε
2321 4177 2460 4248 γῆν,
2510 4178 2623 4232 ἀλλ’
2653 4178 2713 4233 οὐ
2741 4178 2840 4252 τὴν
2886 4180 2990 4247 γῆν
3046 4179 3273 4234 ἐκάλεσε
3303 4182 3496 4251 ξηράν
3519 4200 3532 4214 ⁸
3583 4184 3648 4237 τὸ

2070 4266 2173 4337 μὲν
2201 4268 2310 4340 γὰρ
2346 4268 2547 4338 ἰδίωμα
2576 4270 2673 4323 καὶ
2715 4271 3215 4340 χαρακτηριστικόν
3248 4274 3362 4325 ἐστι
3401 4272 3499 4341 τῆς
3538 4274 3645 4341 φύ-

2069 4376 2227 4423 σεως,
2261 4361 2296 4430 ἡ
2332 4359 2389 4413 δὲ
2442 4358 2516 4429 γῆ
2571 4359 2703 4431 ψιλὴ
2751 4361 3094 4432 προσηγορία
3138 4361 3232 4416 τοῦ
3282 4363 3643 4432 πράγματοςο

394 4458 599 4527 prium,
636 4464 689 4511 et
715 4454 844 4526 quid
873 4454 1017 4525 quod
1044 4469 1168 4508 cum
1196 4455 1408 4507 caeteris
1431 4452 1630 4506 habent
1655 4467 1964 4507 commune.

2070 4450 2162 4502 καὶ
2188 4449 2262 4512 ὡς
2291 4451 2389 4520 μὲν
2429 4451 2534 4521 πρὸ
2564 4452 2656 4505 τοῦ
2692 4453 3015 4506 ὑποκεῖσθαι
3058 4452 3270 4525 οὐρανῷ
3296 4450 3369 4522 γῆ
3398 4454 3644 4522 λέγεται,

397 4550 500 4603 Per
529 4547 752 4619 propria
800 4545 1015 4616 singula
1073 4557 1103 4597 a
1150 4543 1384 4613 singulis
1443 4549 1809 4612 separantur:
1872 4558 1964 4612 per

2069 4542 2145 4607 ὡς
2176 4542 2233 4596 δὲ
2263 4543 2398 4610 πρὸς
2432 4543 2531 4613 τὴν
2557 4545 2732 4615 ὑγρὰν
2762 4545 2949 4599 οὐσίαν
2989 4546 3237 4614 ξηρά.ὐ
3267 4545 3324 4599 δὲ
3356 4548 3646 4617 προφήτης

396 4639 707 4695 communia
742 4638 959 4709 singula
995 4634 1230 4704 singulis
1270 4641 1697 4689 connectuntur.
1736 4631 1964 4703 Oporte-

2068 4634 2144 4697 ὡς
2171 4634 2442 4704 διαφόρων
2467 4635 2777 4706 μεμνῆσθαι
2800 4637 2949 4693 δοκεῖ
2972 4637 3144 4706 λέγων
3162 4638 3506 4704 οιἝτιᾶπαξ
3535 4640 3649 4708 ἐγὼ

399 4734 489 4787 hat
519 4733 667 4788 enim
715 4744 839 4787 esse
894 4735 1168 4799 separata,
1206 4734 1264 4781 ut
1294 4726 1509 4797 singula
1541 4740 1698 4780 suam
1739 4739 1964 4780 conser-

2070 4725 2235 4779 σείσω
2274 4727 2364 4779 τὸν
2406 4726 2635 4797 οὐρανὸν
2683 4728 2780 4782 καὶ
2808 4729 2907 4799 τὴν
2939 4730 3042 4801 γῆν
3091 4731 3188 4785 καὶ
3230 4732 3331 4802 τὴν
3366 4730 3649 4785 θάλασσαν

399 4832 589 4880 varcnt
639 4831 940 4879 naturam:
995 4819 1283 4891 oportebat
1326 4828 1381 4874 et
1431 4834 1555 4874 esse
1606 4817 1791 4887 aliquo
1822 4832 1964 4871 nexu

2071 4817 2164 4872 καὶ
2195 4818 2291 4889 τὴν
2317 4818 2542 4889 ξηράν.)
2564 4819 2804 4891 Εἴπομεν
2836 4821 2893 4874 δὲ
2914 4821 3014 4893 τὴν
3044 4822 3215 4892 αὐτὴν
3239 4817 3513 4876 εἷναικαθ⁶
3530 4825 3650 4878 ἐτέ-

399 4918 671 4986 σιοριιιιιιιι,
706 4924 767 4969 ut
826 4928 894 4967 ex
935 4912 1021 4966 his
1056 4926 1354 4981 corporum
1392 4915 1717 4964 nasceretur
1746 4922 1964 4976 compo-

2080 4928 2181 4981 ραν
2227 4911 2471 4965 ἐπίνοιαν
2519 4911 2963 4983 ὀνομαζομένην
2997 4915 3070 4985 μή
3118 4931 3249 4967 ποτε
3310 4914 3368 4967 δὲ
3401 4915 3499 4984 τὴν
3550 4916 3652 4986 μὲν

400 5009 550 5073 sitio,
585 5021 707 5061 cum
748 5004 895 5058 aliud
948 5004 1041 5057 alii
1090 5011 1241 5058 esset
1286 5000 1638 5071 conjunctutn
1672 4998 1964 5055 secundum

2078 5001 2235 5071 ἔσχεν
2264 5001 2639 5074 προσηγορίαν
2682 5003 2782 5074 τῆς
2812 5003 3002 5067 οὐσίας
3055 5006 3423 5075 σημαντικὴν,
3463 5007 3561 5076 τὴν
3590 5006 3651 5060 δὲ

400 5113 744 5155 communem
775 5096 1117 5165 qualitatem.
1177 5095 1524 5163 Quapropter
1557 5092 1702 5148 Deus
1733 5091 1964 5160 optimus

2076 5095 2176 5165 τῆς
2214 5095 2530 5167 ποιότητοςο
2583 5095 2706 5149 ὅθεν
2759 5098 2856 5150 καὶ
2903 5097 3042 5166 μετὰ
3086 5096 3182 5150 τοῦ
3217 5096 3449 5167 οὐρανοῦ
3495 5114 3652 5166 γενο-

403 5188 716 5260 imponendi
739 5187 905 5242 rebus
937 5186 1159 5241 nomina
1189 5186 1391 5240 artifex
1441 5183 1650 5239 aridam
1683 5183 1964 5254 appellavit

2082 5187 2216 5256 μὲνη
2247 5186 2467 5255 λέγεται
2499 5186 2598 5257 τῆ,
2622 5185 2811 5258 ὥσπερ
2851 5189 3058 5250 ἐκεῖνος
3105 5188 3309 5259 κυρίως
3357 5191 3648 5256 οἰψανόςο

407 5288 638 5341 terram,
670 5293 771 5332 nec
824 5285 1024 5329 terram
1058 5275 1271 5329 vocat-it
1317 5275 1549 5329 aridam.
1605 5271 1719 5329 Hoc
1769 5273 1964 5329 etenim

2076 5276 2147 5329 τά
2185 5277 2242 5330 δὲ
2276 5278 2412 5348 μετὰ
2440 5277 2617 5332 ταῦτα
2646 5278 2936 5346 γενόμενα,
2974 5278 3036 5332 τὸ
3070 5278 3171 5350 μὲν
3207 5279 3413 5349 ἐκλήθη
3446 5279 3652 5350 κυρίως

406 5386 605 5427 nomen
644 5378 727 5428 est
753 5370 908 5441 quasi
962 5368 1240 5438 proprium
1276 5377 1329 5422 et
1383 5365 1633 5437 quaedam
1676 5365 1964 5437 peculiaris

2079 5367 2399 5437 στερέωμα,
2433 5369 2660 5438 ὲπῖκλην
2692 5368 2749 5422 δὲ
2775 5370 3030 5437 οὐρανός
3051 5385 3064 5399 ·
3092 5369 3151 5422 τὸ
3178 5369 3234 5422 δὲ
3255 5368 3404 5439 ξηρὰ
3422 5370 3652 5437 κυρίως,

406 5472 534 5517 nota
566 5469 798 5526 naturae,
841 5476 1005 5531 quam
1045 5470 1203 5516 terrae
1265 5459 1517 5513 novimus
1554 5457 1775 5513 insitam
1827 5471 1964 5512 esse.

2080 5459 2310 5527 ἐπίκλην
2343 5458 2398 5511 δὲ
2433 5458 2508 5528 γῆ
2532 5475 2544 5489 ·
2578 5460 2655 5529 πῆ
2691 5459 2788 5530 μὲν
2826 5459 2936 5529 γὰρ
2989 5459 3169 5523 οὐσία,
3222 5458 3296 5527 πῆ
3326 5458 3383 5511 δὲ
3431 5460 3656 5524 ποιότης

406 5555 476 5611 lit
502 5552 961 5625 quemadmodum
1004 5562 1149 5607 terra
1181 5565 1341 5605 suum
1382 5565 1578 5605 nomen
1609 5547 1734 5604 inde
1771 5548 1964 5613 traxit,

2082 5550 2142 5604 τὸ
2167 5550 2599 5621 προηγούμενον.
2630 5552 2702 5604 Τδ
2733 5551 2792 5606 δὲ
2840 5551 3107 5623 χρήσιμον
3137 5548 3303 5615 ἔδειξέ
3345 5548 3443 5619 τῆς
3481 5565 3653 5620 προσ·

479 5732 524 5763 ‘°
549 5729 732 5786 Eccle.
781 5745 818 5797 ι,
883 5727 937 5781 7.
1015 5727 1056 5759 ⁸³
1092 5725 1290 5781 Jcrem.
1331 5740 1385 5792 ν,
1415 5724 1503 5779 2'2.
