3922 6230
300 334 375 398 77
1292 369 1299 375 -
1398 334 1936 396 COMMENTARII
1973 338 2056 398 IN
2089 336 2447 398 GENESIN.
3508 343 3579 404 '28

305 452 544 516 τάξεως,
576 445 798 507 siam-v.4
837 444 1085 516 Ὀφοήτω
1114 447 1147 517 ἡ
1181 444 1461 519 ξηρὰ,ιὼς
1499 451 1563 504 ἂν
1590 451 1899 520 ἐπιτήδειος

2009 455 2150 521 quod
2177 455 2317 508 creto
2348 451 2595 522 suljacct
2629 467 2641 503 :
2678 451 2757 507 sic
2786 452 3037 521 respectu
3065 450 3299 506 humida!
3323 452 3583 509 substan-

306 547 540 613 γένηται
577 540 713 610 πρὸς
744 539 928 609 φυτῶν
959 557 1017 592 τε
1059 542 1150 593 καὶ
1182 540 1336 605 ζώων
1366 544 1606 610 γένεσιν.

2009 544 2091 595 litt:
2117 545 2430 598 nominatur
2452 543 2625 597 arida.
2655 538 2767 597 imo
2792 552 2843 600 et
2863 544 3125 615 propheta
3149 544 3362 599 videtur
3383 562 3580 616 quam-

309 640 440 693 dam
495 637 638 689 inter
687 636 792 690 ista
844 651 1050 704 ponere
1110 633 1506 700 ditferentiam,
1556 654 1680 691 cum
1716 639 1893 692 dicit:
1940 655 1960 688 ε
2000 637 2191 692 Adhuc
2232 655 2399 693 unum
2472 640 2749 695 modicum
2816 650 2922 705 est,
2979 649 3034 696 et
3081 658 3184 711 ego
3231 646 3586 704 connnoveho

310 734 515 784 caelum
563 740 619 784 et
670 740 895 791 terram,
952 743 1102 782 mare
1135 735 1189 781 et
1237 727 1447 783 aridam
1482 729 1548 782 ⁶¹.
1582 750 1600 781 ι
1643 732 1889 787 Dicimus
1927 730 2090 800 igitur
2118 739 2343 796 terram,
2373 732 2498 786 licet
2530 734 2686 801 plura
2710 733 2908 789 habeat
2938 734 3184 798 nomina,
3245 750 3367 789 esse
3433 753 3585 792 eam-

309 823 474 890 dem;
506 823 741 876 alterum
774 837 975 876 nomen
1035 819 1178 874 forte
1229 831 1389 877 teme
1464 824 1851 890 substantiam,
1914 823 2146 877 alterum
2194 840 2361 894 porro
2409 826 2669 880 nimirum
2722 827 2843 895 ejus
2899 828 3218 897 qualitatem
3287 829 3581 897 signiﬁcat.

312 919 478 971 Terra
505 930 611 969 una
635 930 759 968 cum
783 917 942 978 coelo,
972 930 1081 969 non
1107 929 1229 969 cum
1257 916 1621 981 ﬁrmamento,
1654 917 1749 971 sed
1769 932 1889 969 cum
1932 917 2113 987 primo
2145 917 2286 972 cualo
2311 917 2531 972 condita
2571 927 2675 975 est.
2698 920 2933 984 (Icelum,
2958 919 3104 985 quod
3166 919 3290 973 huic
3360 936 3588 979 succes-

314 1011 386 1061 sit
416 1011 627 1063 ratione
653 1009 1196 1072 creationis,nomen
1219 1011 1377 1079 quasi
1400 1011 1680 1081 proprium
1741 1010 1929 1073 traxit,
2009 1021 2068 1063 ut
2126 1011 2400 1064 vocitetur
2463 1012 2897 1080 ﬁrmamentum,
2957 1012 3052 1068 sed
3109 1028 3413 1080 cognomen
3469 1016 3588 1068 ευρίὶ

313 1117 538 1173 quoque
584 1100 908 1170 assumpsit.
951 1099 1045 1153 Sic
1088 1102 1269 1170 quoad
1321 1110 1576 1157 terram:
1616 1102 1892 1172 proprium
1932 1100 2055 1169 ejus
2084 1117 2278 1156 nomen
2330 1110 2414 1156 est
2481 1103 2653 1163 arida.
2706 1120 2895 1159 verum
2950 1113 3316 1174 cognomento
3383 1106 3590 1161 dicitur

316 1207 482 1249 terra.
523 1194 698 1249 Unum
728 1208 927 1247 nomen
960 1193 1349 1263 substantiam,
1396 1193 1632 1248 alterum
1659 1194 1977 1263 qualitatem
2001 1192 2261 1263 explicat,
2322 1208 2385 1248 ex
2423 1194 2628 1264 quibus
2700 1197 2863 1273 rebus
2924 1196 3027 1248 ista
3090 1194 3311 1248 nomina
3351 1198 3585 1254 inVenit.

318 1289 391 1344 lit
422 1290 708 1342 utiitatem
764 1296 924 1339 terrae
952 1296 1432 1357 commonstraret,
1476 1286 1656 1358 inquit
1687 1305 1699 1341 :
1761 1306 1780 1339 ‹
1820 1284 1891 1339 Ut
1931 1286 2107 1339 videri
2137 1288 2316 1357 possit
2344 1287 2517 1341 arida.
2545 1306 2563 1337 ι
2596 1284 2802 1356 Nempe
2830 1296 2887 1341 ut
2917 1296 3178 1357 appareat
3214 1295 3268 1339 et
3331 1288 3405 1341 sit
3469 1289 3587 1343 ido-

316 1398 422 1438 nea
456 1391 510 1436 et
544 1380 894 1435 accommoda
932 1383 1242 1449 plantarum
1275 1383 1704 1451 animaliumque
1729 1378 2092 1451 gi-nerationi.

388 1478 497 1530 Καὶ
523 1475 645 1528 τότε
692 1468 834 1526 εἶδεν
869 1476 898 1527 6
938 1474 1070 1535 Θεὸς
1104 1474 1188 1527 ὅτι
1234 1474 1424 1529 καλόν.
1475 1474 1760 1546 Πανταχοῦ
1804 1473 1891 1538 τὸ,

316 1567 643 1630 ἐγάμεε-εν,
697 1566 788 1616 ἐπὶ¹
840 1563 1340 1635 δηλώσειιλέγεται
1392 1566 1487 1620 τοῦ
1536 1567 1671 1638 πρὸς
1722 1566 1751 1620 ὃ
1800 1582 1901 1619 πε-

325 1663 574 1723 τοί“;;‹εν.
630 1657 748 1725 Ἐφ’
791 1657 1041 1710 ἁπάντων
1059 1657 1116 1710 δὲ
1149 1658 1398 1727 φαίνεται
1434 1657 1605 1721 τιθεὶς
1636 1658 1715 1722 τὸ,
1748 1677 1766 1708 ι
1790 1658 1900 1710 Καὶ

321 1749 772 1813 ὲγένετοοῦτωςρ
802 1751 881 1811 είς
919 1748 1151 1818 δήλωσιν
1179 1748 1340 1801 τοῦτο
1364 1748 1523 1817 ἔργον
1557 1748 1894 1819 παρηκολου.
1934 1781 1972 1834 Β

324 1842 546 1909 θηκέναι
570 1842 636 1909 τῇ
677 1839 930 1909 βουλήσει
963 1842 1029 1910 τῇ
1060 1840 1154 1892 τοῦ
1178 1839 1343 1893 Θεοῦ·
1392 1843 1484 1894 ἐπὶ
1506 1840 1563 1894 δὲ
1611 1842 1704 1895 τοῦ
1738 1842 1901 1911 οὐρα-

323 1931 436 1992 νοῦ,
466 1930 547 1996 τὺ,
573 1950 590 1980 ι
622 1930 731 1983 Καὶ
765 1932 1019 2001 ἐποίησεν
1046 1935 1074 1984 ὀ
1105 1933 1236 1995 Θεὸς
1259 1933 1319 1985 τὸ
1349 1935 1778 2004 στερέωμα,›είς
1803 1935 1898 2003 δή·

326 2025 484 2076 λωσιν
513 2023 608 2076 τοῦ
644 2023 718 2094 μὴ
748 2023 939 2090 ἓτερον
968 2018 1109 2076 εἶναι
1132 2023 1225 2076 τὸν
1256 2024 1599 2093 πεποιηκότα.
1630 2026 1782 2093 παρὰ
1808 2024 1900 2077 τὸν

327 2114 583 2182 γενέσθαι
646 2116 1065 2185 προστάξανταο
1116 2116 1211 2169 καὶ
1268 2116 1428 2170 τοῦτο
1482 2116 1628 2185 ἆπαξ
1685 2117 1904 2182 διδάξας

328 2206 490 2274 ἡμᾶς,
530 2206 623 2258 ἐπὶ
664 2205 772 2258 τῶν
806 2206 1009 2259 λοιπῶν
1056 2208 1305 2277 ἀρκεῖται
1330 2206 1428 2278 τῷ,
1465 2208 1747 2277 Ἐγένετο,
1780 2207 1901 2260 καθ’

330 2297 554 2350 ἕκαστον
581 2297 901 2367 ὀφείλοντας
924 2300 1064 2352 νοεῖν
1097 2298 1171 2362 ὡς
1196 2300 1223 2351 ὁ
1253 2300 1487 2368 ποιήσας
1513 2300 1675 2364 Θεόςο
1706 2301 1765 2354 οὑ
1793 2302 1902 2371 γὰρ

330 2390 510 2460 ἕτερος
541 2390 639 2460 μὲν
662 2390 1052 2459 προσέταττεν,
1084 2390 1274 2461 ἕτερος
1299 2391 1354 2444 δὲ
1381 2392 1578 2457 ὲποίει,
1601 2392 1738 2447 ἀλλὰ
1767 2393 1902 2456 Θεὸς

334 2481 639 2549 ἀμφότερα.
661 2480 727 2533 '0
743 2480 808 2550 δὴ
832 2483 1165 2549 σημαντικὸν
1183 2482 1281 2552 τῆς
1309 2482 1455 2547 θείας
1480 2484 1668 2547 οὐσίας
1693 2484 1902 2554 [ἰατρὸς

334 2571 422 2622 καὶ
465 2568 594 2623 Υἱοῦ
644 2570 739 2623 καὶ
776 2571 937 2639 ἁγίου
984 2564 1336 2641 Πνεύματος·
1369 2573 1508 2626 ὥστε
1563 2574 1638 2645 μὴ
1694 2573 1903 2638 ξενίζου

335 2656 555 2732 ὕστερον
585 2662 801 2715 ἀκούων
848 2661 939 2715 τὸν
987 2662 1115 2715 Υίὸν
1148 2663 1241 2716 τοῦ
1277 2663 1411 2717 Θεοῦ
1446 2665 1554 2718 τῶν
1606 2668 1905 2734 γεγονότων

335 2753 854 2825 δημιουργόν.Λέγει
879 2756 987 2825 γάρ
1008 2772 1051 2807 ο(
1075 2755 1132 2808 '0
1152 2757 1339 2827 Πατήρ
1353 2775 1453 2826 μου
1476 2758 1579 2820 ἓως
1607 2757 1907 2829 ἄρτιὲργά·

337 2844 503 2909 (erat.
542 2845 697 2913 κάγὼ
721 2848 1052 2918 ἐργάζομαιο
1069 2847 1164 2898 »τὸ
1193 2848 1290 2918 μὲν
1321 2850 1452 2920 γὰρ,
1476 2868 1493 2899 ι
1522 2850 1627 2913 ἕως
1650 2851 1793 2918 ἄρτι,
1810 2869 1827 2900 ι
1846 2850 1908 2902 τὸ

336 2936 568 3008 διηνεκὲς
602 2939 702 3007 τῆς
728 2939 990 3009 ἐργασίας
1015 2940 1196 3009 δηλοῑο
1231 2940 1291 2992 τὸ
1312 2940 1366 2992 δὲ
1401 2958 1418 2991 t
1446 2941 1735 3010 ἐργάζεται
1765 2961 1783 2994 ι
1813 2944 1908 2996 καὶ

349 3042 370 3075 ι
410 3026 765 3096 ὲργάζομαι,ι
798 3027 859 3079 τὸ
892 3028 988 3096 τῆς
1039 3029 1298 3099 ἐργασίας
1330 3030 1525 3084 κοινόν,
1563 3030 1672 3083 Καὶ
1711 3031 1904 3084 πάλιν

346 3118 554 3183 ι’Δπερ
588 3121 654 3173 ἂν
686 3119 858 3193 βλέπῃ
886 3120 977 3171 τὸν
1003 3120 1220 3191 Πατέρα
1267 3121 1545 3186 ποιοῦντα,
1575 3122 1669 3175 καὶ
1702 3124 1729 3174 ὁ
1786 3123 1905 3188 Υἱὸς

2012 3136 2134 3174 esse
2163 3121 2433 3188 Opilicem.
2465 3116 2646 3188 lnquit
2685 3120 2830 3173 enim
2873 3135 2886 3171 :

339 3212 532 3279 ὁμοίως
560 3215 755 3264 ποιεῖ-ι
796 3213 859 3264 οὑ
889 3211 1285 3269 τοιαῦτα,ἀλλὰ
1311 3211 1484 3271 ταῦτα
1511 3227 1524 3240 ’
1545 3212 1652 3266 οὐδ’
1683 3207 1903 3286 οἷάπερ,

338 3299 449 3353 ἀλλ’
495 3301 645 3369 ἅπερ
674 3317 688 3332 °
739 3301 801 3354 οὐ
858 3301 967 3369 γὰρ
1001 3302 1068 3354 τὰ
1126 3294 1223 3370 μὲν
1263 3295 1436 3366 οὗτος,
1480 3302 1548 3355 τὰ
1593 3302 1651 3355 δὲ
1701 3303 1908 3367 ἐκεῖνος

339 3394 647 3463 ἐργάζεται.
683 3394 941 3448 Βλέπειν
970 3393 1025 3447 δὲ
1055 3393 1271 3461 λέγεται
1299 3394 1374 3460 τῷ
1403 3394 1569 3464 μηδὲν
1596 3394 1757 3447 αὐτὸν
1780 3396 1908 3447 λαν-

339 3484 514 3539 θᾶνειν
543 3486 651 3539 τῶν
689 3486 782 3539 τοῦ
820 3488 1049 3555 Πατρός.
1100 3472 1352 3540 Δείκνυσι
1381 3487 1437 3541 δὲ
1467 3488 1627 3540 αὐτὸν
1657 3486 1908 3559 βουλήσει

340 3576 510 3630 πάντα
543 3594 610 3629 π)
624 3579 910 3647 ράγοντα.‹
940 3580 1123 3631 Πάντα
1153 3580 1281 3648 γὰρ,
1302 3579 1599 3647 φησὶν,ὂσα
1617 3579 1904 3650 ἠθέλησεν,

338 3669 607 3738 ἐποίησεν,
637 3688 656 3721 ι
688 3672 795 3724 Καὶ
825 3673 1096 3724 κοινωνῶν
1128 3673 1275 3742 αὐτῷ
1305 3673 1403 3742 τῆς
1436 3673 1911 3744 βουλῆς,κοινωνεί

339 3764 429 3816 καὶ
473 3762 573 3832 τῆς
624 3762 910 3833 ἐργασίας,
965 3765 1061 3816 xa’t
1123 3763 1323 3833 ὁμοίως
1371 3767 1540 3817 ποιεῖ·
1599 3763 1757 3817 τοῦτο
1800 3765 1908 3834 γὰρ

337 3856 637 3925 ιπήγαγεν,
686 3856 899 3918 δεικνὺς
950 3857 1011 3909 οὐ
1048 3856 1207 3924 μόνον
1269 3858 1337 3908 τὰ
1393 3855 1554 3919 αὐτὰ,
1611 3855 1749 3909 ἀλλὰ
1813 3857 1909 3923 κοιλ.

336 3946 529 4015 ὁμοίως
585 3949 751 4008 ποιεῖ,
786 3948 814 4001 ὃ
862 3948 977 4000 ἐστι
1026 3945 1278 4018 βουλήσει
1329 3948 1425 4000 καὶ
1452 3947 1690 4021 ἐξουσίᾳ.
1740 3944 1910 4002 Τοῦτο

336 4037 441 4106 γὰρ
471 4039 805 4109 σαφέστερον
864 4041 1169 4110 ἐπήνεγκεν
1223 4038 1426 4106 λέγων’
1468 4060 1485 4090 ε
1521 4041 1730 4111 Ὠσπερ
1756 4041 1909 4112 γὰρὸ

340 4126 522 4196 Πατὴρ
566 4130 770 4197 ἐγείρει
805 4129 931 4192 τοὺς
987 4130 1218 4199 νεκροὺς
1273 4131 1366 4183 καὶ
1415 4130 1688 4196 ζωοποιεῖ,
1736 4130 1909 4195 οὕτως

340 4221 429 4274 καὶ
447 4223 472 4273 ὁ
499 4222 624 4286 Υίὶς
650 4219 742 4284 οὓς
775 4221 918 4274 ϐέλει
950 4221 1222 4289 ζωοποιεῖ,
1250 4236 1268 4273 ι
1295 4224 1432 4292 ὅπερ
1460 4224 1740 4294 Πατρικῆς
1762 4225 1910 4278 ἐστιν

342 4317 577 4385 ἰσότητος
604 4332 617 4344 ·
643 4315 701 4367 τὸ
720 4334 741 4365 ‹
774 4314 848 4378 ὡς
884 4315 1215 4379 θέλει,›ἁντὶ
1244 4314 1503 4388 τοῦ,μόνῃ
1530 4315 1743 4387 θελήσει
1765 4318 1912 4372 ’ὅθεν

341 4407 435 4459 καὶ
482 4407 541 4459 τὸ
581 4405 888 4476 βάπτισμα,
916 4409 1053 4475 ὅπερ
1081 4407 1201 4460 ἐστὶ
1246 4409 1440 4478 καινῆς
1477 4404 1745 4472 σύμϐολον
1790 4407 1910 4461 κτί-

342 4515 496 4560 σεως,
523 4500 602 4561 εἰς
628 4498 727 4569 τὴν
758 4498 971 4570 Πατρὸς
1001 4500 1095 4552 καὶ
1123 4499 1252 4553 Υίοῦ
1281 4500 1376 4553 καὶ
1406 4501 1566 4569 ἁγίου
1588 4500 1907 4570 Πνεῦματος

339 4585 620 4657 ἐπίκλησιν
667 4590 839 4640 ποιεῖν
888 4589 1380 4659 προστεταγμεθα·
1438 4590 1671 4662 ἐπείπερ
1714 4591 1911 4644 συνθα-

338 4676 583 4745 πτὸμεθᾶ
623 4693 682 4728 τε
723 4678 780 4728 ὲν
816 4676 964 4745 αὑτῷ
1015 4677 1114 4730 καὶ
1160 4674 1605 4747 συνανιστάμεθα
1662 4676 1739 4747 τῷ
1778 4677 1912 4749 Χρι-

338 4767 467 4837 στῷ,
514 4768 655 4820 κατὰ
700 4768 793 4820 τὸν
833 4760 977 4820 θεῖον
1021 4768 1373 4822 Ἀπόστολοψ
1424 4769 1497 4832 ὼς
1542 4767 1608 4821 ἃν
1643 4768 1911 4839 μάθοιμεν

334 4858 413 4912 ὃτι
448 4860 509 4911 ἐκ
544 4858 642 4928 τῆς
683 4857 914 4927 Τριάδος
957 4857 1382 4928 ἁνακτιζόμεθα,
1423 4857 1512 4926 ὑφ’
1554 4854 1736 4929 ἧσπερ
1768 4860 1911 4911 ἐκτί-

333 4947 510 5017 σμεθσ.
531 4964 545 4978 ο
571 4950 600 5000 6
638 4948 747 5018 γὰρ
788 4946 949 5009 αὐτὸς
971 4949 1103 5011 Θεὸς
1127 4949 1222 5000 καὶ
1261 4947 1357 5000 τοῦ
1412 4944 1552 5002 εἶναι
1584 4949 1679 5002 καὶ
1716 4947 1811 5001 τοῦ
1841 4943 1902 5002 εὗ

330 5034 471 5092 εἶναι
507 5040 720 5108 πέφυκε
772 5039 1026 5110 χορηγός.
1072 5039 1416 5109 Σημειωτέον
1446 5040 1503 5094 δὲ
1548 5041 1629 5093 ὅτι
1676 5041 1744 5095 δι’
1777 5042 1906 5109 ὅλης

327 5130 429 5201 τῆς
449 5131 806 5202 κοσμοποιίας
834 5130 934 5201 τῷ,
955 5126 1153 5184 «Εἶπεν
1178 5133 1206 5184 ὁ
1232 5130 1388 5195 Θεὸς,
1416 5150 1433 5181 ι
1473 5134 1756 5202 πρόκειται
1787 5134 1902 5198 καὶ,

333 5239 355 5274 ι
379 5222 667 5292 Ἐποίησεν
693 5223 722 5275 6
736 5220 1133 5290 Θεὸς,δδη).οὗν
1144 5222 1203 5274 τὸ
1223 5220 1614 5293 δημιουργικόν
1632 5238 1647 5253 ο
1676 5222 1909 5293 μάλιστα

327 5310 439 5381 γὰρ
478 5310 568 5364 διὰ
592 5310 801 5382 ταύτης
843 5310 944 5380 τῆς
978 5310 1373 5382 προσηγορίας,
1413 5312 1476 5364 τὸ
1513 5312 1907 5383 δημιουργικὸν

327 5401 583 5468 δηλοῦται
601 5418 615 5435 ο
641 5403 675 5472 ὴ
701 5402 758 5454 δὲ
787 5402 1004 5471 Κύριος
1028 5393 1314 5472 ὀνομασία,
1346 5400 1606 5474 ἄρχοντος
1632 5407 1727 5456 καὶ
1756 5404 1913 5474 βασι-

2077 1464 2214 1523 Tum
2239 1470 2375 1525 vidit
2398 1467 2541 1526 Deus
2570 1471 2714 1540 quod
2738 1472 2922 1525 omnia
2956 1471 3154 1541 ubique
3178 1474 3587 1543 pulchritudine

2007 1563 2265 1616 niterent.
2293 1563 2447 1628 Quod
2493 1565 2590 1627 ait,
2644 1562 2877 1627 Vocavit,
2937 1564 3159 1618 additur
3206 1577 3262 1619 ut
3317 1567 3590 1637 signiticet

2006 1655 2347 1724 singu!orum
2372 1657 2708 1725 singularem
2739 1656 2895 1709 finem
2926 1664 2980 1710 et
3002 1656 3275 1725 elfectuzn,
3304 1661 3448 1714 cuia
3475 1662 3589 1717 Deo

2005 1758 2254 1800 creatore
2303 1748 2575 1801 destinata
2620 1756 2770 1801 sunt.
2815 1749 3085 1802 U.nnihus
3116 1751 3380 1818 operibus
3434 1751 3587 1821 adje-

2003 1835 2078 1888 cit
2117 1853 2130 1889 :
2166 1857 2184 1887 ι
2217 1835 2279 1888 Et
2309 1837 2509 1891 factum
2551 1848 2656 1901 est,
2690 1856 2708 1889 ι
2748 1838 2950 1906 quibus
2994 1838 3177 1894 verbis
3220 1840 3458 1897 indicare
3486 1858 3589 1899 vo.-

2004 1927 2124 1992 luit,
2158 1942 2297 1996 Opus
2352 1943 2569 1997 semper
2615 1930 2970 1982 subsecutum
3002 1945 3125 1983 esse
3165 1929 3375 1999 jus8um
3404 1943 3459 1989 et
3491 1934 3587 1989 v04

2004 2018 2266 2072 iuutatem
2309 2019 2575 2073 divinam.
2603 2019 2873 2074 Cmterum
2910 2023 2962 2074 in
2995 2023 3118 2076 coeli
3146 2026 3426 2081 creatione
3452 2043 3585 2081 usus

2002 2121 2088 2168 est
2142 2112 2256 2167 illis
2312 2113 2496 2168 verbis
2530 2131 2543 2166 :
2576 2133 2594 2165 ι
2640 2113 2708 2167 Et
2744 2114 2872 2168 fecit
2912 2111 3054 2170 Deus
3101 2116 3525 2185 firmamentum,
3560 2140 3578 2173 ι

2003 2221 2124 2276 qua:
2159 2222 2264 2260 non
2288 2206 2589 2261 oscitanter
2611 2215 2667 2262 et
2696 2206 2872 2262 obiter
2901 2207 3184 2275 interiecta
3212 2219 3358 2264 sunt.
3400 2209 3587 2267 Voluit

2002 2297 2150 2352 enim
2181 2297 2493 2360 ostendere,
2516 2312 2626 2351 non
2651 2298 2816 2351 alium
2837 2297 2959 2352 caeli
2985 2314 3107 2354 esse
3128 2301 3403 2370 opiﬁcem,
3423 2318 3584 2371 Qttaut

2003 2405 2151 2452 eum,
2185 2390 2279 2459 qui
2326 2389 2556 2458 jusserit
2576 2389 2777 2444 etelum
2814 2389 2953 2443 ﬁeri.
2982 2389 3119 2445 Cum
3164 2392 3214 2446 id
3269 2395 3437 2447 semel
3485 2411 3586 2448 nos

2004 2479 2273 2546 docuerit,
2310 2480 2365 2535 in
2390 2481 2617 2551 reliquis
2645 2488 2730 2535 sat
2760 2481 2923 2536 habet
2951 2482 3194 2539 dixisse:
3283 2484 3349 2538 Et
3386 2486 3586 2555 factum

2000 2577 2107 2633 est,
2194 2578 2436 2624 attamen
2477 2579 2535 2624 ut
2564 2571 2617 2623 in
2645 2571 2879 2640 singulis
2918 2572 3369 2645 subintelligatur
3395 2587 3586 2629 auctor

2004 2669 2057 2715 et
2083 2661 2321 2716 efﬁciens
2346 2678 2513 2717 causa
2548 2661 2706 2718 Deus.
2735 2661 2889 2718 Haud
2914 2663 3059 2718 enim
3089 2665 3229 2720 alius
3258 2665 3584 2736 imperabat,

2002 2765 2055 2806 et
2096 2754 2235 2807 alius
2266 2753 2489 2806 creabat
2522 2770 2535 2805 :
2571 2762 2864 2822 utrumque
2888 2755 3184 2824 prmstabat
3206 2754 3371 2821 Deus.
3393 2773 3587 2828 nempe

2002 2844 2188 2898 divina
2239 2845 2546 2898 substantia
2604 2843 2804 2909 Patris,
2850 2843 2973 2899 Filii
3006 2858 3059 2900 et
3088 2847 3329 2916 Spiritus
3386 2854 3583 2905 sancti.

2002 2936 2081 2993 Ne
2113 2923 2401 3007 igiturtibi
2432 2936 2680 2992 insolens
2720 2947 2773 2992 et
2820 2939 3167 3008 peregrinum
3221 2941 3490 3003 videatur,
3538 2943 3587 2995 si

2003 3029 2265 3098 deinceps
2297 3029 2490 3083 audias
2516 3028 2711 3081 Filium
2743 3028 2830 3082 Dei
2860 3044 3075 3093 eorum,
3105 3045 3218 3101 qua
3256 3031 3397 3085 facta
3437 3045 3584 3100 sunt,

2939 3138 2957 3170 ι
2996 3117 3157 3175 Pater
3191 3137 3343 3177 meus
3380 3122 3444 3177 ad
3487 3122 3588 3178 hic

2011 3226 2185 3281 usque
2218 3222 2434 3278 tempus
2485 3220 2764 3280 operatur,
2799 3219 2851 3264 et
2882 3226 2983 3283 ego
3032 3228 3229 3282 operor
3276 3214 3342 3268 ⁵³.
3376 3233 3395 3266 i
3430 3213 3587 3280 Quod

2009 3305 2085 3358 ait
2135 3321 2148 3357 :
2202 3324 2218 3356 ι
2270 3305 2337 3357 ad
2401 3309 2715 3373 hocusque
2774 3313 3031 3375 ten:pus,
3096 3323 3115 3356 ι
3170 3308 3587 3377 perpetuitatem

2008 3396 2190 3466 operis
2215 3396 2295 3449 νιιΙ
2322 3397 2638 3450 continuam
2679 3397 3054 3464 operationem
3091 3398 3331 3452 denotat.
3363 3395 3585 3462 Verum,

2015 3508 2033 3540 ι
2075 3497 2337 3559 operatur
2396 3497 2451 3543 et
2506 3503 2724 3558 operor,
2769 3507 2787 3539 ι
2845 3490 3185 3558 operationis
3240 3506 3584 3545 communem

2010 3582 2328 3637 societatem
2407 3578 2660 3634 edocent.
2732 3579 2794 3633 Et
2847 3580 3044 3635 iterum
3094 3582 3294 3636 ibidem
3347 3583 3524 3653 inquit
3572 3605 3584 3636 :

2014 3691 2033 3722 ι
2069 3673 2414 3741 Qmeconque
2464 3672 2609 3724 enim
2671 3671 2760 3725 ille
2797 3675 3010 3739 lecerit,
3050 3672 3163 3727 haec
3196 3674 3384 3728 eadem
3421 3686 3476 3729 et
3507 3673 3588 3729 Fi-

2011 3765 2116 3818 lius
2141 3763 2271 3818 facit
2300 3763 2555 3817 similiter
2586 3763 2651 3817 “.
2680 3784 2696 3813 ρ
2724 3764 2838 3817 Non
2871 3765 2999 3819 talia
3051 3764 3206 3831 dicit,
3236 3764 3329 3820 sed
3355 3768 3585 3821 eazh-m:

2011 3872 2117 3910 t:0u
2151 3858 2336 3924 qualia
2391 3856 2595 3926 inquit,
2638 3856 2732 3910 sed
2781 3873 2917 3926 (μίαν.
2953 3855 3109 3922 Quod
3151 3859 3469 3925 adjunctum
3506 3872 3591 3913 est

2011 3947 2235 4000 verbum
2264 3944 2454 4007 videre,
2480 3946 2615 4001 satis
2648 3944 2929 4001 evidenter
2955 3957 3245 4013 inoustrat,
3284 3950 3428 4018 quod
3454 3951 3589 4003 nihil

2011 4054 2222 4102 eorum,
2258 4054 2378 4108 quae
2426 4036 2588 4091 Pater
2641 4038 2793 4102 facit,
2822 4036 3017 4092 Filium
3044 4039 3232 4094 lateat.
3278 4038 3426 4095 Satis
3455 4057 3587 4110 pra:-

2010 4141 2156 4185 terea
2190 4129 2495 4183 luculenter
2532 4130 2755 4193 indicat,
2790 4145 2915 4183 eum
2951 4129 3132 4183 omnia
3167 4129 3444 4184 voluntate
3473 4135 3589 4185 Sola

2011 4239 2220 4278 creare.
2268 4243 2285 4273 ι
2326 4220 2521 4277 Omnia
2565 4221 2711 4276 enim
2762 4223 3030 4291 (testatur
3067 4220 3416 4291 Scriptura),
3470 4240 3592 4291 qua:

2010 4313 2209 4377 voluit,
2246 4310 2371 4365 fecit
2403 4310 2469 4363 ⁸⁸.
2512 4330 2531 4362 ι
2570 4311 2707 4365 Cum
2743 4310 2910 4380 igitur
2941 4311 2994 4365 in
3023 4310 3345 4364 societatem
3375 4311 3590 4364 consiii

2014 4404 2421 4472 voluntatisque
2452 4402 2800 4465 adhibeatur,
2855 4418 2964 4456 non
3005 4402 3315 4456 OXt'illdillll‘
3343 4420 3591 4455 eonnnn-

2013 4500 2176 4554 nione
2214 4506 2267 4553 et
2325 4498 2663 4567 operationis
2709 4498 2996 4553 societate.
3046 4494 3164 4551 Non
3220 4496 3368 4551 enim
3403 4499 3500 4551 abs
3537 4514 3593 4549 te

2008 4590 2138 4644 illud
2171 4588 2417 4642 additum
2449 4597 2554 4650 est,
2591 4591 2697 4642 imo
2733 4597 2793 4642 ut
2824 4589 3141 4644 ostenderet
3179 4590 3321 4657 quod
3356 4605 3462 4643 non
3496 4606 3590 4643 ειε-

2008 4681 2118 4733 lum
2150 4678 2342 4734 eadem
2375 4676 2600 4740 faceret.
2628 4678 2723 4734 sed
2755 4688 2810 4733 et
2838 4682 3096 4735 similiter
3117 4720 3132 4743 ,
3175 4680 3228 4735 id
3260 4692 3365 4745 est,
3399 4686 3592 4736 volun-

2008 4768 2115 4823 tate
2138 4782 2189 4822 et
2223 4768 2485 4839 potentia.
2514 4767 2657 4822 Idem
2684 4776 2745 4821 ut
2775 4769 2982 4822 clarius
3017 4771 3357 4840 explanaret,
3388 4772 3586 4826 infert:

2013 4878 2032 4917 ι
2066 4859 2219 4914 Sicut
2255 4860 2400 4911 enim
2437 4854 2601 4911 Pater
2660 4860 2893 4913 suscitat
2950 4868 3199 4915 mortuos
3228 4869 3281 4916 et
3327 4863 3588 4927 virilicat,

2011 4948 2091 5002 sic
2140 4955 2194 5001 et
2226 4944 2399 5001 Filius
2440 4963 2578 5013 quos
2637 4948 2750 4999 vult
2803 4946 3046 5001 viviﬁeat
3091 4948 3176 5015 ⁶⁶;
3222 4969 3239 5002 ι
3289 4968 3409 5019 qua:
3441 4962 3593 5005 (τιειιιε

2011 5039 2177 5091 Verba
2238 5038 2374 5091 satis
2425 5037 2659 5090 edocent
2684 5036 2807 5092 Fiiii
2836 5054 2959 5092 cum
3012 5038 3167 5095 Patre
3198 5044 3587 5112 aequalitatem.

2013 5127 2167 5194 Quod
2202 5129 2296 5189 ait,
2340 5147 2358 5180 ι
2413 5144 2554 5198 quos
2587 5129 2728 5194 vult,
2761 5148 2780 5181 ι
2820 5131 3204 5198 accipiendum
3245 5143 3329 5189 est
3368 5150 3466 5202 pro
3503 5151 3590 5197 eo,

2014 5236 2079 5274 ac
2108 5220 2151 5274 si
2192 5221 2417 5281 diceret,
2447 5222 2563 5275 sola
2596 5222 2900 5277 voluntate.
2940 5222 3079 5279 Iline
3119 5225 3379 5292 jubemur
3418 5228 3594 5292 bapti-

2015 5326 2221 5377 smum,
2275 5312 2371 5380 qui
2428 5320 2513 5367 est
2564 5314 2873 5384 symbolum
2925 5330 3082 5368 novae
3141 5317 3458 5381 creationis,
3494 5318 3596 5373 rite

2023 5416 2283 5477 peragere
2317 5408 2370 5461 in
2434 5408 2658 5462 nomine
2724 5406 2922 5472 Patris,
2980 5415 3033 5461 et
3083 5393 3203 5460 Filii
3241 5418 3294 5462 et
3353 5408 3592 5479 διώ-,ως

401 5540 448 5573 ⁸³
482 5542 617 5610 Agg.
649 5556 711 5606 ιι,
746 5539 797 5595 ’1.
872 5539 919 5572 ⁸³
956 5537 1115 5596 Joan.
1152 5541 1301 5609 v,l7.
1378 5540 1421 5573 “
1462 5541 1599 5598 Ibid.
1642 5543 1729 5597 l9.
1804 5544 1849 5576 ⁸⁸
1884 5542 1905 5595 l

2015 5585 2029 5598 .
2102 5561 2273 5609 cxiii,
2320 5544 2373 5601 3.
2452 5545 2496 5578 “
2532 5542 2694 5601 Jomi.
2729 5560 2776 5608 ν,
2817 5543 2906 5596 2|.

1662 5674 1892 5731 ΥΛΒΙᾸΞ
1930 5677 2335 5736 LECTit‘iNISS.

412 5774 432 5804 ι
455 5765 591 5821 Cod.
627 5746 989 5834 ἐπιδημὼσει.
