3922 6230
307 445 377 511 81
1414 448 1955 513 COMMENTARII
1991 447 2073 509 IN
2115 447 2482 509 GENESIN.
2728 447 2735 451 ·
3507 433 3577 493 se

299 568 417 619 tur,
452 556 526 611 sit
548 559 901 628 grrminatio,
929 574 995 615 ex
1030 558 1435 632 germinatione
1464 560 1518 614 in
1540 559 1766 614 herbam
1792 573 1890 613 seu
1927 571 2153 627 gramen
2190 557 2284 611 ﬁat
2340 568 2710 627 progressus:
2744 566 2970 624 gramen
3035 548 3438 605 incrementum
3478 559 3576 600 su-

304 664 462 702 nteas
491 652 547 703 ﬁt
583 651 802 706 fenum:
836 652 890 706 in
915 653 1061 706 hunc
1094 652 1316 707 modum
1342 652 1582 715 cunctis,
1620 664 1742 720 quae
1773 658 1916 703 terra
1945 647 2176 717 profert,
2213 647 2483 718 paulatim
2534 659 2655 701 sese
2705 641 3128 714 perﬁcientibus
3162 680 3178 706 ,
3251 648 3306 695 ct
3376 636 3445 692 ad
3478 635 3578 691 ho-

303 737 475 792 minis
513 742 888 796 maturitatem
934 741 1410 811 pervcnientibus.
1451 741 1691 796 Proinde
1747 746 1973 795 secutus
2050 746 2137 794 est
2200 740 2450 793 ordinem
2525 752 2734 800 rerum,
2793 734 2889 804 qui
2932 733 3198 803 deinceps
3249 744 3579 801 permansu-

305 846 405 884 rus
436 843 579 886 erat.
609 832 892 888 Gcrminet
917 843 1061 889 terra
1090 835 1316 905 (inquit)
1340 835 1488 889 nulla
1521 834 1754 889 alterius
1787 846 1891 901 0pc
1927 832 2134 902 indiga.
2164 829 2500 900 Deusjussit
2532 838 2740 887 terram
2772 826 2969 882 vestiri
3000 826 3189 881 herbis
3251 832 3306 879 et
3373 819 3580 892 plantis

304 930 436 977 ante
469 926 805 980 creationem
839 925 978 981 solis
1051 925 1151 981 sed
1201 940 1265 980 ea
1306 925 1373 981 de
1421 940 1616 984 causa,
1671 940 1740 980 ne
1789 924 1917 993 quis
1990 925 2185 989 solem,
2215 924 2335 995 ejus
2381 922 2639 978 eﬂcetum
2693 920 3090 982 considerans,
3120 919 3176 972 in
3216 916 3445 971 deorum
3481 929 3582 966 nu-

308 1032 526 1070 nrerum
605 1017 850 1079 referat,
896 1019 1279 1089 religioncque
1333 1019 1498 1075 colat.
1559 1017 1754 1073 Herba:
1801 1026 1857 1074 et
1935 1019 2200 1089 plantuho
2254 1019 2600 1088 antiquiores
2666 1002 2835 1080 sunt,
2888 1015 3017 1071 licet
3063 1013 3224 1084 \ulgo
3292 1016 3581 1089 rcCcptuut

306 1108 407 1169 sit,
449 1114 510 1160 ttt
546 1108 840 1164 credamus
875 1110 1014 1165 istas
1054 1112 1104 1164 vi
1131 1110 1312 1165 calida
1339 1110 1478 1166 solis
1505 1126 1571 1165 ex
1614 1109 1891 1181 profundo
1931 1110 1985 1165 in
2024 1110 2237 1167 telluris
2273 1108 2621 1180 superﬁciem
2653 1108 2896 1165 evocari.
3551 1075 3592 1116 .

382 1203 624 1272 Basiqu
652 1204 708 1258 δὲ
730 1204 927 1275 χόρτου
967 1205 1033 1259 τὰ
1067 1207 1132 1259 ἐκ
1157 1207 1262 1275 γῆς
1296 1206 1543 1277 φυόμενα
1577 1208 1755 1261 πάντα
1792 1223 1895 1261 κα·-

2072 1206 2309 1262 llerbam
2368 1204 2638 1277 graminis
2690 1213 2853 1260 vocat
2907 1201 3114 1267 omnia,
3153 1215 3275 1272 quae
3324 1214 3387 1253 es
3429 1206 3576 1252 terra

305 1294 413 1355 λεί,
446 1298 556 1349 εἴτε
586 1296 935 1368 αὐτομάτως,
964 1297 1074 1350 εἴτε
1101 1298 1433 1370 σπειρόντων
1478 1297 1657 1369 ἡμῶν,
1691 1299 1791 1352 ὅσα
1824 1296 1900 1368 μὴ

312 1386 473 1452 ξύλου
517 1387 838 1459 μετέχοντα,
894 1391 1012 1459 ἅμα
1065 1391 1146 1462 τῷ
1190 1395 1497 1465 παρασχεῖν
1542 1392 1633 1446 τὸν
1699 1393 1900 1446 οἰκεῖον

314 1480 532 1548 καρπὸν
560 1481 880 1550 ἀφαιρεῖται
920 1482 1019 1551 τῆς
1064 1483 1189 1553 γῆς,
1233 1485 1427 1555 χόρτου
1454 1484 1578 1538 τινὰ
1606 1484 1758 1550 τάξιν
1786 1486 1902 1548 τοῖς

313 1572 620 1641 ἀνθρώποις
645 1573 963 1643 πληροῦντα
982 1590 996 1603 ⁸
1016 1575 1092 1639 ὡς
1115 1574 1200 1628 ἒτε
1211 1593 1302 1644 ρον
1334 1574 1570 1648 καρπὸν,
1600 1577 1647 1629 εί
1683 1577 1776 1630 καὶ
1802 1574 1900 1647 μέ-

315 1679 417 1726 νοι,
455 1665 528 1733 μὴ
562 1664 823 1734 παρέχειν
858 1664 1159 1736 δυνάμενα.
1195 1665 1415 1720 Τούτων
1445 1665 1555 1737 γὰρ
1586 1666 1723 1738 πρὸς
1762 1668 1905 1721 ἀντι·

313 1753 575 1825 διαίρεσιν
612 1757 864 1827 ἐπήγαγε
891 1757 975 1822 τδ,
1002 1777 1019 1809 ι
1052 1758 1163 1811 Καὶ
1189 1757 1344 1822 ξύλον
1385 1758 1665 1829 κάρπιμον
1713 1756 1904 1812 ποιοῦν

317 1848 528 1917 καρπόν
555 1863 567 1874 ’
597 1868 617 1900 ›
646 1851 738 1902 ἐπὶ
766 1850 877 1919 γὰρ
910 1849 1116 1904 τούτων
1140 1850 1234 1905 τοῦ
1251 1850 1467 1922 καρποῦ
1490 1850 1786 1921 ληφθέντος
1808 1849 1904 1920 μέ·

317 1957 396 1993 νει
423 1941 482 1994 τὸ
514 1941 754 2011 δένδρον,
796 1942 890 1995 τὸν
939 1942 1105 1995 αύτὺν
1157 1943 1214 1995 ἐν
1256 1942 1335 2013 τῷ
1382 1942 1682 2014 καθήκοντι
1722 1942 1902 2014 καιρῷ

315 2034 430 2094 τοῖς
465 2032 777 2103 ἀνθρώποις
823 2034 1067 2105 παρέχον
1103 2035 1334 2106 καρπόν.
1393 2030 1516 2088 Οἷδε
1567 2033 1666 2105 μὲν
1697 2034 1789 2088 οὖν
1817 2035 1906 2089 λέ-

317 2140 435 2192 γειν
460 2128 492 2193 ἡ
520 2126 713 2198 Γραφὴ
748 2129 842 2182 καὶ
868 2128 963 2181 ἐπὶ
993 2127 1103 2181 τῶν
1135 2128 1497 2199 γεννημάτων
1527 2128 1619 2181 τὸν
1647 2127 1861 2197 καρπόν
1887 2145 1901 2159 ’

322 2232 344 2265 ι
370 2215 477 2268 Καὶ
506 2216 727 2287 ἐποίησε
754 2217 968 2289 καρπὸν
992 2217 1086 2271 τοῦ
1101 2219 1489 2289 γεννήματος,›
1522 2218 1907 2283 λέγουσα.Ἔν-

316 2304 489 2360 ταῦοα
500 2306 560 2359 δέ
573 2307 705 2378 πρὸς
717 2307 867 2361 ἀντιδ
876 2307 1013 2379 ιαίρε
1023 2326 1104 2361 σιν
1118 2306 1329 2378 εἴρηται
1342 2308 1434 2363 τοῦ
1458 2328 1476 2360 ι
1497 2311 1718 2381 σπεῖρον
1736 2310 1905 2382 σπέρ-

322 2415 396 2466 μα
417 2414 467 2449 ἰ
490 2400 519 2452 ό
541 2400 651 2469 γὰρ
678 2400 886 2454 τούτων
912 2401 1147 2474 καρπὸς,
1172 2401 1489 2472 κριθῆς,κα“ι
1508 2401 1653 2455 σίτου
1673 2404 1768 2457 καὶ
1797 2402 1906 2456 τῶν

320 2488 713 2560 ἄλλων,φηυ,ὶ,
763 2492 989 2564 σπέρμα
1036 2492 1252 2562 γίνεται
1289 2492 1426 2563 πρὸς
1470 2492 1567 2564 τὴν
1613 2493 1693 2557 εἰς
1749 2488 1907 2555 αὖθις

323 2582 547 2652 σποράν.
566 2583 674 2636 Καὶ
708 2602 727 2635 ι
757 2560 922 2639 κατά-
946 2560 1101 2653 γένος
1144 2602 1164 2637 ι
1190 2560 1383 2655 φησιν’
1441 2560 1627 2655 ἐπειδὴ
1683 2583 1907 2656 σπέρμα
1938 2560 1980 2615 Β

321 2672 547 2726 ἔκαστον
572 2671 631 2727 τὸ
653 2675 852 2729 οἰκεῖον
880 2676 1213 2731 ἀποδίδωσιν
1244 2673 1382 2741 εἶδος
1405 2678 1461 2730 ἐν
1490 2679 1604 2740 τοῖς
1630 2675 1690 2743 ἐξ
1726 2676 1893 2731 αὑτοῦ

325 2768 629 2837 γινομένοις
655 2772 909 2847 καρποῖς.
949 2770 1012 2823 Εἰ
1051 2770 1108 2824 δέ
1138 2788 1223 2835 τις
1252 2771 1462 2840 γένοιτο
1489 2768 1681 2825 τούτου
1727 2788 1905 2842 παρα-

325 2860 518 2932 τροπὴ,
558 2861 844 2934 άναδοθείη
890 2862 947 2916 δὲ
978 2862 1140 2933 τυχὸν
1198 2862 1366 2934 μέλας
1405 2864 1469 2918 ἐκ
1496 2862 1589 2917 τοῦ
1625 2863 1773 2917 σίτου
1804 2880 1904 2915 πυ-

328 2954 439 3024 ρὸς,
475 2956 570 3026 οὐχ
615 2956 801 3030 ἓτερον
834 2958 990 3026 γένος
1012 2960 1181 3024 ἐστὶν,
1217 2958 1379 3011 οἱονεὶ
1404 2957 1461 3011 δὲ
1491 2957 1646 3024 νόσος
1679 2974 1763 3021 τις
1807 2957 1903 3012 καὶ

327 3046 603 3117 ἀρρωστία
636 3047 728 3101 τοῦ
762 3048 1077 3119 σπέρματος
1101 3064 1115 3077 ⁸
1152 3047 1425 3119 ἐμελάνθη
1477 3047 1587 3119 γὰρ
1619 3048 1905 3120 περικαεὶς

328 3139 392 3208 τῇ
426 3136 519 3190 τοῦ
571 3137 773 3209 κρύους
820 3138 1119 3211 ὑπερϐολῇ.
1173 3137 1480 3210 Τοιγαροῦν
1534 3138 1762 3208 λέγεται
1800 3140 1905 3209 γῆς

330 3230 634 3300 ἐπιτηδείας
661 3232 758 3285 καὶ
789 3231 1073 3303 εὐκράτων
1106 3231 1284 3302 ἀέρων
1322 3230 1737 3303 ἐπιλαϐόμενος,
1765 3232 1905 3302 πρὸς

330 3321 388 3374 τὸ
414 3325 639 3392 ἀρχαῖον
670 3320 804 3387 εἶδος
828 3323 1130 3379 ἐπανιέναι.
1154 3324 1219 3376 Ἦ
1247 3322 1304 3376 δὲ
1338 3322 1608 3394 λεγομένη
1643 3319 1779 3387 αΤρα
1809 3322 1905 3377 καὶ

330 3414 430 3467 ὅσα
478 3414 639 3469 λοιπὰ
690 3414 821 3469 νόθα
873 3415 1189 3487 σπέρματα,
1234 3413 1269 3469 ἃ
1315 3414 1379 3487 δὴ
1410 3412 1630 3475 ζῖζιὶνιά
1661 3432 1825 3485 φησιν
1869 3418 1904 3485 ὴ

334 3505 545 3575 Γραερὴ,
579 3506 681 3560 οὐκ
737 3507 802 3559 ἐκ
834 3505 934 3576 τῆς
984 3505 1078 3559 τοῦ
1116 3505 1262 3558 σίτου
1311 3503 1635 3575 μεταϐολῆς,
1698 3504 1814 3560 ἀλλ’
1848 3505 1907 3573 ἐξ

332 3598 537 3662 οἰκείας
561 3597 738 3669 ἀρχῆς
773 3599 1005 3669 ὑπέστη,
1050 3597 1184 3651 ἴδιον
1212 3596 1403 3668 ἔχοντα
1430 3596 1586 3667 γένος
1611 3614 1623 3624 ·
1659 3596 1799 3670 ἆπερ
1828 3600 1908 3652 εί·-

337 3687 465 3741 κόνα
495 3687 646 3760 φέρει
675 3689 778 3759 τῆς
809 3687 916 3741 τῶν
950 3687 1445 3759 ἐτεροδιδασκάλων
1482 3685 1618 3758 πρὸς
1657 3685 1714 3741 τὸ
1750 3687 1911 3759 σῶμα

333 3777 435 3849 τῆς
464 3779 791 3852 Ἐκκλησίας
818 3779 1251 3850 ἐγκαταμίξεως.

2002 1301 2360 1371 proveniunt,
2394 1299 2512 1353 sive
2563 1312 2665 1353 sua
2704 1302 2906 1367 sponte
2938 1294 3056 1351 sive
3088 1293 3380 1355 seminata,
3411 1298 3466 1345 et
3502 1288 3580 1344 si-

2000 1393 2113 1446 mul
2162 1406 2288 1446 cum
2325 1389 2510 1445 fructu
2551 1388 2882 1444 auferuntur
2918 1388 2985 1441 de
3012 1384 3306 1454 superllcie
3340 1381 3573 1435 telluris.

2000 1479 2124 1536 lluc
2174 1479 2487 1535 referantur
2550 1486 2605 1534 et
2637 1478 2733 1533 illa
2765 1491 2891 1548 quae
2933 1473 3047 1531 feni
3113 1488 3272 1529 usutn
3342 1469 3580 1525 homini-

1999 1571 2105 1626 bus
2160 1578 2449 1641 praestant,
2505 1567 2664 1639 quasi
2721 1566 2893 1621 alium
2946 1580 3056 1619 non
3117 1562 3441 1619 contineant
3494 1562 3577 1615 vel

2003 1666 2251 1735 praebere
2303 1665 2521 1735 possint
2576 1659 2841 1726 fructum,
2876 1658 2980 1715 etsi
3037 1672 3148 1713 non
3206 1655 3577 1711 demetantur.

2003 1758 2274 1813 Caeterum
2308 1756 2376 1811 ad
2416 1757 2613 1811 horum
2655 1752 3020 1809 diﬁ'erentiam
3050 1749 3287 1814 induxit,
3327 1762 3453 1819 quae
3496 1761 3583 1802 se-

2003 1856 2293 1919 quuntur:
2333 1864 2351 1899 ι
2426 1845 2493 1901 Ει
2549 1845 2761 1915 lignum
2818 1840 3151 1913 frugiferum
3207 1839 3418 1895 faciens
3458 1837 3577 1892 fru-

2004 1950 2173 1995 ctum.
2215 1958 2233 1991 t
2275 1937 2411 1993 Nam
2447 1937 2552 1993 etsi
2587 1936 2767 2008 pomis
2794 1941 3069 1991 exuantur
3101 1941 3156 1988 et
3189 1932 3347 2003 quasi
3378 1929 3582 1999 despo-

2004 2030 2212 2087 lientur
2247 2029 2495 2093 arbores,
2538 2033 2778 2080 attamen
2815 2023 3000 2079 arbori
3030 2022 3172 2078 nihil
3206 2019 3582 2076 incommoda-

2004 2132 2140 2179 tur:
2181 2121 2380 2177 eadem
2423 2118 2658 2175 subinde
2689 2121 2972 2188 permanet
3024 2128 3127 2171 suo
3178 2121 3427 2183 tempore
3476 2109 3579 2163 ite-

2006 2231 2128 2271 rum
2174 2212 2498 2268 mortalibus
2528 2208 2767 2274 Jructus
2797 2208 3032 2264 donans.
3078 2207 3241 2264 Novit
3296 2205 3581 2275 Scriptura

2005 2316 2053 2364 et
2091 2306 2159 2362 de
2185 2304 2529 2376 graminibus
2556 2301 2857 2373 praedicare
2882 2301 3140 2356 fructum.
3181 2298 3461 2370 Siquidem
3495 2297 3581 2350 in-

2006 2400 2126 2472 quit
2158 2417 2173 2456 :
2216 2398 2366 2453 Fecit
2401 2395 2547 2453 Deus
2580 2395 2821 2451 fructum
2853 2394 3140 2467 germinis,
3163 2393 3248 2449 vel
3290 2391 3577 2463 graminis.

2006 2491 2282 2548 Caeterum
2328 2498 2383 2547 et
2415 2490 2521 2545 hoc
2572 2488 2897 2544 diﬁ‘erentiae
2953 2487 3130 2559 gratia
3165 2485 3388 2541 dicitur.
3421 2482 3583 2537 Ponit

2008 2585 2209 2641 etenim
2253 2583 2667 2639 distinctionem
2699 2581 2843 2637 inter
2865 2594 3092 2653 gramen
3113 2577 3223 2650 24
3243 2578 3327 2632 vel
3357 2576 3580 2632 herbam

2007 2675 2453 2743 fructiﬁcantem,
2488 2684 2544 2731 et
2589 2676 2735 2729 inter
2763 2673 3017 2736 herbam,
3075 2687 3200 2743 qua:
3247 2671 3458 2725 nullum
3493 2684 3583 2724 se-

2006 2786 2132 2825 cum
2168 2768 2430 2836 fructum,
2463 2777 2663 2839 praeter
2696 2782 2906 2834 semen,
2961 2763 3137 2821 aﬁ‘ert.
3188 2762 3414 2827 Hordei,
3467 2760 3585 2815 fru-

2007 2865 2199 2930 menti,
2235 2863 2581 2933 aliorumque
2613 2877 2726 2917 non
2779 2858 3134 2919 dissimilium
3186 2850 3404 2911 fructus
3451 2851 3584 2924 quid

2005 2956 2155 3011 aliud
2199 2954 2428 3023 dixeris,
2466 2970 2632 3026 quam
2683 2968 2870 3009 semen
2928 2949 3072 3021 quod
3128 2947 3327 3003 deinde
3383 2945 3582 3000 iterum

2005 3046 2374 3104 committitur
2401 3046 2592 3113 sulcis,
2635 3052 2693 3101 ιιι
2723 3059 2919 3101 eorum
2968 3042 3150 3098 fructu
3185 3040 3430 3095 humana
3472 3035 3582 3091 vita

2007 3139 2343 3211 adjuvetur?
2370 3137 2527 3206 Quod
2553 3138 2734 3209 inquit
2762 3155 2777 3194 :
2806 3155 2827 3188 ι
2857 3133 3177 3192 Secundum
3202 3147 3398 3204 genus,
3429 3148 3447 3181 ι
3474 3139 3584 3184 etc.

2008 3234 2290 3305 Siquidem
2327 3233 2543 3306 singula
2577 3232 2786 3290 semina
2834 3245 2990 3287 suam
3047 3227 3283 3283 reddunt
3341 3223 3582 3294 speciem

2007 3327 2063 3381 in
2094 3326 2393 3394 fructibus,
2440 3325 2536 3397 qui
2585 3340 2650 3382 ex
2697 3323 3001 3380 seminibus
3040 3317 3448 3393 percipiuntur.
3486 3312 3584 3368 Sin

2007 3429 2189 3473 autem
2217 3419 2406 3489 aliqua
2458 3417 2755 3488 contigerit
2803 3415 3057 3479 mutatio,
3105 3412 3338 3474 scilicet,
3376 3409 3424 3465 si
3470 3407 3584 3463 fru-

2006 3511 2201 3578 menti,
2236 3512 2381 3582 quod
2423 3512 2659 3583 emergit
2702 3526 2769 3567 ex
2821 3510 2988 3565 humo
3021 3523 3251 3579 granum
3292 3506 3461 3562 fuerit
3501 3504 3584 3558 tti-

2007 3618 2188 3673 grum,
2225 3620 2333 3658 non
2381 3603 2533 3659 aliud
2582 3619 2759 3675 genus
2809 3611 2918 3667 est,
2979 3601 3073 3657 sed
3130 3598 3289 3670 quasi
3358 3596 3587 3671 morbus

2007 3692 2307 3763 quistiiam,
2344 3703 2398 3747 et
2432 3693 2730 3748 inﬁrmitas
2761 3689 2994 3747 seminis
3028 3705 3149 3745 esse
3193 3695 3436 3760 putatur.
3492 3684 3589 3739 Ni-

2006 3799 2161 3854 grum
2187 3784 2334 3839 enim
2366 3786 2608 3840 colorem
2654 3784 2824 3838 traxit
2864 3783 3052 3838 laesum
3092 3783 3277 3852 iniqua
3316 3781 3399 3836 vel
3431 3795 3590 3851 aspe-

339 3886 397 3924 ra
426 3870 550 3926 cmli
576 3871 921 3942 intemperie.
949 3870 1188 3926 Proinde
1226 3871 1450 3936 dicitur,
1485 3869 1530 3925 si
1570 3870 1767 3926 bonam
1796 3879 1997 3928 terram
2048 3874 2165 3932 sive
2204 3876 2429 3932 uberem
2516 3877 2688 3931 fuerit
2742 3884 2986 3940 nactum,
3074 3886 3394 3945 temperans
3463 3889 3583 3929 tuo-

338 3965 638 4035 derataque
663 3966 932 4022 aﬂlaverit
981 3965 1163 4036 ipsum
1204 3981 1361 4034 aura,
1413 3966 1530 4021 fore
1571 3975 1627 4020 ιιι
1677 3968 1746 4022 ad
1813 3969 2100 4038 antiquam
2177 3973 2365 4028 redeat
2431 3971 2664 4028 formam
2718 3987 2954 4043 eamque
3004 3971 3260 4041 recipiat.
3313 3971 3583 4026 Cmterum

336 4056 629 4128 degeneres
659 4058 846 4115 herba:
868 4059 1283 4121 ctadultcrinte.
1318 4075 1453 4129 quas
1485 4056 1773 4130 Scriptura
1804 4071 1961 4117 vocat
1988 4063 2217 4121 lolium:
2252 4080 2353 4122 nec
2384 4081 2499 4121 non
2557 4066 2793 4133 semina,
2856 4080 2981 4137 qua:
3036 4064 3227 4121 eadem
3300 4062 3584 4132 Scriptura

338 4150 569 4220 appellat
621 4152 878 4215 zizania,
936 4168 1047 4206 non
1086 4168 1154 4207 ex
1216 4151 1480 4207 frumenti
1546 4150 2035 4211 transformatione
2101 4159 2456 4230 gignuntur,
2515 4159 2615 4215 sed
2666 4174 2736 4215 ex
2799 4158 3023 4230 proprio
3076 4156 3319 4228 quodam
3394 4165 3586 4211 exorta

339 4250 469 4295 sunt
518 4244 807 4313 principio.
871 4245 1149 4312 peetliare
1200 4243 1463 4299 habeatia
1513 4260 1714 4313 genus.
1765 4247 1836 4300 At
1905 4257 2102 4320 typum
2167 4259 2369 4324 gerunt
2425 4252 2691 4309 falsorum
2765 4251 3082 4318 doctorum,
3125 4251 3222 4321 qui
3272 4264 3374 4305 sua
3418 4248 3591 4320 pesti-

340 4332 452 4387 fera
482 4333 728 4388 doctrina
760 4336 1019 4391 Ecclesite
1049 4336 1264 4406 corpori
1305 4352 1365 4391 se
1402 4338 1787 4394 commiscent.

422 4426 539 4480 Ἐπὶ
556 4427 612 4481 δὲ
628 4427 735 4480 τῶν
762 4427 1016 4498 δένδρων,
1040 4447 1058 4480 ι
1083 4421 1144 4482 οὗ
1166 4427 1224 4481 τὸ
1253 4428 1473 4499 σπέρμα
1495 4428 1683 4496 αὐτοῦ,
1721 4431 1908 4501 φησιν,

2085 4428 2161 4484 De
2179 4428 2472 4485 arboribus
2491 4428 2626 4483 dicit
2644 4448 2657 4482 :
2679 4426 2878 4497 «Cujus
2894 4440 3080 4481 semen
3102 4423 3157 4477 in
3189 4421 3310 4490 ipso
3333 4422 3424 4486 sit,
3439 4438 3457 4472 ι
3480 4431 3588 4476 etc.

336 4518 397 4571 ἐν
422 4516 591 4590 αὐτῷ,
623 4538 642 4570 ι
678 4518 866 4590 ἐπειδὴ
897 4518 973 4590 μὴ
1022 4519 1421 4589 παραπλησίως
1461 4522 1575 4584 τοῖς
1604 4523 1908 4592 γεννήμασι

2013 4517 2153 4574 Nam
2175 4519 2430 4583 arbores,
2458 4533 2591 4585 non,
2621 4524 2680 4574 ut
2704 4517 2910 4582 herbae,
2944 4515 3182 4570 fructum
3211 4511 3589 4580 ferunt,qncm

334 4608 574 4663 τοιοῦτον
622 4609 779 4680 φέρει
843 4609 911 4663 τὰ
949 4609 1139 4679 δένδρα
1184 4608 1417 4680 καρπὸν,
1465 4609 1606 4663 ὥστε
1648 4611 1808 4664 αὑτὸν
1854 4613 1908 4665 ἐν

2015 4612 2064 4667 si
2107 4620 2257 4667 terra
2292 4613 2603 4683 operueris,
2634 4619 2694 4665 ut
2722 4610 2829 4666 sibi
2869 4608 3108 4664 similem
3150 4603 3415 4676 proferat.
3444 4602 3594 4658 Licet

336 4697 489 4772 χώρᾳ
529 4700 864 4771 σπερμάτων
901 4698 998 4751 ἐπὶ
1022 4700 1120 4769 τῆς
1156 4700 1257 4767 γῆς
1293 4699 1703 4771 καταϐληθέντι
1732 4718 1908 4772 παρα-

2016 4703 2072 4759 id
2102 4717 2479 4772 saepenumero
2506 4702 2741 4769 accidat,
2786 4708 3030 4754 attamen
3070 4698 3280 4753 nullam
3323 4695 3592 4750 rationem

335 4792 568 4861 πλήσιον
615 4791 696 4862 τῷ
728 4789 965 4862 πρόσθεν
1008 4789 1304 4844 ἀποδοῦναι
1337 4790 1429 4845 τὸν
1460 4792 1708 4863 καρπόν·
1739 4794 1787 4846 εί
1820 4794 1915 4847 καὶ

338 4876 631 4945 συμϐαίνει
679 4876 870 4929 τοῦτον
908 4875 1165 4944 γενέσθαι
1208 4877 1488 4943 πολλάκις,
1535 4879 1701 4952 μέρος
1735 4880 1915 4934 αὐτῶν

335 4966 653 5039 ἁσαιρεθὲν,
685 4967 1030 5037 ἐντίθεταιτῇ
1048 4969 1117 5038 γῇ
1138 4969 1517 5041 σπερματικὴν
1542 4970 1665 5041 ἔχον
1693 4971 1789 5043 τὴν
1820 4971 1915 5025 δύ-

333 5077 506 5131 ναμιν
539 5062 634 5113 καὶ
656 5060 818 5131 μένον
849 5060 947 5112 ἐπὶ
975 5058 1199 5126 ταυτού,
1230 5062 1357 5125 τοὺς
1381 5063 1633 5130 ἐτησίους
1666 5064 1917 5133 καρποὺς

335 5151 699 5205 ἀποδίδωσιν·
750 5151 812 5205 ού
870 5149 1013 5204 κατὰ
1044 5150 1145 5221 τὴν
1202 5151 1366 5221 φύσιν
1423 5153 1530 5206 τῶν
1556 5156 1916 5227 γεννημάτων

335 5245 456 5315 ἅμα
478 5243 557 5314 τῷ
578 5242 758 5297 δοῦναι
780 5242 872 5296 τὸν
901 5243 1112 5314 καρπὸν
1135 5244 1751 5317 ἀφαιρούμενονθϋθεν,
1784 5266 1802 5298 ι
1824 5248 1917 5302 ἐπὶ

334 5340 434 5411 τῆς
464 5341 590 5410 γῆς,
630 5359 651 5394 ι
680 5341 905 5404 εἰκότως
943 5342 1252 5414 προσέθηκε
1279 5359 1291 5372 ·
1320 5343 1620 5405 τουτέστιν,
1659 5343 1745 5410 ἐφ’
1799 5342 1920 5407 ἐνὸς

339 5433 604 5503 ἱδρυμένα
629 5433 792 5486 τόπου
829 5432 922 5487 καὶ
957 5432 1204 5502 μένοντα.
1237 5434 1563 5504 Θαυμαστὸν
1591 5433 1648 5487 δὲ
1687 5433 1837 5487 οὐδὲν
1869 5434 1918 5487 εἰ

336 5526 432 5576 ἐπὶ
464 5523 575 5576 τῶν
597 5523 830 5594 δένδρων
873 5520 996 5577 εἶπε
1036 5525 1280 5595 σπέρμα,
1299 5525 1395 5594 τὴν
1426 5523 1807 5595 σπερματικὴν
1829 5524 1920 5579 δύμ-

334 5634 526 5684 ναμιν,
554 5618 685 5672 ὅπου
715 5618 808 5673 καὶ
839 5618 926 5671 ἐπ’
953 5616 1258 5688 ἀνθρώπων
1282 5617 1454 5681 οὕτως
1497 5617 1918 5687 ἐπονομάζεται.

336 5708 505 5762 Ἀλλὰ
534 5709 648 5772 πῶς
672 5750 686 5773 ,
723 5709 910 5777 φασὶν,
952 5711 983 5779 ή
1016 5708 1109 5763 τοῦ
1135 5709 1272 5763 Θεοῦ
1327 5707 1620 5781 πρόσταξις
1678 5709 1775 5763 καὶ
1824 5709 1917 5765 τοῦ

2016 4796 2390 4852 universalem
2422 4806 2684 4866 praestare
2718 4799 2922 4865 potest.
2964 4790 3120 4857 Quod
3154 4788 3222 4845 ad
3256 4788 3484 4847 arbores
3512 4795 3595 4841 at-

2018 4888 2177 4954 tinet,
2218 4903 2328 4943 non
2366 4894 2649 4951 seruntur,
2678 4885 2773 4941 sed
2806 4883 3023 4939 surculi
3079 4882 3209 4938 inde
3251 4880 3494 4952 decerpti
3542 4888 3595 4935 ct

2018 4981 2218 5047 avulsi,
2246 4979 2342 5051 qui
2377 4978 2608 5036 seminis
2637 4977 2748 5033 vim
2797 4984 3011 5043 tenent,
3067 4974 3378 5044 deﬁguntur
3410 4982 3591 5028 terrai.

2018 5070 2289 5127 Praeterea
2333 5072 2562 5129 arbores
2607 5076 2931 5141 permanent
2978 5067 3218 5124 subinde
3266 5066 3595 5121 inhaerentes

2019 5166 2158 5231 solo,
2198 5179 2299 5220 nec
2345 5164 2474 5218 inde
2511 5170 2828 5228 moventur,
2880 5168 2935 5216 et
2985 5161 3067 5216 sic
3115 5173 3327 5214 annuos
3380 5156 3595 5211 fructus

2019 5256 2351 5311 mortalibus
2394 5253 2705 5326 largiuntur
2735 5269 2752 5321 ;
2780 5252 2875 5324 qui
2930 5251 3131 5307 modus
3161 5249 3229 5304 ab
3277 5246 3465 5304 herbis
3511 5256 3597 5303 est

2019 5347 2415 5402 alienissimus.
2458 5345 2803 5416 QuaprOpter
2854 5358 2963 5400 non
2994 5344 3097 5398 abs
3147 5355 3207 5396 re
3253 5338 3545 5410 subiungit
3579 5340 3623 5394 ε’

2025 5457 2045 5490 ι
2090 5438 2266 5508 Super
2296 5446 2525 5501 terram,
2569 5456 2589 5489 ι
2626 5437 2679 5493 id
2714 5444 2822 5505 est,
2864 5437 2918 5491 in
2954 5449 3065 5490 uno
3094 5433 3216 5489 loco
3250 5433 3371 5490 sitae
3409 5432 3598 5504 ibique

2021 5532 2403 5601 persistentes.
2436 5528 2550 5586 Nec
2572 5529 2662 5586 cui
2707 5527 2961 5583 mirabile
2993 5527 3269 5592 videatur,
3301 5525 3351 5581 si
3384 5502 3619 5582 arbori:

2022 5622 2126 5683 bus
2155 5637 2367 5686 semen,
2398 5622 2453 5677 id
2483 5630 2585 5688 est,
2621 5623 2730 5677 vim
2760 5619 3143 5681 seminativatu
3179 5618 3438 5675 attribuit
3465 5658 3482 5685 ,
3516 5618 3596 5674 si-
3676 5650 3687 5657 υ

2022 5714 2244 5785 quidem
2275 5714 2467 5770 cadent
2500 5715 2584 5770 vis
2637 5722 2693 5770 et
2741 5713 2810 5769 de
2869 5713 3188 5770 hominibus
3239 5712 3598 5784 praedicatur.

340 5800 721 5855 συνανατεῖλαι
752 5800 822 5853 τὰ
856 5798 1098 5870 βλαϐερὰ
1146 5799 1296 5854 αἰτία
1349 5800 1666 5870 γεγένηται,
1714 5798 1808 5852 καὶ
1851 5799 1908 5853 τὲ

2028 5807 2225 5861 Verum
2286 5806 2510 5876 quidam
2565 5805 2886 5875 objiciunt:
2947 5804 3086 5876 Ergo
3132 5806 3328 5876 jussus
3374 5802 3596 5859 divinus

339 5892 673 5964 δηλητήριας
717 5895 841 5947 Ὀτι
890 5893 963 5963 μὴ
1008 5894 1323 5949 παντάπασι
1352 5892 1612 5964 βλαϐερὰ,
1650 5892 1822 5965 ἑτέρῳ
1860 5894 1914 5947 δὲ

2027 5914 2190 5951 causa
2224 5905 2325 5963 cst,
2362 5908 2417 5951 ut
2459 5910 2566 5949 non
2598 5896 2776 5951 solum
2808 5897 2964 5951 bona:
2992 5902 3046 5952 et
3102 5894 3355 5952 salubres
3389 5890 3651 5957 subuaf'
