3922 6230
306 440 373 506 81
1411 446 1952 510 CUMMENTARII
1989 445 2070 507 IN
2112 445 2478 508 GENESIN.
2724 445 2732 451 ·
3504 433 3574 493 se

299 563 413 613 tur.
448 551 524 606 sit
546 555 898 623 germinatio,
925 571 992 611 ex
1026 555 1432 627 germinatione
1461 557 1515 612 in
1537 557 1762 612 herbam
1789 571 1887 610 seu
1923 569 2150 625 gramen
2187 555 2280 609 fiat
2337 566 2707 625 progressus:
2741 565 2967 623 gramen
3031 548 3435 604 incrementum
3475 560 3573 600 su-

302 659 458 698 mens
486 646 546 699 lit
580 646 800 702 fenum:
834 648 887 702 in
913 649 1058 703 hunc
1089 649 1313 704 modum
1339 649 1579 712 cunctis,
1617 661 1739 718 quae
1769 655 1912 700 terra
1942 644 2173 715 profert,
2208 645 2480 716 paulatim
2531 659 2652 700 sese
2701 640 3124 713 perlicientihus
3158 679 3174 707 ,
3248 649 3302 695 ct
3372 636 3441 692 ad
3474 635 3575 690 lm-

302 732 472 787 minis
509 738 885 793 maturitatem
931 739 1407 808 pervenientibus.
1448 738 1688 793 Proinde
1744 744 1969 793 secutus
2047 745 2133 792 est
2196 738 2446 792 ordinem
2522 751 2730 799 rerum,
2788 734 2885 803 qui
2929 732 3194 802 deinceps
3245 743 3575 802 permansu-

302 840 398 880 rus
432 839 577 882 erat.
606 828 889 884 Gcrminet
913 839 1057 886 terra
1086 831 1313 901 (inquit)
1337 832 1484 886 nulla
1517 832 1751 887 alterius
1783 844 1887 899 Ope
1923 830 2131 900 indiga.
2160 827 2497 899 Deusjussit
2528 836 2736 885 terram
2768 825 2965 881 vestiri
2996 825 3184 881 herbis
3247 833 3302 879 et
3370 820 3576 892 plantis

300 927 433 973 ante
465 921 801 976 creationem
835 922 974 977 solis
1047 920 1148 977 sed
1197 937 1261 977 ea
1302 922 1370 978 de
1418 937 1612 983 causa,
1667 938 1737 978 ne
1785 922 1913 991 quis
1986 923 2181 987 solem,
2211 922 2331 993 ejus
2377 921 2636 977 effectum
2689 920 3086 982 considerans,
3117 919 3172 971 in
3212 916 3441 971 deormn
3476 929 3578 966 nu—

303 1027 522 1066 merum
603 1013 847 1074 referat,
893 1015 1275 1086 religioneque
1329 1016 1494 1071 colat.
1554 1014 1750 1071 llerbae
1797 1025 1853 1071 et
1931 1016 2196 1086 plantulm
2250 1018 2595 1087 antiquiores
2660 1002 2831 1079 sunt,
2884 1015 3013 1070 licet
3059 1013 3219 1083 \ulgo
3288 1016 3577 1087 τοορριυιιι

301 1103 398 1165 sit,
445 1110 506 1156 ut
543 1103 837 1160 credamus
872 1106 1010 1161 istas
1050 1108 1099 1161 vi
1127 1106 1307 1161 calida
1335 1106 1474 1163 solis
1501 1123 1567 1162 ex
1610 1107 1886 1179 profundo
1927 1107 1981 1163 in
2019 1108 2233 1164 telluris
2269 1107 2617 1179 superﬁciem
2648 1107 2892 1164 evocari.
3547 1076 3588 1116 θ

374 1199 621 1268 Βπὰνην
650 1201 705 1254 δὲ
727 1201 924 1271 χόρτου
963 1201 1029 1255 τὰ
1062 1203 1127 1255 ἐκ
1153 1203 1258 1272 γῆς
1292 1203 1538 1274 φυόμενα
1572 1205 1751 1259 πάντα
1788 1221 1891 1258 κα-

2067 1204 2305 1260 llerbam
2364 1203 2634 1275 graminis
2686 1213 2849 1258 vocat
2894 1200 3110 1266 omnia,
3149 1214 3271 1271 quae
3320 1213 3382 1254 ex
3425 1206 3572 1252 terra

298 1290 405 1352 λεί,
442 1294 552 1344 εἴτε
583 1292 931 1364 αὐτομάτως,
959 1294 1069 1347 εἴτε
1096 1295 1429 1366 σπειρόντων
1473 1295 1653 1367 ἡμῶν,
1687 1296 1786 1349 ὅσα
1820 1294 1896 1367 μὴ

305 1382 468 1448 ξύλου
512 1383 833 1455 μετέχοντα,
890 1386 1007 1456 ἅμα
1061 1387 1141 1458 τῷ
1185 1391 1492 1462 παρασχεῖν
1536 1390 1628 1443 τὸν
1695 1391 1895 1443 οἰκεῖον

307 1475 527 1543 καρπὸν
558 1476 875 1546 ἀφαιρεῖται
916 1478 1015 1548 τῆς
1060 1479 1183 1549 γῆς,
1228 1481 1422 1552 χόρτου
1450 1480 1573 1535 τινὰ
1602 1481 1753 1548 τάξιν
1781 1483 1897 1546 τοῖς

306 1566 616 1636 ἀνθρώποις
641 1569 751 1638 πλη
761 1569 959 1639 ροῦντα
978 1586 991 1599 ·
1012 1570 1087 1635 ὼς
1109 1571 1195 1625 ἓτε
1206 1589 1297 1640 ρον
1331 1571 1565 1645 καρπὸν,
1595 1574 1643 1626 εί
1679 1574 1770 1627 καὶ
1798 1572 1896 1644 μέ-

308 1675 409 1721 νοι,
450 1660 524 1729 μὴ
559 1660 818 1730 παρέχειν
853 1660 1154 1732 δυνάμενα.
1190 1662 1410 1735 Τούτων
1440 1662 1551 1735 γὰρ
1582 1663 1719 1735 πρὸς
1757 1665 1900 1718 ἀντι-

306 1749 573 1821 διαίρεσιν
608 1754 860 1823 ἐπήγαγε
887 1753 970 1819 τὺ,
997 1773 1015 1805 ι
1047 1754 1158 1807 Καλ⁸
1184 1753 1341 1818 ξύλον
1381 1754 1660 1826 κάρπιμον
1708 1753 1899 1809 ποιοῦν

310 1843 523 1912 καρπόν
551 1858 564 1869 ’
594 1863 613 1896 ›
642 1847 733 1898 ἐπὶ
762 1847 873 1915 γὰρ
904 1845 1111 1900 τούτων
1134 1847 1229 1900 τοῦ
1245 1847 1462 1919 καρποῦ
1486 1847 1781 1918 ληφθέντος
1802 1847 1898 1918 μέ·

310 1936 478 1989 νειτδ
509 1937 748 2008 δένδρον,
792 1938 886 1991 τὸν
934 1939 1099 1992 αὑτὸν
1151 1940 1209 1993 ἐν
1251 1938 1330 2010 τῷ
1377 1939 1677 2010 καθήκοντι
1717 1925 1896 2011 καιρῷ

306 2030 423 2090 τοῖς
460 2028 773 2099 ἀνθρώποις
818 2030 1061 2101 παρέχον
1097 2032 1329 2102 καρπόν.
1387 2027 1510 2085 Οἷδε
1562 2032 1661 2102 μὲν
1692 2031 1784 2085 οὖν
1812 2032 1901 2086 λέο

308 2135 427 2187 γειν
454 2123 487 2188 ἡ
514 2122 708 2193 Γραφὴ
742 2124 836 2178 καὶ
862 2125 958 2177 ἐπὶ
988 2123 1097 2177 τῶν
1129 2124 1491 2196 γεννημάτων
1521 2124 1613 2178 τὸν
1642 2125 1856 2194 καρπόν
1881 2142 1895 2156 ·

312 2227 336 2260 ι
365 2210 472 2264 Καὶ
501 2212 721 2282 ἐποίησε
749 2213 962 2284 καρπὸν
986 2213 1080 2267 τοῦ
1096 2216 1483 2285 γεννήματος,›
1517 2215 1902 2279 λέγουσα.Ἐν-

306 2299 483 2355 ταῦοα
495 2301 553 2354 δὲ
568 2303 700 2373 πρὸς
712 2303 1099 2375 ὰντιδιαίρεσιν
1113 2302 1324 2374 εἴρηται
1337 2305 1428 2359 τοῦ
1452 2325 1470 2357 ι
1491 2308 1712 2378 σπεῖρον
1731 2306 1900 2378 σπέρ-

310 2410 389 2462 μα
410 2409 459 2444 ἰ
484 2396 513 2447 ὁ
535 2395 646 2465 γὰρ
673 2396 881 2450 τούτων
906 2397 1140 2469 καρπδς,
1165 2397 1482 2469 κριθῆςχαὶ
1502 2399 1647 2452 σίτου
1668 2402 1762 2454 καὶ
1791 2399 1900 2453 τῶν

308 2483 707 2556 ἇλλω·ι,φημὶ,
757 2488 983 2560 σπέρμα
1029 2489 1246 2559 γίνεται
1284 2488 1421 2560 πρὸς
1464 2489 1561 2561 τὴν
1606 2491 1687 2554 είς
1743 2485 1901 2553 αὖθις

310 2577 540 2648 σποράν.
560 2578 669 2632 Καὶ
702 2598 722 2630 ι
752 2556 916 2634 κατά
939 2556 1095 2649 γένος
1138 2599 1158 2632 ι
1183 2556 1376 2651 φησιν’
1435 2556 1620 2652 ἐπειδὴ
1677 2581 1900 2653 σπέρμα
1932 2556 1973 2613 Β

308 2667 540 2721 ἕκαστον
566 2666 626 2723 τὸ
648 2671 847 2725 οἰκεῖον
875 2673 1206 2727 ἀποδίδωσιν
1237 2670 1376 2737 εἶδος
1398 2674 1455 2726 ἐν
1484 2676 1598 2737 τοῖς
1624 2673 1684 2739 ἐξ
1719 2673 1887 2728 αὑτοῦ

310 2763 624 2833 γινομένοις
649 2767 902 2843 καρποῖς.
943 2766 1006 2819 Εἰ
1045 2766 1101 2820 δέ
1132 2784 1216 2831 τις
1245 2767 1455 2836 γένοιτο
1482 2766 1675 2822 τούτου
1721 2785 1898 2839 παρα-

309 2855 511 2927 τροπὴ,
551 2857 837 2929 ἀναδοθείη
884 2858 941 2912 δὲ
971 2858 1133 2930 τυχὸν
1190 2859 1360 2931 μέλας
1399 2862 1462 2914 ἐκ
1489 2860 1583 2914 τοῦ
1619 2860 1766 2913 σίτου
1797 2877 1898 2913 πυ-

312 2949 431 3020 ρὸς,
467 2951 564 3022 οὐχ
610 2952 795 3025 ἕτερον
827 2953 984 3022 γένος
1005 2956 1173 3022 ἐστὶν,
1209 2954 1372 3007 οἱονεὶ
1397 2954 1455 3008 δὲ
1484 2954 1639 3021 νόσος
1673 2972 1757 3018 τις
1800 2955 1896 3010 καὶ

310 3040 598 3112 ἀρρωστία
631 3042 722 3096 τοῦ
756 3044 1069 3115 σπέρματος
1094 3060 1108 3074 ’
1145 3044 1418 3116 ἐμελάνοη
1471 3044 1580 3116 γὰρ
1612 3045 1898 3118 περικαεὶς

310 3135 385 3203 τῇ
418 3131 512 3185 τοῦ
564 3133 767 3204 κρύους
814 3134 1112 3207 ὑπερϐολῇ.
1165 3133 1473 3206 Τοιγαροῦν
1529 3135 1755 3206 λέγεται
1793 3137 1897 3207 γῆς

314 3225 629 3295 ἐπιτηδείας
655 3227 752 3280 καὶ
783 3226 1065 3299 εὐκράτων
1099 3227 1277 3298 ἀέρων
1314 3227 1730 3299 ἐπιλαϐόμενος,
1757 3229 1897 3299 πρὸς

313 3317 382 3368 τὸ
406 3320 634 3387 ἀρχαῖον
665 3315 798 3383 εἶδος
822 3319 1122 3374 ἐπανιέναι.
1146 3320 1211 3372 Ἣ
1239 3319 1296 3373 δὲ
1330 3319 1600 3391 λεγομένη
1636 3316 1772 3385 αῖρα
1802 3320 1898 3374 καὶ

313 3410 423 3462 ὅσα
470 3409 633 3464 λοιπά
684 3409 814 3464 νόθα
867 3411 1181 3483 σπέρματα,
1226 3410 1262 3466 ἃ
1307 3411 1371 3483 δὴ
1402 3408 1622 3472 ζὶζάνιά
1653 3429 1817 3482 φησιν
1862 3415 1896 3482 ἡ

314 3500 538 3569 Γραερὴ,
573 3501 676 3554 οὐκ
731 3502 796 3555 ἐκ
827 3500 927 3571 τῆς
976 3501 1071 3555 τοῦ
1109 3501 1255 3555 σίτου
1303 3500 1627 3572 μεταϐολῆς,
1690 3501 1807 3558 ἀλλ’
1840 3503 1900 3571 ἐξ

313 3594 531 3656 οἰκείας
555 3593 733 3664 ἀρχῆς
766 3594 998 3665 ὑπέστη,
1043 3593 1176 3647 ἴδιον
1204 3593 1396 3665 ἔχοντα
1422 3592 1578 3664 γένος
1603 3611 1615 3621 ·
1651 3592 1792 3668 ἆπερ
1820 3596 1901 3649 εί-

316 3682 456 3736 κόνα
486 3682 639 3755 φέρει
669 3684 771 3754 τῆς
803 3683 909 3737 τῶν
942 3684 1438 3755 ἐτεροδιδασκάλων
1474 3683 1610 3755 πρὸς
1648 3683 1707 3737 τὸ
1742 3685 1902 3757 σῶμα

313 3772 425 3843 τῆς
454 3774 784 3847 Ἐκκλησίας
811 3775 1244 3846 ἐγκαταμίξεως.

1997 1300 2355 1369 proveniunt,
2390 1297 2507 1351 sive
2559 1311 2661 1352 sua
2699 1301 2901 1366 sponte
2933 1293 3052 1349 sive
3083 1292 3375 1355 seminata,
3406 1298 3462 1345 et
3497 1289 3575 1344 si-

1996 1391 2109 1443 mul
2158 1404 2283 1444 cum
2320 1388 2504 1444 fructu
2546 1387 2876 1443 auferuntur
2914 1386 2980 1441 de
3007 1384 3301 1454 superlicie
3335 1381 3569 1435 telluris.

1996 1477 2118 1534 Huc
2170 1477 2482 1533 referantur
2545 1484 2601 1533 et
2633 1476 2728 1531 illa
2761 1490 2886 1548 qua:
2928 1473 3042 1530 feni
3108 1488 3267 1529 usum
3337 1470 3576 1525 homini-
3614 1510 3617 1511 ν

1994 1568 2100 1624 bus
2155 1576 2444 1639 praestant,
2500 1565 2660 1638 quasi
2716 1565 2887 1620 alium
2941 1579 3051 1619 non
3113 1562 3436 1618 contineant
3490 1562 3573 1615 vel

1998 1663 2246 1733 praebere
2297 1662 2516 1733 possint
2571 1658 2836 1726 fructum,
2870 1657 2976 1714 etsi
3032 1671 3143 1712 non
3201 1655 3572 1711 demetantur.

1997 1756 2269 1810 Caeterum
2303 1754 2371 1809 ad
2410 1755 2608 1809 horum
2649 1751 3015 1808 diti‘erentiam
3046 1747 3281 1814 induxit,
3322 1762 3449 1818 qua:
3490 1761 3577 1802 se-

1997 1854 2288 1916 quuntur:
2327 1863 2346 1897 «ι
2421 1843 2488 1898 Et
2544 1844 2755 1914 lignum
2813 1839 3147 1912 frugiferum
3202 1838 3413 1895 faciens
3453 1837 3572 1892 frn-

1998 1948 2168 1993 ctum.
2209 1955 2228 1989 ›
2270 1935 2406 1992 Nam
2442 1935 2548 1991 etsi
2581 1935 2762 2006 pomis
2788 1940 3063 1990 exuantur
3096 1941 3151 1987 et
3183 1932 3342 2003 quasi
3372 1929 3576 2000 despo-

1998 2028 2207 2084 lientur
2242 2027 2490 2091 arbores,
2532 2033 2773 2079 attamen
2810 2022 2994 2078 arbori
3026 2022 3166 2077 nihil
3200 2019 3577 2077 incommoda-

1998 2130 2134 2177 tnr:
2175 2119 2375 2175 eadem
2418 2116 2653 2173 subinde
2684 2120 2967 2187 permanet
3018 2127 3121 2170 suo
3173 2120 3434 2187 tempore
3470 2109 3573 2164 ite-

2000 2229 2122 2269 rum
2168 2211 2492 2266 mortalibus
2522 2207 2761 2272 J‘ructus
2791 2207 3026 2264 donans.
3073 2207 3236 2263 Novit
3290 2204 3576 2274 Scriptura

1999 2313 2047 2361 et
2085 2304 2153 2359 de
2179 2303 2523 2374 graminibus
2550 2300 2851 2372 pnedicare
2877 2300 3134 2356 fructum.
3175 2298 3455 2370 Siquidem
3489 2297 3575 2350 in-

2000 2398 2120 2470 quit
2152 2415 2167 2454 :
2210 2397 2360 2452 Fecit
2395 2394 2540 2452 Deus
2573 2394 2816 2450 fructum
2847 2393 3134 2467 germinis,
3157 2393 3242 2448 vel
3284 2391 3571 2463 graminis.

2000 2489 2276 2546 Caeterum
2322 2496 2377 2544 et
2409 2488 2515 2543 hoc
2567 2486 2891 2543 diﬂ‘erentiae
2947 2486 3124 2559 gratia
3159 2485 3382 2541 dicitur.
3415 2482 3577 2537 Ponit

2002 2583 2203 2639 etenim
2247 2581 2660 2638 distinctionem
2693 2580 2836 2635 inter
2859 2593 3086 2652 gramen
3107 2577 3218 2650 24
3236 2578 3320 2633 vel
3351 2576 3574 2632 herbam

2000 2673 2447 2741 fructiﬁcantem,
2482 2682 2538 2729 et
2583 2674 2728 2729 inter
2757 2673 3011 2736 herbam,
3068 2687 3193 2743 quae
3240 2671 3451 2725 nullmn
3487 2685 3576 2724 se-

1999 2784 2125 2823 cum
2162 2766 2423 2834 fructum,
2456 2777 2656 2837 praeter
2690 2781 2900 2833 semen,
2954 2763 3131 2820 aﬂ‘ert.
3181 2762 3406 2827 Hordei,
3461 2760 3578 2815 frn-

2000 2863 2193 2928 menti,
2228 2861 2575 2931 aliorumque
2607 2876 2720 2915 non
2772 2857 3127 2923 dissimilium
3179 2850 3396 2911 fructus
3444 2851 3578 2924 quid

1998 2953 2148 3009 aliud
2192 2953 2422 3021 dixeris,
2459 2968 2625 3024 quam
2677 2966 2864 3008 semen
2921 2948 3066 3020 quod
3121 2947 3319 3003 deinde
3376 2946 3575 3000 iterum

1998 3044 2367 3101 committitur
2394 3044 2586 3112 sulcis,
2627 3052 2686 3099 ut
2715 3058 2911 3100 eorum
2961 3041 3142 3097 fructu
3178 3040 3423 3095 humana
3464 3036 3575 3091 vita

1999 3137 2335 3209 adjuvetur?
2363 3135 2520 3204 Quod
2546 3136 2727 3208 inquit
2756 3153 2770 3192 :
2799 3154 2819 3187 ι
2850 3133 3169 3190 Secundum
3195 3146 3391 3204 genus,
3421 3148 3439 3181 ι
3467 3140 3576 3183 etc.

2001 3231 2283 3303 Siquidem
2319 3231 2536 3305 singula
2570 3231 2779 3288 semina
2827 3245 2983 3286 suam
3040 3226 3276 3282 reddunt
3333 3222 3575 3294 speciem

2000 3324 2056 3379 in
2086 3324 2386 3392 fructibus,
2432 3324 2528 3395 qui
2578 3339 2643 3380 ex
2689 3322 2993 3378 seminibus
3033 3317 3440 3392 percipiuntur.
3479 3312 3577 3368 Sin

1999 3427 2181 3471 autem
2210 3417 2399 3487 aliqua
2451 3416 2747 3486 contigerit
2795 3414 3050 3479 mutatio,
3098 3411 3330 3474 scilicet,
3368 3408 3416 3465 si
3463 3406 3577 3462 fru-

1999 3509 2194 3575 menti,
2228 3510 2373 3580 quod
2415 3510 2651 3581 emergit
2694 3524 2761 3566 ex
2813 3508 2981 3563 humo
3013 3522 3243 3578 granum
3284 3505 3453 3561 fuerit
3493 3504 3576 3558 ni-

1998 3616 2180 3671 grum,
2217 3618 2325 3656 non
2373 3601 2526 3657 aliud
2574 3617 2750 3673 genus
2801 3609 2910 3666 est,
2971 3599 3065 3656 sed
3122 3598 3282 3669 quasi
3349 3597 3579 3671 morbus

2000 3690 2299 3760 quispiam,
2336 3700 2390 3746 et
2424 3691 2721 3745 inﬁrmitas
2752 3688 2986 3746 seminis
3020 3704 3141 3745 esse
3185 3695 3428 3759 putatur.
3484 3684 3581 3739 Ni-

1998 3796 2153 3851 grum
2179 3782 2326 3837 enim
2357 3783 2600 3838 colorem
2646 3783 2816 3837 traxit
2855 3782 3043 3837 laesum
3084 3782 3269 3852 iniqua
3308 3780 3390 3836 vel
3423 3795 3582 3850 aspe-

318 3882 387 3919 ra
417 3865 543 3922 ειειί
569 3867 913 3938 intemperie.
940 3866 1181 3922 Proinde
1218 3867 1442 3932 dicitur,
1477 3867 1522 3923 si
1560 3867 1759 3922 bonam
1788 3877 1988 3925 terram
2040 3872 2156 3929 sive
2196 3874 2420 3929 uberem
2508 3875 2680 3929 fuerit
2733 3883 2978 3939 nactum,
3066 3884 3386 3944 temperans
3454 3889 3575 3928 mo-

318 3961 632 4030 derateque
657 3961 923 4017 aﬂlaverit
972 3960 1155 4032 ipsum
1196 3977 1353 4031 aura,
1405 3962 1522 4018 fore
1563 3972 1618 4017 ut
1669 3964 1736 4019 ad
1805 3966 2091 4036 antiquam
2169 3971 2357 4025 redeat
2422 3969 2655 4025 formam
2710 3986 2945 4042 eamque
2995 3970 3252 4040 recipiat.
3304 3969 3575 4026 Caeterum

317 4052 624 4123 degeneres
652 4052 839 4110 herbae
860 4063 915 4111 et
935 4055 1275 4116 adulterinae,
1310 4072 1445 4126 quas
1477 4053 1765 4126 Scriptura
1795 4068 1953 4114 vocat
1980 4060 2165 4117 lolium
2189 4078 2209 4118 :
2243 4079 2345 4119 nec
2375 4079 2491 4119 non
2548 4064 2784 4131 semina,
2847 4080 2972 4135 qua:
3028 4063 3219 4120 eadem
3292 4062 3576 4132 Scriptura

318 4146 562 4216 appellat
615 4147 870 4210 zizania,
928 4164 1039 4202 non
1078 4164 1146 4202 ex
1208 4147 1473 4204 frumenti
1538 4147 2027 4208 transformatione
2092 4156 2448 4228 gignuntur,
2507 4156 2606 4212 sed
2657 4172 2727 4213 ex
2790 4157 3014 4228 preprio
3067 4155 3311 4228 quodam
3385 4165 3577 4210 exorta

317 4245 457 4291 sunt
510 4239 800 4308 principio,
862 4241 1141 4308 peetliare
1191 4240 1454 4296 habentia
1504 4257 1705 4311 genus.
1756 4244 1827 4297 At
1896 4254 2093 4317 typum
2158 4257 2361 4321 gerunt
2417 4250 2683 4307 falsorum
2755 4250 3073 4316 doctorum,
3117 4249 3213 4320 qui
3264 4263 3365 4304 sua
3409 4247 3582 4319 pesti-

319 4329 442 4385 fera
470 4328 721 4384 doctrina
753 4332 1011 4387 Ecclesia:
1039 4333 1256 4402 corpori
1297 4348 1356 4387 se
1393 4334 1777 4391 commiscent.

411 4422 533 4475 Ἐπὶ
550 4422 727 4476 ﬁeri»)
753 4422 1007 4494 δένδρων,
1032 4443 1049 4475 ι
1074 4417 1134 4478 οὗ
1157 4423 1215 4477 τὸ
1244 4425 1464 4494 σπέρμα
1486 4425 1674 4492 αὑτοῦ,
1712 4428 1900 4498 φησιν,

2076 4425 2152 4482 De
2170 4425 2464 4482 arboribus
2482 4425 2648 4481 dicit:
2669 4424 2868 4495 «Cujus
2885 4438 3071 4480 semen
3093 4421 3147 4477 in
3180 4420 3301 4489 ipso
3324 4420 3415 4486 sit,
3430 4439 3448 4471 ι
3470 4430 3579 4476 etc.

314 4515 383 4568 ἐν
410 4512 584 4585 αὐτῷ,
616 4533 636 4566 ι
669 4513 859 4586 ἐπειδὴ
888 4514 963 4586 μὴ
1013 4515 1412 4585 παραπλησίως
1452 4518 1565 4581 τοῖς
1594 4520 1902 4589 γεννήμασι

313 4603 567 4659 τοιοῦτον
616 4605 770 4676 φέρει
834 4605 902 4659 τὰ
938 4604 1129 4675 δένδρα
1174 4604 1409 4676 καρπὸν,
1456 4606 1597 4660 ὥστε
1638 4608 1799 4661 αὑτὸν
1845 4611 1904 4663 ἐν

313 4694 478 4768 χώρᾳ
523 4695 854 4766 σπερμάτων
892 4694 988 4747 ἐπὶ
1012 4696 1109 4765 τῆς
1146 4696 1247 4763 γῆς
1283 4696 1694 4768 καταϐληθέντι
1722 4715 1904 4769 παρα-

313 4788 561 4856 πλήσιον
608 4786 687 4857 τῷ
721 4785 954 4857 πρόσθεν
998 4785 1294 4840 ἀποδοῦναι
1328 4787 1420 4841 τὸν
1451 4789 1698 4860 καρπόν·
1730 4791 1777 4843 ει
1810 4790 1906 4845 καλ⁸

315 4871 625 4941 συμϐαίνει
672 4871 861 4925 τοῦτον
899 4870 1155 4941 γενέσθαι
1198 4873 1478 4940 πολλάκις,
1527 4876 1691 4948 μέρος
1725 4877 1905 4931 αὐτῶν

311 4961 647 5036 ἀφαιρεθὲν,
678 4962 1020 5033 ἐντίοεταιτῇ
1038 4965 1106 5034 γῇ
1127 4965 1507 5037 σπερματικὴν
1533 4966 1655 5038 ἕχον
1683 4968 1779 5041 τὴν
1810 4968 1905 5022 δύ-

309 5073 495 5127 ναμιν
532 5057 627 5108 καὶ
650 5054 809 5126 μένον
841 5056 936 5108 ἐπὶ
964 5055 1189 5123 ταυτοῦ,
1220 5059 1347 5122 τοὺς
1371 5059 1623 5126 ἐτησίους
1656 5062 1907 5130 καρποὺς

310 5147 691 5203 ἀποδίδωσιν·
742 5147 803 5200 οὐ
860 5145 1003 5200 κατὰ
1034 5146 1134 5217 τὴν
1192 5147 1355 5216 φύσιν
1413 5150 1520 5203 τῶν
1546 5153 1906 5224 γεννημάτων

308 5243 442 5313 ἅμα
465 5237 551 5309 τῷ
571 5236 750 5292 δοῦναι
771 5238 861 5293 τὸν
892 5240 1101 5309 καρπὸν
1124 5239 1740 5313 ἀφαιρούμενον.Ὄθεν,
1774 5263 1792 5295 ι
1814 5246 1907 5299 ἐπὶ

307 5338 420 5408 τῆς
450 5337 582 5406 γῆς,
624 5354 645 5388 ι
673 5337 895 5400 εἰκότως
933 5337 1242 5410 προσέθηκε
1268 5355 1280 5368 ·
1310 5340 1609 5402 τουτέστιν,
1649 5340 1734 5407 ἐφ’
1788 5339 1909 5404 ἐνὸς

312 5428 596 5501 ἱδρυμένα
622 5427 783 5481 τόπου
820 5428 913 5483 καὶ
947 5429 1193 5499 μένοντα.
1226 5430 1552 5500 Θαυμαστὸν
1580 5430 1637 5484 δὲ
1676 5430 1827 5484 οὐδὲν
1857 5432 1908 5483 εί

308 5522 417 5575 ἐπὶ
449 5518 567 5572 τῶν
589 5518 820 5589 δένδρων
862 5515 986 5573 εἷπε
1025 5520 1269 5591 σπέρμα,
1288 5521 1385 5590 τὴν
1416 5520 1796 5592 σπερματικὴν
1818 5521 1910 5577 δύ-

308 5632 517 5681 ναμιν,
546 5613 680 5666 ὅπου
708 5614 800 5667 καὶ
830 5613 916 5666 ἐπ’
942 5612 1247 5684 ἀνθρώπων
1270 5614 1443 5677 οὕτως
1486 5615 1907 5684 ἐπονομάζεται.

310 5704 492 5760 Ἀλὶὰ
526 5704 643 5767 πῶς
666 5744 681 5767 ,
717 5705 899 5772 φασιν,
941 5707 972 5775 ἡ
1004 5705 1098 5759 τοῦ
1123 5705 1261 5759 Θεοῦ
1316 5704 1609 5778 πρόσταξις
1666 5706 1764 5760 καὶ
1812 5706 1906 5761 τοῦ

2004 4515 2143 4571 Nam
2165 4516 2422 4581 arbores,
2449 4531 2582 4583 non,
2612 4523 2671 4571 ut
2693 4516 2900 4581 herbae,
2935 4514 3172 4569 fructum
3202 4510 3580 4579 ferunt,quem

2006 4609 2054 4665 si
2098 4617 2248 4665 terra
2284 4610 2593 4681 operueris,
2624 4618 2684 4663 ut
2714 4609 2819 4664 sibi
2843 4607 3098 4663 similem
3140 4602 3406 4675 proferat.
3436 4602 3585 4657 Licet

2006 4701 2062 4757 id
2093 4716 2469 4769 saepenumero
2496 4700 2731 4767 accidat,
2776 4706 3021 4753 attamen
3061 4698 3270 4752 nullam
3314 4694 3582 4750 rationem

2006 4793 2380 4850 universalem
2412 4803 2674 4864 praestare
2708 4798 2912 4864 potest.
2954 4788 3110 4855 Quod
3144 4787 3212 4844 ad
3245 4787 3475 4857 arbores
3503 4795 3585 4840 at-

2008 4886 2167 4952 tinet,
2207 4901 2318 4941 non
2357 4892 2639 4949 seruntur,
2668 4883 2762 4939 sed
2797 4882 3013 4937 surculi
3069 4880 3199 4937 inde
3241 4880 3485 4950 decerpti
3532 4887 3585 4935 et

2008 4978 2207 5045 avulsi,
2236 4977 2332 5048 qui
2367 4976 2598 5033 seminis
2626 4976 2738 5031 vim
2787 4982 3001 5042 tenent,
3057 4973 3368 5044 deﬁguntur
3400 4981 3582 5028 terrae.

2008 5067 2279 5125 Praeterea
2323 5070 2550 5126 arbores
2597 5075 2920 5139 permanent
2968 5065 3207 5122 subinde
3256 5066 3584 5120 inhaerentes

2008 5163 2147 5229 solo,
2188 5176 2289 5217 nec
2334 5161 2463 5216 inde
2500 5169 2817 5226 moventur,
2868 5166 2925 5215 et
2975 5159 3057 5215 sic
3105 5173 3317 5213 annuos
3370 5156 3584 5210 fructus

2009 5253 2341 5309 mortalibus
2384 5251 2695 5324 largiuntur
2724 5268 2741 5319 ;
2770 5251 2864 5323 qui
2921 5250 3120 5306 modus
3150 5248 3218 5304 ab
3266 5246 3455 5303 herbis
3500 5255 3586 5303 est

2009 5344 2405 5399 alienissimus.
2448 5343 2792 5414 Quapropter
2843 5356 2953 5398 non
2983 5342 3085 5396 abs
3136 5354 3196 5395 re
3243 5338 3534 5410 subiungit
3568 5338 3613 5393 :"

2015 5454 2034 5487 ι
2079 5435 2255 5506 Super
2285 5443 2514 5499 terram,
2559 5454 2578 5488 ι
2616 5436 2668 5491 id
2704 5442 2811 5503 est,
2852 5435 2907 5489 in
2943 5447 3054 5488 uno
3083 5432 3205 5488 loco
3239 5432 3360 5489 sitm
3398 5432 3605 5506 ibique;

2010 5529 2392 5598 persistentes.
2425 5526 2539 5583 Nec
2560 5527 2651 5584 cui
2696 5525 2950 5582 mirabile
2982 5525 3258 5592 videatur,
3290 5524 3340 5580 si
3373 5501 3608 5581 arbori:

2010 5619 2115 5681 bus
2144 5635 2357 5685 semen,
2387 5620 2442 5674 id
2472 5628 2575 5686 est,
2610 5621 2719 5675 vim
2749 5617 3131 5676 seminativam
3169 5617 3427 5673 attribuit
3454 5657 3471 5684 ,
3505 5617 3584 5673 si-
3664 5650 3675 5657 -

2011 5712 2233 5782 quidem
2264 5713 2456 5768 eadem
2488 5713 2573 5768 vis
2625 5720 2680 5767 et
2729 5711 2798 5767 de
2857 5711 3176 5769 hominibus
3227 5711 3587 5783 praedicatur.

314 5794 715 5849 συνανατεῦαι
745 5796 813 5848 τὰ
844 5794 1086 5866 βλαϐερὰ
1134 5795 1285 5850 αἰτία
1337 5796 1654 5867 γεγένηται,
1702 5796 1796 5849 καὶ
1840 5796 1900 5850 τὰ

2017 5804 2214 5859 Verum
2275 5804 2498 5875 quidam
2554 5803 2874 5874 objiciunt:
2935 5802 3073 5875 Ergo
3120 5805 3316 5875 jussus
3363 5802 3586 5858 divinus

315 5887 666 5960 δηλητήριας
710 5889 830 5942 Ὀτι
878 5888 951 5959 μὴ
996 5891 1312 5945 παντάπασι
1340 5889 1601 5961 βλαϐερὰ,
1638 5890 1811 5962 ἑτέρῳ
1848 5891 1903 5945 δὲ

2015 5911 2179 5949 cmtsa
2213 5902 2314 5961 est,
2351 5906 2405 5949 ut
2447 5909 2554 5947 non
2587 5894 2763 5949 solum
2795 5895 2952 5949 bona:
2980 5901 3034 5950 et
3090 5893 3343 5950 salubres
3378 5891 3583 5949 subna-
