3922 6230
334 314 406 380 85
1455 306 1986 380 COMMENTARII
2012 312 2096 379 IN
2131 306 2495 380 GENESIN.
3517 308 3590 374 85

334 423 507 501 λίττῳ
549 430 643 484 καὶ
692 429 885 501 ὥσπερ
940 430 1206 501 ὲπιλὲκτιμ
1251 431 1350 500 τῆς
1406 430 1510 503 γῆς
1553 431 1911 495 καταστάντες

2022 436 2167 487 stum
2196 433 2249 486 in
2283 428 2564 503 parabolis
2600 425 2882 490 docuisse,
2914 423 3086 480 Deum
3123 435 3422 494 apparasse
3449 434 3588 477 con-

338 520 436 571 ὶπὶ
475 522 653 591 τρυφῇ
675 537 690 550 ο
723 515 793 591 ἧς
823 520 1041 584 ἑκόντες
1069 521 1228 591 ἡμεῖς
1291 520 1749 591 ἐκπεπτώκαμεν.
1795 520 1919 573 Δεί-

339 627 541 665 κνυται
582 612 641 664 δὲ
673 613 756 666 ὅτι
780 613 991 677 τάξεως
1042 612 1205 666 ἓνεκα
1236 612 1266 664 6
1308 612 1540 686 ἀριθμὸς
1568 612 1677 667 τῶν
1696 602 1919 684 ἡμερῶν

337 698 550 753 τούτων
588 701 962 773 παρείληπται
1001 703 1097 756 καὶ
1143 703 1282 774 πρὸς
1319 703 1418 775 τὴν
1454 703 1729 773 ἡμετέραν
1756 692 1919 757 ἀσθέ-

339 807 514 855 νειαν,
549 790 724 856 illo»;
756 793 832 863 μὴ
870 793 1184 864 δυναμένων
1208 796 1348 847 νοεῖν
1378 793 1486 848 τῶν
1511 794 1722 865 ἁθρόως
1761 811 1918 864 γενοο

342 881 524 950 μένων
575 883 674 955 τὴν
718 885 960 956 ποίησιν.
1022 886 1110 949 Ὠς
1156 886 1265 956 γὰρ
1309 886 1378 939 τὰ
1415 884 1644 957 σώματα
1692 887 1808 959 ἃμα
1850 891 1918 960 τῇ

337 974 644 1059 ὑποστάσει
669 977 763 1029 καὶ
792 976 992 1048 χρῶμα
1036 978 1129 1029 καὶ
1161 977 1387 1047 μέγεθος
1412 977 1546 1048 ἔχει,
1592 980 1687 1033 καὶ
1723 979 1822 1033 οὐκ
1861 983 1919 1034 ὲν

338 1067 521 1136 χρόνῳ
557 1069 808 1123 διεστῶτι
864 1071 1111 1143 ἀλλήλων
1152 1071 1428 1140 ὑφέστηκε
1476 1073 1814 1144 χωρισμένα,
1850 1074 1916 1146 τῇ

333 1157 391 1210 δὲ
416 1160 637 1232 ἐπινοίᾳ
664 1162 724 1213 τὸ
754 1162 851 1231 μὲν
886 1161 1069 1217 αὐτῶν
1111 1162 1377 1234 πρότερόν
1411 1163 1550 1228 ἐστι,
1577 1164 1640 1218 τὸ
1659 1164 1715 1218 δὲ
1737 1164 1920 1218 δεύτε-

336 1265 454 1317 ρον,
484 1249 628 1305 οὕτω
653 1253 747 1306 καὶ
778 1256 837 1306 ὲν
862 1253 1018 1318 τάξει
1053 1254 1340 1324 γενόμενος
1368 1257 1397 1308 6
1428 1255 1631 1326 κόσμος
1658 1256 1719 1309 ού
1742 1257 1921 1329 χρόνῳ

335 1341 483 1394 ἀλλὰ
510 1345 577 1413 τῇ
609 1343 847 1416 ἁρμονίᾳ.
874 1345 1281 1398 συντετέλεσται
1300 1363 1314 1377 ·
1346 1346 1466 1399 οὐδὲ
1496 1346 1605 1418 γὰρ
1624 1346 1685 1399 τὸ
1708 1348 1807 1417 μὲν
1830 1349 1919 1418 γέ-

332 1448 465 1498 γονε
500 1432 590 1486 τοῦ
622 1435 853 1505 κόσμου,
886 1435 947 1488 τδ
972 1436 1027 1488 δὲ
1057 1434 1243 1489 λεῖπον
1272 1435 1588 1509 ἐτύγχανεν.
1623 1439 1788 1493 Ὅθεν
1823 1441 1918 1496 καὶ

332 1526 380 1575 οἱ
414 1525 706 1594 φωστῆρες
731 1528 791 1579 ὲν
818 1529 885 1597 τῇ
915 1527 1147 1599 τετάρτῃ
1181 1527 1364 1599 ἡμέρᾳ
1389 1529 1686 1600 γενόμενοι,
1722 1530 1809 1586 διὰ
1828 1531 1917 1585 τὸν

330 1616 472 1684 περὶ
512 1616 711 1680 αὐτοὺς
753 1616 913 1686 λόγον
942 1620 1036 1671 an
1069 1618 1284 1688 τιμίους
1314 1619 1494 1687 ὄντας,
1525 1621 1584 1674 ὲν
1609 1621 1780 1695 ταύτῃ
1825 1622 1916 1676 λέ-

326 1725 525 1775 γονται
554 1712 902 1782 γεγενῆσθαι.
946 1713 1013 1767 Ἦ
1050 1714 1158 1783 γὰρ
1192 1713 1389 1785 τετρὰς
1420 1714 1645 1786 δυνάμει
1676 1712 1810 1771 οὖσα
1839 1717 1917 1789 δε·
1949 1766 1974 1789 _.

325 1804 458 1870 κὲς,
492 1807 653 1877 τιμία
696 1806 935 1878 ὑπάρχει
960 1823 974 1838 ο
1021 1807 1187 1877 μονὰς
1211 1809 1321 1880 γὰρ
1346 1810 1438 1862 καὶ
1469 1806 1602 1874 δυὰς
1636 1810 1733 1864 καὶ
1759 1810 1917 1882 τριὰς

325 1897 427 1949 καὶ
465 1899 668 1969 τετρὰς
696 1898 955 1971 ἀλλήλαις
986 1898 1348 1965 συντεθεῖσαι,
1378 1900 1477 1972 τὴν
1515 1900 1715 1956 δεκάδα
1740 1901 1918 1956 ποιοῦ-

334 2009 389 2044 σι.
416 2009 432 2022 ·
470 1991 560 2044 διὰ
601 1994 779 2059 πάσης
809 1992 867 2045 δὲ
889 1992 989 2062 τῆς
1018 1991 1238 2063 Γραφῆς
1260 1995 1294 2065 ἡ
1323 1994 1483 2058 δεκὰς
1506 1993 1754 2066 ὑμνεῖται
1779 2013 1792 2026 ·
1825 1996 1918 2050 καὶ

326 2082 443 2153 γὰρ
471 2083 615 2137 δέκα·
640 2083 831 2153 λόγους
858 2083 1104 2155 Μωῦσῆς
1135 2085 1357 2153 δέδωκε,
1389 2086 1485 2141 καὶ
1524 2086 1748 2144 δεκάται
1774 2106 1915 2161 παρ-

326 2174 574 2243 ἔχονται.

1988 566 1991 571 .
2021 523 2225 578 viviu'm
2251 520 2597 577 mortalibus.
2623 518 2779 586 Quod
2802 517 3024 590 quidem
3048 517 3117 573 ad
3147 516 3318 573 Deum
3348 522 3586 585 spectat,

2019 630 2193 671 ccenae
2236 614 2532 671 admodum
2569 613 2798 685 prolixae
2833 614 2890 667 et
2925 604 3110 666 dubiae
3160 623 3263 664 nos
3307 608 3586 672 adhibuit,

2021 724 2144 763 cum
2178 722 2276 762 nos
2320 707 2633 763 induxisset
2662 706 2719 761 in
2751 706 2931 761 locum
2957 711 3011 759 et
3051 702 3486 757 amoenissimum
3532 708 3588 754 et

2020 798 2487 872 pulcherrimum,
2552 798 2817 868 omnique
2871 795 3152 866 voluptate
3209 793 3583 857 diliiuentem,

2020 893 2181 963 cujus
2210 891 2458 947 dominio
2489 891 2797 947 excidimus
2833 889 3011 946 secuti
3042 896 3289 943 nostram
3329 886 3591 941 volunta-

2018 991 2128 1040 tem
2158 990 2213 1039 et
2267 1000 2374 1038 non
2405 974 2521 1038 D’ei.
2571 982 2739 1038 Docet
2789 995 3078 1037 numerum
3110 980 3325 1034 dierum
3375 986 3590 1033 asSum-

2018 1086 2174 1147 ptum
2231 1088 2357 1132 esse
2406 1066 2620 1131 ordinis
2654 1076 2854 1146 gratia,
2896 1083 2949 1129 et
2981 1068 3054 1128 ob
3109 1068 3358 1128 nostram
3412 1069 3588 1125 imbe-

2020 1169 2309 1222 cillitatem
2362 1168 2703 1223 intellectus.
2740 1162 2875 1220 Nam
2918 1164 3127 1236 alioqui
3177 1164 3287 1219 non
3315 1160 3591 1236 quivisse—

2021 1278 2145 1318 mus
2173 1264 2425 1319 ordinem
2465 1278 2650 1319 rerum
2694 1270 3010 1317 creatarum
3062 1259 3134 1316 ob
3177 1250 3589 1314 multitudinem

2020 1357 2262 1427 assequi.
2314 1353 2792 1422 Quemadmodum
2850 1366 3034 1409 rerum
3083 1342 3437 1420 naturalium
3467 1362 3591 1402 cor-

2021 1462 2176 1518 pora,
2212 1447 2305 1502 ubi
2339 1447 2575 1516 primum
2605 1445 2659 1499 in
2686 1443 2985 1500 essentiam
3020 1432 3312 1512 progressa
3346 1438 3587 1497 fuerunt.

2021 1537 2185 1593 simul
2243 1536 2489 1592 colorem
2524 1543 2579 1589 et
2630 1532 3064 1604 magnitudinem
3106 1529 3416 1588 continent,
3450 1541 3590 1596 quo-

2018 1644 2140 1682 rum
2191 1629 2426 1683 alterum
2462 1629 2617 1698 prius
2670 1618 3256 1690 intellectui,alteru'm'
3281 1619 3588 1677 secundum

2019 1727 2102 1773 est
2138 1736 2152 1772 :
2183 1717 2267 1774 sic
2316 1713 2370 1773 et
2426 1716 2668 1773 mundus
2726 1708 2929 1770 ordine
2978 1710 3239 1769 conditus
3286 1710 3396 1767 non
3451 1719 3590 1765 teni-

2020 1824 2175 1881 pore,
2207 1811 2302 1866 sed
2334 1810 2550 1866 decenti
2582 1814 2635 1865 et
2675 1809 2858 1865 debita
2888 1804 3183 1863 harmonia
3217 1805 3462 1873 undique
3494 1804 3590 1857 ali-

2017 1903 2233 1959 solutus
2270 1910 2374 1958 est.
2409 1892 2569 1957 Ilaud
2599 1901 2744 1957 enim
2792 1915 2919 1970 pars
2958 1899 3147 1954 mundi
3189 1892 3296 1951 una
3354 1896 3587 1951 formata

2016 2004 2121 2060 est,
2184 1993 2384 2050 deinde
2450 1995 2623 2048 altera
2677 1991 2873 2048 defuit.
2932 1988 3073 2044 liinc
3130 1998 3185 2044 et
3245 1988 3588 2053 luminaria,

2018 2096 2244 2159 propter
2301 2102 2457 2142 suam
2499 2084 2913 2157 praestantiam,
2951 2078 3458 2139 commemorantur
3499 2082 3590 2134 dic

2017 2186 2215 2250 quarto
2271 2177 2624 2248 apparuisse.
2681 2174 2740 2231 Si
2803 2172 3029 2248 quidem
3065 2183 3264 2238 tetras,
3317 2176 3440 2242 quas
3489 2186 3588 2241 po-

326 2269 507 2322 tentia
567 2276 653 2323 est
708 2269 899 2336 dccas,
943 2274 1224 2339 pretiosus
1276 2279 1325 2327 et
1384 2271 1619 2343 insignis
1673 2262 1910 2329 habetur
1945 2287 2235 2339 numerus,
2279 2271 2493 2338 unitas,
2565 2269 2846 2334 binarius,
2922 2268 3201 2325 terna‘rius
3249 2275 3302 2323 et
3363 2259 3589 2336 quater-

329 2358 529 2413 uarius
567 2359 709 2412 inter
749 2375 871 2415 sese
906 2360 1103 2427 additi,
1135 2361 1343 2418 decada
1373 2362 1742 2418 constituunt.
1804 2361 2073 2418 Caeterum
2140 2360 2197 2414 in
2259 2360 2518 2416 universa
2569 2358 2853 2430 Scriptura
2919 2359 3084 2415 decas
3158 2357 3358 2429 insigni
3428 2357 3590 2417 laude

329 2450 529 2504 fertur.
567 2448 840 2519 Praecepta
872 2451 1059 2508 decem
1092 2455 1248 2511 dedit
1281 2455 1491 2521 Moses,
1522 2457 1749 2511 decimae
1786 2456 2099 2512 solvuntur.

401 2540 562 2604 Τινὲς
597 2542 652 2595 δὲ
684 2544 780 2617 καὶ
813 2548 1039 2617 χρονικῇ
1070 2547 1224 2614 τάξει
1261 2547 1543 2615 γεγονέναι
1573 2548 1750 2602 πάντα
1781 2547 1913 2619 φασὶ

334 2629 469 2703 πρὸς
510 2631 611 2702 τὴν
661 2631 1007 2688 διδασκαλίαν
1050 2635 1162 2689 τῶν
1199 2632 1437 2705 λογικῶν
1479 2637 1797 2708 δυνάμεων,
1838 2639 1914 2704 ὡς

331 2720 549 2791 εἴρηται
591 2722 878 2794 πρότερον.
920 2725 1086 2796 Δηλοῖ
1108 2726 1164 2780 δὲ
1194 2728 1294 2798 τὴν
1315 2727 1477 2782 ἄλλου
1510 2737 1629 2800 μετ’
1662 2729 1793 2785 ἄλλο
1820 2731 1917 2801 γέ-

329 2831 483 2868 νεσιν
528 2815 625 2868 καὶ
661 2817 689 2869 6
720 2818 912 2888 χρόνος
957 2820 1021 2874 ὲκ
1072 2822 1172 2892 τῆς
1205 2822 1429 2896 πρώτης
1462 2824 1677 2898 ἡμέρας
1720 2828 1799 2890 εἰς
1829 2826 1912 2881 ἔτι

327 2904 429 2959 νῦν
457 2907 857 2979 ἀριθμούμενος
876 2928 893 2942 σ
923 2911 1113 2986 ὥσπερ
1134 2914 1190 2967 δὲ
1221 2915 1361 2985 μετὰ
1392 2915 1462 2970 τὰ
1496 2919 1640 2987 φυτὰ
1667 2918 1759 2973 καὶ
1783 2918 1911 2989 βλα-

333 2999 627 3070 στήματα,
683 3001 907 3071 γέγονεν
951 3003 1142 3074 ἣλιος,
1197 3005 1282 3059 ἵνα
1340 3005 1415 3078 μὴ
1476 3006 1682 3062 τούτων
1736 3009 1911 3074 αἴτιος

329 3090 737 3163 ὑποπτεύηται,
790 3090 935 3148 οὓτω
981 3094 1166 3167 πολλῷ
1218 3096 1418 3169 μᾶλλον
1476 3099 1615 3170 μετὰ
1663 3100 1762 3172 τὴν
1808 3097 1904 3155 τοῦ

331 3182 511 3247 φωτὸς
554 3185 893 3255 παρελήλυθε
944 3188 1179 3257 γένεσιν,
1221 3190 1296 3261 μὴ
1338 3190 1437 3243 καὶ
1482 3190 1619 3265 λάθῃ
1673 3194 1906 3264 χορηγὸς

2086 2542 2320 2614 Quidam
2373 2555 2569 2618 putant
2626 2545 2811 2601 omnia
2879 2545 3075 2602 ordine
3130 2534 3394 2616 temporis
3466 2560 3588 2601 esse

2017 2646 2205 2693 creata
2234 2637 2470 2694 docendi
2500 2638 2678 2710 gratia
2706 2637 3029 2708 spirituales
3067 2643 3121 2692 et
3157 2634 3441 2708 angelicas
3476 2639 3589 2693 vir-

2019 2737 2188 2796 tutes,
2218 2738 2279 2785 ut
2312 2745 2481 2800 supra
2534 2729 2794 2784 diximus.
2834 2726 3079 2798 Tempus
3120 2736 3300 2782 autem
3332 2741 3362 2780 a
3411 2729 3587 2798 primo

2018 2819 2109 2877 die
2156 2820 2264 2876 huc
2312 2834 2493 2890 usque
2526 2827 2900 2885 numeratum,
2946 2810 3192 2874 ostendit
3244 2819 3585 2874 creationem

2015 2928 2224 2980 rerum,
2259 2926 2382 2983 qua:
2429 2910 2789 2967 successione
2843 2909 3080 2981 quadam
3140 2916 3333 2965 mutua
3380 2906 3581 2966 evenit.

2015 3000 2258 3066 Plantis,
2325 3000 2514 3056 herbis
2569 2984 3016 3070 et‘germinibus
3069 2984 3345 3053 successit
3397 2996 3478 3053 sel
3529 2997 3584 3051 in

2013 3094 2314 3151 crcationis
2343 3093 2508 3158 serie,
2546 3108 2615 3148 ne
2641 3092 2767 3163 quis
2800 3092 2990 3148 credat
3030 3106 3154 3146 cum
3191 3090 3583 3161 praedictortnn

2010 3201 2136 3242 esse
2167 3193 2473 3241 auctorem.
2525 3183 2619 3239 Sic
2647 3183 2789 3238 lucis
2819 3182 3026 3239 creatio
3060 3181 3224 3254 longe
3267 3198 3394 3238 eum
3426 3192 3583 3238 ante-

328 3269 521 3324 τούτου
564 3272 755 3340 δοκῶν,
807 3276 903 3330 καὶ
952 3276 1019 3331 δι’
1071 3279 1202 3332 αὐτὸ
1241 3280 1736 3353 προσκυνούμενος.
1790 3284 1902 3338 Καὶ

2016 3277 2201 3343 cessit,
2237 3292 2308 3332 ne
2355 3278 2480 3347 quis
2526 3273 2669 3329 forte
2725 3274 2892 3328 tacite
2918 3272 3129 3343 judi‘cet
3179 3280 3233 3328 et
3280 3272 3579 3336 existimet,

330 3359 450 3422 πῶς
494 3363 572 3426 εἰς
624 3362 823 3431 (patio-tv
873 3367 902 3420 6
944 3366 1096 3437 ἥλιος
1146 3367 1378 3437 γίνεται,
1427 3371 1481 3424 εἴ
1514 3388 1578 3440 γε
1603 3372 1698 3428 τοῦ
1728 3374 1906 3444 φωτδς

327 3452 497 3520 φύσις
540 3458 832 3530 παρήχθη;
884 3453 929 3528 ᾧ
968 3459 1027 3513 δὲ
1082 3461 1267 3531 μέντοι
1317 3461 1377 3516 τὸ
1415 3465 1619 3535 ταύτης
1677 3466 1903 3536 δοχεῖον,

326 3546 525 3618 ὥσπερ
563 3546 691 3601 ἄλλο
744 3550 858 3622 πῦρ
906 3567 968 3604 τε
1010 3552 1106 3605 καὶ
1159 3552 1390 3624 λύχνος’
1448 3554 1541 3608 τοῦ
1592 3555 1699 3627 γὰρ
1739 3556 1904 3611 ἀΰ).ου

328 3638 511 3707 ςωτὺς
544 3640 749 3695 ἐκείνου
796 3642 957 3697 τοῦτο
988 3644 1150 3715 σῶμα
1192 3645 1520 3716 γεγένηται·
1563 3648 1684 3701 ἐπεὶ
1714 3650 1807 3702 καὶ
1836 3649 1907 3704 τὰ

325 3730 564 3784 σύνθετα
638 3733 926 3805 διαιρεῖται
1000 3737 1080 3801 εῐς
1138 3754 1198 3790 τε
1259 3736 1322 3790 τὸ
1386 3739 1743 3810 ὑποκείμενον
1812 3741 1906 3795 καὶ

322 3820 427 3890 τὴν
469 3822 527 3873 ὲν
556 3823 764 3888 τούτοις
821 3825 1100 3899 ποιότητα.
1145 3826 1329 3894 Ἀπαξ
1377 3829 1434 3883 δὲ
1479 3828 1733 3884 συντεθὲν
1779 3829 1906 3901 βου-

322 3911 485 3981 lips:
519 3913 655 3966 Θεοῦ
688 3914 750 3967 τό
783 3908 861 3969 τετ
883 3916 998 3985 φῶς
1024 3918 1119 3972 καὶ
1141 3918 1201 3973 τὸ
1227 3920 1610 3993 ὑποκείμενον,
1638 3927 1771 3998 ἡμῖν
1806 3928 1904 4000 μέν

322 4006 482 4056 ἐστιν
509 4005 809 4077 ἀδιαίρετα.
840 4009 979 4079 πλὴν
1021 4010 1214 4081 λόγων,
1273 4013 1351 4084 τῷ
1381 4013 1438 4067 δὲ
1489 4016 1739 4072 συνθέντι
1764 4020 1903 4074 διαι-

323 4096 484 4165 ρετὰ,
518 4096 704 4168 ὥσπερ
738 4102 830 4153 ἐπὶ
863 4101 1029 4171 βάτου
1065 4103 1164 4172 τὴν
1192 4106 1492 4178 καυστικὴν
1530 4109 1782 4180 ἀφείλετο
1813 4111 1908 4167 δύ-

320 4208 495 4262 ναμιν
547 4194 866 4248 καταλιπὼν
930 4198 1030 4268 τὴν
1087 4203 1365 4272 φωτικῆν,
1419 4202 1497 4274 τῷ
1535 4204 1776 4277 θαύματι
1811 4207 1905 4265 τὸν

321 4283 569 4354 Μωῦσῆν
601 4287 928 4358 ἐπιστρέψαι
975 4289 1316 4361 βουλόμενος.
1372 4292 1543 4349 Τοῦτο
1585 4298 1679 4351 καὶ
1709 4298 1903 4369 όψαλ-

323 4371 481 4442 μὸς,ι
509 4375 646 4445 Ἀρα
677 4379 829 4446 φωνὴ
848 4379 1049 4449 Κυρίου
1071 4380 1448 4452 δια-τέμνοντος
1471 4384 1641 4456 φλόγα
1672 4390 1897 4460 πυρός.»

558 4465 654 4535 μὲν
688 4469 873 4537 μόνον’
896 4472 991 4524 καὶ
1018 4475 1184 4543 πυρδς
1220 4474 1488 4547 ἐνέργεια,
1533 4478 1647 4547 φῶς
1670 4495 1686 4511 ο
1719 4482 1903 4555 ἡμέρα

318 4551 380 4603 δὲ
408 4553 574 4622 ἀέρος
617 4561 1031 4628 πεφωτισμένον
1074 4562 1290 4617 τοσόνδε
1336 4566 1643 4639 διάστημαο
1682 4551 1804 4643 δίχά
1837 4551 1902 4628 ’δὲ

2011 3370 2184 3425 solem
2216 3383 2339 3424 esse
2371 3367 2514 3424 luris
2567 3367 2915 3437 largitorem,
2950 3374 3005 3420 et
3052 3365 3124 3421 ob
3171 3363 3225 3420 id
3274 3362 3497 3421 divinus
3529 3366 3579 3419 ei

2010 3461 2339 3516 decernatur
2388 3458 2593 3514 cultus.
2660 3456 2793 3524 Quae
2847 3457 2992 3511 ratio
3043 3459 3190 3512 enim
3234 3457 3466 3528 patitur,
3519 3466 3576 3510 ut

2012 3553 2095 3609 sol
2128 3553 2267 3607 lucis
2308 3552 2465 3621 origo
2520 3550 2614 3615 sit,
2652 3563 2778 3603 cum
2817 3548 2957 3603 lucis
3012 3545 3221 3602 creatio
3257 3562 3381 3602 eum
3423 3555 3581 3601 antc-

2013 3643 2214 3698 iverit?
2262 3641 2448 3697 Primo
2481 3642 2573 3696 lux
2607 3641 2662 3694 in
2716 3639 2957 3695 medium
2991 3639 3230 3694 adducta
3279 3645 3365 3693 est
3409 3637 3582 3693 inter-

2010 3744 2179 3792 ventu
2231 3735 2430 3790 divina:
2482 3735 2684 3806 vocis:
2729 3731 2926 3788 deinde
2965 3732 3189 3787 demum
3239 3730 3378 3786 lueis
3430 3745 3584 3787 rece-

2013 3829 2293 3899 ptaculum
2335 3827 2615 3883 conditum
2647 3834 2752 3881 est.
2793 3823 2862 3879 Ut
2908 3827 3051 3880 enim
3097 3824 3246 3879 aliud
3292 3832 3376 3879 est
3414 3824 3579 3896 ignis.

2011 3922 2095 3977 sic
2146 3919 2295 3974 aliud
2343 3926 2430 3974 est
2482 3918 2737 3990 lychnus.
2788 3916 2939 3971 Nam
2980 3914 3144 3981 lucis,
3201 3931 3321 3987 quae
3354 3916 3581 3970 materia

2010 4019 2184 4076 caret,
2213 4012 2297 4065 sol
2340 4009 2497 4081 quasi
2534 4023 2735 4079 corpus
2795 4007 2974 4063 factus
3022 4016 3149 4075 est,
3201 4006 3476 4078 siquidem
3525 4017 3580 4063 et

2010 4101 2317 4173 composita
2355 4098 2680 4156 dividuntur
2712 4101 2768 4156 in
2816 4092 3125 4171 subjectum
3157 4100 3212 4155 et
3253 4098 3579 4169 qualitatem

2008 4194 2132 4269 quae
2173 4194 2428 4267 subjecto
2470 4192 2718 4249 inhaeret.
2754 4191 2937 4247 Semel
2975 4198 3153 4246 autem
3202 4205 3238 4245 ιι
3265 4189 3374 4245 Deo
3422 4205 3579 4245 com—

2008 4289 2188 4361 posita
2222 4301 2349 4342 cum
2378 4287 2493 4344 sint
2526 4285 2620 4339 lux
2655 4292 2710 4340 et
2766 4283 3074 4352 subjectum
3121 4280 3267 4352 ejus,
3326 4296 3357 4336 a
3414 4281 3577 4337 nobis

2010 4396 2121 4437 non
2173 4380 2355 4445 aliter,
2407 4378 2514 4433 nisi
2551 4390 2809 4433 sermone
2843 4383 2937 4428 aut
2972 4375 3307 4445 cogitatione
3337 4373 3577 4443 dispesci

2008 4480 2264 4544 possunt.
2298 4470 2358 4525 Ei
2390 4484 2541 4532 vero,
2577 4469 2671 4538 qui
2706 4474 2942 4537 utraque
2976 4465 3277 4534 conjunxit
3309 4475 3363 4521 et
3406 4480 3580 4534 conu-

2011 4567 2166 4631 lavit,
2197 4565 2362 4621 facile
2400 4561 2702 4618 divisibilia
2745 4567 2898 4614 sunt.
2941 4558 3116 4629 Cujus
3156 4554 3234 4612 rei
3262 4558 3573 4629 exemplum

316 4641 429 4693 τῶν
480 4643 677 4698 οὐσιῶν
719 4645 820 4705 τὰς
862 4649 1140 4719 ἐνεργείας
1188 4647 1294 4705 οῐδε
1358 4634 1700 4726 παραιρέρειν
1734 4634 1900 4729 "856;,

2016 4658 2354 4711 luculentum
2390 4652 2542 4729 dedit
2576 4653 2629 4706 in
2683 4640 2824 4705 rubo
2863 4647 3099 4712 ardenti,
3159 4648 3252 4702 ubi
3303 4647 3413 4717 igni
3465 4649 3573 4701 vim

316 4733 444 4824 ἐκεὶ
485 4736 590 4824 καὶ
640 4737 781 4790 κατὰ
814 4740 915 4799 τὴν
948 4740 1220 4808 Αἴγυπτον
1269 4745 1357 4797 ὅτε
1422 4747 1613 4813 σκότος
1640 4726 1898 4824 ψηλαφηέ

2016 4744 2202 4802 urendi
2236 4726 2575 4808 abstulitfet
2619 4739 2793 4795 solam
2830 4737 3260 4792 illuminationis
3303 4746 3357 4792 et
3392 4737 3577 4807 splen-

314 4821 412 4874 τὸν
479 4822 694 4889 ἐγένετο
757 4826 851 4879 ἐπὶ
900 4831 1048 4897 τρεῖς
1106 4831 1354 4901 ἡμέρας,
1410 4836 1545 4890 πᾶσι
1594 4821 1709 4902 τοῖς
1759 4821 1898 4906 υἱοίς

2016 4836 2161 4892 doris
2214 4835 2473 4894 virtutem
2524 4831 2772 4901 reliquit,
2823 4836 2883 4884 ut
2921 4844 2987 4885 eo
3045 4829 3314 4884 miraculo
3366 4827 3572 4883 Mosem

328 4912 550 4986 Ἰσραὴλ
598 4916 714 4984 φῶς
743 4912 834 4987 ἦν.
884 4919 995 4973 Καὶ
1034 4923 1157 4976 κατ’
1190 4924 1365 4996 ἀρχὰς
1395 4927 1574 4983 τοίνυν
1604 4929 1664 4983 τὸ
1689 4930 1895 5004 ἀστρα-

2016 4935 2373 4987 :onverteret.
2399 4925 2493 4981 llis
2517 4924 2801 4979 consentit
2822 4921 3309 4993 Psalmographus,
3342 4923 3533 4977 dicens
3558 4939 3570 4973 :

314 5009 482 5058 παῖον
504 5005 618 5074 φῶς
649 5009 825 5062 ἐκεῖνο
854 5011 1066 5083 ἡμέρας
1104 5013 1377 5087 διάστημα
1434 5021 1723 5091 τρισσάκις
1753 5041 1897 5096 παρ-

2016 5039 2030 5073 ι
2063 5017 2180 5075 Vox
2216 5017 2433 5073 Domini
2462 5010 2977 5071 dis'secat'nammas
3003 5012 3191 5084 igneas
3216 5012 3281 5069 ".
3311 5031 3329 5064 ι
3367 5012 3574 5078 Quam-

312 5098 512 5150 ἐτεινε-
2001 5112 2091 5167 vis
2132 5109 2306 5178 igitur
2348 5104 2574 5162 nonnisi
2598 5106 2679 5161 sol
2708 5115 2761 5161 et
2804 5104 2951 5176 ignis
2989 5104 3166 5159 lucem
3210 5102 3461 5173 proferre
3491 5102 3572 5154 ιι-

309 5190 576 5256 cluantur,
626 5203 809 5250 tamen
870 5197 991 5253 dies
1044 5199 1226 5257 illuxit
1273 5203 1412 5274 (sive
1455 5207 1593 5273 sole)
1645 5224 1742 5278 per
1783 5216 1894 5263 tam
1929 5209 2153 5279 longum
2191 5204 2564 5260 intervallum.
2608 5201 2746 5255 Nam
2787 5204 2937 5256 tanta
3008 5208 3093 5257 est
3143 5199 3385 5270 potentia
3448 5198 3565 5261 Dei,

310 5295 373 5338 ut
396 5284 631 5342 eﬂ'ectus
659 5289 962 5357 producere
997 5304 1162 5362 queat
1185 5297 1325 5352 citra
1355 5300 1722 5356 substantias.
1749 5299 1884 5356 Cum
1923 5301 2068 5374 apud
2093 5298 2384 5370 :Egyptios
2411 5299 2596 5353 tribus
2623 5296 2821 5353 diebus
2849 5296 3037 5373 omnia
3095 5295 3341 5350 involuta
3380 5280 3593 5357 essent.

309 5377 730 5435 obscurissimis
753 5385 1017 5449 tenebris,
1046 5385 1135 5440 lux
1174 5389 1320 5443 alma
1374 5392 1661 5446 recreabat
1691 5393 1998 5449 lsraelitas.
2038 5390 2153 5447 Lux
2197 5391 2286 5446 illa
2323 5390 2686 5462 priinoge‘nia,
2742 5388 2864 5461 quae
2929 5388 3102 5445 instar
3176 5386 3409 5460 fulguris
3473 5405 3571 5447 co-

310 5469 578 5526 ruscabat
607 5469 678 5524 ab
713 5471 893 5536 initio,
928 5477 1096 5531 trium
1134 5481 1347 5537 dierum
1383 5487 1623 5556 spatium
1654 5488 1892 5558 explerit
1931 5497 1984 5543 et
2016 5500 2242 5542 emensa
2280 5493 2383 5540 est.

381 5563 556 5629 Λόγος
580 5559 636 5612 δέ
665 5578 748 5628 τις
784 5566 938 5635 ἡμᾶς
980 5566 1040 5621 ἐν
1074 5572 1373 5646 ἀπορρήτῳ
1436 5578 1676 5633 παιδεύει
1710 5581 1799 5635 καὶ
1826 5583 1881 5635 ἐν

2063 5580 2333 5634 Prreterea
2362 5579 2535 5634 fertur
2568 5574 2790 5648 quidam
2822 5570 3024 5641 sermo,
3061 5582 3116 5631 at
3141 5572 3414 5642 occultus,
3447 5568 3566 5631 fore

384 5738 433 5772 “
469 5738 615 5798 Psal.
650 5757 842 5810 xxrtu,
875 5745 929 5799 7.
