  <div class='ocr_page' id='page_1' title='image "/cluster/home/n/w/nwhite01/storage/ocr_20150623/87 pt.1/mdp.39015032856539/461.png"; bbox 0 0 2005 3115; ppageno 0'>
   <div class='ocr_carea' id='block_1_1' title="bbox 268 166 1875 215">
    <p class='ocr_par' dir='ltr' id='par_1_1' title="bbox 268 166 1875 215">
     <span class='ocr_line' id='line_1_1' title="bbox 268 166 1875 215; baseline 0.009 -15"><span class='ocrx_word' id='word_1_1' title='bbox 268 166 318 200; x_wconf 65' lang='grc' dir='ltr'><strong>δῖε</strong></span> <span class='ocrx_word' id='word_1_2' title='bbox 916 175 1090 205; x_wconf 78' lang='lat' dir='ltr'><strong>rnocoru</strong></span> <span class='ocrx_word' id='word_1_3' title='bbox 1111 169 1232 207; x_wconf 66' lang='lat' dir='ltr'><strong>eazas&#39;t</strong></span> <span class='ocrx_word' id='word_1_4' title='bbox 1832 182 1875 215; x_wconf 65' lang='grc' dir='ltr'><strong>δτι</strong></span> 
     </span>
    </p>
   </div>
   <div class='ocr_carea' id='block_1_2' title="bbox 268 230 1874 274">
    <p class='ocr_par' dir='ltr' id='par_1_2' title="bbox 268 230 1874 274">
     <span class='ocr_line' id='line_1_2' title="bbox 268 230 1874 274; baseline 0.006 -18"><span class='ocrx_word' id='word_1_5' title='bbox 268 237 358 256; x_wconf 82' lang='lat' dir='ltr'><strong>suram</strong></span> <span class='ocrx_word' id='word_1_6' title='bbox 380 230 464 262; x_wconf 85' lang='lat' dir='ltr'><strong>enim,</strong></span> <span class='ocrx_word' id='word_1_7' title='bbox 481 230 530 263; x_wconf 88' lang='lat' dir='ltr'><strong>ait,</strong></span> <span class='ocrx_word' id='word_1_8' title='bbox 546 231 700 265; x_wconf 76' lang='lat' dir='ltr'><strong>pulchram,</strong></span> <span class='ocrx_word' id='word_1_9' title='bbox 716 238 851 265; x_wconf 87' lang='lat' dir='ltr'><strong>pressam,</strong></span> <span class='ocrx_word' id='word_1_10' title='bbox 870 239 1035 259; x_wconf 78' lang='lat' dir='ltr'><strong>concussam</strong></span> <span class='ocrx_word' id='word_1_11' title='bbox 1053 237 1078 258; x_wconf 74' lang='lat' dir='ltr'><strong>cl</strong></span> <span class='ocrx_word' id='word_1_12' title='bbox 1092 233 1202 260; x_wconf 83' lang='lat' dir='ltr'><strong>uherem</strong></span> <span class='ocrx_word' id='word_1_13' title='bbox 1220 235 1245 260; x_wconf 93' lang='lat' dir='ltr'><strong>in</strong></span> <span class='ocrx_word' id='word_1_14' title='bbox 1264 236 1354 261; x_wconf 85' lang='lat' dir='ltr'><strong>sinum</strong></span> <span class='ocrx_word' id='word_1_15' title='bbox 1372 239 1494 263; x_wconf 82' lang='lat' dir='ltr'><strong>vestrum</strong></span> <span class='ocrx_word' id='word_1_16' title='bbox 1513 238 1636 265; x_wconf 78' lang='lat' dir='ltr'><strong>fuinlent.</strong></span> <span class='ocrx_word' id='word_1_17' title='bbox 1649 237 1774 271; x_wconf 75' lang='lat' dir='ltr'><strong>Proinde,</strong></span> <span class='ocrx_word' id='word_1_18' title='bbox 1789 240 1874 274; x_wconf 63' lang='lat' dir='ltr'><strong>inquitv</strong></span> 
     </span>
    </p>
   </div>
   <div class='ocr_carea' id='block_1_3' title="bbox 267 274 1875 312">
    <p class='ocr_par' dir='ltr' id='par_1_3' title="bbox 267 274 1875 312">
     <span class='ocr_line' id='line_1_3' title="bbox 267 274 1875 312; baseline 0.007 -12"><span class='ocrx_word' id='word_1_19' title='bbox 267 274 456 308; x_wconf 84' lang='lat' dir='ltr'><strong>compluribus</strong></span> <span class='ocrx_word' id='word_1_20' title='bbox 471 275 664 308; x_wconf 75' lang='lat' dir='ltr'><strong>augmentabis</strong></span> <span class='ocrx_word' id='word_1_21' title='bbox 684 276 838 310; x_wconf 74' lang='lat' dir='ltr'><strong>portionem</strong></span> <span class='ocrx_word' id='word_1_22' title='bbox 870 283 960 308; x_wconf 86' lang='lat' dir='ltr'><strong>suam,</strong></span> <span class='ocrx_word' id='word_1_23' title='bbox 982 280 1010 302; x_wconf 91' lang='lat' dir='ltr'><strong>ut</strong></span> <span class='ocrx_word' id='word_1_24' title='bbox 1028 276 1146 311; x_wconf 87' lang='lat' dir='ltr'><strong>quisque</strong></span> <span class='ocrx_word' id='word_1_25' title='bbox 1162 280 1315 306; x_wconf 75' lang='lat' dir='ltr'><strong>sccumium</strong></span> <span class='ocrx_word' id='word_1_26' title='bbox 1332 287 1432 308; x_wconf 81' lang='lat' dir='ltr'><strong>census</strong></span> <span class='ocrx_word' id='word_1_27' title='bbox 1446 281 1488 308; x_wconf 93' lang='lat' dir='ltr'><strong>sui</strong></span> <span class='ocrx_word' id='word_1_28' title='bbox 1512 282 1648 309; x_wconf 85' lang='lat' dir='ltr'><strong>rationem</strong></span> <span class='ocrx_word' id='word_1_29' title='bbox 1665 283 1801 310; x_wconf 87' lang='lat' dir='ltr'><strong>sortiatur.</strong></span> <span class='ocrx_word' id='word_1_30' title='bbox 1819 284 1875 312; x_wconf 86' lang='lat' dir='ltr'><strong>Ilinc</strong></span> 
     </span>
    </p>
   </div>
   <div class='ocr_carea' id='block_1_4' title="bbox 269 317 1875 360">
    <p class='ocr_par' dir='ltr' id='par_1_4' title="bbox 269 317 1875 360">
     <span class='ocr_line' id='line_1_4' title="bbox 269 317 1875 360; baseline 0.006 -16"><span class='ocrx_word' id='word_1_31' title='bbox 269 318 352 345; x_wconf 86' lang='lat' dir='ltr'><strong>etiam</strong></span> <span class='ocrx_word' id='word_1_32' title='bbox 372 317 413 351; x_wconf 90' lang='lat' dir='ltr'><strong>ﬁt,</strong></span> <span class='ocrx_word' id='word_1_33' title='bbox 431 318 504 353; x_wconf 87' lang='lat' dir='ltr'><strong>quod</strong></span> <span class='ocrx_word' id='word_1_34' title='bbox 522 319 693 353; x_wconf 83' lang='lat' dir='ltr'><strong>pluralitalis</strong></span> <span class='ocrx_word' id='word_1_35' title='bbox 707 327 823 347; x_wconf 84' lang='lat' dir='ltr'><strong>tunncto</strong></span> <span class='ocrx_word' id='word_1_36' title='bbox 841 320 924 346; x_wconf 83' lang='lat' dir='ltr'><strong>lihtos</strong></span> <span class='ocrx_word' id='word_1_37' title='bbox 941 321 1091 353; x_wconf 65' lang='lat' dir='ltr'><strong>explicatos</strong></span> <span class='ocrx_word' id='word_1_38' title='bbox 1107 329 1167 349; x_wconf 85' lang='lat' dir='ltr'><strong>csse</strong></span> <span class='ocrx_word' id='word_1_39' title='bbox 1182 323 1262 350; x_wconf 86' lang='lat' dir='ltr'><strong>tradit</strong></span> <span class='ocrx_word' id='word_1_40' title='bbox 1285 323 1389 356; x_wconf 78' lang='lat' dir='ltr'><strong>Daniel,</strong></span> <span class='ocrx_word' id='word_1_41' title='bbox 1406 332 1437 352; x_wconf 92' lang='lat' dir='ltr'><strong>ac</strong></span> <span class='ocrx_word' id='word_1_42' title='bbox 1460 325 1562 352; x_wconf 86' lang='lat' dir='ltr'><strong>indicat</strong></span> <span class='ocrx_word' id='word_1_43' title='bbox 1579 326 1771 360; x_wconf 87' lang='lat' dir='ltr'><strong>descriptionis</strong></span> <span class='ocrx_word' id='word_1_44' title='bbox 1795 327 1875 354; x_wconf 81' lang='lat' dir='ltr'><strong>diver-</strong></span> 
     </span>
    </p>
   </div>
   <div class='ocr_carea' id='block_1_5' title="bbox 267 362 1875 406">
    <p class='ocr_par' dir='ltr' id='par_1_5' title="bbox 267 362 1875 406">
     <span class='ocr_line' id='line_1_5' title="bbox 267 362 1875 406; baseline 0.007 -18"><span class='ocrx_word' id='word_1_45' title='bbox 267 369 313 389; x_wconf 87' lang='lat' dir='ltr'><strong>sas</strong></span> <span class='ocrx_word' id='word_1_46' title='bbox 330 362 644 406; x_wconf 69' lang='lat' dir='ltr'><strong>essemenspraleinc</strong></span> <span class='ocrx_word' id='word_1_47' title='bbox 676 370 786 398; x_wconf 88' lang='lat' dir='ltr'><strong>quoque</strong></span> <span class='ocrx_word' id='word_1_48' title='bbox 811 363 939 390; x_wconf 83' lang='lat' dir='ltr'><strong>tributim</strong></span> <span class='ocrx_word' id='word_1_49' title='bbox 966 365 1195 400; x_wconf 82' lang='lat' dir='ltr'><strong>nominatimque,</strong></span> <span class='ocrx_word' id='word_1_50' title='bbox 1227 369 1355 401; x_wconf 78' lang='lat' dir='ltr'><strong>quamvis</strong></span> <span class='ocrx_word' id='word_1_51' title='bbox 1384 370 1575 402; x_wconf 79' lang='lat' dir='ltr'><strong>cognationem</strong></span> <span class='ocrx_word' id='word_1_52' title='bbox 1591 370 1710 397; x_wconf 73' lang='lat' dir='ltr'><strong>describi</strong></span> <span class='ocrx_word' id='word_1_53' title='bbox 1738 372 1875 406; x_wconf 81' lang='lat' dir='ltr'><strong>imperavit.</strong></span> 
     </span>
    </p>
   </div>
   <div class='ocr_carea' id='block_1_6' title="bbox 268 404 1875 450">
    <p class='ocr_par' dir='ltr' id='par_1_6' title="bbox 268 404 1875 450">
     <span class='ocr_line' id='line_1_6' title="bbox 268 404 1875 450; baseline 0.007 -19"><span class='ocrx_word' id='word_1_54' title='bbox 268 405 389 440; x_wconf 86' lang='lat' dir='ltr'><strong>Denique</strong></span> <span class='ocrx_word' id='word_1_55' title='bbox 399 413 464 432; x_wconf 86' lang='lat' dir='ltr'><strong>vero</strong></span> <span class='ocrx_word' id='word_1_56' title='bbox 480 404 582 433; x_wconf 87' lang='lat' dir='ltr'><strong>Christi</strong></span> <span class='ocrx_word' id='word_1_57' title='bbox 599 406 633 433; x_wconf 90' lang='lat' dir='ltr'><strong>de</strong></span> <span class='ocrx_word' id='word_1_58' title='bbox 649 406 782 433; x_wconf 76' lang='lat' dir='ltr'><strong>felicitate</strong></span> <span class='ocrx_word' id='word_1_59' title='bbox 796 408 972 441; x_wconf 69' lang='lat' dir='ltr'><strong>pronuntiata</strong></span> <span class='ocrx_word' id='word_1_60' title='bbox 993 407 1064 434; x_wconf 85' lang='lat' dir='ltr'><strong>idem</strong></span> <span class='ocrx_word' id='word_1_61' title='bbox 1078 409 1130 436; x_wconf 73' lang='lat' dir='ltr'><strong>sibi</strong></span> <span class='ocrx_word' id='word_1_62' title='bbox 1145 411 1214 437; x_wconf 89' lang='lat' dir='ltr'><strong>velle</strong></span> <span class='ocrx_word' id='word_1_63' title='bbox 1226 412 1361 442; x_wconf 77' lang='lat' dir='ltr'><strong>videntur,</strong></span> <span class='ocrx_word' id='word_1_64' title='bbox 1380 413 1501 447; x_wconf 88' lang='lat' dir='ltr'><strong>hocipso</strong></span> <span class='ocrx_word' id='word_1_65' title='bbox 1519 414 1590 448; x_wconf 83' lang='lat' dir='ltr'><strong>quod</strong></span> <span class='ocrx_word' id='word_1_66' title='bbox 1608 415 1757 442; x_wconf 90' lang='lat' dir='ltr'><strong>virtutibus</strong></span> <span class='ocrx_word' id='word_1_67' title='bbox 1774 404 1875 450; x_wconf 73' lang='lat' dir='ltr'><strong>singulis</strong></span> 
     </span>
    </p>
   </div>
   <div class='ocr_carea' id='block_1_7' title="bbox 267 449 1873 493">
    <p class='ocr_par' dir='ltr' id='par_1_7' title="bbox 267 449 1873 493">
     <span class='ocr_line' id='line_1_7' title="bbox 267 449 1873 493; baseline 0.006 -17"><span class='ocrx_word' id='word_1_68' title='bbox 267 457 315 476; x_wconf 84' lang='lat' dir='ltr'><strong>sua</strong></span> <span class='ocrx_word' id='word_1_69' title='bbox 325 450 436 484; x_wconf 77' lang='lat' dir='ltr'><strong>praemia</strong></span> <span class='ocrx_word' id='word_1_70' title='bbox 449 449 613 482; x_wconf 89' lang='lat' dir='ltr'><strong>decernunt,</strong></span> <span class='ocrx_word' id='word_1_71' title='bbox 626 451 804 483; x_wconf 83' lang='lat' dir='ltr'><strong>maximaque</strong></span> <span class='ocrx_word' id='word_1_72' title='bbox 823 450 856 477; x_wconf 91' lang='lat' dir='ltr'><strong>iis</strong></span> <span class='ocrx_word' id='word_1_73' title='bbox 869 451 914 485; x_wconf 89' lang='lat' dir='ltr'><strong>qui</strong></span> <span class='ocrx_word' id='word_1_74' title='bbox 933 451 1042 477; x_wconf 68' lang='lat' dir='ltr'><strong>sinerro</strong></span> <span class='ocrx_word' id='word_1_75' title='bbox 1057 454 1141 480; x_wconf 85' lang='lat' dir='ltr'><strong>corde</strong></span> <span class='ocrx_word' id='word_1_76' title='bbox 1161 455 1267 489; x_wconf 75' lang='lat' dir='ltr'><strong>praediti</strong></span> <span class='ocrx_word' id='word_1_77' title='bbox 1281 456 1431 483; x_wconf 81' lang='lat' dir='ltr'><strong>exsistunt.</strong></span> <span class='ocrx_word' id='word_1_78' title='bbox 1441 456 1525 484; x_wconf 88' lang='lat' dir='ltr'><strong>Deum</strong></span> <span class='ocrx_word' id='word_1_79' title='bbox 1542 457 1615 484; x_wconf 91' lang='lat' dir='ltr'><strong>enim</strong></span> <span class='ocrx_word' id='word_1_80' title='bbox 1632 457 1773 491; x_wconf 91' lang='lat' dir='ltr'><strong>videbunt,</strong></span> <span class='ocrx_word' id='word_1_81' title='bbox 1788 449 1873 493; x_wconf 82' lang='lat' dir='ltr'><strong>inquit.</strong></span> 
     </span>
    </p>
   </div>
   <div class='ocr_carea' id='block_1_8' title="bbox 266 493 1874 536">
    <p class='ocr_par' dir='ltr' id='par_1_8' title="bbox 266 493 1874 536">
     <span class='ocr_line' id='line_1_8' title="bbox 266 493 1874 536; baseline 0.006 -16"><span class='ocrx_word' id='word_1_82' title='bbox 266 494 365 526; x_wconf 79' lang='lat' dir='ltr'><strong>Quales</strong></span> <span class='ocrx_word' id='word_1_83' title='bbox 382 493 484 521; x_wconf 87' lang='lat' dir='ltr'><strong>ibidem</strong></span> <span class='ocrx_word' id='word_1_84' title='bbox 501 494 574 521; x_wconf 85' lang='lat' dir='ltr'><strong>sacri</strong></span> <span class='ocrx_word' id='word_1_85' title='bbox 590 494 695 521; x_wconf 86' lang='lat' dir='ltr'><strong>ordinis</strong></span> <span class='ocrx_word' id='word_1_86' title='bbox 712 494 839 521; x_wconf 88' lang='lat' dir='ltr'><strong>homines</strong></span> <span class='ocrx_word' id='word_1_87' title='bbox 855 501 915 521; x_wconf 88' lang='lat' dir='ltr'><strong>esse</strong></span> <span class='ocrx_word' id='word_1_88' title='bbox 933 494 1020 528; x_wconf 84' lang='lat' dir='ltr'><strong>jubet,</strong></span> <span class='ocrx_word' id='word_1_89' title='bbox 1039 496 1168 525; x_wconf 85' lang='lat' dir='ltr'><strong>selectam</strong></span> <span class='ocrx_word' id='word_1_90' title='bbox 1185 499 1256 525; x_wconf 86' lang='lat' dir='ltr'><strong>enim</strong></span> <span class='ocrx_word' id='word_1_91' title='bbox 1271 499 1486 534; x_wconf 78' lang='lat' dir='ltr'><strong>descriptionem</strong></span> <span class='ocrx_word' id='word_1_92' title='bbox 1501 500 1615 532; x_wconf 84' lang='lat' dir='ltr'><strong>habent,</strong></span> <span class='ocrx_word' id='word_1_93' title='bbox 1632 507 1763 536; x_wconf 65' lang='lat' dir='ltr'><strong>praeterea</strong></span> <span class='ocrx_word' id='word_1_94' title='bbox 1787 503 1874 530; x_wconf 87' lang='lat' dir='ltr'><strong>nullam</strong></span> 
     </span>
    </p>
   </div>
   <div class='ocr_carea' id='block_1_9' title="bbox 265 538 1873 578">
    <p class='ocr_par' dir='ltr' id='par_1_9' title="bbox 265 538 1873 578">
     <span class='ocr_line' id='line_1_9' title="bbox 265 538 1873 578; baseline 0.004 -14"><span class='ocrx_word' id='word_1_95' title='bbox 265 539 291 565; x_wconf 95' lang='lat' dir='ltr'><strong>in</strong></span> <span class='ocrx_word' id='word_1_96' title='bbox 311 544 382 565; x_wconf 88' lang='lat' dir='ltr'><strong>terra</strong></span> <span class='ocrx_word' id='word_1_97' title='bbox 397 543 514 573; x_wconf 85' lang='lat' dir='ltr'><strong>partem.</strong></span> <span class='ocrx_word' id='word_1_98' title='bbox 527 538 578 571; x_wconf 82' lang='lat' dir='ltr'><strong>Qui</strong></span> <span class='ocrx_word' id='word_1_99' title='bbox 594 538 676 565; x_wconf 86' lang='lat' dir='ltr'><strong>etiam</strong></span> <span class='ocrx_word' id='word_1_100' title='bbox 693 539 786 565; x_wconf 84' lang='lat' dir='ltr'><strong>dicere</strong></span> <span class='ocrx_word' id='word_1_101' title='bbox 801 544 932 573; x_wconf 78' lang='lat' dir='ltr'><strong>possent:</strong></span> <span class='ocrx_word' id='word_1_102' title='bbox 946 538 1045 573; x_wconf 92' lang='lat' dir='ltr'><strong>Utique</strong></span> <span class='ocrx_word' id='word_1_103' title='bbox 1064 541 1090 567; x_wconf 87' lang='lat' dir='ltr'><strong>in</strong></span> <span class='ocrx_word' id='word_1_104' title='bbox 1109 542 1236 569; x_wconf 88' lang='lat' dir='ltr'><strong>manibus</strong></span> <span class='ocrx_word' id='word_1_105' title='bbox 1259 543 1314 569; x_wconf 91' lang='lat' dir='ltr'><strong>tuis</strong></span> <span class='ocrx_word' id='word_1_106' title='bbox 1330 550 1392 570; x_wconf 86' lang='lat' dir='ltr'><strong>sors</strong></span> <span class='ocrx_word' id='word_1_107' title='bbox 1406 550 1476 575; x_wconf 89' lang='lat' dir='ltr'><strong>mea,</strong></span> <span class='ocrx_word' id='word_1_108' title='bbox 1493 544 1641 578; x_wconf 90' lang='lat' dir='ltr'><strong>portioque</strong></span> <span class='ocrx_word' id='word_1_109' title='bbox 1658 551 1717 570; x_wconf 84' lang='lat' dir='ltr'><strong>mea</strong></span> <span class='ocrx_word' id='word_1_110' title='bbox 1748 543 1873 572; x_wconf 86' lang='lat' dir='ltr'><strong>Dominus.</strong></span> 
     </span>
    </p>
   </div>
   <div class='ocr_carea' id='block_1_10' title="bbox 263 581 1875 619">
    <p class='ocr_par' dir='ltr' id='par_1_10' title="bbox 263 581 1875 619">
     <span class='ocr_line' id='line_1_10' title="bbox 263 581 1875 619; baseline 0.002 -10"><span class='ocrx_word' id='word_1_111' title='bbox 263 581 341 609; x_wconf 89' lang='lat' dir='ltr'><strong>Unde</strong></span> <span class='ocrx_word' id='word_1_112' title='bbox 371 590 421 609; x_wconf 91' lang='lat' dir='ltr'><strong>nec</strong></span> <span class='ocrx_word' id='word_1_113' title='bbox 449 582 582 617; x_wconf 88' lang='lat' dir='ltr'><strong>puerulus</strong></span> <span class='ocrx_word' id='word_1_114' title='bbox 612 583 638 609; x_wconf 94' lang='lat' dir='ltr'><strong>in</strong></span> <span class='ocrx_word' id='word_1_115' title='bbox 661 583 713 616; x_wconf 85' lang='lat' dir='ltr'><strong>eis,</strong></span> <span class='ocrx_word' id='word_1_116' title='bbox 740 583 813 617; x_wconf 87' lang='lat' dir='ltr'><strong>quod</strong></span> <span class='ocrx_word' id='word_1_117' title='bbox 851 590 947 618; x_wconf 83' lang='lat' dir='ltr'><strong>puram</strong></span> <span class='ocrx_word' id='word_1_118' title='bbox 975 583 1140 617; x_wconf 76' lang='lat' dir='ltr'><strong>probitatem</strong></span> <span class='ocrx_word' id='word_1_119' title='bbox 1171 584 1320 619; x_wconf 75' lang='lat' dir='ltr'><strong>signiﬁcat.</strong></span> <span class='ocrx_word' id='word_1_120' title='bbox 1334 585 1369 610; x_wconf 84' lang='lat' dir='ltr'><strong>At</strong></span> <span class='ocrx_word' id='word_1_121' title='bbox 1387 584 1435 619; x_wconf 89' lang='lat' dir='ltr'><strong>qui</strong></span> <span class='ocrx_word' id='word_1_122' title='bbox 1458 589 1574 612; x_wconf 89' lang='lat' dir='ltr'><strong>cunctos</strong></span> <span class='ocrx_word' id='word_1_123' title='bbox 1600 584 1734 612; x_wconf 85' lang='lat' dir='ltr'><strong>describit</strong></span> <span class='ocrx_word' id='word_1_124' title='bbox 1762 584 1875 614; x_wconf 81' lang='lat' dir='ltr'><strong>Christus</strong></span> 
     </span>
    </p>
   </div>
   <div class='ocr_carea' id='block_1_11' title="bbox 262 627 1874 662">
    <p class='ocr_par' dir='ltr' id='par_1_11' title="bbox 262 627 1874 662">
     <span class='ocr_line' id='line_1_11' title="bbox 262 627 1874 662; baseline 0.001 -9"><span class='ocrx_word' id='word_1_125' title='bbox 262 631 304 653; x_wconf 88' lang='lat' dir='ltr'><strong>est</strong></span> <span class='ocrx_word' id='word_1_126' title='bbox 333 634 380 662; x_wconf 89' lang='lat' dir='ltr'><strong>per</strong></span> <span class='ocrx_word' id='word_1_127' title='bbox 415 635 553 654; x_wconf 83' lang='lat' dir='ltr'><strong>summum</strong></span> <span class='ocrx_word' id='word_1_128' title='bbox 588 627 744 661; x_wconf 80' lang='lat' dir='ltr'><strong>pontiﬁcem</strong></span> <span class='ocrx_word' id='word_1_129' title='bbox 775 631 800 653; x_wconf 92' lang='lat' dir='ltr'><strong>et</strong></span> <span class='ocrx_word' id='word_1_130' title='bbox 831 627 1017 661; x_wconf 72' lang='lat' dir='ltr'><strong>legiSIatm-mn</strong></span> <span class='ocrx_word' id='word_1_131' title='bbox 1051 627 1252 659; x_wconf 72' lang='lat' dir='ltr'><strong>aduznbratus,</strong></span> <span class='ocrx_word' id='word_1_132' title='bbox 1288 628 1335 662; x_wconf 87' lang='lat' dir='ltr'><strong>qui</strong></span> <span class='ocrx_word' id='word_1_133' title='bbox 1363 628 1468 654; x_wconf 90' lang='lat' dir='ltr'><strong>nullam</strong></span> <span class='ocrx_word' id='word_1_134' title='bbox 1505 628 1664 656; x_wconf 82' lang='lat' dir='ltr'><strong>inﬁdelibus</strong></span> <span class='ocrx_word' id='word_1_135' title='bbox 1700 633 1804 656; x_wconf 86' lang='lat' dir='ltr'><strong>sortem</strong></span> <span class='ocrx_word' id='word_1_136' title='bbox 1829 629 1874 655; x_wconf 83' lang='lat' dir='ltr'><strong>tri-</strong></span> 
     </span>
    </p>
   </div>
   <div class='ocr_carea' id='block_1_12' title="bbox 268 669 1588 705">
    <p class='ocr_par' dir='ltr' id='par_1_12' title="bbox 268 669 1588 705">
     <span class='ocr_line' id='line_1_12' title="bbox 268 669 1588 705; baseline 0.001 -9"><span class='ocrx_word' id='word_1_137' title='bbox 268 671 336 697; x_wconf 88' lang='lat' dir='ltr'><strong>buit.</strong></span> <span class='ocrx_word' id='word_1_138' title='bbox 350 669 430 696; x_wconf 80' lang='lat' dir='ltr'><strong>Juxta</strong></span> <span class='ocrx_word' id='word_1_139' title='bbox 451 670 517 697; x_wconf 88' lang='lat' dir='ltr'><strong>illud</strong></span> <span class='ocrx_word' id='word_1_140' title='bbox 539 680 545 697; x_wconf 87' lang='lat'>:</span> <span class='ocrx_word' id='word_1_141' title='bbox 565 680 573 695; x_wconf 76' lang='grc' dir='ltr'><strong>ι</strong></span> <span class='ocrx_word' id='word_1_142' title='bbox 589 669 788 705; x_wconf 82' lang='lat' dir='ltr'><strong>Expungantur</strong></span> <span class='ocrx_word' id='word_1_143' title='bbox 799 678 813 697; x_wconf 90' lang='lat' dir='ltr'><strong>e</strong></span> <span class='ocrx_word' id='word_1_144' title='bbox 824 671 893 697; x_wconf 87' lang='lat' dir='ltr'><strong>libro</strong></span> <span class='ocrx_word' id='word_1_145' title='bbox 902 672 1169 701; x_wconf 89' lang='lat' dir='ltr'><strong>viventium,etcum</strong></span> <span class='ocrx_word' id='word_1_146' title='bbox 1183 671 1266 703; x_wconf 86' lang='lat' dir='ltr'><strong>justis</strong></span> <span class='ocrx_word' id='word_1_147' title='bbox 1280 679 1333 698; x_wconf 91' lang='lat' dir='ltr'><strong>non</strong></span> <span class='ocrx_word' id='word_1_148' title='bbox 1351 672 1510 698; x_wconf 85' lang='lat' dir='ltr'><strong>scribantur</strong></span> <span class='ocrx_word' id='word_1_149' title='bbox 1523 672 1559 698; x_wconf 81' lang='lat'><strong>“.</strong></span> <span class='ocrx_word' id='word_1_150' title='bbox 1579 681 1588 697; x_wconf 77' lang='grc' dir='ltr'>ι</span> 
     </span>
    </p>
   </div>
   <div class='ocr_carea' id='block_1_13' title="bbox 298 706 1874 750">
    <p class='ocr_par' dir='ltr' id='par_1_13' title="bbox 298 706 1874 750">
     <span class='ocr_line' id='line_1_13' title="bbox 298 706 1874 750; baseline 0.001 -10"><span class='ocrx_word' id='word_1_151' title='bbox 298 714 332 741; x_wconf 81' lang='lat' dir='ltr'><strong>Et</strong></span> <span class='ocrx_word' id='word_1_152' title='bbox 348 722 406 740; x_wconf 75' lang='lat' dir='ltr'><strong>runt</strong></span> <span class='ocrx_word' id='word_1_153' title='bbox 421 715 590 741; x_wconf 75' lang='lat' dir='ltr'><strong>accessissent</strong></span> <span class='ocrx_word' id='word_1_154' title='bbox 606 715 670 748; x_wconf 70' lang='lat' dir='ltr'><strong>ﬁlia:</strong></span> <span class='ocrx_word' id='word_1_155' title='bbox 687 714 817 748; x_wconf 81' lang='lat' dir='ltr'><strong>Salpaad.</strong></span> <span class='ocrx_word' id='word_1_156' title='bbox 840 713 957 750; x_wconf 65' lang='lat' dir='ltr'><strong>LXXVII,</strong></span> <span class='ocrx_word' id='word_1_157' title='bbox 975 714 1011 750; x_wconf 83' lang='grc'><strong>1.]</strong></span> <span class='ocrx_word' id='word_1_158' title='bbox 1027 713 1133 741; x_wconf 68' lang='lat' dir='ltr'><strong>Iustam</strong></span> <span class='ocrx_word' id='word_1_159' title='bbox 1150 721 1260 740; x_wconf 81' lang='lat' dir='ltr'><strong>causam</strong></span> <span class='ocrx_word' id='word_1_160' title='bbox 1288 718 1389 741; x_wconf 91' lang='lat' dir='ltr'><strong>sortem</strong></span> <span class='ocrx_word' id='word_1_161' title='bbox 1405 718 1558 749; x_wconf 89' lang='lat' dir='ltr'><strong>paternam,</strong></span> <span class='ocrx_word' id='word_1_162' title='bbox 1578 706 1640 742; x_wconf 76' lang='grc' dir='ltr'>(ιῖιιι</span> <span class='ocrx_word' id='word_1_163' title='bbox 1659 714 1758 742; x_wconf 77' lang='lat' dir='ltr'><strong>fratres</strong></span> <span class='ocrx_word' id='word_1_164' title='bbox 1780 716 1817 742; x_wconf 88' lang='lat' dir='ltr'><strong>eis</strong></span> <span class='ocrx_word' id='word_1_165' title='bbox 1829 722 1874 741; x_wconf 89' lang='lat' dir='ltr'><strong>non</strong></span> 
     </span>
    </p>
   </div>
   <div class='ocr_carea' id='block_1_14' title="bbox 261 757 1874 793">
    <p class='ocr_par' dir='ltr' id='par_1_14' title="bbox 261 757 1874 793">
     <span class='ocr_line' id='line_1_14' title="bbox 261 757 1874 793; baseline 0 -8"><span class='ocrx_word' id='word_1_166' title='bbox 261 763 365 790; x_wconf 85' lang='lat' dir='ltr'><strong>essent,</strong></span> <span class='ocrx_word' id='word_1_167' title='bbox 385 759 502 793; x_wconf 91' lang='lat' dir='ltr'><strong>petendo</strong></span> <span class='ocrx_word' id='word_1_168' title='bbox 518 762 689 793; x_wconf 89' lang='lat' dir='ltr'><strong>proponunt,</strong></span> <span class='ocrx_word' id='word_1_169' title='bbox 706 766 768 785; x_wconf 83' lang='lat' dir='ltr'><strong>cuin</strong></span> <span class='ocrx_word' id='word_1_170' title='bbox 785 758 938 793; x_wconf 89' lang='lat' dir='ltr'><strong>impietatis</strong></span> <span class='ocrx_word' id='word_1_171' title='bbox 955 762 1034 792; x_wconf 85' lang='lat' dir='ltr'><strong>pater</strong></span> <span class='ocrx_word' id='word_1_172' title='bbox 1049 757 1322 789; x_wconf 83' lang='lat' dir='ltr'><strong>commisissetnihil,</strong></span> <span class='ocrx_word' id='word_1_173' title='bbox 1339 765 1433 784; x_wconf 90' lang='lat' dir='ltr'><strong>verum</strong></span> <span class='ocrx_word' id='word_1_174' title='bbox 1451 758 1558 792; x_wconf 89' lang='lat' dir='ltr'><strong>peccati</strong></span> <span class='ocrx_word' id='word_1_175' title='bbox 1575 758 1679 793; x_wconf 83' lang='lat' dir='ltr'><strong>proprii</strong></span> <span class='ocrx_word' id='word_1_176' title='bbox 1695 759 1769 793; x_wconf 87' lang='lat' dir='ltr'><strong>jnsta</strong></span> <span class='ocrx_word' id='word_1_177' title='bbox 1784 758 1874 792; x_wconf 79' lang='lat' dir='ltr'><strong>persol-</strong></span> 
     </span>
    </p>
   </div>
   <div class='ocr_carea' id='block_1_15' title="bbox 262 801 1873 837">
    <p class='ocr_par' dir='ltr' id='par_1_15' title="bbox 262 801 1873 837">
     <span class='ocr_line' id='line_1_15' title="bbox 262 801 1873 837; baseline -0.001 -9"><span class='ocrx_word' id='word_1_178' title='bbox 262 803 354 835; x_wconf 78' lang='lat' dir='ltr'><strong>rissct,</strong></span> <span class='ocrx_word' id='word_1_179' title='bbox 372 807 398 830; x_wconf 91' lang='lat' dir='ltr'><strong>ct</strong></span> <span class='ocrx_word' id='word_1_180' title='bbox 413 803 445 829; x_wconf 89' lang='lat' dir='ltr'><strong>ad</strong></span> <span class='ocrx_word' id='word_1_181' title='bbox 456 802 606 837; x_wconf 78' lang='lat' dir='ltr'><strong>longiorem</strong></span> <span class='ocrx_word' id='word_1_182' title='bbox 623 802 703 828; x_wconf 86' lang='lat' dir='ltr'><strong>vitam</strong></span> <span class='ocrx_word' id='word_1_183' title='bbox 718 802 861 836; x_wconf 85' lang='lat' dir='ltr'><strong>pervenire</strong></span> <span class='ocrx_word' id='word_1_184' title='bbox 875 809 929 828; x_wconf 93' lang='lat' dir='ltr'><strong>non</strong></span> <span class='ocrx_word' id='word_1_185' title='bbox 943 802 1086 837; x_wconf 83' lang='lat' dir='ltr'><strong>potuisset.</strong></span> <span class='ocrx_word' id='word_1_186' title='bbox 1103 801 1237 828; x_wconf 64' lang='lat' dir='ltr'><strong>Caeterum</strong></span> <span class='ocrx_word' id='word_1_187' title='bbox 1254 803 1432 836; x_wconf 63' lang='lat' dir='ltr'><strong>praetendunt</strong></span> <span class='ocrx_word' id='word_1_188' title='bbox 1446 802 1509 835; x_wconf 90' lang='lat' dir='ltr'><strong>hoc,</strong></span> <span class='ocrx_word' id='word_1_189' title='bbox 1522 803 1659 835; x_wconf 85' lang='lat' dir='ltr'><strong>siquidem</strong></span> <span class='ocrx_word' id='word_1_190' title='bbox 1677 804 1737 830; x_wconf 63' lang='lat' dir='ltr'><strong>vitae</strong></span> <span class='ocrx_word' id='word_1_191' title='bbox 1748 801 1873 836; x_wconf 74' lang='lat' dir='ltr'><strong>longitudo</strong></span> 
     </span>
    </p>
   </div>
   <div class='ocr_carea' id='block_1_16' title="bbox 261 845 1870 881">
    <p class='ocr_par' dir='ltr' id='par_1_16' title="bbox 261 845 1870 881">
     <span class='ocr_line' id='line_1_16' title="bbox 261 845 1870 881; baseline 0.002 -11"><span class='ocrx_word' id='word_1_192' title='bbox 261 846 347 880; x_wconf 73' lang='lat' dir='ltr'><strong>legem</strong></span> <span class='ocrx_word' id='word_1_193' title='bbox 375 845 587 881; x_wconf 73' lang='lat' dir='ltr'><strong>observantibus</strong></span> <span class='ocrx_word' id='word_1_194' title='bbox 615 845 708 872; x_wconf 87' lang='lat' dir='ltr'><strong>divina</strong></span> <span class='ocrx_word' id='word_1_195' title='bbox 730 845 914 879; x_wconf 87' lang='lat' dir='ltr'><strong>promissione</strong></span> <span class='ocrx_word' id='word_1_196' title='bbox 937 845 1071 879; x_wconf 69' lang='lat' dir='ltr'><strong>praeﬁnita</strong></span> <span class='ocrx_word' id='word_1_197' title='bbox 1086 849 1155 872; x_wconf 83' lang='lat' dir='ltr'><strong>erat.</strong></span> <span class='ocrx_word' id='word_1_198' title='bbox 1173 845 1295 873; x_wconf 86' lang='lat' dir='ltr'><strong>Possunt</strong></span> <span class='ocrx_word' id='word_1_199' title='bbox 1311 852 1402 873; x_wconf 88' lang='lat' dir='ltr'><strong>autem</strong></span> <span class='ocrx_word' id='word_1_200' title='bbox 1419 846 1471 873; x_wconf 92' lang='lat' dir='ltr'><strong>hoc</strong></span> <span class='ocrx_word' id='word_1_201' title='bbox 1483 854 1593 881; x_wconf 86' lang='lat' dir='ltr'><strong>quoque</strong></span> <span class='ocrx_word' id='word_1_202' title='bbox 1609 846 1691 873; x_wconf 90' lang='lat' dir='ltr'><strong>modo</strong></span> <span class='ocrx_word' id='word_1_203' title='bbox 1706 846 1870 873; x_wconf 87' lang='lat' dir='ltr'><strong>concludere.</strong></span> 
     </span>
    </p>
   </div>
   <div class='ocr_carea' id='block_1_17' title="bbox 259 888 1871 924">
    <p class='ocr_par' dir='ltr' id='par_1_17' title="bbox 259 888 1871 924">
     <span class='ocr_line' id='line_1_17' title="bbox 259 888 1871 924; baseline 0 -8"><span class='ocrx_word' id='word_1_204' title='bbox 259 890 343 916; x_wconf 82' lang='lat' dir='ltr'><strong>Nemo</strong></span> <span class='ocrx_word' id='word_1_205' title='bbox 359 890 411 916; x_wconf 90' lang='lat' dir='ltr'><strong>nisi</strong></span> <span class='ocrx_word' id='word_1_206' title='bbox 427 890 461 916; x_wconf 87' lang='lat' dir='ltr'><strong>ob</strong></span> <span class='ocrx_word' id='word_1_207' title='bbox 480 893 622 924; x_wconf 89' lang='lat' dir='ltr'><strong>peccatum</strong></span> <span class='ocrx_word' id='word_1_208' title='bbox 636 890 746 924; x_wconf 83' lang='lat' dir='ltr'><strong>generis</strong></span> <span class='ocrx_word' id='word_1_209' title='bbox 760 889 904 916; x_wconf 87' lang='lat' dir='ltr'><strong>masculini</strong></span> <span class='ocrx_word' id='word_1_210' title='bbox 918 897 1014 916; x_wconf 84' lang='lat' dir='ltr'><strong>exsors</strong></span> <span class='ocrx_word' id='word_1_211' title='bbox 1032 889 1071 916; x_wconf 90' lang='lat' dir='ltr'><strong>ﬁt.</strong></span> <span class='ocrx_word' id='word_1_212' title='bbox 1090 888 1172 923; x_wconf 87' lang='lat' dir='ltr'><strong>Atqui</strong></span> <span class='ocrx_word' id='word_1_213' title='bbox 1195 897 1247 916; x_wconf 91' lang='lat' dir='ltr'><strong>nou</strong></span> <span class='ocrx_word' id='word_1_214' title='bbox 1267 894 1412 924; x_wconf 85' lang='lat' dir='ltr'><strong>tantopere</strong></span> <span class='ocrx_word' id='word_1_215' title='bbox 1428 890 1599 924; x_wconf 84' lang='lat' dir='ltr'><strong>peccavitis,</strong></span> <span class='ocrx_word' id='word_1_216' title='bbox 1632 890 1773 924; x_wconf 89' lang='lat' dir='ltr'><strong>inquiunt,</strong></span> <span class='ocrx_word' id='word_1_217' title='bbox 1802 888 1871 924; x_wconf 63' lang='grc'><strong>425</strong></span> 
     </span>
    </p>
   </div>
   <div class='ocr_carea' id='block_1_18' title="bbox 259 931 1872 968">
    <p class='ocr_par' dir='ltr' id='par_1_18' title="bbox 259 931 1872 968">
     <span class='ocr_line' id='line_1_18' title="bbox 259 931 1872 968; baseline -0.001 -9"><span class='ocrx_word' id='word_1_218' title='bbox 259 937 287 960; x_wconf 84' lang='grc' dir='ltr'><strong>ιιι</strong></span> <span class='ocrx_word' id='word_1_219' title='bbox 299 940 397 959; x_wconf 88' lang='lat' dir='ltr'><strong>nomen</strong></span> <span class='ocrx_word' id='word_1_220' title='bbox 412 934 471 968; x_wconf 89' lang='lat' dir='ltr'><strong>ejus</strong></span> <span class='ocrx_word' id='word_1_221' title='bbox 485 933 673 960; x_wconf 91' lang='lat' dir='ltr'><strong>inducendum</strong></span> <span class='ocrx_word' id='word_1_222' title='bbox 688 933 751 964; x_wconf 89' lang='lat' dir='ltr'><strong>siet,</strong></span> <span class='ocrx_word' id='word_1_223' title='bbox 769 932 1001 967; x_wconf 85' lang='lat' dir='ltr'><strong>quemadmodum</strong></span> <span class='ocrx_word' id='word_1_224' title='bbox 1018 940 1126 966; x_wconf 90' lang='lat' dir='ltr'><strong>eorum,</strong></span> <span class='ocrx_word' id='word_1_225' title='bbox 1141 934 1187 968; x_wconf 90' lang='lat' dir='ltr'><strong>qui</strong></span> <span class='ocrx_word' id='word_1_226' title='bbox 1205 941 1266 960; x_wconf 93' lang='lat' dir='ltr'><strong>eum</strong></span> <span class='ocrx_word' id='word_1_227' title='bbox 1286 934 1358 960; x_wconf 81' lang='lat' dir='ltr'><strong>Core</strong></span> <span class='ocrx_word' id='word_1_228' title='bbox 1375 934 1585 968; x_wconf 86' lang='lat' dir='ltr'><strong>conspirarunt.</strong></span> <span class='ocrx_word' id='word_1_229' title='bbox 1601 934 1682 966; x_wconf 84' lang='lat' dir='ltr'><strong>Quod</strong></span> <span class='ocrx_word' id='word_1_230' title='bbox 1698 934 1779 961; x_wconf 81' lang='lat' dir='ltr'><strong>etiam</strong></span> <span class='ocrx_word' id='word_1_231' title='bbox 1799 931 1872 958; x_wconf 83' lang='lat' dir='ltr'><strong>David</strong></span> 
     </span>
    </p>
   </div>
   <div class='ocr_carea' id='block_1_19' title="bbox 258 976 1872 1013">
    <p class='ocr_par' dir='ltr' id='par_1_19' title="bbox 258 976 1872 1013">
     <span class='ocr_line' id='line_1_19' title="bbox 258 976 1872 1013; baseline -0.001 -9"><span class='ocrx_word' id='word_1_232' title='bbox 258 986 308 1005; x_wconf 68' lang='lat' dir='ltr'><strong>suo</strong></span> <span class='ocrx_word' id='word_1_233' title='bbox 321 978 457 1013; x_wconf 79' lang='lat' dir='ltr'><strong>proditori</strong></span> <span class='ocrx_word' id='word_1_234' title='bbox 478 978 657 1013; x_wconf 81' lang='lat' dir='ltr'><strong>imprecatur,</strong></span> <span class='ocrx_word' id='word_1_235' title='bbox 688 978 818 1010; x_wconf 89' lang='lat' dir='ltr'><strong>inquiens</strong></span> <span class='ocrx_word' id='word_1_236' title='bbox 833 986 839 1004; x_wconf 90' lang='lat'>:</span> <span class='ocrx_word' id='word_1_237' title='bbox 857 987 866 1002; x_wconf 74' lang='grc' dir='ltr'>ι</span> <span class='ocrx_word' id='word_1_238' title='bbox 878 977 990 1004; x_wconf 85' lang='lat' dir='ltr'><strong>Utinam</strong></span> <span class='ocrx_word' id='word_1_239' title='bbox 1007 984 1022 1004; x_wconf 93' lang='lat' dir='ltr'><strong>e</strong></span> <span class='ocrx_word' id='word_1_240' title='bbox 1039 981 1111 1004; x_wconf 85' lang='lat' dir='ltr'><strong>terra</strong></span> <span class='ocrx_word' id='word_1_241' title='bbox 1128 977 1259 1004; x_wconf 85' lang='lat' dir='ltr'><strong>memoria</strong></span> <span class='ocrx_word' id='word_1_242' title='bbox 1284 977 1343 1010; x_wconf 87' lang='lat' dir='ltr'><strong>ejus</strong></span> <span class='ocrx_word' id='word_1_243' title='bbox 1362 977 1550 1004; x_wconf 83' lang='lat' dir='ltr'><strong>exscindatur.</strong></span> <span class='ocrx_word' id='word_1_244' title='bbox 1567 987 1575 1003; x_wconf 78' lang='grc' dir='ltr'><strong>ι</strong></span> <span class='ocrx_word' id='word_1_245' title='bbox 1597 977 1626 1004; x_wconf 91' lang='lat' dir='ltr'><strong>ld</strong></span> <span class='ocrx_word' id='word_1_246' title='bbox 1644 977 1718 1004; x_wconf 90' lang='lat' dir='ltr'><strong>enim</strong></span> <span class='ocrx_word' id='word_1_247' title='bbox 1748 976 1872 1004; x_wconf 84' lang='lat' dir='ltr'><strong>veterihus</strong></span> 
     </span>
    </p>
   </div>
   <div class='ocr_carea' id='block_1_20' title="bbox 258 1021 1870 1056">
    <p class='ocr_par' dir='ltr' id='par_1_20' title="bbox 258 1021 1870 1056">
     <span class='ocr_line' id='line_1_20' title="bbox 258 1021 1870 1056; baseline -0.001 -8"><span class='ocrx_word' id='word_1_248' title='bbox 258 1028 312 1048; x_wconf 87' lang='lat' dir='ltr'><strong>tam</strong></span> <span class='ocrx_word' id='word_1_249' title='bbox 329 1022 429 1048; x_wconf 90' lang='lat' dir='ltr'><strong>durum</strong></span> <span class='ocrx_word' id='word_1_250' title='bbox 443 1025 470 1049; x_wconf 90' lang='lat' dir='ltr'><strong>et</strong></span> <span class='ocrx_word' id='word_1_251' title='bbox 486 1029 567 1056; x_wconf 82' lang='lat' dir='ltr'><strong>grave</strong></span> <span class='ocrx_word' id='word_1_252' title='bbox 582 1022 671 1048; x_wconf 90' lang='lat' dir='ltr'><strong>visum</strong></span> <span class='ocrx_word' id='word_1_253' title='bbox 688 1026 741 1052; x_wconf 91' lang='lat' dir='ltr'><strong>est,</strong></span> <span class='ocrx_word' id='word_1_254' title='bbox 757 1029 838 1055; x_wconf 92' lang='lat' dir='ltr'><strong>quam</strong></span> <span class='ocrx_word' id='word_1_255' title='bbox 853 1021 932 1048; x_wconf 90' lang='lat' dir='ltr'><strong>nobis</strong></span> <span class='ocrx_word' id='word_1_256' title='bbox 946 1021 999 1047; x_wconf 84' lang='lat' dir='ltr'><strong>vita</strong></span> <span class='ocrx_word' id='word_1_257' title='bbox 1014 1021 1141 1048; x_wconf 80' lang='lat' dir='ltr'><strong>excidere</strong></span> <span class='ocrx_word' id='word_1_258' title='bbox 1152 1026 1265 1054; x_wconf 82' lang='lat' dir='ltr'><strong>:eterna,</strong></span> <span class='ocrx_word' id='word_1_259' title='bbox 1278 1029 1361 1056; x_wconf 88' lang='lat' dir='ltr'><strong>aqua</strong></span> <span class='ocrx_word' id='word_1_260' title='bbox 1377 1026 1457 1048; x_wconf 80' lang='lat' dir='ltr'><strong>nemo</strong></span> <span class='ocrx_word' id='word_1_261' title='bbox 1474 1021 1587 1055; x_wconf 89' lang='lat' dir='ltr'><strong>injuste,</strong></span> <span class='ocrx_word' id='word_1_262' title='bbox 1600 1021 1708 1055; x_wconf 89' lang='lat' dir='ltr'><strong>levique</strong></span> <span class='ocrx_word' id='word_1_263' title='bbox 1722 1021 1756 1048; x_wconf 86' lang='lat' dir='ltr'><strong>de</strong></span> <span class='ocrx_word' id='word_1_264' title='bbox 1770 1023 1870 1054; x_wconf 88' lang='lat' dir='ltr'><strong>peccan</strong></span> 
     </span>
    </p>
   </div>
   <div class='ocr_carea' id='block_1_21' title="bbox 256 1064 1870 1100">
    <p class='ocr_par' dir='ltr' id='par_1_21' title="bbox 256 1064 1870 1100">
     <span class='ocr_line' id='line_1_21' title="bbox 256 1064 1870 1100; baseline -0.002 -8"><span class='ocrx_word' id='word_1_265' title='bbox 256 1066 395 1100; x_wconf 82' lang='lat' dir='ltr'><strong>dejicitur.</strong></span> <span class='ocrx_word' id='word_1_266' title='bbox 412 1065 508 1093; x_wconf 82' lang='lat' dir='ltr'><strong>Exstat</strong></span> <span class='ocrx_word' id='word_1_267' title='bbox 523 1072 587 1091; x_wconf 90' lang='lat' dir='ltr'><strong>vero</strong></span> <span class='ocrx_word' id='word_1_268' title='bbox 605 1064 638 1091; x_wconf 82' lang='lat' dir='ltr'><strong>de</strong></span> <span class='ocrx_word' id='word_1_269' title='bbox 654 1064 697 1091; x_wconf 89' lang='lat' dir='ltr'><strong>his</strong></span> <span class='ocrx_word' id='word_1_270' title='bbox 716 1065 798 1092; x_wconf 87' lang='lat' dir='ltr'><strong>rebus</strong></span> <span class='ocrx_word' id='word_1_271' title='bbox 815 1064 869 1095; x_wconf 78' lang='lat' dir='ltr'><strong>lex,</strong></span> <span class='ocrx_word' id='word_1_272' title='bbox 883 1064 954 1098; x_wconf 88' lang='lat' dir='ltr'><strong>quod</strong></span> <span class='ocrx_word' id='word_1_273' title='bbox 974 1064 1154 1092; x_wconf 68' lang='lat' dir='ltr'><strong>feminzeloco</strong></span> <span class='ocrx_word' id='word_1_274' title='bbox 1166 1066 1351 1092; x_wconf 86' lang='lat' dir='ltr'><strong>masculorum</strong></span> <span class='ocrx_word' id='word_1_275' title='bbox 1367 1066 1434 1097; x_wconf 89' lang='lat' dir='ltr'><strong>sint,</strong></span> <span class='ocrx_word' id='word_1_276' title='bbox 1452 1069 1479 1092; x_wconf 90' lang='lat' dir='ltr'><strong>et</strong></span> <span class='ocrx_word' id='word_1_277' title='bbox 1496 1073 1545 1100; x_wconf 88' lang='lat' dir='ltr'><strong>per</strong></span> <span class='ocrx_word' id='word_1_278' title='bbox 1561 1073 1609 1092; x_wconf 87' lang='lat' dir='ltr'><strong>eas</strong></span> <span class='ocrx_word' id='word_1_279' title='bbox 1629 1065 1763 1092; x_wconf 85' lang='lat' dir='ltr'><strong>memoria</strong></span> <span class='ocrx_word' id='word_1_280' title='bbox 1775 1068 1870 1098; x_wconf 86' lang='lat' dir='ltr'><strong>patrum</strong></span> 
     </span>
    </p>
   </div>
   <div class='ocr_carea' id='block_1_22' title="bbox 257 1106 1871 1143">
    <p class='ocr_par' dir='ltr' id='par_1_22' title="bbox 257 1106 1871 1143">
     <span class='ocr_line' id='line_1_22' title="bbox 257 1106 1871 1143; baseline -0.002 -9"><span class='ocrx_word' id='word_1_281' title='bbox 257 1113 449 1136; x_wconf 65' lang='lat' dir='ltr'><strong>conservetur.</strong></span> <span class='ocrx_word' id='word_1_282' title='bbox 485 1109 563 1141; x_wconf 89' lang='lat' dir='ltr'><strong>Quod</strong></span> <span class='ocrx_word' id='word_1_283' title='bbox 578 1108 599 1135; x_wconf 89' lang='lat' dir='ltr'><strong>si</strong></span> <span class='ocrx_word' id='word_1_284' title='bbox 619 1116 683 1135; x_wconf 86' lang='lat' dir='ltr'><strong>Vero</strong></span> <span class='ocrx_word' id='word_1_285' title='bbox 710 1107 771 1134; x_wconf 65' lang='lat' dir='ltr'><strong>ﬁliae</strong></span> <span class='ocrx_word' id='word_1_286' title='bbox 795 1115 850 1134; x_wconf 89' lang='lat' dir='ltr'><strong>non</strong></span> <span class='ocrx_word' id='word_1_287' title='bbox 879 1108 999 1140; x_wconf 75' lang='lat' dir='ltr'><strong>fuerint,</strong></span> <span class='ocrx_word' id='word_1_288' title='bbox 1026 1108 1145 1143; x_wconf 83' lang='lat' dir='ltr'><strong>aliquem</strong></span> <span class='ocrx_word' id='word_1_289' title='bbox 1165 1109 1198 1135; x_wconf 89' lang='lat' dir='ltr'><strong>de</strong></span> <span class='ocrx_word' id='word_1_290' title='bbox 1221 1114 1336 1143; x_wconf 82' lang='lat' dir='ltr'><strong>paterno</strong></span> <span class='ocrx_word' id='word_1_291' title='bbox 1361 1116 1475 1143; x_wconf 75' lang='lat' dir='ltr'><strong>genere,</strong></span> <span class='ocrx_word' id='word_1_292' title='bbox 1491 1117 1546 1135; x_wconf 93' lang='lat' dir='ltr'><strong>non</strong></span> <span class='ocrx_word' id='word_1_293' title='bbox 1575 1112 1701 1135; x_wconf 85' lang='lat' dir='ltr'><strong>materno</strong></span> <span class='ocrx_word' id='word_1_294' title='bbox 1733 1106 1871 1136; x_wconf 83' lang='lat' dir='ltr'><strong>substituit,</strong></span> 
     </span>
    </p>
   </div>
   <div class='ocr_carea' id='block_1_23' title="bbox 257 1151 1870 1188">
    <p class='ocr_par' dir='ltr' id='par_1_23' title="bbox 257 1151 1870 1188">
     <span class='ocr_line' id='line_1_23' title="bbox 257 1151 1870 1188; baseline 0.003 -9"><span class='ocrx_word' id='word_1_295' title='bbox 257 1154 417 1188; x_wconf 73' lang='lat' dir='ltr'><strong>primasque</strong></span> <span class='ocrx_word' id='word_1_296' title='bbox 451 1152 528 1180; x_wconf 86' lang='lat' dir='ltr'><strong>sexui</strong></span> <span class='ocrx_word' id='word_1_297' title='bbox 562 1152 718 1179; x_wconf 90' lang='lat' dir='ltr'><strong>masculino</strong></span> <span class='ocrx_word' id='word_1_298' title='bbox 734 1151 833 1183; x_wconf 74' lang='lat' dir='ltr'><strong>defert,</strong></span> <span class='ocrx_word' id='word_1_299' title='bbox 852 1159 884 1179; x_wconf 90' lang='lat' dir='ltr'><strong>eo</strong></span> <span class='ocrx_word' id='word_1_300' title='bbox 902 1152 975 1186; x_wconf 89' lang='lat' dir='ltr'><strong>quod</strong></span> <span class='ocrx_word' id='word_1_301' title='bbox 1009 1154 1183 1186; x_wconf 81' lang='lat' dir='ltr'><strong>pertinebant</strong></span> <span class='ocrx_word' id='word_1_302' title='bbox 1214 1155 1312 1181; x_wconf 88' lang='lat' dir='ltr'><strong>merito</strong></span> <span class='ocrx_word' id='word_1_303' title='bbox 1342 1159 1399 1181; x_wconf 90' lang='lat' dir='ltr'><strong>tum</strong></span> <span class='ocrx_word' id='word_1_304' title='bbox 1412 1154 1446 1181; x_wconf 84' lang='lat' dir='ltr'><strong>ad</strong></span> <span class='ocrx_word' id='word_1_305' title='bbox 1462 1162 1509 1181; x_wconf 89' lang='lat' dir='ltr'><strong>eos</strong></span> <span class='ocrx_word' id='word_1_306' title='bbox 1524 1154 1571 1188; x_wconf 90' lang='lat' dir='ltr'><strong>qui</strong></span> <span class='ocrx_word' id='word_1_307' title='bbox 1590 1155 1617 1181; x_wconf 97' lang='lat' dir='ltr'><strong>in</strong></span> <span class='ocrx_word' id='word_1_308' title='bbox 1632 1155 1711 1181; x_wconf 89' lang='lat' dir='ltr'><strong>bellis</strong></span> <span class='ocrx_word' id='word_1_309' title='bbox 1731 1154 1870 1183; x_wconf 68' lang='lat' dir='ltr'><strong>decertant.</strong></span> 
     </span>
    </p>
   </div>
   <div class='ocr_carea' id='block_1_24' title="bbox 257 1197 1870 1233">
    <p class='ocr_par' dir='ltr' id='par_1_24' title="bbox 257 1197 1870 1233">
     <span class='ocr_line' id='line_1_24' title="bbox 257 1197 1870 1233; baseline -0.001 -9"><span class='ocrx_word' id='word_1_310' title='bbox 257 1205 312 1225; x_wconf 88' lang='lat' dir='ltr'><strong>tum</strong></span> <span class='ocrx_word' id='word_1_311' title='bbox 332 1200 414 1226; x_wconf 89' lang='lat' dir='ltr'><strong>etiam</strong></span> <span class='ocrx_word' id='word_1_312' title='bbox 432 1207 480 1226; x_wconf 83' lang='lat' dir='ltr'><strong>eos</strong></span> <span class='ocrx_word' id='word_1_313' title='bbox 496 1198 543 1233; x_wconf 86' lang='lat' dir='ltr'><strong>qui</strong></span> <span class='ocrx_word' id='word_1_314' title='bbox 558 1197 721 1225; x_wconf 87' lang='lat' dir='ltr'><strong>certaminis</strong></span> <span class='ocrx_word' id='word_1_315' title='bbox 744 1198 857 1232; x_wconf 66' lang='lat' dir='ltr'><strong>praemia</strong></span> <span class='ocrx_word' id='word_1_316' title='bbox 882 1202 1090 1231; x_wconf 84' lang='lat' dir='ltr'><strong>compararunt.</strong></span> <span class='ocrx_word' id='word_1_317' title='bbox 1111 1197 1188 1225; x_wconf 87' lang='lat' dir='ltr'><strong>Unde</strong></span> <span class='ocrx_word' id='word_1_318' title='bbox 1216 1199 1300 1225; x_wconf 88' lang='lat' dir='ltr'><strong>etiam</strong></span> <span class='ocrx_word' id='word_1_319' title='bbox 1330 1198 1433 1225; x_wconf 89' lang='lat' dir='ltr'><strong>donum</strong></span> <span class='ocrx_word' id='word_1_320' title='bbox 1459 1198 1622 1233; x_wconf 87' lang='lat' dir='ltr'><strong>hujusmodi</strong></span> <span class='ocrx_word' id='word_1_321' title='bbox 1654 1198 1870 1233; x_wconf 65' lang='lat' dir='ltr'><strong>jucundissimum</strong></span> 
     </span>
    </p>
   </div>
   <div class='ocr_carea' id='block_1_25' title="bbox 256 1241 1869 1277">
    <p class='ocr_par' dir='ltr' id='par_1_25' title="bbox 256 1241 1869 1277">
     <span class='ocr_line' id='line_1_25' title="bbox 256 1241 1869 1277; baseline -0.002 -9"><span class='ocrx_word' id='word_1_322' title='bbox 256 1244 323 1277; x_wconf 87' lang='lat' dir='ltr'><strong>ipsis</strong></span> <span class='ocrx_word' id='word_1_323' title='bbox 337 1244 408 1270; x_wconf 82' lang='lat' dir='ltr'><strong>haud</strong></span> <span class='ocrx_word' id='word_1_324' title='bbox 427 1243 564 1270; x_wconf 87' lang='lat' dir='ltr'><strong>immerito</strong></span> <span class='ocrx_word' id='word_1_325' title='bbox 580 1242 698 1269; x_wconf 74' lang='lat' dir='ltr'><strong>exstitit.</strong></span> <span class='ocrx_word' id='word_1_326' title='bbox 716 1242 785 1268; x_wconf 89' lang='lat' dir='ltr'><strong>[llud</strong></span> <span class='ocrx_word' id='word_1_327' title='bbox 801 1246 892 1268; x_wconf 86' lang='lat' dir='ltr'><strong>autem</strong></span> <span class='ocrx_word' id='word_1_328' title='bbox 908 1242 981 1276; x_wconf 88' lang='lat' dir='ltr'><strong>quod</strong></span> <span class='ocrx_word' id='word_1_329' title='bbox 1008 1241 1154 1269; x_wconf 66' lang='lat' dir='ltr'><strong>haereditas</strong></span> <span class='ocrx_word' id='word_1_330' title='bbox 1167 1242 1207 1269; x_wconf 87' lang='lat' dir='ltr'><strong>eis</strong></span> <span class='ocrx_word' id='word_1_331' title='bbox 1223 1242 1364 1273; x_wconf 88' lang='lat' dir='ltr'><strong>tribuitur,</strong></span> <span class='ocrx_word' id='word_1_332' title='bbox 1390 1241 1566 1269; x_wconf 82' lang='lat' dir='ltr'><strong>demonstrat</strong></span> <span class='ocrx_word' id='word_1_333' title='bbox 1583 1242 1656 1275; x_wconf 88' lang='lat' dir='ltr'><strong>quod</strong></span> <span class='ocrx_word' id='word_1_334' title='bbox 1674 1241 1807 1276; x_wconf 86' lang='lat' dir='ltr'><strong>propriam</strong></span> <span class='ocrx_word' id='word_1_335' title='bbox 1823 1246 1869 1266; x_wconf 91' lang='lat' dir='ltr'><strong>non</strong></span> 
     </span>
    </p>
   </div>
   <div class='ocr_carea' id='block_1_26' title="bbox 256 1283 1866 1323">
    <p class='ocr_par' dir='ltr' id='par_1_26' title="bbox 256 1283 1866 1323">
     <span class='ocr_line' id='line_1_26' title="bbox 256 1283 1866 1323; baseline -0.003 -9"><span class='ocrx_word' id='word_1_336' title='bbox 256 1289 412 1319; x_wconf 85' lang='lat' dir='ltr'><strong>habuerint,</strong></span> <span class='ocrx_word' id='word_1_337' title='bbox 432 1296 496 1323; x_wconf 83' lang='lat' dir='ltr'><strong>pars</strong></span> <span class='ocrx_word' id='word_1_338' title='bbox 515 1288 588 1315; x_wconf 87' lang='lat' dir='ltr'><strong>enim</strong></span> <span class='ocrx_word' id='word_1_339' title='bbox 602 1295 633 1314; x_wconf 82' lang='lat' dir='ltr'><strong>ea</strong></span> <span class='ocrx_word' id='word_1_340' title='bbox 652 1295 711 1321; x_wconf 72' lang='lat' dir='ltr'><strong>qua:</strong></span> <span class='ocrx_word' id='word_1_341' title='bbox 726 1287 838 1313; x_wconf 84' lang='lat' dir='ltr'><strong>honoris</strong></span> <span class='ocrx_word' id='word_1_342' title='bbox 870 1287 959 1321; x_wconf 66' lang='lat' dir='ltr'><strong>gratia</strong></span> <span class='ocrx_word' id='word_1_343' title='bbox 993 1286 1132 1316; x_wconf 72' lang='lat' dir='ltr'><strong>tribaitur,</strong></span> <span class='ocrx_word' id='word_1_344' title='bbox 1146 1293 1200 1312; x_wconf 87' lang='lat' dir='ltr'><strong>non</strong></span> <span class='ocrx_word' id='word_1_345' title='bbox 1216 1286 1276 1319; x_wconf 86' lang='lat' dir='ltr'><strong>ejus</strong></span> <span class='ocrx_word' id='word_1_346' title='bbox 1305 1285 1415 1320; x_wconf 88' lang='lat' dir='ltr'><strong>propria</strong></span> <span class='ocrx_word' id='word_1_347' title='bbox 1438 1290 1481 1312; x_wconf 90' lang='lat' dir='ltr'><strong>est</strong></span> <span class='ocrx_word' id='word_1_348' title='bbox 1493 1285 1539 1320; x_wconf 89' lang='lat' dir='ltr'><strong>qui</strong></span> <span class='ocrx_word' id='word_1_349' title='bbox 1558 1286 1678 1319; x_wconf 84' lang='lat' dir='ltr'><strong>accepit.</strong></span> <span class='ocrx_word' id='word_1_350' title='bbox 1703 1284 1773 1317; x_wconf 84' lang='lat' dir='ltr'><strong>Quin</strong></span> <span class='ocrx_word' id='word_1_351' title='bbox 1792 1283 1866 1310; x_wconf 72' lang='lat' dir='ltr'><strong>etiam</strong></span> 
     </span>
    </p>
   </div>
   <div class='ocr_carea' id='block_1_27' title="bbox 254 1328 1869 1366">
    <p class='ocr_par' dir='ltr' id='par_1_27' title="bbox 254 1328 1869 1366">
     <span class='ocr_line' id='line_1_27' title="bbox 254 1328 1869 1366; baseline -0.004 -8"><span class='ocrx_word' id='word_1_352' title='bbox 254 1332 394 1358; x_wconf 77' lang='lat' dir='ltr'><strong>Christum</strong></span> <span class='ocrx_word' id='word_1_353' title='bbox 410 1339 474 1358; x_wconf 87' lang='lat' dir='ltr'><strong>vero</strong></span> <span class='ocrx_word' id='word_1_354' title='bbox 488 1331 646 1366; x_wconf 77' lang='lat' dir='ltr'><strong>genealogia</strong></span> <span class='ocrx_word' id='word_1_355' title='bbox 663 1330 783 1363; x_wconf 80' lang='lat' dir='ltr'><strong>Josepho</strong></span> <span class='ocrx_word' id='word_1_356' title='bbox 810 1330 976 1365; x_wconf 74' lang='lat' dir='ltr'><strong>assignavit,</strong></span> <span class='ocrx_word' id='word_1_357' title='bbox 1006 1338 1069 1356; x_wconf 85' lang='lat' dir='ltr'><strong>eum</strong></span> <span class='ocrx_word' id='word_1_358' title='bbox 1095 1334 1185 1355; x_wconf 87' lang='lat' dir='ltr'><strong>tamen</strong></span> <span class='ocrx_word' id='word_1_359' title='bbox 1214 1330 1275 1356; x_wconf 66' lang='lat' dir='ltr'><strong>ﬁliae</strong></span> <span class='ocrx_word' id='word_1_360' title='bbox 1308 1337 1360 1355; x_wconf 90' lang='lat' dir='ltr'><strong>non</strong></span> <span class='ocrx_word' id='word_1_361' title='bbox 1379 1336 1426 1363; x_wconf 92' lang='lat' dir='ltr'><strong>per</strong></span> <span class='ocrx_word' id='word_1_362' title='bbox 1444 1329 1565 1364; x_wconf 89' lang='lat' dir='ltr'><strong>seipsas,</strong></span> <span class='ocrx_word' id='word_1_363' title='bbox 1586 1328 1633 1355; x_wconf 87' lang='lat' dir='ltr'><strong>sed</strong></span> <span class='ocrx_word' id='word_1_364' title='bbox 1648 1332 1758 1363; x_wconf 84' lang='lat' dir='ltr'><strong>propter</strong></span> <span class='ocrx_word' id='word_1_365' title='bbox 1779 1330 1869 1362; x_wconf 88' lang='lat' dir='ltr'><strong>patrem</strong></span> 
     </span>
    </p>
   </div>
   <div class='ocr_carea' id='block_1_28' title="bbox 254 1372 1868 1409">
    <p class='ocr_par' dir='ltr' id='par_1_28' title="bbox 254 1372 1868 1409">
     <span class='ocr_line' id='line_1_28' title="bbox 254 1372 1868 1409; baseline -0.002 -8"><span class='ocrx_word' id='word_1_366' title='bbox 254 1376 337 1402; x_wconf 84' lang='lat' dir='ltr'><strong>sortis</strong></span> <span class='ocrx_word' id='word_1_367' title='bbox 352 1376 408 1402; x_wconf 91' lang='lat' dir='ltr'><strong>sint</strong></span> <span class='ocrx_word' id='word_1_368' title='bbox 425 1382 554 1409; x_wconf 80' lang='lat' dir='ltr'><strong>capaces.</strong></span> <span class='ocrx_word' id='word_1_369' title='bbox 575 1374 653 1402; x_wconf 84' lang='lat' dir='ltr'><strong>Unde</strong></span> <span class='ocrx_word' id='word_1_370' title='bbox 667 1374 733 1400; x_wconf 92' lang='lat' dir='ltr'><strong>illud</strong></span> <span class='ocrx_word' id='word_1_371' title='bbox 751 1378 794 1400; x_wconf 85' lang='lat' dir='ltr'><strong>est</strong></span> <span class='ocrx_word' id='word_1_372' title='bbox 812 1374 883 1407; x_wconf 82' lang='lat' dir='ltr'><strong>quod</strong></span> <span class='ocrx_word' id='word_1_373' title='bbox 899 1374 985 1408; x_wconf 76' lang='lat' dir='ltr'><strong>patris</strong></span> <span class='ocrx_word' id='word_1_374' title='bbox 1000 1375 1026 1399; x_wconf 87' lang='lat' dir='ltr'><strong>in</strong></span> <span class='ocrx_word' id='word_1_375' title='bbox 1045 1379 1177 1400; x_wconf 69' lang='lat' dir='ltr'><strong>aeternum</strong></span> <span class='ocrx_word' id='word_1_376' title='bbox 1209 1373 1327 1399; x_wconf 87' lang='lat' dir='ltr'><strong>viventis</strong></span> <span class='ocrx_word' id='word_1_377' title='bbox 1340 1373 1427 1407; x_wconf 74' lang='lat' dir='ltr'><strong>gratia</strong></span> <span class='ocrx_word' id='word_1_378' title='bbox 1453 1372 1555 1399; x_wconf 85' lang='lat' dir='ltr'><strong>femina</strong></span> <span class='ocrx_word' id='word_1_379' title='bbox 1582 1379 1646 1399; x_wconf 88' lang='lat' dir='ltr'><strong>cutn</strong></span> <span class='ocrx_word' id='word_1_380' title='bbox 1674 1380 1747 1399; x_wconf 86' lang='lat' dir='ltr'><strong>mare</strong></span> <span class='ocrx_word' id='word_1_381' title='bbox 1779 1374 1868 1405; x_wconf 78' lang='lat' dir='ltr'><strong>partem</strong></span> 
     </span>
    </p>
   </div>
   <div class='ocr_carea' id='block_1_29' title="bbox 254 1416 1870 1452">
    <p class='ocr_par' dir='ltr' id='par_1_29' title="bbox 254 1416 1870 1452">
     <span class='ocr_line' id='line_1_29' title="bbox 254 1416 1870 1452; baseline -0.002 -7"><span class='ocrx_word' id='word_1_382' title='bbox 254 1419 423 1446; x_wconf 64' lang='lat' dir='ltr'><strong>haereditatis</strong></span> <span class='ocrx_word' id='word_1_383' title='bbox 439 1428 446 1452; x_wconf 89' lang='lat'><strong>;</strong></span> <span class='ocrx_word' id='word_1_384' title='bbox 464 1420 498 1445; x_wconf 83' lang='lat' dir='ltr'><strong>sit</strong></span> <span class='ocrx_word' id='word_1_385' title='bbox 513 1423 639 1452; x_wconf 88' lang='lat' dir='ltr'><strong>captura.</strong></span> <span class='ocrx_word' id='word_1_386' title='bbox 658 1418 743 1444; x_wconf 78' lang='lat' dir='ltr'><strong>Ecrut‘</strong></span> <span class='ocrx_word' id='word_1_387' title='bbox 773 1425 838 1444; x_wconf 88' lang='lat' dir='ltr'><strong>vero</strong></span> <span class='ocrx_word' id='word_1_388' title='bbox 861 1418 945 1452; x_wconf 85' lang='lat' dir='ltr'><strong>patris</strong></span> <span class='ocrx_word' id='word_1_389' title='bbox 962 1417 1022 1444; x_wconf 89' lang='lat' dir='ltr'><strong>orbi</strong></span> <span class='ocrx_word' id='word_1_390' title='bbox 1043 1417 1136 1451; x_wconf 90' lang='lat' dir='ltr'><strong>hujus,</strong></span> <span class='ocrx_word' id='word_1_391' title='bbox 1153 1417 1199 1451; x_wconf 94' lang='lat' dir='ltr'><strong>qui</strong></span> <span class='ocrx_word' id='word_1_392' title='bbox 1216 1425 1277 1444; x_wconf 91' lang='lat' dir='ltr'><strong>eum</strong></span> <span class='ocrx_word' id='word_1_393' title='bbox 1305 1417 1440 1444; x_wconf 69' lang='lat' dir='ltr'><strong>haeredem</strong></span> <span class='ocrx_word' id='word_1_394' title='bbox 1473 1417 1539 1443; x_wconf 82' lang='lat' dir='ltr'><strong>facit</strong></span> <span class='ocrx_word' id='word_1_395' title='bbox 1569 1417 1706 1451; x_wconf 88' lang='lat' dir='ltr'><strong>siquidem</strong></span> <span class='ocrx_word' id='word_1_396' title='bbox 1723 1416 1780 1451; x_wconf 87' lang='lat' dir='ltr'><strong>ejus</strong></span> <span class='ocrx_word' id='word_1_397' title='bbox 1804 1418 1870 1449; x_wconf 85' lang='lat' dir='ltr'><strong>pater</strong></span> 
     </span>
    </p>
   </div>
   <div class='ocr_carea' id='block_1_30' title="bbox 256 1456 1868 1497">
    <p class='ocr_par' dir='ltr' id='par_1_30' title="bbox 256 1456 1868 1497">
     <span class='ocr_line' id='line_1_30' title="bbox 256 1456 1868 1497; baseline -0.004 -8"><span class='ocrx_word' id='word_1_398' title='bbox 256 1462 348 1494; x_wconf 81' lang='lat' dir='ltr'><strong>fuerit,</strong></span> <span class='ocrx_word' id='word_1_399' title='bbox 367 1462 471 1489; x_wconf 85' lang='lat' dir='ltr'><strong>mentio</strong></span> <span class='ocrx_word' id='word_1_400' title='bbox 494 1462 523 1488; x_wconf 91' lang='lat' dir='ltr'><strong>ﬁt</strong></span> <span class='ocrx_word' id='word_1_401' title='bbox 547 1461 640 1488; x_wconf 87' lang='lat' dir='ltr'><strong>nulla?</strong></span> <span class='ocrx_word' id='word_1_402' title='bbox 655 1460 734 1488; x_wconf 81' lang='lat' dir='ltr'><strong>Patet</strong></span> <span class='ocrx_word' id='word_1_403' title='bbox 759 1469 824 1488; x_wconf 90' lang='lat' dir='ltr'><strong>vero</strong></span> <span class='ocrx_word' id='word_1_404' title='bbox 850 1462 923 1495; x_wconf 85' lang='lat' dir='ltr'><strong>quod</strong></span> <span class='ocrx_word' id='word_1_405' title='bbox 944 1465 1075 1495; x_wconf 81' lang='lat' dir='ltr'><strong>tanquam</strong></span> <span class='ocrx_word' id='word_1_406' title='bbox 1092 1462 1264 1494; x_wconf 75' lang='lat' dir='ltr'><strong>confessum,</strong></span> <span class='ocrx_word' id='word_1_407' title='bbox 1286 1462 1461 1497; x_wconf 86' lang='lat' dir='ltr'><strong>repetitionis</strong></span> <span class='ocrx_word' id='word_1_408' title='bbox 1485 1461 1604 1488; x_wconf 70' lang='lat' dir='ltr'><strong>vitandae</strong></span> <span class='ocrx_word' id='word_1_409' title='bbox 1624 1462 1725 1496; x_wconf 79' lang='lat' dir='ltr'><strong>gratia,</strong></span> <span class='ocrx_word' id='word_1_410' title='bbox 1738 1460 1834 1488; x_wconf 87' lang='lat' dir='ltr'><strong>omisit.</strong></span> <span class='ocrx_word' id='word_1_411' title='bbox 1846 1456 1868 1483; x_wconf 89' lang='lat' dir='ltr'><strong>Si</strong></span> 
     </span>
    </p>
   </div>
   <div class='ocr_carea' id='block_1_31' title="bbox 255 1504 1866 1541">
    <p class='ocr_par' dir='ltr' id='par_1_31' title="bbox 255 1504 1866 1541">
     <span class='ocr_line' id='line_1_31' title="bbox 255 1504 1866 1541; baseline -0.002 -10"><span class='ocrx_word' id='word_1_412' title='bbox 255 1507 326 1533; x_wconf 77' lang='lat' dir='ltr'><strong>cuitu</strong></span> <span class='ocrx_word' id='word_1_413' title='bbox 341 1506 426 1540; x_wconf 88' lang='lat' dir='ltr'><strong>patris</strong></span> <span class='ocrx_word' id='word_1_414' title='bbox 441 1504 520 1532; x_wconf 84' lang='lat' dir='ltr'><strong>fratri</strong></span> <span class='ocrx_word' id='word_1_415' title='bbox 538 1509 650 1539; x_wconf 85' lang='lat' dir='ltr'><strong>propter</strong></span> <span class='ocrx_word' id='word_1_416' title='bbox 666 1504 777 1531; x_wconf 77' lang='lat' dir='ltr'><strong>fratrem</strong></span> <span class='ocrx_word' id='word_1_417' title='bbox 797 1505 941 1531; x_wconf 74' lang='lat' dir='ltr'><strong>[Hereditas</strong></span> <span class='ocrx_word' id='word_1_418' title='bbox 958 1505 1141 1536; x_wconf 76' lang='lat' dir='ltr'><strong>cedit,multo</strong></span> <span class='ocrx_word' id='word_1_419' title='bbox 1158 1506 1246 1541; x_wconf 79' lang='lat' dir='ltr'><strong>magis</strong></span> <span class='ocrx_word' id='word_1_420' title='bbox 1263 1506 1333 1540; x_wconf 92' lang='lat' dir='ltr'><strong>patri</strong></span> <span class='ocrx_word' id='word_1_421' title='bbox 1350 1513 1458 1540; x_wconf 89' lang='lat' dir='ltr'><strong>quoque</strong></span> <span class='ocrx_word' id='word_1_422' title='bbox 1490 1505 1578 1532; x_wconf 87' lang='lat' dir='ltr'><strong>cedet.</strong></span> <span class='ocrx_word' id='word_1_423' title='bbox 1616 1504 1717 1532; x_wconf 84' lang='lat' dir='ltr'><strong>Verum</strong></span> <span class='ocrx_word' id='word_1_424' title='bbox 1741 1504 1866 1532; x_wconf 83' lang='lat' dir='ltr'><strong>enimvero</strong></span> 
     </span>
    </p>
   </div>
   <div class='ocr_carea' id='block_1_32' title="bbox 257 1548 1867 1588">
    <p class='ocr_par' dir='ltr' id='par_1_32' title="bbox 257 1548 1867 1588">
     <span class='ocr_line' id='line_1_32' title="bbox 257 1548 1867 1588; baseline -0.001 -12"><span class='ocrx_word' id='word_1_425' title='bbox 257 1560 289 1577; x_wconf 84' lang='lat' dir='ltr'><strong>ne</strong></span> <span class='ocrx_word' id='word_1_426' title='bbox 303 1554 381 1586; x_wconf 86' lang='lat' dir='ltr'><strong>pater</strong></span> <span class='ocrx_word' id='word_1_427' title='bbox 398 1557 429 1577; x_wconf 86' lang='lat' dir='ltr'><strong>ac</strong></span> <span class='ocrx_word' id='word_1_428' title='bbox 446 1553 534 1576; x_wconf 87' lang='lat' dir='ltr'><strong>tnater</strong></span> <span class='ocrx_word' id='word_1_429' title='bbox 565 1549 673 1575; x_wconf 88' lang='lat' dir='ltr'><strong>inanem</strong></span> <span class='ocrx_word' id='word_1_430' title='bbox 704 1549 809 1576; x_wconf 90' lang='lat' dir='ltr'><strong>luctum</strong></span> <span class='ocrx_word' id='word_1_431' title='bbox 842 1549 981 1583; x_wconf 86' lang='lat' dir='ltr'><strong>percipere</strong></span> <span class='ocrx_word' id='word_1_432' title='bbox 997 1556 1029 1588; x_wconf 58' lang='lat' dir='ltr'><strong>ea</strong></span> <span class='ocrx_word' id='word_1_433' title='bbox 1045 1549 1194 1576; x_wconf 85' lang='lat' dir='ltr'><strong>liberorum</strong></span> <span class='ocrx_word' id='word_1_434' title='bbox 1210 1554 1299 1577; x_wconf 89' lang='lat' dir='ltr'><strong>morte</strong></span> <span class='ocrx_word' id='word_1_435' title='bbox 1313 1549 1430 1584; x_wconf 63' lang='lat' dir='ltr'><strong>praecoci</strong></span> <span class='ocrx_word' id='word_1_436' title='bbox 1455 1548 1626 1582; x_wconf 84' lang='lat' dir='ltr'><strong>viderentur,</strong></span> <span class='ocrx_word' id='word_1_437' title='bbox 1640 1550 1752 1584; x_wconf 82' lang='lat' dir='ltr'><strong>oblique</strong></span> <span class='ocrx_word' id='word_1_438' title='bbox 1766 1555 1809 1575; x_wconf 83' lang='lat' dir='ltr'><strong>eos</strong></span> <span class='ocrx_word' id='word_1_439' title='bbox 1827 1553 1867 1581; x_wconf 73' lang='lat' dir='ltr'><strong>pa-</strong></span> 
     </span>
    </p>
   </div>
   <div class='ocr_carea' id='block_1_33' title="bbox 256 1593 716 1629">
    <p class='ocr_par' dir='ltr' id='par_1_33' title="bbox 256 1593 716 1629">
     <span class='ocr_line' id='line_1_33' title="bbox 256 1593 716 1629; baseline -0.007 -7"><span class='ocrx_word' id='word_1_440' title='bbox 256 1600 379 1622; x_wconf 85' lang='lat' dir='ltr'><strong>lruorum</strong></span> <span class='ocrx_word' id='word_1_441' title='bbox 396 1594 510 1621; x_wconf 89' lang='lat' dir='ltr'><strong>nomine</strong></span> <span class='ocrx_word' id='word_1_442' title='bbox 527 1593 693 1629; x_wconf 75' lang='lat' dir='ltr'><strong>signiﬁcavit</strong></span> <span class='ocrx_word' id='word_1_443' title='bbox 709 1601 716 1626; x_wconf 88' lang='lat'><strong>;</strong></span> 
     </span>
    </p>
   </div>
   <div class='ocr_carea' id='block_1_34' title="bbox 254 1662 1040 1700">
    <p class='ocr_par' dir='ltr' id='par_1_34' title="bbox 254 1662 1038 1698">
     <span class='ocr_line' id='line_1_34' title="bbox 254 1662 1038 1698; baseline 0 -9"><span class='ocrx_word' id='word_1_444' title='bbox 254 1664 351 1691; x_wconf 78' lang='lat' dir='ltr'><strong>deinde</strong></span> <span class='ocrx_word' id='word_1_445' title='bbox 376 1671 441 1690; x_wconf 85' lang='lat' dir='ltr'><strong>vero</strong></span> <span class='ocrx_word' id='word_1_446' title='bbox 463 1667 600 1698; x_wconf 74' lang='lat' dir='ltr'><strong>parentes,</strong></span> <span class='ocrx_word' id='word_1_447' title='bbox 628 1662 706 1693; x_wconf 86' lang='lat' dir='ltr'><strong>ﬁlias,</strong></span> <span class='ocrx_word' id='word_1_448' title='bbox 738 1662 847 1694; x_wconf 80' lang='lat' dir='ltr'><strong>fratres,</strong></span> <span class='ocrx_word' id='word_1_449' title='bbox 865 1662 1038 1695; x_wconf 77' lang='lat' dir='ltr'><strong>avunculus;</strong></span> 
     </span>
    </p>
   </div>
   <div class='ocr_carea' id='block_1_35' title="bbox 1094 1662 1866 1700">
    <p class='ocr_par' dir='ltr' id='par_1_35' title="bbox 1127 1662 1866 1700">
     <span class='ocr_line' id='line_1_35' title="bbox 1127 1662 1866 1700; baseline -0.001 -11"><span class='ocrx_word' id='word_1_450' title='bbox 1127 1664 1203 1691; x_wconf 74' lang='grc' dir='ltr'>Μετὰ</span> <span class='ocrx_word' id='word_1_451' title='bbox 1214 1664 1242 1690; x_wconf 77' lang='grc' dir='ltr'><strong>δὲ</strong></span> <span class='ocrx_word' id='word_1_452' title='bbox 1260 1666 1360 1698; x_wconf 79' lang='grc' dir='ltr'><strong>γονεῖς,</strong></span> <span class='ocrx_word' id='word_1_453' title='bbox 1372 1664 1426 1695; x_wconf 57' lang='lat' dir='ltr'><strong>fuat</strong></span> <span class='ocrx_word' id='word_1_454' title='bbox 1440 1664 1603 1700; x_wconf 73' lang='grc' dir='ltr'><strong>θυγατέρας,</strong></span> <span class='ocrx_word' id='word_1_455' title='bbox 1621 1665 1670 1691; x_wconf 78' lang='grc' dir='ltr'>καὶ</span> <span class='ocrx_word' id='word_1_456' title='bbox 1684 1664 1817 1698; x_wconf 72' lang='grc' dir='ltr'>ἀδελφοὺς,</span> <span class='ocrx_word' id='word_1_457' title='bbox 1828 1662 1866 1688; x_wconf 78' lang='grc' dir='ltr'><strong>καὶ</strong></span> 
     </span>
    </p>
   </div>
   <div class='ocr_carea' id='block_1_36' title="bbox 253 1707 762 1744">
    <p class='ocr_par' dir='ltr' id='par_1_36' title="bbox 253 1707 762 1744">
     <span class='ocr_line' id='line_1_36' title="bbox 253 1707 762 1744; baseline -0.004 -8"><span class='ocrx_word' id='word_1_458' title='bbox 253 1715 349 1744; x_wconf 84' lang='lat' dir='ltr'><strong>quuuo</strong></span> <span class='ocrx_word' id='word_1_459' title='bbox 369 1708 487 1742; x_wconf 81' lang='lat' dir='ltr'><strong>denique</strong></span> <span class='ocrx_word' id='word_1_460' title='bbox 509 1707 604 1734; x_wconf 90' lang='lat' dir='ltr'><strong>ordine</strong></span> <span class='ocrx_word' id='word_1_461' title='bbox 621 1711 762 1742; x_wconf 79' lang='lat' dir='ltr'><strong>cognatos.</strong></span> 
     </span>
    </p>
   </div>
   <div class='ocr_carea' id='block_1_37' title="bbox 290 1756 1044 1792">
    <p class='ocr_par' dir='ltr' id='par_1_37' title="bbox 290 1756 1044 1792">
     <span class='ocr_line' id='line_1_37' title="bbox 290 1756 1044 1792; baseline 0.003 -10"><span class='ocrx_word' id='word_1_462' title='bbox 290 1756 409 1782; x_wconf 69' lang='lat' dir='ltr'><strong>Ascendc</strong></span> <span class='ocrx_word' id='word_1_463' title='bbox 424 1756 450 1782; x_wconf 81' lang='lat' dir='ltr'><strong>in</strong></span> <span class='ocrx_word' id='word_1_464' title='bbox 467 1761 579 1782; x_wconf 83' lang='lat' dir='ltr'><strong>montem</strong></span> <span class='ocrx_word' id='word_1_465' title='bbox 594 1756 716 1784; x_wconf 77' lang='lat' dir='ltr'><strong>Abarim.</strong></span> <span class='ocrx_word' id='word_1_466' title='bbox 742 1756 810 1792; x_wconf 74' lang='lat' dir='ltr'><strong>[l&#39;2.]</strong></span> <span class='ocrx_word' id='word_1_467' title='bbox 829 1756 922 1783; x_wconf 85' lang='lat' dir='ltr'><strong>Potior</strong></span> <span class='ocrx_word' id='word_1_468' title='bbox 938 1757 1044 1784; x_wconf 84' lang='lat' dir='ltr'><strong>Aaronc</strong></span> 
     </span>
    </p>
   </div>
   <div class='ocr_carea' id='block_1_38' title="bbox 255 1801 1044 1837">
    <p class='ocr_par' dir='ltr' id='par_1_38' title="bbox 255 1801 1044 1837">
     <span class='ocr_line' id='line_1_38' title="bbox 255 1801 1044 1837; baseline 0 -9"><span class='ocrx_word' id='word_1_469' title='bbox 255 1801 354 1833; x_wconf 78' lang='lat' dir='ltr'><strong>Moses.</strong></span> <span class='ocrx_word' id='word_1_470' title='bbox 370 1809 401 1827; x_wconf 84' lang='lat' dir='ltr'><strong>ac</strong></span> <span class='ocrx_word' id='word_1_471' title='bbox 417 1802 533 1836; x_wconf 84' lang='lat' dir='ltr'><strong>proinde</strong></span> <span class='ocrx_word' id='word_1_472' title='bbox 548 1805 648 1828; x_wconf 84' lang='lat' dir='ltr'><strong>terram</strong></span> <span class='ocrx_word' id='word_1_473' title='bbox 664 1802 748 1834; x_wconf 90' lang='lat' dir='ltr'><strong>videt,</strong></span> <span class='ocrx_word' id='word_1_474' title='bbox 762 1807 789 1829; x_wconf 88' lang='lat' dir='ltr'><strong>et</strong></span> <span class='ocrx_word' id='word_1_475' title='bbox 804 1810 915 1829; x_wconf 83' lang='lat' dir='ltr'><strong>causam</strong></span> <span class='ocrx_word' id='word_1_476' title='bbox 934 1806 1044 1837; x_wconf 87' lang='lat' dir='ltr'><strong>propter</strong></span> 
     </span>
    </p>
   </div>
   <div class='ocr_carea' id='block_1_39' title="bbox 255 1847 1042 1882">
    <p class='ocr_par' dir='ltr' id='par_1_39' title="bbox 255 1847 1042 1882">
     <span class='ocr_line' id='line_1_39' title="bbox 255 1847 1042 1882; baseline 0 -9"><span class='ocrx_word' id='word_1_477' title='bbox 255 1855 335 1879; x_wconf 83' lang='lat' dir='ltr'><strong>qualn</strong></span> <span class='ocrx_word' id='word_1_478' title='bbox 354 1847 481 1880; x_wconf 69' lang='lat' dir='ltr'><strong>indignus</strong></span> <span class='ocrx_word' id='word_1_479' title='bbox 498 1847 607 1873; x_wconf 76' lang='lat' dir='ltr'><strong>habitus</strong></span> <span class='ocrx_word' id='word_1_480' title='bbox 626 1852 655 1873; x_wconf 94' lang='lat' dir='ltr'><strong>ut</strong></span> <span class='ocrx_word' id='word_1_481' title='bbox 678 1847 876 1882; x_wconf 83' lang='lat' dir='ltr'><strong>ingrederetur,</strong></span> <span class='ocrx_word' id='word_1_482' title='bbox 900 1848 1042 1882; x_wconf 70' lang='lat' dir='ltr'><strong>corruperit,</strong></span> 
     </span>
    </p>
   </div>
   <div class='ocr_carea' id='block_1_40' title="bbox 255 1893 1044 1925">
    <p class='ocr_par' dir='ltr' id='par_1_40' title="bbox 255 1893 1044 1925">
     <span class='ocr_line' id='line_1_40' title="bbox 255 1893 1044 1925; baseline 0 -7"><span class='ocrx_word' id='word_1_483' title='bbox 255 1900 362 1919; x_wconf 78' lang='lat' dir='ltr'><strong>necnon</strong></span> <span class='ocrx_word' id='word_1_484' title='bbox 387 1897 500 1918; x_wconf 81' lang='lat' dir='ltr'><strong>mortem</strong></span> <span class='ocrx_word' id='word_1_485' title='bbox 525 1899 602 1918; x_wconf 86' lang='lat' dir='ltr'><strong>suam</strong></span> <span class='ocrx_word' id='word_1_486' title='bbox 628 1896 691 1919; x_wconf 86' lang='lat' dir='ltr'><strong>ante</strong></span> <span class='ocrx_word' id='word_1_487' title='bbox 715 1893 828 1925; x_wconf 83' lang='lat' dir='ltr'><strong>audivit,</strong></span> <span class='ocrx_word' id='word_1_488' title='bbox 852 1893 907 1919; x_wconf 90' lang='lat' dir='ltr'><strong>imo</strong></span> <span class='ocrx_word' id='word_1_489' title='bbox 924 1900 988 1919; x_wconf 83' lang='lat' dir='ltr'><strong>vero</strong></span> <span class='ocrx_word' id='word_1_490' title='bbox 1017 1896 1044 1918; x_wconf 86' lang='lat' dir='ltr'><strong>ct</strong></span> 
     </span>
    </p>
   </div>
   <div class='ocr_carea' id='block_1_41' title="bbox 254 1937 1043 1971">
    <p class='ocr_par' dir='ltr' id='par_1_41' title="bbox 254 1937 1043 1971">
     <span class='ocr_line' id='line_1_41' title="bbox 254 1937 1043 1971; baseline 0 -7"><span class='ocrx_word' id='word_1_491' title='bbox 254 1937 382 1969; x_wconf 78' lang='lat' dir='ltr'><strong>Aaronis,</strong></span> <span class='ocrx_word' id='word_1_492' title='bbox 398 1938 442 1971; x_wconf 89' lang='lat' dir='ltr'><strong>qui</strong></span> <span class='ocrx_word' id='word_1_493' title='bbox 462 1937 564 1964; x_wconf 87' lang='lat' dir='ltr'><strong>nullius</strong></span> <span class='ocrx_word' id='word_1_494' title='bbox 582 1937 772 1971; x_wconf 80' lang='lat' dir='ltr'><strong>pta:.lictorum</strong></span> <span class='ocrx_word' id='word_1_495' title='bbox 796 1939 926 1964; x_wconf 87' lang='lat' dir='ltr'><strong>honorem</strong></span> <span class='ocrx_word' id='word_1_496' title='bbox 946 1944 1043 1964; x_wconf 86' lang='lat' dir='ltr'><strong>conse-</strong></span> 
     </span>
    </p>
   </div>
   <div class='ocr_carea' id='block_1_42' title="bbox 255 1980 1043 2015">
    <p class='ocr_par' dir='ltr' id='par_1_42' title="bbox 255 1980 1043 2015">
     <span class='ocr_line' id='line_1_42' title="bbox 255 1980 1043 2015; baseline -0.003 -7"><span class='ocrx_word' id='word_1_497' title='bbox 255 1985 335 2009; x_wconf 81' lang='lat' dir='ltr'><strong>cutus</strong></span> <span class='ocrx_word' id='word_1_498' title='bbox 357 1986 409 2009; x_wconf 81' lang='lat' dir='ltr'><strong>est.</strong></span> <span class='ocrx_word' id='word_1_499' title='bbox 435 1981 480 2008; x_wconf 87' lang='lat' dir='ltr'><strong>Sic</strong></span> <span class='ocrx_word' id='word_1_500' title='bbox 501 1980 602 2007; x_wconf 72' lang='lat' dir='ltr'><strong>Paulus</strong></span> <span class='ocrx_word' id='word_1_501' title='bbox 626 1989 735 2015; x_wconf 87' lang='lat' dir='ltr'><strong>quoque</strong></span> <span class='ocrx_word' id='word_1_502' title='bbox 754 1988 866 2007; x_wconf 84' lang='lat' dir='ltr'><strong>causam</strong></span> <span class='ocrx_word' id='word_1_503' title='bbox 890 1980 973 2008; x_wconf 88' lang='lat' dir='ltr'><strong>discit</strong></span> <span class='ocrx_word' id='word_1_504' title='bbox 994 1988 1043 2007; x_wconf 81' lang='lat' dir='ltr'><strong>cur</strong></span> 
     </span>
    </p>
   </div>
   <div class='ocr_carea' id='block_1_43' title="bbox 254 2026 1042 2062">
    <p class='ocr_par' dir='ltr' id='par_1_43' title="bbox 254 2026 1042 2062">
     <span class='ocr_line' id='line_1_43' title="bbox 254 2026 1042 2062; baseline 0 -8"><span class='ocrx_word' id='word_1_505' title='bbox 254 2029 369 2061; x_wconf 65' lang='lat' dir='ltr'><strong>gratiam</strong></span> <span class='ocrx_word' id='word_1_506' title='bbox 386 2035 440 2054; x_wconf 92' lang='lat' dir='ltr'><strong>non</strong></span> <span class='ocrx_word' id='word_1_507' title='bbox 456 2028 482 2054; x_wconf 92' lang='lat' dir='ltr'><strong>in</strong></span> <span class='ocrx_word' id='word_1_508' title='bbox 498 2027 647 2054; x_wconf 84' lang='lat' dir='ltr'><strong>remedium</strong></span> <span class='ocrx_word' id='word_1_509' title='bbox 669 2028 704 2053; x_wconf 88' lang='lat' dir='ltr'><strong>sit</strong></span> <span class='ocrx_word' id='word_1_510' title='bbox 718 2028 851 2062; x_wconf 85' lang='lat' dir='ltr'><strong>adeptus:</strong></span> <span class='ocrx_word' id='word_1_511' title='bbox 877 2036 885 2052; x_wconf 76' lang='grc' dir='ltr'><strong>ι</strong></span> <span class='ocrx_word' id='word_1_512' title='bbox 901 2026 1001 2054; x_wconf 81' lang='lat' dir='ltr'><strong>Verum</strong></span> <span class='ocrx_word' id='word_1_513' title='bbox 1015 2027 1042 2054; x_wconf 90' lang='lat' dir='ltr'><strong>in</strong></span> 
     </span>
    </p>
   </div>
   <div class='ocr_carea' id='block_1_44' title="bbox 255 2073 1041 2108">
    <p class='ocr_par' dir='ltr' id='par_1_44' title="bbox 255 2073 1041 2108">
     <span class='ocr_line' id='line_1_44' title="bbox 255 2073 1041 2108; baseline -0.001 -7"><span class='ocrx_word' id='word_1_514' title='bbox 255 2076 305 2101; x_wconf 89' lang='lat' dir='ltr'><strong>hoc</strong></span> <span class='ocrx_word' id='word_1_515' title='bbox 318 2074 427 2108; x_wconf 87' lang='lat' dir='ltr'><strong>quidem</strong></span> <span class='ocrx_word' id='word_1_516' title='bbox 444 2081 527 2100; x_wconf 86' lang='lat' dir='ltr'><strong>causa</strong></span> <span class='ocrx_word' id='word_1_517' title='bbox 545 2073 595 2100; x_wconf 82' lang='lat' dir='ltr'><strong>fuit</strong></span> <span class='ocrx_word' id='word_1_518' title='bbox 612 2074 727 2104; x_wconf 82' lang='lat' dir='ltr'><strong>utilitas,</strong></span> <span class='ocrx_word' id='word_1_519' title='bbox 747 2075 834 2100; x_wconf 87' lang='lat' dir='ltr'><strong>virtus</strong></span> <span class='ocrx_word' id='word_1_520' title='bbox 849 2074 920 2100; x_wconf 90' lang='lat' dir='ltr'><strong>enint</strong></span> <span class='ocrx_word' id='word_1_521' title='bbox 939 2081 998 2100; x_wconf 88' lang='lat' dir='ltr'><strong>mea</strong></span> <span class='ocrx_word' id='word_1_522' title='bbox 1015 2074 1041 2100; x_wconf 90' lang='lat' dir='ltr'><strong>in</strong></span> 
     </span>
    </p>
   </div>
   <div class='ocr_carea' id='block_1_45' title="bbox 255 2119 1040 2155">
    <p class='ocr_par' dir='ltr' id='par_1_45' title="bbox 255 2119 1040 2155">
     <span class='ocr_line' id='line_1_45' title="bbox 255 2119 1040 2155; baseline -0.003 -8"><span class='ocrx_word' id='word_1_523' title='bbox 255 2121 412 2148; x_wconf 88' lang='lat' dir='ltr'><strong>inﬁrmitate</strong></span> <span class='ocrx_word' id='word_1_524' title='bbox 443 2121 583 2155; x_wconf 87' lang='lat' dir='ltr'><strong>perﬁcitur</strong></span> <span class='ocrx_word' id='word_1_525' title='bbox 604 2120 636 2146; x_wconf 78' lang='lat'><strong>‘°.</strong></span> <span class='ocrx_word' id='word_1_526' title='bbox 658 2129 667 2146; x_wconf 82' lang='grc'><strong>›</strong></span> <span class='ocrx_word' id='word_1_527' title='bbox 696 2120 723 2146; x_wconf 95' lang='lat' dir='ltr'><strong>In</strong></span> <span class='ocrx_word' id='word_1_528' title='bbox 748 2119 821 2147; x_wconf 78' lang='lat' dir='ltr'><strong>ltlose</strong></span> <span class='ocrx_word' id='word_1_529' title='bbox 845 2127 907 2147; x_wconf 86' lang='lat' dir='ltr'><strong>vero</strong></span> <span class='ocrx_word' id='word_1_530' title='bbox 926 2120 1040 2154; x_wconf 85' lang='lat' dir='ltr'><strong>justitia,</strong></span> 
     </span>
    </p>
   </div>
   <div class='ocr_carea' id='block_1_46' title="bbox 254 2166 1041 2201">
    <p class='ocr_par' dir='ltr' id='par_1_46' title="bbox 254 2166 1041 2201">
     <span class='ocr_line' id='line_1_46' title="bbox 254 2166 1041 2201; baseline 0 -8"><span class='ocrx_word' id='word_1_531' title='bbox 254 2167 382 2201; x_wconf 84' lang='lat' dir='ltr'><strong>quoniam</strong></span> <span class='ocrx_word' id='word_1_532' title='bbox 398 2166 562 2201; x_wconf 80' lang='lat' dir='ltr'><strong>transgressi</strong></span> <span class='ocrx_word' id='word_1_533' title='bbox 577 2166 644 2193; x_wconf 79' lang='lat' dir='ltr'><strong>estis</strong></span> <span class='ocrx_word' id='word_1_534' title='bbox 660 2166 771 2192; x_wconf 75' lang='lat' dir='ltr'><strong>verbum</strong></span> <span class='ocrx_word' id='word_1_535' title='bbox 793 2173 892 2196; x_wconf 86' lang='lat' dir='ltr'><strong>meum,</strong></span> <span class='ocrx_word' id='word_1_536' title='bbox 904 2166 974 2200; x_wconf 87' lang='lat' dir='ltr'><strong>quod</strong></span> <span class='ocrx_word' id='word_1_537' title='bbox 997 2174 1041 2193; x_wconf 87' lang='lat' dir='ltr'><strong>sa-</strong></span> 
     </span>
    </p>
   </div>
   <div class='ocr_carea' id='block_1_47' title="bbox 255 2209 1041 2245">
    <p class='ocr_par' dir='ltr' id='par_1_47' title="bbox 255 2209 1041 2245">
     <span class='ocr_line' id='line_1_47' title="bbox 255 2209 1041 2245; baseline 0 -9"><span class='ocrx_word' id='word_1_538' title='bbox 255 2219 288 2238; x_wconf 86' lang='lat' dir='ltr'><strong>ne</strong></span> <span class='ocrx_word' id='word_1_539' title='bbox 316 2218 397 2239; x_wconf 88' lang='lat' dir='ltr'><strong>sensu</strong></span> <span class='ocrx_word' id='word_1_540' title='bbox 415 2218 465 2238; x_wconf 89' lang='lat' dir='ltr'><strong>suo</strong></span> <span class='ocrx_word' id='word_1_541' title='bbox 490 2211 523 2237; x_wconf 84' lang='lat' dir='ltr'><strong>ad</strong></span> <span class='ocrx_word' id='word_1_542' title='bbox 553 2211 637 2245; x_wconf 72' lang='lat' dir='ltr'><strong>legem</strong></span> <span class='ocrx_word' id='word_1_543' title='bbox 664 2210 786 2244; x_wconf 81' lang='lat' dir='ltr'><strong>respicit,</strong></span> <span class='ocrx_word' id='word_1_544' title='bbox 804 2218 863 2244; x_wconf 73' lang='lat' dir='ltr'><strong>qua:</strong></span> <span class='ocrx_word' id='word_1_545' title='bbox 893 2209 1041 2244; x_wconf 78' lang='lat' dir='ltr'><strong>perfectum</strong></span> 
     </span>
    </p>
   </div>
   <div class='ocr_carea' id='block_1_48' title="bbox 255 2257 1039 2292">
    <p class='ocr_par' dir='ltr' id='par_1_48' title="bbox 255 2257 1039 2292">
     <span class='ocr_line' id='line_1_48' title="bbox 255 2257 1039 2292; baseline -0.003 -7"><span class='ocrx_word' id='word_1_546' title='bbox 255 2258 367 2285; x_wconf 84' lang='lat' dir='ltr'><strong>reddere</strong></span> <span class='ocrx_word' id='word_1_547' title='bbox 381 2266 435 2284; x_wconf 93' lang='lat' dir='ltr'><strong>non</strong></span> <span class='ocrx_word' id='word_1_548' title='bbox 452 2262 552 2292; x_wconf 89' lang='lat' dir='ltr'><strong>potest,</strong></span> <span class='ocrx_word' id='word_1_549' title='bbox 573 2266 621 2285; x_wconf 89' lang='lat' dir='ltr'><strong>nec</strong></span> <span class='ocrx_word' id='word_1_550' title='bbox 638 2258 847 2292; x_wconf 82' lang='lat' dir='ltr'><strong>promissionem</strong></span> <span class='ocrx_word' id='word_1_551' title='bbox 866 2257 1018 2284; x_wconf 82' lang='lat' dir='ltr'><strong>instaurare</strong></span> <span class='ocrx_word' id='word_1_552' title='bbox 1034 2266 1039 2283; x_wconf 90' lang='lat'><strong><em>:</em></strong></span> 
     </span>
    </p>
   </div>
   <div class='ocr_carea' id='block_1_49' title="bbox 257 2301 1040 2336">
    <p class='ocr_par' dir='ltr' id='par_1_49' title="bbox 257 2301 1040 2336">
     <span class='ocr_line' id='line_1_49' title="bbox 257 2301 1040 2336; baseline 0 -8"><span class='ocrx_word' id='word_1_553' title='bbox 257 2313 265 2328; x_wconf 83' lang='grc'><em>‹</em></span> <span class='ocrx_word' id='word_1_554' title='bbox 286 2303 420 2336; x_wconf 83' lang='lat' dir='ltr'><strong>Quoniam</strong></span> <span class='ocrx_word' id='word_1_555' title='bbox 435 2303 526 2336; x_wconf 87' lang='lat' dir='ltr'><strong>justus</strong></span> <span class='ocrx_word' id='word_1_556' title='bbox 540 2311 571 2329; x_wconf 78' lang='lat' dir='ltr'><strong>ex</strong></span> <span class='ocrx_word' id='word_1_557' title='bbox 588 2303 639 2329; x_wconf 86' lang='lat' dir='ltr'><strong>ﬁde</strong></span> <span class='ocrx_word' id='word_1_558' title='bbox 656 2303 726 2329; x_wconf 77' lang='lat' dir='ltr'><strong>viret</strong></span> <span class='ocrx_word' id='word_1_559' title='bbox 751 2303 782 2329; x_wconf 74' lang='grc'><strong>⁶⁷.</strong></span> <span class='ocrx_word' id='word_1_560' title='bbox 804 2311 813 2327; x_wconf 78' lang='grc' dir='ltr'><strong>ι</strong></span> <span class='ocrx_word' id='word_1_561' title='bbox 841 2301 899 2328; x_wconf 76' lang='lat' dir='ltr'><strong>Non</strong></span> <span class='ocrx_word' id='word_1_562' title='bbox 929 2303 1040 2328; x_wconf 78' lang='lat' dir='ltr'><strong>minima</strong></span> 
     </span>
    </p>
   </div>
   <div class='ocr_carea' id='block_1_50' title="bbox 254 2348 1039 2384">
    <p class='ocr_par' dir='ltr' id='par_1_50' title="bbox 254 2348 1039 2384">
     <span class='ocr_line' id='line_1_50' title="bbox 254 2348 1039 2384; baseline -0.001 -9"><span class='ocrx_word' id='word_1_563' title='bbox 254 2357 364 2384; x_wconf 79' lang='lat' dir='ltr'><strong>quoque</strong></span> <span class='ocrx_word' id='word_1_564' title='bbox 379 2356 442 2384; x_wconf 89' lang='lat' dir='ltr'><strong>pars</strong></span> <span class='ocrx_word' id='word_1_565' title='bbox 462 2349 575 2376; x_wconf 90' lang='lat' dir='ltr'><strong>honoris</strong></span> <span class='ocrx_word' id='word_1_566' title='bbox 592 2353 644 2382; x_wconf 85' lang='lat' dir='ltr'><strong>est,</strong></span> <span class='ocrx_word' id='word_1_567' title='bbox 664 2356 754 2375; x_wconf 82' lang='lat' dir='ltr'><strong>rerum</strong></span> <span class='ocrx_word' id='word_1_568' title='bbox 773 2349 964 2383; x_wconf 69' lang='lat' dir='ltr'><strong>prmdictarum</strong></span> <span class='ocrx_word' id='word_1_569' title='bbox 991 2348 1039 2374; x_wconf 75' lang='lat' dir='ltr'><strong>ha-</strong></span> 
     </span>
    </p>
   </div>
   <div class='ocr_carea' id='block_1_51' title="bbox 254 2395 529 2430">
    <p class='ocr_par' dir='ltr' id='par_1_51' title="bbox 254 2395 529 2430">
     <span class='ocr_line' id='line_1_51' title="bbox 254 2395 529 2430; baseline 0 -8"><span class='ocrx_word' id='word_1_570' title='bbox 254 2396 316 2423; x_wconf 87' lang='lat' dir='ltr'><strong>bere</strong></span> <span class='ocrx_word' id='word_1_571' title='bbox 334 2395 529 2430; x_wconf 83' lang='lat' dir='ltr'><strong>cognitionem.</strong></span> 
     </span>
    </p>
   </div>
   <div class='ocr_carea' id='block_1_52' title="bbox 287 2440 1038 2476">
    <p class='ocr_par' dir='ltr' id='par_1_52' title="bbox 287 2440 1038 2476">
     <span class='ocr_line' id='line_1_52' title="bbox 287 2440 1038 2476; baseline -0.001 -8"><span class='ocrx_word' id='word_1_572' title='bbox 287 2442 422 2469; x_wconf 72' lang='lat' dir='ltr'><strong>Czeterum</strong></span> <span class='ocrx_word' id='word_1_573' title='bbox 440 2441 551 2476; x_wconf 85' lang='lat' dir='ltr'><strong>jamjant</strong></span> <span class='ocrx_word' id='word_1_574' title='bbox 569 2442 718 2468; x_wconf 79' lang='lat' dir='ltr'><strong>moriturus</strong></span> <span class='ocrx_word' id='word_1_575' title='bbox 743 2440 840 2473; x_wconf 75' lang='lat' dir='ltr'><strong>Moses,</strong></span> <span class='ocrx_word' id='word_1_576' title='bbox 863 2441 1038 2467; x_wconf 83' lang='lat' dir='ltr'><strong>commisera-</strong></span> 
     </span>
    </p>
   </div>
   <div class='ocr_carea' id='block_1_53' title="bbox 251 2487 1039 2521">
    <p class='ocr_par' dir='ltr' id='par_1_53' title="bbox 251 2487 1039 2521">
     <span class='ocr_line' id='line_1_53' title="bbox 251 2487 1039 2521; baseline -0.001 -7"><span class='ocrx_word' id='word_1_577' title='bbox 251 2487 334 2516; x_wconf 77' lang='lat' dir='ltr'><strong>tionis</strong></span> <span class='ocrx_word' id='word_1_578' title='bbox 348 2495 401 2515; x_wconf 92' lang='lat' dir='ltr'><strong>non</strong></span> <span class='ocrx_word' id='word_1_579' title='bbox 418 2487 604 2520; x_wconf 83' lang='lat' dir='ltr'><strong>obliviscitur,</strong></span> <span class='ocrx_word' id='word_1_580' title='bbox 623 2495 717 2513; x_wconf 81' lang='lat' dir='ltr'><strong>curam</strong></span> <span class='ocrx_word' id='word_1_581' title='bbox 733 2487 788 2520; x_wconf 80' lang='lat' dir='ltr'><strong>agit</strong></span> <span class='ocrx_word' id='word_1_582' title='bbox 805 2487 908 2521; x_wconf 80' lang='lat' dir='ltr'><strong>populi,</strong></span> <span class='ocrx_word' id='word_1_583' title='bbox 925 2490 950 2513; x_wconf 82' lang='lat' dir='ltr'><strong>et</strong></span> <span class='ocrx_word' id='word_1_584' title='bbox 976 2494 1039 2513; x_wconf 89' lang='lat' dir='ltr'><strong>suc-</strong></span> 
     </span>
    </p>
   </div>
   <div class='ocr_carea' id='block_1_54' title="bbox 253 2533 1039 2568">
    <p class='ocr_par' dir='ltr' id='par_1_54' title="bbox 253 2533 1039 2568">
     <span class='ocr_line' id='line_1_54' title="bbox 253 2533 1039 2568; baseline -0.003 -7"><span class='ocrx_word' id='word_1_585' title='bbox 253 2543 390 2563; x_wconf 73' lang='lat' dir='ltr'><strong>cessorem</strong></span> <span class='ocrx_word' id='word_1_586' title='bbox 406 2535 575 2562; x_wconf 90' lang='lat' dir='ltr'><strong>constituere</strong></span> <span class='ocrx_word' id='word_1_587' title='bbox 594 2535 732 2568; x_wconf 83' lang='lat' dir='ltr'><strong>dignatur.</strong></span> <span class='ocrx_word' id='word_1_588' title='bbox 748 2533 807 2559; x_wconf 81' lang='lat' dir='ltr'><strong>Non</strong></span> <span class='ocrx_word' id='word_1_589' title='bbox 833 2534 914 2567; x_wconf 77' lang='lat' dir='ltr'><strong>igitur</strong></span> <span class='ocrx_word' id='word_1_590' title='bbox 927 2533 1039 2560; x_wconf 89' lang='lat' dir='ltr'><strong>dubium</strong></span> 
     </span>
    </p>
   </div>
   <div class='ocr_carea' id='block_1_55' title="bbox 252 2579 1039 2617">
    <p class='ocr_par' dir='ltr' id='par_1_55' title="bbox 252 2579 1039 2617">
     <span class='ocr_line' id='line_1_55' title="bbox 252 2579 1039 2617; baseline -0.006 -8"><span class='ocrx_word' id='word_1_591' title='bbox 252 2587 291 2609; x_wconf 87' lang='lat' dir='ltr'><strong>est</strong></span> <span class='ocrx_word' id='word_1_592' title='bbox 310 2583 376 2617; x_wconf 89' lang='lat' dir='ltr'><strong>quin</strong></span> <span class='ocrx_word' id='word_1_593' title='bbox 402 2582 571 2608; x_wconf 89' lang='lat' dir='ltr'><strong>voluntatem</strong></span> <span class='ocrx_word' id='word_1_594' title='bbox 603 2588 680 2607; x_wconf 86' lang='lat' dir='ltr'><strong>suam</strong></span> <span class='ocrx_word' id='word_1_595' title='bbox 703 2580 864 2607; x_wconf 78' lang='lat' dir='ltr'><strong>timentibus</strong></span> <span class='ocrx_word' id='word_1_596' title='bbox 891 2588 920 2607; x_wconf 81' lang='lat' dir='ltr'><strong>se</strong></span> <span class='ocrx_word' id='word_1_597' title='bbox 948 2579 1039 2606; x_wconf 82' lang='lat' dir='ltr'><strong>Dolui-</strong></span> 
     </span>
    </p>
   </div>
   <div class='ocr_carea' id='block_1_56' title="bbox 254 2625 1039 2661">
    <p class='ocr_par' dir='ltr' id='par_1_56' title="bbox 254 2625 1039 2661">
     <span class='ocr_line' id='line_1_56' title="bbox 254 2625 1039 2661; baseline -0.003 -7"><span class='ocrx_word' id='word_1_598' title='bbox 254 2636 304 2655; x_wconf 87' lang='lat' dir='ltr'><strong>nus</strong></span> <span class='ocrx_word' id='word_1_599' title='bbox 318 2627 505 2654; x_wconf 84' lang='lat' dir='ltr'><strong>accommodet</strong></span> <span class='ocrx_word' id='word_1_600' title='bbox 521 2626 551 2658; x_wconf 64' lang='grc' dir='ltr'><strong>σε,</strong></span> <span class='ocrx_word' id='word_1_601' title='bbox 578 2625 805 2661; x_wconf 78' lang='lat' dir='ltr'><strong>quemadmodum</strong></span> <span class='ocrx_word' id='word_1_602' title='bbox 832 2626 920 2660; x_wconf 86' lang='lat' dir='ltr'><strong>inquit</strong></span> <span class='ocrx_word' id='word_1_603' title='bbox 938 2635 943 2651; x_wconf 91' lang='lat'>:</span> <span class='ocrx_word' id='word_1_604' title='bbox 964 2635 972 2650; x_wconf 72' lang='grc' dir='ltr'><strong>ι</strong></span> <span class='ocrx_word' id='word_1_605' title='bbox 990 2625 1039 2652; x_wconf 85' lang='lat' dir='ltr'><strong>[‘e-</strong></span> 
     </span>
    </p>
   </div>
   <div class='ocr_carea' id='block_1_57' title="bbox 253 2673 1039 2708">
    <p class='ocr_par' dir='ltr' id='par_1_57' title="bbox 253 2673 1039 2708">
     <span class='ocr_line' id='line_1_57' title="bbox 253 2673 1039 2708; baseline -0.003 -8"><span class='ocrx_word' id='word_1_606' title='bbox 253 2674 301 2700; x_wconf 78' lang='lat' dir='ltr'><strong>tite</strong></span> <span class='ocrx_word' id='word_1_607' title='bbox 324 2679 350 2701; x_wconf 90' lang='lat' dir='ltr'><strong>et</strong></span> <span class='ocrx_word' id='word_1_608' title='bbox 375 2673 515 2708; x_wconf 81' lang='lat' dir='ltr'><strong>accipietis</strong></span> <span class='ocrx_word' id='word_1_609' title='bbox 529 2673 560 2700; x_wconf 66' lang='lat'><strong>“9.</strong></span> <span class='ocrx_word' id='word_1_610' title='bbox 590 2682 599 2697; x_wconf 76' lang='grc' dir='ltr'><strong>ι</strong></span> <span class='ocrx_word' id='word_1_611' title='bbox 628 2673 695 2699; x_wconf 74' lang='lat' dir='ltr'><strong>Cum</strong></span> <span class='ocrx_word' id='word_1_612' title='bbox 718 2673 817 2699; x_wconf 76' lang='lat' dir='ltr'><strong>ctenim</strong></span> <span class='ocrx_word' id='word_1_613' title='bbox 846 2673 869 2699; x_wconf 89' lang='lat' dir='ltr'><strong>ci</strong></span> <span class='ocrx_word' id='word_1_614' title='bbox 898 2673 1039 2699; x_wconf 84' lang='lat' dir='ltr'><strong>annuisset</strong></span> 
     </span>
    </p>
   </div>
   <div class='ocr_carea' id='block_1_58' title="bbox 254 2718 1040 2753">
    <p class='ocr_par' dir='ltr' id='par_1_58' title="bbox 254 2718 1040 2753">
     <span class='ocr_line' id='line_1_58' title="bbox 254 2718 1040 2753; baseline 0 -9"><span class='ocrx_word' id='word_1_615' title='bbox 254 2720 334 2751; x_wconf 54' lang='lat' dir='ltr'><strong>Deus,</strong></span> <span class='ocrx_word' id='word_1_616' title='bbox 365 2720 490 2753; x_wconf 80' lang='lat' dir='ltr'><strong>prolueit</strong></span> <span class='ocrx_word' id='word_1_617' title='bbox 515 2718 596 2744; x_wconf 60' lang='lat' dir='ltr'><strong>JUrllC</strong></span> <span class='ocrx_word' id='word_1_618' title='bbox 618 2719 675 2753; x_wconf 82' lang='lat' dir='ltr'><strong>jam</strong></span> <span class='ocrx_word' id='word_1_619' title='bbox 708 2719 816 2753; x_wconf 86' lang='lat' dir='ltr'><strong>quidem</strong></span> <span class='ocrx_word' id='word_1_620' title='bbox 841 2718 1040 2745; x_wconf 80' lang='lat' dir='ltr'><strong>consuetudine</strong></span> 
     </span>
    </p>
   </div>
   <div class='ocr_carea' id='block_1_59' title="bbox 253 2763 1038 2798">
    <p class='ocr_par' dir='ltr' id='par_1_59' title="bbox 253 2763 1038 2798">
     <span class='ocr_line' id='line_1_59' title="bbox 253 2763 1038 2798; baseline -0.003 -8"><span class='ocrx_word' id='word_1_621' title='bbox 253 2765 335 2790; x_wconf 68' lang='lat' dir='ltr'><strong>Musis</strong></span> <span class='ocrx_word' id='word_1_622' title='bbox 361 2765 509 2796; x_wconf 85' lang='lat' dir='ltr'><strong>initiatum,</strong></span> <span class='ocrx_word' id='word_1_623' title='bbox 525 2764 557 2789; x_wconf 83' lang='lat' dir='ltr'><strong>ah</strong></span> <span class='ocrx_word' id='word_1_624' title='bbox 582 2772 613 2789; x_wconf 78' lang='lat' dir='ltr'><strong>ro</strong></span> <span class='ocrx_word' id='word_1_625' title='bbox 640 2771 703 2791; x_wconf 79' lang='lat' dir='ltr'><strong>vero</strong></span> <span class='ocrx_word' id='word_1_626' title='bbox 719 2768 894 2798; x_wconf 74' lang='lat' dir='ltr'><strong>acacpturutn</strong></span> <span class='ocrx_word' id='word_1_627' title='bbox 921 2763 1038 2797; x_wconf 80' lang='lat' dir='ltr'><strong>regalem</strong></span> 
     </span>
    </p>
   </div>
   <div class='ocr_carea' id='block_1_60' title="bbox 254 2808 1038 2844">
    <p class='ocr_par' dir='ltr' id='par_1_60' title="bbox 254 2808 1038 2844">
     <span class='ocr_line' id='line_1_60' title="bbox 254 2808 1038 2844; baseline -0.001 -10"><span class='ocrx_word' id='word_1_628' title='bbox 254 2810 392 2842; x_wconf 55' lang='grc' dir='ltr'>δεῐιιιιιιιι,</span> <span class='ocrx_word' id='word_1_629' title='bbox 423 2815 451 2836; x_wconf 85' lang='grc' dir='ltr'><strong>ιιι</strong></span> <span class='ocrx_word' id='word_1_630' title='bbox 476 2809 654 2836; x_wconf 71' lang='lat' dir='ltr'><strong>domesticam</strong></span> <span class='ocrx_word' id='word_1_631' title='bbox 681 2809 740 2844; x_wconf 80' lang='lat' dir='ltr'><strong>ejus</strong></span> <span class='ocrx_word' id='word_1_632' title='bbox 773 2808 1038 2836; x_wconf 82' lang='lat' dir='ltr'><strong>administrationem</strong></span> 
     </span>
    </p>
   </div>
   <div class='ocr_carea' id='block_1_61' title="bbox 290 2894 866 2928">
    <p class='ocr_par' dir='ltr' id='par_1_61' title="bbox 290 2894 866 2928">
     <span class='ocr_line' id='line_1_61' title="bbox 290 2894 866 2928; baseline 0.002 -8"><span class='ocrx_word' id='word_1_633' title='bbox 290 2895 310 2910; x_wconf 62' lang='grc' dir='ltr'><strong>ε’·</strong></span> <span class='ocrx_word' id='word_1_634' title='bbox 326 2894 396 2920; x_wconf 74' lang='lat' dir='ltr'><strong>l‘sal.</strong></span> <span class='ocrx_word' id='word_1_635' title='bbox 410 2903 504 2927; x_wconf 72' lang='lat' dir='ltr'><strong>vant,</strong></span> <span class='ocrx_word' id='word_1_636' title='bbox 522 2896 564 2923; x_wconf 68' lang='grc' dir='ltr'><strong>ΖΟ.</strong></span> <span class='ocrx_word' id='word_1_637' title='bbox 616 2898 636 2910; x_wconf 49' lang='grc' dir='ltr'>θλ</span> <span class='ocrx_word' id='word_1_638' title='bbox 657 2895 676 2922; x_wconf 90' lang='lat' dir='ltr'><strong>ll</strong></span> <span class='ocrx_word' id='word_1_639' title='bbox 691 2895 755 2923; x_wconf 79' lang='lat' dir='ltr'><strong>Cor.</strong></span> <span class='ocrx_word' id='word_1_640' title='bbox 772 2903 819 2928; x_wconf 78' lang='lat' dir='ltr'><strong>xtl,</strong></span> <span class='ocrx_word' id='word_1_641' title='bbox 841 2894 866 2922; x_wconf 85' lang='lat'><strong>9.</strong></span> 
     </span>
    </p>
   </div>
   <div class='ocr_carea' id='block_1_62' title="bbox 906 2894 1120 2928">
    <p class='ocr_par' dir='ltr' id='par_1_62' title="bbox 906 2894 1120 2928">
     <span class='ocr_line' id='line_1_62' title="bbox 906 2894 1120 2928; baseline 0 -7"><span class='ocrx_word' id='word_1_642' title='bbox 906 2895 926 2910; x_wconf 69' lang='grc'><strong>⁸⁷</strong></span> <span class='ocrx_word' id='word_1_643' title='bbox 942 2894 1019 2922; x_wconf 73' lang='lat' dir='ltr'><strong>Bon.</strong></span> <span class='ocrx_word' id='word_1_644' title='bbox 1039 2904 1056 2928; x_wconf 84' lang='lat' dir='ltr'><strong>I,</strong></span> <span class='ocrx_word' id='word_1_645' title='bbox 1079 2895 1120 2922; x_wconf 80' lang='grc' dir='ltr'>Π.</span> 
     </span>
    </p>
   </div>
   <div class='ocr_carea' id='block_1_63' title="bbox 1096 1710 1610 1745">
    <p class='ocr_par' dir='ltr' id='par_1_63' title="bbox 1096 1710 1610 1745">
     <span class='ocr_line' id='line_1_63' title="bbox 1096 1710 1610 1745; baseline 0.002 -9"><span class='ocrx_word' id='word_1_646' title='bbox 1096 1711 1185 1742; x_wconf 77' lang='grc' dir='ltr'>θείους</span> <span class='ocrx_word' id='word_1_647' title='bbox 1200 1710 1312 1745; x_wconf 75' lang='grc' dir='ltr'>πέμπτη</span> <span class='ocrx_word' id='word_1_648' title='bbox 1329 1710 1404 1742; x_wconf 74' lang='grc' dir='ltr'>τάξις</span> <span class='ocrx_word' id='word_1_649' title='bbox 1420 1711 1443 1737; x_wconf 79' lang='grc' dir='ltr'>οἱ</span> <span class='ocrx_word' id='word_1_650' title='bbox 1461 1712 1610 1745; x_wconf 81' lang='grc' dir='ltr'>συγγενεῖς.</span> 
     </span>
    </p>
   </div>
   <div class='ocr_carea' id='block_1_64' title="bbox 1137 1753 1866 1793">
    <p class='ocr_par' dir='ltr' id='par_1_64' title="bbox 1137 1753 1866 1793">
     <span class='ocr_line' id='line_1_64' title="bbox 1137 1753 1866 1793; baseline 0.001 -11"><span class='ocrx_word' id='word_1_651' title='bbox 1137 1757 1269 1792; x_wconf 78' lang='grc' dir='ltr'><strong>’Λνάϐηϐι</strong></span> <span class='ocrx_word' id='word_1_652' title='bbox 1286 1758 1325 1789; x_wconf 86' lang='grc' dir='ltr'><strong>εἰς</strong></span> <span class='ocrx_word' id='word_1_653' title='bbox 1341 1757 1371 1783; x_wconf 70' lang='grc' dir='ltr'>τὸ</span> <span class='ocrx_word' id='word_1_654' title='bbox 1382 1757 1445 1791; x_wconf 81' lang='grc' dir='ltr'><strong>ὄρος</strong></span> <span class='ocrx_word' id='word_1_655' title='bbox 1459 1757 1563 1785; x_wconf 70' lang='grc' dir='ltr'><strong>Ναδὰἤ.</strong></span> <span class='ocrx_word' id='word_1_656' title='bbox 1581 1758 1722 1793; x_wconf 83' lang='grc' dir='ltr'>Κρείττων</span> <span class='ocrx_word' id='word_1_657' title='bbox 1736 1757 1749 1782; x_wconf 76' lang='grc' dir='ltr'><em>ὁ</em></span> <span class='ocrx_word' id='word_1_658' title='bbox 1763 1753 1866 1786; x_wconf 71' lang='grc' dir='ltr'><strong>Μωῡσῆς</strong></span> 
     </span>
    </p>
   </div>
   <div class='ocr_carea' id='block_1_65' title="bbox 1101 1800 1865 1838">
    <p class='ocr_par' dir='ltr' id='par_1_65' title="bbox 1101 1800 1865 1838">
     <span class='ocr_line' id='line_1_65' title="bbox 1101 1800 1865 1838; baseline -0.003 -10"><span class='ocrx_word' id='word_1_659' title='bbox 1101 1802 1217 1837; x_wconf 80' lang='grc' dir='ltr'><strong>Ἀαρών.</strong></span> <span class='ocrx_word' id='word_1_660' title='bbox 1245 1802 1290 1828; x_wconf 85' lang='grc' dir='ltr'><strong>Διὸ</strong></span> <span class='ocrx_word' id='word_1_661' title='bbox 1312 1802 1360 1829; x_wconf 71' lang='grc' dir='ltr'><strong>καὶ</strong></span> <span class='ocrx_word' id='word_1_662' title='bbox 1385 1802 1478 1837; x_wconf 75' lang='grc' dir='ltr'>βλέπει</span> <span class='ocrx_word' id='word_1_663' title='bbox 1495 1802 1544 1838; x_wconf 88' lang='grc' dir='ltr'>τὴν</span> <span class='ocrx_word' id='word_1_664' title='bbox 1569 1804 1630 1838; x_wconf 79' lang='grc' dir='ltr'>γῆν,</span> <span class='ocrx_word' id='word_1_665' title='bbox 1658 1804 1705 1829; x_wconf 74' lang='grc' dir='ltr'><strong>καὶ</strong></span> <span class='ocrx_word' id='word_1_666' title='bbox 1720 1802 1767 1835; x_wconf 78' lang='grc' dir='ltr'>τὴν</span> <span class='ocrx_word' id='word_1_667' title='bbox 1789 1800 1865 1828; x_wconf 71' lang='grc' dir='ltr'>αἰτίαν</span> 
     </span>
    </p>
   </div>
   <div class='ocr_carea' id='block_1_66' title="bbox 1096 1845 1865 1884">
    <p class='ocr_par' dir='ltr' id='par_1_66' title="bbox 1096 1845 1865 1884">
     <span class='ocr_line' id='line_1_66' title="bbox 1096 1845 1865 1884; baseline -0.004 -9"><span class='ocrx_word' id='word_1_668' title='bbox 1096 1848 1238 1883; x_wconf 80' lang='grc' dir='ltr'><strong>μανθάνει,</strong></span> <span class='ocrx_word' id='word_1_669' title='bbox 1266 1848 1300 1875; x_wconf 82' lang='grc' dir='ltr'><strong>δι’</strong></span> <span class='ocrx_word' id='word_1_670' title='bbox 1323 1849 1356 1883; x_wconf 85' lang='grc' dir='ltr'>ἣν</span> <span class='ocrx_word' id='word_1_671' title='bbox 1381 1850 1513 1876; x_wconf 76' lang='grc' dir='ltr'>ὲῑσελθεῖν</span> <span class='ocrx_word' id='word_1_672' title='bbox 1536 1850 1586 1876; x_wconf 79' lang='grc' dir='ltr'><strong>οὐκ</strong></span> <span class='ocrx_word' id='word_1_673' title='bbox 1606 1849 1729 1884; x_wconf 78' lang='grc' dir='ltr'><strong>ἠξίωται.</strong></span> <span class='ocrx_word' id='word_1_674' title='bbox 1752 1848 1803 1874; x_wconf 77' lang='grc' dir='ltr'><strong>Καὶ</strong></span> <span class='ocrx_word' id='word_1_675' title='bbox 1824 1845 1865 1879; x_wconf 81' lang='grc' dir='ltr'><strong>τὴν</strong></span> 
     </span>
    </p>
   </div>
   <div class='ocr_carea' id='block_1_67' title="bbox 1097 1892 1864 1931">
    <p class='ocr_par' dir='ltr' id='par_1_67' title="bbox 1097 1892 1864 1931">
     <span class='ocr_line' id='line_1_67' title="bbox 1097 1892 1864 1931; baseline -0.001 -10"><span class='ocrx_word' id='word_1_676' title='bbox 1097 1895 1163 1923; x_wconf 68' lang='grc' dir='ltr'>ἰδίαν</span> <span class='ocrx_word' id='word_1_677' title='bbox 1194 1895 1325 1930; x_wconf 77' lang='grc' dir='ltr'>τελευτὴν</span> <span class='ocrx_word' id='word_1_678' title='bbox 1357 1897 1533 1931; x_wconf 67' lang='grc' dir='ltr'><strong>προακήκοε,</strong></span> <span class='ocrx_word' id='word_1_679' title='bbox 1567 1896 1669 1931; x_wconf 79' lang='grc' dir='ltr'>μᾶλλον</span> <span class='ocrx_word' id='word_1_680' title='bbox 1703 1896 1729 1922; x_wconf 84' lang='grc' dir='ltr'><em>δὲ</em></span> <span class='ocrx_word' id='word_1_681' title='bbox 1758 1895 1800 1920; x_wconf 73' lang='grc' dir='ltr'><strong>καὶ</strong></span> <span class='ocrx_word' id='word_1_682' title='bbox 1825 1892 1864 1926; x_wconf 81' lang='grc' dir='ltr'><strong>τὴν</strong></span> 
     </span>
    </p>
   </div>
   <div class='ocr_carea' id='block_1_68' title="bbox 1101 1938 1864 1977">
    <p class='ocr_par' dir='ltr' id='par_1_68' title="bbox 1101 1938 1864 1977">
     <span class='ocr_line' id='line_1_68' title="bbox 1101 1938 1864 1977; baseline -0.001 -10"><span class='ocrx_word' id='word_1_683' title='bbox 1101 1942 1215 1977; x_wconf 70' lang='grc' dir='ltr'><strong>Ἀαρὼν,</strong></span> <span class='ocrx_word' id='word_1_684' title='bbox 1239 1942 1344 1968; x_wconf 77' lang='grc' dir='ltr'>ἐκείνου</span> <span class='ocrx_word' id='word_1_685' title='bbox 1365 1941 1486 1976; x_wconf 64' lang='grc' dir='ltr'>μηδενὸξ</span> <span class='ocrx_word' id='word_1_686' title='bbox 1504 1942 1558 1968; x_wconf 83' lang='grc' dir='ltr'>τῶν</span> <span class='ocrx_word' id='word_1_687' title='bbox 1583 1942 1735 1977; x_wconf 76' lang='grc' dir='ltr'><strong>εἰρημένων</strong></span> <span class='ocrx_word' id='word_1_688' title='bbox 1756 1938 1864 1972; x_wconf 79' lang='grc' dir='ltr'><strong>ἀξιωθέν-</strong></span> 
     </span>
    </p>
   </div>
   <div class='ocr_carea' id='block_1_69' title="bbox 1094 1980 1863 2023">
    <p class='ocr_par' dir='ltr' id='par_1_69' title="bbox 1094 1980 1863 2023">
     <span class='ocr_line' id='line_1_69' title="bbox 1094 1980 1863 2023; baseline -0.003 -8"><span class='ocrx_word' id='word_1_689' title='bbox 1094 1997 1149 2020; x_wconf 79' lang='grc' dir='ltr'>τος.</span> <span class='ocrx_word' id='word_1_690' title='bbox 1185 1988 1263 2015; x_wconf 73' lang='grc' dir='ltr'><strong>Οὕτω</strong></span> <span class='ocrx_word' id='word_1_691' title='bbox 1289 1990 1337 2014; x_wconf 78' lang='grc' dir='ltr'><strong>καὶ</strong></span> <span class='ocrx_word' id='word_1_692' title='bbox 1357 1989 1461 2020; x_wconf 73' lang='grc' dir='ltr'>Παῦλος</span> <span class='ocrx_word' id='word_1_693' title='bbox 1481 1989 1611 2023; x_wconf 73' lang='grc' dir='ltr'><strong>μανθάνει</strong></span> <span class='ocrx_word' id='word_1_694' title='bbox 1634 1989 1684 2023; x_wconf 86' lang='grc' dir='ltr'>τὴν</span> <span class='ocrx_word' id='word_1_695' title='bbox 1705 1980 1802 2017; x_wconf 61' lang='grc' dir='ltr'><strong>ἀίτίαν,</strong></span> <span class='ocrx_word' id='word_1_696' title='bbox 1823 1984 1863 2018; x_wconf 80' lang='grc' dir='ltr'><strong>τῆς</strong></span> 
     </span>
    </p>
   </div>
   <div class='ocr_carea' id='block_1_70' title="bbox 1093 2029 1862 2069">
    <p class='ocr_par' dir='ltr' id='par_1_70' title="bbox 1093 2029 1862 2069">
     <span class='ocr_line' id='line_1_70' title="bbox 1093 2029 1862 2069; baseline -0.008 -9"><span class='ocrx_word' id='word_1_697' title='bbox 1093 2035 1206 2069; x_wconf 75' lang='grc' dir='ltr'>χάριτος</span> <span class='ocrx_word' id='word_1_698' title='bbox 1223 2036 1261 2065; x_wconf 78' lang='grc' dir='ltr'><strong>εἰς</strong></span> <span class='ocrx_word' id='word_1_699' title='bbox 1276 2034 1347 2060; x_wconf 79' lang='grc' dir='ltr'>ἴασιν</span> <span class='ocrx_word' id='word_1_700' title='bbox 1369 2034 1406 2068; x_wconf 77' lang='grc' dir='ltr'>μὴ</span> <span class='ocrx_word' id='word_1_701' title='bbox 1422 2034 1522 2068; x_wconf 79' lang='grc' dir='ltr'>τυχών.</span> <span class='ocrx_word' id='word_1_702' title='bbox 1545 2044 1553 2059; x_wconf 72' lang='grc' dir='ltr'>ι</span> <span class='ocrx_word' id='word_1_703' title='bbox 1573 2034 1643 2060; x_wconf 74' lang='grc' dir='ltr'>Ἀλλ’</span> <span class='ocrx_word' id='word_1_704' title='bbox 1662 2033 1756 2067; x_wconf 77' lang='grc' dir='ltr'>ἐκείνῳ</span> <span class='ocrx_word' id='word_1_705' title='bbox 1771 2031 1815 2066; x_wconf 82' lang='grc' dir='ltr'><strong>μὲν</strong></span> <span class='ocrx_word' id='word_1_706' title='bbox 1827 2029 1862 2055; x_wconf 77' lang='lat' dir='ltr'><strong>al-</strong></span> 
     </span>
    </p>
   </div>
   <div class='ocr_carea' id='block_1_71' title="bbox 1093 2074 1862 2115">
    <p class='ocr_par' dir='ltr' id='par_1_71' title="bbox 1093 2074 1862 2115">
     <span class='ocr_line' id='line_1_71' title="bbox 1093 2074 1862 2115; baseline -0.009 -9"><span class='ocrx_word' id='word_1_707' title='bbox 1093 2089 1149 2107; x_wconf 82' lang='grc' dir='ltr'>τιον</span> <span class='ocrx_word' id='word_1_708' title='bbox 1163 2080 1193 2106; x_wconf 76' lang='grc' dir='ltr'>τὸ</span> <span class='ocrx_word' id='word_1_709' title='bbox 1212 2080 1363 2115; x_wconf 76' lang='grc' dir='ltr'>συμφέρον.</span> <span class='ocrx_word' id='word_1_710' title='bbox 1385 2081 1416 2106; x_wconf 84' lang='lat' dir='ltr'><strong>&#39;Il</strong></span> <span class='ocrx_word' id='word_1_711' title='bbox 1440 2080 1495 2114; x_wconf 71' lang='grc' dir='ltr'><strong>γὰρ</strong></span> <span class='ocrx_word' id='word_1_712' title='bbox 1514 2079 1627 2115; x_wconf 71' lang='grc' dir='ltr'><strong>δύναμίς</strong></span> <span class='ocrx_word' id='word_1_713' title='bbox 1650 2088 1699 2114; x_wconf 88' lang='grc' dir='ltr'><strong>μου</strong></span> <span class='ocrx_word' id='word_1_714' title='bbox 1714 2080 1741 2105; x_wconf 82' lang='grc' dir='ltr'>ἐν</span> <span class='ocrx_word' id='word_1_715' title='bbox 1753 2074 1862 2108; x_wconf 67' lang='grc' dir='ltr'>ἀσθενείᾳ.</span> 
     </span>
    </p>
   </div>
   <div class='ocr_carea' id='block_1_72' title="bbox 1093 2125 1860 2157">
    <p class='ocr_par' dir='ltr' id='par_1_72' title="bbox 1093 2125 1860 2157">
     <span class='ocr_line' id='line_1_72' title="bbox 1093 2125 1860 2157; baseline -0.007 -5"><span class='ocrx_word' id='word_1_716' title='bbox 1093 2126 1252 2153; x_wconf 62' lang='grc' dir='ltr'>τελειοῦται.</span> <span class='ocrx_word' id='word_1_717' title='bbox 1267 2136 1275 2151; x_wconf 76' lang='grc' dir='ltr'><strong>ι</strong></span> <span class='ocrx_word' id='word_1_718' title='bbox 1291 2126 1354 2152; x_wconf 72' lang='grc' dir='ltr'><strong>Ἐπὶ</strong></span> <span class='ocrx_word' id='word_1_719' title='bbox 1369 2126 1396 2152; x_wconf 74' lang='grc' dir='ltr'><strong>δὲ</strong></span> <span class='ocrx_word' id='word_1_720' title='bbox 1411 2126 1552 2157; x_wconf 61' lang='lat' dir='ltr'><strong>Morbos-Eo);</strong></span> <span class='ocrx_word' id='word_1_721' title='bbox 1562 2126 1593 2152; x_wconf 77' lang='grc' dir='ltr'>τὸ</span> <span class='ocrx_word' id='word_1_722' title='bbox 1605 2126 1720 2156; x_wconf 77' lang='grc' dir='ltr'>δίκαιον,</span> <span class='ocrx_word' id='word_1_723' title='bbox 1730 2125 1787 2150; x_wconf 88' lang='grc' dir='ltr'>’Ὁτι</span> <span class='ocrx_word' id='word_1_724' title='bbox 1801 2128 1860 2154; x_wconf 70' lang='grc' dir='ltr'><strong>παρ-</strong></span> 
     </span>
    </p>
   </div>
   <div class='ocr_carea' id='block_1_73' title="bbox 1094 2165 1861 2207">
    <p class='ocr_par' dir='ltr' id='par_1_73' title="bbox 1094 2165 1861 2207">
     <span class='ocr_line' id='line_1_73' title="bbox 1094 2165 1861 2207; baseline -0.007 -8"><span class='ocrx_word' id='word_1_725' title='bbox 1094 2173 1173 2206; x_wconf 74' lang='grc' dir='ltr'>έϐητε</span> <span class='ocrx_word' id='word_1_726' title='bbox 1201 2173 1230 2199; x_wconf 69' lang='grc' dir='ltr'><strong>τὺ</strong></span> <span class='ocrx_word' id='word_1_727' title='bbox 1254 2172 1331 2207; x_wconf 80' lang='grc' dir='ltr'>ῥῆμά</span> <span class='ocrx_word' id='word_1_728' title='bbox 1356 2181 1416 2207; x_wconf 69' lang='grc' dir='ltr'>μου.</span> <span class='ocrx_word' id='word_1_729' title='bbox 1439 2173 1470 2197; x_wconf 80' lang='grc' dir='ltr'><em>Ὃ</em></span> <span class='ocrx_word' id='word_1_730' title='bbox 1492 2172 1522 2206; x_wconf 84' lang='grc' dir='ltr'><strong>δὴ</strong></span> <span class='ocrx_word' id='word_1_731' title='bbox 1550 2172 1596 2197; x_wconf 76' lang='grc' dir='ltr'>καὶ</span> <span class='ocrx_word' id='word_1_732' title='bbox 1621 2171 1752 2205; x_wconf 70' lang='grc' dir='ltr'>σύμϐολον</span> <span class='ocrx_word' id='word_1_733' title='bbox 1772 2169 1806 2198; x_wconf 74' lang='grc' dir='ltr'><strong>εἰς</strong></span> <span class='ocrx_word' id='word_1_734' title='bbox 1824 2165 1861 2191; x_wconf 61' lang='grc' dir='ltr'><strong>τὸν</strong></span> 
     </span>
    </p>
   </div>
   <div class='ocr_carea' id='block_1_74' title="bbox 1093 2215 1859 2253">
    <p class='ocr_par' dir='ltr' id='par_1_74' title="bbox 1093 2215 1859 2253">
     <span class='ocr_line' id='line_1_74' title="bbox 1093 2215 1859 2253; baseline 0.001 -8"><span class='ocrx_word' id='word_1_735' title='bbox 1093 2220 1174 2253; x_wconf 72' lang='grc' dir='ltr'>νόμον</span> <span class='ocrx_word' id='word_1_736' title='bbox 1200 2218 1319 2244; x_wconf 72' lang='grc' dir='ltr'><strong>τελειοῦν</strong></span> <span class='ocrx_word' id='word_1_737' title='bbox 1346 2219 1382 2253; x_wconf 83' lang='grc' dir='ltr'>μὴ</span> <span class='ocrx_word' id='word_1_738' title='bbox 1409 2218 1567 2252; x_wconf 75' lang='grc' dir='ltr'>δυνάμενον,</span> <span class='ocrx_word' id='word_1_739' title='bbox 1597 2218 1657 2243; x_wconf 66' lang='grc' dir='ltr'><strong>οὐδὲ</strong></span> <span class='ocrx_word' id='word_1_740' title='bbox 1685 2217 1732 2251; x_wconf 79' lang='grc' dir='ltr'><strong>τὴν</strong></span> <span class='ocrx_word' id='word_1_741' title='bbox 1760 2215 1859 2245; x_wconf 68' lang='grc' dir='ltr'><strong>ἐπαγγε·</strong></span> 
     </span>
    </p>
   </div>
   <div class='ocr_carea' id='block_1_75' title="bbox 1092 2259 1859 2298">
    <p class='ocr_par' dir='ltr' id='par_1_75' title="bbox 1092 2259 1859 2298">
     <span class='ocr_line' id='line_1_75' title="bbox 1092 2259 1859 2298; baseline -0.008 -7"><span class='ocrx_word' id='word_1_742' title='bbox 1092 2266 1153 2292; x_wconf 75' lang='grc' dir='ltr'>λίαν</span> <span class='ocrx_word' id='word_1_743' title='bbox 1170 2265 1412 2298; x_wconf 72' lang='grc' dir='ltr'><strong>ἀποκαταστῆσαι·</strong></span> <span class='ocrx_word' id='word_1_744' title='bbox 1446 2273 1454 2289; x_wconf 71' lang='grc' dir='ltr'>ί</span> <span class='ocrx_word' id='word_1_745' title='bbox 1469 2264 1529 2289; x_wconf 81' lang='grc' dir='ltr'>’Ὁτι</span> <span class='ocrx_word' id='word_1_746' title='bbox 1548 2265 1561 2290; x_wconf 80' lang='grc' dir='ltr'>ὁ</span> <span class='ocrx_word' id='word_1_747' title='bbox 1585 2263 1688 2294; x_wconf 75' lang='grc' dir='ltr'>δίκαιος</span> <span class='ocrx_word' id='word_1_748' title='bbox 1711 2263 1741 2287; x_wconf 80' lang='grc' dir='ltr'><strong>ὲκ</strong></span> <span class='ocrx_word' id='word_1_749' title='bbox 1761 2259 1859 2285; x_wconf 71' lang='grc' dir='ltr'>πίστεως</span> 
     </span>
    </p>
   </div>
   <div class='ocr_carea' id='block_1_76' title="bbox 1093 2303 1859 2345">
    <p class='ocr_par' dir='ltr' id='par_1_76' title="bbox 1093 2303 1859 2345">
     <span class='ocr_line' id='line_1_76' title="bbox 1093 2303 1859 2345; baseline -0.005 -9"><span class='ocrx_word' id='word_1_750' title='bbox 1093 2310 1214 2345; x_wconf 78' lang='grc' dir='ltr'>ζήσεται.</span> <span class='ocrx_word' id='word_1_751' title='bbox 1232 2320 1240 2335; x_wconf 77' lang='grc' dir='ltr'><strong>ι</strong></span> <span class='ocrx_word' id='word_1_752' title='bbox 1257 2309 1331 2345; x_wconf 81' lang='grc' dir='ltr'>Τιμὴ</span> <span class='ocrx_word' id='word_1_753' title='bbox 1345 2310 1372 2335; x_wconf 82' lang='grc' dir='ltr'><strong>δὲ</strong></span> <span class='ocrx_word' id='word_1_754' title='bbox 1388 2309 1433 2335; x_wconf 74' lang='grc' dir='ltr'><strong>καὶ</strong></span> <span class='ocrx_word' id='word_1_755' title='bbox 1449 2309 1518 2344; x_wconf 69' lang='grc' dir='ltr'><strong>αὕτη</strong></span> <span class='ocrx_word' id='word_1_756' title='bbox 1534 2309 1564 2334; x_wconf 76' lang='grc' dir='ltr'><strong>τὸ</strong></span> <span class='ocrx_word' id='word_1_757' title='bbox 1579 2308 1734 2342; x_wconf 71' lang='grc' dir='ltr'>προγνῶναι</span> <span class='ocrx_word' id='word_1_758' title='bbox 1754 2306 1784 2331; x_wconf 66' lang='grc' dir='ltr'>τὰ</span> <span class='ocrx_word' id='word_1_759' title='bbox 1796 2303 1859 2337; x_wconf 53' lang='lat' dir='ltr'><strong>Si???</strong></span> 
     </span>
    </p>
   </div>
   <div class='ocr_carea' id='block_1_77' title="bbox 1058 2354 1170 2391">
    <p class='ocr_par' dir='ltr' id='par_1_77' title="bbox 1058 2354 1170 2391">
     <span class='ocr_line' id='line_1_77' title="bbox 1058 2354 1170 2391; baseline 0.018 -11"><span class='ocrx_word' id='word_1_760' title='bbox 1058 2354 1077 2380; x_wconf 87' lang='grc' dir='ltr'>Β</span> <span class='ocrx_word' id='word_1_761' title='bbox 1094 2357 1170 2391; x_wconf 77' lang='grc' dir='ltr'>μένα.</span> 
     </span>
    </p>
   </div>
   <div class='ocr_carea' id='block_1_78' title="bbox 1137 2433 1859 2479">
    <p class='ocr_par' dir='ltr' id='par_1_78' title="bbox 1137 2433 1859 2479">
     <span class='ocr_line' id='line_1_78' title="bbox 1137 2433 1859 2479; baseline -0.008 -8"><span class='ocrx_word' id='word_1_762' title='bbox 1137 2445 1178 2471; x_wconf 85' lang='grc' dir='ltr'>Ἐν</span> <span class='ocrx_word' id='word_1_763' title='bbox 1194 2443 1353 2479; x_wconf 63' lang='grc' dir='ltr'>συμπαθείᾳ</span> <span class='ocrx_word' id='word_1_764' title='bbox 1368 2443 1501 2470; x_wconf 78' lang='grc' dir='ltr'>τελευτῶν</span> <span class='ocrx_word' id='word_1_765' title='bbox 1529 2443 1647 2477; x_wconf 75' lang='grc' dir='ltr'><strong>φείδεται</strong></span> <span class='ocrx_word' id='word_1_766' title='bbox 1669 2441 1713 2468; x_wconf 76' lang='grc' dir='ltr'>τοῦ</span> <span class='ocrx_word' id='word_1_767' title='bbox 1734 2437 1803 2469; x_wconf 77' lang='grc' dir='ltr'>λαοῦ,</span> <span class='ocrx_word' id='word_1_768' title='bbox 1821 2433 1859 2461; x_wconf 67' lang='grc' dir='ltr'><strong>καὶ</strong></span> 
     </span>
    </p>
   </div>
   <div class='ocr_carea' id='block_1_79' title="bbox 1092 2485 1857 2530">
    <p class='ocr_par' dir='ltr' id='par_1_79' title="bbox 1092 2485 1857 2530">
     <span class='ocr_line' id='line_1_79' title="bbox 1092 2485 1857 2530; baseline -0.007 -13"><span class='ocrx_word' id='word_1_769' title='bbox 1092 2491 1162 2522; x_wconf 77' lang='grc' dir='ltr'>ἀξιοῖ</span> <span class='ocrx_word' id='word_1_770' title='bbox 1178 2490 1346 2524; x_wconf 77' lang='grc' dir='ltr'>καταστῆναι</span> <span class='ocrx_word' id='word_1_771' title='bbox 1369 2489 1500 2523; x_wconf 76' lang='grc' dir='ltr'>διάδοχον.</span> <span class='ocrx_word' id='word_1_772' title='bbox 1521 2489 1575 2515; x_wconf 81' lang='grc' dir='ltr'><strong>Καὶ</strong></span> <span class='ocrx_word' id='word_1_773' title='bbox 1590 2488 1675 2519; x_wconf 78' lang='grc' dir='ltr'>ὅντως</span> <span class='ocrx_word' id='word_1_774' title='bbox 1697 2485 1794 2519; x_wconf 70' lang='grc' dir='ltr'><strong>Θέλημα</strong></span> <span class='ocrx_word' id='word_1_775' title='bbox 1814 2487 1857 2530; x_wconf 52' lang='grc' dir='ltr'><strong>τωξ</strong></span> 
     </span>
    </p>
   </div>
   <div class='ocr_carea' id='block_1_80' title="bbox 1750 2531 1858 2559">
    <p class='ocr_par' dir='ltr' id='par_1_80' title="bbox 1750 2531 1858 2559">
     <span class='ocr_line' id='line_1_80' title="bbox 1750 2531 1858 2559; baseline -0.019 -4"><span class='ocrx_word' id='word_1_776' title='bbox 1750 2531 1807 2559; x_wconf 72' lang='grc' dir='ltr'>εἴτε,</span> <span class='ocrx_word' id='word_1_777' title='bbox 1821 2532 1858 2551; x_wconf 82' lang='grc' dir='ltr'><strong>και</strong></span> 
     </span>
    </p>
   </div>
   <div class='ocr_carea' id='block_1_81' title="bbox 1091 2531 1843 2587">
    <p class='ocr_par' dir='ltr' id='par_1_81' title="bbox 1091 2531 1843 2587">
     <span class='ocr_line' id='line_1_81' title="bbox 1091 2531 1843 2587; baseline -0.012 -24"><span class='ocrx_word' id='word_1_778' title='bbox 1091 2537 1266 2571; x_wconf 74' lang='grc' dir='ltr'>φοὸοιρμένων</span> <span class='ocrx_word' id='word_1_779' title='bbox 1279 2536 1368 2562; x_wconf 76' lang='grc' dir='ltr'>αὐτῶν</span> <span class='ocrx_word' id='word_1_780' title='bbox 1384 2536 1501 2570; x_wconf 63' lang='grc' dir='ltr'>ποιήσει,</span> <span class='ocrx_word' id='word_1_781' title='bbox 1529 2534 1599 2561; x_wconf 74' lang='grc' dir='ltr'>κατὰ</span> <span class='ocrx_word' id='word_1_782' title='bbox 1614 2534 1659 2560; x_wconf 80' lang='grc' dir='ltr'><strong>τό·</strong></span> <span class='ocrx_word' id='word_1_783' title='bbox 1681 2541 1690 2558; x_wconf 75' lang='lat' dir='ltr'><strong>t</strong></span> <span class='ocrx_word' id='word_1_784' title='bbox 1702 2531 1807 2559; x_wconf 72' lang='grc' dir='ltr'><strong>Αἰτεῖτε,</strong></span> <span class='ocrx_word' id='word_1_785' title='bbox 1821 2533 1843 2587; x_wconf 64' lang='lat'><strong>7-:</strong></span> 
     </span>
     <span class='ocr_line' id='line_1_82' title="bbox 1091 2576 1833 2587; baseline 0 0"><span class='ocrx_word' id='word_1_786' title='bbox 1091 2582 1097 2587; x_wconf 70' lang='grc' dir='ltr'>ι</span> <span class='ocrx_word' id='word_1_787' title='bbox 1113 2583 1118 2587; x_wconf 94' lang='grc'>.</span> <span class='ocrx_word' id='word_1_788' title='bbox 1133 2582 1137 2587; x_wconf 80' lang='grc' dir='ltr'>ι</span> <span class='ocrx_word' id='word_1_789' title='bbox 1181 2582 1191 2587; x_wconf 77' lang='grc' dir='ltr'><strong>,ι</strong></span> <span class='ocrx_word' id='word_1_790' title='bbox 1261 2583 1288 2587; x_wconf 61' lang='grc' dir='ltr'><strong>ι..</strong></span> <span class='ocrx_word' id='word_1_791' title='bbox 1362 2581 1367 2587; x_wconf 77' lang='grc' dir='ltr'><strong><em>ι</em></strong></span> <span class='ocrx_word' id='word_1_792' title='bbox 1459 2580 1464 2587; x_wconf 76' lang='lat' dir='ltr'><strong>v</strong></span> <span class='ocrx_word' id='word_1_793' title='bbox 1512 2580 1529 2587; x_wconf 76' lang='grc' dir='ltr'>Λ</span> <span class='ocrx_word' id='word_1_794' title='bbox 1549 2580 1554 2587; x_wconf 77' lang='grc' dir='ltr'>ι</span> <span class='ocrx_word' id='word_1_795' title='bbox 1622 2580 1627 2587; x_wconf 74' lang='lat' dir='ltr'><strong>v</strong></span> <span class='ocrx_word' id='word_1_796' title='bbox 1655 2577 1667 2584; x_wconf 74' lang='lat'><strong>&quot;</strong></span> <span class='ocrx_word' id='word_1_797' title='bbox 1707 2576 1806 2587; x_wconf 40' lang='lat' dir='ltr'><strong>7-.L.:-n</strong></span> <span class='ocrx_word' id='word_1_798' title='bbox 1821 2578 1833 2587; x_wconf 70' lang='grc' dir='ltr'><strong><em>ΑΡ</em></strong></span> 
     </span>
    </p>
   </div>
   <div class='ocr_carea' id='block_1_82' title="bbox 1821 2577 1858 2595">
    <p class='ocr_par' dir='ltr' id='par_1_82' title="bbox 1821 2577 1858 2595">
     <span class='ocr_line' id='line_1_83' title="bbox 1821 2577 1858 2595; baseline -0.081 0"><span class='ocrx_word' id='word_1_799' title='bbox 1821 2577 1858 2595; x_wconf 72' lang='grc' dir='ltr'><strong>τον</strong></span> 
     </span>
    </p>
   </div>
   <div class='ocr_carea' id='block_1_83' title="bbox 1090 2576 1842 2619">
    <p class='ocr_par' dir='ltr' id='par_1_83' title="bbox 1090 2576 1842 2619">
     <span class='ocr_line' id='line_1_84' title="bbox 1090 2576 1842 2619; baseline -0.001 -11"><span class='ocrx_word' id='word_1_800' title='bbox 1090 2582 1219 2616; x_wconf 50' lang='grc' dir='ltr'>λήψεσθε.</span> <span class='ocrx_word' id='word_1_801' title='bbox 1240 2591 1248 2607; x_wconf 80' lang='grc' dir='ltr'><strong>ι</strong></span> <span class='ocrx_word' id='word_1_802' title='bbox 1261 2581 1422 2612; x_wconf 68' lang='grc' dir='ltr'>Ὶίπινεύσας</span> <span class='ocrx_word' id='word_1_803' title='bbox 1435 2580 1488 2614; x_wconf 80' lang='grc' dir='ltr'><strong>γὰρ</strong></span> <span class='ocrx_word' id='word_1_804' title='bbox 1510 2580 1575 2611; x_wconf 75' lang='grc' dir='ltr'><strong>Θεὸς</strong></span> <span class='ocrx_word' id='word_1_805' title='bbox 1599 2577 1682 2614; x_wconf 73' lang='grc' dir='ltr'><strong>αὐτῷ,</strong></span> <span class='ocrx_word' id='word_1_806' title='bbox 1704 2576 1808 2611; x_wconf 73' lang='grc' dir='ltr'><strong>προάγει</strong></span> <span class='ocrx_word' id='word_1_807' title='bbox 1821 2576 1842 2619; x_wconf 67' lang='grc' dir='ltr'><strong>τξ</strong></span> 
     </span>
    </p>
   </div>
   <div class='ocr_carea' id='block_1_84' title="bbox 1099 2620 1858 2665">
    <p class='ocr_par' dir='ltr' id='par_1_84' title="bbox 1099 2620 1858 2665">
     <span class='ocr_line' id='line_1_85' title="bbox 1099 2620 1858 2665; baseline 0 -13"><span class='ocrx_word' id='word_1_808' title='bbox 1099 2627 1219 2662; x_wconf 76' lang='grc' dir='ltr'>Ἰησοῦν·</span> <span class='ocrx_word' id='word_1_809' title='bbox 1251 2627 1301 2662; x_wconf 69' lang='grc' dir='ltr'><strong>ἤδη</strong></span> <span class='ocrx_word' id='word_1_810' title='bbox 1328 2627 1377 2661; x_wconf 77' lang='grc' dir='ltr'>μὲν</span> <span class='ocrx_word' id='word_1_811' title='bbox 1399 2626 1565 2660; x_wconf 59' lang='grc' dir='ltr'>ἡγιασμένον</span> <span class='ocrx_word' id='word_1_812' title='bbox 1593 2626 1625 2651; x_wconf 80' lang='grc' dir='ltr'><strong>ἐκ</strong></span> <span class='ocrx_word' id='word_1_813' title='bbox 1647 2624 1694 2657; x_wconf 80' lang='grc' dir='ltr'><strong>τῆς</strong></span> <span class='ocrx_word' id='word_1_814' title='bbox 1717 2620 1858 2665; x_wconf 54' lang='grc' dir='ltr'><strong>παραμονὲ</strong></span> 
     </span>
    </p>
   </div>
   <div class='ocr_carea' id='block_1_85' title="bbox 1094 2670 1855 2708">
    <p class='ocr_par' dir='ltr' id='par_1_85' title="bbox 1094 2670 1855 2708">
     <span class='ocr_line' id='line_1_86' title="bbox 1094 2670 1855 2708; baseline -0.022 -5"><span class='ocrx_word' id='word_1_815' title='bbox 1094 2673 1228 2705; x_wconf 70' lang='grc' dir='ltr'><strong>Μωσέως,</strong></span> <span class='ocrx_word' id='word_1_816' title='bbox 1245 2673 1275 2699; x_wconf 80' lang='grc' dir='ltr'><strong>τὸ</strong></span> <span class='ocrx_word' id='word_1_817' title='bbox 1292 2673 1405 2708; x_wconf 71' lang='grc' dir='ltr'><strong>ἀρχικὸν</strong></span> <span class='ocrx_word' id='word_1_818' title='bbox 1425 2672 1452 2699; x_wconf 76' lang='grc' dir='ltr'><strong>δὲ</strong></span> <span class='ocrx_word' id='word_1_819' title='bbox 1468 2673 1533 2707; x_wconf 74' lang='grc' dir='ltr'>παρ’</span> <span class='ocrx_word' id='word_1_820' title='bbox 1546 2672 1627 2698; x_wconf 71' lang='grc' dir='ltr'>αὐτοῦ</span> <span class='ocrx_word' id='word_1_821' title='bbox 1644 2670 1778 2705; x_wconf 73' lang='grc' dir='ltr'>μέλλςντος</span> <span class='ocrx_word' id='word_1_822' title='bbox 1789 2670 1855 2689; x_wconf 68' lang='lat' dir='ltr'><strong>mau-</strong></span> 
     </span>
    </p>
   </div>
   <div class='ocr_carea' id='block_1_86' title="bbox 1095 2709 1856 2754">
    <p class='ocr_par' dir='ltr' id='par_1_86' title="bbox 1095 2709 1856 2754">
     <span class='ocr_line' id='line_1_87' title="bbox 1095 2709 1856 2754; baseline -0.004 -9"><span class='ocrx_word' id='word_1_823' title='bbox 1095 2729 1133 2754; x_wconf 76' lang='grc' dir='ltr'>μα</span> <span class='ocrx_word' id='word_1_824' title='bbox 1147 2719 1240 2745; x_wconf 71' lang='grc' dir='ltr'>λαεεῖν</span> <span class='ocrx_word' id='word_1_825' title='bbox 1265 2718 1333 2754; x_wconf 68' lang='grc' dir='ltr'><strong>πρὸς</strong></span> <span class='ocrx_word' id='word_1_826' title='bbox 1350 2719 1379 2745; x_wconf 82' lang='grc' dir='ltr'><strong>τὸ</strong></span> <span class='ocrx_word' id='word_1_827' title='bbox 1401 2719 1509 2749; x_wconf 80' lang='grc' dir='ltr'><strong>οἰκείως</strong></span> <span class='ocrx_word' id='word_1_828' title='bbox 1528 2718 1585 2745; x_wconf 79' lang='grc' dir='ltr'>ἀντ’</span> <span class='ocrx_word' id='word_1_829' title='bbox 1606 2716 1686 2744; x_wconf 70' lang='grc' dir='ltr'>αὑτοῦ</span> <span class='ocrx_word' id='word_1_830' title='bbox 1701 2709 1856 2742; x_wconf 40' lang='lat' dir='ltr'><strong>umori“?</strong></span> 
     </span>
    </p>
   </div>
   <div class='ocr_carea' id='block_1_87' title="bbox 1107 2753 1856 2803">
    <p class='ocr_par' dir='ltr' id='par_1_87' title="bbox 1107 2753 1856 2803">
     <span class='ocr_line' id='line_1_88' title="bbox 1107 2753 1856 2803; baseline -0.008 -11"><span class='ocrx_word' id='word_1_831' title='bbox 1107 2766 1146 2796; x_wconf 86' lang='grc' dir='ltr'><strong>ὡς</strong></span> <span class='ocrx_word' id='word_1_832' title='bbox 1170 2765 1296 2800; x_wconf 81' lang='grc' dir='ltr'><strong>Ἰωάννης</strong></span> <span class='ocrx_word' id='word_1_833' title='bbox 1318 2766 1346 2791; x_wconf 78' lang='grc' dir='ltr'><strong>ὲν</strong></span> <span class='ocrx_word' id='word_1_834' title='bbox 1376 2765 1510 2799; x_wconf 73' lang='grc' dir='ltr'>πνεύματι</span> <span class='ocrx_word' id='word_1_835' title='bbox 1534 2765 1624 2799; x_wconf 78' lang='grc' dir='ltr'>παρῆν</span> <span class='ocrx_word' id='word_1_836' title='bbox 1655 2760 1740 2789; x_wconf 80' lang='grc' dir='ltr'><strong>Ἦλιοῦ</strong></span> <span class='ocrx_word' id='word_1_837' title='bbox 1764 2753 1856 2803; x_wconf 64' lang='grc' dir='ltr'><strong>πράξιιξν</strong></span> 
     </span>
    </p>
   </div>
   <div class='ocr_carea' id='block_1_88' title="bbox 1094 2802 1853 2845">
    <p class='ocr_par' dir='ltr' id='par_1_88' title="bbox 1094 2802 1853 2845">
     <span class='ocr_line' id='line_1_89' title="bbox 1094 2802 1853 2845; baseline -0.004 -11"><span class='ocrx_word' id='word_1_838' title='bbox 1094 2809 1149 2840; x_wconf 63' lang='grc' dir='ltr'>ἴσα,</span> <span class='ocrx_word' id='word_1_839' title='bbox 1174 2810 1219 2835; x_wconf 70' lang='grc' dir='ltr'><strong>καὶ</strong></span> <span class='ocrx_word' id='word_1_840' title='bbox 1245 2804 1411 2845; x_wconf 57' lang='grc' dir='ltr'>προδρᾷμεῑν</span> <span class='ocrx_word' id='word_1_841' title='bbox 1430 2809 1533 2844; x_wconf 81' lang='grc' dir='ltr'>μέλλων</span> <span class='ocrx_word' id='word_1_842' title='bbox 1549 2809 1663 2844; x_wconf 78' lang='grc' dir='ltr'><strong>Κυρίου,</strong></span> <span class='ocrx_word' id='word_1_843' title='bbox 1686 2805 1729 2833; x_wconf 75' lang='grc' dir='ltr'><strong>καὶ</strong></span> <span class='ocrx_word' id='word_1_844' title='bbox 1749 2802 1853 2836; x_wconf 71' lang='grc' dir='ltr'>εὐτρεπι-</span> 
     </span>
    </p>
   </div>
   <div class='ocr_carea' id='block_1_89' title="bbox 1160 2894 1728 2929">
    <p class='ocr_par' dir='ltr' id='par_1_89' title="bbox 1160 2894 1728 2929">
     <span class='ocr_line' id='line_1_90' title="bbox 1160 2894 1728 2929; baseline -0.009 -5"><span class='ocrx_word' id='word_1_845' title='bbox 1160 2896 1181 2912; x_wconf 76' lang='grc'><strong>⁶⁸</strong></span> <span class='ocrx_word' id='word_1_846' title='bbox 1204 2896 1277 2924; x_wconf 86' lang='lat' dir='ltr'><strong>Psal.</strong></span> <span class='ocrx_word' id='word_1_847' title='bbox 1296 2904 1386 2929; x_wconf 74' lang='lat' dir='ltr'><strong>chtv,</strong></span> <span class='ocrx_word' id='word_1_848' title='bbox 1408 2897 1449 2926; x_wconf 80' lang='lat' dir='ltr'><strong>l9.</strong></span> <span class='ocrx_word' id='word_1_849' title='bbox 1491 2898 1511 2913; x_wconf 80' lang='grc'><strong>⁸³</strong></span> <span class='ocrx_word' id='word_1_850' title='bbox 1529 2896 1622 2924; x_wconf 81' lang='lat' dir='ltr'><strong>Matth.</strong></span> <span class='ocrx_word' id='word_1_851' title='bbox 1642 2902 1687 2927; x_wconf 87' lang='lat' dir='ltr'><strong>ru,</strong></span> <span class='ocrx_word' id='word_1_852' title='bbox 1704 2894 1728 2919; x_wconf 84' lang='lat'><strong>7.</strong></span> 
     </span>
    </p>
   </div>
  </div>
