4010 6230
303 432 409 509 8ἾἹ

1396 411 1936 493 COMMENTARII
1971 427 2053 489 1N
2091 412 2481 487 NUMEROS.

3474 412 3579 484 878

305 568 395 608 σαι
428 551 523 606 τὸν
555 549 706 605 λαόψ
757 551 815 602 ὲν
863 532 971 617 γὰρ
1004 544 1082 615 τῷ
1132 543 1283 614 αὐτῷ
1331 542 1606 614 πνεύματι
1634 543 1704 596 τὰ
1751 540 1893 595 αὐτὰ

2028 539 2150 593 bire
2183 547 2383 608 posset.
2419 535 2893 601 Quemadmodum
2935 531 3176 591 Joannes
3223 536 3420 605 spiritu
3452 533 3568 589 Eli:

306 641 747 718 κατεργάζεσθαι
812 640 911 693 δεῖ.
978 638 1052 691 Τὸ
1114 637 1473 709 κηδεμονικὸν
1533 636 1591 688 δὲ
1643 634 1737 688 τοῦ
1794 635 1890 705 ἄρ·-

305 755 491 808 χοντος
546 735 623 799 ὼς
675 734 768 786 ἐπὶ
831 730 1123 805 προϐάτων
1181 730 1351 800 δηλοῖ.
1404 729 1494 783 Διδ
1547 729 1642 782 καὶ,
1684 732 1712 781 ὁ
1759 729 1894 797 Χρι-

311 829 435 891 στδς
510 825 588 897 τῷ
659 825 850 896 Πέτρῳ
921 823 1091 893 φησί·
1182 841 1199 874 ι
1251 822 1423 875 Βόσκε
1464 821 1567 883 κτὰ
1643 819 1895 891 πρόϐατά

313 938 436 991 μου.
480 939 499 971 ι

2001 629 2191 684 aderat
2221 627 2454 697 :rqualia
2503 636 2784 696 gesturus,
2829 642 3207 697 praecursurus
3240 628 3491 687 Domino.
3527 637 3580 680 et

1989 722 2379 776 instructurus
2414 718 2694 788 pepulum.
2732 717 2935 773 Eodem
2978 719 3122 773 enim
3156 719 3355 789 spiritu
3390 718 3579 773 eadem

1999 827 2219 881 quoque
2245 811 2484 880 gerenda
2522 817 2669 863 sunt.
2708 808 2921 863 Iudicat
2955 819 3137 863 autem
3176 826 3283 862 non
3316 809 3580 863 minorem

1998 919 2186 958 curam
2233 901 2496 972 principis
2540 916 2662 956 esse
2705 902 2905 955 debere
2950 916 3115 970 super
3162 902 3381 970 populo,
3417 917 3582 971 quam

1998 993 2238 1064 pastoris
2278 1007 2444 1061 super
2491 992 2708 1045 ovibus.
2762 988 2917 1045 Unde
2966 990 3222 1044 Christus
3258 998 3389 1046 san‘e
3424 991 3584 1047 Petro

1997 1088 2133 1143 dicit
2168 1109 2179 1142 :
2221 1105 2240 1138 ι
2266 1084 2439 1140 Pasce
2462 1100 2594 1140 oves
2623 1100 2772 1138 meas
2802 1079 2870 1136 7°.
2912 1103 2929 1134 ι

386 1234 868 1302 Quemadmodum
934 1241 1065 1287 Vero
1099 1230 1334 1302 apbstoli
1360 1209 1484 1286 cum
1519 1226 1774 1299 spiritum
1812 1224 2113 1286 vivificum.
2149 1236 2217 1275 ex
2262 1220 2626 1290 inspiratione
2659 1217 2862 1272 Christi
2917 1216 3204 1280 haberent,
3257 1233 3369 1271 non
3420 1218 3584 1272 aliam

316 1321 541 1394 regendi
574 1321 831 1391 peritiam
863 1321 1084 1375 caelitus
1117 1320 1346 1375 missam
1374 1323 1731 1385 acceperant,
1768 1327 1959 1367 verum
2012 1312 2172 1366 aliam
2208 1310 2510 1366 efﬁcaciam
2542 1307 2735 1363 eodem
2768 1305 2990 1376 spiritu,
3024 1313 3164 1362 teste
3194 1304 3367 1361 Paulo
3393 1308 3437 1338 τί
3467 1326 3481 1362 :
3513 1307 3587 1361 ita
3630 1364 3639 1367 _

318 1427 466 1465 nunc
496 1424 716 1480 quoque
741 1408 885 1469 idem
914 1407 1146 1477 spiritus
1179 1404 1492 1462 sacerdotis
1517 1401 1823 1459 ministerio
1852 1401 2007 1456 adest
2041 1397 2309 1454 mediator
2338 1397 2481 1467 apud
2528 1395 2698 1451 Deum
2728 1394 3034 1450 sacerdotis
3069 1402 3122 1449 et
3152 1395 3362 1464 populi,
3395 1404 3455 1449 ut
3494 1408 3591 1464 per

317 1497 622 1569 principem
650 1495 834 1550 aditus
873 1495 1097 1566 pateﬁat
1123 1494 1324 1564 populo
1357 1492 1426 1547 ad
1449 1507 1511 1549 ea
1546 1506 1669 1561 qua:
1694 1490 1956 1547 sacerdos
1996 1502 2027 1541 a
2058 1487 2170 1542 Deo
2221 1483 2410 1541 refert.
2449 1482 2801 1556 Significatur
2835 1496 2964 1537 vero
2987 1481 3245 1538 Christus
3290 1484 3384 1554 qui
3427 1485 3591 1537 atnho

319 1586 504 1648 simul,
545 1593 605 1639 et
628 1595 723 1639 rex
753 1593 805 1637 et
830 1583 1092 1638 sacerdos
1118 1582 1299 1637 factus
1330 1588 1436 1636 est.

390 1671 458 1726 Et
475 1671 631 1724 dabis
653 1672 718 1724 de
735 1671 910 1740 gloria
930 1680 1021 1724 tua
1039 1684 1198 1739 super
1216 1686 1361 1724 eum.
1387 1664 1624 1739 [XXVlL
1646 1662 1764 1735 ειη
1787 1659 1905 1716 Νοιι
1924 1660 2070 1715 enim
2093 1658 2315 1715 dantem
2337 1659 2391 1714 id
2413 1658 2559 1728 quod
2574 1659 2739 1713 datur
2765 1657 2989 1713 deserit.
3007 1654 3106 1709 Dat
3134 1671 3266 1711 vero
3289 1671 3391 1711 uec
3414 1657 3557 1728 inSpi

320 1771 408 1815 tat
435 1760 579 1815 sicut
603 1758 881 1823 ChristUS,
914 1759 1188 1828 siquidem
1225 1757 1466 1828 Spiritus
1499 1755 1708 1810 nullum
1742 1752 1905 1805 habet
1935 1746 2161 1802 fontem.
2194 1745 2545 1815 Quapropter
2575 1760 2644 1801 ne
2679 1745 2994 1801 senioribus
3022 1743 3244 1813 quidem
3277 1745 3588 1815 inspiravit.

320 1849 458 1912 quin
490 1857 543 1903 et
580 1848 780 1902 ibidem
816 1862 845 1900 a
871 1847 1022 1901 Mose
1048 1848 1313 1912 ablatum,
1345 1843 1695 1915 septuaginta
1746 1828 1885 1894 viris'
1929 1835 2141 1891 tribuit.
2193 1833 2257 1888 Et
2287 1834 2379 1888 hic
2408 1831 2554 1888 Deus
2582 1834 2676 1903 qui
2706 1833 2857 1887 dedit
2891 1831 3067 1887 dicit:
3106 1852 3124 1883 ι
3156 1830 3422 1901 [inponite
3478 1848 3591 1887 ma-

321 1951 427 1991 nus
458 1944 695 2002 vestras,
727 1945 781 1989 et
813 1949 919 2006 ego
959 1934 1305 1990 benedit-am.
1340 1952 1361 1985 ›

392 2044 594 2110 Ὅπως
647 2042 1094 2099 εὶσακούσωσιν
1142 2040 1329 2097 αὐτοῦ
1382 2036 1437 2097 ol
1466 2042 1582 2096 υἱοὶ
1645 2039 1903 2109 Ἰσραήλ.

2085 2030 2153 2086 Ut
2204 2032 2450 2086 abediant
2505 2032 2553 2085 ei
2609 2030 2711 2100 ﬁlii
2758 2030 2953 2086 Israel.
3001 2028 3142 2103 [20.]
3192 2029 3326 2084 Nam
3360 2033 3448 2100 qui
3486 2046 3592 2084 non

336 2138 394 2189 Ὀ
426 2137 533 2206 γὰρ
576 2135 650 2207 μὴ
698 2135 793 2189 τοῦ
829 2135 990 2205 φύσει
1019 2136 1279 2207 ἄρχοντος
1323 2132 1630 2205 μετασχὼν,
1662 2132 1908 2187 τουτέστι

320 2229 417 2281 τοῦ
463 2228 623 2296 ἁγίου
668 2226 1018 2297 Πνεύματος,
1064 2228 1124 2280 οὐ
1166 2225 1389 2280 δύναται
1420 2225 1632 2298 ἄρχειν.
1680 2224 1910 2293 ιΧωρὶς

322 2320 484 2391 ἐμοῦ,
511 2320 697 2390 φησὶν,
719 2319 781 2371 οὐ
808 2315 1039 2371 δύνασθε
1076 2319 1251 2372 ποιεῖν
1280 2318 1455 2373 οὐδέν.
1489 2338 1507 2369 ι
1543 2312 1652 2371 Καὶ
1683 2319 1712 2370 ὁ
1747 2316 1911 2370 Ἀπόά

324 2410 510 2474 στολος
536 2426 552 2443 ο
598 2428 617 2460 ι
647 2408 723 2462 Δι’
772 2402 833 2461 οὗ
874 2408 1143 2477 ἐλάϐομεν
1171 2408 1334 2479 χάριν
1369 2408 1463 2462 καὶ
1497 2406 1804 2477 ἀποστολὴν
1830 2406 1912 2471 είς

324 2498 575 2568 ὑπακοὴν
610 2494 866 2561 πίστεως.
899 2516 917 2549 ι
954 2497 1046 2551 Διὸ
1077 2484 1232 2565 σοφοὶ
1270 2498 1370 2568 μὲν
1392 2497 1485 2552 καὶ
1507 2498 1725 2551 δυνατοὶ
1752 2496 1908 2567 βασι-

322 2590 436 2651 λεῖς
468 2587 660 2658 ἄρχειν
696 2587 797 2640 οὐκ
837 2578 1183 2659 ἠδυνήθησαν
1225 2586 1442 2657 ἀληθῶς
1463 2604 1477 2618 ·
1511 2588 1560 2640 οί
1605 2586 1663 2641 δὲ
1692 2586 1799 2640 τῶν
1822 2588 1916 2640 ἁν-

326 2680 619 2752 θρωπίνων
671 2676 1031 2752 ἐστερημένοι
1057 2676 1232 2753 ἦρξαν
1261 2683 1353 2735 καὶ
1396 2682 1778 2754 κεκρατήκασι
1819 2682 1916 2735 κό-

329 2788 469 2842 σμου
500 2769 726 2838 παντὸς,
760 2773 808 2824 οἱ
836 2769 1147 2824 ἀπόστολοι.

2015 2127 2273 2197 princeps
2326 2126 2593 2186 nascitur,
2630 2126 2733 2205 hoc
2763 2133 2869 2190 cst,
2923 2127 3131 2196 Spiritu
3172 2134 3363 2179 sancto
3397 2126 3594 2195 praedi-

2017 2227 2106 2273 tus
2130 2225 2235 2284 est,
2269 2218 2541 2286 imperare
2590 2217 2803 2288 nequit.
2844 2236 2863 2269 ι
2892 2216 3021 2272 Sine
3069 2234 3153 2271 me
3182 2218 3350 2281 enim,
3395 2219 3594 2288 inquit,

2017 2311 2091 2365 nil
2136 2311 2368 2381 potestis
2417 2311 2599 2365 facere
2642 2298 2708 2365 θ’.
2778 2328 2796 2362 ι
2851 2310 3017 2383 426
3068 2312 3197 2366 ltcm
3242 2311 3535 2382 Apostolus
3580 2331 3595 2367 :

2022 2394 2180 2489 «'Per
2242 2418 2401 2473 quem
2466 2405 2786 2473 accepimus
2845 2405 3103 2475 gratiam,
3151 2415 3205 2458 et
3264 2404 3597 2459 fuitetimicm

2014 2486 2368 2562 apostoliCam
2404 2486 2471 2546 ad
2499 2492 2867 2547 obedientiam
2902 2490 3026 2546 fidei
3053 2493 3117 2550 ⁷³.
3143 2512 3164 2544 ι
3198 2493 3336 2547 Hinc
3370 2494 3423 2547 fit
3453 2493 3597 2563 quod

2015 2585 2410 2655 sapientissimi
2463 2585 2667 2655 quique
2714 2599 2779 2639 ac
2828 2585 3201 2654 potentissimi
3245 2586 3407 2639 etiam
3458 2603 3600 2642 vera:

2013 2668 2400 2749 gubernationi
2436 2677 2675 2748 impares
2711 2676 2951 2742 fuerint,
2987 2694 3109 2732 cum
3144 2694 3173 2734 e
3204 2689 3396 2733 contra
3426 2681 3603 2734 omni-

2015 2771 2120 2825 bus
2147 2768 2406 2824 humanis
2451 2769 2619 2825 rebus
2661 2769 2905 2825 destituti
2940 2772 3174 2840 apostoli
3219 2786 3407 2842 regere
3438 2786 3605 2827 nove-

2026 2863 2160 2929 rint,
2186 2871 2473 2934 totumque
2501 2863 2768 2918 mundum
2807 2864 3145 2934 subegerint.

404 2973 472 3029 Et
504 2972 779 3027 consulem
804 2988 922 3027 eum
957 2987 1111 3042 super
1131 2973 1341 3043 Judicio
1362 2973 1625 3028 visionum
1656 2968 1840 3028 co'ram
1870 2974 2124 3033 Domino.
2160 2976 2301 3051 [21.]
2333 2976 2498 3032 Jubet
2529 2993 2557 3030 a
2608 2977 2813 3047 populo
2864 2976 3084 3046 quidem
3138 2977 3356 3031 consuli
3390 2978 3599 3048 princi‘

331 3077 476 3131 pem,
508 3061 578 3116 ab
606 3060 712 3116 hoc
743 3075 872 3115 vero
902 3060 1264 3126 sacerdotem,
1299 3060 1368 3115 ab
1411 3075 1478 3115 eo
1532 3061 1772 3132 denique
1802 3062 1992 3118 Deum.
2024 3064 2154 3120 Item
2194 3075 2254 3119 ut
2303 3064 2538 3135 populus
2589 3063 2814 3117 dictatis
2868 3064 3137 3133 principis
3189 3072 3398 3133 pareat.
3440 3084 3458 3117 ι
3496 3065 3609 3122 Sno

331 3151 481 3204 enim
513 3156 780 3218 tempore,
808 3148 1009 3216 inquit,
1041 3146 1256 3203 dicetur
1286 3148 1476 3205 lsraeli
1505 3151 1653 3220 quod
1680 3149 1931 3207 facturus
1963 3159 2048 3207 est
2080 3151 2401 3207 Dominus.»
2442 3153 2509 3206 Et
2549 3152 2662 3205 haec
2696 3150 2922 3220 quidem
2963 3162 3337 3220 separatarum
3371 3154 3610 3208 functio—

334 3252 465 3292 num
497 3236 772 3307 copulatio
800 3246 905 3291 est.
933 3235 1188 3292 Christus
1224 3252 1355 3293 vero
1385 3253 1510 3293 cum
1538 3238 1701 3295 ambo
1754 3240 1918 3295 simul
1951 3238 2048 3306 sit,
2085 3254 2115 3293 a
2164 3239 2349 3309 seipse
2397 3239 2766 3309 quodcunque
2808 3237 2941 3302 edit,
2994 3237 3243 3308 nihilque
3298 3238 3608 3295 forinsecus

334 3326 587 3382 assumit.

407 3438 544 3508 Περὶ
576 3436 686 3490 τῶν
730 3437 936 3491 θυσιῶν
981 3432 1092 3493 τῶν
1121 3438 1243 3493 καθ’
1293 3442 1529 3514 ἡμέραν,
1565 3445 1661 3497 καὶ
1706 3443 1923 3499 Σάϐϐα-

334 3547 450 3592 τον,
481 3532 575 3583 καὶ
602 3530 922 3601 Νουμηνίαν
950 3532 1288 3587 ὲπανέλαϐεν
1321 3533 1501 3601 αὖθις,
1535 3538 1630 3590 καὶ
1664 3537 1926 3602 πολλάκις

334 3619 498 3674 τοῦτο
550 3623 714 3687 ποιεῖ,
766 3622 828 3675 τὸ
872 3625 971 3694 τῆς
1013 3624 1340 3693 νομοθεσίας
1384 3627 1672 3679 σπουδαῖον
1711 3626 1926 3690 δεικνὺς

340 3716 436 3768 καὶ
461 3714 556 3767 νῦν
588 3712 781 3784 ὥσπερ
813 3714 913 3785 τὴν
964 3713 1217 3787 διαδοχὴν
1246 3717 1347 3786 τῆς
1384 3717 1640 3789 λατρείας
1688 3718 1926 3789 ἐγχειρί-

337 3800 451 3863 ζων
483 3800 560 3871 τῷ
588 3803 1009 3874 νεοκαταστάτῳ
1039 3805 1285 3875 ἄρχοντι.

409 3891 484 3945 Τὸ
511 3891 608 3962 τῆς
642 3892 902 3961 λατρείας
928 3893 1202 3965 ἐνδελεχὲς
1231 3898 1331 3951 οὐκ
1360 3899 1426 3969 ὲᾷ
1468 3898 1565 3969 τὴν
1614 3899 1923 3953 θεοσέϐειαν

338 3982 714 4053 ἁποψυγῆναι.
742 3985 836 4038 Διὸ
875 3987 968 4039 καὶ
998 3986 1210 4052 Παῦλός
1241 4006 1411 4060 φησι·
1460 4010 1486 4043 »ι
1520 3990 1610 4061 Τῷ
1653 3992 1923 4063 πνεύματι

337 4075 576 4154 ζέοντες,
598 4074 677 4146 τῷ
700 4076 890 4148 Κυρίῳ
922 4078 1282 4144 δουλεύοντες.
1309 4102 1327 4133 ι

412 4261 491 4330 Τῇ
520 4262 985 4333 πεντεκαιδεκάτῃ
1018 4263 1222 4335 ἡμέρᾳ,
1256 4268 1536 4320 τουτέστιν
1586 4271 1644 4324 ὲν
1675 4273 1740 4341 τῇ
1780 4273 1923 4342 Σκη-

341 4353 600 4425 νοπηγίᾳ.
629 4356 706 4426 Τῇ
738 4354 838 4423 μὲν
867 4357 976 4426 γὰρ
1003 4359 1193 4428 πρώτῃ
1240 4360 1447 4431 ἡμέρᾳ,
1479 4361 1764 4433 δεκατρεῖς
1789 4367 1922 4419 τάτ-

340 4464 424 4499 τει
477 4448 711 4517 μόσχους
760 4451 839 4512 είς
892 4448 1123 4502 θυσίανο
1161 4455 1224 4523 τῇ
1283 4452 1338 4504 δὲ
1381 4453 1645 4526 δευτέρᾳ,
1692 4456 1922 4510 δώδεκα.

344 4547 456 4599 Καὶ
502 4544 676 4609 οὕτως
724 4547 1033 4617 ὑφειμένως
1097 4548 1297 4617 μόσχον
1345 4550 1443 4604 ἕνα
1493 4553 1623 4623 περὶ
1690 4552 1792 4621 τῆς
1828 4554 1924 4621 ὀγ-

342 4637 595 4708 δόης(84)
621 4655 632 4665 ·
653 4639 720 4711 ἢν
746 4638 1029 4709 ἐπίσχεσιν
1051 4640 1335 4710 ὀνομάζει,
1358 4642 1433 4713 μὴ
1448 4642 1679 4713 ἔχουσαν
1702 4644 1923 4710 ἐξόδιον,

344 4730 482 4783 ἀλλὰ
503 4730 859 4803 [ἀνάπαυσιν]
896 4732 1157 4802 παντελῆ,
1193 4737 1419 4802 σημεῖον
1458 4737 1555 4805 τῆς
1589 4735 1799 4798 τελείας
1831 4739 1927 4789 καὶ

349 4821 580 4894 μονίμου
618 4822 917 4894 μελλούσης
952 4824 1215 4894 ἱδρύσεως
1243 4826 1391 4896 παρὰ
1421 4826 1559 4896 Θεῷ.

2097 3446 2366 3502 Caeterum
2420 3442 2566 3517 quod
2613 3447 2784 3516 legem
2834 3443 2900 3498 de
2947 3443 3185 3499 victimis
3249 3446 3611 3515 quotidianis,

2029 3535 2097 3592 de
2131 3537 2408 3599 Sabbatis,
2449 3546 2502 3591 et
2528 3534 2840 3591 Noviluniis
2874 3527 2963 3589 hic
2988 3536 3184 3605 repetit
3206 3547 3252 3590 et
3278 3536 3417 3592 alias
3448 3554 3610 3608 saepe,

2029 3629 2227 3697 partim
2275 3628 2517 3683 studium
2570 3628 2897 3683 tuendarum
2949 3628 3126 3698 legum
3182 3629 3380 3691 innuit,
3415 3631 3611 3698 partim

2028 3720 2178 3773 vices
2209 3723 2391 3774 cultus
2430 3719 2601 3773 divini
2649 3721 2702 3772 in
2746 3733 2941 3773 manus
2977 3718 3141 3771 veluti
3186 3718 3353 3771 tradit
3382 3719 3613 3790 principi

1952 3839 1995 3897 ο
2029 3829 2204 3885 nuper
2238 3815 2563 3869 constituto.

2099 3906 2368 3961 Caeterum
2421 3906 2707 3976 religionis
2770 3906 3096 3961 exercitium
3158 3908 3344 3977 pietati
3402 3908 3612 3961 nullum

2028 3999 2272 4069 spatium
2327 3998 2599 4068 refrigerii
2640 3999 2918 4068 relinquit.
2956 3999 3112 4054 Unde
3162 4001 3364 4055 Paulus
3396 4016 3614 4071 quoque

2031 4089 2209 4159 inquit
2262 4108 2275 4143 :
2331 4109 2350 4143 ι
2397 4088 2604 4159 Spiritu
2670 4089 2915 4146 viventes
2976 4106 3039 4146 ac
3091 4090 3324 4146 Domino
3366 4095 3615 4149 servien-

2030 4186 2113 4233 tes
2140 4178 2203 4230 ⁷⁵.
2243 4197 2261 4229 ι

2102 4269 2275 4326 Porro
2299 4287 2361 4326 ea
2403 4287 2523 4341 qua:
2557 4272 2721 4326 modo
2750 4272 2895 4326 dicta
2925 4281 3055 4327 sunt
3108 4273 3326 4343 proprie
3366 4272 3433 4328 ad
3463 4275 3615 4329 deci-

2000 4386 2001 4389 η
2028 4365 2101 4418 mi
2132 4364 2309 4434 quinti
2334 4364 2441 4418 diei
2472 4364 2677 4419 mensis
2711 4365 2928 4433 septimi
2955 4364 3178 4429 festum,
3210 4364 3618 4420 Taberuaculo-
3709 4390 3712 4394 ’

2029 4472 2148 4511 rum
2181 4456 2458 4517 videlicet,
2488 4455 2819 4510 referuntur.
2852 4455 3032 4509 Prima
3066 4457 3265 4511 etenim
3299 4459 3387 4510 die
3442 4456 3619 4511 trede-

2033 4550 2136 4602 cim
2168 4548 2437 4617 juvencos
2466 4549 2738 4603 immolari
2777 4549 2974 4613 sancit,
3027 4548 3268 4604 secunda
3300 4564 3433 4603 vero
3477 4549 3616 4607 duo-

2034 4638 2236 4695 decim.
2272 4641 2424 4695 Adeo
2458 4654 2512 4693 ttt
2542 4657 2709 4694 unum
2737 4640 3028 4693 subtrahat
3059 4628 3124 4694 ad
3160 4649 3409 4694 octavam
3447 4658 3620 4711 usque

2033 4732 2217 4799 diem,
2282 4748 2446 4802 quam
2512 4731 2894 4787 inhibitionem
2965 4742 3166 4796 vocat,
3220 4748 3341 4802 quae
3401 4750 3617 4789 omnem

2034 4822 2241 4875 exitum
2290 4818 2715 4883 intercludebat,
2748 4821 2934 4890 jugem
2985 4822 3226 4892 requiem
3284 4823 3618 4889 continebat,

2041 4928 2448 4982 perenuemque
2503 4912 2742 4967 futuram
2780 4913 2963 4967 sedem
3009 4914 3150 4984 apud
3205 4913 3368 4969 Deum
3408 4915 3619 4985 signifi-

2040 5004 2223 5055 cubat.

420 5111 654 5184 Insuper
681 5129 807 5168 vero
834 5123 1027 5169 octava
1079 5115 1166 5168 die
1202 5129 1370 5168 unum
1403 5112 1699 5184 juvencum
1735 5112 2045 5179 constituit,
2097 5129 2221 5167 cum
2257 5122 2438 5168 tamen
2472 5115 2596 5169 aliis
2634 5114 3071 5180 diebusjnvcuci
3106 5114 3457 5183 complures,
3514 5112 3623 5167 duo

353 5202 482 5257 item
531 5202 669 5257 hirci
720 5203 1071 5267 offerrentur,
1126 5218 1339 5257 necnon
1392 5211 1602 5272 septem
1667 5217 1840 5273 agnos
1883 5219 1982 5273 pro
2033 5202 2422 5272 septemdecim
2479 5202 2714 5256 aliorqu
2759 5202 2972 5256 dierum
3020 5202 3199 5254 atferri
3235 5203 3505 5271 prmeipit.
3546 5204 3623 5255 Ac

355 5303 499 5343 unus
531 5289 750 5358 quidem
774 5289 1049 5355 iuvencus
1085 5289 1174 5343 ille
1208 5290 1503 5344 multorum
1542 5289 1662 5344 loco
1713 5290 2052 5354 immolatus,
2090 5291 2347 5359 ariesque
2406 5306 2549 5345 unus
2585 5306 2684 5359 pro
2713 5288 2928 5344 duobus
2975 5289 3279 5342 nuitionem
3331 5290 3623 5356 utriusque

355 5376 538 5445 populi
570 5379 833 5431 extremis
864 5376 1204 5445 temporibus
1249 5374 1487 5430 futuram
1520 5377 1660 5430 citra
1703 5376 2138 5432 controversiam
2195 5379 2502 5447 portendet,
2554 5379 2699 5433 sicut
2736 5376 3001 5431 Dominus
3045 5390 3269 5446 quoque
3310 5377 3501 5439 sentit,
3542 5378 3625 5431 in-

356 5463 555 5532 quiens
589 5482 601 5517 :
646 5482 665 5514 ι
695 5462 762 5517 Ut
794 5478 984 5520 omnes
1010 5479 1176 5517 unum
1217 5464 1346 5528 sint,
1382 5464 1845 5534 quemadmodum
1890 5481 1993 5534 ego
2030 5474 2085 5520 et
2117 5472 2198 5530 tu,
2250 5464 2436 5531 Pater,
2475 5480 2641 5519 unum
2677 5478 2872 5519 sumus
2896 5462 2957 5516 ⁷⁵.
2998 5482 3018 5515 ι
3078 5461 3297 5530 Septem
3333 5478 3463 5518 vero
3495 5464 3623 5535 agni

425 5618 471 5650 "'
501 5615 660 5673 Joan.
700 5634 812 5685 χιιι,
847 5619 935 5673 l7.
1010 5618 1053 5649 τι
1095 5615 1113 5670 1
1148 5615 1276 5672 Cor.
1311 5630 1410 5681 vn,
1444 5616 1493 5669 7.
1572 5617 1618 5648 "
1651 5615 1809 5672 Joau.
1845 5633 1912 5671 xv

2032 5658 2045 5671 .
2123 5619 2170 5649 ⁷³
2201 5614 2243 5671 ll
2319 5616 2480 5674 Rom.
2512 5631 2551 5685 ι,
2584 5614 2641 5673 5.

2746 5617 2789 5650 τι
2832 5615 2991 5674 Rom.
3025 5631 3124 5684 xu,
3178 5616 3264 5674 ll.

361 5701 497 5753 xvu,
531 5688 622 5741 9|.

3384 5622 3432 5655 "
3461 5620 3624 5679 Joau.

1868 5781 2100 5840 NOTEE.

427 5880 540 5947 (ειι
562 5878 735 5949 Μέχρι
765 5880 857 5949 τῆς
889 5877 1098 5947 ὀγδόης.
1141 5876 1199 5929 Ὀ
1234 5877 1327 5946 τῆς
1351 5876 1490 5944 ιΑὖγ.
1525 5873 1654 5928 κὼδ.
