4010 6230
505 393 610 457 879
1802 394 2157 458 PROCOPII
2188 384 2432 456 GAZIEI
3639 401 3730 464 880

509 523 606 578 pro
639 503 1058 578 quatuordecim
1095 505 1478 562 dimissionem
1515 505 1706 578 utique
1733 509 2048 580 significare
2082 508 2318 578 possint,
2351 522 2468 576 quae
2502 505 2734 577 septimo
2775 521 2918 560 anno
2943 511 3098 575 juxta
3132 507 3302 579 legem
3329 509 3506 576 fiebat,
3536 517 3732 585 quando

509 594 757 648 \dellCél
785 593 1043 663 gentibus
1065 609 1187 661 qum
1227 593 1369 648 divis
1396 594 1708 649 servierunt
1739 607 1963 665 peccata
2014 595 2385 657 dimittentur,
2433 602 2487 647 et
2537 608 2600 645 ex
2636 593 2902 648 servitute
2947 595 3000 646 in
3038 594 3346 648 libertatem
3375 607 3593 652 asserta:
3639 599 3737 654 Deo

509 691 635 736 tota:
669 679 1032 735 adducentur.
1075 679 1324 750 Septimo
1357 682 1503 736 enim
1539 697 1689 736 anno
1729 684 1866 753 legis
1891 683 2019 752 jure
2053 683 2105 736 in
2145 681 2448 735 libertatem
2505 679 2940 735 transferebatur
2975 695 3190 735 servus.
3221 680 3486 736 Caeterum
3521 699 3550 738 a
3601 687 3737 743 nobis

505 769 733 840 requirit
758 777 815 822 ut
845 768 1040 824 diebus
1075 768 1232 824 fcstis
1261 770 1314 822 in
1350 770 1546 839 primis
1588 785 1787 826 suaves
1833 773 2118 825 mittamus
2149 769 2372 834 odores,
2430 777 2685 838 totosque
2733 769 2844 822 Dco
2892 767 3277 824 devoveamus.
3316 769 3522 842 Duplex
3574 783 3737 830 autem

500 859 644 926 jngis
677 857 840 922 hujus
876 857 1112 910 vietitme
1157 858 1480 912 exercitium
1536 867 1642 924 ρει,
1699 859 2028 912 matutinum
2081 863 2136 912 ct
2183 853 2580 924 vespertinum,
2627 854 2772 924 quod
2811 854 2971 909 nobis
3005 856 3272 911 indicium
3325 857 3455 913 facit
3485 858 3553 914 ab
3601 861 3739 915 initio

507 948 625 1000 vitae
655 943 718 996 ad
757 943 916 997 tinem
949 944 1070 1013 ejus
1103 960 1277 1014 usque
1311 944 1512 998 odores
1547 946 1672 999 illos
1705 960 1829 1000 esse
1860 943 2203 1006 retinendos,
2235 941 2302 994 ad
2333 942 2693 996 imitationem
2725 942 2848 1012 agni
2878 943 2970 1013 qui
2996 958 3053 998 se
3081 943 3190 1000 Deo
3218 954 3272 998 et
3304 946 3446 1002 Patri
3475 962 3571 1018 pro
3597 949 3738 1004 nobis
3802 955 3808 962 '

503 1033 722 1096 obtulit,
759 1049 858 1086 nec
889 1039 996 1085 tam
1033 1048 1146 1086 sum
1198 1047 1360 1100 quam
1415 1042 1618 1086 nostra
1661 1035 1785 1084 vitae
1820 1032 2150 1112 Stravitatetn
2218 1031 2569 1102 futuramque
2616 1033 2857 1086 laetitiam
2893 1034 3099 1088 attulit.
3155 1033 3268 1088 Hoc
3315 1037 3460 1090 enim
3517 1038 3739 1107 similago

503 1135 626 1171 cum
663 1120 791 1172 vino
821 1131 872 1171 et
905 1117 1026 1172 oleo
1057 1119 1286 1172 subacta
1316 1119 1518 1172 innuit.
1563 1117 1745 1177 Porro
1768 1133 1862 1188 per
1895 1120 2172 1173 victimam
2212 1119 2538 1174 matutinam
2575 1119 2992 1189 significabatur
3025 1136 3248 1191 quoque
3290 1123 3401 1176 vita
3430 1139 3548 1194 qua:
3581 1124 3632 1178 in
3655 1141 3736 1196 pa-

504 1206 686 1261 radiso
709 1214 836 1259 ante
862 1207 1360 1274 transgressionem
1393 1205 1515 1270 fuit,
1550 1222 1644 1276 per
1677 1206 2053 1275 vespertinam
2079 1221 2210 1291 vero
2237 1206 2514 1263 re5titutio
2549 1208 2724 1265 nostri
2755 1221 2850 1276 per
2877 1204 3228 1264 Scrvatérem
3261 1213 3521 1266 extremis
3553 1223 3738 1282 tempo-

504 1297 658 1349 ribus
693 1293 851 1348 nohis
893 1292 1165 1348 redditum
1199 1294 1364 1346 facta.
1400 1290 1457 1346 lu
1489 1292 1713 1347 Christo
1744 1306 1874 1346 vero
1907 1291 2072 1346 ferias
2105 1290 2328 1363 agentes
2364 1294 2646 1363 multiplex
2679 1295 2869 1350 odoris
2899 1296 3204 1362 spiritualis
3247 1298 3532 1354 incensum
3562 1299 3736 1356 offere-

505 1398 629 1437 mus
660 1381 797 1436 Deo.
849 1379 970 1436 Jam
1009 1395 1141 1435 vero
1175 1380 1302 1435 llOVi
1357 1381 1562 1436 mensis
1589 1380 1879 1435 exordium
1913 1396 2109 1434 novam
2144 1382 2336 1445 titmn,
2389 1381 2498 1434 imo
2521 1382 2876 1436 novissimam
2922 1397 3041 1438 eam
3091 1399 3214 1454 qua:
3256 1383 3310 1438 in
3365 1387 3742 1442 resurrectione

504 1481 848 1523 mortuorum
882 1476 966 1522 est
999 1467 1203 1532 futura,
1241 1468 1489 1522 denotat.
1521 1467 1582 1521 ln
1612 1483 1722 1538 qua
1751 1469 1893 1527 mori
1923 1467 2195 1538 oportebit
2231 1467 2364 1530 Deo,
2397 1483 2499 1522 nec
2529 1469 2766 1538 amplius
2795 1469 2848 1523 in
2879 1470 3121 1538 peccatis
3153 1470 3362 1538 vivere,
3387 1487 3568 1528 verum
3597 1471 3738 1528 vitam

507 1572 672 1626 agere
707 1570 1000 1626 supernam
1036 1571 1052 1623 ;
1084 1556 1185 1608 hoc
1211 1557 1356 1609 enim
1378 1541 1740 1625 juvencorum
1775 1563 2013 1622 statura,
2045 1569 2154 1623 qua
2185 1554 2418 1608 inferior
2451 1555 2664 1618 hircus,
2712 1572 2820 1626 qua
2871 1557 3108 1626 denique
3139 1557 3324 1614 minor
3353 1572 3611 1630 agnorum
3649 1567 3742 1626 est,

507 1646 687 1699 innuit
726 1661 740 1710 ;
774 1644 956 1712 quivis
987 1643 1133 1696 enim
1167 1643 1386 1712 praemia
1406 1643 1564 1712 juxta
1595 1657 1912 1698 mensuram
1944 1657 2100 1697 suam
2133 1651 2463 1712 accepturus
2494 1655 2596 1700 est.
2625 1642 2802 1699 Porro
2831 1643 2941 1700 duo
2973 1645 3158 1716 populi
3187 1661 3287 1716 per
3310 1647 3578 1717 iuvencos
3623 1648 3742 1702 duos

503 1735 853 1784 (icltoltllllUf‘.
885 1728 1090 1785 Horum
1114 1744 1246 1784 vero
1278 1730 1454 1784 unitio
1492 1744 1589 1800 per
1617 1730 1842 1784 unicum
1880 1729 2108 1784 arietem
2151 1729 2538 1786 intermedium
2585 1733 2666 1788 fit.
2704 1731 3032 1788 Sanctorum
3065 1749 3193 1789 vero
3223 1744 3600 1791 consummata
3639 1750 3744 1806 per-

503 1819 689 1880 fectio,
721 1833 816 1886 per
845 1825 1054 1886 septem
1095 1832 1364 1887 agnorum
1397 1817 1808 1888 simplicitatem
1839 1817 2204 1886 significatur.
2255 1819 2500 1886 Quorum
2532 1835 2664 1876 sane
2703 1821 3044 1892 singulorum
3091 1821 3255 1878 donis
3295 1823 3566 1878 suavitate
3595 1831 3645 1878 et
3667 1823 3743 1890 ju-

503 1905 784 1960 cuinlitate
815 1904 1109 1973 respondet
1133 1905 1254 1974 ejus
1298 1903 1406 1958 vita
1437 1921 1452 1971 ;
1486 1904 1589 1958 hoc
1632 1905 1778 1958 enim
1811 1903 1992 1958 denuo
2047 1903 2303 1978 similago
2328 1907 2456 1962 vino
2501 1908 2730 1963 subacta
2763 1917 2817 1963 et
2849 1909 2972 1964 oleo
3005 1909 3109 1964 sibi
3144 1909 3285 1964 vult.
3331 1907 3531 1966 Hircus
3581 1918 3740 1964 autem

504 1994 800 2048 salutarem
838 1991 1043 2045 Clu-isti
1075 1991 1390 2060 passionem
1430 1991 1742 2054 adumbrat,
1773 1990 1934 2061 cujus
1964 2005 2098 2044 sane
2142 1991 2316 2061 gratia
2362 1994 2543 2050 cuiuis
2585 1994 2808 2049 victima
2857 1994 3005 2050 Patri
3041 2003 3269 2066 accepta
3305 1995 3434 2052 fuit.
3481 2015 3500 2049 ι
3525 1995 3646 2052 Sine
3672 2009 3742 2048 me

499 2083 672 2146 eftitn,
715 2079 914 2148 inquit,
973 2095 1080 2132 non
1114 2081 1346 2148 potestis
1392 2079 1607 2136 efficere
1648 2080 1949 2151 quidquam
1975 2080 2044 2132 ⁷⁸.
2098 2096 2116 2130 ι
2151 2077 2334 2146 Quare
2385 2087 2499 2138 haec
2532 2084 2753 2139 victima
2781 2083 2906 2140 aliis
2939 2084 3234 2155 copulatur
3265 2101 3506 2157 semper.
3565 2084 3743 2141 Deinde

504 2185 632 2221 vero
661 2169 778 2221 dies
813 2166 1058 2235 septimi'
1091 2167 1296 2221 mensis
1330 2166 1576 2221 ultimam
1627 2165 1903 2236 significat
1940 2163 2148 2232 tubam,
2211 2169 2280 2225 ad
2311 2171 2468 2244 cujus
2524 2173 2841 2244 clangorem
2893 2173 3098 2228 mortui
3130 2183 3445 2244 resurgent.
3491 2173 3740 2244 Jejunium

503 2271 630 2310 vero
659 2255 884 2308 derinne.
915 2253 1019 2306 diri
1070 2251 1232 2324 427
1267 2253 1430 2322 hujus
1482 2255 1686 2309 mensis
1709 2254 2062 2310 aﬂ'cctionum
2093 2256 2496 2328 jugulationem
2541 2245 2782 2314 denotat.
2820 2259 3088 2330 Deinceps
3139 2259 3252 2330 jam
3285 2262 3538 2316 victimas
3569 2259 3741 2316 decimi

501 2345 677 2414 quinti
721 2342 854 2410 diei,
891 2341 982 2412 qui
1014 2343 1282 2412 septimus
1314 2341 1432 2396 festi
1486 2351 1626 2407 erat,
1669 2351 1980 2398 enumerat.
2029 2344 2105 2398 Ac
2149 2343 2474 2401 differentiis
2521 2345 2744 2418 quidem
2803 2346 3154 2402 victimarum
3205 2347 3347 2420 legis
3404 2349 3744 2403 modulatione

505 2432 792 2493 institutis,
839 2447 945 2484 non
981 2431 1164 2500 inepte
1191 2429 1408 2484 diversa
1445 2427 1614 2494 dona,
1663 2444 1900 2493 summa,
1935 2431 2134 2497 media,
2170 2433 2385 2499 ultima,
2423 2449 2524 2504 pro
2563 2434 2883 2489 animalium
2940 2434 3270 2490 excellentia
3329 2443 3427 2490 aut
3480 2435 3739 2510 tenuitate,

502 2526 829 2592 figurantur.
865 2519 1062 2574 Verum
1103 2519 1384 2572 enimvero
1415 2519 1613 2589 duplex
1644 2533 1834 2574 eorum
1868 2520 1959 2588 qni
1995 2519 2133 2588 legis
2162 2520 2392 2576 ductum
2428 2523 2604 2578 secuti
2655 2531 2806 2589 sunt,
2850 2530 3064 2592 tempus
3096 2530 3182 2578 est
3215 2541 3228 2578 :
3267 2538 3506 2594 quorum
3537 2525 3740 2578 alterum

501 2612 724 2681 quidem
762 2609 827 2662 ad
865 2597 1134 2663 Joannem
1160 2606 1461 2678 Baptistam
1496 2623 1672 2678 usque
1708 2607 2033 2662 extenditur
2073 2625 2086 2661 :
2129 2608 2360 2662 alterum
2395 2622 2532 2663 vero
2587 2609 2840 2673 ulterius,
2889 2623 3000 2678 quo
3032 2617 3278 2679 tempore
3326 2611 3520 2665 iterum
3556 2610 3742 2679 aliquos

503 2699 772 2754 claruisse
806 2699 990 2753 simile
1022 2705 1108 2752 est
1136 2711 1287 2759 vero,
1317 2698 1469 2752 velut
1519 2695 1840 2750 Zachariam
1885 2703 1939 2750 et
1975 2694 2274 2750 Elisabcth.
2318 2695 2483 2766 Atqui
2527 2711 2792 2750 numerus
2823 2696 3118 2750 vitulorum
3155 2697 3394 2753 subinde
3428 2697 3740 2759 diminuitur,

505 2787 764 2840 nimirum
797 2785 944 2856 quod
968 2785 1125 2839 electi
1157 2785 1392 2840 subinde
1421 2783 1703 2850 deficiant,
1745 2783 1894 2838 omni
1945 2790 2191 2854 tempore
2222 2783 2450 2851 penuria
2487 2783 2736 2853 ipsorum
2789 2781 2855 2836 ad
2893 2784 3190 2852 septimum
3224 2799 3400 2854 usque
3447 2783 3584 2839 diem
3610 2782 3741 2838 labor

501 2882 680 2938 rante,
715 2874 818 2926 hoc
867 2880 972 2934 est.
1009 2873 1076 2926 ad
1125 2871 1420 2926 adventui“
1456 2870 1766 2926 Servatoris
1799 2871 1996 2934 nostri,
2042 2884 2152 2938 quo
2207 2879 2454 2940 tempore
2485 2875 2740 2924 cessante
2791 2877 3018 2938 peccato
3069 2877 3124 2924 et
3164 2872 3428 2940 praesenti
3456 2870 3644 2928 saeculo
3685 2869 3741 2924 ad

505 2963 664 3016 finem
692 2961 804 3031 jam
835 2960 1144 3014 inclinante
1172 2975 1342 3016 verus
1387 2959 1764 3014 sabbatismus
1794 2959 1920 3014 erit.
1959 2957 2109 3013 Unde
2155 2967 2414 3014 octavum
2445 2959 2784 3028 egressionis
2813 2959 2958 3016 diem
2995 2961 3363 3031 nuncupavit,
3415 2959 3626 3032 quando
3663 2972 3741 3028 per

505 3047 968 3104 resurrectionem
999 3045 1182 3101 cultus
1213 3047 1347 3116 legis
1378 3046 1618 3112 transiit,
1657 3061 1752 3116 per
1779 3061 1944 3114 quam
1973 3059 2148 3101 novus
2181 3046 2614 3102 adumbrabatur
2645 3047 2884 3118 populus
2913 3047 3006 3117 qui
3055 3047 3406 3117 fortitudine,
3441 3048 3737 3122 integritate,

501 3144 556 3190 et
589 3134 908 3191 sinceritate
941 3135 1191 3204 polleret.
1229 3134 1330 3188 Per
1356 3135 1654 3204 juvencum
1687 3134 1947 3202 denique,
1978 3140 2032 3188 et
2063 3134 2311 3199 arietem,
2363 3143 2416 3190 et
2461 3148 2632 3203 agnos
2668 3135 2758 3203 qui
2789 3148 3022 3189 numero
3050 3132 3482 3205 perfectissimo,
3517 3145 3742 3205 septena-

503 3227 586 3278 rio
621 3223 833 3280 scilicet
870 3230 1152 3287 constant,
1184 3231 1238 3278 et
1273 3223 1508 3286 hircum,
1537 3221 1744 3276 Christi
1779 3222 2002 3276 victima
2038 3221 2403 3290 significatur.

575 3310 701 3367 Non
733 3313 950 3365 irritum
1001 3311 1159 3380 faciet
1209 3311 1422 3365 verbum
1471 3325 1647 3364 suum.
1709 3307 1899 3381 [XXX,
1951 3307 2031 3379 5.]
2061 3311 2117 3362 Si
2150 3309 2295 3362 enim
2329 3307 2541 3362 homini
2595 3307 2816 3362 mentiri
2858 3321 3023 3378 grave
3051 3316 3158 3374 est,
3192 3319 3404 3376 quanto
3434 3309 3600 3380 magis
3621 3307 3736 3366 Deo.

502 3401 662 3470 cujus
691 3399 1035 3470 majestatem
1067 3414 1192 3453 cum
1249 3399 1612 3464 declarasset,
1655 3397 1850 3467 inquit,
1911 3397 2172 3467 quoniam
2215 3397 2360 3451 Deus
2389 3397 2445 3450 in
2483 3397 2625 3451 coelo
2659 3411 2826 3467 supra
2877 3405 2986 3463 est,
3025 3404 3082 3452 et
3113 3405 3167 3450 tu
3198 3411 3370 3468 super
3401 3408 3573 3464 terra,
3600 3394 3738 3464 infra,

501 3476 769 3544 Caeterum
803 3489 906 3544 hoc
935 3487 1005 3542 ad
1037 3487 1404 3542 imitationem
1437 3486 1644 3542 dictum
1675 3493 1759 3541 est
1789 3485 1881 3540 Dei
1911 3486 2003 3557 qui
2031 3484 2210 3554 inquit.
2242 3499 2256 3536 :
2297 3502 2315 3535 ι
2354 3482 2472 3538 Νοιι
2506 3483 2724 3538 irritum
2769 3481 2968 3538 faciam
3002 3483 3184 3540 foedus
3213 3498 3396 3540 meum
3430 3484 3498 3540 ".
3536 3503 3560 3540 ι

573 3602 728 3670 Quod
762 3617 894 3658 vero
918 3601 987 3658 de
1010 3615 1110 3656 sua
1139 3602 1416 3672 cujusque
1439 3603 1623 3657 anima
1666 3600 1823 3664 dicit,
1854 3600 1958 3654 hoc
1987 3609 2093 3662 est,
2127 3595 2156 3650 Α

2157 3610 2171 3650 t
2271 3599 2344 3652 Τὸ
2381 3598 2511 3670 περὶ
2553 3599 2653 3671 τῆς
2699 3597 2894 3653 ἑαυτοῦ
2939 3597 3151 3668 ψυχῆς,
3189 3599 3472 3654 τουτέστιν
3497 3599 3529 3670 ἢ
3556 3595 3740 3670 τροφῶν

501 3697 549 3750 si
597 3695 844 3751 ciborum
895 3694 1288 3751 abstinentiam
1347 3694 1559 3750 voverit
1599 3703 1694 3747 aut
1753 3692 2083 3756 tonsiouem,

2193 3691 2406 3762 ἀποχὴν
2450 3689 2664 3757 εὔξαιτο
2689 3731 2702 3758 ,
2735 3691 2768 3761 ἢ
2799 3689 3104 3760 ἀπόκαρσιν
3129 3730 3144 3756 ,
3176 3689 3210 3760 ἢ
3253 3691 3545 3762 πρόϐατον,
3597 3689 3628 3760 ἢ
3655 3687 3738 3759 μό-

501 3803 658 3846 ovem
687 3800 780 3844 aut
811 3789 1042 3844 vitulum
1079 3787 1291 3844 offerat.
2196 3798 2342 3852 σχον.

573 3905 680 3962 Ubi
707 3904 1004 3962 Malacliias
1031 3905 1236 3976 optima
1266 3917 1496 3974 quaeque
1519 3901 1794 3958 adducere
1828 3898 2124 3971 praecipit‘:
2167 3916 2186 3947 ι
2227 3895 2584 3960 Maledictus,
2620 3895 2832 3958 dicens,
2880 3897 2974 3965 qui
3028 3895 3084 3950 in
3133 3911 3300 3968 grege
3333 3911 3436 3952 suo
3469 3892 3738 3950 masculum

504 3997 690 4065 habet,
727 4005 781 4052 et
810 4003 996 4052 votum
1033 4009 1364 4065 nuncupatis
1385 3993 1636 4048 immolat
1664 3991 1937 4061 abjectum
1962 3985 2276 4043 Domino".
2315 4003 2335 4036 ι
2367 3983 2492 4056 Ipsa
2521 3999 2654 4040 sane
2679 3981 2874 4054 Iephte
2897 3984 3008 4039 filia
3029 3985 3076 4018 "
3112 3993 3346 4050 mortem
3377 3983 3558 4042 subire
3579 3977 3740 4036 maluit

503 4087 691 4158 potius
744 4101 906 4156 quam
936 4093 998 4139 ut
1031 4084 1205 4154 patris
1230 4093 1417 4137 votum
1447 4097 1652 4137 vanum
1678 4079 2028 4150 mendaxque
2054 4077 2230 4138 fieret,
2252 4071 2506 4144 quamvis
2542 4071 2822 4143 ignoraret
2877 4087 2938 4128 se
2983 4080 3171 4144 typum
3225 4073 3485 4129 salutaris
3517 4069 3738 4128 victima.

505 4155 600 4246 per
630 4155 805 4244 ipsam
835 4173 1157 4244 figuratum,
1190 4185 1603 4228 consummare.
1643 4167 1996 4238 Quapropter
2020 4180 2156 4223 sane
2182 4180 2212 4220 a
2244 4163 2680 4234 reprehensione
2711 4163 2956 4219 immune
2992 4163 3098 4220 hoc
3138 4163 3348 4218 factum
3370 4172 3506 4229 erat,
3533 4173 3628 4216 nec
3654 4155 3736 4210 ali-

505 4263 650 4336 quod
679 4263 988 4334 exemplum
1018 4261 1205 4328 habet,
1237 4274 1302 4316 eo
1333 4259 1477 4330 quod
1511 4259 1594 4314 lex
1621 4274 1728 4312 non
1775 4257 1867 4322 sit,
1917 4255 2062 4328 quod
2099 4254 2269 4310 semel
2295 4253 2436 4324 signi
2468 4251 2644 4324 gratia
2672 4259 2757 4308 est
2779 4266 3131 4318 concessum,
3155 4251 3461 4324 praesertim
3487 4263 3607 4307 vero
3635 4258 3736 4301 cum

505 4351 649 4409 Deus
671 4350 956 4408 hominum
986 4347 1229 4404 victimis
1265 4346 1569 4417 abrogarit.

575 4466 838 4522 Gaeterum
865 4464 972 4520 vcti
997 4477 1196 4519 nomen
1225 4479 1334 4519 non
1362 4469 1604 4517 meretur
1627 4459 1772 4531 quod
1800 4467 2086 4530 parentum

2258 4455 2442 4528 Εὐχὴν
2480 4455 2542 4510 οὐ
2576 4455 2659 4509 δεῖ
2691 4453 2878 4510 λαϐεῖν
2907 4454 3008 4526 τὴν
3061 4453 3153 4508 ἐπ’
3196 4453 3397 4526 ἀτιμίᾳ
3435 4449 3626 4521 γονέων
3651 4440 3736 4497 ὑπὸ

507 4558 762 4617 dedecori
805 4558 1048 4614 alibcris
1100 4556 1403 4627 suscipitur
1457 4565 1653 4610 contra
1683 4567 1884 4625 pravos
1905 4553 2089 4608 docto-

2190 4549 2394 4604 παίδων
2422 4547 2740 4622 γινομένην,
2775 4547 2918 4602 κατὰ
2943 4547 3072 4610 τοὺς
3112 4546 3390 4616 πονηροὺς
3420 4534 3735 4627 διδασκάλουξ

505 4667 597 4708 res
629 4665 693 4706 ac
745 4650 1056 4722 magistros,
1097 4651 1189 4719 qui
1241 4663 1334 4704 eos
1374 4646 1698 4711 subornant,
1726 4653 1784 4699 ut
1819 4664 1838 4698 ι
1873 4643 2088 4699 Corhan

2189 4641 2409 4711 λέγειν,
2472 4659 2491 4693 ι
2531 4637 3082 4712 Παρασκευάζοντας,
3135 4637 3362 4708 Κορϐὰν
3411 4634 3478 4690 ἂν
3529 4631 3584 4696 ἐξ
3625 4623 3733 4722 ἐμοῦ

507 4745 582 4802 sit
625 4717 958 4814 quocunque
1001 4757 1030 4796 a
1071 4717 1158 4796 me
1206 4740 1430 4808 adjutus
1472 4737 1643 4794 fueris
1677 4739 1749 4803 ⁸ο,
1799 4755 1818 4788 ι
1857 4736 2086 4792 dicant:

2189 4731 2506 4803 ὠφεληθῇς,
2541 4750 2560 4786 ι
2591 4729 2726 4784 Θεοῦ
2754 4729 2986 4785 καθόλου
3013 4731 3184 4802 τιμᾷν
3211 4728 3424 4799 πατέρα
3446 4717 3732 4814 καὶμητέρα

509 4837 654 4892 Deus
683 4835 827 4891 enim
859 4836 912 4889 in
945 4835 1267 4888 universum
1303 4839 1515 4903 patrem
1558 4838 1613 4887 et
1653 4838 1880 4885 matrem
1910 4827 2091 4883 colere

2198 4823 2625 4896 προστάξαντος.
2665 4825 2763 4886 Ὃς
2784 4823 2879 4878 καὶ
2906 4823 3106 4894 ἀκυροί
3141 4822 3404 4890 γυναικὸς
3432 4819 3554 4881 νέας
3577 4811 3729 4882 εὐχὴν.

507 4929 784 5000 praecepit.
805 4926 910 4994 Qui
943 4940 1100 4981 novae
1120 4941 1339 4996 quoque
1368 4931 1548 4996 nuptae
1576 4930 1764 4979 votum
1787 4919 1931 4992 quod
1953 4919 2088 4974 citra

2201 4915 2276 4986 μὴ
2305 4914 2722 4976 συναινέσαντος
2740 4913 2836 4967 τοῦ
2871 4913 3118 4985 πατρός·
3148 4915 3245 4968 καὶ
3287 4911 3447 4966 πάλιν
3479 4903 3730 5000 ὑπάνδρουτ

508 4989 960 5095 approbationem
994 4989 1166 5089 patris
1196 4989 1423 5080 factum,
1448 4989 1725 5086 infringit,
1763 4989 1893 5067 item
1925 5007 2091 5064 mari-

2201 5011 2276 5080 μὴ
2319 5009 2414 5062 τοῦ
2451 5008 2648 5078 ἀνδρὸς
2691 5007 3106 5072 ἐπινεύσαντος.
3161 5005 3235 5060 Τὸ
3270 5006 3379 5077 γὰρ
3406 4999 3624 5075 ψευσθὲν
3651 4989 3727 5047 ὑπ’

507 5093 634 5170 tata:
656 5113 860 5168 marito
879 5127 988 5166 non
1011 5111 1414 5166 consentiente.
1434 5107 1592 5175 Quod
1616 5105 1764 5162 enim
1786 5103 1890 5160 sub
1913 5100 2089 5172 majo-

2199 5101 2450 5170 ἐξουσίαν
2484 5099 2842 5172 ἀνέγκλητον,
2869 5099 2974 5154 κᾶν
3009 5097 3147 5170 μετὰ
3177 5097 3352 5154 ταῦτα
3379 5093 3624 5167 χηρεὺσῃ.
3643 5100 3727 5155 φη-

507 5222 568 5264 re
599 5211 873 5276 potestate
903 5201 1043 5258 falso
1075 5201 1276 5256 factum
1300 5209 1404 5266 est,
1424 5215 1577 5256 reum
1611 5213 1723 5253 non
1759 5194 1907 5250 facit.
1931 5192 2087 5260 Quod

2147 5178 2168 5231 Ῑ
2199 5196 2302 5262 σιν,
2337 5195 2370 5266 ἢ
2399 5195 2493 5249 καὶ
2541 5195 2784 5266 χωρισθῇ
2839 5192 2935 5246 τοῦ
2967 5192 3182 5262 ἀνδρός.
3240 5187 3548 5244 Βεὸαιοῦται
3589 5181 3638 5238 δὲ
3662 5175 3730 5276 διξ

508 5301 554 5354 si
589 5266 718 5353 vero
744 5297 907 5352 vidua
936 5295 1101 5350 fuerit
1129 5292 1298 5360 facta,
1343 5292 1624 5348 autetiam
1675 5306 1706 5344 a
1753 5287 1952 5344 marito
1978 5285 2090 5339 dis-

2197 5287 2401 5341 τούτων
2429 5286 2492 5340 τὸ
2541 5287 2601 5352 ἐξ
2638 5286 2849 5357 ἀρχῆς·
2894 5285 2976 5339 ὅτι
3022 5285 3112 5338 διὰ
3154 5283 3246 5337 τὸν
3291 5281 3454 5352 ἄνδρα
3481 5266 3728 5360 γέγονε-νῖἱ

505 5394 716 5459 juncta,
743 5400 928 5445 votum
962 5388 1016 5442 in
1041 5395 1183 5443 statu
1211 5403 1312 5442 suo
1343 5395 1448 5440 cst.
1475 5385 1593 5450 Quo
1624 5396 1757 5438 sane
1777 5380 2088 5434 institutum

2199 5379 2360 5450 γυνὴ,
2395 5381 2493 5434 καὶ
2525 5355 2800 5453 προσῆκόν
2831 5380 2980 5432 ἐστιν
3011 5374 3436 5434 ὑποτάττεσθαι,
3487 5368 3574 5423 καὶ
3615 5355 3728 5417 κατὰ

509 5482 606 5537 Dei
638 5479 974 5550 primitivum
1007 5477 1392 5541 confirmatur,
1419 5475 1565 5544 quod
1598 5473 1698 5527 viri
1752 5485 1915 5525 causa
1951 5471 2087 5524 facta

2202 5471 2414 5526 Παῦλον
2451 5471 2682 5542 λέγοντα
2705 5513 2720 5538 ,
2751 5472 2785 5541 ὴ
2814 5470 2955 5540 γυνὴ
2987 5469 3075 5524 ἵνα
3106 5468 3340 5539 φοϐῆται
3373 5466 3462 5519 τὸν
3489 5459 3655 5528 ἄνδρα.
3691 5541 3700 5552 Ι

511 5581 582 5632 δτι
621 5577 842 5642 mulier,
867 5591 1198 5648 aequumque
1231 5591 1350 5630 cam
1380 5588 1501 5628 esse
1530 5569 1804 5626 subditam
1837 5567 2088 5623 exsistat.
2132 5563 2356 5622 Necnon
2408 5567 2564 5624 Pauli
2599 5582 2820 5640 quoque
2876 5565 3036 5630 illud,
3114 5573 3173 5618 ut
3220 5561 3416 5616 mulier
3459 5557 3616 5609 virum
3671 5555 3728 5596 ιι·

513 5681 654 5728 treat
666 5709 679 5723 .

586 5851 632 5884 ⁷⁵
677 5846 829 5901 Joau.
879 5863 967 5909 κν,
1024 5849 1077 5903 ὅ.
1174 5850 1216 5878 ⁷⁷
1250 5847 1353 5902 Job
1409 5861 1495 5913 χιι,
1548 5863 1627 5901 lll.
1707 5844 1750 5876 ⁷⁸
1783 5842 2016 5898 Μίιιίιυίι.
2048 5859 2087 5906 t,
2123 5842 2169 5893 Η

1950 5842 2016 5895 ·ιι.
2048 5859 2087 5906 ι,
2123 5841 2206 5894 Η.
2285 5839 2332 5870 τ’
2364 5835 2547 5893 Judic.
2583 5852 2660 5908 ιιι,
2701 5834 2888 5892 50-59.
2965 5834 3011 5868 ⁸⁸
3041 5834 3209 5891 Marc.
3248 5848 3339 5896 rtt,
3367 5830 3447 5884 Η.
3531 5851 3533 5856 ·
