  <div class='ocr_page' id='page_1' title='image "/cluster/home/n/w/nwhite01/storage/ocr_20150623/87 pt.1/mdp.39015032856539/464.png"; bbox 0 0 4010 6230; ppageno 0'>
   <div class='ocr_carea' id='block_1_1' title="bbox 230 546 435 583">
    <p class='ocr_par' dir='ltr' id='par_1_1' title="bbox 230 546 435 583">
     <span class='ocr_line' id='line_1_1' title="bbox 230 546 435 583; baseline 0 0"><span class='ocrx_word' id='word_1_1' title='bbox 230 554 235 555; x_wconf 64' lang='grc'><strong><em>⁷</em></strong></span> <span class='ocrx_word' id='word_1_2' title='bbox 326 546 435 583; x_wconf 81' lang='grc' dir='ltr'>σαι.</span> 
     </span>
    </p>
   </div>
   <div class='ocr_carea' id='block_1_2' title="bbox 323 325 421 386">
    <p class='ocr_par' dir='ltr' id='par_1_2' title="bbox 323 325 421 386">
     <span class='ocr_line' id='line_1_2' title="bbox 323 325 421 386; baseline -0.02 0"><span class='ocrx_word' id='word_1_3' title='bbox 323 325 421 386; x_wconf 76' lang='lat'><strong>881</strong></span> 
     </span>
    </p>
   </div>
   <div class='ocr_carea' id='block_1_3' title="bbox 1408 318 3585 388">
    <p class='ocr_par' dir='ltr' id='par_1_3' title="bbox 1408 318 3585 388">
     <span class='ocr_line' id='line_1_3' title="bbox 1408 318 3585 388; baseline -0.005 -1"><span class='ocrx_word' id='word_1_4' title='bbox 1408 324 1939 388; x_wconf 79' lang='lat' dir='ltr'><strong>COMMENTABII</strong></span> <span class='ocrx_word' id='word_1_5' title='bbox 1980 326 2058 386; x_wconf 81' lang='lat' dir='ltr'><strong>IN</strong></span> <span class='ocrx_word' id='word_1_6' title='bbox 2103 324 2493 386; x_wconf 80' lang='lat' dir='ltr'><strong>NUMEROS.</strong></span> <span class='ocrx_word' id='word_1_7' title='bbox 3483 318 3585 377; x_wconf 57' lang='lat'><strong>95&quot;.?</strong></span> 
     </span>
    </p>
   </div>
   <div class='ocr_carea' id='block_1_4' title="bbox 392 428 1914 510">
    <p class='ocr_par' dir='ltr' id='par_1_4' title="bbox 392 434 1897 510">
     <span class='ocr_line' id='line_1_4' title="bbox 392 434 1897 510; baseline 0.001 -21"><span class='ocrx_word' id='word_1_8' title='bbox 392 437 468 490; x_wconf 66' lang='lat' dir='ltr'><strong>re.</strong></span> <span class='ocrx_word' id='word_1_9' title='bbox 504 434 752 490; x_wconf 79' lang='grc' dir='ltr'>κακῶσαι</span> <span class='ocrx_word' id='word_1_10' title='bbox 776 435 974 508; x_wconf 76' lang='grc' dir='ltr'>ψυχὴν,</span> <span class='ocrx_word' id='word_1_11' title='bbox 1010 434 1071 490; x_wconf 77' lang='grc' dir='ltr'><strong>τὸ</strong></span> <span class='ocrx_word' id='word_1_12' title='bbox 1106 437 1421 506; x_wconf 73' lang='grc' dir='ltr'>νηστεῦσαι,</span> <span class='ocrx_word' id='word_1_13' title='bbox 1454 438 1487 510; x_wconf 74' lang='grc' dir='ltr'>ἢ</span> <span class='ocrx_word' id='word_1_14' title='bbox 1519 438 1695 501; x_wconf 73' lang='grc' dir='ltr'><strong>ἄλλως</strong></span> <span class='ocrx_word' id='word_1_15' title='bbox 1724 440 1897 508; x_wconf 72' lang='grc' dir='ltr'>ἀσκῆ-</span> 
     </span>
    </p>
   </div>
   <div class='ocr_carea' id='block_1_5' title="bbox 2020 428 3587 510">
    <p class='ocr_par' dir='ltr' id='par_1_5' title="bbox 2072 428 3587 507">
     <span class='ocr_line' id='line_1_5' title="bbox 2072 428 3587 507; baseline -0.011 -13"><span class='ocrx_word' id='word_1_16' title='bbox 2072 438 2282 494; x_wconf 76' lang='lat' dir='ltr'><strong>Similis</strong></span> <span class='ocrx_word' id='word_1_17' title='bbox 2307 452 2523 507; x_wconf 85' lang='lat' dir='ltr'><strong>quoque</strong></span> <span class='ocrx_word' id='word_1_18' title='bbox 2552 434 2690 488; x_wconf 99' lang='lat' dir='ltr'><strong>ratio</strong></span> <span class='ocrx_word' id='word_1_19' title='bbox 2721 446 2911 486; x_wconf 86' lang='lat' dir='ltr'><strong>eorum</strong></span> <span class='ocrx_word' id='word_1_20' title='bbox 2941 440 3025 485; x_wconf 85' lang='lat' dir='ltr'><strong>est</strong></span> <span class='ocrx_word' id='word_1_21' title='bbox 3052 443 3171 499; x_wconf 63' lang='lat' dir='ltr'><strong>qua!</strong></span> <span class='ocrx_word' id='word_1_22' title='bbox 3198 429 3264 480; x_wconf 84' lang='lat' dir='ltr'><strong>de</strong></span> <span class='ocrx_word' id='word_1_23' title='bbox 3299 428 3587 481; x_wconf 63' lang='lat' dir='ltr'><strong>afﬂictione</strong></span> 
     </span>
    </p>
   </div>
   <div class='ocr_carea' id='block_1_6' title="bbox 529 528 1896 604">
    <p class='ocr_par' dir='ltr' id='par_1_6' title="bbox 529 528 1896 604">
     <span class='ocr_line' id='line_1_6' title="bbox 529 528 1896 604; baseline 0.004 -23"><span class='ocrx_word' id='word_1_24' title='bbox 529 528 695 581; x_wconf 85' lang='grc' dir='ltr'>Ὅθεν</span> <span class='ocrx_word' id='word_1_25' title='bbox 725 530 820 582; x_wconf 76' lang='grc' dir='ltr'>καὶ</span> <span class='ocrx_word' id='word_1_26' title='bbox 864 530 992 600; x_wconf 71' lang='grc' dir='ltr'><strong>περὶ</strong></span> <span class='ocrx_word' id='word_1_27' title='bbox 1026 528 1121 583; x_wconf 81' lang='grc' dir='ltr'><strong>τοῦ</strong></span> <span class='ocrx_word' id='word_1_28' title='bbox 1164 530 1334 603; x_wconf 79' lang='grc' dir='ltr'>μηνὸς</span> <span class='ocrx_word' id='word_1_29' title='bbox 1361 529 1463 599; x_wconf 82' lang='grc' dir='ltr'><strong>τῆς</strong></span> <span class='ocrx_word' id='word_1_30' title='bbox 1501 533 1758 602; x_wconf 77' lang='grc' dir='ltr'><strong>νηστείας</strong></span> <span class='ocrx_word' id='word_1_31' title='bbox 1789 550 1896 604; x_wconf 82' lang='grc' dir='ltr'><strong>φη-</strong></span> 
     </span>
    </p>
   </div>
   <div class='ocr_carea' id='block_1_7' title="bbox 326 618 1620 694">
    <p class='ocr_par' dir='ltr' id='par_1_7' title="bbox 326 618 1620 694">
     <span class='ocr_line' id='line_1_7' title="bbox 326 618 1620 694; baseline 0.001 -20"><span class='ocrx_word' id='word_1_32' title='bbox 326 621 411 674; x_wconf 76' lang='grc' dir='ltr'><strong>σιν</strong></span> <span class='ocrx_word' id='word_1_33' title='bbox 433 637 444 652; x_wconf 80' lang='lat'><strong>&#39;</strong></span> <span class='ocrx_word' id='word_1_34' title='bbox 460 618 581 675; x_wconf 75' lang='grc' dir='ltr'><strong>(Ἕν</strong></span> <span class='ocrx_word' id='word_1_35' title='bbox 605 619 756 690; x_wconf 76' lang='grc' dir='ltr'><strong>αὐτῷ</strong></span> <span class='ocrx_word' id='word_1_36' title='bbox 783 620 1062 674; x_wconf 67' lang='grc' dir='ltr'>κακώσει-δε</span> <span class='ocrx_word' id='word_1_37' title='bbox 1089 623 1189 686; x_wconf 81' lang='grc' dir='ltr'><strong>τὰς</strong></span> <span class='ocrx_word' id='word_1_38' title='bbox 1212 621 1388 694; x_wconf 79' lang='grc' dir='ltr'>ψυχὰς</span> <span class='ocrx_word' id='word_1_39' title='bbox 1413 622 1620 694; x_wconf 75' lang='grc' dir='ltr'><strong>ὑμῶν.»</strong></span> 
     </span>
    </p>
   </div>
   <div class='ocr_carea' id='block_1_8' title="bbox 412 795 1903 870">
    <p class='ocr_par' dir='ltr' id='par_1_8' title="bbox 412 795 1903 870">
     <span class='ocr_line' id='line_1_8' title="bbox 412 795 1903 870; baseline 0.002 -19"><span class='ocrx_word' id='word_1_40' title='bbox 412 795 667 851; x_wconf 76' lang='grc' dir='ltr'><strong>Ἐκδίκει</strong></span> <span class='ocrx_word' id='word_1_41' title='bbox 697 797 812 865; x_wconf 76' lang='grc' dir='ltr'><strong>τὴν</strong></span> <span class='ocrx_word' id='word_1_42' title='bbox 836 798 1156 867; x_wconf 71' lang='grc' dir='ltr'><strong>ἐκδίκησιν</strong></span> <span class='ocrx_word' id='word_1_43' title='bbox 1179 799 1298 854; x_wconf 77' lang='grc' dir='ltr'>τῶν</span> <span class='ocrx_word' id='word_1_44' title='bbox 1320 800 1467 857; x_wconf 78' lang='grc' dir='ltr'>υἱῶν</span> <span class='ocrx_word' id='word_1_45' title='bbox 1508 802 1767 870; x_wconf 73' lang='grc' dir='ltr'><strong>Ἰσραήλ.</strong></span> <span class='ocrx_word' id='word_1_46' title='bbox 1800 804 1903 855; x_wconf 85' lang='grc' dir='ltr'><strong>Τε-</strong></span> 
     </span>
    </p>
   </div>
   <div class='ocr_carea' id='block_1_9' title="bbox 327 888 1902 966">
    <p class='ocr_par' dir='ltr' id='par_1_9' title="bbox 327 888 1902 966">
     <span class='ocr_line' id='line_1_9' title="bbox 327 888 1902 966; baseline 0.005 -27"><span class='ocrx_word' id='word_1_47' title='bbox 327 888 585 943; x_wconf 58' lang='lat' dir='ltr'><strong>leucaten:</strong></span> <span class='ocrx_word' id='word_1_48' title='bbox 614 891 819 959; x_wconf 79' lang='grc' dir='ltr'>ταύτην</span> <span class='ocrx_word' id='word_1_49' title='bbox 845 891 1045 963; x_wconf 72' lang='grc' dir='ltr'>πρᾶξιν</span> <span class='ocrx_word' id='word_1_50' title='bbox 1077 894 1355 948; x_wconf 79' lang='grc' dir='ltr'><strong>ἐπιτάττει</strong></span> <span class='ocrx_word' id='word_1_51' title='bbox 1395 894 1527 958; x_wconf 78' lang='grc' dir='ltr'><strong>Θεὸς</strong></span> <span class='ocrx_word' id='word_1_52' title='bbox 1554 894 1632 966; x_wconf 84' lang='grc' dir='ltr'><strong>τῷ</strong></span> <span class='ocrx_word' id='word_1_53' title='bbox 1659 896 1902 949; x_wconf 81' lang='grc' dir='ltr'>Μωῦσεῖ.</span> 
     </span>
    </p>
   </div>
   <div class='ocr_carea' id='block_1_10' title="bbox 341 982 1905 1055">
    <p class='ocr_par' dir='ltr' id='par_1_10' title="bbox 341 982 1905 1055">
     <span class='ocr_line' id='line_1_10' title="bbox 341 982 1905 1055; baseline 0.003 -20"><span class='ocrx_word' id='word_1_54' title='bbox 341 982 542 1053; x_wconf 77' lang='grc' dir='ltr'>Ὀργὴν</span> <span class='ocrx_word' id='word_1_55' title='bbox 570 982 678 1051; x_wconf 82' lang='grc' dir='ltr'>γὰρ</span> <span class='ocrx_word' id='word_1_56' title='bbox 707 984 905 1053; x_wconf 76' lang='grc' dir='ltr'><strong>ἑαυτῆς</strong></span> <span class='ocrx_word' id='word_1_57' title='bbox 931 982 1301 1055; x_wconf 74' lang='grc' dir='ltr'>ὲθησαύρισαν</span> <span class='ocrx_word' id='word_1_58' title='bbox 1336 986 1385 1038; x_wconf 80' lang='grc' dir='ltr'><strong>οἱ</strong></span> <span class='ocrx_word' id='word_1_59' title='bbox 1415 987 1481 1039; x_wconf 79' lang='grc' dir='ltr'>ἐκ</span> <span class='ocrx_word' id='word_1_60' title='bbox 1507 986 1756 1055; x_wconf 82' lang='grc' dir='ltr'><strong>Μαδιάμ.</strong></span> <span class='ocrx_word' id='word_1_61' title='bbox 1786 987 1905 1040; x_wconf 80' lang='grc' dir='ltr'><strong>Κα-</strong></span> 
     </span>
    </p>
   </div>
   <div class='ocr_carea' id='block_1_11' title="bbox 329 1072 1904 1148">
    <p class='ocr_par' dir='ltr' id='par_1_11' title="bbox 329 1072 1904 1148">
     <span class='ocr_line' id='line_1_11' title="bbox 329 1072 1904 1148; baseline 0.003 -22"><span class='ocrx_word' id='word_1_62' title='bbox 329 1073 421 1126; x_wconf 76' lang='grc' dir='ltr'><strong>λὸν</strong></span> <span class='ocrx_word' id='word_1_63' title='bbox 447 1072 504 1126; x_wconf 81' lang='grc' dir='ltr'><strong>δὲ</strong></span> <span class='ocrx_word' id='word_1_64' title='bbox 531 1073 927 1144; x_wconf 78' lang='grc' dir='ltr'><strong>παράγγελμα,</strong></span> <span class='ocrx_word' id='word_1_65' title='bbox 958 1076 1100 1146; x_wconf 78' lang='grc' dir='ltr'><strong>μέγα</strong></span> <span class='ocrx_word' id='word_1_66' title='bbox 1126 1094 1179 1129; x_wconf 84' lang='grc' dir='ltr'>τι</span> <span class='ocrx_word' id='word_1_67' title='bbox 1203 1076 1464 1147; x_wconf 78' lang='grc' dir='ltr'>πράττειν</span> <span class='ocrx_word' id='word_1_68' title='bbox 1496 1077 1601 1148; x_wconf 83' lang='grc' dir='ltr'>πρὸ</span> <span class='ocrx_word' id='word_1_69' title='bbox 1626 1075 1904 1147; x_wconf 81' lang='grc' dir='ltr'><strong>τελευτῆς,</strong></span> 
     </span>
    </p>
   </div>
   <div class='ocr_carea' id='block_1_12' title="bbox 328 1163 1909 1240">
    <p class='ocr_par' dir='ltr' id='par_1_12' title="bbox 328 1163 1909 1240">
     <span class='ocr_line' id='line_1_12' title="bbox 328 1163 1909 1240; baseline 0.004 -25"><span class='ocrx_word' id='word_1_70' title='bbox 328 1163 519 1234; x_wconf 83' lang='grc' dir='ltr'>ὥσπερ</span> <span class='ocrx_word' id='word_1_71' title='bbox 546 1165 755 1231; x_wconf 72' lang='grc' dir='ltr'><strong>ἐφόδιον</strong></span> <span class='ocrx_word' id='word_1_72' title='bbox 780 1166 916 1236; x_wconf 80' lang='grc' dir='ltr'><strong>πρὸς</strong></span> <span class='ocrx_word' id='word_1_73' title='bbox 939 1166 1042 1237; x_wconf 82' lang='grc' dir='ltr'><strong>τὴν</strong></span> <span class='ocrx_word' id='word_1_74' title='bbox 1071 1166 1271 1233; x_wconf 75' lang='grc' dir='ltr'><strong>ἔξοδον.</strong></span> <span class='ocrx_word' id='word_1_75' title='bbox 1305 1169 1585 1237; x_wconf 75' lang='grc' dir='ltr'>’Λρέσκειν</span> <span class='ocrx_word' id='word_1_76' title='bbox 1608 1169 1664 1222; x_wconf 81' lang='grc' dir='ltr'>δὲ</span> <span class='ocrx_word' id='word_1_77' title='bbox 1691 1170 1767 1240; x_wconf 84' lang='grc' dir='ltr'><strong>τῷ</strong></span> <span class='ocrx_word' id='word_1_78' title='bbox 1791 1169 1909 1239; x_wconf 81' lang='grc' dir='ltr'><strong>Θεῷ</strong></span> 
     </span>
    </p>
   </div>
   <div class='ocr_carea' id='block_1_13' title="bbox 329 1255 1909 1330">
    <p class='ocr_par' dir='ltr' id='par_1_13' title="bbox 329 1255 1909 1330">
     <span class='ocr_line' id='line_1_13' title="bbox 329 1255 1909 1330; baseline 0.004 -22"><span class='ocrx_word' id='word_1_79' title='bbox 329 1256 539 1326; x_wconf 72' lang='grc' dir='ltr'>ταύτην</span> <span class='ocrx_word' id='word_1_80' title='bbox 581 1255 879 1326; x_wconf 72' lang='grc' dir='ltr'><strong>παρίστησι</strong></span> <span class='ocrx_word' id='word_1_81' title='bbox 930 1258 993 1310; x_wconf 72' lang='grc' dir='ltr'><strong>τὸ</strong></span> <span class='ocrx_word' id='word_1_82' title='bbox 1041 1259 1461 1330; x_wconf 63' lang='grc' dir='ltr'><strong>παρατάξασθαι</strong></span> <span class='ocrx_word' id='word_1_83' title='bbox 1515 1259 1697 1329; x_wconf 77' lang='grc' dir='ltr'>λέγειν</span> <span class='ocrx_word' id='word_1_84' title='bbox 1730 1260 1909 1314; x_wconf 76' lang='grc' dir='ltr'>ἔναντι</span> 
     </span>
    </p>
   </div>
   <div class='ocr_carea' id='block_1_14' title="bbox 332 1348 1909 1422">
    <p class='ocr_par' dir='ltr' id='par_1_14' title="bbox 332 1348 1909 1422">
     <span class='ocr_line' id='line_1_14' title="bbox 332 1348 1909 1422; baseline 0.003 -22"><span class='ocrx_word' id='word_1_85' title='bbox 332 1348 541 1418; x_wconf 81' lang='grc' dir='ltr'>Κυρίου</span> <span class='ocrx_word' id='word_1_86' title='bbox 578 1350 669 1401; x_wconf 77' lang='grc' dir='ltr'><strong>ἐπὶ</strong></span> <span class='ocrx_word' id='word_1_87' title='bbox 702 1348 949 1420; x_wconf 83' lang='grc' dir='ltr'><strong>Μαδιάμ.</strong></span> <span class='ocrx_word' id='word_1_88' title='bbox 981 1351 1136 1404; x_wconf 74' lang='grc' dir='ltr'><strong>Κατὰ</strong></span> <span class='ocrx_word' id='word_1_89' title='bbox 1165 1350 1296 1404; x_wconf 76' lang='grc' dir='ltr'>Θεὸν</span> <span class='ocrx_word' id='word_1_90' title='bbox 1323 1351 1430 1422; x_wconf 74' lang='grc' dir='ltr'><strong>γὰρ</strong></span> <span class='ocrx_word' id='word_1_91' title='bbox 1474 1352 1523 1405; x_wconf 83' lang='grc' dir='ltr'><strong>οἱ</strong></span> <span class='ocrx_word' id='word_1_92' title='bbox 1573 1352 1710 1422; x_wconf 81' lang='grc' dir='ltr'>πρὸς</span> <span class='ocrx_word' id='word_1_93' title='bbox 1746 1352 1909 1405; x_wconf 77' lang='grc' dir='ltr'><strong>ἐκκο-</strong></span> 
     </span>
    </p>
   </div>
   <div class='ocr_carea' id='block_1_15' title="bbox 333 1441 1915 1518">
    <p class='ocr_par' dir='ltr' id='par_1_15' title="bbox 333 1441 1915 1518">
     <span class='ocr_line' id='line_1_15' title="bbox 333 1441 1915 1518; baseline 0.004 -25"><span class='ocrx_word' id='word_1_94' title='bbox 333 1441 439 1512; x_wconf 83' lang='grc' dir='ltr'><strong>πὴν</strong></span> <span class='ocrx_word' id='word_1_95' title='bbox 459 1442 672 1494; x_wconf 75' lang='grc' dir='ltr'>ἀσεϐῶν</span> <span class='ocrx_word' id='word_1_96' title='bbox 694 1443 971 1513; x_wconf 70' lang='grc' dir='ltr'>γινόμενοι</span> <span class='ocrx_word' id='word_1_97' title='bbox 997 1443 1247 1514; x_wconf 74' lang='grc' dir='ltr'><strong>πόλεμοι,</strong></span> <span class='ocrx_word' id='word_1_98' title='bbox 1272 1448 1371 1515; x_wconf 83' lang='grc' dir='ltr'><strong>τῆς</strong></span> <span class='ocrx_word' id='word_1_99' title='bbox 1396 1444 1501 1517; x_wconf 84' lang='grc' dir='ltr'><strong>γῆς</strong></span> <span class='ocrx_word' id='word_1_100' title='bbox 1531 1445 1684 1509; x_wconf 78' lang='grc' dir='ltr'>ὄντες</span> <span class='ocrx_word' id='word_1_101' title='bbox 1712 1445 1915 1518; x_wconf 84' lang='grc' dir='ltr'><strong>καθαρ-</strong></span> 
     </span>
    </p>
   </div>
   <div class='ocr_carea' id='block_1_16' title="bbox 332 1534 1913 1609">
    <p class='ocr_par' dir='ltr' id='par_1_16' title="bbox 332 1534 1913 1609">
     <span class='ocr_line' id='line_1_16' title="bbox 332 1534 1913 1609; baseline 0.006 -24"><span class='ocrx_word' id='word_1_102' title='bbox 332 1534 503 1599; x_wconf 73' lang='grc' dir='ltr'><strong>τικοὶ,</strong></span> <span class='ocrx_word' id='word_1_103' title='bbox 535 1535 641 1587; x_wconf 78' lang='grc' dir='ltr'><strong>κᾶν</strong></span> <span class='ocrx_word' id='word_1_104' title='bbox 673 1535 1070 1606; x_wconf 62' lang='grc' dir='ltr'>βλασψημῶσιν</span> <span class='ocrx_word' id='word_1_105' title='bbox 1104 1540 1152 1591; x_wconf 74' lang='grc' dir='ltr'>οἱ</span> <span class='ocrx_word' id='word_1_106' title='bbox 1180 1538 1278 1609; x_wconf 76' lang='grc' dir='ltr'><strong>τὴν</strong></span> <span class='ocrx_word' id='word_1_107' title='bbox 1318 1539 1520 1593; x_wconf 72' lang='grc' dir='ltr'>κακίαν</span> <span class='ocrx_word' id='word_1_108' title='bbox 1550 1541 1913 1595; x_wconf 73' lang='grc' dir='ltr'><strong>ὲνυπὸστατον</strong></span> 
     </span>
    </p>
   </div>
   <div class='ocr_carea' id='block_1_17' title="bbox 2005 518 3589 599">
    <p class='ocr_par' dir='ltr' id='par_1_17' title="bbox 2005 518 3589 599">
     <span class='ocr_line' id='line_1_17' title="bbox 2005 518 3589 599; baseline -0.008 -16"><span class='ocrx_word' id='word_1_109' title='bbox 2005 531 2195 592; x_wconf 86' lang='lat' dir='ltr'><strong>animi,</strong></span> <span class='ocrx_word' id='word_1_110' title='bbox 2219 529 2287 584; x_wconf 88' lang='lat' dir='ltr'><strong>de.</strong></span> <span class='ocrx_word' id='word_1_111' title='bbox 2317 528 2521 599; x_wconf 82' lang='lat' dir='ltr'><strong>jejunio</strong></span> <span class='ocrx_word' id='word_1_112' title='bbox 2542 535 2596 581; x_wconf 88' lang='lat' dir='ltr'><strong>et</strong></span> <span class='ocrx_word' id='word_1_113' title='bbox 2629 524 2752 579; x_wconf 88' lang='lat' dir='ltr'><strong>aliis</strong></span> <span class='ocrx_word' id='word_1_114' title='bbox 2781 522 3068 579; x_wconf 74' lang='lat' dir='ltr'><strong>exercitiis</strong></span> <span class='ocrx_word' id='word_1_115' title='bbox 3104 521 3292 585; x_wconf 87' lang='lat' dir='ltr'><strong>tradit,</strong></span> <span class='ocrx_word' id='word_1_116' title='bbox 3329 540 3346 571; x_wconf 76' lang='grc' dir='ltr'><strong>ι</strong></span> <span class='ocrx_word' id='word_1_117' title='bbox 3385 518 3589 585; x_wconf 82' lang='lat' dir='ltr'><strong>Quem-</strong></span> 
     </span>
    </p>
   </div>
   <div class='ocr_carea' id='block_1_18' title="bbox 2006 611 3592 686">
    <p class='ocr_par' dir='ltr' id='par_1_18' title="bbox 2006 611 3592 686">
     <span class='ocr_line' id='line_1_18' title="bbox 2006 611 3592 686; baseline -0.006 -13"><span class='ocrx_word' id='word_1_118' title='bbox 2006 622 2299 675; x_wconf 82' lang='lat' dir='ltr'><strong>admodum</strong></span> <span class='ocrx_word' id='word_1_119' title='bbox 2330 622 2396 674; x_wconf 76' lang='lat' dir='ltr'><strong>do</strong></span> <span class='ocrx_word' id='word_1_120' title='bbox 2423 634 2609 674; x_wconf 82' lang='lat' dir='ltr'><strong>mense</strong></span> <span class='ocrx_word' id='word_1_121' title='bbox 2630 616 2825 686; x_wconf 86' lang='lat' dir='ltr'><strong>jejunii</strong></span> <span class='ocrx_word' id='word_1_122' title='bbox 2857 616 3037 686; x_wconf 87' lang='lat' dir='ltr'><strong>inquit</strong></span> <span class='ocrx_word' id='word_1_123' title='bbox 3057 632 3101 668; x_wconf 72' lang='grc' dir='ltr'>τι</span> <span class='ocrx_word' id='word_1_124' title='bbox 3129 615 3185 670; x_wconf 83' lang='grc' dir='ltr'><strong>1η</strong></span> <span class='ocrx_word' id='word_1_125' title='bbox 3201 630 3265 671; x_wconf 87' lang='lat' dir='ltr'><strong>eo</strong></span> <span class='ocrx_word' id='word_1_126' title='bbox 3277 611 3592 667; x_wconf 73' lang='lat' dir='ltr'><strong>cruciabilis</strong></span> 
     </span>
    </p>
   </div>
   <div class='ocr_carea' id='block_1_19' title="bbox 2006 710 2633 766">
    <p class='ocr_par' dir='ltr' id='par_1_19' title="bbox 2006 710 2633 766">
     <span class='ocr_line' id='line_1_19' title="bbox 2006 710 2633 766; baseline -0.006 -1"><span class='ocrx_word' id='word_1_127' title='bbox 2006 712 2225 766; x_wconf 76' lang='lat' dir='ltr'><strong>animas</strong></span> <span class='ocrx_word' id='word_1_128' title='bbox 2253 721 2466 765; x_wconf 66' lang='lat' dir='ltr'><strong>vestra;</strong></span> <span class='ocrx_word' id='word_1_129' title='bbox 2500 710 2567 762; x_wconf 64' lang='grc' dir='ltr'><strong>δ’.</strong></span> <span class='ocrx_word' id='word_1_130' title='bbox 2616 730 2633 761; x_wconf 75' lang='grc' dir='ltr'><strong>ι</strong></span> 
     </span>
    </p>
   </div>
   <div class='ocr_carea' id='block_1_20' title="bbox 2082 792 3591 869">
    <p class='ocr_par' dir='ltr' id='par_1_20' title="bbox 2082 792 3591 869">
     <span class='ocr_line' id='line_1_20' title="bbox 2082 792 3591 869; baseline -0.007 -14"><span class='ocrx_word' id='word_1_131' title='bbox 2082 800 2418 855; x_wconf 79' lang='lat' dir='ltr'><strong>Ulciscimt&#39;tti</strong></span> <span class='ocrx_word' id='word_1_132' title='bbox 2467 816 2685 853; x_wconf 78' lang='lat' dir='ltr'><strong>causam</strong></span> <span class='ocrx_word' id='word_1_133' title='bbox 2718 799 2956 869; x_wconf 79' lang='lat' dir='ltr'><strong>ﬁliorum</strong></span> <span class='ocrx_word' id='word_1_134' title='bbox 3008 794 3204 849; x_wconf 79' lang='lat' dir='ltr'><strong>Israel.</strong></span> <span class='ocrx_word' id='word_1_135' title='bbox 3258 792 3472 866; x_wconf 73' lang='lat' dir='ltr'><strong>[XXXL</strong></span> <span class='ocrx_word' id='word_1_136' title='bbox 3511 792 3591 863; x_wconf 71' lang='lat'><strong>2.]</strong></span> 
     </span>
    </p>
   </div>
   <div class='ocr_carea' id='block_1_21' title="bbox 2008 886 3590 964">
    <p class='ocr_par' dir='ltr' id='par_1_21' title="bbox 2008 886 3590 964">
     <span class='ocr_line' id='line_1_21' title="bbox 2008 886 3590 964; baseline -0.009 -14"><span class='ocrx_word' id='word_1_137' title='bbox 2008 894 2270 950; x_wconf 78' lang='lat' dir='ltr'><strong>Ultimum</strong></span> <span class='ocrx_word' id='word_1_138' title='bbox 2310 894 2414 948; x_wconf 92' lang='lat' dir='ltr'><strong>hoc</strong></span> <span class='ocrx_word' id='word_1_139' title='bbox 2465 894 2737 964; x_wconf 76' lang='lat' dir='ltr'><strong>negotium</strong></span> <span class='ocrx_word' id='word_1_140' title='bbox 2792 890 3029 959; x_wconf 80' lang='lat' dir='ltr'><strong>injungit</strong></span> <span class='ocrx_word' id='word_1_141' title='bbox 3080 888 3225 943; x_wconf 83' lang='lat' dir='ltr'><strong>Deus</strong></span> <span class='ocrx_word' id='word_1_142' title='bbox 3267 886 3421 948; x_wconf 81' lang='lat' dir='ltr'><strong>Mosi,</strong></span> <span class='ocrx_word' id='word_1_143' title='bbox 3455 887 3590 940; x_wconf 87' lang='lat' dir='ltr'><strong>iram</strong></span> 
     </span>
    </p>
   </div>
   <div class='ocr_carea' id='block_1_22' title="bbox 2006 978 3594 1047">
    <p class='ocr_par' dir='ltr' id='par_1_22' title="bbox 2006 978 3594 1047">
     <span class='ocr_line' id='line_1_22' title="bbox 2006 978 3594 1047; baseline -0.009 -4"><span class='ocrx_word' id='word_1_144' title='bbox 2006 987 2151 1044; x_wconf 91' lang='lat' dir='ltr'><strong>enim</strong></span> <span class='ocrx_word' id='word_1_145' title='bbox 2185 985 2276 1040; x_wconf 95' lang='lat' dir='ltr'><strong>Dei</strong></span> <span class='ocrx_word' id='word_1_146' title='bbox 2306 984 2614 1039; x_wconf 69' lang='lat' dir='ltr'><strong>Madiauitte</strong></span> <span class='ocrx_word' id='word_1_147' title='bbox 2646 984 2749 1043; x_wconf 85' lang='lat' dir='ltr'><strong>sibi</strong></span> <span class='ocrx_word' id='word_1_148' title='bbox 2787 981 3186 1038; x_wconf 82' lang='lat' dir='ltr'><strong>conﬂaverant.</strong></span> <span class='ocrx_word' id='word_1_149' title='bbox 3236 978 3356 1034; x_wconf 86' lang='lat' dir='ltr'><strong>Non</strong></span> <span class='ocrx_word' id='word_1_150' title='bbox 3404 993 3594 1047; x_wconf 85' lang='lat' dir='ltr'><strong>asper-</strong></span> 
     </span>
    </p>
   </div>
   <div class='ocr_carea' id='block_1_23' title="bbox 2007 1069 3596 1145">
    <p class='ocr_par' dir='ltr' id='par_1_23' title="bbox 2007 1069 3596 1145">
     <span class='ocr_line' id='line_1_23' title="bbox 2007 1069 3596 1145; baseline -0.008 -10"><span class='ocrx_word' id='word_1_151' title='bbox 2007 1078 2249 1135; x_wconf 88' lang='lat' dir='ltr'><strong>nandum</strong></span> <span class='ocrx_word' id='word_1_152' title='bbox 2280 1093 2413 1134; x_wconf 81' lang='lat' dir='ltr'><strong>vero</strong></span> <span class='ocrx_word' id='word_1_153' title='bbox 2450 1078 2765 1132; x_wconf 89' lang='lat' dir='ltr'><strong>mandatum</strong></span> <span class='ocrx_word' id='word_1_154' title='bbox 2789 1084 2894 1139; x_wconf 90' lang='lat' dir='ltr'><strong>est,</strong></span> <span class='ocrx_word' id='word_1_155' title='bbox 2922 1074 3067 1145; x_wconf 90' lang='lat' dir='ltr'><strong>quod</strong></span> <span class='ocrx_word' id='word_1_156' title='bbox 3094 1088 3353 1144; x_wconf 84' lang='lat' dir='ltr'><strong>magnum</strong></span> <span class='ocrx_word' id='word_1_157' title='bbox 3391 1069 3596 1141; x_wconf 88' lang='lat' dir='ltr'><strong>aliquid</strong></span> 
     </span>
    </p>
   </div>
   <div class='ocr_carea' id='block_1_24' title="bbox 2009 1165 3600 1242">
    <p class='ocr_par' dir='ltr' id='par_1_24' title="bbox 2009 1165 3600 1242">
     <span class='ocr_line' id='line_1_24' title="bbox 2009 1165 3600 1242; baseline -0.008 -15"><span class='ocrx_word' id='word_1_158' title='bbox 2009 1182 2136 1229; x_wconf 87' lang='lat' dir='ltr'><strong>ante</strong></span> <span class='ocrx_word' id='word_1_159' title='bbox 2168 1171 2380 1227; x_wconf 88' lang='lat' dir='ltr'><strong>obitum</strong></span> <span class='ocrx_word' id='word_1_160' title='bbox 2420 1186 2633 1242; x_wconf 87' lang='lat' dir='ltr'><strong>gerere,</strong></span> <span class='ocrx_word' id='word_1_161' title='bbox 2670 1170 3041 1238; x_wconf 88' lang='lat' dir='ltr'><strong>viaticumque</strong></span> <span class='ocrx_word' id='word_1_162' title='bbox 3080 1182 3179 1221; x_wconf 91' lang='lat' dir='ltr'><strong>ceu</strong></span> <span class='ocrx_word' id='word_1_163' title='bbox 3233 1165 3299 1220; x_wconf 92' lang='lat' dir='ltr'><strong>ad</strong></span> <span class='ocrx_word' id='word_1_164' title='bbox 3330 1166 3452 1219; x_wconf 68' lang='lat' dir='ltr'><strong>vita:</strong></span> <span class='ocrx_word' id='word_1_165' title='bbox 3480 1165 3600 1218; x_wconf 75' lang='lat' dir='ltr'><strong>exi-</strong></span> 
     </span>
    </p>
   </div>
   <div class='ocr_carea' id='block_1_25' title="bbox 2008 1258 3601 1334">
    <p class='ocr_par' dir='ltr' id='par_1_25' title="bbox 2008 1258 3601 1334">
     <span class='ocr_line' id='line_1_25' title="bbox 2008 1258 3601 1334; baseline -0.008 -14"><span class='ocrx_word' id='word_1_166' title='bbox 2008 1274 2124 1320; x_wconf 92' lang='lat' dir='ltr'><strong>tum</strong></span> <span class='ocrx_word' id='word_1_167' title='bbox 2151 1279 2476 1334; x_wconf 89' lang='lat' dir='ltr'><strong>comparare</strong></span> <span class='ocrx_word' id='word_1_168' title='bbox 2499 1264 2716 1318; x_wconf 84' lang='lat' dir='ltr'><strong>suadet.</strong></span> <span class='ocrx_word' id='word_1_169' title='bbox 2744 1261 3015 1315; x_wconf 63' lang='lat' dir='ltr'><strong>Caeterum</strong></span> <span class='ocrx_word' id='word_1_170' title='bbox 3047 1258 3155 1314; x_wconf 91' lang='lat' dir='ltr'><strong>Deo</strong></span> <span class='ocrx_word' id='word_1_171' title='bbox 3182 1272 3297 1312; x_wconf 91' lang='lat' dir='ltr'><strong>rem</strong></span> <span class='ocrx_word' id='word_1_172' title='bbox 3328 1272 3447 1312; x_wconf 89' lang='lat' dir='ltr'><strong>eam</strong></span> <span class='ocrx_word' id='word_1_173' title='bbox 3481 1273 3601 1325; x_wconf 88' lang='lat' dir='ltr'><strong>pro-</strong></span> 
     </span>
    </p>
   </div>
   <div class='ocr_carea' id='block_1_26' title="bbox 2010 1344 3601 1421">
    <p class='ocr_par' dir='ltr' id='par_1_26' title="bbox 2010 1344 3601 1421">
     <span class='ocr_line' id='line_1_26' title="bbox 2010 1344 3601 1421; baseline -0.009 -10"><span class='ocrx_word' id='word_1_174' title='bbox 2010 1356 2127 1411; x_wconf 85' lang='lat' dir='ltr'><strong>bari</strong></span> <span class='ocrx_word' id='word_1_175' title='bbox 2152 1360 2374 1412; x_wconf 85' lang='lat' dir='ltr'><strong>constat</strong></span> <span class='ocrx_word' id='word_1_176' title='bbox 2408 1355 2513 1409; x_wconf 92' lang='lat' dir='ltr'><strong>boc</strong></span> <span class='ocrx_word' id='word_1_177' title='bbox 2543 1351 2688 1421; x_wconf 86' lang='lat' dir='ltr'><strong>quod</strong></span> <span class='ocrx_word' id='word_1_178' title='bbox 2715 1352 2892 1421; x_wconf 85' lang='lat' dir='ltr'><strong>jubet,</strong></span> <span class='ocrx_word' id='word_1_179' title='bbox 2940 1350 3112 1404; x_wconf 88' lang='lat' dir='ltr'><strong>aciem</strong></span> <span class='ocrx_word' id='word_1_180' title='bbox 3144 1362 3332 1403; x_wconf 89' lang='lat' dir='ltr'><strong>coram</strong></span> <span class='ocrx_word' id='word_1_181' title='bbox 3370 1344 3601 1398; x_wconf 89' lang='lat' dir='ltr'><strong>Domino</strong></span> 
     </span>
    </p>
   </div>
   <div class='ocr_carea' id='block_1_27' title="bbox 2010 1438 3599 1503">
    <p class='ocr_par' dir='ltr' id='par_1_27' title="bbox 2010 1438 3599 1503">
     <span class='ocr_line' id='line_1_27' title="bbox 2010 1438 3599 1503; baseline -0.011 0"><span class='ocrx_word' id='word_1_182' title='bbox 2010 1454 2203 1503; x_wconf 88' lang='lat' dir='ltr'><strong>contra</strong></span> <span class='ocrx_word' id='word_1_183' title='bbox 2235 1443 2564 1501; x_wconf 81' lang='lat' dir='ltr'><strong>Madianitas</strong></span> <span class='ocrx_word' id='word_1_184' title='bbox 2594 1443 2816 1499; x_wconf 88' lang='lat' dir='ltr'><strong>instrui.</strong></span> <span class='ocrx_word' id='word_1_185' title='bbox 2850 1441 3046 1496; x_wconf 81' lang='lat' dir='ltr'><strong>Divina</strong></span> <span class='ocrx_word' id='word_1_186' title='bbox 3088 1439 3236 1495; x_wconf 87' lang='lat' dir='ltr'><strong>enim</strong></span> <span class='ocrx_word' id='word_1_187' title='bbox 3271 1438 3409 1491; x_wconf 88' lang='lat' dir='ltr'><strong>bella</strong></span> <span class='ocrx_word' id='word_1_188' title='bbox 3445 1442 3599 1498; x_wconf 83' lang='lat' dir='ltr'><strong>sunt,</strong></span> 
     </span>
    </p>
   </div>
   <div class='ocr_carea' id='block_1_28' title="bbox 2011 1528 3602 1609">
    <p class='ocr_par' dir='ltr' id='par_1_28' title="bbox 2011 1528 3602 1609">
     <span class='ocr_line' id='line_1_28' title="bbox 2011 1528 3602 1609; baseline -0.006 -17"><span class='ocrx_word' id='word_1_189' title='bbox 2011 1552 2135 1609; x_wconf 57' lang='lat' dir='ltr'><strong>quae</strong></span> <span class='ocrx_word' id='word_1_190' title='bbox 2164 1536 2232 1592; x_wconf 85' lang='lat' dir='ltr'><strong>ad</strong></span> <span class='ocrx_word' id='word_1_191' title='bbox 2263 1537 2682 1607; x_wconf 77' lang='lat' dir='ltr'><strong>exstirpaudum</strong></span> <span class='ocrx_word' id='word_1_192' title='bbox 2714 1536 3009 1605; x_wconf 86' lang='lat' dir='ltr'><strong>impiorum</strong></span> <span class='ocrx_word' id='word_1_193' title='bbox 3038 1542 3265 1592; x_wconf 87' lang='lat' dir='ltr'><strong>terram,</strong></span> <span class='ocrx_word' id='word_1_194' title='bbox 3300 1528 3602 1595; x_wconf 84' lang='lat' dir='ltr'><strong>sordesque</strong></span> 
     </span>
    </p>
   </div>
   <div class='ocr_carea' id='block_1_29' title="bbox 332 1623 3600 1700">
    <p class='ocr_par' dir='ltr' id='par_1_29' title="bbox 332 1623 3600 1700">
     <span class='ocr_line' id='line_1_29' title="bbox 332 1623 3600 1700; baseline -0.006 -9"><span class='ocrx_word' id='word_1_195' title='bbox 332 1623 606 1695; x_wconf 81' lang='grc' dir='ltr'><strong>λέγοντες.</strong></span> <span class='ocrx_word' id='word_1_196' title='bbox 2014 1639 2362 1700; x_wconf 89' lang='lat' dir='ltr'><strong>peccatorum</strong></span> <span class='ocrx_word' id='word_1_197' title='bbox 2405 1628 2814 1700; x_wconf 89' lang='lat' dir='ltr'><strong>repurgandum</strong></span> <span class='ocrx_word' id='word_1_198' title='bbox 2852 1625 3256 1695; x_wconf 88' lang='lat' dir='ltr'><strong>suscipiuntur,</strong></span> <span class='ocrx_word' id='word_1_199' title='bbox 3305 1628 3600 1691; x_wconf 87' lang='lat' dir='ltr'><strong>quantum-</strong></span> 
     </span>
    </p>
   </div>
   <div class='ocr_carea' id='block_1_30' title="bbox 2014 1713 3601 1791">
    <p class='ocr_par' dir='ltr' id='par_1_30' title="bbox 2014 1713 3601 1791">
     <span class='ocr_line' id='line_1_30' title="bbox 2014 1713 3601 1791; baseline -0.008 -15"><span class='ocrx_word' id='word_1_200' title='bbox 2014 1723 2097 1778; x_wconf 94' lang='lat' dir='ltr'><strong>vis</strong></span> <span class='ocrx_word' id='word_1_201' title='bbox 2128 1724 2222 1791; x_wconf 88' lang='lat' dir='ltr'><strong>qui</strong></span> <span class='ocrx_word' id='word_1_202' title='bbox 2276 1729 2561 1791; x_wconf 80' lang='lat' dir='ltr'><strong>peccatum</strong></span> <span class='ocrx_word' id='word_1_203' title='bbox 2593 1719 2911 1775; x_wconf 90' lang='lat' dir='ltr'><strong>hominibus</strong></span> <span class='ocrx_word' id='word_1_204' title='bbox 2961 1719 3175 1786; x_wconf 91' lang='lat' dir='ltr'><strong>jactant</strong></span> <span class='ocrx_word' id='word_1_205' title='bbox 3208 1729 3330 1771; x_wconf 83' lang='lat' dir='ltr'><strong>esse</strong></span> <span class='ocrx_word' id='word_1_206' title='bbox 3369 1713 3601 1768; x_wconf 90' lang='lat' dir='ltr'><strong>insitum</strong></span> 
     </span>
    </p>
   </div>
   <div class='ocr_carea' id='block_1_31' title="bbox 2009 1815 2446 1871">
    <p class='ocr_par' dir='ltr' id='par_1_31' title="bbox 2009 1815 2446 1871">
     <span class='ocr_line' id='line_1_31' title="bbox 2009 1815 2446 1871; baseline -0.005 -2"><span class='ocrx_word' id='word_1_207' title='bbox 2009 1815 2446 1871; x_wconf 85' lang='lat' dir='ltr'><strong>calumnientttr.</strong></span> 
     </span>
    </p>
   </div>
   <div class='ocr_carea' id='block_1_32' title="bbox 401 1918 3599 1998">
    <p class='ocr_par' dir='ltr' id='par_1_32' title="bbox 401 1918 3599 1998">
     <span class='ocr_line' id='line_1_32' title="bbox 401 1918 3599 1998; baseline 0 -25"><span class='ocrx_word' id='word_1_208' title='bbox 401 1920 581 1990; x_wconf 85' lang='lat' dir='ltr'><strong>Atque</strong></span> <span class='ocrx_word' id='word_1_209' title='bbox 609 1918 716 1976; x_wconf 90' lang='lat' dir='ltr'><strong>hoc</strong></span> <span class='ocrx_word' id='word_1_210' title='bbox 740 1919 917 1990; x_wconf 90' lang='lat' dir='ltr'><strong>ipsum</strong></span> <span class='ocrx_word' id='word_1_211' title='bbox 950 1921 1130 1992; x_wconf 80' lang='lat' dir='ltr'><strong>arguit</strong></span> <span class='ocrx_word' id='word_1_212' title='bbox 1160 1924 1417 1979; x_wconf 85' lang='lat' dir='ltr'><strong>sacerdos</strong></span> <span class='ocrx_word' id='word_1_213' title='bbox 1449 1924 1539 1994; x_wconf 90' lang='lat' dir='ltr'><strong>qui</strong></span> <span class='ocrx_word' id='word_1_214' title='bbox 1588 1939 1696 1979; x_wconf 87' lang='lat' dir='ltr'><strong>una</strong></span> <span class='ocrx_word' id='word_1_215' title='bbox 1754 1939 2013 1996; x_wconf 88' lang='lat' dir='ltr'><strong>egressus</strong></span> <span class='ocrx_word' id='word_1_216' title='bbox 2058 1936 2142 1985; x_wconf 87' lang='lat' dir='ltr'><strong>est</strong></span> <span class='ocrx_word' id='word_1_217' title='bbox 2192 1943 2462 1998; x_wconf 88' lang='lat' dir='ltr'><strong>sacraque</strong></span> <span class='ocrx_word' id='word_1_218' title='bbox 2514 1944 2642 1983; x_wconf 89' lang='lat' dir='ltr'><strong>vasa</strong></span> <span class='ocrx_word' id='word_1_219' title='bbox 2676 1942 2862 1982; x_wconf 83' lang='lat' dir='ltr'><strong>secum</strong></span> <span class='ocrx_word' id='word_1_220' title='bbox 2917 1924 3237 1994; x_wconf 89' lang='lat' dir='ltr'><strong>asportavit,</strong></span> <span class='ocrx_word' id='word_1_221' title='bbox 3272 1926 3599 1993; x_wconf 77' lang='lat' dir='ltr'><strong>argumento</strong></span> 
     </span>
    </p>
   </div>
   <div class='ocr_carea' id='block_1_33' title="bbox 332 2009 3600 2085">
    <p class='ocr_par' dir='ltr' id='par_1_33' title="bbox 332 2009 3600 2085">
     <span class='ocr_line' id='line_1_33' title="bbox 332 2009 3600 2085; baseline -0.001 -21"><span class='ocrx_word' id='word_1_222' title='bbox 332 2009 586 2065; x_wconf 83' lang='lat' dir='ltr'><strong>videlicet</strong></span> <span class='ocrx_word' id='word_1_223' title='bbox 608 2010 750 2080; x_wconf 90' lang='lat' dir='ltr'><strong>quod</strong></span> <span class='ocrx_word' id='word_1_224' title='bbox 784 2026 873 2065; x_wconf 90' lang='lat' dir='ltr'><strong>res</strong></span> <span class='ocrx_word' id='word_1_225' title='bbox 897 2009 1092 2065; x_wconf 88' lang='lat' dir='ltr'><strong>bellica</strong></span> <span class='ocrx_word' id='word_1_226' title='bbox 1125 2013 1201 2067; x_wconf 88' lang='lat' dir='ltr'><strong>rei</strong></span> <span class='ocrx_word' id='word_1_227' title='bbox 1244 2028 1415 2069; x_wconf 73' lang='lat' dir='ltr'><strong>sacrae</strong></span> <span class='ocrx_word' id='word_1_228' title='bbox 1473 2014 1545 2069; x_wconf 92' lang='lat' dir='ltr'><strong>sit</strong></span> <span class='ocrx_word' id='word_1_229' title='bbox 1600 2029 1764 2085; x_wconf 90' lang='lat' dir='ltr'><strong>quam</strong></span> <span class='ocrx_word' id='word_1_230' title='bbox 1818 2014 2117 2071; x_wconf 90' lang='lat' dir='ltr'><strong>simillima.</strong></span> <span class='ocrx_word' id='word_1_231' title='bbox 2179 2016 2373 2073; x_wconf 87' lang='lat' dir='ltr'><strong>Omnis</strong></span> <span class='ocrx_word' id='word_1_232' title='bbox 2410 2016 2556 2071; x_wconf 90' lang='lat' dir='ltr'><strong>enim</strong></span> <span class='ocrx_word' id='word_1_233' title='bbox 2592 2015 2824 2085; x_wconf 64' lang='lat' dir='ltr'><strong>aequitas</strong></span> <span class='ocrx_word' id='word_1_234' title='bbox 2875 2029 2937 2069; x_wconf 89' lang='lat' dir='ltr'><strong>ac</strong></span> <span class='ocrx_word' id='word_1_235' title='bbox 2982 2012 3197 2083; x_wconf 86' lang='lat' dir='ltr'><strong>justitia</strong></span> <span class='ocrx_word' id='word_1_236' title='bbox 3229 2010 3336 2065; x_wconf 87' lang='lat' dir='ltr'><strong>Deo</strong></span> <span class='ocrx_word' id='word_1_237' title='bbox 3369 2025 3503 2078; x_wconf 76' lang='lat' dir='ltr'><strong>pura</strong></span> <span class='ocrx_word' id='word_1_238' title='bbox 3536 2023 3600 2063; x_wconf 87' lang='lat' dir='ltr'><strong>ac</strong></span> 
     </span>
    </p>
   </div>
   <div class='ocr_carea' id='block_1_34' title="bbox 331 2096 3603 2175">
    <p class='ocr_par' dir='ltr' id='par_1_34' title="bbox 331 2096 3603 2175">
     <span class='ocr_line' id='line_1_34' title="bbox 331 2096 3603 2175; baseline -0.001 -24"><span class='ocrx_word' id='word_1_239' title='bbox 331 2099 539 2153; x_wconf 88' lang='lat' dir='ltr'><strong>munda</strong></span> <span class='ocrx_word' id='word_1_240' title='bbox 564 2099 803 2154; x_wconf 86' lang='lat' dir='ltr'><strong>videtur.</strong></span> <span class='ocrx_word' id='word_1_241' title='bbox 841 2096 1015 2155; x_wconf 86' lang='lat' dir='ltr'><strong>Porro</strong></span> <span class='ocrx_word' id='word_1_242' title='bbox 1046 2116 1075 2154; x_wconf 90' lang='lat' dir='ltr'><strong>a</strong></span> <span class='ocrx_word' id='word_1_243' title='bbox 1114 2103 1509 2172; x_wconf 84' lang='lat' dir='ltr'><strong>superstitibus</strong></span> <span class='ocrx_word' id='word_1_244' title='bbox 1533 2119 1673 2173; x_wconf 92' lang='lat' dir='ltr'><strong>quos</strong></span> <span class='ocrx_word' id='word_1_245' title='bbox 1712 2104 1889 2161; x_wconf 84' lang='lat' dir='ltr'><strong>Moses</strong></span> <span class='ocrx_word' id='word_1_246' title='bbox 1912 2105 2152 2175; x_wconf 87' lang='lat' dir='ltr'><strong>reliquos</strong></span> <span class='ocrx_word' id='word_1_247' title='bbox 2188 2104 2300 2159; x_wconf 88' lang='lat' dir='ltr'><strong>fieri</strong></span> <span class='ocrx_word' id='word_1_248' title='bbox 2343 2104 2513 2174; x_wconf 85' lang='lat' dir='ltr'><strong>jussit</strong></span> <span class='ocrx_word' id='word_1_249' title='bbox 2546 2117 2839 2157; x_wconf 87' lang='lat' dir='ltr'><strong>numerum</strong></span> <span class='ocrx_word' id='word_1_250' title='bbox 2871 2116 3061 2156; x_wconf 88' lang='lat' dir='ltr'><strong>eorum</strong></span> <span class='ocrx_word' id='word_1_251' title='bbox 3097 2100 3194 2170; x_wconf 92' lang='lat' dir='ltr'><strong>qui</strong></span> <span class='ocrx_word' id='word_1_252' title='bbox 3227 2097 3603 2152; x_wconf 84' lang='lat' dir='ltr'><strong>occubuerunt</strong></span> 
     </span>
    </p>
   </div>
   <div class='ocr_carea' id='block_1_35' title="bbox 330 2182 3601 2263">
    <p class='ocr_par' dir='ltr' id='par_1_35' title="bbox 330 2182 3601 2263">
     <span class='ocr_line' id='line_1_35' title="bbox 330 2182 3601 2263; baseline -0.002 -22"><span class='ocrx_word' id='word_1_253' title='bbox 330 2185 606 2241; x_wconf 68' lang='lat' dir='ltr'><strong>aestimare</strong></span> <span class='ocrx_word' id='word_1_254' title='bbox 629 2186 777 2241; x_wconf 87' lang='lat' dir='ltr'><strong>licet.</strong></span> <span class='ocrx_word' id='word_1_255' title='bbox 794 2186 1077 2243; x_wconf 89' lang='lat' dir='ltr'><strong>Occiditur</strong></span> <span class='ocrx_word' id='word_1_256' title='bbox 1103 2204 1232 2244; x_wconf 90' lang='lat' dir='ltr'><strong>vero</strong></span> <span class='ocrx_word' id='word_1_257' title='bbox 1257 2197 1492 2246; x_wconf 89' lang='lat' dir='ltr'><strong>cunctus</strong></span> <span class='ocrx_word' id='word_1_258' title='bbox 1521 2192 1798 2248; x_wconf 86' lang='lat' dir='ltr'><strong>masculus</strong></span> <span class='ocrx_word' id='word_1_259' title='bbox 1830 2199 2090 2263; x_wconf 86' lang='lat' dir='ltr'><strong>tanquam</strong></span> <span class='ocrx_word' id='word_1_260' title='bbox 2123 2192 2320 2259; x_wconf 88' lang='lat' dir='ltr'><strong>hostis,</strong></span> <span class='ocrx_word' id='word_1_261' title='bbox 2348 2192 2394 2247; x_wconf 89' lang='lat' dir='ltr'><strong>si</strong></span> <span class='ocrx_word' id='word_1_262' title='bbox 2417 2193 2484 2246; x_wconf 88' lang='lat' dir='ltr'><strong>ad</strong></span> <span class='ocrx_word' id='word_1_263' title='bbox 2520 2198 2734 2245; x_wconf 84' lang='lat' dir='ltr'><strong>aetatem</strong></span> <span class='ocrx_word' id='word_1_264' title='bbox 2772 2203 2927 2245; x_wconf 89' lang='lat' dir='ltr'><strong>suam</strong></span> <span class='ocrx_word' id='word_1_265' title='bbox 2960 2184 3291 2259; x_wconf 79' lang='lat' dir='ltr'><strong>pervenerit,</strong></span> <span class='ocrx_word' id='word_1_266' title='bbox 3324 2182 3601 2239; x_wconf 83' lang='lat' dir='ltr'><strong>Israelita-</strong></span> 
     </span>
    </p>
   </div>
   <div class='ocr_carea' id='block_1_36' title="bbox 333 2273 3602 2352">
    <p class='ocr_par' dir='ltr' id='par_1_36' title="bbox 333 2273 3602 2352">
     <span class='ocr_line' id='line_1_36' title="bbox 333 2273 3602 2352; baseline -0.001 -25"><span class='ocrx_word' id='word_1_267' title='bbox 333 2288 455 2327; x_wconf 88' lang='lat' dir='ltr'><strong>rum</strong></span> <span class='ocrx_word' id='word_1_268' title='bbox 489 2274 734 2341; x_wconf 86' lang='lat' dir='ltr'><strong>futurus,</strong></span> <span class='ocrx_word' id='word_1_269' title='bbox 764 2274 969 2330; x_wconf 80' lang='lat' dir='ltr'><strong>femina</strong></span> <span class='ocrx_word' id='word_1_270' title='bbox 1010 2277 1137 2332; x_wconf 87' lang='lat' dir='ltr'><strong>item</strong></span> <span class='ocrx_word' id='word_1_271' title='bbox 1185 2278 1367 2334; x_wconf 89' lang='lat' dir='ltr'><strong>omnis</strong></span> <span class='ocrx_word' id='word_1_272' title='bbox 1408 2295 1529 2349; x_wconf 65' lang='lat' dir='ltr'><strong>quae</strong></span> <span class='ocrx_word' id='word_1_273' title='bbox 1559 2281 1741 2336; x_wconf 84' lang='lat' dir='ltr'><strong>coitus</strong></span> <span class='ocrx_word' id='word_1_274' title='bbox 1772 2281 2205 2352; x_wconf 72' lang='lat' dir='ltr'><strong>experimentum</strong></span> <span class='ocrx_word' id='word_1_275' title='bbox 2240 2287 2481 2349; x_wconf 83' lang='lat' dir='ltr'><strong>ceperat,</strong></span> <span class='ocrx_word' id='word_1_276' title='bbox 2515 2287 2741 2350; x_wconf 83' lang='lat' dir='ltr'><strong>prepter</strong></span> <span class='ocrx_word' id='word_1_277' title='bbox 2770 2283 3040 2346; x_wconf 86' lang='lat' dir='ltr'><strong>patratam</strong></span> <span class='ocrx_word' id='word_1_278' title='bbox 3074 2273 3516 2330; x_wconf 79' lang='lat' dir='ltr'><strong>fornicationem.</strong></span> <span class='ocrx_word' id='word_1_279' title='bbox 3548 2279 3602 2325; x_wconf 85' lang='lat' dir='ltr'><strong>et</strong></span> 
     </span>
    </p>
   </div>
   <div class='ocr_carea' id='block_1_37' title="bbox 332 2353 3601 2438">
    <p class='ocr_par' dir='ltr' id='par_1_37' title="bbox 332 2353 3601 2438">
     <span class='ocr_line' id='line_1_37' title="bbox 332 2353 3601 2438; baseline -0.001 -23"><span class='ocrx_word' id='word_1_280' title='bbox 332 2359 571 2417; x_wconf 82' lang='lat' dir='ltr'><strong>fortasse</strong></span> <span class='ocrx_word' id='word_1_281' title='bbox 605 2359 773 2433; x_wconf 68' lang='grc'><strong>428</strong></span> <span class='ocrx_word' id='word_1_282' title='bbox 799 2362 1147 2432; x_wconf 77' lang='lat' dir='ltr'><strong>patrandum.</strong></span> <span class='ocrx_word' id='word_1_283' title='bbox 1177 2364 1311 2420; x_wconf 78' lang='lat' dir='ltr'><strong>Nam</strong></span> <span class='ocrx_word' id='word_1_284' title='bbox 1351 2377 1702 2438; x_wconf 87' lang='lat' dir='ltr'><strong>peccatorum</strong></span> <span class='ocrx_word' id='word_1_285' title='bbox 1737 2369 1918 2433; x_wconf 83' lang='lat' dir='ltr'><strong>finem,</strong></span> <span class='ocrx_word' id='word_1_286' title='bbox 1949 2383 2071 2423; x_wconf 91' lang='lat' dir='ltr'><strong>cum</strong></span> <span class='ocrx_word' id='word_1_287' title='bbox 2096 2369 2366 2422; x_wconf 83' lang='lat' dir='ltr'><strong>tnalort&#39;tm</strong></span> <span class='ocrx_word' id='word_1_288' title='bbox 2392 2353 2617 2438; x_wconf 70' lang='lat' dir='ltr'><strong>agmine</strong></span> <span class='ocrx_word' id='word_1_289' title='bbox 2644 2364 2940 2419; x_wconf 88' lang='lat' dir='ltr'><strong>adventare</strong></span> <span class='ocrx_word' id='word_1_290' title='bbox 2965 2377 3062 2434; x_wconf 91' lang='lat' dir='ltr'><strong>par</strong></span> <span class='ocrx_word' id='word_1_291' title='bbox 3094 2373 3197 2425; x_wconf 88' lang='lat' dir='ltr'><strong>est,</strong></span> <span class='ocrx_word' id='word_1_292' title='bbox 3226 2360 3379 2427; x_wconf 79' lang='lat' dir='ltr'><strong>juxta</strong></span> <span class='ocrx_word' id='word_1_293' title='bbox 3404 2359 3601 2413; x_wconf 77' lang='lat' dir='ltr'><strong>Isaiam</strong></span> 
     </span>
    </p>
   </div>
   <div class='ocr_carea' id='block_1_38' title="bbox 331 2445 3602 2531">
    <p class='ocr_par' dir='ltr' id='par_1_38' title="bbox 331 2445 3602 2531">
     <span class='ocr_line' id='line_1_38' title="bbox 331 2445 3602 2531; baseline -0.001 -31"><span class='ocrx_word' id='word_1_294' title='bbox 331 2448 429 2518; x_wconf 91' lang='lat' dir='ltr'><strong>qui</strong></span> <span class='ocrx_word' id='word_1_295' title='bbox 460 2447 637 2517; x_wconf 89' lang='lat' dir='ltr'><strong>inquit</strong></span> <span class='ocrx_word' id='word_1_296' title='bbox 659 2449 726 2515; x_wconf 73' lang='grc' dir='ltr'><strong>δ’,</strong></span> <span class='ocrx_word' id='word_1_297' title='bbox 762 2449 1024 2520; x_wconf 91' lang='lat' dir='ltr'><strong>reliquias</strong></span> <span class='ocrx_word' id='word_1_298' title='bbox 1055 2454 1255 2507; x_wconf 87' lang='lat' dir='ltr'><strong>messis</strong></span> <span class='ocrx_word' id='word_1_299' title='bbox 1286 2462 1379 2508; x_wconf 89' lang='lat' dir='ltr'><strong>aut</strong></span> <span class='ocrx_word' id='word_1_300' title='bbox 1410 2454 1696 2510; x_wconf 66' lang='lat' dir='ltr'><strong>vindemiae</strong></span> <span class='ocrx_word' id='word_1_301' title='bbox 1726 2471 1848 2511; x_wconf 90' lang='lat' dir='ltr'><strong>esse</strong></span> <span class='ocrx_word' id='word_1_302' title='bbox 1876 2471 1972 2511; x_wconf 91' lang='lat' dir='ltr'><strong>eos</strong></span> <span class='ocrx_word' id='word_1_303' title='bbox 2003 2456 2096 2525; x_wconf 92' lang='lat' dir='ltr'><strong>qui</strong></span> <span class='ocrx_word' id='word_1_304' title='bbox 2155 2456 2415 2531; x_wconf 65' lang='lat' dir='ltr'><strong>evadunt.</strong></span> <span class='ocrx_word' id='word_1_305' title='bbox 2470 2454 2743 2509; x_wconf 65' lang='lat' dir='ltr'><strong>Caeterum</strong></span> <span class='ocrx_word' id='word_1_306' title='bbox 2805 2452 3071 2506; x_wconf 87' lang='lat' dir='ltr'><strong>malorum</strong></span> <span class='ocrx_word' id='word_1_307' title='bbox 3132 2463 3301 2519; x_wconf 88' lang='lat' dir='ltr'><strong>super</strong></span> <span class='ocrx_word' id='word_1_308' title='bbox 3335 2445 3602 2500; x_wconf 83' lang='lat' dir='ltr'><strong>malitiam</strong></span> 
     </span>
    </p>
   </div>
   <div class='ocr_carea' id='block_1_39' title="bbox 332 2532 3599 2615">
    <p class='ocr_par' dir='ltr' id='par_1_39' title="bbox 332 2532 3599 2615">
     <span class='ocr_line' id='line_1_39' title="bbox 332 2532 3599 2615; baseline -0.001 -27"><span class='ocrx_word' id='word_1_309' title='bbox 332 2532 654 2590; x_wconf 77' lang='lat' dir='ltr'><strong>effusionem</strong></span> <span class='ocrx_word' id='word_1_310' title='bbox 690 2536 827 2591; x_wconf 88' lang='lat' dir='ltr'><strong>iram</strong></span> <span class='ocrx_word' id='word_1_311' title='bbox 861 2536 1148 2609; x_wconf 89' lang='lat' dir='ltr'><strong>Scriptura</strong></span> <span class='ocrx_word' id='word_1_312' title='bbox 1176 2539 1314 2595; x_wconf 87' lang='lat' dir='ltr'><strong>solet</strong></span> <span class='ocrx_word' id='word_1_313' title='bbox 1337 2542 1610 2612; x_wconf 90' lang='lat' dir='ltr'><strong>appellare</strong></span> <span class='ocrx_word' id='word_1_314' title='bbox 1643 2541 1759 2609; x_wconf 88' lang='lat' dir='ltr'><strong>Dei,</strong></span> <span class='ocrx_word' id='word_1_315' title='bbox 1790 2559 1895 2597; x_wconf 93' lang='lat' dir='ltr'><strong>non</strong></span> <span class='ocrx_word' id='word_1_316' title='bbox 1935 2545 2153 2615; x_wconf 86' lang='lat' dir='ltr'><strong>quidem</strong></span> <span class='ocrx_word' id='word_1_317' title='bbox 2202 2542 2549 2599; x_wconf 77' lang='lat' dir='ltr'><strong>affectionem</strong></span> <span class='ocrx_word' id='word_1_318' title='bbox 2588 2542 2736 2596; x_wconf 90' lang='lat' dir='ltr'><strong>illam</strong></span> <span class='ocrx_word' id='word_1_319' title='bbox 2768 2543 2856 2597; x_wconf 90' lang='lat' dir='ltr'><strong>cui</strong></span> <span class='ocrx_word' id='word_1_320' title='bbox 2912 2540 3165 2596; x_wconf 85' lang='lat' dir='ltr'><strong>homines</strong></span> <span class='ocrx_word' id='word_1_321' title='bbox 3190 2545 3321 2594; x_wconf 88' lang='lat' dir='ltr'><strong>sunt</strong></span> <span class='ocrx_word' id='word_1_322' title='bbox 3350 2535 3599 2598; x_wconf 76' lang='lat' dir='ltr'><strong>obnoxii,</strong></span> 
     </span>
    </p>
   </div>
   <div class='ocr_carea' id='block_1_40' title="bbox 335 2622 3601 2699">
    <p class='ocr_par' dir='ltr' id='par_1_40' title="bbox 335 2622 3601 2699">
     <span class='ocr_line' id='line_1_40' title="bbox 335 2622 3601 2699; baseline -0.001 -20"><span class='ocrx_word' id='word_1_323' title='bbox 335 2622 431 2679; x_wconf 83' lang='lat' dir='ltr'><strong>sed</strong></span> <span class='ocrx_word' id='word_1_324' title='bbox 470 2638 592 2679; x_wconf 87' lang='lat' dir='ltr'><strong>eam</strong></span> <span class='ocrx_word' id='word_1_325' title='bbox 631 2623 753 2681; x_wconf 83' lang='lat' dir='ltr'><strong>sine</strong></span> <span class='ocrx_word' id='word_1_326' title='bbox 786 2640 894 2695; x_wconf 90' lang='lat' dir='ltr'><strong>qua</strong></span> <span class='ocrx_word' id='word_1_327' title='bbox 937 2624 1028 2681; x_wconf 92' lang='lat' dir='ltr'><strong>Dei</strong></span> <span class='ocrx_word' id='word_1_328' title='bbox 1058 2626 1277 2681; x_wconf 89' lang='lat' dir='ltr'><strong>bonitas</strong></span> <span class='ocrx_word' id='word_1_329' title='bbox 1314 2628 1463 2684; x_wconf 89' lang='lat' dir='ltr'><strong>iners</strong></span> <span class='ocrx_word' id='word_1_330' title='bbox 1492 2630 1615 2695; x_wconf 84' lang='lat' dir='ltr'><strong>erit,</strong></span> <span class='ocrx_word' id='word_1_331' title='bbox 1650 2638 1987 2699; x_wconf 88' lang='lat' dir='ltr'><strong>peccataque</strong></span> <span class='ocrx_word' id='word_1_332' title='bbox 2008 2643 2340 2687; x_wconf 89' lang='lat' dir='ltr'><strong>contemnet.</strong></span> <span class='ocrx_word' id='word_1_333' title='bbox 2383 2632 2528 2687; x_wconf 85' lang='lat' dir='ltr'><strong>Idem</strong></span> <span class='ocrx_word' id='word_1_334' title='bbox 2557 2646 2687 2687; x_wconf 88' lang='lat' dir='ltr'><strong>vero</strong></span> <span class='ocrx_word' id='word_1_335' title='bbox 2716 2631 2964 2687; x_wconf 87' lang='lat' dir='ltr'><strong>delectus</strong></span> <span class='ocrx_word' id='word_1_336' title='bbox 3004 2643 3195 2685; x_wconf 89' lang='lat' dir='ltr'><strong>eorum</strong></span> <span class='ocrx_word' id='word_1_337' title='bbox 3224 2628 3319 2698; x_wconf 89' lang='lat' dir='ltr'><strong>qui</strong></span> <span class='ocrx_word' id='word_1_338' title='bbox 3346 2626 3601 2679; x_wconf 86' lang='lat' dir='ltr'><strong>vicerunt</strong></span> 
     </span>
    </p>
   </div>
   <div class='ocr_carea' id='block_1_41' title="bbox 335 2713 3602 2786">
    <p class='ocr_par' dir='ltr' id='par_1_41' title="bbox 335 2713 3602 2786">
     <span class='ocr_line' id='line_1_41' title="bbox 335 2713 3602 2786; baseline 0 -21"><span class='ocrx_word' id='word_1_339' title='bbox 335 2718 516 2776; x_wconf 88' lang='lat' dir='ltr'><strong>erant,</strong></span> <span class='ocrx_word' id='word_1_340' title='bbox 548 2713 707 2782; x_wconf 88' lang='lat' dir='ltr'><strong>quasi</strong></span> <span class='ocrx_word' id='word_1_341' title='bbox 751 2728 943 2769; x_wconf 89' lang='lat' dir='ltr'><strong>omnes</strong></span> <span class='ocrx_word' id='word_1_342' title='bbox 970 2714 1114 2769; x_wconf 87' lang='lat' dir='ltr'><strong>inter</strong></span> <span class='ocrx_word' id='word_1_343' title='bbox 1138 2730 1233 2770; x_wconf 89' lang='lat' dir='ltr'><strong>eos</strong></span> <span class='ocrx_word' id='word_1_344' title='bbox 1256 2731 1381 2770; x_wconf 89' lang='lat' dir='ltr'><strong>cum</strong></span> <span class='ocrx_word' id='word_1_345' title='bbox 1418 2716 1577 2771; x_wconf 90' lang='lat' dir='ltr'><strong>laude</strong></span> <span class='ocrx_word' id='word_1_346' title='bbox 1612 2717 1991 2784; x_wconf 77' lang='lat' dir='ltr'><strong>dimicassent,</strong></span> <span class='ocrx_word' id='word_1_347' title='bbox 2023 2722 2109 2773; x_wconf 89' lang='lat' dir='ltr'><strong>cui</strong></span> <span class='ocrx_word' id='word_1_348' title='bbox 2158 2719 2309 2774; x_wconf 82' lang='lat' dir='ltr'><strong>Pauli</strong></span> <span class='ocrx_word' id='word_1_349' title='bbox 2358 2718 2490 2773; x_wconf 88' lang='lat' dir='ltr'><strong>illud</strong></span> <span class='ocrx_word' id='word_1_350' title='bbox 2539 2719 2751 2786; x_wconf 87' lang='lat' dir='ltr'><strong>aspirat</strong></span> <span class='ocrx_word' id='word_1_351' title='bbox 2787 2734 2801 2771; x_wconf 86' lang='lat'><strong>:</strong></span> <span class='ocrx_word' id='word_1_352' title='bbox 2852 2736 2871 2769; x_wconf 77' lang='lat' dir='ltr'><strong>t</strong></span> <span class='ocrx_word' id='word_1_353' title='bbox 2897 2716 2953 2771; x_wconf 91' lang='lat' dir='ltr'><strong>Si</strong></span> <span class='ocrx_word' id='word_1_354' title='bbox 2983 2732 3150 2770; x_wconf 86' lang='lat' dir='ltr'><strong>unum</strong></span> <span class='ocrx_word' id='word_1_355' title='bbox 3182 2715 3487 2770; x_wconf 87' lang='lat' dir='ltr'><strong>membrum</strong></span> <span class='ocrx_word' id='word_1_356' title='bbox 3522 2713 3602 2766; x_wconf 86' lang='lat' dir='ltr'><strong>la—</strong></span> 
     </span>
    </p>
   </div>
   <div class='ocr_carea' id='block_1_42' title="bbox 334 2798 3599 2877">
    <p class='ocr_par' dir='ltr' id='par_1_42' title="bbox 334 2798 3599 2877">
     <span class='ocr_line' id='line_1_42' title="bbox 334 2798 3599 2877; baseline -0.004 -12"><span class='ocrx_word' id='word_1_357' title='bbox 334 2798 516 2864; x_wconf 64' lang='grc' dir='ltr'><strong>δοῐδιο</strong></span> <span class='ocrx_word' id='word_1_358' title='bbox 549 2801 733 2854; x_wconf 77' lang='lat' dir='ltr'><strong>omnia</strong></span> <span class='ocrx_word' id='word_1_359' title='bbox 766 2802 1011 2869; x_wconf 79' lang='lat' dir='ltr'><strong>membra</strong></span> <span class='ocrx_word' id='word_1_360' title='bbox 1043 2804 1248 2871; x_wconf 88' lang='lat' dir='ltr'><strong>pariter</strong></span> <span class='ocrx_word' id='word_1_361' title='bbox 1297 2803 1550 2857; x_wconf 84' lang='lat' dir='ltr'><strong>laborant</strong></span> <span class='ocrx_word' id='word_1_362' title='bbox 1574 2804 1640 2870; x_wconf 82' lang='grc'><strong>⁸³,</strong></span> <span class='ocrx_word' id='word_1_363' title='bbox 1684 2822 1701 2855; x_wconf 77' lang='grc' dir='ltr'><strong>ι</strong></span> <span class='ocrx_word' id='word_1_364' title='bbox 1735 2808 2193 2874; x_wconf 76' lang='lat' dir='ltr'><strong>quemadmodum</strong></span> <span class='ocrx_word' id='word_1_365' title='bbox 2242 2806 2491 2876; x_wconf 80' lang='lat' dir='ltr'><strong>ejusdem</strong></span> <span class='ocrx_word' id='word_1_366' title='bbox 2544 2820 2766 2877; x_wconf 86' lang='lat' dir='ltr'><strong>quoque</strong></span> <span class='ocrx_word' id='word_1_367' title='bbox 2818 2804 3047 2859; x_wconf 88' lang='lat' dir='ltr'><strong>honoris</strong></span> <span class='ocrx_word' id='word_1_368' title='bbox 3099 2801 3455 2873; x_wconf 85' lang='lat' dir='ltr'><strong>participant.</strong></span> <span class='ocrx_word' id='word_1_369' title='bbox 3485 2798 3599 2853; x_wconf 88' lang='lat' dir='ltr'><strong>Una</strong></span> 
     </span>
    </p>
   </div>
   <div class='ocr_carea' id='block_1_43' title="bbox 335 2885 3601 2962">
    <p class='ocr_par' dir='ltr' id='par_1_43' title="bbox 335 2885 3601 2962">
     <span class='ocr_line' id='line_1_43' title="bbox 335 2885 3601 2962; baseline -0 -21"><span class='ocrx_word' id='word_1_370' title='bbox 335 2902 467 2941; x_wconf 86' lang='lat' dir='ltr'><strong>vero</strong></span> <span class='ocrx_word' id='word_1_371' title='bbox 492 2903 614 2942; x_wconf 91' lang='lat' dir='ltr'><strong>cum</strong></span> <span class='ocrx_word' id='word_1_372' title='bbox 647 2889 859 2944; x_wconf 87' lang='lat' dir='ltr'><strong>sanctis</strong></span> <span class='ocrx_word' id='word_1_373' title='bbox 891 2890 1091 2945; x_wconf 87' lang='lat' dir='ltr'><strong>militat</strong></span> <span class='ocrx_word' id='word_1_374' title='bbox 1118 2891 1371 2947; x_wconf 91' lang='lat' dir='ltr'><strong>Christus</strong></span> <span class='ocrx_word' id='word_1_375' title='bbox 1396 2892 1656 2947; x_wconf 86' lang='lat' dir='ltr'><strong>sacerdos</strong></span> <span class='ocrx_word' id='word_1_376' title='bbox 1683 2907 1936 2962; x_wconf 80' lang='lat' dir='ltr'><strong>magnus,</strong></span> <span class='ocrx_word' id='word_1_377' title='bbox 1968 2900 2021 2946; x_wconf 87' lang='lat' dir='ltr'><strong>et</strong></span> <span class='ocrx_word' id='word_1_378' title='bbox 2057 2893 2375 2961; x_wconf 83' lang='lat' dir='ltr'><strong>angelorum</strong></span> <span class='ocrx_word' id='word_1_379' title='bbox 2411 2892 2571 2947; x_wconf 87' lang='lat' dir='ltr'><strong>turba</strong></span> <span class='ocrx_word' id='word_1_380' title='bbox 2606 2906 2702 2961; x_wconf 91' lang='lat' dir='ltr'><strong>per</strong></span> <span class='ocrx_word' id='word_1_381' title='bbox 2732 2906 2891 2946; x_wconf 87' lang='lat' dir='ltr'><strong>sacra</strong></span> <span class='ocrx_word' id='word_1_382' title='bbox 2919 2905 3048 2946; x_wconf 86' lang='lat' dir='ltr'><strong>vasa</strong></span> <span class='ocrx_word' id='word_1_383' title='bbox 3082 2895 3495 2959; x_wconf 63' lang='lat' dir='ltr'><strong>repraesentata.</strong></span> <span class='ocrx_word' id='word_1_384' title='bbox 3537 2885 3601 2940; x_wconf 85' lang='lat' dir='ltr'><strong>lli</strong></span> 
     </span>
    </p>
   </div>
   <div class='ocr_carea' id='block_1_44' title="bbox 335 2975 3603 3050">
    <p class='ocr_par' dir='ltr' id='par_1_44' title="bbox 335 2975 3603 3050">
     <span class='ocr_line' id='line_1_44' title="bbox 335 2975 3603 3050; baseline -0 -21"><span class='ocrx_word' id='word_1_385' title='bbox 335 2976 481 3029; x_wconf 87' lang='lat' dir='ltr'><strong>enim</strong></span> <span class='ocrx_word' id='word_1_386' title='bbox 514 2975 760 3032; x_wconf 88' lang='lat' dir='ltr'><strong>subsidio</strong></span> <span class='ocrx_word' id='word_1_387' title='bbox 784 2977 944 3034; x_wconf 90' lang='lat' dir='ltr'><strong>nobis</strong></span> <span class='ocrx_word' id='word_1_388' title='bbox 972 2994 1001 3032; x_wconf 90' lang='lat' dir='ltr'><strong>a</strong></span> <span class='ocrx_word' id='word_1_389' title='bbox 1038 2977 1171 3042; x_wconf 84' lang='lat' dir='ltr'><strong>Deo,</strong></span> <span class='ocrx_word' id='word_1_390' title='bbox 1202 2979 1585 3050; x_wconf 76' lang='lat' dir='ltr'><strong>theologorum</strong></span> <span class='ocrx_word' id='word_1_391' title='bbox 1621 2979 1915 3043; x_wconf 86' lang='lat' dir='ltr'><strong>sententia,</strong></span> <span class='ocrx_word' id='word_1_392' title='bbox 1950 2980 2269 3033; x_wconf 90' lang='lat' dir='ltr'><strong>mittuntur.</strong></span> <span class='ocrx_word' id='word_1_393' title='bbox 2327 2979 2715 3050; x_wconf 83' lang='lat' dir='ltr'><strong>Magistrorum</strong></span> <span class='ocrx_word' id='word_1_394' title='bbox 2752 2994 2817 3034; x_wconf 91' lang='lat' dir='ltr'><strong>ac</strong></span> <span class='ocrx_word' id='word_1_395' title='bbox 2863 2978 3154 3034; x_wconf 85' lang='lat' dir='ltr'><strong>doctorum</strong></span> <span class='ocrx_word' id='word_1_396' title='bbox 3192 2990 3476 3032; x_wconf 87' lang='lat' dir='ltr'><strong>sermones</strong></span> <span class='ocrx_word' id='word_1_397' title='bbox 3507 2989 3603 3044; x_wconf 85' lang='lat' dir='ltr'><strong>per</strong></span> 
     </span>
    </p>
   </div>
   <div class='ocr_carea' id='block_1_45' title="bbox 337 3062 3599 3139">
    <p class='ocr_par' dir='ltr' id='par_1_45' title="bbox 337 3062 3599 3139">
     <span class='ocr_line' id='line_1_45' title="bbox 337 3062 3599 3139; baseline -0 -23"><span class='ocrx_word' id='word_1_398' title='bbox 337 3063 499 3117; x_wconf 87' lang='lat' dir='ltr'><strong>tubas</strong></span> <span class='ocrx_word' id='word_1_399' title='bbox 529 3074 581 3118; x_wconf 92' lang='lat' dir='ltr'><strong>et</strong></span> <span class='ocrx_word' id='word_1_400' title='bbox 616 3064 773 3135; x_wconf 86' lang='lat' dir='ltr'><strong>signa</strong></span> <span class='ocrx_word' id='word_1_401' title='bbox 801 3064 1139 3119; x_wconf 90' lang='lat' dir='ltr'><strong>indicantur.</strong></span> <span class='ocrx_word' id='word_1_402' title='bbox 1177 3066 1253 3120; x_wconf 90' lang='lat' dir='ltr'><strong>Ita</strong></span> <span class='ocrx_word' id='word_1_403' title='bbox 1288 3067 1434 3121; x_wconf 90' lang='lat' dir='ltr'><strong>enim</strong></span> <span class='ocrx_word' id='word_1_404' title='bbox 1468 3065 1631 3123; x_wconf 79' lang='lat' dir='ltr'><strong>facile</strong></span> <span class='ocrx_word' id='word_1_405' title='bbox 1655 3068 1973 3139; x_wconf 80' lang='lat' dir='ltr'><strong>superiores</strong></span> <span class='ocrx_word' id='word_1_406' title='bbox 2000 3066 2253 3124; x_wconf 85' lang='lat' dir='ltr'><strong>hostibus</strong></span> <span class='ocrx_word' id='word_1_407' title='bbox 2299 3068 2508 3122; x_wconf 86' lang='lat' dir='ltr'><strong>nostris</strong></span> <span class='ocrx_word' id='word_1_408' title='bbox 2533 3077 2588 3123; x_wconf 87' lang='lat' dir='ltr'><strong>et</strong></span> <span class='ocrx_word' id='word_1_409' title='bbox 2626 3066 2829 3122; x_wconf 90' lang='lat' dir='ltr'><strong>Christi</strong></span> <span class='ocrx_word' id='word_1_410' title='bbox 2872 3067 3188 3128; x_wconf 86' lang='lat' dir='ltr'><strong>evademus,</strong></span> <span class='ocrx_word' id='word_1_411' title='bbox 3219 3064 3263 3119; x_wconf 91' lang='lat' dir='ltr'><strong>si</strong></span> <span class='ocrx_word' id='word_1_412' title='bbox 3297 3062 3599 3120; x_wconf 88' lang='lat' dir='ltr'><strong>secundum</strong></span> 
     </span>
    </p>
   </div>
   <div class='ocr_carea' id='block_1_46' title="bbox 338 3148 3603 3225">
    <p class='ocr_par' dir='ltr' id='par_1_46' title="bbox 338 3148 3603 3225">
     <span class='ocr_line' id='line_1_46' title="bbox 338 3148 3603 3225; baseline 0 -22"><span class='ocrx_word' id='word_1_413' title='bbox 338 3148 596 3206; x_wconf 88' lang='lat' dir='ltr'><strong>Davidem</strong></span> <span class='ocrx_word' id='word_1_414' title='bbox 628 3148 1052 3208; x_wconf 84' lang='lat' dir='ltr'><strong>clamaverimus</strong></span> <span class='ocrx_word' id='word_1_415' title='bbox 1089 3173 1101 3208; x_wconf 90' lang='lat'><strong>:</strong></span> <span class='ocrx_word' id='word_1_416' title='bbox 1135 3172 1153 3205; x_wconf 74' lang='grc' dir='ltr'><strong>ι</strong></span> <span class='ocrx_word' id='word_1_417' title='bbox 1192 3153 1247 3208; x_wconf 90' lang='lat' dir='ltr'><strong>In</strong></span> <span class='ocrx_word' id='word_1_418' title='bbox 1278 3163 1330 3210; x_wconf 93' lang='lat' dir='ltr'><strong>te</strong></span> <span class='ocrx_word' id='word_1_419' title='bbox 1363 3155 1548 3211; x_wconf 69' lang='lat' dir='ltr'><strong>hostes</strong></span> <span class='ocrx_word' id='word_1_420' title='bbox 1578 3163 1802 3211; x_wconf 91' lang='lat' dir='ltr'><strong>nostros</strong></span> <span class='ocrx_word' id='word_1_421' title='bbox 1859 3155 2217 3210; x_wconf 82' lang='lat' dir='ltr'><strong>retundentus</strong></span> <span class='ocrx_word' id='word_1_422' title='bbox 2264 3153 2333 3218; x_wconf 72' lang='lat'><strong>“,</strong></span> <span class='ocrx_word' id='word_1_423' title='bbox 2373 3172 2392 3205; x_wconf 77' lang='grc' dir='ltr'><strong>ι</strong></span> <span class='ocrx_word' id='word_1_424' title='bbox 2428 3168 2662 3225; x_wconf 91' lang='lat' dir='ltr'><strong>quorum</strong></span> <span class='ocrx_word' id='word_1_425' title='bbox 2708 3153 3000 3223; x_wconf 79' lang='lat' dir='ltr'><strong>captivitas</strong></span> <span class='ocrx_word' id='word_1_426' title='bbox 3052 3152 3119 3206; x_wconf 85' lang='lat' dir='ltr'><strong>ad</strong></span> <span class='ocrx_word' id='word_1_427' title='bbox 3167 3151 3490 3207; x_wconf 85' lang='lat' dir='ltr'><strong>Eleazarum</strong></span> <span class='ocrx_word' id='word_1_428' title='bbox 3549 3158 3603 3204; x_wconf 86' lang='lat' dir='ltr'><strong>et</strong></span> 
     </span>
    </p>
   </div>
   <div class='ocr_carea' id='block_1_47' title="bbox 337 3234 3600 3315">
    <p class='ocr_par' dir='ltr' id='par_1_47' title="bbox 337 3234 3600 3315">
     <span class='ocr_line' id='line_1_47' title="bbox 337 3234 3600 3315; baseline 0 -24"><span class='ocrx_word' id='word_1_429' title='bbox 337 3234 683 3309; x_wconf 83' lang='lat' dir='ltr'><strong>Synagogam</strong></span> <span class='ocrx_word' id='word_1_430' title='bbox 711 3239 1083 3295; x_wconf 80' lang='lat' dir='ltr'><strong>deferebatur.</strong></span> <span class='ocrx_word' id='word_1_431' title='bbox 1115 3240 1334 3296; x_wconf 86' lang='lat' dir='ltr'><strong>Christo</strong></span> <span class='ocrx_word' id='word_1_432' title='bbox 1363 3242 1506 3297; x_wconf 87' lang='lat' dir='ltr'><strong>enim</strong></span> <span class='ocrx_word' id='word_1_433' title='bbox 1540 3258 1713 3299; x_wconf 63' lang='lat' dir='ltr'><strong>sacrae</strong></span> <span class='ocrx_word' id='word_1_434' title='bbox 1754 3254 2074 3301; x_wconf 87' lang='lat' dir='ltr'><strong>sanctorum</strong></span> <span class='ocrx_word' id='word_1_435' title='bbox 2107 3254 2236 3301; x_wconf 86' lang='lat' dir='ltr'><strong>sunt</strong></span> <span class='ocrx_word' id='word_1_436' title='bbox 2262 3244 2513 3309; x_wconf 70' lang='lat' dir='ltr'><strong>virtutes,</strong></span> <span class='ocrx_word' id='word_1_437' title='bbox 2545 3258 2644 3300; x_wconf 90' lang='lat' dir='ltr'><strong>nec</strong></span> <span class='ocrx_word' id='word_1_438' title='bbox 2675 3243 2925 3299; x_wconf 68' lang='lat' dir='ltr'><strong>obscura:</strong></span> <span class='ocrx_word' id='word_1_439' title='bbox 2953 3243 3190 3315; x_wconf 90' lang='lat' dir='ltr'><strong>populis.</strong></span> <span class='ocrx_word' id='word_1_440' title='bbox 3227 3259 3246 3293; x_wconf 74' lang='grc' dir='ltr'><strong>ι</strong></span> <span class='ocrx_word' id='word_1_441' title='bbox 3283 3239 3429 3295; x_wconf 87' lang='lat' dir='ltr'><strong>Nihil</strong></span> <span class='ocrx_word' id='word_1_442' title='bbox 3454 3240 3600 3295; x_wconf 91' lang='lat' dir='ltr'><strong>enim</strong></span> 
     </span>
    </p>
   </div>
   <div class='ocr_carea' id='block_1_48' title="bbox 337 3327 2119 3401">
    <p class='ocr_par' dir='ltr' id='par_1_48' title="bbox 337 3327 2119 3401">
     <span class='ocr_line' id='line_1_48' title="bbox 337 3327 2119 3401; baseline 0.003 -22"><span class='ocrx_word' id='word_1_443' title='bbox 337 3333 450 3380; x_wconf 87' lang='lat' dir='ltr'><strong>tam</strong></span> <span class='ocrx_word' id='word_1_444' title='bbox 487 3327 760 3383; x_wconf 90' lang='lat' dir='ltr'><strong>occultum</strong></span> <span class='ocrx_word' id='word_1_445' title='bbox 785 3337 892 3393; x_wconf 87' lang='lat' dir='ltr'><strong>est,</strong></span> <span class='ocrx_word' id='word_1_446' title='bbox 928 3330 1128 3400; x_wconf 87' lang='lat' dir='ltr'><strong>inquit,</strong></span> <span class='ocrx_word' id='word_1_447' title='bbox 1166 3331 1311 3401; x_wconf 88' lang='lat' dir='ltr'><strong>quod</strong></span> <span class='ocrx_word' id='word_1_448' title='bbox 1351 3346 1457 3386; x_wconf 91' lang='lat' dir='ltr'><strong>non</strong></span> <span class='ocrx_word' id='word_1_449' title='bbox 1485 3332 1841 3389; x_wconf 89' lang='lat' dir='ltr'><strong>manifestum</strong></span> <span class='ocrx_word' id='word_1_450' title='bbox 1874 3333 1969 3389; x_wconf 79' lang='lat' dir='ltr'><strong>fiat.</strong></span> <span class='ocrx_word' id='word_1_451' title='bbox 1992 3338 2060 3388; x_wconf 81' lang='grc'><strong>⁸⁵.</strong></span> <span class='ocrx_word' id='word_1_452' title='bbox 2100 3353 2119 3385; x_wconf 77' lang='grc' dir='ltr'><strong>ι</strong></span> 
     </span>
    </p>
   </div>
   <div class='ocr_carea' id='block_1_49' title="bbox 408 3457 1984 3549">
    <p class='ocr_par' dir='ltr' id='par_1_49' title="bbox 408 3457 1984 3549">
     <span class='ocr_line' id='line_1_49' title="bbox 408 3457 1984 3549; baseline 0.005 -39"><span class='ocrx_word' id='word_1_453' title='bbox 408 3457 747 3549; x_wconf 66' lang='grc' dir='ltr'><strong>Προαιιτήντα</strong></span> <span class='ocrx_word' id='word_1_454' title='bbox 777 3459 890 3549; x_wconf 60' lang='lat' dir='ltr'><strong>tot;</strong></span> <span class='ocrx_word' id='word_1_455' title='bbox 918 3458 1238 3549; x_wconf 76' lang='grc' dir='ltr'><strong>ἀριστεῦσιν</strong></span> <span class='ocrx_word' id='word_1_456' title='bbox 1270 3463 1298 3515; x_wconf 81' lang='grc' dir='ltr'>ὁ</span> <span class='ocrx_word' id='word_1_457' title='bbox 1322 3460 1566 3533; x_wconf 80' lang='grc' dir='ltr'><strong>Μωῦσῆς</strong></span> <span class='ocrx_word' id='word_1_458' title='bbox 1586 3479 1600 3494; x_wconf 80' lang='grc' dir='ltr'><strong><em>ο</em></strong></span> <span class='ocrx_word' id='word_1_459' title='bbox 1635 3465 1729 3517; x_wconf 69' lang='grc' dir='ltr'><strong>καὶ</strong></span> <span class='ocrx_word' id='word_1_460' title='bbox 1755 3464 1913 3518; x_wconf 79' lang='grc' dir='ltr'>τοῦτο</span> <span class='ocrx_word' id='word_1_461' title='bbox 1943 3495 1984 3549; x_wconf 71' lang='grc' dir='ltr'><strong>Β</strong></span> 
     </span>
    </p>
   </div>
   <div class='ocr_carea' id='block_1_50' title="bbox 338 3546 1915 3624">
    <p class='ocr_par' dir='ltr' id='par_1_50' title="bbox 338 3546 1915 3624">
     <span class='ocr_line' id='line_1_50' title="bbox 338 3546 1915 3624; baseline 0.007 -26"><span class='ocrx_word' id='word_1_462' title='bbox 338 3546 437 3617; x_wconf 75' lang='grc' dir='ltr'>μὲν</span> <span class='ocrx_word' id='word_1_463' title='bbox 458 3548 623 3618; x_wconf 83' lang='grc' dir='ltr'>τιμῆς</span> <span class='ocrx_word' id='word_1_464' title='bbox 642 3564 656 3580; x_wconf 79' lang='grc'><strong>’</strong></span> <span class='ocrx_word' id='word_1_465' title='bbox 685 3547 923 3619; x_wconf 75' lang='grc' dir='ltr'>ἐπετίμα</span> <span class='ocrx_word' id='word_1_466' title='bbox 954 3548 1009 3603; x_wconf 80' lang='grc' dir='ltr'><strong>δὲ</strong></span> <span class='ocrx_word' id='word_1_467' title='bbox 1038 3550 1166 3620; x_wconf 68' lang='grc' dir='ltr'>περὶ</span> <span class='ocrx_word' id='word_1_468' title='bbox 1194 3549 1304 3605; x_wconf 84' lang='grc' dir='ltr'><strong>τῶν</strong></span> <span class='ocrx_word' id='word_1_469' title='bbox 1330 3551 1745 3624; x_wconf 80' lang='grc' dir='ltr'><strong>ζωγρηθέντων.</strong></span> <span class='ocrx_word' id='word_1_470' title='bbox 1772 3573 1790 3606; x_wconf 79' lang='lat' dir='ltr'><strong>t</strong></span> <span class='ocrx_word' id='word_1_471' title='bbox 1813 3556 1915 3609; x_wconf 86' lang='grc' dir='ltr'><strong>Οὑ-</strong></span> 
     </span>
    </p>
   </div>
   <div class='ocr_carea' id='block_1_51' title="bbox 330 3639 1274 3713">
    <p class='ocr_par' dir='ltr' id='par_1_51' title="bbox 330 3639 1274 3713">
     <span class='ocr_line' id='line_1_51' title="bbox 330 3639 1274 3713; baseline 0.001 -19"><span class='ocrx_word' id='word_1_472' title='bbox 330 3639 446 3705; x_wconf 72' lang='grc' dir='ltr'><strong>δεὶς</strong></span> <span class='ocrx_word' id='word_1_473' title='bbox 467 3639 577 3712; x_wconf 76' lang='grc' dir='ltr'><strong>γὰρ</strong></span> <span class='ocrx_word' id='word_1_474' title='bbox 610 3640 848 3712; x_wconf 80' lang='grc' dir='ltr'><strong>καθαρὸς</strong></span> <span class='ocrx_word' id='word_1_475' title='bbox 869 3640 978 3695; x_wconf 80' lang='grc' dir='ltr'><strong>ἀπὸ</strong></span> <span class='ocrx_word' id='word_1_476' title='bbox 1007 3642 1204 3713; x_wconf 82' lang='grc' dir='ltr'>ῥύπου.</span> <span class='ocrx_word' id='word_1_477' title='bbox 1255 3663 1274 3695; x_wconf 76' lang='grc' dir='ltr'><strong>ι</strong></span> 
     </span>
    </p>
   </div>
   <div class='ocr_carea' id='block_1_52' title="bbox 2087 3455 3603 3528">
    <p class='ocr_par' dir='ltr' id='par_1_52' title="bbox 2087 3455 3603 3528">
     <span class='ocr_line' id='line_1_52' title="bbox 2087 3455 3603 3528; baseline -0.001 -17"><span class='ocrx_word' id='word_1_478' title='bbox 2087 3459 2411 3515; x_wconf 83' lang='lat' dir='ltr'><strong>Ibatautem</strong></span> <span class='ocrx_word' id='word_1_479' title='bbox 2448 3458 2626 3516; x_wconf 81' lang='lat' dir='ltr'><strong>Moses</strong></span> <span class='ocrx_word' id='word_1_480' title='bbox 2653 3459 2708 3513; x_wconf 91' lang='lat' dir='ltr'><strong>in</strong></span> <span class='ocrx_word' id='word_1_481' title='bbox 2742 3473 3037 3524; x_wconf 83' lang='lat' dir='ltr'><strong>occursum</strong></span> <span class='ocrx_word' id='word_1_482' title='bbox 3080 3470 3395 3528; x_wconf 88' lang='lat' dir='ltr'><strong>procerum,</strong></span> <span class='ocrx_word' id='word_1_483' title='bbox 3431 3455 3603 3512; x_wconf 77' lang='lat' dir='ltr'><strong>hono-</strong></span> 
     </span>
    </p>
   </div>
   <div class='ocr_carea' id='block_1_53' title="bbox 2020 3547 3602 3621">
    <p class='ocr_par' dir='ltr' id='par_1_53' title="bbox 2020 3547 3602 3621">
     <span class='ocr_line' id='line_1_53' title="bbox 2020 3547 3602 3621; baseline -0.003 -16"><span class='ocrx_word' id='word_1_484' title='bbox 2020 3551 2096 3605; x_wconf 89' lang='lat' dir='ltr'><strong>ris</strong></span> <span class='ocrx_word' id='word_1_485' title='bbox 2120 3549 2318 3620; x_wconf 86' lang='lat' dir='ltr'><strong>gratia.</strong></span> <span class='ocrx_word' id='word_1_486' title='bbox 2356 3549 2433 3604; x_wconf 82' lang='lat' dir='ltr'><strong>Ac</strong></span> <span class='ocrx_word' id='word_1_487' title='bbox 2467 3549 2905 3621; x_wconf 86' lang='lat' dir='ltr'><strong>reprehendebat</strong></span> <span class='ocrx_word' id='word_1_488' title='bbox 2937 3554 3161 3620; x_wconf 87' lang='lat' dir='ltr'><strong>propter</strong></span> <span class='ocrx_word' id='word_1_489' title='bbox 3190 3547 3439 3618; x_wconf 90' lang='lat' dir='ltr'><strong>captivos</strong></span> <span class='ocrx_word' id='word_1_490' title='bbox 3462 3561 3602 3617; x_wconf 89' lang='lat' dir='ltr'><strong>quos</strong></span> 
     </span>
    </p>
   </div>
   <div class='ocr_carea' id='block_1_54' title="bbox 2018 3639 3601 3698">
    <p class='ocr_par' dir='ltr' id='par_1_54' title="bbox 2018 3639 3601 3698">
     <span class='ocr_line' id='line_1_54' title="bbox 2018 3639 3601 3698; baseline -0.002 -2"><span class='ocrx_word' id='word_1_491' title='bbox 2018 3642 2074 3696; x_wconf 91' lang='lat' dir='ltr'><strong>in</strong></span> <span class='ocrx_word' id='word_1_492' title='bbox 2100 3643 2209 3696; x_wconf 89' lang='lat' dir='ltr'><strong>vita</strong></span> <span class='ocrx_word' id='word_1_493' title='bbox 2240 3650 2620 3697; x_wconf 64' lang='lat' dir='ltr'><strong>servaverant.</strong></span> <span class='ocrx_word' id='word_1_494' title='bbox 2662 3641 2813 3698; x_wconf 82' lang='lat' dir='ltr'><strong>Adeo</strong></span> <span class='ocrx_word' id='word_1_495' title='bbox 2866 3656 3038 3697; x_wconf 87' lang='lat' dir='ltr'><strong>vero:</strong></span> <span class='ocrx_word' id='word_1_496' title='bbox 3082 3660 3100 3692; x_wconf 75' lang='grc' dir='ltr'><strong>ι</strong></span> <span class='ocrx_word' id='word_1_497' title='bbox 3146 3639 3320 3697; x_wconf 89' lang='lat' dir='ltr'><strong>Nemo</strong></span> <span class='ocrx_word' id='word_1_498' title='bbox 3355 3640 3423 3695; x_wconf 89' lang='lat' dir='ltr'><strong>ab</strong></span> <span class='ocrx_word' id='word_1_499' title='bbox 3452 3639 3601 3695; x_wconf 91' lang='lat' dir='ltr'><strong>omni</strong></span> 
     </span>
    </p>
   </div>
   <div class='ocr_carea' id='block_1_55' title="bbox 2016 3735 2657 3805">
    <p class='ocr_par' dir='ltr' id='par_1_55' title="bbox 2016 3735 2657 3805">
     <span class='ocr_line' id='line_1_55' title="bbox 2016 3735 2657 3805; baseline -0.002 -17"><span class='ocrx_word' id='word_1_500' title='bbox 2016 3748 2172 3788; x_wconf 69' lang='lat' dir='ltr'><strong>naevo</strong></span> <span class='ocrx_word' id='word_1_501' title='bbox 2204 3750 2378 3805; x_wconf 89' lang='lat' dir='ltr'><strong>purus</strong></span> <span class='ocrx_word' id='word_1_502' title='bbox 2407 3741 2493 3790; x_wconf 87' lang='lat' dir='ltr'><strong>est</strong></span> <span class='ocrx_word' id='word_1_503' title='bbox 2527 3735 2595 3788; x_wconf 76' lang='grc'><strong>⁸⁸.</strong></span> <span class='ocrx_word' id='word_1_504' title='bbox 2638 3754 2657 3787; x_wconf 76' lang='grc' dir='ltr'><strong>ι</strong></span> 
     </span>
    </p>
   </div>
   <div class='ocr_carea' id='block_1_56' title="bbox 404 3865 3595 3941">
    <p class='ocr_par' dir='ltr' id='par_1_56' title="bbox 404 3865 3595 3941">
     <span class='ocr_line' id='line_1_56' title="bbox 404 3865 3595 3941; baseline 0.001 -20"><span class='ocrx_word' id='word_1_505' title='bbox 404 3868 537 3923; x_wconf 86' lang='lat' dir='ltr'><strong>Item</strong></span> <span class='ocrx_word' id='word_1_506' title='bbox 574 3884 585 3919; x_wconf 94' lang='lat'><strong>:</strong></span> <span class='ocrx_word' id='word_1_507' title='bbox 636 3886 654 3919; x_wconf 77' lang='grc' dir='ltr'><strong>ι</strong></span> <span class='ocrx_word' id='word_1_508' title='bbox 696 3867 778 3922; x_wconf 87' lang='lat' dir='ltr'><strong>Ab</strong></span> <span class='ocrx_word' id='word_1_509' title='bbox 807 3865 1189 3938; x_wconf 62' lang='lat' dir='ltr'><strong>affectionibus</strong></span> <span class='ocrx_word' id='word_1_510' title='bbox 1214 3872 1395 3939; x_wconf 88' lang='lat' dir='ltr'><strong>pravis</strong></span> <span class='ocrx_word' id='word_1_511' title='bbox 1428 3871 1629 3924; x_wconf 90' lang='lat' dir='ltr'><strong>munda</strong></span> <span class='ocrx_word' id='word_1_512' title='bbox 1661 3887 1744 3926; x_wconf 85' lang='lat' dir='ltr'><strong>tne</strong></span> <span class='ocrx_word' id='word_1_513' title='bbox 1768 3872 1836 3924; x_wconf 77' lang='grc'><strong>⁸⁷.</strong></span> <span class='ocrx_word' id='word_1_514' title='bbox 1884 3891 1900 3922; x_wconf 81' lang='grc' dir='ltr'><strong>ι</strong></span> <span class='ocrx_word' id='word_1_515' title='bbox 1935 3870 2064 3926; x_wconf 85' lang='lat' dir='ltr'><strong>Item</strong></span> <span class='ocrx_word' id='word_1_516' title='bbox 2098 3890 2109 3923; x_wconf 87' lang='lat'><strong>:</strong></span> <span class='ocrx_word' id='word_1_517' title='bbox 2147 3889 2165 3921; x_wconf 85' lang='grc'><strong><em>‹</em></strong></span> <span class='ocrx_word' id='word_1_518' title='bbox 2201 3870 2449 3935; x_wconf 88' lang='lat' dir='ltr'><strong>Domine,</strong></span> <span class='ocrx_word' id='word_1_519' title='bbox 2482 3870 2529 3927; x_wconf 91' lang='lat' dir='ltr'><strong>si</strong></span> <span class='ocrx_word' id='word_1_520' title='bbox 2568 3871 2889 3941; x_wconf 87' lang='lat' dir='ltr'><strong>iniquitates</strong></span> <span class='ocrx_word' id='word_1_521' title='bbox 2922 3881 3145 3927; x_wconf 89' lang='lat' dir='ltr'><strong>nostras</strong></span> <span class='ocrx_word' id='word_1_522' title='bbox 3182 3870 3595 3931; x_wconf 87' lang='lat' dir='ltr'><strong>observaveris,</strong></span> 
     </span>
    </p>
   </div>
   <div class='ocr_carea' id='block_1_57' title="bbox 334 3953 3601 4030">
    <p class='ocr_par' dir='ltr' id='par_1_57' title="bbox 334 3953 3601 4030">
     <span class='ocr_line' id='line_1_57' title="bbox 334 3953 3601 4030; baseline 0.001 -22"><span class='ocrx_word' id='word_1_523' title='bbox 334 3953 586 4020; x_wconf 85' lang='lat' dir='ltr'><strong>Domine,</strong></span> <span class='ocrx_word' id='word_1_524' title='bbox 620 3954 747 4024; x_wconf 86' lang='lat' dir='ltr'><strong>quis</strong></span> <span class='ocrx_word' id='word_1_525' title='bbox 777 3955 1084 4011; x_wconf 89' lang='lat' dir='ltr'><strong>consistere</strong></span> <span class='ocrx_word' id='word_1_526' title='bbox 1108 3956 1311 4027; x_wconf 89' lang='lat' dir='ltr'><strong>poterit</strong></span> <span class='ocrx_word' id='word_1_527' title='bbox 1337 3957 1422 4010; x_wconf 66' lang='lat'><strong>3”?</strong></span> <span class='ocrx_word' id='word_1_528' title='bbox 1451 3975 1469 4008; x_wconf 87' lang='grc'><strong>›</strong></span> <span class='ocrx_word' id='word_1_529' title='bbox 1508 3956 1572 4009; x_wconf 83' lang='grc' dir='ltr'>Ει</span> <span class='ocrx_word' id='word_1_530' title='bbox 1600 3974 1615 4012; x_wconf 81' lang='grc' dir='ltr'><strong>ι</strong></span> <span class='ocrx_word' id='word_1_531' title='bbox 1641 3976 1659 4009; x_wconf 79' lang='lat' dir='ltr'><strong>t</strong></span> <span class='ocrx_word' id='word_1_532' title='bbox 1696 3954 1927 4011; x_wconf 81' lang='lat' dir='ltr'><strong>Peccata</strong></span> <span class='ocrx_word' id='word_1_533' title='bbox 1955 3959 2079 4026; x_wconf 87' lang='lat' dir='ltr'><strong>quis</strong></span> <span class='ocrx_word' id='word_1_534' title='bbox 2129 3957 2393 4029; x_wconf 82' lang='lat' dir='ltr'><strong>intelliget</strong></span> <span class='ocrx_word' id='word_1_535' title='bbox 2415 3958 2510 4012; x_wconf 71' lang='grc'><strong>⁸⁸⁸2</strong></span> <span class='ocrx_word' id='word_1_536' title='bbox 2548 3977 2566 4010; x_wconf 76' lang='grc' dir='ltr'><strong>ι</strong></span> <span class='ocrx_word' id='word_1_537' title='bbox 2607 3961 2868 4030; x_wconf 89' lang='lat' dir='ltr'><strong>quoniam</strong></span> <span class='ocrx_word' id='word_1_538' title='bbox 2904 3978 2923 4011; x_wconf 76' lang='grc' dir='ltr'><strong>ι</strong></span> <span class='ocrx_word' id='word_1_539' title='bbox 2958 3961 3139 4013; x_wconf 91' lang='lat' dir='ltr'><strong>omnis</strong></span> <span class='ocrx_word' id='word_1_540' title='bbox 3169 3967 3359 4015; x_wconf 87' lang='lat' dir='ltr'><strong>nostra</strong></span> <span class='ocrx_word' id='word_1_541' title='bbox 3387 3958 3601 4029; x_wconf 85' lang='lat' dir='ltr'><strong>justitia</strong></span> 
     </span>
    </p>
   </div>
   <div class='ocr_carea' id='block_1_58' title="bbox 334 4042 3602 4111">
    <p class='ocr_par' dir='ltr' id='par_1_58' title="bbox 334 4042 3602 4111">
     <span class='ocr_line' id='line_1_58' title="bbox 334 4042 3602 4111; baseline 0.001 -14"><span class='ocrx_word' id='word_1_542' title='bbox 334 4042 484 4097; x_wconf 84' lang='lat' dir='ltr'><strong>velut</strong></span> <span class='ocrx_word' id='word_1_543' title='bbox 514 4042 680 4111; x_wconf 91' lang='lat' dir='ltr'><strong>panni</strong></span> <span class='ocrx_word' id='word_1_544' title='bbox 711 4049 1067 4098; x_wconf 85' lang='lat' dir='ltr'><strong>menstruatae</strong></span> <span class='ocrx_word' id='word_1_545' title='bbox 1098 4044 1348 4099; x_wconf 90' lang='lat' dir='ltr'><strong>mulieris</strong></span> <span class='ocrx_word' id='word_1_546' title='bbox 1386 4045 1487 4096; x_wconf 71' lang='grc' dir='ltr'><strong>⁸ο.)</strong></span> <span class='ocrx_word' id='word_1_547' title='bbox 1524 4044 1666 4110; x_wconf 82' lang='lat' dir='ltr'><strong>Quin</strong></span> <span class='ocrx_word' id='word_1_548' title='bbox 1701 4043 1904 4100; x_wconf 85' lang='lat' dir='ltr'><strong>Paulus</strong></span> <span class='ocrx_word' id='word_1_549' title='bbox 1928 4062 2052 4100; x_wconf 92' lang='lat' dir='ltr'><strong>cum</strong></span> <span class='ocrx_word' id='word_1_550' title='bbox 2075 4046 2248 4102; x_wconf 88' lang='lat' dir='ltr'><strong>dicat:</strong></span> <span class='ocrx_word' id='word_1_551' title='bbox 2279 4065 2298 4099; x_wconf 76' lang='grc' dir='ltr'><strong>ι</strong></span> <span class='ocrx_word' id='word_1_552' title='bbox 2337 4047 2555 4104; x_wconf 79' lang='lat' dir='ltr'><strong>Nullius</strong></span> <span class='ocrx_word' id='word_1_553' title='bbox 2585 4047 2718 4102; x_wconf 90' lang='lat' dir='ltr'><strong>mihi</strong></span> <span class='ocrx_word' id='word_1_554' title='bbox 2740 4044 2872 4102; x_wconf 85' lang='lat' dir='ltr'><strong>sum</strong></span> <span class='ocrx_word' id='word_1_555' title='bbox 2897 4048 3181 4109; x_wconf 89' lang='lat' dir='ltr'><strong>conscius,</strong></span> <span class='ocrx_word' id='word_1_556' title='bbox 3203 4062 3392 4102; x_wconf 87' lang='lat' dir='ltr'><strong>verum</strong></span> <span class='ocrx_word' id='word_1_557' title='bbox 3425 4047 3477 4101; x_wconf 89' lang='lat' dir='ltr'><strong>in</strong></span> <span class='ocrx_word' id='word_1_558' title='bbox 3501 4047 3602 4101; x_wconf 92' lang='lat' dir='ltr'><strong>hoc</strong></span> 
     </span>
    </p>
   </div>
   <div class='ocr_carea' id='block_1_59' title="bbox 333 4128 3597 4205">
    <p class='ocr_par' dir='ltr' id='par_1_59' title="bbox 333 4128 3597 4205">
     <span class='ocr_line' id='line_1_59' title="bbox 333 4128 3597 4205; baseline 0.001 -21"><span class='ocrx_word' id='word_1_559' title='bbox 333 4128 797 4200; x_wconf 86' lang='lat' dir='ltr'><strong>nonjustiﬁcatus</strong></span> <span class='ocrx_word' id='word_1_560' title='bbox 829 4130 1054 4192; x_wconf 68' lang='lat' dir='ltr'><strong>sum&quot;,</strong></span> <span class='ocrx_word' id='word_1_561' title='bbox 1094 4150 1113 4182; x_wconf 79' lang='grc' dir='ltr'><strong>ι</strong></span> <span class='ocrx_word' id='word_1_562' title='bbox 1147 4130 1320 4185; x_wconf 88' lang='lat' dir='ltr'><strong>addit.</strong></span> <span class='ocrx_word' id='word_1_563' title='bbox 1366 4130 1565 4187; x_wconf 84' lang='lat' dir='ltr'><strong>Verum</strong></span> <span class='ocrx_word' id='word_1_564' title='bbox 1593 4133 1876 4188; x_wconf 87' lang='lat' dir='ltr'><strong>enimvero</strong></span> <span class='ocrx_word' id='word_1_565' title='bbox 1922 4150 1982 4189; x_wconf 89' lang='lat' dir='ltr'><strong>ea</strong></span> <span class='ocrx_word' id='word_1_566' title='bbox 2013 4136 2369 4205; x_wconf 75' lang='lat' dir='ltr'><strong>reprehensio</strong></span> <span class='ocrx_word' id='word_1_567' title='bbox 2420 4152 2528 4190; x_wconf 91' lang='lat' dir='ltr'><strong>non</strong></span> <span class='ocrx_word' id='word_1_568' title='bbox 2560 4137 2626 4190; x_wconf 88' lang='lat' dir='ltr'><strong>ad</strong></span> <span class='ocrx_word' id='word_1_569' title='bbox 2679 4150 2873 4191; x_wconf 90' lang='lat' dir='ltr'><strong>omnes</strong></span> <span class='ocrx_word' id='word_1_570' title='bbox 2898 4177 2913 4198; x_wconf 91' lang='lat'><strong>,</strong></span> <span class='ocrx_word' id='word_1_571' title='bbox 2966 4136 3061 4191; x_wconf 89' lang='lat' dir='ltr'><strong>sed</strong></span> <span class='ocrx_word' id='word_1_572' title='bbox 3115 4135 3285 4190; x_wconf 89' lang='lat' dir='ltr'><strong>duces</strong></span> <span class='ocrx_word' id='word_1_573' title='bbox 3315 4134 3597 4204; x_wconf 89' lang='lat' dir='ltr'><strong>c0piarum</strong></span> 
     </span>
    </p>
   </div>
   <div class='ocr_carea' id='block_1_60' title="bbox 331 4217 3598 4290">
    <p class='ocr_par' dir='ltr' id='par_1_60' title="bbox 331 4217 3598 4290">
     <span class='ocr_line' id='line_1_60' title="bbox 331 4217 3598 4290; baseline 0.001 -18"><span class='ocrx_word' id='word_1_574' title='bbox 331 4217 700 4287; x_wconf 82' lang='lat' dir='ltr'><strong>respiciebat;</strong></span> <span class='ocrx_word' id='word_1_575' title='bbox 726 4226 975 4289; x_wconf 89' lang='lat' dir='ltr'><strong>potentes</strong></span> <span class='ocrx_word' id='word_1_576' title='bbox 1002 4219 1148 4273; x_wconf 88' lang='lat' dir='ltr'><strong>enim</strong></span> <span class='ocrx_word' id='word_1_577' title='bbox 1178 4220 1472 4275; x_wconf 82' lang='lat' dir='ltr'><strong>eﬂicaciter</strong></span> <span class='ocrx_word' id='word_1_578' title='bbox 1496 4221 1959 4275; x_wconf 81' lang='lat' dir='ltr'><strong>examinabuutur</strong></span> <span class='ocrx_word' id='word_1_579' title='bbox 1988 4223 2052 4276; x_wconf 68' lang='grc' dir='ltr'><strong>θ’.</strong></span> <span class='ocrx_word' id='word_1_580' title='bbox 2086 4221 2221 4277; x_wconf 88' lang='lat' dir='ltr'><strong>Nam</strong></span> <span class='ocrx_word' id='word_1_581' title='bbox 2250 4241 2263 4277; x_wconf 89' lang='lat'><strong>:</strong></span> <span class='ocrx_word' id='word_1_582' title='bbox 2303 4242 2321 4274; x_wconf 78' lang='grc' dir='ltr'><strong>ι</strong></span> <span class='ocrx_word' id='word_1_583' title='bbox 2369 4223 2472 4277; x_wconf 88' lang='lat' dir='ltr'><strong>Cui</strong></span> <span class='ocrx_word' id='word_1_584' title='bbox 2503 4223 2734 4278; x_wconf 90' lang='lat' dir='ltr'><strong>multum</strong></span> <span class='ocrx_word' id='word_1_585' title='bbox 2764 4223 3187 4289; x_wconf 88' lang='lat' dir='ltr'><strong>commiserunt,</strong></span> <span class='ocrx_word' id='word_1_586' title='bbox 3215 4223 3413 4290; x_wconf 87' lang='lat' dir='ltr'><strong>inquit,</strong></span> <span class='ocrx_word' id='word_1_587' title='bbox 3446 4222 3514 4275; x_wconf 87' lang='lat' dir='ltr'><strong>ab</strong></span> <span class='ocrx_word' id='word_1_588' title='bbox 3534 4236 3598 4277; x_wconf 89' lang='lat' dir='ltr'><strong>eo</strong></span> 
     </span>
    </p>
   </div>
   <div class='ocr_carea' id='block_1_61' title="bbox 332 4306 3602 4381">
    <p class='ocr_par' dir='ltr' id='par_1_61' title="bbox 332 4306 3602 4381">
     <span class='ocr_line' id='line_1_61' title="bbox 332 4306 3602 4381; baseline 0.001 -21"><span class='ocrx_word' id='word_1_589' title='bbox 332 4306 855 4377; x_wconf 82' lang='lat' dir='ltr'><strong>requirentquoque</strong></span> <span class='ocrx_word' id='word_1_590' title='bbox 890 4307 1122 4361; x_wconf 90' lang='lat' dir='ltr'><strong>multum</strong></span> <span class='ocrx_word' id='word_1_591' title='bbox 1153 4309 1225 4376; x_wconf 65' lang='lat'><strong>’3;</strong></span> <span class='ocrx_word' id='word_1_592' title='bbox 1261 4327 1279 4359; x_wconf 74' lang='grc' dir='ltr'><strong>ι</strong></span> <span class='ocrx_word' id='word_1_593' title='bbox 1317 4308 1464 4363; x_wconf 88' lang='lat' dir='ltr'><strong>unde</strong></span> <span class='ocrx_word' id='word_1_594' title='bbox 1505 4310 1638 4362; x_wconf 82' lang='lat' dir='ltr'><strong>illud</strong></span> <span class='ocrx_word' id='word_1_595' title='bbox 1671 4310 1834 4364; x_wconf 89' lang='lat' dir='ltr'><strong>etiam</strong></span> <span class='ocrx_word' id='word_1_596' title='bbox 1870 4328 1882 4363; x_wconf 90' lang='lat'><strong>:</strong></span> <span class='ocrx_word' id='word_1_597' title='bbox 1922 4328 1939 4361; x_wconf 74' lang='grc' dir='ltr'>ε</span> <span class='ocrx_word' id='word_1_598' title='bbox 1976 4310 2219 4377; x_wconf 86' lang='lat' dir='ltr'><strong>Fratres,</strong></span> <span class='ocrx_word' id='word_1_599' title='bbox 2246 4312 2418 4366; x_wconf 89' lang='lat' dir='ltr'><strong>nolite</strong></span> <span class='ocrx_word' id='word_1_600' title='bbox 2444 4311 2603 4366; x_wconf 90' lang='lat' dir='ltr'><strong>multi</strong></span> <span class='ocrx_word' id='word_1_601' title='bbox 2640 4312 2891 4381; x_wconf 81' lang='lat' dir='ltr'><strong>magistri</strong></span> <span class='ocrx_word' id='word_1_602' title='bbox 2915 4310 3054 4375; x_wconf 86' lang='lat' dir='ltr'><strong>fieri,</strong></span> <span class='ocrx_word' id='word_1_603' title='bbox 3088 4311 3368 4381; x_wconf 85' lang='lat' dir='ltr'><strong>cognitum</strong></span> <span class='ocrx_word' id='word_1_604' title='bbox 3399 4310 3602 4365; x_wconf 84' lang='lat' dir='ltr'><strong>haben-</strong></span> 
     </span>
    </p>
   </div>
   <div class='ocr_carea' id='block_1_62' title="bbox 330 4394 3598 4469">
    <p class='ocr_par' dir='ltr' id='par_1_62' title="bbox 330 4394 3598 4469">
     <span class='ocr_line' id='line_1_62' title="bbox 330 4394 3598 4469; baseline 0.002 -23"><span class='ocrx_word' id='word_1_605' title='bbox 330 4401 441 4457; x_wconf 87' lang='lat' dir='ltr'><strong>tes,</strong></span> <span class='ocrx_word' id='word_1_606' title='bbox 475 4394 621 4463; x_wconf 89' lang='lat' dir='ltr'><strong>quod</strong></span> <span class='ocrx_word' id='word_1_607' title='bbox 656 4409 721 4449; x_wconf 90' lang='lat' dir='ltr'><strong>eo</strong></span> <span class='ocrx_word' id='word_1_608' title='bbox 750 4396 926 4464; x_wconf 81' lang='lat' dir='ltr'><strong>majus</strong></span> <span class='ocrx_word' id='word_1_609' title='bbox 947 4394 1215 4464; x_wconf 83' lang='lat' dir='ltr'><strong>judicium</strong></span> <span class='ocrx_word' id='word_1_610' title='bbox 1243 4396 1639 4451; x_wconf 81' lang='lat' dir='ltr'><strong>sus1inebituus</strong></span> <span class='ocrx_word' id='word_1_611' title='bbox 1663 4396 1729 4449; x_wconf 64' lang='grc'><strong>³⁵.</strong></span> <span class='ocrx_word' id='word_1_612' title='bbox 1766 4416 1782 4447; x_wconf 77' lang='grc' dir='ltr'><strong>ι</strong></span> <span class='ocrx_word' id='word_1_613' title='bbox 1812 4394 1915 4462; x_wconf 90' lang='lat' dir='ltr'><strong>Qui</strong></span> <span class='ocrx_word' id='word_1_614' title='bbox 1938 4400 2080 4452; x_wconf 88' lang='lat' dir='ltr'><strong>enim</strong></span> <span class='ocrx_word' id='word_1_615' title='bbox 2107 4399 2307 4453; x_wconf 87' lang='lat' dir='ltr'><strong>sobriis</strong></span> <span class='ocrx_word' id='word_1_616' title='bbox 2346 4398 2693 4468; x_wconf 84' lang='lat' dir='ltr'><strong>principibus</strong></span> <span class='ocrx_word' id='word_1_617' title='bbox 2724 4400 3066 4467; x_wconf 85' lang='lat' dir='ltr'><strong>obtemperat</strong></span> <span class='ocrx_word' id='word_1_618' title='bbox 3099 4410 3351 4469; x_wconf 86' lang='lat' dir='ltr'><strong>magnam</strong></span> <span class='ocrx_word' id='word_1_619' title='bbox 3382 4398 3598 4452; x_wconf 91' lang='lat' dir='ltr'><strong>laudem</strong></span> 
     </span>
    </p>
   </div>
   <div class='ocr_carea' id='block_1_63' title="bbox 332 4482 3597 4556">
    <p class='ocr_par' dir='ltr' id='par_1_63' title="bbox 332 4482 3597 4556">
     <span class='ocr_line' id='line_1_63' title="bbox 332 4482 3597 4556; baseline 0.001 -21"><span class='ocrx_word' id='word_1_620' title='bbox 332 4483 695 4552; x_wconf 89' lang='lat' dir='ltr'><strong>consequitur</strong></span> <span class='ocrx_word' id='word_1_621' title='bbox 734 4501 747 4536; x_wconf 92' lang='lat'><strong>:</strong></span> <span class='ocrx_word' id='word_1_622' title='bbox 788 4503 805 4534; x_wconf 76' lang='grc' dir='ltr'><strong>ι</strong></span> <span class='ocrx_word' id='word_1_623' title='bbox 843 4482 1025 4549; x_wconf 88' lang='lat' dir='ltr'><strong>Quare</strong></span> <span class='ocrx_word' id='word_1_624' title='bbox 1053 4485 1252 4539; x_wconf 87' lang='lat' dir='ltr'><strong>vestris</strong></span> <span class='ocrx_word' id='word_1_625' title='bbox 1274 4483 1513 4539; x_wconf 87' lang='lat' dir='ltr'><strong>ducibus</strong></span> <span class='ocrx_word' id='word_1_626' title='bbox 1543 4495 1751 4554; x_wconf 88' lang='lat' dir='ltr'><strong>parete,</strong></span> <span class='ocrx_word' id='word_1_627' title='bbox 1785 4485 1983 4554; x_wconf 82' lang='lat' dir='ltr'><strong>inquit,</strong></span> <span class='ocrx_word' id='word_1_628' title='bbox 2019 4486 2119 4556; x_wconf 83' lang='lat' dir='ltr'><strong>ipsi</strong></span> <span class='ocrx_word' id='word_1_629' title='bbox 2160 4486 2310 4541; x_wconf 90' lang='lat' dir='ltr'><strong>enim</strong></span> <span class='ocrx_word' id='word_1_630' title='bbox 2341 4486 2541 4540; x_wconf 90' lang='lat' dir='ltr'><strong>animis</strong></span> <span class='ocrx_word' id='word_1_631' title='bbox 2568 4486 2771 4541; x_wconf 81' lang='lat' dir='ltr'><strong>vestris</strong></span> <span class='ocrx_word' id='word_1_632' title='bbox 2796 4485 3107 4556; x_wconf 81' lang='lat' dir='ltr'><strong>invigilant,</strong></span> <span class='ocrx_word' id='word_1_633' title='bbox 3141 4493 3401 4555; x_wconf 89' lang='lat' dir='ltr'><strong>tanquam</strong></span> <span class='ocrx_word' id='word_1_634' title='bbox 3435 4486 3471 4538; x_wconf 91' lang='lat' dir='ltr'><strong>ii</strong></span> <span class='ocrx_word' id='word_1_635' title='bbox 3504 4486 3597 4555; x_wconf 89' lang='lat' dir='ltr'><strong>qui</strong></span> 
     </span>
    </p>
   </div>
   <div class='ocr_carea' id='block_1_64' title="bbox 330 4566 3600 4643">
    <p class='ocr_par' dir='ltr' id='par_1_64' title="bbox 330 4566 3600 4643">
     <span class='ocr_line' id='line_1_64' title="bbox 330 4566 3600 4643; baseline 0 -18"><span class='ocrx_word' id='word_1_636' title='bbox 330 4572 602 4626; x_wconf 89' lang='lat' dir='ltr'><strong>rationem</strong></span> <span class='ocrx_word' id='word_1_637' title='bbox 638 4571 705 4626; x_wconf 92' lang='lat' dir='ltr'><strong>de</strong></span> <span class='ocrx_word' id='word_1_638' title='bbox 740 4573 898 4627; x_wconf 88' lang='lat' dir='ltr'><strong>nobis</strong></span> <span class='ocrx_word' id='word_1_639' title='bbox 935 4572 1047 4627; x_wconf 91' lang='lat' dir='ltr'><strong>sint</strong></span> <span class='ocrx_word' id='word_1_640' title='bbox 1082 4573 1348 4628; x_wconf 88' lang='lat' dir='ltr'><strong>reddituri</strong></span> <span class='ocrx_word' id='word_1_641' title='bbox 1380 4575 1449 4629; x_wconf 73' lang='grc'><strong>’⁵.</strong></span> <span class='ocrx_word' id='word_1_642' title='bbox 1486 4593 1504 4625; x_wconf 74' lang='grc' dir='ltr'><strong>ο</strong></span> <span class='ocrx_word' id='word_1_643' title='bbox 1535 4566 1903 4628; x_wconf 77' lang='lat' dir='ltr'><strong>Jubet‘autem</strong></span> <span class='ocrx_word' id='word_1_644' title='bbox 1935 4587 2031 4628; x_wconf 90' lang='lat' dir='ltr'><strong>eos</strong></span> <span class='ocrx_word' id='word_1_645' title='bbox 2055 4581 2316 4643; x_wconf 86' lang='lat' dir='ltr'><strong>tanquam</strong></span> <span class='ocrx_word' id='word_1_646' title='bbox 2349 4573 2667 4641; x_wconf 86' lang='lat' dir='ltr'><strong>inquinatos</strong></span> <span class='ocrx_word' id='word_1_647' title='bbox 2707 4588 2826 4628; x_wconf 88' lang='lat' dir='ltr'><strong>eam</strong></span> <span class='ocrx_word' id='word_1_648' title='bbox 2886 4574 2958 4631; x_wconf 86' lang='lat' dir='ltr'><strong>ob</strong></span> <span class='ocrx_word' id='word_1_649' title='bbox 2996 4586 3219 4628; x_wconf 89' lang='lat' dir='ltr'><strong>causam</strong></span> <span class='ocrx_word' id='word_1_650' title='bbox 3254 4588 3417 4643; x_wconf 91' lang='lat' dir='ltr'><strong>quam</strong></span> <span class='ocrx_word' id='word_1_651' title='bbox 3459 4572 3600 4627; x_wconf 74' lang='lat' dir='ltr'><strong>dixi-</strong></span> 
     </span>
    </p>
   </div>
   <div class='ocr_carea' id='block_1_65' title="bbox 331 4659 3600 4731">
    <p class='ocr_par' dir='ltr' id='par_1_65' title="bbox 331 4659 3600 4731">
     <span class='ocr_line' id='line_1_65' title="bbox 331 4659 3600 4731; baseline 0 -18"><span class='ocrx_word' id='word_1_652' title='bbox 331 4674 478 4725; x_wconf 91' lang='lat' dir='ltr'><strong>mus,</strong></span> <span class='ocrx_word' id='word_1_653' title='bbox 507 4661 663 4714; x_wconf 87' lang='lat' dir='ltr'><strong>tertia</strong></span> <span class='ocrx_word' id='word_1_654' title='bbox 697 4659 785 4715; x_wconf 86' lang='lat' dir='ltr'><strong>die</strong></span> <span class='ocrx_word' id='word_1_655' title='bbox 816 4676 939 4716; x_wconf 90' lang='lat' dir='ltr'><strong>sese</strong></span> <span class='ocrx_word' id='word_1_656' title='bbox 978 4661 1342 4729; x_wconf 85' lang='lat' dir='ltr'><strong>sanctificare,</strong></span> <span class='ocrx_word' id='word_1_657' title='bbox 1378 4677 1442 4717; x_wconf 90' lang='lat' dir='ltr'><strong>ea</strong></span> <span class='ocrx_word' id='word_1_658' title='bbox 1470 4662 1680 4717; x_wconf 86' lang='lat' dir='ltr'><strong>scilicet</strong></span> <span class='ocrx_word' id='word_1_659' title='bbox 1704 4676 1824 4731; x_wconf 80' lang='lat' dir='ltr'><strong>quae</strong></span> <span class='ocrx_word' id='word_1_660' title='bbox 1856 4661 2059 4717; x_wconf 89' lang='lat' dir='ltr'><strong>Christi</strong></span> <span class='ocrx_word' id='word_1_661' title='bbox 2093 4662 2352 4715; x_wconf 65' lang='lat' dir='ltr'><strong>saeculum</strong></span> <span class='ocrx_word' id='word_1_662' title='bbox 2384 4669 2507 4729; x_wconf 84' lang='lat' dir='ltr'><strong>post</strong></span> <span class='ocrx_word' id='word_1_663' title='bbox 2532 4660 2703 4731; x_wconf 77' lang='lat' dir='ltr'><strong>legem</strong></span> <span class='ocrx_word' id='word_1_664' title='bbox 2752 4668 2805 4715; x_wconf 90' lang='lat' dir='ltr'><strong>et</strong></span> <span class='ocrx_word' id='word_1_665' title='bbox 2865 4659 3167 4731; x_wconf 87' lang='lat' dir='ltr'><strong>prophetas</strong></span> <span class='ocrx_word' id='word_1_666' title='bbox 3203 4660 3448 4722; x_wconf 84' lang='lat' dir='ltr'><strong>tertium,</strong></span> <span class='ocrx_word' id='word_1_667' title='bbox 3506 4670 3600 4714; x_wconf 89' lang='lat' dir='ltr'><strong>aut</strong></span> 
     </span>
    </p>
   </div>
   <div class='ocr_carea' id='block_1_66' title="bbox 330 4746 3593 4820">
    <p class='ocr_par' dir='ltr' id='par_1_66' title="bbox 330 4746 3593 4820">
     <span class='ocr_line' id='line_1_66' title="bbox 330 4746 3593 4820; baseline 0 -19"><span class='ocrx_word' id='word_1_668' title='bbox 330 4746 477 4801; x_wconf 86' lang='lat' dir='ltr'><strong>diem</strong></span> <span class='ocrx_word' id='word_1_669' title='bbox 508 4761 626 4801; x_wconf 90' lang='lat' dir='ltr'><strong>eam</strong></span> <span class='ocrx_word' id='word_1_670' title='bbox 655 4746 709 4800; x_wconf 91' lang='lat' dir='ltr'><strong>in</strong></span> <span class='ocrx_word' id='word_1_671' title='bbox 742 4761 852 4817; x_wconf 90' lang='lat' dir='ltr'><strong>qua</strong></span> <span class='ocrx_word' id='word_1_672' title='bbox 887 4762 916 4801; x_wconf 90' lang='lat' dir='ltr'><strong>a</strong></span> <span class='ocrx_word' id='word_1_673' title='bbox 948 4748 1179 4803; x_wconf 83' lang='lat' dir='ltr'><strong>mortuis</strong></span> <span class='ocrx_word' id='word_1_674' title='bbox 1210 4750 1532 4813; x_wconf 82' lang='lat' dir='ltr'><strong>resurrexit,</strong></span> <span class='ocrx_word' id='word_1_675' title='bbox 1566 4756 1943 4820; x_wconf 62' lang='lat' dir='ltr'><strong>repraesentat.</strong></span> <span class='ocrx_word' id='word_1_676' title='bbox 1982 4747 2263 4819; x_wconf 88' lang='lat' dir='ltr'><strong>Septimus</strong></span> <span class='ocrx_word' id='word_1_677' title='bbox 2303 4748 2429 4802; x_wconf 91' lang='lat' dir='ltr'><strong>item</strong></span> <span class='ocrx_word' id='word_1_678' title='bbox 2453 4746 2573 4802; x_wconf 90' lang='lat' dir='ltr'><strong>dies</strong></span> <span class='ocrx_word' id='word_1_679' title='bbox 2607 4747 2767 4802; x_wconf 85' lang='lat' dir='ltr'><strong>linem</strong></span> <span class='ocrx_word' id='word_1_680' title='bbox 2804 4748 3034 4804; x_wconf 88' lang='lat' dir='ltr'><strong>denotat</strong></span> <span class='ocrx_word' id='word_1_681' title='bbox 3058 4748 3346 4819; x_wconf 61' lang='lat' dir='ltr'><strong>prarseutis</strong></span> <span class='ocrx_word' id='word_1_682' title='bbox 3383 4749 3593 4812; x_wconf 59' lang='lat' dir='ltr'><strong>saeculi,</strong></span> 
     </span>
    </p>
   </div>
   <div class='ocr_carea' id='block_1_67' title="bbox 331 4833 3593 4908">
    <p class='ocr_par' dir='ltr' id='par_1_67' title="bbox 331 4833 3593 4908">
     <span class='ocr_line' id='line_1_67' title="bbox 331 4833 3593 4908; baseline -0.001 -19"><span class='ocrx_word' id='word_1_683' title='bbox 331 4836 554 4905; x_wconf 88' lang='lat' dir='ltr'><strong>quando</strong></span> <span class='ocrx_word' id='word_1_684' title='bbox 594 4846 877 4903; x_wconf 87' lang='lat' dir='ltr'><strong>peccatum</strong></span> <span class='ocrx_word' id='word_1_685' title='bbox 902 4836 1130 4892; x_wconf 88' lang='lat' dir='ltr'><strong>omnino</strong></span> <span class='ocrx_word' id='word_1_686' title='bbox 1156 4847 1468 4904; x_wconf 86' lang='lat' dir='ltr'><strong>evanescet,</strong></span> <span class='ocrx_word' id='word_1_687' title='bbox 1502 4853 1772 4908; x_wconf 89' lang='lat' dir='ltr'><strong>sacerque</strong></span> <span class='ocrx_word' id='word_1_688' title='bbox 1813 4837 2047 4907; x_wconf 91' lang='lat' dir='ltr'><strong>populus</strong></span> <span class='ocrx_word' id='word_1_689' title='bbox 2071 4836 2125 4889; x_wconf 90' lang='lat' dir='ltr'><strong>in</strong></span> <span class='ocrx_word' id='word_1_690' title='bbox 2158 4849 2377 4891; x_wconf 89' lang='lat' dir='ltr'><strong>sacrum</strong></span> <span class='ocrx_word' id='word_1_691' title='bbox 2400 4833 2740 4905; x_wconf 77' lang='lat' dir='ltr'><strong>ingredietur</strong></span> <span class='ocrx_word' id='word_1_692' title='bbox 2765 4836 3087 4900; x_wconf 89' lang='lat' dir='ltr'><strong>tentorium,</strong></span> <span class='ocrx_word' id='word_1_693' title='bbox 3123 4836 3271 4906; x_wconf 86' lang='lat' dir='ltr'><strong>quod</strong></span> <span class='ocrx_word' id='word_1_694' title='bbox 3304 4836 3593 4889; x_wconf 87' lang='lat' dir='ltr'><strong>millesima</strong></span> 
     </span>
    </p>
   </div>
   <div class='ocr_carea' id='block_1_68' title="bbox 332 4921 3590 4993">
    <p class='ocr_par' dir='ltr' id='par_1_68' title="bbox 332 4921 3590 4993">
     <span class='ocr_line' id='line_1_68' title="bbox 332 4921 3590 4993; baseline -0 -17"><span class='ocrx_word' id='word_1_695' title='bbox 332 4939 603 4980; x_wconf 87' lang='lat' dir='ltr'><strong>annorum</strong></span> <span class='ocrx_word' id='word_1_696' title='bbox 637 4924 947 4993; x_wconf 88' lang='lat' dir='ltr'><strong>septimana</strong></span> <span class='ocrx_word' id='word_1_697' title='bbox 985 4926 1094 4980; x_wconf 90' lang='lat' dir='ltr'><strong>tiet.</strong></span> <span class='ocrx_word' id='word_1_698' title='bbox 1136 4924 1403 4980; x_wconf 63' lang='lat' dir='ltr'><strong>Caeterum</strong></span> <span class='ocrx_word' id='word_1_699' title='bbox 1429 4933 1558 4980; x_wconf 90' lang='lat' dir='ltr'><strong>ante</strong></span> <span class='ocrx_word' id='word_1_700' title='bbox 1580 4926 2023 4980; x_wconf 89' lang='lat' dir='ltr'><strong>communionem</strong></span> <span class='ocrx_word' id='word_1_701' title='bbox 2054 4938 2146 4977; x_wconf 91' lang='lat' dir='ltr'><strong>seu</strong></span> <span class='ocrx_word' id='word_1_702' title='bbox 2175 4921 2658 4992; x_wconf 86' lang='lat' dir='ltr'><strong>participationem</strong></span> <span class='ocrx_word' id='word_1_703' title='bbox 2696 4923 2953 4992; x_wconf 80' lang='lat' dir='ltr'><strong>praecedit</strong></span> <span class='ocrx_word' id='word_1_704' title='bbox 2978 4924 3310 4993; x_wconf 82' lang='lat' dir='ltr'><strong>purificatio,</strong></span> <span class='ocrx_word' id='word_1_705' title='bbox 3338 4938 3461 4976; x_wconf 88' lang='lat' dir='ltr'><strong>nam</strong></span> <span class='ocrx_word' id='word_1_706' title='bbox 3488 4928 3590 4976; x_wconf 81' lang='lat' dir='ltr'><strong>etsi</strong></span> 
     </span>
    </p>
   </div>
   <div class='ocr_carea' id='block_1_69' title="bbox 326 5009 3591 5083">
    <p class='ocr_par' dir='ltr' id='par_1_69' title="bbox 326 5009 3591 5083">
     <span class='ocr_line' id='line_1_69' title="bbox 326 5009 3591 5083; baseline -0.002 -17"><span class='ocrx_word' id='word_1_707' title='bbox 326 5011 474 5082; x_wconf 84' lang='lat' dir='ltr'><strong>justa</strong></span> <span class='ocrx_word' id='word_1_708' title='bbox 505 5011 684 5068; x_wconf 69' lang='lat' dir='ltr'><strong>caedes</strong></span> <span class='ocrx_word' id='word_1_709' title='bbox 715 5010 901 5078; x_wconf 88' lang='lat' dir='ltr'><strong>fuerit,</strong></span> <span class='ocrx_word' id='word_1_710' title='bbox 925 5011 1119 5069; x_wconf 81' lang='lat' dir='ltr'><strong>effusio</strong></span> <span class='ocrx_word' id='word_1_711' title='bbox 1145 5022 1327 5067; x_wconf 90' lang='lat' dir='ltr'><strong>tamen</strong></span> <span class='ocrx_word' id='word_1_712' title='bbox 1359 5021 1444 5068; x_wconf 90' lang='lat' dir='ltr'><strong>est</strong></span> <span class='ocrx_word' id='word_1_713' title='bbox 1474 5012 1704 5068; x_wconf 87' lang='lat' dir='ltr'><strong>fraterni</strong></span> <span class='ocrx_word' id='word_1_714' title='bbox 1736 5012 2041 5083; x_wconf 83' lang='lat' dir='ltr'><strong>sanguinis,</strong></span> <span class='ocrx_word' id='word_1_715' title='bbox 2092 5019 2146 5065; x_wconf 89' lang='lat' dir='ltr'><strong>et</strong></span> <span class='ocrx_word' id='word_1_716' title='bbox 2196 5009 2306 5063; x_wconf 87' lang='lat' dir='ltr'><strong>Deo</strong></span> <span class='ocrx_word' id='word_1_717' title='bbox 2341 5010 2595 5079; x_wconf 86' lang='lat' dir='ltr'><strong>displicet</strong></span> <span class='ocrx_word' id='word_1_718' title='bbox 2629 5010 2866 5064; x_wconf 89' lang='lat' dir='ltr'><strong>hominis</strong></span> <span class='ocrx_word' id='word_1_719' title='bbox 2898 5012 3203 5065; x_wconf 86' lang='lat' dir='ltr'><strong>internecio</strong></span> <span class='ocrx_word' id='word_1_720' title='bbox 3232 5029 3246 5078; x_wconf 88' lang='lat'><strong>;</strong></span> <span class='ocrx_word' id='word_1_721' title='bbox 3285 5026 3409 5065; x_wconf 88' lang='lat' dir='ltr'><strong>eum</strong></span> <span class='ocrx_word' id='word_1_722' title='bbox 3445 5009 3591 5063; x_wconf 90' lang='lat' dir='ltr'><strong>enim</strong></span> 
     </span>
    </p>
   </div>
   <div class='ocr_carea' id='block_1_70' title="bbox 331 5094 3594 5173">
    <p class='ocr_par' dir='ltr' id='par_1_70' title="bbox 331 5094 3594 5173">
     <span class='ocr_line' id='line_1_70' title="bbox 331 5094 3594 5173; baseline -0.001 -20"><span class='ocrx_word' id='word_1_723' title='bbox 331 5099 399 5154; x_wconf 87' lang='lat' dir='ltr'><strong>ad</strong></span> <span class='ocrx_word' id='word_1_724' title='bbox 430 5099 747 5167; x_wconf 85' lang='lat' dir='ltr'><strong>vitam,non</strong></span> <span class='ocrx_word' id='word_1_725' title='bbox 780 5102 848 5154; x_wconf 89' lang='lat' dir='ltr'><strong>ad</strong></span> <span class='ocrx_word' id='word_1_726' title='bbox 878 5109 1112 5156; x_wconf 87' lang='lat' dir='ltr'><strong>mortem</strong></span> <span class='ocrx_word' id='word_1_727' title='bbox 1137 5101 1401 5157; x_wconf 89' lang='lat' dir='ltr'><strong>condidit.</strong></span> <span class='ocrx_word' id='word_1_728' title='bbox 1427 5100 1776 5173; x_wconf 83' lang='lat' dir='ltr'><strong>Quapropter</strong></span> <span class='ocrx_word' id='word_1_729' title='bbox 1818 5100 2007 5155; x_wconf 87' lang='lat' dir='ltr'><strong>Davidi</strong></span> <span class='ocrx_word' id='word_1_730' title='bbox 2041 5099 2109 5153; x_wconf 91' lang='lat' dir='ltr'><strong>ab</strong></span> <span class='ocrx_word' id='word_1_731' title='bbox 2136 5098 2254 5167; x_wconf 89' lang='lat' dir='ltr'><strong>ipso</strong></span> <span class='ocrx_word' id='word_1_732' title='bbox 2279 5098 2466 5168; x_wconf 91' lang='lat' dir='ltr'><strong>templi</strong></span> <span class='ocrx_word' id='word_1_733' title='bbox 2519 5099 2884 5153; x_wconf 82' lang='lat' dir='ltr'><strong>cxstructioni</strong></span> <span class='ocrx_word' id='word_1_734' title='bbox 2912 5099 3262 5153; x_wconf 84' lang='lat' dir='ltr'><strong>interdictum</strong></span> <span class='ocrx_word' id='word_1_735' title='bbox 3283 5106 3388 5151; x_wconf 88' lang='lat' dir='ltr'><strong>est.</strong></span> <span class='ocrx_word' id='word_1_736' title='bbox 3423 5094 3594 5165; x_wconf 79' lang='lat' dir='ltr'><strong>Igitur</strong></span> 
     </span>
    </p>
   </div>
   <div class='ocr_carea' id='block_1_71' title="bbox 332 5184 3597 5260">
    <p class='ocr_par' dir='ltr' id='par_1_71' title="bbox 332 5184 3597 5260">
     <span class='ocr_line' id='line_1_71' title="bbox 332 5184 3597 5260; baseline -0.002 -17"><span class='ocrx_word' id='word_1_737' title='bbox 332 5187 626 5253; x_wconf 84' lang='lat' dir='ltr'><strong>secundas,</strong></span> <span class='ocrx_word' id='word_1_738' title='bbox 649 5204 754 5242; x_wconf 90' lang='lat' dir='ltr'><strong>non</strong></span> <span class='ocrx_word' id='word_1_739' title='bbox 780 5190 987 5260; x_wconf 85' lang='lat' dir='ltr'><strong>primas</strong></span> <span class='ocrx_word' id='word_1_740' title='bbox 1017 5205 1156 5260; x_wconf 80' lang='lat' dir='ltr'><strong>Opus</strong></span> <span class='ocrx_word' id='word_1_741' title='bbox 1187 5190 1314 5245; x_wconf 89' lang='lat' dir='ltr'><strong>belli</strong></span> <span class='ocrx_word' id='word_1_742' title='bbox 1343 5189 1527 5255; x_wconf 89' lang='lat' dir='ltr'><strong>habet,</strong></span> <span class='ocrx_word' id='word_1_743' title='bbox 1560 5188 1654 5245; x_wconf 92' lang='lat' dir='ltr'><strong>Dei</strong></span> <span class='ocrx_word' id='word_1_744' title='bbox 1688 5189 1908 5260; x_wconf 90' lang='lat' dir='ltr'><strong>quidem</strong></span> <span class='ocrx_word' id='word_1_745' title='bbox 1938 5186 2230 5252; x_wconf 90' lang='lat' dir='ltr'><strong>sententia,</strong></span> <span class='ocrx_word' id='word_1_746' title='bbox 2261 5186 2513 5255; x_wconf 85' lang='lat' dir='ltr'><strong>quamvis</strong></span> <span class='ocrx_word' id='word_1_747' title='bbox 2536 5187 2652 5255; x_wconf 90' lang='lat' dir='ltr'><strong>ipse</strong></span> <span class='ocrx_word' id='word_1_748' title='bbox 2681 5186 2974 5240; x_wconf 91' lang='lat' dir='ltr'><strong>consilium</strong></span> <span class='ocrx_word' id='word_1_749' title='bbox 2997 5187 3044 5241; x_wconf 92' lang='lat' dir='ltr'><strong>ei</strong></span> <span class='ocrx_word' id='word_1_750' title='bbox 3079 5184 3408 5255; x_wconf 88' lang='lat' dir='ltr'><strong>suppeditet,</strong></span> <span class='ocrx_word' id='word_1_751' title='bbox 3443 5200 3597 5253; x_wconf 88' lang='lat' dir='ltr'><strong>quo-</strong></span> 
     </span>
    </p>
   </div>
   <div class='ocr_carea' id='block_1_72' title="bbox 331 5271 3591 5347">
    <p class='ocr_par' dir='ltr' id='par_1_72' title="bbox 331 5271 3591 5347">
     <span class='ocr_line' id='line_1_72' title="bbox 331 5271 3591 5347; baseline -0.002 -18"><span class='ocrx_word' id='word_1_752' title='bbox 331 5274 479 5330; x_wconf 89' lang='lat' dir='ltr'><strong>circa</strong></span> <span class='ocrx_word' id='word_1_753' title='bbox 513 5276 803 5335; x_wconf 86' lang='lat' dir='ltr'><strong>sacerdote</strong></span> <span class='ocrx_word' id='word_1_754' title='bbox 839 5292 935 5332; x_wconf 80' lang='lat' dir='ltr'><strong>rex</strong></span> <span class='ocrx_word' id='word_1_755' title='bbox 986 5276 1233 5343; x_wconf 87' lang='lat' dir='ltr'><strong>inferior,</strong></span> <span class='ocrx_word' id='word_1_756' title='bbox 1271 5292 1337 5331; x_wconf 94' lang='lat' dir='ltr'><strong>eo</strong></span> <span class='ocrx_word' id='word_1_757' title='bbox 1388 5275 1533 5331; x_wconf 90' lang='lat' dir='ltr'><strong>enim</strong></span> <span class='ocrx_word' id='word_1_758' title='bbox 1592 5275 1887 5347; x_wconf 84' lang='lat' dir='ltr'><strong>augustius</strong></span> <span class='ocrx_word' id='word_1_759' title='bbox 1943 5276 2175 5330; x_wconf 90' lang='lat' dir='ltr'><strong>sortitus</strong></span> <span class='ocrx_word' id='word_1_760' title='bbox 2198 5281 2283 5329; x_wconf 89' lang='lat' dir='ltr'><strong>est</strong></span> <span class='ocrx_word' id='word_1_761' title='bbox 2319 5274 2709 5328; x_wconf 86' lang='lat' dir='ltr'><strong>ministerium.</strong></span> <span class='ocrx_word' id='word_1_762' title='bbox 2762 5271 2920 5328; x_wconf 86' lang='lat' dir='ltr'><strong>Unde</strong></span> <span class='ocrx_word' id='word_1_763' title='bbox 2945 5273 3026 5327; x_wconf 81' lang='lat' dir='ltr'><strong>lex</strong></span> <span class='ocrx_word' id='word_1_764' title='bbox 3053 5274 3219 5328; x_wconf 89' lang='lat' dir='ltr'><strong>etiam</strong></span> <span class='ocrx_word' id='word_1_765' title='bbox 3257 5272 3591 5327; x_wconf 86' lang='lat' dir='ltr'><strong>homicidam</strong></span> 
     </span>
    </p>
   </div>
   <div class='ocr_carea' id='block_1_73' title="bbox 331 5359 3591 5434">
    <p class='ocr_par' dir='ltr' id='par_1_73' title="bbox 331 5359 3591 5434">
     <span class='ocr_line' id='line_1_73' title="bbox 331 5359 3591 5434; baseline 0 -20"><span class='ocrx_word' id='word_1_766' title='bbox 331 5362 629 5418; x_wconf 78' lang='lat' dir='ltr'><strong>excindere</strong></span> <span class='ocrx_word' id='word_1_767' title='bbox 663 5363 940 5434; x_wconf 62' lang='lat' dir='ltr'><strong>principit;</strong></span> <span class='ocrx_word' id='word_1_768' title='bbox 972 5363 1149 5419; x_wconf 61' lang='lat' dir='ltr'><strong>caedes</strong></span> <span class='ocrx_word' id='word_1_769' title='bbox 1194 5364 1339 5420; x_wconf 89' lang='lat' dir='ltr'><strong>enim</strong></span> <span class='ocrx_word' id='word_1_770' title='bbox 1374 5364 1441 5419; x_wconf 91' lang='lat' dir='ltr'><strong>ab</strong></span> <span class='ocrx_word' id='word_1_771' title='bbox 1469 5363 1626 5418; x_wconf 90' lang='lat' dir='ltr'><strong>initio</strong></span> <span class='ocrx_word' id='word_1_772' title='bbox 1650 5378 1759 5419; x_wconf 92' lang='lat' dir='ltr'><strong>non</strong></span> <span class='ocrx_word' id='word_1_773' title='bbox 1781 5362 1883 5418; x_wconf 88' lang='lat' dir='ltr'><strong>fuit</strong></span> <span class='ocrx_word' id='word_1_774' title='bbox 1903 5362 2096 5427; x_wconf 88' lang='lat' dir='ltr'><strong>libera,</strong></span> <span class='ocrx_word' id='word_1_775' title='bbox 2126 5360 2222 5419; x_wconf 90' lang='lat' dir='ltr'><strong>sed</strong></span> <span class='ocrx_word' id='word_1_776' title='bbox 2243 5361 2653 5433; x_wconf 89' lang='lat' dir='ltr'><strong>dispensatione</strong></span> <span class='ocrx_word' id='word_1_777' title='bbox 2688 5361 2827 5418; x_wconf 81' lang='lat' dir='ltr'><strong>facta</strong></span> <span class='ocrx_word' id='word_1_778' title='bbox 2854 5362 2978 5415; x_wconf 87' lang='lat' dir='ltr'><strong>talis</strong></span> <span class='ocrx_word' id='word_1_779' title='bbox 3007 5369 3111 5425; x_wconf 85' lang='lat' dir='ltr'><strong>est,</strong></span> <span class='ocrx_word' id='word_1_780' title='bbox 3131 5359 3591 5431; x_wconf 86' lang='lat' dir='ltr'><strong>quemadmodum</strong></span> 
     </span>
    </p>
   </div>
   <div class='ocr_carea' id='block_1_74' title="bbox 333 5448 1897 5522">
    <p class='ocr_par' dir='ltr' id='par_1_74' title="bbox 333 5448 1897 5522">
     <span class='ocr_line' id='line_1_74' title="bbox 333 5448 1897 5522; baseline 0.001 -22"><span class='ocrx_word' id='word_1_781' title='bbox 333 5448 612 5504; x_wconf 87' lang='lat' dir='ltr'><strong>abdicatio</strong></span> <span class='ocrx_word' id='word_1_782' title='bbox 632 5465 851 5522; x_wconf 91' lang='lat' dir='ltr'><strong>quoque</strong></span> <span class='ocrx_word' id='word_1_783' title='bbox 880 5466 1115 5507; x_wconf 83' lang='lat' dir='ltr'><strong>uxorum</strong></span> <span class='ocrx_word' id='word_1_784' title='bbox 1148 5458 1369 5521; x_wconf 86' lang='lat' dir='ltr'><strong>prepter</strong></span> <span class='ocrx_word' id='word_1_785' title='bbox 1401 5451 1585 5506; x_wconf 89' lang='lat' dir='ltr'><strong>cordis</strong></span> <span class='ocrx_word' id='word_1_786' title='bbox 1610 5450 1897 5505; x_wconf 88' lang='lat' dir='ltr'><strong>duritiam.</strong></span> 
     </span>
    </p>
   </div>
   <div class='ocr_carea' id='block_1_75' title="bbox 864 5647 895 5668">
    <p class='ocr_par' dir='ltr' id='par_1_75' title="bbox 864 5647 895 5668">
     <span class='ocr_line' id='line_1_75' title="bbox 864 5647 895 5668; baseline 0 -7"><span class='ocrx_word' id='word_1_787' title='bbox 864 5647 895 5668; x_wconf 58' lang='grc' dir='ltr'><em>η</em></span> 
     </span>
    </p>
   </div>
   <div class='ocr_carea' id='block_1_76' title="bbox 404 5646 1914 5716">
    <p class='ocr_par' dir='ltr' id='par_1_76' title="bbox 404 5646 1914 5716">
     <span class='ocr_line' id='line_1_76' title="bbox 404 5646 1914 5716; baseline 0.001 -13"><span class='ocrx_word' id='word_1_788' title='bbox 404 5649 446 5681; x_wconf 77' lang='grc'><strong>⁸⁸</strong></span> <span class='ocrx_word' id='word_1_789' title='bbox 489 5646 651 5704; x_wconf 83' lang='lat' dir='ltr'><strong>Num.</strong></span> <span class='ocrx_word' id='word_1_790' title='bbox 687 5664 837 5709; x_wconf 72' lang='lat' dir='ltr'><strong>unt,</strong></span> <span class='ocrx_word' id='word_1_791' title='bbox 864 5647 914 5701; x_wconf 75' lang='lat'><strong>7.</strong></span> <span class='ocrx_word' id='word_1_792' title='bbox 990 5648 1034 5679; x_wconf 78' lang='grc'>⁸¹</span> <span class='ocrx_word' id='word_1_793' title='bbox 1059 5650 1163 5703; x_wconf 88' lang='lat' dir='ltr'><strong>Isa.</strong></span> <span class='ocrx_word' id='word_1_794' title='bbox 1199 5665 1334 5716; x_wconf 78' lang='lat' dir='ltr'><strong>xm,</strong></span> <span class='ocrx_word' id='word_1_795' title='bbox 1359 5650 1408 5714; x_wconf 66' lang='grc' dir='ltr'><strong>Β,</strong></span> <span class='ocrx_word' id='word_1_796' title='bbox 1438 5649 1490 5703; x_wconf 84' lang='grc'><strong>6.</strong></span> <span class='ocrx_word' id='word_1_797' title='bbox 1595 5652 1639 5683; x_wconf 77' lang='grc'>⁸³</span> <span class='ocrx_word' id='word_1_798' title='bbox 1680 5652 1695 5705; x_wconf 92' lang='grc' dir='ltr'><strong>Ι</strong></span> <span class='ocrx_word' id='word_1_799' title='bbox 1727 5650 1854 5705; x_wconf 88' lang='lat' dir='ltr'><strong>Cor.</strong></span> <span class='ocrx_word' id='word_1_800' title='bbox 1887 5667 1914 5704; x_wconf 70' lang='grc' dir='ltr'><strong>κ</strong></span> 
     </span>
    </p>
   </div>
   <div class='ocr_carea' id='block_1_77' title="bbox 2020 5646 2695 5716">
    <p class='ocr_par' dir='ltr' id='par_1_77' title="bbox 2020 5648 2695 5712">
     <span class='ocr_line' id='line_1_77' title="bbox 2020 5648 2695 5712; baseline -0.004 -7"><span class='ocrx_word' id='word_1_801' title='bbox 2020 5652 2102 5707; x_wconf 79' lang='grc' dir='ltr'><strong>Ξϐ.</strong></span> <span class='ocrx_word' id='word_1_802' title='bbox 2204 5652 2249 5685; x_wconf 73' lang='grc'><strong><em>³⁵</em></strong></span> <span class='ocrx_word' id='word_1_803' title='bbox 2279 5648 2424 5705; x_wconf 83' lang='lat' dir='ltr'><strong>Psal.</strong></span> <span class='ocrx_word' id='word_1_804' title='bbox 2454 5664 2607 5712; x_wconf 71' lang='lat' dir='ltr'><strong>XLIII,</strong></span> <span class='ocrx_word' id='word_1_805' title='bbox 2640 5649 2695 5704; x_wconf 83' lang='lat'><strong>6.</strong></span> 
     </span>
    </p>
   </div>
   <div class='ocr_carea' id='block_1_78' title="bbox 334 5716 1914 5785">
    <p class='ocr_par' dir='ltr' id='par_1_78' title="bbox 334 5716 1914 5782">
     <span class='ocr_line' id='line_1_78' title="bbox 334 5716 1914 5782; baseline 0.003 -10"><span class='ocrx_word' id='word_1_806' title='bbox 334 5735 447 5776; x_wconf 66' lang='lat' dir='ltr'><strong>xiv.</strong></span> <span class='ocrx_word' id='word_1_807' title='bbox 489 5719 540 5772; x_wconf 71' lang='grc'><strong>4.</strong></span> <span class='ocrx_word' id='word_1_808' title='bbox 618 5716 662 5749; x_wconf 81' lang='grc'><strong>⁸⁷</strong></span> <span class='ocrx_word' id='word_1_809' title='bbox 696 5718 837 5773; x_wconf 73' lang='lat' dir='ltr'><strong>I‘sal.</strong></span> <span class='ocrx_word' id='word_1_810' title='bbox 876 5734 1029 5782; x_wconf 78' lang='lat' dir='ltr'><strong>mu,</strong></span> <span class='ocrx_word' id='word_1_811' title='bbox 1062 5721 1146 5773; x_wconf 73' lang='lat' dir='ltr'><strong>I3.</strong></span> <span class='ocrx_word' id='word_1_812' title='bbox 1223 5720 1267 5751; x_wconf 76' lang='grc'><strong>⁸³</strong></span> <span class='ocrx_word' id='word_1_813' title='bbox 1303 5722 1447 5777; x_wconf 85' lang='lat' dir='ltr'><strong>Psal.</strong></span> <span class='ocrx_word' id='word_1_814' title='bbox 1486 5734 1675 5782; x_wconf 74' lang='lat' dir='ltr'><strong>CXXIX.</strong></span> <span class='ocrx_word' id='word_1_815' title='bbox 1709 5723 1762 5777; x_wconf 78' lang='grc'><strong>5.</strong></span> <span class='ocrx_word' id='word_1_816' title='bbox 1875 5723 1914 5754; x_wconf 72' lang='grc'><strong>⁸⁸</strong></span> 
     </span>
    </p>
   </div>
   <div class='ocr_carea' id='block_1_79' title="bbox 2020 5716 2428 5785">
    <p class='ocr_par' dir='ltr' id='par_1_79' title="bbox 2020 5721 2428 5785">
     <span class='ocr_line' id='line_1_79' title="bbox 2020 5721 2428 5785; baseline 0.007 -14"><span class='ocrx_word' id='word_1_817' title='bbox 2020 5725 2099 5776; x_wconf 74' lang='lat' dir='ltr'><strong>,al.</strong></span> <span class='ocrx_word' id='word_1_818' title='bbox 2152 5738 2304 5785; x_wconf 83' lang='lat' dir='ltr'><strong>xvm,</strong></span> <span class='ocrx_word' id='word_1_819' title='bbox 2340 5721 2428 5775; x_wconf 77' lang='grc'><strong>15.</strong></span> 
     </span>
    </p>
   </div>
   <div class='ocr_carea' id='block_1_80' title="bbox 329 5788 1914 5861">
    <p class='ocr_par' dir='ltr' id='par_1_80' title="bbox 329 5788 1914 5861">
     <span class='ocr_line' id='line_1_80' title="bbox 329 5788 1914 5861; baseline 0.001 -18"><span class='ocrx_word' id='word_1_820' title='bbox 329 5789 376 5824; x_wconf 81' lang='grc'><strong><em>⁹⁹</em></strong></span> <span class='ocrx_word' id='word_1_821' title='bbox 409 5788 639 5861; x_wconf 80' lang='lat' dir='ltr'><strong>Sap.\t,</strong></span> <span class='ocrx_word' id='word_1_822' title='bbox 684 5789 735 5844; x_wconf 83' lang='grc'><strong>7.</strong></span> <span class='ocrx_word' id='word_1_823' title='bbox 818 5789 860 5821; x_wconf 71' lang='grc'><strong>⁹⁰</strong></span> <span class='ocrx_word' id='word_1_824' title='bbox 895 5788 1024 5845; x_wconf 83' lang='lat' dir='ltr'><strong>Luc.</strong></span> <span class='ocrx_word' id='word_1_825' title='bbox 1071 5805 1166 5858; x_wconf 75' lang='lat' dir='ltr'><strong>stt,</strong></span> <span class='ocrx_word' id='word_1_826' title='bbox 1211 5790 1287 5847; x_wconf 65' lang='lat' dir='ltr'><strong>i8.</strong></span> <span class='ocrx_word' id='word_1_827' title='bbox 1367 5792 1410 5823; x_wconf 64' lang='lat'><strong>9*</strong></span> <span class='ocrx_word' id='word_1_828' title='bbox 1449 5791 1567 5847; x_wconf 82' lang='lat' dir='ltr'><strong>Jac.</strong></span> <span class='ocrx_word' id='word_1_829' title='bbox 1601 5807 1681 5859; x_wconf 84' lang='grc' dir='ltr'>ιιι,</span> <span class='ocrx_word' id='word_1_830' title='bbox 1719 5795 1772 5851; x_wconf 84' lang='grc'><strong>1.</strong></span> <span class='ocrx_word' id='word_1_831' title='bbox 1883 5794 1914 5826; x_wconf 78' lang='grc'><strong>⁹¹</strong></span> 
     </span>
    </p>
   </div>
   <div class='ocr_carea' id='block_1_81' title="bbox 2020 5788 2423 5861">
    <p class='ocr_par' dir='ltr' id='par_1_81' title="bbox 2020 5791 2423 5859">
     <span class='ocr_line' id='line_1_81' title="bbox 2020 5791 2423 5859; baseline -0.01 -11"><span class='ocrx_word' id='word_1_832' title='bbox 2020 5795 2134 5850; x_wconf 83' lang='lat' dir='ltr'><strong>ebt&#39;.</strong></span> <span class='ocrx_word' id='word_1_833' title='bbox 2174 5806 2294 5859; x_wconf 79' lang='lat' dir='ltr'><strong>xm,</strong></span> <span class='ocrx_word' id='word_1_834' title='bbox 2340 5791 2423 5844; x_wconf 85' lang='grc'><strong>17.</strong></span> 
     </span>
    </p>
   </div>
   <div class='ocr_carea' id='block_1_82' title="bbox 2795 5648 3664 5713">
    <p class='ocr_par' dir='ltr' id='par_1_82' title="bbox 2795 5648 3664 5713">
     <span class='ocr_line' id='line_1_82' title="bbox 2795 5648 3664 5713; baseline 0.003 -9"><span class='ocrx_word' id='word_1_835' title='bbox 2795 5650 2839 5682; x_wconf 80' lang='grc'>⁸⁵</span> <span class='ocrx_word' id='word_1_836' title='bbox 2865 5649 3001 5704; x_wconf 84' lang='lat' dir='ltr'><strong>Luc.</strong></span> <span class='ocrx_word' id='word_1_837' title='bbox 3038 5663 3155 5713; x_wconf 85' lang='lat' dir='ltr'><strong>vttt,</strong></span> <span class='ocrx_word' id='word_1_838' title='bbox 3192 5649 3279 5705; x_wconf 83' lang='lat' dir='ltr'><strong>l&#39;l.</strong></span> <span class='ocrx_word' id='word_1_839' title='bbox 3384 5650 3431 5681; x_wconf 80' lang='grc'><strong>⁸⁶</strong></span> <span class='ocrx_word' id='word_1_840' title='bbox 3485 5648 3591 5704; x_wconf 73' lang='lat' dir='ltr'><strong>Ja‘i</strong></span> <span class='ocrx_word' id='word_1_841' title='bbox 3654 5668 3664 5707; x_wconf 93' lang='lat'><strong><em>:</em></strong></span> 
     </span>
    </p>
   </div>
   <div class='ocr_carea' id='block_1_83' title="bbox 2541 5718 3587 5789">
    <p class='ocr_par' dir='ltr' id='par_1_83' title="bbox 2541 5718 3587 5789">
     <span class='ocr_line' id='line_1_83' title="bbox 2541 5718 3587 5789; baseline -0.005 -9"><span class='ocrx_word' id='word_1_842' title='bbox 2541 5720 2586 5752; x_wconf 77' lang='lat'><strong>’°</strong></span> <span class='ocrx_word' id='word_1_843' title='bbox 2661 5724 2763 5780; x_wconf 85' lang='lat' dir='ltr'><strong>Isa.</strong></span> <span class='ocrx_word' id='word_1_844' title='bbox 2806 5736 2949 5789; x_wconf 81' lang='lat' dir='ltr'><strong>wa,</strong></span> <span class='ocrx_word' id='word_1_845' title='bbox 2976 5721 3029 5776; x_wconf 84' lang='lat'><strong>6.</strong></span> <span class='ocrx_word' id='word_1_846' title='bbox 3111 5720 3153 5751; x_wconf 78' lang='lat'>“</span> <span class='ocrx_word' id='word_1_847' title='bbox 3193 5718 3380 5778; x_wconf 83' lang='lat' dir='ltr'><strong>ICor.</strong></span> <span class='ocrx_word' id='word_1_848' title='bbox 3418 5739 3491 5787; x_wconf 87' lang='lat' dir='ltr'><strong>tv,</strong></span> <span class='ocrx_word' id='word_1_849' title='bbox 3533 5725 3587 5778; x_wconf 61' lang='lat' dir='ltr'><strong>Ii.</strong></span> 
     </span>
    </p>
   </div>
  </div>
