4010 6230
318 380 423 444 εδδ
1404 368 1935 433 COMMENTARII
1969 364 2047 427 IN
2076 361 2468 425 NUMEROS.
3464 349 3570 409 886

315 488 660 561 splendidum
705 500 771 542 ac
814 486 1024 540 lautum
1075 483 1130 538 in
1162 482 1387 538 Christo
1426 482 1629 537 donum
1680 475 1993 533 oil‘erant".
2040 474 2103 529 Et
2148 466 2612 543 quemadmodum
2665 464 2719 517 in
2770 458 3125 516 tabernaculo
3168 460 3575 527 reponebantur

316 550 461 634 dona
495 577 703 639 oblata,
739 576 813 627 ita
846 573 1215 627 Ecclesiarum
1247 585 1381 640 opes
1414 576 1727 625 sanctorum
1759 562 2121 634 gloriationes
2166 563 2482 629 perpetuam
2518 551 2661 622 apud
2713 550 2880 604 Deum
2918 553 3335 615 consequuntur
3365 560 3571 599 meme»

316 667 453 721 riam
481 705 495 728 ,
530 679 594 718 ac
628 633 762 717 cura
810 661 995 717 divina
1041 661 1253 730 seipsos
1286 633 1484 729 dignos
1513 654 1689 710 sancti
1721 633 1978 707 reddunt.
2012 647 2125 702 iioc
2155 646 2303 702 enim
2336 642 2441 699 sibi
2473 639 2608 695 illud
2636 637 2750 693 vult
2785 635 2927 705 quod
2961 633 3163 688 dicitur
3190 675 3204 701 ,
3244 649 3429 690 coram
3475 635 3567 687 Do.

315 755 467 808 mino
504 751 683 820 posita
716 766 861 804 esse.

384 805 491 892 ’ἰοῦ
509 805 738 908 ἆρυσοῦ,
767 838 799 906 ἠ
827 837 923 906 μὲν
949 834 1046 895 ὕλη
1071 834 1330 905 κοσμικὴ,
1358 834 1467 904 ἡδὲ
1498 834 1693 906 χρῆσις
1716 832 1881 885 πνεύ-

2056 821 2232 877 Porro
2275 816 2395 872 auri
2445 814 2666 885 quidem
2720 809 2949 865 materia
3001 807 3067 861 ad
3119 814 3370 861 ornatum
3423 805 3575 860 facit.

318 936 520 1005 ματική
542 951 557 966 ·
592 933 843 1001 καθάπερ
875 935 971 984 καὶ
1001 932 1106 984 τῶν
1134 929 1341 999 δώρων,
1374 928 1555 993 ὑλικὸς
1586 928 1686 999 μὲν
1707 928 1735 980 ὁ
1758 946 1890 999 χρυ-

316 1029 427 1089 σὸς,
459 1025 521 1078 τὸ
549 1024 606 1077 δὲ
633 1027 689 1077 ὲν
723 1025 905 1086 αὐτοῖς
932 1019 1068 1087 εἶδος
1091 1022 1199 1076 ἀπὸ
1223 1023 1318 1093 τῆς
1347 1021 1541 1091 τέχνης
1557 1022 1656 1091 οὐχ
1681 1018 1887 1083 ὑλικὸν,

317 1118 455 1172 ἀλλὰ
481 1115 572 1169 νοῦ
605 1114 833 1186 καρπός.

402 1295 806 1366 ’Δπογράιίεται
831 1293 894 1347 τὰ
912 1294 1076 1365 δῶρα.
1101 1295 1181 1346 Δι’
1201 1286 1274 1349 ὧν
1302 1292 1410 1364 γὰρ
1437 1290 1892 1362 καρποφοροῦμεν

317 1393 394 1452 εἰς
443 1389 663 1459 ἀρετὴν,
699 1386 785 1439 διὰ
828 1385 1029 1440 τούτων
1072 1384 1523 1455 μνημονευόμεοα
1569 1382 1722 1454 παρά
1751 1381 1888 1452 Θεῷ.

318 1481 454 1534 Οὐδὲ
486 1478 594 1549 γὰρ
627 1477 801 1540 ἄλλως
828 1474 1010 1545 τίμιον
1037 1474 1098 1528 τὸ
1128 1475 1313 1544 φυτὸν,
1339 1475 1387 1527 εἰ
1410 1474 1486 1544 μὴ
1510 1472 1599 1527 διὰ
1628 1471 1723 1526 τοῦ
1755 1489 1892 1543 καρ-

316 1572 439 1625 ποῦ.
471 1571 720 1633 Τοιοῦτος
751 1571 779 1623 ὁ
810 1568 917 1621 τῶν
942 1566 1253 1621 ἀποστόλων
1288 1568 1519 1637 καρπὸς.
1547 1565 1622 1629 ὥς
1648 1565 1749 1618 πού
1783 1582 1889 1635 φη-

315 1679 431 1716 σιν·
467 1663 586 1715 ἰνα
636 1662 862 1729 γένηται
911 1662 945 1730 ἡ
1000 1659 1285 1731 προσφορᾶ
1313 1659 1421 1712 τῶν
1454 1657 1623 1711 ὲθνῶν
1653 1657 1889 1729 εὐπρόσ-

312 1754 519 1818 δεκτος,
555 1752 866 1824 ἡγιασμένη
897 1752 954 1804 ὲν
982 1750 1263 1822 Πνεύματι
1292 1749 1455 1821 ἁγίῳ.

385 1931 498 1985 Kal
516 1929 704 1997 κτήνη
723 1926 801 2001 ἦν
816 1930 1051 1997 πλῆθος
1077 1929 1202 1995 τοῖς
1222 1930 1373 1997 υἱοῖς
1399 1931 1651 1999 Ῥουϐίμ.
1672 1931 1781 2002 Τὴν
1805 1934 1890 1985 al-

318 2024 441 2075 τεαν
478 2021 752 2093 πρόλεγει,
785 2022 849 2075 δι’
873 2023 938 2093 ἣν
979 2022 1079 2092 τῆς
1117 2021 1219 2089 ἔξω
1249 2022 1340 2075 τοῦ
1377 2023 1640 2094 Ἰορδάνου
1666 2025 1767 2094 γῆς
1798 2026 1894 2077 ἐπ-

316 2113 595 2184 εθύμησαν
617 2131 631 2146 ο
663 2114 761 2183 οὐχ
791 2114 864 2176 ὡς
895 2114 1181 2167 ἀπολιπεῖν
1214 2115 1587 2187 προῃρημένοι
1609 2115 1706 2179 τὰς
1730 2117 1892 2180 ἄλλας

1992 931 2129 971 usus
2161 922 2340 968 autem
2393 906 2704 979 spiritualis
2754 914 2862 969 est,
2892 899 3350 971 quemadmodum
3402 898 3578 953 dono-

1992 1021 2115 1062 rum
2146 1018 2365 1075 quoque
2395 998 2625 1054 materia
2651 1010 2819 1051 aurea
2858 1003 2960 1059 est,
2996 991 3167 1062 ﬁgura
3204 1000 3386 1045 autem
3411 1005 3577 1060 quam

1993 1098 2065 1154 ab
2108 1107 2227 1151 arte
2271 1091 2563 1165 acquisivit
2596 1104 2705 1144 non
2743 1084 3047 1142 materialis
3082 1095 3198 1149 est,
3245 1083 3339 1140 sed
3376 1082 3577 1138 mentis

1995 1182 2234 1243 fructus.

2068 1278 2465 1333 Describuntur
2503 1286 2630 1327 vero
2660 1271 2846 1334 dona;
2889 1283 2984 1337 per
3024 1280 3384 1336 quascunque
3430 1264 3575 1317 enim

1993 1372 2225 1427 virtutes
2260 1367 2494 1421 fructum
2530 1362 2793 1436 edimus”,
2813 1375 2909 1430 per
2933 1358 3153 1414 easdem
3182 1370 3402 1426 quoque
3436 1354 3579 1408 celo.

1995 1464 2120 1519 bres
2176 1459 2319 1531 apud
2374 1458 2541 1513 Deum
2604 1454 2787 1509 limus.
2850 1450 2969 1505 Non
3017 1451 3162 1504 enim
3213 1449 3318 1504 alia
3371 1447 3581 1500 ratione

1994 1570 2153 1625 quam
2203 1552 2385 1606 l‘ructu
2428 1550 2483 1602 in
2548 1544 2968 1602 :estimationem
3015 1543 3200 1611 planta
3233 1547 3407 1595 venit.
3436 1535 3584 1590 Talis

1995 1644 2371 1716 apostolorum
2422 1639 2525 1695 fuit
2571 1637 2828 1701 fructus,
2863 1630 3331 1705 quemadmodum
3379 1629 3585 1683 alit-uli

1994 1736 2289 1807 Apostolus
2324 1732 2503 1804 inquit
2523 1730 2567 1763 ⁸³
2597 1746 2610 1782 :
2638 1726 2969 1798 Utgenlium
3021 1724 3226 1779 oblatio
3275 1730 3501 1791 accepta
3531 1731 3582 1772 et

1995 1830 2335 1885 sanctiﬁcata
2372 1828 2425 1880 in
2459 1825 2668 1896 Spiritu
2713 1830 2907 1878 sancto
2936 1819 3050 1874 liat.

2072 1922 2135 1975 Et
2157 1936 2399 1990 pecorum
2424 1933 2615 1988 magna
2636 1924 2751 1970 erat
2771 1912 2921 1981 copia
2945 1910 3074 1980 [iliis
3095 1908 3297 1962 Ruben.
3342 1902 3578 1978 [XXXI].

1998 2012 2073 2085 1.]
2106 2013 2336 2067 Causam
2376 2011 2446 2063 ob
2486 2023 2649 2078 quam
2685 2014 2888 2059 terram
2922 2003 3003 2057 cis
3029 1999 3327 2055 Jordauem
3379 1998 3584 2066 appeti-

1997 2112 2213 2167 verunt,
2251 2100 2502 2181 prieligit.
2536 2099 2690 2165 Quod
2724 2095 2982 2151 videlicet
3012 2109 3120 2148 non
3149 2091 3497 2146 induxissent
3529 2090 3581 2141 in

318 2166 510 2273 suis;
529 2205 587 2258 ὀ
621 2204 678 2257 δὲ
699 2166 939 2274 λῐωῡᾶῆς
963 2166 1525 2274 ἀνορωπενῶςιαὺὲῶν
1542 2166 1896 2279 ἧγξιέἦςὲέῆξρ

2006 2176 2528 2262 ιιηίιιιιιιιιιριίαυθε
2576 2190 2756 2244 tribus
2789 2187 3067 2243 deserere.
3103 2186 3171 2238 At
3217 2184 3395 2238 Moses
3438 2182 3586 2250 ipso-

317 2296 577 2351 διάνοιαν.
612 2296 687 2348 Οὐ
731 2295 839 2366 γὰρ
884 2296 1061 2350 πάντα
1090 2297 1393 2367 προφήταις
1418 2298 1895 2354 ἀποκαλύπτεται*

1998 2302 2118 2342 rum
2136 2285 2437 2346 consilium
2463 2281 2784 2336 humanitus
2807 2277 3103 2350 ignoravit,
3132 2277 3276 2332 sicut
3304 2273 3587 2345 prophetis

320 2387 437 2441 ἀλλ’
464 2385 755 2454 ἀγνοοῦσιν
785 2385 895 2438 ἔσθ’
929 2386 1018 2439 ὅτε
1051 2386 1185 2457 πρὸς
1215 2387 1275 2439 τὸ
1303 2389 1777 2459 συμφέρον.”0οεν
1808 2390 1898 2444 αὑ-

2006 2394 2109 2433 non
2139 2378 2324 2434 omnia
2356 2377 2690 2439 revelantur,
2730 2372 2823 2429 sed
2854 2386 2964 2426 non
3005 2371 3123 2426 sine
3164 2370 3347 2439 aliquo
3371 2367 3586 2421 cmolu~

318 2479 432 2540 τοῖς
466 2474 798 2546 ἐπετίμησεν
831 2473 1096 2545 ἀρχικῶς,
1128 2474 1221 2527 καὶ
1250 2474 1358 2527 τῶν
1389 2476 1517 2547 περὶ
1566 2473 1898 2548 ἀπειῦησάν-

2006 2479 2190 2526 mento
2240 2468 2541 2539 aliquando
2590 2468 2861 2538 ignorant.
2915 2464 3260 2534 Quapropter
3310 2476 3407 2516 eos
3445 2460 3584 2514 satis

320 2585 429 2621 των
466 2566 604 2637 πρὸς
634 2564 696 2619 τὸ
729 2565 803 2636 μὴ
833 2565 1094 2619 εἰσελθεῖν
1126 2568 1204 2630 εἰς
1236 2566 1333 2635 τὴν
1364 2567 1484 2636 γῆν
1532 2567 1632 2637 τῆς
1661 2571 1902 2637 ἐπαγγε-

322 2657 440 2719 λίας
464 2657 797 2726 ὑπέμνησεν,
818 2649 907 2709 οἷα
931 2654 1250 2710 πεπόνθασι.
1270 2657 1342 2709 Τὸ
1361 2656 1418 2709 δὲ
1439 2657 1663 2726 ἀκριϐὲς
1689 2658 1895 2727 μαθὼν,

324 2747 702 2818 συνεχώρησεν
731 2748 824 2800 ἐπὶ
850 2745 1144 2816 συνθήκαις
1168 2746 1260 2799 τοῦ
1292 2747 1651 2817 συμμαχῆσαι
1679 2752 1792 2813 τοῖς
1809 2750 1902 2804 ἄλ-

321 2841 529 2904 λοις.“0
559 2839 654 2894 καὶ
683 2839 976 2904 δείκνυσιν,
994 2836 1068 2902 ὼς
1094 2837 1227 2908 πρὸς
1250 2838 1311 2891 τὸ
1340 2839 1616 2909 συμφέρον
1639 2842 1895 2913 ἠγνόησε.

2004 2565 2297 2634 imperiose
2328 2562 2651 2633 increpavit,
2682 2569 2735 2614 et
2765 2574 2955 2614 eorum
2984 2558 3078 2628 qui
3113 2556 3263 2626 prius
3292 2556 3344 2608 in
3378 2562 3582 2607 terram

2007 2656 2394 2726 promissionis
2433 2652 2645 2724 ingredi
2687 2651 3037 2714 recusabant,
3071 2646 3394 2701 memoriam
3420 2643 3583 2699 refri-

2007 2747 2189 2810 cavit,
2222 2757 2275 2801 et
2315 2752 2517 2816 quanta
2559 2744 2920 2816 pertulerint,
2966 2740 3245 2795 iudicavit.
3274 2738 3413 2792 Cum
3457 2751 3585 2789 vero

2009 2856 2123 2897 rem
2166 2840 2405 2911 penitius
2440 2837 2813 2907 cognovisset,
2840 2834 2941 2889 ﬁde
2971 2833 3255 2888 societatis
3288 2831 3497 2887 bellicae
3518 2830 3586 2883 ah

2003 2934 2139 3004 ipsis
2171 2934 2465 3002 postulata,
2495 2931 2636 2986 votis
2667 2944 2859 2986 eorum
2893 2928 3104 2983 annuit.
3139 2925 3294 2991 Quod
3327 2939 3461 2980 sane
3483 2939 3582 2978 ar-

2002 3024 2121 3095 guit
2158 3027 2336 3095 ipsum
2370 3023 2437 3078 ad
2479 3024 2773 3077 utilitatem
2805 3023 3109 3092 ignorasse.

395 3136 558 3206 Atqui
591 3133 773 3190 omnia
800 3133 866 3189 ad
898 3132 1067 3187 Deum
1090 3132 1494 3196 accommodat,
1524 3146 1588 3187 ac
1616 3133 1979 3191 deiectionem
2010 3146 2297 3207 peccatum
2330 3146 2524 3192 contra
2558 3135 2849 3191 Dominum
2881 3140 3066 3196 vocat,
3093 3142 3145 3185 et
3178 3130 3584 3200 possessionem

328 3223 461 3294 ipsis
491 3222 812 3278 tradendam
838 3262 853 3287 ,
885 3235 1075 3277 coram
1105 3220 1336 3275 Domino
1371 3222 1632 3276 traditum
1670 3222 1737 3278 iri
1773 3224 1923 3279 dicit.
1956 3224 2091 3280 Cum
2129 3227 2274 3281 enim
2307 3226 2530 3296 pictatis
2565 3240 2628 3280 ac
2664 3224 2947 3295 religionis
2976 3223 3049 3276 sit
3080 3222 3361 3290 magister,
3395 3235 3586 3272 omnes

326 3325 459 3366 suas
511 3310 682 3367 animi
717 3309 865 3365 vires
912 3308 1117 3377 ubique
1152 3307 1207 3362 in
1246 3306 1415 3363 Deum
1447 3308 1719 3375 intendit,
1767 3319 1820 3365 et
1866 3314 2126 3383 pepulum
2164 3315 2217 3368 in
2249 3312 2603 3367 concordiam
2646 3312 2865 3382 redigit.
2899 3310 3246 3378 Quapropter
3293 3322 3416 3360 cum
3471 3320 3585 3360 rem

327 3413 485 3454 suam
516 3407 820 3466 promotam
846 3412 972 3453 esse
1004 3394 1289 3459 viderent,
1320 3394 1593 3451 instructa
1623 3398 1742 3452 acie
1767 3396 2065 3455 Iordanem
2095 3403 2528 3473 pertransituros
2558 3415 2617 3456 se
2647 3413 2769 3454 esse
2800 3397 3073 3468 recipiunt
3097 3433 3110 3459 ,
3155 3408 3219 3449 ac
3254 3393 3498 3448 indicant
3530 3392 3583 3447 iu

326 3486 503 3541 oculis
535 3486 749 3540 Domini
788 3486 1074 3557 ipsiusque
1131 3483 1394 3553 auspiciis
1430 3484 1530 3539 hoc
1559 3485 1761 3541 bellum
1799 3486 1933 3544 fore.
1960 3485 1975 3505 ‘

396 3598 487 3669 Τῷ
521 3598 694 3668 Ἰησοῦ
723 3598 817 3651 καὶ
838 3597 915 3669 τῷ
945 3599 1193 3675 ἀρχιερεῖ
1219 3598 1348 3669 περὶ
1377 3596 1554 3652 αὐτῶν
1585 3599 1898 3664 ἐνετείλατο,

2080 3597 2346 3653 Caeterum
2394 3597 2560 3655 Josue
2608 3605 2661 3652 et
2710 3594 2949 3667 pontiilei
2996 3592 3064 3648 de
3107 3590 3240 3660 ipsis
3285 3586 3587 3654 mandavit,

324 3692 400 3754 ὡς
425 3689 608 3762 ἄρχων
634 3691 855 3759 ἀγαθὸς,
891 3694 985 3745 καὶ
1011 3690 1086 3762 μὴ
1109 3690 1203 3744 τοῦ
1236 3690 1428 3762 χρόνου
1459 3690 1619 3762 μόνον
1648 3691 1741 3745 τοῦ
1772 3693 1898 3748 καθ¹

2015 3691 2140 3744 boni
2185 3691 2406 3746 functus
2450 3691 2628 3746 oﬂicio
2678 3690 2961 3760 principis,
2999 3688 3092 3758 qui
3135 3698 3244 3738 non
3278 3690 3486 3737 tantum
3519 3681 3584 3732 ad

326 3783 519 3842 suova
551 3781 968 3855 προνοούμενος.
1156 3792 1160 3797 ’

2013 3799 2072 3839 se
2100 3792 2153 3838 et
2181 3799 2277 3839 sua
2303 3784 2520 3855 negotia
2556 3792 2789 3855 spectat.

398 3896 632 3962 Quidam
662 3910 794 3950 vero
818 3894 1066 3959 tradunt,
1107 3895 1254 3965 quod
1280 3895 1350 3953 ob
1383 3896 1692 3967 portionem
1726 3904 1937 3967 quanta
1964 3897 2076 3953 illis
2106 3898 2312 3963 cessit,
2350 3908 2844 3969 quantumcunque
2874 3895 3096 3965 pascuis
3132 3910 3413 3967 pecorum,
3450 3911 3587 3949 uxo-

328 3985 483 4042 ribus
511 3983 639 4038 item
672 3998 737 4038 ac
765 3983 956 4039 liberis
995 3984 1193 4040 idonea
1217 3984 1336 4040 visa
1365 3995 1534 4050 esset,
1562 3982 1858 4040 Iordanem
1894 4000 2241 4057 nequaquam
2271 3986 2636 4056 trajecissent,
2662 4001 2765 4041 nec
2795 3994 3022 4041 eatenus
3045 3985 3266 4056 quidem
3299 3994 3355 4039 ut
3382 3984 3586 4039 bellum

328 4086 390 4123 ae
428 4070 677 4138 praelium
714 4068 1040 4139 conspicere
1066 4077 1352 4149 possent,
1385 4085 1509 4126 cum
1544 4070 1656 4141 jam
1691 4070 1746 4126 in
1790 4073 2073 4128 consortio
2099 4073 2287 4143 gloriae
2325 4074 2559 4128 aliorum
2595 4073 2870 4129 steterint.
2909 4070 3109 4126 Verum
3168 4071 3582 4127 obsecundassc

330 4156 467 4212 Mosi
501 4158 628 4228 quia
663 4156 1019 4211 minitaretur
1053 4158 1182 4213 belli
1214 4158 1438 4228 quidem
1467 4165 1752 4215 consortes
1786 4157 2002 4214 futuros
2027 4201 2043 4227 ,
2090 4159 2242 4229 atqui
2295 4170 2455 4215 terras
2500 4166 2707 4214 sancta:
2737 4173 2846 4214 non
2881 4158 3199 4228 participes.
3239 4155 3336 4212 His
3370 4158 3584 4213 similes

329 4245 581 4300 nonnulli
615 4254 785 4309 sunt,
819 4244 912 4315 qui
944 4244 1094 4302 curis
1122 4245 1291 4315 hujus
1326 4246 1451 4302 vita:
1482 4246 1653 4325 victi,
1691 4247 1875 4302 studio
1901 4261 2029 4317 erga
2055 4245 2224 4301 Deum
2251 4248 2689 4319 elanguescunt:
2729 4265 2749 4299 ι
2778 4245 2932 4301 Multi
2969 4245 3116 4303 enim
3161 4245 3336 4300 vocati
3364 4285 3379 4310 ,
3430 4246 3588 4315 pauci

328 4348 461 4387 vero
492 4332 733 4389 electi".
764 4351 783 4385 ι
824 4330 935 4388 Etsi
967 4332 1114 4388 enim
1154 4334 1336 4389 vocati
1372 4332 1440 4388 ad
1474 4332 1632 4389 ﬁdem
1698 4333 1904 4389 fuerint
1927 4374 1941 4401 ,
1985 4344 2206 4406 propter
2238 4336 2547 4406 voluptates
2578 4335 2633 4390 in
2666 4334 2965 4406 proborum
3007 4348 3240 4389 numero
3270 4348 3588 4403 permanere

328 4421 547 4473 nolunt.
578 4420 656 4474 Ac
685 4420 751 4474 ad
784 4420 957 4489 ipsam
994 4419 1217 4489 quidem
1250 4420 1507 4491 baptismi
1540 4420 1773 4493 gratiam
1805 4421 1951 4478 lento
1984 4439 2178 4494 gressu
2213 4424 2507 4491 accedunt,
2532 4432 2742 4495 quanto
2770 4422 3002 4479 lentiore
3035 4436 3167 4479 vero
3212 4422 3279 4477 ad
3328 4435 3588 4492 persecu-

328 4510 573 4576 tionem,
622 4508 668 4563 si
717 4524 844 4563 cum
880 4508 1004 4565 aliis
1037 4509 1245 4566 sanctis
1274 4524 1337 4565 ea
1368 4509 1675 4580 aliquando
1705 4510 2031 4580 perferenda
2070 4512 2180 4567 sit!
2214 4511 2373 4582 Legis
2394 4528 2527 4569 vero
2557 4513 2759 4569 divinae
2786 4512 3055 4570 conviciis
3097 4511 3292 4567 saltem
3341 4510 3564 4565 excitati

328 4598 520 4668 iraque
550 4597 734 4652 divina
766 4597 1065 4667 aliquando
1093 4597 1371 4665 exterriti,
1400 4598 1708 4654 mediocres
1749 4612 1813 4652 ac
1841 4598 1989 4655 leves
2028 4566 2321 4670 attingunt:
2341 4601 2596 4670 laboresf,
2629 4615 2753 4655 cum
2785 4599 3107 4670 proceribus
3140 4566 3285 4653 forte
3308 4566 3587 4672 jejunant:

328 4688 627 4757 aliquando
666 4688 809 4743 bello
844 4688 1031 4758 petitis
1066 4686 1329 4744 Ecclesiis
1361 4702 1457 4744 eos
1487 4689 1838 4756 aemulantur,
1870 4702 2148 4758 nunquam
2180 4689 2358 4743 adhuc
2388 4690 2640 4759 persuasi
2684 4697 2744 4743 ut
2791 4703 2878 4744 res
2903 4687 3091 4743 mundi
3124 4686 3292 4757 hujus
3323 4693 3539 4743 contem
3560 4717 3583 4726 -

330 4785 486 4841 nant,
518 4776 614 4832 sed
648 4776 884 4831 subinde
911 4775 981 4831 ad
1013 4790 1144 4832 suas
1177 4790 1311 4845 opes
1338 4784 1710 4842 revertuntur,
1748 4785 2106 4846 terrenasque
2160 4776 2471 4846 voluptates
2502 4784 2555 4832 et
2581 4778 2796 4846 lepores
2836 4775 3264 4843 amplectuntur.
3298 4773 3479 4840 Quare
3504 4775 3585 4827 di-

336 4863 573 4932 scipulis
606 4863 724 4918 suis
758 4863 1014 4919 Christus
1045 4863 1331 4934 praecipit:
1369 4882 1388 4914 ι
1419 4864 1698 4919 Attendite
1720 4880 1788 4918 ne
1818 4872 2117 4919 oncrentur
2145 4864 2315 4920 corda
2346 4872 2526 4920 vestra
2559 4866 2709 4920 curis
2736 4873 2788 4921 et
2818 4864 3113 4935 angoribus
3142 4863 3306 4933 hujus
3336 4862 3457 4916 vitae
3478 4861 3538 4915 ³⁸.
3568 4880 3584 4911 ι

328 4949 407 5003 Ac
443 4949 640 5004 horum
665 4949 888 5020 quidem
923 4958 1108 5022 typum
1144 4948 1445 5020 praeierunt
1470 4949 1663 5005 Ruben
1689 4960 1744 5005 et
1773 4949 1886 5006 Gad
1916 4991 1930 5014 ,
1964 4951 2054 5005 ille
2083 4952 2303 5020 quidem
2338 4952 2733 5024 primogenitus
2761 4993 2775 5019 ,
2827 4952 2917 5007 hic
2962 4965 3092 5007 vero
3124 4951 3339 5005 ancilla:
3374 4948 3588 5019 Zelphur

328 5035 497 5135 ﬁlios.
528 5035 627 5135 isti
652 5037 1242 5135 etenim-primogeniti
1286 5046 1417 5093 sunt
1445 5052 1540 5107 per
1570 5038 1767 5104 tidem;
1800 5037 2043 5094 Ecclesia
2071 5042 2216 5095 enim
2245 5050 2329 5097 est
2361 5043 2862 5113 primogenitorttm
2891 5040 3294 5111 descriptorum
3326 5041 3377 5092 in
3409 5038 3585 5097 cmlis.

330 5123 426 5192 qui
454 5124 714 5184 eximiam
745 5123 892 5195 apud
921 5124 1091 5181 Deum
1123 5133 1326 5181 sortem
1364 5135 1492 5180 sunt
1529 5126 1731 5191 sortiti,
1783 5136 2055 5197 quatenus
2083 5128 2336 5183 videlicet
2368 5128 2434 5183 ad
2465 5112 2698 5200 gratiam
2730 5130 2944 5195 attinet,
2979 5112 3300 5183 non-autem
3338 5133 3468 5179 sunt
3506 5126 3586 5177 in-

331 5212 491 5309 genui
543 5226 606 5265 ac
622 5212 902 5309 libertatis
931 5220 1231 5309 amatores,
1269 5228 1395 5267 cum
1428 5211 1813 5309 all'ectionibhs
1852 5216 2205 5270 ancillentur.
2236 5214 2334 5271 ilic
2368 5217 2573 5287 aliquis
2607 5216 2848 5285 objicere
2878 5217 3088 5289 possit,
3122 5212 3341 5268 lsraclis
3371 5227 3586 5280 quoque

330 5299 778 5395 primogenitum,
808 5314 981 5395 genus
1010 5299 1325 5395 pecuinum,
1358 5300 1517 5366 rude,
1549 5314 1613 5354 ac
1645 5300 1909 5355 illiberale
1932 5302 2171 5359 Jordanc
2201 5302 2366 5359 ﬂuvio
2396 5304 2580 5359 dirimi
2614 5304 2875 5358 maluisse
2893 5319 2952 5355 ac
2990 5300 3252 5381 separari,
3282 5314 3383 5353 nec
3421 5300 3585 5368 parti-

328 5384 518 5454 cipare
551 5393 709 5441 terra:
727 5386 782 5441 in
812 5402 920 5457 qua
944 5385 1038 5442 Dei
1068 5393 1124 5441 et
1151 5388 1294 5443 aedes
1323 5395 1376 5442 et
1401 5387 1583 5442 cultus
1610 5385 1734 5453 fuit,
1754 5389 2010 5458 quamvis
2040 5389 2107 5443 ad
2143 5405 2259 5445 eam
2286 5400 2536 5446 vocatum
2567 5396 2733 5454 esset,
2758 5389 3030 5459 simulque
3053 5372 3345 5442 deduxisse
3376 5401 3469 5439 eos
3496 5386 3585 5453 qui

330 5473 517 5529 verbis
549 5474 685 5546 legis
713 5473 1383 5532 crediderunt.Caeterum
1415 5475 1809 5546 procrastinati
1841 5484 1990 5542 sunt,
2022 5476 2162 5532 alius
2193 5479 2412 5546 quidem
2448 5478 2682 5533 dicendo
2718 5497 2729 5531 :
2771 5476 2949 5549 431
3000 5493 3019 5526 ι
3056 5476 3260 5545 Agrum
3291 5475 3418 5536 emi,
3449 5474 3587 5525 alius

333 5573 486 5622 vero,
510 5558 752 5615 Uxorem
784 5561 998 5627 duxi",
1036 5579 1054 5613 ι
1085 5569 1139 5617 et
1171 5578 1293 5633 qua:
1323 5562 1601 5633 deinceps.
1644 5561 1913 5628 Quocirca
1946 5579 2051 5618 non
2089 5565 2385 5619 deveniunt
2422 5566 2475 5620 in
2510 5565 2809 5620 amicitiam
2844 5563 3059 5618 Domini
3092 5562 3357 5616 dicentis:
3385 5560 3588 5615 Servus

330 5659 443 5701 non
479 5648 627 5702 novit
656 5649 788 5719 quid
831 5647 996 5704 faciat
1028 5648 1192 5706 herus
1220 5649 1394 5720 ipsius
1416 5691 1429 5715 ,
1466 5665 1562 5708 vos
1595 5660 1776 5706 autem
1809 5652 2018 5706 amicos
2056 5652 2242 5717 vocavi
2270 5670 2282 5718 ;
2323 5653 2501 5705 ontllin
2533 5668 2652 5721 qoze
2678 5667 2705 5704 a
2730 5650 2888 5704 Patre
2919 5665 3038 5703 meo
3073 5649 3254 5702 audivi
3290 5651 3445 5705 vobis
3484 5650 3586 5707 feci

408 5787 449 5819 "
490 5787 664 5841 lCor.
696 5804 790 5853 νη,
823 5788 912 5843 95.
996 5788 1038 5819 ¹⁶
1080 5788 1234 5841 llont.
1274 5805 1360 5853 xv,
1399 5789 1482 5844 16.
1563 5789 1819 5845 "Matth.
1856 5806 1987 5853 xxii,
2028 5790 2109 5844 li.
2192 5790 2230 5819 ⁸⁸
2258 5788 2389 5842 Luc.
2426 5806 2532 5853 xxi,
2572 5790 2655 5843 Si.
2738 5792 2775 5819 ¹²¹
2818 5786 2951 5843 an.
2981 5803 3084 5849 xw.
3128 5785 3306 5841 ili—20.
