4010 6230
399 299 506 365 889

1488 305 2022 367 COMMENTARII
2047 305 2130 366 IN
2174 303 2568 367 NUMEROS.

3553 307 3659 368 890

473 405 548 462 De
589 406 654 460 iis
702 423 904 476 quoque
953 409 1195 477 ipsorum
1246 411 1542 468 vindictam
1575 417 1707 483 cepit
1737 415 2016 471 Dominus.
2058 417 2116 470 In
2159 415 2391 470 victoria
2425 415 2494 471 ab
2529 412 2714 483 impiis
2751 419 2902 480 parta
2943 429 3137 468 omnes
3176 413 3252 468 dii
3285 414 3533 484 gentiam
3565 433 3659 470 ex-

399 495 728 565 stirpantur,
755 495 912 564 juxta
949 498 1328 568 propheticum
1359 502 1492 556 illud
1521 521 1535 556 ε
1563 521 1582 554 ε
1605 502 1868 560 lnducam
1903 505 2126 558 nomina
2158 504 2454 565 idolorum,
2484 518 2586 556 nec
2615 502 2725 554 ulla
2753 515 2948 556 eorum
2985 501 3228 556 exstabit
3257 503 3523 557 memoria
3552 504 3654 555 ³⁸..

399 581 574 637 Porro
625 587 994 656 primogenita
1048 603 1336 658 pecorum,
1369 606 1489 660 qttae
1535 594 1762 648 deorum
1815 594 1936 647 loco
1983 590 2259 646 habebant
2309 589 2552 660 zEgyptii
2609 603 2736 643 cum
2777 588 2904 643 aliis
2954 589 3340 661 primogenitis
3389 589 3656 658 perdidit,

403 671 602 726 futurae
647 671 925 728 idolorum
965 675 1266 733 excisiouis
1309 689 1656 748 argumento.
1697 679 1928 751 insuper
1959 693 2091 734 vero
2119 679 2388 748 jubentur
2419 692 2612 731 omnes
2650 677 3019 741 Chanauaeos,
3055 691 3125 731 ne
3185 675 3392 733 futuris
3459 677 3656 733 incolis

399 757 801 829 impedimento
828 761 964 826 sint,
992 777 1128 818 neve
1153 765 1280 820 ullae
1301 765 1608 836 impietatis
1637 767 1888 838 reliquiae
1919 775 2267 832 remaneant,
2297 765 2617 820 sustollere.

467 869 644 925 Τοῦτο
687 867 757 944 ἦν
806 873 906 927 τόο
968 892 987 926 ι
1017 876 1093 931 Οὐ
1130 878 1456 949 παροικήσει
1483 895 1566 933 σοι
1597 877 1968 951 πονηρευόμε-

2147 873 2570 944 Quod-perinde
2608 885 2693 929 est
2722 888 2786 929 ac
2818 876 2862 930 si
2896 875 3045 929 dicat
3073 891 3087 928 τ
3123 894 3141 926 ι
3171 873 3288 929 Non
3317 872 3663 930 eobabitabit

398 977 568 1026 νος.»

2077 966 2177 1021 tibi
2214 975 2448 1036 pravus;
2491 980 2596 1020 nec
2637 967 3045 1036 permanebunt
3077 965 3265 1036 iniqua
3305 975 3433 1021 ante
3464 965 3661 1018 oculos

2083 1067 2208 1114 tuos
2233 1057 2300 1112 ".
2335 1077 2355 1110 ι

462 1163 544 1220 Ac
575 1181 674 1222 eos
704 1169 922 1238 quidem
955 1178 1047 1243 qui
1079 1191 1172 1246 per
1199 1175 1499 1232 Jordanem
1537 1173 2011 1248 pertransieruut,
2046 1173 2216 1238 idola,
2249 1182 2304 1228 et
2337 1185 2464 1225 aras
2489 1179 2736 1225 evertere
2767 1169 3052 1240 dignatur,
3077 1168 3224 1240 quod
3262 1185 3462 1222 munus
3497 1167 3659 1222 hodie

395 1267 616 1322 quoque
653 1273 749 1313 eos
781 1260 874 1330 qui
906 1265 1143 1332 gratiam
1189 1281 1286 1335 per
1324 1266 1659 1336 baptismum
1713 1262 2000 1320 consecuti
2037 1268 2189 1327 sunt,
2223 1269 2426 1314 manet.
2470 1257 2636 1314 Juxta
2695 1259 2906 1313 dictum
2949 1260 3085 1312 illud
3125 1277 3138 1312 :
3183 1277 3201 1308 ι
3244 1255 3361 1311 Νοιι
3400 1257 3660 1312 adorabis

393 1341 530 1398 deos
559 1360 780 1414 οοτυιιι,
807 1364 986 1420 neque
1027 1353 1176 1411 coles
1203 1369 1320 1410 eos.
1360 1353 1478 1408 Non
1509 1352 1680 1410 facies
1707 1351 2018 1410 secundum
2045 1363 2212 1420 opera
2255 1349 2530 1416 ipsorum,
2563 1347 2659 1402 sed
2707 1346 3010 1402 avertendo
3041 1353 3282 1410 evertes,
3325 1353 3380 1400 et
3421 1343 3656 1399 commi-

395 1431 614 1488 nueudo
646 1438 993 1494 comminues
1021 1450 1236 1500 statuas
1266 1445 1539 1514 ipsorum.
1577 1444 1624 1476 ’⁸
1655 1461 1675 1494 ι

478 1547 636 1620 ἠιῒν
672 1557 783 1622 γὰρ
825 1555 1018 1613 ἔδωκα
1073 1559 1188 1624 τὴν
1237 1557 1356 1628 γῆν
1395 1557 1597 1614 αὐτῶν
1629 1559 1700 1613 ἐν
1738 1558 1965 1626 κλῆρφ.

393 1641 530 1710 Φησὶ
562 1643 674 1714 γὰρ
717 1645 794 1715 τῷ
836 1647 1106 1720 Ἀὃραάμο
1151 1669 1169 1700 ι
1195 1649 1288 1702 Σοὶ
1341 1648 1499 1702 δώσω
1522 1648 1714 1720 αὐτὴν,
1749 1647 1845 1701 καὶ
1889 1647 1970 1718 τῷ

395 1731 677 1803 σπέρματί
711 1751 830 1789 σου.
867 1755 887 1787 ι
945 1735 1135 1800 οὕτως
1183 1737 1283 1792 οὐκ
1323 1737 1544 1805 ἀνάξιον
1588 1736 1724 1790 θεοῦ
1757 1737 1970 1806 γίνεται

391 1819 482 1876 διὰ
503 1823 594 1877 τὸν
623 1827 968 1899 προπάτορα,
1001 1829 1098 1882 καὶ
1128 1831 1241 1892 τοῖς
1276 1830 1376 1882 οὐκ
1412 1829 1647 1899 ἀγαθοῖς,
1687 1845 1969 1899 προεγνω-

391 1913 611 1983 σμένοις
651 1918 945 1990 ἀπονεῖμαι
974 1921 1076 1993 τὴν
1109 1922 1235 1992 γῆν,
1265 1924 1344 1986 εἰς
1381 1925 1584 1995 ἐναργῆ
1612 1923 1969 1994 προτύπωσιν

389 2005 487 2077 τῆς
517 2009 628 2064 ὑπὸ
661 2010 766 2064 τῶν
793 2011 966 2081 ἁγίων
1001 2012 1306 2087 μελλούσης
1334 2015 1707 2069 κατοικεῖσθαι
1731 2015 1856 2084 γῆς.

2145 1553 2308 1627 432
2334 1553 2494 1609 Vobis
2510 1554 2652 1610 enim
2667 1562 2809 1608 sorte
2831 1561 3027 1606 terram
3052 1549 3298 1606 attribui.
3391 1545 3659 1618 {XXXII},

2076 1647 2223 1720 54.]c
2249 1647 2374 1703 Tibi
2396 1651 2542 1701 enim
2564 1647 2708 1702 dabo
2731 1659 2878 1711 eam,
2905 1642 2970 1698 ad
2987 1642 3362 1698 Abrahamum
3392 1641 3659 1711 inquit,et

2076 1739 2270 1795 semini
2304 1736 2698 1806 tuo".tltaque
2733 1743 2961 1806 propter
2983 1733 3363 1804 patriarcbam
3395 1732 3508 1788 Deo
3547 1749 3656 1786 non

2077 1831 2360 1900 indignum
2381 1837 2467 1885 est
2497 1829 2725 1883 minime
2751 1827 2914 1882 bouis
2948 1825 3114 1880 etiam
3141 1833 3268 1880 ante
3299 1812 3655 1880 visisterram

2076 1922 2343 1986 tribucre,
2407 1921 2650 1976 evidenti
2704 1918 3181 2000 demonstratione
3224 1917 3463 1983 scilicet,
3511 1921 3654 1989 quod

2069 2013 2250 2074 sancti
2285 2021 2493 2066 terram
2521 2011 2764 2066 futuram
2793 2008 3011 2080 capturi
3041 2008 3178 2065 sint.

464 2118 770 2178 Secundum
798 2125 970 2180 tribus
999 2135 1050 2179 et
1081 2127 1322 2196 familias
1354 2137 1557 2182 vestras
1583 2127 1964 2196 possessionem
1993 2128 2236 2184 dividite.
2268 2127 2391 2182 Non
2420 2125 2763 2195 promiscue,
2797 2124 2937 2178 adeo
2971 2129 3032 2178 ut
3059 2137 3226 2192 quam
3259 2121 3503 2176 maxime
3549 2118 3650 2173 ob-

296 2268 302 2280 ,
388 2223 642 2268 servetur
668 2214 830 2280 ordo,
869 2228 932 2270 ac
966 2218 1176 2290 quaevis
1218 2219 1394 2274 tribus
1429 2232 1587 2274 suam
1612 2226 1822 2273 certam
1857 2218 2224 2272 nanciscatur
2252 2215 2464 2270 sedem.

469 2351 711 2406 Ἀπειλεί
738 2353 947 2419 αὐτοῖς,
980 2357 1028 2409 εὶ
1060 2346 1134 2427 μῆ
1167 2356 1304 2429 πρὸς
1350 2357 1412 2411 τὸ
1437 2358 1648 2412 δίκαιον
1671 2357 1767 2414 τοῦ
1807 2357 1966 2426 Θεοῦ,

2137 2354 2394 2412 Cravrter
2431 2364 2614 2410 autem
2642 2351 3017 2406 comminatur
3059 2351 3192 2414 illis,
3227 2351 3274 2406 si
3326 2348 3656 2405 humanitati

385 2442 524 2498 ἀλλὰ
551 2447 690 2515 πρὸς
721 2447 1138 2521 φιλανθρωπίαν
1158 2451 1310 2513 τινὰς
1341 2451 1733 2506 ἀπολείπωσιν.
1784 2451 1970 2504 Ἀσυν-

387 2534 664 2607 ἀρμοστον
691 2539 800 2610 γὰρ
825 2539 903 2612 τῷ
941 2540 1082 2612 ἁγίῳ
1103 2541 1164 2594 τὸ
1196 2542 1270 2613 μὴ
1300 2543 1474 2610 ἅγιον.
1507 2538 1600 2606 Οἷς
1636 2543 1692 2596 δέ
1723 2560 1810 2606 τις
1835 2543 1966 2612 ἀρέ-

388 2644 579 2682 σκεται
617 2629 769 2702 παρὰ
802 2630 1032 2702 γνώμην
1065 2633 1221 2701 Θεοῦ,
1267 2634 1476 2698 τούτοις
1515 2635 1810 2690 ἐκδίδοται.
1851 2637 1968 2688 Κα-

387 2719 570 2794 θάπερ
597 2722 840 2777 Ἰουδαῖοι
865 2725 943 2794 τῷ
973 2726 1237 2797 Καίσαρι,
1277 2726 1464 2780 τοῦτον
1492 2728 1740 2797 ἑλόμενοι
1767 2728 1970 2797 μᾶλλον

388 2811 635 2883 βασιλέα,
659 2813 692 2884 ἢ
725 2813 816 2868 τὸν
842 2814 1072 2886 Σωτῆρα
1101 2817 1358 2887 Χριστόν.
1395 2817 1531 2872 Ὑπὸ
1555 2818 1664 2888 γὰρ
1692 2819 1798 2872 τῶν
1835 2819 1968 2872 Ῥω·-

389 2903 564 2976 μαέων
595 2904 839 2971 ἁλόντες,
883 2907 1186 2962 ἀπώλοντο.

456 3085 821 3157 Προφητικῶς
851 3088 1092 3158 Μωῦσῆς
1126 3089 1193 3141 τὰ
1241 3089 1366 3160 ὅρια
1397 3091 1659 3163 προλέγει
1708 3093 1806 3162 τῆς
1841 3095 1966 3163 γῆς.

387 3181 520 3234 Οὐδὲ
553 3181 662 3254 γὰρ
703 3177 772 3252 ἦν
804 3181 1060 3253 ἐπιμιξία
1115 3183 1252 3254 πρὸς
1284 3185 1628 3254 ἀπαγγελίαν
1655 3185 1690 3258 ἢ
1742 3187 1964 3254 γνῶσιν.

386 3273 498 3326 Καὶ
531 3272 806 3344 μέμνηται
835 3273 944 3327 τῶν
977 3273 1086 3328 δύω
1113 3275 1341 3346 ἡμίσεος
1367 3275 1570 3344 φυλῶν,
1603 3279 1677 3336 ὡς
1706 3279 1781 3348 μὴ
1809 3279 1966 3333 ὔστε-

390 3380 482 3432 ρον
530 3366 896 3420 ἀντιποιοίντο
941 3366 1040 3436 τῆς
1079 3367 1212 3420 εἴσω
1245 3368 1370 3438 γῆς,
1425 3370 1484 3420 ἐν
1598 3373 1813 3438 φυτείαι
1847 3372 1968 3425 δέν-

385 3455 553 3526 δρων,
586 3457 680 3512 καὶ
711 3458 911 3530 ἡκατὰ
941 3459 1108 3530 νόμον
1129 3459 1377 3530 λατρεὶα.

2067 2449 2196 2518 jure
2222 2447 2411 2502 divino
2451 2445 2762 2517 posthabito
2793 2444 3062 2513 quosdam
3115 2453 3357 2498 servent.
3391 2441 3656 2496 Sanctum

2069 2542 2218 2595 enim
2249 2541 2479 2595 minime
2523 2553 2649 2592 cum
2688 2537 2901 2608 polluto
2943 2551 3041 2592 seu
3081 2535 3314 2606 profano
3368 2533 3652 2588 convenit.

2073 2635 2248 2689 Porro
2281 2634 2482 2706 quibus
2520 2632 2723 2702 aliquis
2767 2631 3054 2702 applaudit
3084 2638 3279 2685 contra
3324 2630 3417 2685 Dei
3459 2630 3657 2682 volun-

2073 2739 2262 2793 tatem,
2303 2728 2499 2782 iisdem
2535 2741 2758 2797 quoque
2807 2727 2860 2779 in
2911 2739 3112 2780 manus
3160 2724 3420 2780 traditur.
3454 2724 3657 2790 Quent-

2073 2819 2370 2874 admodum
2410 2805 2732 2888 imperatori
2775 2816 2974 2878 Judaei,
3010 2830 3137 2870 cum
3174 2831 3297 2870 eum
3330 2830 3515 2886 regem
3549 2831 3658 2884 pra:

2073 2911 2304 2967 Christo
2347 2908 2646 2966 Servatore
2673 2909 2990 2980 elegissent.
3036 2907 3153 2964 Sub
3201 2907 3468 2962 Romanis
3509 2907 3655 2960 enim

2072 3001 2273 3070 captivi
2308 3001 2616 3069 perierunt.

2147 3092 2421 3148 Caeterum
2463 3107 2562 3147 ore
2609 3090 2932 3162 prophetico
2971 3099 3136 3147 terra:
3167 3090 3370 3146 limites
3414 3091 3662 3160 praedii-it

2075 3186 2328 3257 Moyses;
2360 3201 2467 3240 non
2488 3185 2635 3240 enim
2666 3184 2734 3238 ad
2769 3184 3310 3250 determinationem,
3335 3199 3433 3239 seu
3466 3187 3659 3254 cogni-

2077 3277 2280 3332 tionem
2317 3283 2444 3346 apta
2492 3285 2610 3332 erat
2652 3276 2964 3347 permistio.
3019 3275 3384 3331 Dimidiarum
3445 3292 3661 3346 quoque

2075 3371 2307 3426 duarum
2348 3369 2590 3424 tribuum
2647 3370 2924 3432 meminit,
2972 3384 3042 3424 ne
3081 3369 3344 3437 deinceps
3397 3369 3658 3422 interiora

2079 3473 2242 3519 terra:
2293 3464 2344 3518 in
2381 3479 2490 3532 qua
2548 3464 2791 3520 sationes
2831 3463 3118 3530 arborum,
3170 3463 3415 3532 legisque
3461 3463 3662 3516 divina:

2081 3557 2285 3622 cultus,
2311 3556 2680 3610 vindicarent.

457 3669 692 3757 Eleazar
717 3671 966 3728 sacerdos
997 3681 1047 3726 et
1096 3671 1260 3728 Iosue
1292 3674 1440 3742 ﬁlius
1485 3673 1654 3730 Nave.
1692 3677 1960 3748 [XXXIV],
2003 3681 2110 3754 i7.]
2155 3684 2286 3740 Duet
2333 3685 2603 3755 praeponit
2649 3684 3021 3749 sacerdotem,
3057 3697 3125 3740 eo
3171 3684 3320 3757 quod
3375 3685 3442 3738 ad
3487 3685 3658 3740 Deum

385 3750 615 3816 accedat
645 3761 899 3830 prOpius.
2092 3750 2110 3754 “
2333 3750 2350 3755 ’
2448 3750 2464 3755 “
2930 3794 2948 3800 -

456 3847 527 3903 Et
558 3848 760 3904 dabunt
783 3848 983 3904 Levitis
1015 3848 1078 3905 de
1110 3851 1364 3906 sortibus.
1401 3849 1650 3923 [XXXV,
1680 3853 1760 3927 2.]
1794 3855 2013 3914 Sanctis
2054 3861 2424 3917 subicientem
2453 3863 2864 3932 possessionem
2891 3859 3170 3926 concedit,
3202 3875 3311 3914 non
3344 3860 3659 3935 sortitione,

383 3953 578 3994 verum
611 3936 988 4004 dedicatione,
1033 3953 1105 3992 ne
1157 3939 1342 4010 inopia
1377 3941 1534 3996 valde
1581 3953 1926 4010 premantur,
1973 3963 2109 4004 neve
2152 3951 2315 4020 copia
2363 3951 2810 4004 einollescerent.
2852 3947 3182 4002 «Habentes
3233 3949 3408 4014 enim,
3457 3948 3659 4017 inquit,

385 4025 588 4080 victum
615 4034 670 4080 et
701 4025 991 4093 amictum,
1026 4025 1096 4080 iis
1131 4025 1344 4083 erimus
1371 4029 1619 4084 contenti
1645 4029 1711 4087 ".
1744 4051 1764 4082 ο
1800 4033 1880 4088 Ad
1920 4035 2011 4090 Dei
2047 4038 2194 4092 enim
2231 4040 2466 4105 cultum,
2486 4053 2592 4093 non
2623 4052 2883 4108 agrorum
2907 4079 2922 4104 ,
2946 4052 3045 4092 eos
3073 4039 3448 4090 consecravit.
3482 4034 3663 4101 Quare

384 4109 590 4170 Paulu's
633 4114 814 4185 inquit
840 4113 910 4178 ⁸⁵,
945 4123 1222 4185 quaestum
1261 4131 1388 4171 esse
1441 4133 1700 4189 magnum
1753 4121 2014 4191 pietatem
2049 4141 2176 4181 cum
2219 4129 2538 4198 frugalitate
2581 4127 2966 4196 conjunctam.
3012 4123 3289 4194 Dispcrgit
3339 4131 3522 4178 autem
3566 4139 3663 4176 eo;

385 4218 482 4272 per
513 4203 714 4268 tribus,
756 4210 817 4259 ut
851 4203 1174 4260 sanctitatis
1217 4220 1334 4262 sua:
1384 4208 1718 4263 excellentia
1749 4225 1944 4266 omnes
1993 4219 2221 4268 sanctos
2277 4212 2544 4266 reddant.
2605 4210 2683 4264 lta
2720 4225 2945 4279 quoque
2995 4207 3260 4262 Servator
3315 4207 3370 4260 in
3417 4206 3662 4276 εειιιίιιειι

383 4293 626 4349 medium
667 4293 886 4364 ablegat
932 4295 1236 4364 apostolos,
1274 4311 1386 4350 non
1427 4306 1693 4368 tanquam
1721 4307 1884 4355 terra:
1914 4301 2171 4356 dominos
2203 4319 2216 4355 :
2253 4315 2376 4354 nam
2414 4316 2517 4356 nec
2553 4299 2657 4368 ipsi
2695 4298 2916 4368 quidem
2943 4297 3112 4351 ullam
3148 4304 3308 4350 terra:
3353 4298 3660 4366 νοτιίοιιο.ιι

383 4380 632 4436 dominio
661 4389 1024 4452 acceperant:
1061 4399 1252 4439 verum
1285 4385 1362 4439 illi
1397 4387 1622 4456 quidem
1659 4395 1866 4444 terram
1898 4400 1951 4444 et
1982 4389 2149 4444 urbes
2188 4389 2471 4458 principio
2500 4387 2810 4456 accipiunt,
2853 4385 2904 4440 hi
2939 4401 3074 4440 vero
3108 4384 3346 4450 animas,
3383 4391 3594 4454 qttautu
3623 4403 3654 4436 η

382 4469 642 4524 videlicet
695 4469 764 4525 ad
792 4471 974 4527 victus
1009 4473 1403 4528 necessitatem
1461 4475 1798 4544 pertinebat,
1829 4492 1860 4529 a
1923 4478 2042 4532 suis
2094 4477 2452 4532 auditoribus
2501 4475 2872 4546 accipientes,
2927 4489 2994 4527 ac
3053 4471 3330 4549 imprimis
3379 4487 3507 4526 eum
3569 4471 3658 4523 bis

382 4557 596 4626 emissi,
633 4558 730 4627 qui
767 4558 996 4629 proinde
1024 4560 1188 4615 etiam
1227 4562 1540 4618 sanctiores
1581 4573 1762 4618 erant.
1800 4563 2174 4620 Exteruorum
2210 4566 2360 4620 enim
2391 4565 2620 4620 exilitas
2671 4564 2726 4618 in
2759 4561 3162 4634 spiritualibus
3195 4559 3516 4616 sublimitas
3555 4570 3658 4612 est.

383 4643 520 4700 Nam
553 4646 652 4716 qui
689 4647 876 4702 sedem
907 4647 1188 4717 propriam
1224 4663 1336 4703 non
1385 4649 1724 4716 habuerunt,
1749 4661 1919 4728 totam
1955 4659 2163 4708 terram
2197 4653 2322 4724 ejus
2371 4653 2494 4707 loco
2543 4651 2768 4706 habent.
2825 4644 3118 4704 Mandatur
3161 4663 3295 4703 vero
3337 4656 3397 4702 ut
3450 4647 3661 4702 Levitis

383 4734 551 4790 urbes
590 4734 874 4806 asylorum
903 4735 1308 4792 concedantur.
1345 4735 1423 4794 Eo
1453 4738 1604 4808 quod
1644 4755 1824 4810 genus
1867 4742 1970 4794 Itoc
2000 4741 2292 4796 hominum
2344 4739 2604 4810 plurimis
2641 4737 2929 4793 laboribus
2965 4753 3030 4791 ac
3077 4737 3346 4807 periculis
3389 4736 3462 4791 sit
3491 4752 3661 4804 expu-

384 4825 579 4887 situm,
601 4823 1017 4896 plurimumque
1041 4833 1095 4883 et
1123 4840 1186 4882 re
1213 4835 1268 4882 et
1296 4828 1483 4884 verbis
1517 4829 1728 4886 auxilio
1757 4829 2022 4900 indigeat.
2049 4827 2192 4884 Deus
2221 4829 2394 4900 igitur
2421 4844 2556 4884 cura
2591 4843 2691 4884 sua
2723 4843 3013 4882 sacrorum
3043 4836 3098 4881 et
3130 4825 3289 4880 verbi
3314 4825 3610 4878 nntislitib:
3639 4841 3661 4876 ε

384 4913 626 4978 assistit,
661 4929 844 4984 neque
878 4921 1084 4970 temere
1117 4921 1371 4972 extorres
1409 4916 1568 4971 facit.
1603 4915 1716 4972 Hoc
1745 4935 1875 4974 vero
1911 4919 2064 4974 velut
2105 4919 2360 4988 exemplo
2398 4915 2674 4973 Ecclesiis
2731 4916 3099 4985 significatur,
3134 4921 3194 4966 ut
3230 4928 3422 4966 ctn'am
3451 4911 3661 4964 vinetu-

383 5015 506 5056 rum
533 5010 718 5072 agant.
749 5001 1109 5058 «Mementote
1133 5004 1277 5058 enim
1314 5004 1649 5071 vinctorum,
1672 5007 2154 5077 inquit,tanquam
2188 5007 2354 5062 simul
2397 5006 2593 5070 vincti,
2619 5013 2674 5061 et
2699 5005 3068 5060 laborantium
3103 5013 3365 5070 tanquam
3401 5007 3454 5054 ct
3485 4999 3586 5068 ipsi
3612 5001 3663 5050 in

381 5103 619 5160 corpore
641 5099 928 5150 morantes
949 5089 1050 5150 “.i
1083 5091 1330 5164 Abjectis
1359 5093 1530 5159 enim,
1568 5095 1670 5150 hoc
1700 5103 1786 5150 est
1816 5094 2118 5167 refugium,
2141 5103 2194 5150 et
2230 5096 2297 5148 ad
2333 5096 2501 5148 Deum
2537 5093 2851 5149 revertendi
2889 5107 3044 5160 spes,
3125 5089 3216 5144 Dei
3256 5088 3344 5142 hic
3377 5087 3666 5156 religionis

384 5181 684 5240 antistites.
719 5181 926 5240 Trinas
961 5192 1147 5239 autem
1184 5186 1438 5240 secernit
1472 5187 1739 5256 utrinque
1770 5185 2028 5240 Jordattis
2060 5184 2227 5239 urbes
2269 5199 2460 5239 cortnn
2503 5182 2746 5253 refugio,
2783 5180 2876 5251 qui
2917 5181 3124 5234 Caedem
3167 5179 3358 5231 animo
3386 5192 3495 5228 non
3529 5190 3665 5228 cou-

383 5277 599 5341 ceptam
637 5280 996 5342 pepererunt,
1032 5288 1267 5328 numero
1299 5287 1408 5328 non
1443 5274 1601 5344 longe
1638 5289 1666 5327 a
1696 5272 1988 5328 Trinitatis
2025 5272 2316 5329 dissidenti
2370 5273 2688 5328 observato.
2723 5267 2898 5323 Porro
2935 5283 3066 5324 vero
3103 5266 3478 5336 quadraginta
3529 5265 3665 5317 “lius

386 5359 551 5415 urbes
579 5359 773 5430 selegit
801 5359 1009 5416 chitis
1041 5376 1105 5416 ex
1137 5349 1396 5417 omnibus
1429 5360 1710 5422 tribubus,
1743 5363 1933 5432 plures
1960 5377 2088 5417 vero
2111 5375 2178 5415 ex
2216 5363 2298 5417 eis
2335 5376 2456 5432 qua:
2483 5361 2750 5430 majorem
2787 5373 3012 5427 quoque
3052 5363 3264 5425 partem
3307 5367 3662 5422 acceperant,

385 5446 678 5516 pauciores
710 5447 778 5502 ab
802 5449 872 5503 iis
904 5463 1026 5520 quae
1057 5449 1323 5504 minorem
1360 5457 1517 5502 erant
1560 5451 1787 5513 sortite,
1811 5449 2060 5521 adeoque
2098 5459 2350 5506 exactam
2389 5451 2443 5504 in
2463 5445 2885 5504 deﬁnitionibus
2908 5445 3214 5512 mquitatem
3255 5449 3458 5496 servat.
3495 5441 3663 5494 Caele.

285 5595 303 5606 ι
387 5537 759 5606 rumasylacx
777 5552 935 5608 chtto
969 5537 1236 5608 indigenae
1261 5548 1311 5593 et
1341 5538 1562 5592 advers-
1585 5539 1998 5608 pateiarit,jam
2033 5548 2144 5594 tum
2179 5555 2404 5610 parvam
2431 5536 2892 5608 signiﬁcationem
2917 5531 3257 5602 :rqualitatis
3289 5546 3452 5601 quam
3477 5541 3617 5602 gent.
3643 5546 3666 5584 ε

456 5712 502 5743 ’⁵
531 5711 762 5766 Zachar.
807 5729 928 5780 xm,
962 5717 1015 5768 ΕΞ.
1130 5717 1172 5748 ³⁵
1205 5715 1353 5772 Psal.
1390 5719 1519 5780 \',6.
1635 5719 1679 5748 επ
1713 5716 1881 5772 ι’ῖχοιι.
1921 5733 1968 5770 x:

2108 5715 2199 5769 '24.
2310 5715 2349 5745 ³⁷
2381 5714 2512 5767 Gen.
2549 5727 2645 5774 λιι,
2679 5710 2728 5762 7.
2809 5707 2895 5762 ’Ἴ
2933 5709 3073 5761 Tim.
3107 5723 3152 5760 vt
3199 5707 3252 5764 8.
3366 5709 3406 5738 στ’
3439 5706 3513 5760 tbi
3539 5707 3567 5758 l.
3612 5708 3664 5758 ti.

386 5782 430 5825 λθ
475 5781 639 5841 licbr.
664 5801 780 5852 xui,
805 5784 858 5841 5.

1130 5717 1172 5748 ³⁵
1205 5715 1353 5772 Psal.
1390 5719 1519 5781 \',6.
1635 5719 1679 5748 επ
1713 5716 1881 5772 ι’ῖχοιι.
1921 5731 2077 5784 xxtn,
2108 5715 2199 5769 '24.
