4010 6230
388 321 484 382 801
1720 321 2071 382 PROCOPII
2107 319 2352 382 GAZAZI
3533 315 3624 379 89"!

388 441 514 478 cunt
541 422 748 479 lsracle
782 423 1031 478 habituri
1058 425 1185 487 sint,
1223 425 1503 494 p'vcbeus.
1546 429 1712 498 A_tqui
1747 430 2086 498 reingiorum
2128 429 2442 484 multitudo
2491 428 2638 482 hunc
2687 427 2845 482 tinem
2878 423 3221 494 propositum
3267 422 3459 489 habet,
3493 430 3550 478 ut
3576 443 3624 480 in

392 511 736 580 longitudine
768 511 981 564 viarum
1015 511 1344 574 homicidas,
1383 527 1453 566 ne
1483 514 1539 567 in
1587 525 1948 585 cognatorum
1992 532 2188 572 manus
2218 517 2489 580 incidant,
2523 515 2794 570 sublevet.
2832 513 2990 566 Sicut
3028 511 3179 566 clare
3210 512 3264 564 in
3301 511 3628 567 Deuterono-

391 599 504 652 mio
541 606 743 652 exstat.
796 596 998 651 Verum
1045 599 1330 654 enimvero
1387 599 1588 656 caedem
1671 611 2038 672 spontancam
2089 619 2120 656 a
2179 619 2289 658 non
2345 609 2649 672 spontanea
2715 599 2864 654 notis
2910 613 2976 654 ac
3021 597 3196 668 signis
3239 597 3518 660 distinxit.
3567 617 3628 655 ne

393 701 494 754 pro
555 697 706 753 ptum
741 685 918 738 cuivis
945 691 1090 738 esset
1144 685 1372 741 dicere:
1424 689 1637 745 Invitus
1674 690 1801 754 feci,
1849 706 1961 760 quo
2005 689 2174 744 simul
2227 689 2510 743 hominum
2548 687 2876 742 immodicos
2930 694 3122 750 aestus,
3153 686 3360 754 quibus
3409 685 3628 740 insidias

392 773 623 826 caedium
660 773 865 840 lugent,
888 771 1063 826 sedat.
1085 770 1141 824 Si
1167 774 1313 828 enim
1340 776 1513 830 telmn
1537 780 1800 833 emissum
1834 779 1899 833 ad
1924 777 2126 832 ctedem
2162 777 2421 831 idoneum
2475 773 2661 839 fuerit,
2685 781 2992 842 spontanea
3023 772 3202 828 ctedes
3238 773 3358 827 haec
3387 779 3492 828 cst.
3522 772 3629 827 Non

394 861 694 913 absurdum
729 872 862 912 vero
891 859 996 912 erit
1035 860 1080 913 si
1111 869 1369 928 putemus
1401 879 1495 918 eos
1529 881 1750 934 quoque
1791 881 1906 920 suae
1935 865 2110 934 ipsius
2133 863 2332 918 animae
2362 876 2599 917 caesores
2631 859 2892 930 esse,qui
2921 860 3164 929 peccatis
3197 875 3324 915 sese
3375 860 3631 914 obnoxios

395 947 630 1010 iaciunt,
656 947 709 1000 in
743 946 1009 1001 oll‘cnsam
1050 945 1148 1001 Dei
1191 949 1242 1002 vi
1283 961 1477 1004 contra
1507 953 1710 1006 mentis
1740 953 2058 1008 instinctum
2096 965 2219 1006 sese
2247 949 2610 1013 adducentes,
2638 946 2800 1018 533
2846 948 3010 1018 idque
3037 957 3247 1001 naturae
3281 954 3485 1001 nostrae
3514 961 3630 1016 par-

394 1034 488 1088 tim
521 1036 674 1097 vitio;
701 1049 823 1102 qua:
849 1042 1090 1088 mentem
1126 1035 1366 1090 hominis
1401 1037 1472 1091 ab
1505 1038 1732 1095 ineunte
1765 1041 1952 1095 statim
1995 1050 2158 1097 :ctate
2204 1039 2786 1110 concupiscentiarum
2835 1037 3052 1109 legibus
3087 1039 3229 1108 regit
3264 1047 3320 1093 et
3353 1039 3630 1108 gubernat.

392 1122 741 1191 Quapropter
798 1121 1002 1176 misera
1039 1121 1282 1178 hominis
1315 1126 1497 1178 anima
1531 1126 1672 1196 fugae
1719 1143 1782 1182 ex
1829 1129 2036 1184 mundo
2065 1135 2121 1184 et
2151 1142 2389 1198 corpore
2437 1141 2669 1198 pinnam.
2693 1125 2952 1190 sustinet,
3001 1139 3166 1195 quam
3202 1123 3339 1178 facit
3372 1125 3426 1178 in
3458 1125 3632 1180 urbem
3727 1121 3736 1130 ’

393 1207 615 1279 refugii,
647 1225 750 1263 ceu
783 1224 908 1263 cum
949 1209 1108 1279 longa
1137 1217 1386 1280 tempora
1421 1213 1617 1267 mortis
1665 1213 1850 1268 abdita
1890 1215 2214 1278 incoluerit,
2245 1215 2336 1269 vix
2373 1214 2593 1268 tandem
2626 1213 2853 1268 liberata
2877 1212 3088 1267 Christi
3119 1213 3308 1283 magni
3337 1213 3634 1268 sacerdotis

395 1305 590 1350 morte.
612 1295 714 1362 Qui
750 1311 874 1349 cum
901 1294 1040 1349 infra
1076 1306 1242 1362 esset,
1275 1297 1488 1354 dimisit
1521 1298 1781 1368 inquiens
1809 1320 1822 1355 :
1859 1320 1878 1353 ι
1911 1302 2284 1372 Egredimiui;
2317 1309 2373 1357 et
2396 1301 2577 1370 iisqui
2607 1299 2927 1355 intenebris
2957 1307 3117 1354 erant
3143 1297 3517 1354 :Revclamini
3539 1301 3629 1352 ⁸³.»

396 1383 501 1448 Qui
550 1385 732 1452 reipsa
775 1398 1009 1452 magnus
1055 1385 1303 1452 pontifex
1363 1396 1470 1449 est,
1523 1385 1682 1454 juxta
1719 1387 1896 1443 illud:
1935 1407 1954 1440 ι
1981 1377 2102 1460 Ipse
2135 1388 2242 1443 erit
2292 1403 2552 1457 magnus,
2589 1396 2645 1442 et
2679 1386 2854 1443 Filius
2907 1385 3161 1457 Supremi
3215 1383 3583 1442 vocabitur".
3613 1404 3631 1438 ι

401 1471 549 1526 Alias
581 1471 724 1524 enim
757 1480 958 1540 printer
986 1472 1254 1525 rationem
1287 1481 1393 1535 est,
1423 1481 1483 1526 ut
1511 1488 1616 1527 non
1641 1473 1954 1529 dimittatur
1982 1490 2113 1531 reus
2135 1475 2243 1530 nisi
2266 1482 2519 1530 mortuus
2549 1475 2620 1529 sit
2644 1474 2736 1529 ille
2764 1489 2933 1544 penes
2949 1489 3109 1544 quem
3131 1481 3382 1545 potestas
3414 1474 3637 1528 interce-

398 1557 559 1612 dendi
593 1565 698 1618 est,
736 1557 1160 1612 convenientius
1197 1558 1342 1612 enim
1381 1567 1488 1624 est,
1515 1571 1572 1613 ut
1615 1561 1758 1614 vivat
1788 1577 1853 1615 ac
1897 1563 2244 1632 deprecetur.
2268 1561 2472 1616 Verum
2505 1563 2625 1634 ipsa
2651 1577 2872 1632 quoque
2889 1561 3120 1617 emissio
3146 1575 3258 1616 non
3286 1560 3515 1631 aequalis
3539 1569 3635 1624 est,

401 1663 526 1702 cum
565 1648 706 1702 alius
745 1642 1156 1712 dudum,'alius
1187 1663 1358 1718 nuper
1389 1647 1612 1718 fugerit,
1640 1650 2100 1718 quemadmodum
2131 1650 2292 1706 inferi
2321 1666 2546 1721 quoque
2575 1651 2720 1706 alios
2742 1650 2962 1720 longius
3000 1649 3140 1706 alios
3177 1648 3406 1704 brevius
3438 1656 3639 1717 tempus

405 1744 724 1790 tenuerunt.
757 1733 974 1800 Quibus
1023 1735 1286 1790 omnibus
1314 1736 1524 1790 Christi
1560 1737 1821 1792 subvenit
1873 1740 2140 1808 potentia,
2169 1753 2380 1809 eosque
2431 1738 2670 1794 vinculis
2709 1737 2988 1794 liberavit.
3025 1735 3368 1792 Intercessio
3419 1735 3562 1790 enim
3581 1749 3640 1789 ea

401 1822 507 1876 fuit
537 1823 773 1876 maxima
809 1839 928 1892 quae
955 1838 1053 1891 pro
1085 1823 1267 1877 salute
1292 1823 1600 1878 extorrium
1632 1823 1775 1878 facta
1807 1836 1918 1890 est,
1941 1825 2165 1897 quando
2197 1825 2459 1881 videlicet
2489 1840 2519 1878 a
2549 1824 2812 1896 paradiso
2845 1824 3102 1880 Christus
3135 1823 3314 1888 venit,
3335 1831 3392 1877 et
3421 1837 3452 1876 a
3483 1829 3644 1876 morte

398 1910 647 1965 exsulem
681 1911 920 1964 reduxit.
960 1909 1077 1962 Non
1111 1909 1381 1979 permittit
1411 1924 1543 1964 vero
1588 1927 1819 1966 munera
1850 1915 2137 1984 accipere,
2180 1929 2358 1985 neque
2405 1928 2506 1985 pro
2545 1912 2878 1970 dimissione
2911 1913 3010 1978 rei,
3043 1926 3227 1982 neque
3260 1926 3363 1982 pro
3399 1908 3520 1980 fuga
3553 1908 3644 1962 ho-

402 1999 615 2052 micida:
651 2014 756 2053 non
792 1998 1107 2068 spontanei.
1138 1995 1342 2051 Eadem
1375 1999 1522 2052 enim
1552 1999 1784 2054 intentio
1809 2007 1892 2056 est
1907 2001 2058 2078 ejus,
2083 2003 2227 2073 quod
2259 2003 2412 2057 illum
2444 2007 2702 2072 oporteat
2737 2000 2900 2066 mori,
2933 2008 2989 2055 et
3015 1999 3134 2070 ejus
3166 1999 3322 2068 quod
3366 1997 3514 2051 hunc
3545 2009 3646 2050 non

402 2086 567 2139 liceat
600 2101 830 2139 munera
858 2094 1086 2156 propter
1125 2083 1390 2156 eﬂ'ugcre.

475 2199 947 2252 Scribiturautom
979 2201 1032 2253 in
1057 2199 1337 2253 nonnullis
1371 2200 1801 2270 exemplaribus,
1825 2221 1844 2253 ι
1865 2216 1974 2256 non

2150 2203 2426 2276 Γράφεται
2455 2201 2565 2256 τῶν
2593 2201 2946 2274 ἀντιγράφων
2963 2200 3020 2254 ὲν
3036 2199 3222 2266 ἐνίοις,
3251 2217 3270 2249 ι
3302 2196 3380 2268 μὴ
3397 2194 3602 2265 φυγεῖν.
3625 2209 3642 2244 ι

403 2293 663 2360 ell‘uqcre.
695 2313 712 2344 ι
740 2300 798 2347 ιιι
822 2293 893 2348 sit
911 2308 1135 2348 sensus:
1159 2307 1266 2346 non
1290 2292 1552 2348 sumenda
1577 2309 1698 2349 esse
1725 2309 1976 2361 munera,

2107 2291 2262 2371 Ἰναῇ
2295 2313 2308 2326 ·
2338 2295 2430 2366 Μὴ
2459 2295 2567 2348 δεῖν
2615 2294 2800 2349 λαὸεἰν
2865 2293 3014 2365 δῶρα
3063 2293 3156 2345 ἐπὶ
3227 2291 3310 2362 τῷ
3372 2305 3648 2360 συγχωρη-

408 2394 464 2436 ιιι
514 2385 566 2438 in
612 2401 712 2440 sua
773 2395 916 2439 terra
966 2383 1239 2449 habitare,
1307 2398 1485 2454 neque
1547 2382 1733 2455 fugere
1785 2399 1982 2441 concc-

2107 2388 2246 2459 ιῆναι
2273 2387 2372 2458 τὴν
2399 2387 2607 2442 οἰκείαν
2627 2388 2844 2459 οἰκῆσαι
2874 2387 2999 2458 γῆν,
3035 2385 3128 2438 καὶ
3161 2383 3238 2455 μὴ
3275 2383 3488 2452 φυγεῖν.

405 2477 588 2532 datur.

481 2589 548 2644 Et
601 2609 703 2647 non
760 2591 1130 2648 contatttinetis
1171 2601 1370 2647 terram
1420 2593 1579 2648 crede.
1617 2589 1861 2662 [XXXV,
1886 2589 2005 2664 55.]
2053 2589 2293 2646 Pollulio
2341 2591 2486 2647 enim
2545 2601 2705 2648 terra;
2738 2588 3008 2661 iniustitia
3047 2594 3155 2654 est,
3181 2578 3496 2657 purificatio
3533 2593 3650 2636 vero

403 2679 642 2748 justitia.
3261 2677 3266 2682 '

478 2771 613 2824 Nam
655 2769 801 2840 quod
835 2769 1040 2824 dicitur
1085 2777 1287 2825 terram
1341 2769 1566 2840 injustis
1606 2771 1851 2826 caedibus
1891 2770 1988 2826 ob-

2161 2769 2236 2824 Τδ
2286 2770 2467 2839 λέγειν
2509 2771 2696 2842 ἔνοχον
2739 2767 2878 2824 εἷναι
2924 2767 3024 2839 τὴν
3051 2769 3154 2838 γῆν
3198 2765 3298 2818 ἐπὶ
3325 2765 3439 2826 τοῖς
3463 2759 3652 2820 ἀδίκοις

408 2863 629 2919 noxiam
691 2878 832 2929 esse,
897 2871 952 2917 et
1005 2862 1321 2932 expiatione
1362 2876 1484 2931 qua:
1522 2861 1668 2931 justa
1705 2863 1990 2934 punitione

409 2961 646 3013 constet,
667 2951 936 3021 indigere,
967 2952 1149 3006 innuit
1181 2958 1384 3006 terram
1410 2967 1520 3006 non
1558 2951 1614 3005 in
1647 2953 1808 3021 culpa
1846 2967 1989 3017 esse,

409 3061 600 3100 verum
653 3045 708 3098 in
764 3043 1086 3114 pollutionis
1144 3050 1311 3098 sorte.
1342 3059 1360 3093 ι
1398 3041 1475 3096 Ne
1507 3043 1824 3113 linquinetis
1846 3045 1989 3099 enim

410 3135 863 3205 terram,inquit,
910 3149 1074 3204 super
1119 3148 1226 3204 qua
1265 3133 1521 3187 habitatis
1575 3148 1694 3187 vos.
1735 3156 1754 3190 ι
1786 3133 1986 3188 Verum

412 3242 570 3284 terrae
602 3227 747 3283 unde
773 3229 898 3283 talis
935 3222 1109 3282 honor
1142 3241 1206 3281 ac
1235 3225 1584 3281 reverentia?
1619 3244 1636 3278 ι
1671 3224 1848 3296 Super
1880 3240 1988 3294 qua

411 3335 515 3391 ego
550 3321 848 3375 tentorium
883 3334 1059 3373 meum
1087 3317 1246 3388 ﬁgam
1275 3326 1416 3373 inter
1447 3333 1565 3374 vos.
1603 3337 1624 3372 ι
1657 3317 1813 3372 Nulla
1843 3318 1988 3373 enim

413 3412 625 3467 ratione
676 3427 783 3464 una
840 3419 986 3466 terra
1040 3411 1110 3464 ab
1167 3411 1273 3463 alia
1331 3417 1418 3464 est
1477 3409 1776 3480 disjuncta,
1826 3405 2023 3482 quam’

414 3504 670 3577 puritatis
710 3511 767 3560 et
820 3502 1130 3559 sanctitatis
1184 3517 1290 3572 qua
1355 3515 1597 3573 praesens
1663 3501 1807 3558 Deus
1845 3501 1995 3557 exci-

411 3600 579 3668 pitur.

487 3689 555 3744 Et
581 3690 674 3744 tibi
699 3698 747 3744 et
783 3688 1009 3743 Domino
1046 3697 1224 3742 nostro
1256 3687 1508 3758 prircepit
1539 3692 1670 3742 dare
1701 3686 1991 3741 Itwredita-

415 3790 516 3833 tem
547 3778 808 3848 Zelpaad.
845 3776 948 3850 [2.]
977 3777 1016 3830 Ε
1051 3793 1111 3832 re
1170 3777 1432 3847 peculiari
1491 3777 1686 3832 iterum
1718 3778 1800 3832 lex
1830 3792 1993 3848 gene-

417 3871 553 3927 ralis
578 3869 879 3926 derivatur.
936 3869 1055 3924 Non
1103 3869 1251 3938 quod
1317 3869 1460 3924 Deus
1489 3867 1621 3939 quid
1655 3865 1801 3923 iacto
1851 3873 2000 3922 esset

367 3961 377 3972 '
418 3978 558 4032 opus
605 3962 840 4017 antehac
891 3963 1244 4031 ignoraverit,
1307 3976 1499 4017 verum
1547 3960 1678 4031 quia
1736 3961 2000 4029 temporis

419 4056 886 4126 opportunitatem
910 4053 1266 4135 exspectavit.
1288 4052 1762 4120 Quemadmodum
1785 4067 2002 4123 quoque

420 4150 474 4203 in
511 4149 813 4217 blaSpbemi
847 4148 1088 4219 negotio,
1121 4148 1387 4216 ejusitem
1423 4147 1519 4218 qui
1561 4145 1861 4201 Sabbatum
1889 4159 2000 4199 non

421 4243 834 4304 observaverat,
864 4248 920 4294 et
949 4240 1002 4294 in
1038 4239 1142 4293 hoc
1169 4239 1290 4306 ipso
1334 4238 1569 4292 ﬁliarum
1601 4236 1857 4308 Zelpaad.
1893 4235 2004 4292 Ve-

424 4350 544 4388 rum
574 4342 687 4388 tum
719 4332 939 4403 quidem
982 4339 1163 4386 astute
1191 4338 1482 4384 tacuerunt
1516 4329 1762 4398 ipsarum
1793 4327 2004 4382 contri-

427 4425 602 4486 lmles,
664 4422 819 4476 veriti
879 4420 1136 4476 videlicet
1176 4419 1223 4476 si
1256 4420 1685 4490 interrogarent,
1719 4417 1864 4487 quod
1909 4417 2004 4473 Dei

425 4515 718 4585 imperimu
750 4513 1017 4585 impedire
1051 4511 1392 4568 viderentur.
1415 4510 1534 4566 .lam
1564 4525 1692 4566 vero
1708 4525 1827 4565 eam
1861 4525 2007 4581 qua:-

427 4609 660 4662 stionem
690 4606 936 4677 proferre
967 4605 1075 4660 illis
1119 4611 1203 4660 est
1250 4603 1451 4670 visum,
1486 4601 1887 4673 prospicientes
1921 4601 2007 4657 vi-

427 4701 624 4755 delicet
653 4697 892 4768 longius,
946 4714 1014 4752 ne
1044 4698 1265 4753 occasio
1327 4711 1392 4751 ac
1426 4695 1580 4750 radix
1620 4695 2010 4767 pullulasceret

428 4790 772 4846 confusionis
792 4789 1064 4858 tribuum,
1091 4789 1136 4842 si
1166 4787 1289 4842 lilia:
1314 4787 1397 4842 ba;
1427 4785 1806 4841 haereditatem
1837 4796 2012 4840 nactae

432 4901 529 4955 per
559 4884 782 4955 nuptias
816 4881 1224 4937 contribulibus
1247 4896 1354 4934 non
1382 4879 1769 4942 miscerentur,
1793 4876 2013 4948 quando

436 4991 534 5032 nec
585 4974 965 5031 hatreditatum
1023 4973 1264 5028 reversio
1306 4970 1702 5040 annojubilaeo
1747 4983 2011 5024 concessa

2092 2862 2311 2934 αἵμασι,
2335 2865 2430 2918 καὶ
2465 2861 2696 2933 ἱλασμοῦ
2733 2860 2958 2933 χρῄζειν
2995 2858 3083 2912 διὰ
3129 2857 3229 2926 τῆς
3258 2853 3475 2916 δικαίας
3507 2849 3651 2905 κολά-

2095 2969 2254 3015 σεως,
2304 2952 2380 3015 ὡς
2434 2951 2792 3023 μιαινομένην
2853 2949 3024 3018 λέγει,
3081 2947 3177 3001 καὶ
3205 2947 3309 3016 οὐχ
3360 2943 3437 3008 ὡς
3468 2940 3651 2996 αἰτίαν.

2100 3063 2118 3094 ι
2155 3044 2230 3097 Οὐ
2265 3045 2507 3114 μιανεῖτε
2527 3042 2658 3116 γὰρ,
2699 3042 2855 3112 φησι,
2885 3040 2984 3112 τὴν
3009 3039 3114 3110 γῆν
3138 3038 3226 3108 ἐφ’
3270 3033 3340 3110 ἧς
3363 3033 3655 3114 ’κατοικεῖτε

2095 3136 2181 3187 ἐπ’
2203 3135 2396 3206 αὐτῆς.
2441 3155 2460 3187 ι
2491 3135 2684 3205 Τίμιος
2713 3135 2771 3188 δὲ
2801 3135 2833 3204 ἡ
2869 3133 2939 3204 γῆ
2965 3149 2978 3162 ·
3019 3130 3206 3199 διατί;
3240 3148 3260 3182 ι
3289 3127 3406 3200 Ἐφ’
3455 3121 3520 3198 ἧς
3557 3119 3657 3190 ἐγὼ

2097 3224 2508 3295 κατασκηνώσω
2536 3225 2594 3278 ὲν
2620 3224 2770 3294 ὑμῖν.
2793 3241 2811 3274 ι
2837 3222 2916 3292 Γῆ
2941 3220 3052 3291 γὰρ
3076 3221 3180 3291 γῆς
3220 3219 3512 3288 ἀδιάφορος
3541 3211 3656 3281 περὶ

2098 3315 2468 3387 καθαρότητα⁹
2488 3313 2622 3370 Θεοῦ
2643 3315 2702 3368 δὲ
2719 3311 3022 3386 παρουσίαν
3043 3309 3442 3382 ὑποδεξαμένη.
3459 3301 3658 3374 καθαρὰ

2099 3407 2195 3462 καὶ
2222 3406 2374 3478 ἁγία.

2173 3675 2279 3730 Καὶ
2327 3671 2407 3740 τῷ
2447 3673 2644 3739 Κῳίῳ
2693 3669 2994 3735 συνέταξε
3041 3669 3250 3737 Κύριος
3312 3667 3519 3722 δοῦναι
3559 3653 3662 3729 th}

2101 3765 2506 3836 κληρονομίαν
2530 3762 2818 3819 Σαλπαὰό
2871 3761 2978 3816 τοῦ
3026 3758 3298 3830 ἀδελφοῦ
3359 3757 3522 3828 ἡμῶν
3545 3755 3662 3820 ταῖς

2101 3858 2468 3931 θυγατράσιν
2497 3856 2706 3912 αὑτοῦ.
2733 3855 2962 3925 Ἕτερος
2990 3855 3055 3906 ὲκ
3081 3849 3316 3922 μερικοῦ
3356 3850 3662 3920 πράγματος

2100 3951 2389 4014 καθολικὸς
2416 3948 2712 4020 ἐκφέρεται
2747 3947 2932 4017 νόμος,
2968 3945 3070 4012 οὐχ
3096 3942 3172 4005 ὡς
3200 3940 3342 3994 Θεοῦ
3366 3940 3466 4010 τὴν
3489 3937 3662 4009 χρείαν

2102 4043 2601 4116 προαγνοήσαντος,
2662 4040 2762 4111 τὴν
2805 4038 2900 4091 ἐπὶ
2944 4035 3140 4107 καιροῦ
3171 4035 3230 4088 δὲ
3265 4033 3662 4104 περιμείναντος

2102 4134 2273 4200 θέσιν,
2306 4133 2381 4196 ὡς
2405 4132 2498 4185 ἐπὶ
2528 4131 2621 4185 τοῦ
2647 4131 2992 4202 βλασφήμου,
3023 4133 3120 4186 καὶ
3160 4129 3256 4184 τοῦ
3315 4131 3377 4185 τὺ
3407 4125 3664 4180 Σάϐϐατον

2108 4222 2185 4294 μὴ
2211 4221 2570 4293 τηρήσαντος,
2606 4220 2701 4274 καὶ
2750 4219 2861 4274 τῶν
2910 4219 3006 4274 τοῦ
3049 4221 3310 4276 Σαλπαὰδ
3343 4217 3658 4290 θυγατέρων.

2116 4315 2279 4370 Ἀλλὰ
2300 4315 2422 4370 τότε
2452 4315 2550 4387 μὲν
2581 4313 2893 4388 ἐσιώπησαν
2943 4315 3187 4382 εὐλαϐῶς
3233 4318 3284 4372 oi
3321 4317 3521 4371 τούτων
3546 4309 3660 4381 ὀμό-

2106 4411 2284 4480 φυλοι,
2313 4408 2590 4473 δείσαντες
2616 4408 2714 4480 τὴν
2742 4407 3033 4479 ἐρώτησιν,
3072 4410 3148 4481 μὴ
3179 4409 3273 4464 καὶ
3310 4407 3434 4478 δόξῃ
3457 4404 3664 4475 κώλυμα

2107 4500 2201 4555 τοῦ
2257 4501 2668 4570 ὲπιτάγματοςσ
2726 4501 2822 4555 νῦν
2847 4501 2905 4554 δὲ
2940 4500 3143 4572 ταύτην
3180 4503 3509 4574 προσάγουσι
3547 4513 3666 4567 προσ

2108 4587 2227 4660 νοίᾳ
2259 4587 2352 4642 τοῦ
2387 4588 2694 4658 μέλλοντος,
2721 4591 2796 4659 μὴ
2815 4581 2906 4642 καὶ
2929 4589 3204 4662 πρόφασις
3223 4591 3450 4662 γένηται
3486 4581 3665 4656 συγχύ-

2113 4697 2252 4744 σεως
2283 4679 2393 4733 τῶν
2432 4679 2638 4750 φυλῶν,
2680 4683 2730 4733 εἰ
2771 4679 3075 4755 θυγατέρες
3130 4679 3559 4754 κληρονομοῦσαι
3601 4674 3667 4744 μὴ

2111 4775 2376 4843 γαμοῖντο
2397 4775 2508 4836 τοῖς
2529 4773 2823 4844 ὁμοφύλοις
2851 4791 2866 4804 ’
2903 4776 2990 4829 ὅτε
3035 4775 3169 4848 μηδὲ
3215 4774 3398 4846 χώραν
3446 4767 3582 4842 εἶχεν
3634 4768 3662 4833 ή

2112 4868 2176 4918 ὲκ
2201 4863 2296 4918 τοῦ
2342 4865 2655 4934 ’ῐωὸηλαίου
2688 4865 2798 4918 τῶν
2847 4867 3067 4939 κλήρων
3103 4866 3438 4939 ἀναστροφή.
3481 4861 3565 4916 Διὸ
3589 4874 3666 4910 νοο

2119 4956 2340 5027 μοθετεῖ
2368 4955 2522 5022 Θεὸς,
2559 4956 2739 5010 καίτοι
2769 4959 3039 5028 προγνοὺς
3082 4958 3252 5012 πάλαι
3274 4956 3368 5011 τοῦ
3405 4955 3561 5026 νόμου
3580 4949 3666 5017 τὴν

433 5071 613 5124 locum
650 5065 860 5122 habuit.
880 5065 1412 5136 Quaproptcrlegem
1450 5062 1627 5118 sancit
1651 5060 1817 5129 Deus,
1843 5077 2002 5131 quan.

2118 5051 2328 5122 χρείαν.
2353 5047 2511 5102 Οῦτω
2572 5049 2833 5120 Χριστὸς,
2867 5049 3005 5120 πρὸς
3042 5049 3142 5121 τὴν
3198 5049 3427 5120 Ἰαείρου
3467 5040 3667 5114 κληθεὶς

438 5159 637 5213 :umvis
660 5157 864 5213 dudum
903 5156 1036 5228 legis
1069 5155 1452 5210 necessitatem
1479 5153 1752 5221 cognitam
1789 5149 2012 5205 habuis-

437 5257 538 5301 set.
575 5248 651 5300 lta
677 5245 1184 5316 Christns'quoque
1213 5243 1281 5298 ad
1303 5241 1437 5299 .lairi
1472 5249 1698 5295 vocatus
1744 5239 1909 5292 tiliam
1942 5239 2014 5305 ³³,

441 5339 555 5407 ejus
587 5349 815 5394 mortem
850 5355 881 5394 e
915 5354 1020 5408 qua
1051 5352 1172 5392 eam
1213 5335 1429 5391 reduxit
1463 5348 1568 5387 non
1623 5330 1892 5401 praedicit;
1930 5345 2017 5386 res

438 5429 584 5483 cnim
619 5427 817 5484 divina:
843 5428 1040 5483 nonad
1074 5427 1496 5482 ostentationem
1529 5425 1822 5479 humanam
1863 5435 2013 5474 com-

442 5529 641 5591 parata:
692 5531 838 5576 sunt.
885 5521 1078 5576 Servat
1113 5535 1241 5574 vero
1296 5517 1575 5580 decorum,
1621 5531 1766 5569 nunc
1798 5513 2018 5584 quidem

2120 5140 2418 5212 θυγατέρα,
2453 5141 2514 5192 οὐ
2544 5139 2799 5211 προλέγει
2821 5140 3027 5213 ταύτης
3046 5141 3140 5198 τὸν
3169 5137 3492 5200 θάνατον.ὃν
3522 5147 3666 5202 γεγο·

2121 5234 2252 5287 νότα
2316 5233 2548 5286 ἰάσατοο
2606 5232 2668 5284 οὑ
2723 5233 2832 5305 γὰρ
2889 5235 2969 5300 είς
3013 5233 3276 5300 ἐπίδειξιν
3300 5227 3581 5303 ἀνθρώπου
3608 5221 3666 5275 τὰ
3746 5281 3752 5288 .

2124 5326 2276 5396 παρὰ
2305 5323 2442 5378 Θεοῦ
2468 5341 2481 5353 ·
2520 5321 2780 5393 φυλάττει
2817 5323 2874 5376 δὲ
2900 5323 2962 5377 τὸ
3003 5323 3202 5378 οἰκεῖον
3231 5325 3298 5394 τῇ
3323 5319 3552 5387 ὰξιιὲισει,
3581 5311 3665 5366 νῦν

2127 5417 2228 5486 μὲν
2263 5416 2358 5470 ἰὼν
2387 5413 2782 5486 σιλανθρὼπως
2805 5414 2878 5478 ὡς
2898 5415 3327 5486 ἐπισκεψόμενος
3345 5455 3360 5480 ,
3393 5410 3484 5466 νῦν
3506 5407 3558 5462 δὲ
3586 5405 3666 5457 ἀν·

2129 5511 2292 5566 ιστῶν
2319 5510 2738 5582 τελευτήσασαν.

441 5613 754 5666 humaniter
801 5614 866 5666 ad
917 5631 1036 5666 cam
1098 5611 1300 5674 cumlu,
1325 5609 1665 5680 exploratum
1698 5623 1817 5660 eam
1861 5606 2057 5676 quasi.
2103 5621 2246 5659 nunc
2281 5621 2409 5658 vero
2436 5603 2748 5658 defunctam
2787 5598 3098 5656 excitando.
3139 5596 3302 5654 lubet.
3337 5602 3508 5649 autem
3539 5594 3666 5639 nunc

518 5769 557 5797 "
591 5766 699 5823 lsa.
735 5785 880 5839 ηις,
905 5773 958 5825 9.
1039 5768 1082 5798 “
1116 5768 1250 5824 Luc.
1284 5785 1321 5836 ι,
1353 5765 1492 5820 5:1.”
1519 5763 1647 5820 Luc.
1681 5781 1795 5820 \‘lll.
1826 5765 1914 5819 Η.
