  <div class='ocr_page' id='page_1' title='image "/cluster/home/n/w/nwhite01/storage/ocr_20150623/87 pt.1/mdp.39015032856539/470.png"; bbox 0 0 4010 6230; ppageno 0'>
   <div class='ocr_carea' id='block_1_1' title="bbox 374 314 3636 389">
    <p class='ocr_par' dir='ltr' id='par_1_1' title="bbox 374 314 3636 389">
     <span class='ocr_line' id='line_1_1' title="bbox 374 314 3636 389; baseline 0.002 -11"><span class='ocrx_word' id='word_1_1' title='bbox 374 314 479 378; x_wconf 81' lang='grc'><strong>893</strong></span> <span class='ocrx_word' id='word_1_2' title='bbox 1288 323 1823 387; x_wconf 76' lang='lat' dir='ltr'><strong>COMMENTARII</strong></span> <span class='ocrx_word' id='word_1_3' title='bbox 1863 327 1942 386; x_wconf 85' lang='lat' dir='ltr'><strong>IN</strong></span> <span class='ocrx_word' id='word_1_4' title='bbox 1998 328 2696 389; x_wconf 69' lang='lat' dir='ltr'><strong>DEUTERONOMIUM.</strong></span> <span class='ocrx_word' id='word_1_5' title='bbox 3532 324 3636 385; x_wconf 68' lang='lat' dir='ltr'><strong>8M</strong></span> 
     </span>
    </p>
   </div>
   <div class='ocr_carea' id='block_1_2' title="bbox 375 424 3637 511">
    <p class='ocr_par' dir='ltr' id='par_1_2' title="bbox 375 424 3637 511">
     <span class='ocr_line' id='line_1_2' title="bbox 375 424 3637 511; baseline -0.001 -19"><span class='ocrx_word' id='word_1_6' title='bbox 375 425 586 492; x_wconf 55' lang='lat' dir='ltr'><strong>liuentis</strong></span> <span class='ocrx_word' id='word_1_7' title='bbox 626 424 745 482; x_wconf 70' lang='lat' dir='ltr'><strong>illas</strong></span> <span class='ocrx_word' id='word_1_8' title='bbox 801 442 1254 504; x_wconf 87' lang='lat' dir='ltr'><strong>quorumcunquc</strong></span> <span class='ocrx_word' id='word_1_9' title='bbox 1309 437 1478 493; x_wconf 90' lang='lat' dir='ltr'><strong>velint</strong></span> <span class='ocrx_word' id='word_1_10' title='bbox 1514 454 1715 495; x_wconf 81' lang='lat' dir='ltr'><strong>uxores</strong></span> <span class='ocrx_word' id='word_1_11' title='bbox 1748 455 1899 505; x_wconf 88' lang='lat' dir='ltr'><strong>esse;</strong></span> <span class='ocrx_word' id='word_1_12' title='bbox 1927 441 2245 511; x_wconf 85' lang='lat' dir='ltr'><strong>conjunctio</strong></span> <span class='ocrx_word' id='word_1_13' title='bbox 2277 442 2422 496; x_wconf 89' lang='lat' dir='ltr'><strong>enim</strong></span> <span class='ocrx_word' id='word_1_14' title='bbox 2463 442 2702 496; x_wconf 83' lang='lat' dir='ltr'><strong>violenta</strong></span> <span class='ocrx_word' id='word_1_15' title='bbox 2729 482 2743 506; x_wconf 94' lang='lat'><strong>,</strong></span> <span class='ocrx_word' id='word_1_16' title='bbox 2790 439 2856 493; x_wconf 82' lang='lat' dir='ltr'><strong>ad</strong></span> <span class='ocrx_word' id='word_1_17' title='bbox 2883 439 3314 509; x_wconf 78' lang='lat' dir='ltr'><strong>disiunctionem</strong></span> <span class='ocrx_word' id='word_1_18' title='bbox 3360 440 3461 491; x_wconf 77' lang='lat' dir='ltr'><strong>iter</strong></span> <span class='ocrx_word' id='word_1_19' title='bbox 3499 455 3637 506; x_wconf 71' lang='lat' dir='ltr'><strong>pue-</strong></span> 
     </span>
    </p>
   </div>
   <div class='ocr_carea' id='block_1_3' title="bbox 373 511 3641 599">
    <p class='ocr_par' dir='ltr' id='par_1_3' title="bbox 373 511 3641 599">
     <span class='ocr_line' id='line_1_3' title="bbox 373 511 3641 599; baseline 0.004 -33"><span class='ocrx_word' id='word_1_20' title='bbox 373 511 487 566; x_wconf 87' lang='lat' dir='ltr'><strong>bet.</strong></span> <span class='ocrx_word' id='word_1_21' title='bbox 529 511 746 569; x_wconf 84' lang='lat' dir='ltr'><strong>Nubere</strong></span> <span class='ocrx_word' id='word_1_22' title='bbox 803 532 936 571; x_wconf 88' lang='lat' dir='ltr'><strong>vero</strong></span> <span class='ocrx_word' id='word_1_23' title='bbox 993 522 1403 581; x_wconf 88' lang='lat' dir='ltr'><strong>contribulibus</strong></span> <span class='ocrx_word' id='word_1_24' title='bbox 1441 527 1640 597; x_wconf 87' lang='lat' dir='ltr'><strong>jubet,</strong></span> <span class='ocrx_word' id='word_1_25' title='bbox 1676 543 1744 582; x_wconf 90' lang='lat' dir='ltr'><strong>ne</strong></span> <span class='ocrx_word' id='word_1_26' title='bbox 1789 528 2029 582; x_wconf 88' lang='lat' dir='ltr'><strong>tribuum</strong></span> <span class='ocrx_word' id='word_1_27' title='bbox 2064 530 2156 582; x_wconf 88' lang='lat' dir='ltr'><strong>fiat</strong></span> <span class='ocrx_word' id='word_1_28' title='bbox 2188 530 2467 596; x_wconf 81' lang='lat' dir='ltr'><strong>confusio,</strong></span> <span class='ocrx_word' id='word_1_29' title='bbox 2502 530 2969 599; x_wconf 79' lang='lat' dir='ltr'><strong>quemadmodum</strong></span> <span class='ocrx_word' id='word_1_30' title='bbox 3019 542 3184 595; x_wconf 83' lang='lat' dir='ltr'><strong>supra</strong></span> <span class='ocrx_word' id='word_1_31' title='bbox 3241 527 3407 582; x_wconf 88' lang='lat' dir='ltr'><strong>etiam</strong></span> <span class='ocrx_word' id='word_1_32' title='bbox 3455 527 3641 596; x_wconf 66' lang='lat' dir='ltr'><strong>prohi-</strong></span> 
     </span>
    </p>
   </div>
   <div class='ocr_carea' id='block_1_4' title="bbox 375 599 3186 686">
    <p class='ocr_par' dir='ltr' id='par_1_4' title="bbox 375 599 3186 686">
     <span class='ocr_line' id='line_1_4' title="bbox 375 599 3186 686; baseline 0.005 -31"><span class='ocrx_word' id='word_1_33' title='bbox 375 599 467 655; x_wconf 95' lang='lat' dir='ltr'><strong>bet</strong></span> <span class='ocrx_word' id='word_1_34' title='bbox 529 602 767 673; x_wconf 74' lang='lat' dir='ltr'><strong>gentiles</strong></span> <span class='ocrx_word' id='word_1_35' title='bbox 817 619 917 660; x_wconf 91' lang='lat' dir='ltr'><strong>ceu</strong></span> <span class='ocrx_word' id='word_1_36' title='bbox 957 607 1210 666; x_wconf 84' lang='lat' dir='ltr'><strong>ethnicas</strong></span> <span class='ocrx_word' id='word_1_37' title='bbox 1252 611 1491 681; x_wconf 86' lang='lat' dir='ltr'><strong>ducere,</strong></span> <span class='ocrx_word' id='word_1_38' title='bbox 1553 615 1758 685; x_wconf 89' lang='lat' dir='ltr'><strong>popqu</strong></span> <span class='ocrx_word' id='word_1_39' title='bbox 1791 629 1861 670; x_wconf 90' lang='lat' dir='ltr'><strong>ne</strong></span> <span class='ocrx_word' id='word_1_40' title='bbox 1908 630 2035 670; x_wconf 90' lang='lat' dir='ltr'><strong>cum</strong></span> <span class='ocrx_word' id='word_1_41' title='bbox 2081 616 2266 686; x_wconf 86' lang='lat' dir='ltr'><strong>impiis</strong></span> <span class='ocrx_word' id='word_1_42' title='bbox 2299 620 2797 674; x_wconf 74' lang='lat' dir='ltr'><strong>commiscet-eatur</strong></span> <span class='ocrx_word' id='word_1_43' title='bbox 2825 616 3186 686; x_wconf 87' lang='lat' dir='ltr'><strong>prospiciens.</strong></span> 
     </span>
    </p>
   </div>
   <div class='ocr_carea' id='block_1_5' title="bbox 393 795 774 814">
    <p class='ocr_par' dir='ltr' id='par_1_5' title="bbox 393 795 774 814">
     <span class='ocr_line' id='line_1_5' title="bbox 393 795 774 814; baseline 0 -6"><span class='ocrx_word' id='word_1_44' title='bbox 393 795 774 814; x_wconf 42' lang='grc' dir='ltr'>ῃ</span> 
     </span>
    </p>
   </div>
   <div class='ocr_carea' id='block_1_6' title="bbox 395 801 2733 848">
    <p class='ocr_par' dir='ltr' id='par_1_6' title="bbox 395 801 2733 848">
     <span class='ocr_line' id='line_1_6' title="bbox 395 801 2733 848; baseline 0.007 -21"><span class='ocrx_word' id='word_1_45' title='bbox 395 801 2733 848; x_wconf 57' lang='lat' dir='ltr'><em>W</em></span> 
     </span>
    </p>
   </div>
   <div class='ocr_carea' id='block_1_7' title="bbox 1579 912 2430 1069">
    <p class='ocr_par' dir='ltr' id='par_1_7' title="bbox 1579 912 2430 1069">
     <span class='ocr_line' id='line_1_7' title="bbox 1579 912 2430 1069; baseline 0.004 -3"><span class='ocrx_word' id='word_1_46' title='bbox 1579 912 2430 1069; x_wconf 75' lang='lat' dir='ltr'><strong>COMMENTABII</strong></span> 
     </span>
    </p>
   </div>
   <div class='ocr_carea' id='block_1_8' title="bbox 1138 1191 2834 1353">
    <p class='ocr_par' dir='ltr' id='par_1_8' title="bbox 1138 1191 2834 1353">
     <span class='ocr_line' id='line_1_8' title="bbox 1138 1191 2834 1353; baseline 0.002 -36"><span class='ocrx_word' id='word_1_47' title='bbox 1138 1191 1301 1321; x_wconf 89' lang='lat' dir='ltr'><strong>IN</strong></span> <span class='ocrx_word' id='word_1_48' title='bbox 1393 1193 2834 1353; x_wconf 77' lang='lat' dir='ltr'><strong>DEUTERONOMIUM.</strong></span> 
     </span>
    </p>
   </div>
   <div class='ocr_carea' id='block_1_9' title="bbox 448 1521 3642 1614">
    <p class='ocr_par' dir='ltr' id='par_1_9' title="bbox 448 1521 3642 1614">
     <span class='ocr_line' id='line_1_9' title="bbox 448 1521 3642 1614; baseline -0.001 -25"><span class='ocrx_word' id='word_1_49' title='bbox 448 1521 634 1614; x_wconf 54' lang='lat' dir='ltr'><strong>Olim}!</strong></span> <span class='ocrx_word' id='word_1_50' title='bbox 667 1523 816 1580; x_wconf 80' lang='lat' dir='ltr'><strong>Mosc</strong></span> <span class='ocrx_word' id='word_1_51' title='bbox 839 1525 1058 1596; x_wconf 83' lang='lat' dir='ltr'><strong>quidem</strong></span> <span class='ocrx_word' id='word_1_52' title='bbox 1116 1529 1172 1583; x_wconf 90' lang='lat' dir='ltr'><strong>in</strong></span> <span class='ocrx_word' id='word_1_53' title='bbox 1236 1532 1337 1587; x_wconf 94' lang='lat' dir='ltr'><strong>hoc</strong></span> <span class='ocrx_word' id='word_1_54' title='bbox 1390 1539 1646 1603; x_wconf 71' lang='lat' dir='ltr'><strong>prmsenti</strong></span> <span class='ocrx_word' id='word_1_55' title='bbox 1675 1539 1815 1595; x_wconf 86' lang='lat' dir='ltr'><strong>libro</strong></span> <span class='ocrx_word' id='word_1_56' title='bbox 1852 1552 2198 1614; x_wconf 88' lang='lat' dir='ltr'><strong>repetuntur,</strong></span> <span class='ocrx_word' id='word_1_57' title='bbox 2239 1539 2681 1613; x_wconf 62' lang='lat' dir='ltr'><strong>praecedentibus</strong></span> <span class='ocrx_word' id='word_1_58' title='bbox 2728 1536 3181 1596; x_wconf 87' lang='lat' dir='ltr'><strong>enarrationibns</strong></span> <span class='ocrx_word' id='word_1_59' title='bbox 3240 1533 3642 1588; x_wconf 84' lang='lat' dir='ltr'><strong>mandavimus.</strong></span> 
     </span>
    </p>
   </div>
   <div class='ocr_carea' id='block_1_10' title="bbox 382 1608 3642 1701">
    <p class='ocr_par' dir='ltr' id='par_1_10' title="bbox 382 1608 3642 1701">
     <span class='ocr_line' id='line_1_10' title="bbox 382 1608 3642 1701; baseline 0.003 -40"><span class='ocrx_word' id='word_1_60' title='bbox 382 1608 535 1701; x_wconf 59' lang='lat' dir='ltr'><strong>Quod</strong></span> <span class='ocrx_word' id='word_1_61' title='bbox 569 1612 614 1667; x_wconf 91' lang='lat' dir='ltr'><strong>si</strong></span> <span class='ocrx_word' id='word_1_62' title='bbox 643 1627 772 1666; x_wconf 83' lang='lat' dir='ltr'><strong>vero</strong></span> <span class='ocrx_word' id='word_1_63' title='bbox 800 1614 1006 1683; x_wconf 84' lang='lat' dir='ltr'><strong>aliquid</strong></span> <span class='ocrx_word' id='word_1_64' title='bbox 1042 1618 1376 1689; x_wconf 75' lang='lat' dir='ltr'><strong>peculiarem</strong></span> <span class='ocrx_word' id='word_1_65' title='bbox 1430 1608 1943 1695; x_wconf 79' lang='lat' dir='ltr'><strong>interpretationem</strong></span> <span class='ocrx_word' id='word_1_66' title='bbox 1977 1632 2117 1688; x_wconf 88' lang='lat' dir='ltr'><strong>forte</strong></span> <span class='ocrx_word' id='word_1_67' title='bbox 2164 1608 2433 1701; x_wconf 83' lang='lat' dir='ltr'><strong>requirat,</strong></span> <span class='ocrx_word' id='word_1_68' title='bbox 2467 1633 2691 1687; x_wconf 83' lang='lat' dir='ltr'><strong>silentio</strong></span> <span class='ocrx_word' id='word_1_69' title='bbox 2723 1645 2751 1682; x_wconf 88' lang='lat' dir='ltr'><strong>a</strong></span> <span class='ocrx_word' id='word_1_70' title='bbox 2799 1628 2958 1682; x_wconf 88' lang='lat' dir='ltr'><strong>nobis</strong></span> <span class='ocrx_word' id='word_1_71' title='bbox 2999 1643 3108 1679; x_wconf 81' lang='lat' dir='ltr'><strong>non</strong></span> <span class='ocrx_word' id='word_1_72' title='bbox 3171 1623 3642 1694; x_wconf 62' lang='lat' dir='ltr'><strong>pra~termittetur.</strong></span> 
     </span>
    </p>
   </div>
   <div class='ocr_carea' id='block_1_11' title="bbox 380 1697 3645 1791">
    <p class='ocr_par' dir='ltr' id='par_1_11' title="bbox 380 1697 3645 1791">
     <span class='ocr_line' id='line_1_11' title="bbox 380 1697 3645 1791; baseline 0.002 -39"><span class='ocrx_word' id='word_1_73' title='bbox 380 1697 659 1791; x_wconf 71' lang='lat' dir='ltr'><strong>Caeterum</strong></span> <span class='ocrx_word' id='word_1_74' title='bbox 685 1701 946 1791; x_wconf 79' lang='lat' dir='ltr'><strong>quoniam</strong></span> <span class='ocrx_word' id='word_1_75' title='bbox 974 1717 1003 1755; x_wconf 92' lang='lat' dir='ltr'><strong>a</strong></span> <span class='ocrx_word' id='word_1_76' title='bbox 1032 1704 1151 1774; x_wconf 82' lang='lat' dir='ltr'><strong>lege</strong></span> <span class='ocrx_word' id='word_1_77' title='bbox 1192 1706 1281 1760; x_wconf 89' lang='lat' dir='ltr'><strong>hic</strong></span> <span class='ocrx_word' id='word_1_78' title='bbox 1315 1708 1452 1763; x_wconf 91' lang='lat' dir='ltr'><strong>liber</strong></span> <span class='ocrx_word' id='word_1_79' title='bbox 1480 1726 1679 1768; x_wconf 87' lang='lat' dir='ltr'><strong>nomen</strong></span> <span class='ocrx_word' id='word_1_80' title='bbox 1706 1715 1891 1783; x_wconf 91' lang='lat' dir='ltr'><strong>habet,</strong></span> <span class='ocrx_word' id='word_1_81' title='bbox 1928 1721 2061 1791; x_wconf 80' lang='lat' dir='ltr'><strong>legis</strong></span> <span class='ocrx_word' id='word_1_82' title='bbox 2092 1697 2408 1791; x_wconf 54' lang='lat' dir='ltr'><strong>pra-figendi</strong></span> <span class='ocrx_word' id='word_1_83' title='bbox 2437 1730 2565 1776; x_wconf 84' lang='lat' dir='ltr'><strong>sunt</strong></span> <span class='ocrx_word' id='word_1_84' title='bbox 2605 1718 2850 1773; x_wconf 88' lang='lat' dir='ltr'><strong>termini.</strong></span> <span class='ocrx_word' id='word_1_85' title='bbox 2914 1714 3010 1768; x_wconf 84' lang='lat' dir='ltr'><strong>Est</strong></span> <span class='ocrx_word' id='word_1_86' title='bbox 3069 1715 3253 1781; x_wconf 70' lang='lat' dir='ltr'><strong>itaque</strong></span> <span class='ocrx_word' id='word_1_87' title='bbox 3312 1712 3392 1763; x_wconf 72' lang='lat' dir='ltr'><strong>lex</strong></span> <span class='ocrx_word' id='word_1_88' title='bbox 3463 1709 3645 1762; x_wconf 86' lang='lat' dir='ltr'><strong>oratio</strong></span> 
     </span>
    </p>
   </div>
   <div class='ocr_carea' id='block_1_12' title="bbox 348 1785 3642 1875">
    <p class='ocr_par' dir='ltr' id='par_1_12' title="bbox 348 1785 3642 1875">
     <span class='ocr_line' id='line_1_12' title="bbox 348 1785 3642 1875; baseline 0.002 -38"><span class='ocrx_word' id='word_1_89' title='bbox 348 1799 502 1875; x_wconf 27' lang='lat' dir='ltr'><strong>.quaa</strong></span> <span class='ocrx_word' id='word_1_90' title='bbox 531 1786 660 1875; x_wconf 76' lang='lat' dir='ltr'><strong>quid</strong></span> <span class='ocrx_word' id='word_1_91' title='bbox 689 1785 1000 1842; x_wconf 88' lang='lat' dir='ltr'><strong>faciendum</strong></span> <span class='ocrx_word' id='word_1_92' title='bbox 1034 1791 1126 1856; x_wconf 89' lang='lat' dir='ltr'><strong>sit,</strong></span> <span class='ocrx_word' id='word_1_93' title='bbox 1164 1793 1437 1865; x_wconf 73' lang='lat' dir='ltr'><strong>prascipit,</strong></span> <span class='ocrx_word' id='word_1_94' title='bbox 1472 1798 1601 1866; x_wconf 89' lang='lat' dir='ltr'><strong>quid</strong></span> <span class='ocrx_word' id='word_1_95' title='bbox 1647 1817 1755 1856; x_wconf 89' lang='lat' dir='ltr'><strong>non</strong></span> <span class='ocrx_word' id='word_1_96' title='bbox 1798 1785 2108 1863; x_wconf 79' lang='lat' dir='ltr'><strong>faciendum</strong></span> <span class='ocrx_word' id='word_1_97' title='bbox 2159 1785 2455 1863; x_wconf 44' lang='lat' dir='ltr'><strong>sit‘vetat.</strong></span> <span class='ocrx_word' id='word_1_98' title='bbox 2518 1805 2766 1875; x_wconf 80' lang='lat' dir='ltr'><strong>Exempli</strong></span> <span class='ocrx_word' id='word_1_99' title='bbox 2818 1806 2992 1874; x_wconf 74' lang='lat' dir='ltr'><strong>gratia</strong></span> <span class='ocrx_word' id='word_1_100' title='bbox 3031 1819 3042 1853; x_wconf 87' lang='lat'><strong>:</strong></span> <span class='ocrx_word' id='word_1_101' title='bbox 3093 1821 3109 1851; x_wconf 74' lang='grc' dir='ltr'>ι</span> <span class='ocrx_word' id='word_1_102' title='bbox 3154 1800 3373 1853; x_wconf 83' lang='lat' dir='ltr'><strong>Honora</strong></span> <span class='ocrx_word' id='word_1_103' title='bbox 3432 1803 3642 1866; x_wconf 78' lang='lat' dir='ltr'><strong>pati-em</strong></span> 
     </span>
    </p>
   </div>
   <div class='ocr_carea' id='block_1_13' title="bbox 379 1873 3638 1961">
    <p class='ocr_par' dir='ltr' id='par_1_13' title="bbox 379 1873 3638 1961">
     <span class='ocr_line' id='line_1_13' title="bbox 379 1873 3638 1961; baseline -0.003 -17"><span class='ocrx_word' id='word_1_104' title='bbox 379 1882 560 1927; x_wconf 72' lang='lat' dir='ltr'><strong>&#39;“um-</strong></span> <span class='ocrx_word' id='word_1_105' title='bbox 610 1873 811 1945; x_wconf 57' lang='lat'><strong>&quot;&quot;5395</strong></span> <span class='ocrx_word' id='word_1_106' title='bbox 848 1875 1138 1932; x_wconf 66' lang='lat' dir='ltr'><strong>Dominum</strong></span> <span class='ocrx_word' id='word_1_107' title='bbox 1161 1879 1227 1933; x_wconf 65' lang='lat'><strong>“-</strong></span> <span class='ocrx_word' id='word_1_108' title='bbox 1268 1901 1286 1935; x_wconf 74' lang='grc' dir='ltr'><strong><em>ι</em></strong></span> <span class='ocrx_word' id='word_1_109' title='bbox 1324 1881 1455 1937; x_wconf 72' lang='grc' dir='ltr'><strong>Ιιριιι</strong></span> <span class='ocrx_word' id='word_1_110' title='bbox 1490 1902 1502 1938; x_wconf 88' lang='lat'><strong>:</strong></span> <span class='ocrx_word' id='word_1_111' title='bbox 1555 1905 1572 1937; x_wconf 84' lang='grc'>‹</span> <span class='ocrx_word' id='word_1_112' title='bbox 1612 1886 1728 1943; x_wconf 88' lang='lat' dir='ltr'><strong>Non</strong></span> <span class='ocrx_word' id='word_1_113' title='bbox 1753 1893 1993 1961; x_wconf 80' lang='lat' dir='ltr'><strong>occides,</strong></span> <span class='ocrx_word' id='word_1_114' title='bbox 2052 1912 2159 1951; x_wconf 90' lang='lat' dir='ltr'><strong>non</strong></span> <span class='ocrx_word' id='word_1_115' title='bbox 2210 1896 2575 1952; x_wconf 73' lang='lat' dir='ltr'><strong>mmcliaberis</strong></span> <span class='ocrx_word' id='word_1_116' title='bbox 2604 1896 2669 1948; x_wconf 74' lang='grc'><strong>³³.</strong></span> <span class='ocrx_word' id='word_1_117' title='bbox 2697 1873 2730 1946; x_wconf 53' lang='lat' dir='ltr'><strong>i</strong></span> <span class='ocrx_word' id='word_1_118' title='bbox 2770 1873 2861 1947; x_wconf 84' lang='lat' dir='ltr'><strong>Vel</strong></span> <span class='ocrx_word' id='word_1_119' title='bbox 2895 1893 2973 1945; x_wconf 82' lang='lat' dir='ltr'><strong>sic</strong></span> <span class='ocrx_word' id='word_1_120' title='bbox 3004 1909 3017 1943; x_wconf 87' lang='lat'><strong>:</strong></span> <span class='ocrx_word' id='word_1_121' title='bbox 3056 1890 3151 1942; x_wconf 83' lang='lat' dir='ltr'><strong>Est</strong></span> <span class='ocrx_word' id='word_1_122' title='bbox 3203 1887 3379 1939; x_wconf 79' lang='lat' dir='ltr'><strong>oratio</strong></span> <span class='ocrx_word' id='word_1_123' title='bbox 3416 1883 3638 1936; x_wconf 75' lang='lat' dir='ltr'><strong>animali</strong></span> 
     </span>
    </p>
   </div>
   <div class='ocr_carea' id='block_1_14' title="bbox 382 1963 3704 2052">
    <p class='ocr_par' dir='ltr' id='par_1_14' title="bbox 382 1963 3704 2052">
     <span class='ocr_line' id='line_1_14' title="bbox 382 1963 3704 2052; baseline 0.005 -39"><span class='ocrx_word' id='word_1_124' title='bbox 382 1968 580 2052; x_wconf 84' lang='lat' dir='ltr'><strong>natura</strong></span> <span class='ocrx_word' id='word_1_125' title='bbox 608 1963 831 2052; x_wconf 82' lang='lat' dir='ltr'><strong>politico</strong></span> <span class='ocrx_word' id='word_1_126' title='bbox 901 1967 1222 2036; x_wconf 75' lang='lat' dir='ltr'><strong>praecipiens</strong></span> <span class='ocrx_word' id='word_1_127' title='bbox 1260 1970 1340 2023; x_wconf 90' lang='lat' dir='ltr'><strong>vel</strong></span> <span class='ocrx_word' id='word_1_128' title='bbox 1380 1980 1593 2028; x_wconf 85' lang='lat' dir='ltr'><strong>vetans.</strong></span> <span class='ocrx_word' id='word_1_129' title='bbox 1622 1974 1829 2032; x_wconf 86' lang='lat' dir='ltr'><strong>Natura</strong></span> <span class='ocrx_word' id='word_1_130' title='bbox 1863 1982 2011 2035; x_wconf 90' lang='lat' dir='ltr'><strong>enim</strong></span> <span class='ocrx_word' id='word_1_131' title='bbox 2040 1985 2298 2052; x_wconf 89' lang='lat' dir='ltr'><strong>politicus</strong></span> <span class='ocrx_word' id='word_1_132' title='bbox 2325 1984 2506 2038; x_wconf 88' lang='lat' dir='ltr'><strong>omnis</strong></span> <span class='ocrx_word' id='word_1_133' title='bbox 2539 1983 2705 2035; x_wconf 83' lang='lat' dir='ltr'><strong>homo</strong></span> <span class='ocrx_word' id='word_1_134' title='bbox 2749 1989 2851 2041; x_wconf 84' lang='lat' dir='ltr'><strong>est,</strong></span> <span class='ocrx_word' id='word_1_135' title='bbox 2893 1995 3017 2031; x_wconf 87' lang='lat' dir='ltr'><strong>nam</strong></span> <span class='ocrx_word' id='word_1_136' title='bbox 3048 1978 3274 2030; x_wconf 80' lang='lat' dir='ltr'><strong>insitum</strong></span> <span class='ocrx_word' id='word_1_137' title='bbox 3311 1981 3393 2027; x_wconf 88' lang='lat' dir='ltr'><strong>est</strong></span> <span class='ocrx_word' id='word_1_138' title='bbox 3428 1971 3501 2024; x_wconf 70' lang='lat' dir='ltr'><strong>iili</strong></span> <span class='ocrx_word' id='word_1_139' title='bbox 3541 1986 3644 2022; x_wconf 75' lang='grc' dir='ltr'><strong>ηιι-</strong></span> <span class='ocrx_word' id='word_1_140' title='bbox 3700 2026 3704 2030; x_wconf 87' lang='grc'><strong><em>,</em></strong></span> 
     </span>
    </p>
   </div>
   <div class='ocr_carea' id='block_1_15' title="bbox 379 2049 3641 2134">
    <p class='ocr_par' dir='ltr' id='par_1_15' title="bbox 379 2049 3641 2134">
     <span class='ocr_line' id='line_1_15' title="bbox 379 2049 3641 2134; baseline 0.002 -33"><span class='ocrx_word' id='word_1_141' title='bbox 379 2055 503 2102; x_wconf 90' lang='lat' dir='ltr'><strong>tura</strong></span> <span class='ocrx_word' id='word_1_142' title='bbox 530 2049 738 2120; x_wconf 78' lang='lat' dir='ltr'><strong>legibus</strong></span> <span class='ocrx_word' id='word_1_143' title='bbox 765 2051 1078 2123; x_wconf 67' lang='lat' dir='ltr'><strong>reipublicae</strong></span> <span class='ocrx_word' id='word_1_144' title='bbox 1099 2055 1296 2112; x_wconf 73' lang='lat' dir='ltr'><strong>divinae</strong></span> <span class='ocrx_word' id='word_1_145' title='bbox 1328 2075 1544 2129; x_wconf 80' lang='lat' dir='ltr'><strong>parere,</strong></span> <span class='ocrx_word' id='word_1_146' title='bbox 1579 2064 1643 2117; x_wconf 90' lang='lat' dir='ltr'><strong>de</strong></span> <span class='ocrx_word' id='word_1_147' title='bbox 1672 2080 1777 2134; x_wconf 89' lang='lat' dir='ltr'><strong>qua</strong></span> <span class='ocrx_word' id='word_1_148' title='bbox 1803 2067 2009 2123; x_wconf 79' lang='lat' dir='ltr'><strong>dictum</strong></span> <span class='ocrx_word' id='word_1_149' title='bbox 2034 2049 2121 2127; x_wconf 80' lang='lat' dir='ltr'><strong>est</strong></span> <span class='ocrx_word' id='word_1_150' title='bbox 2149 2090 2161 2126; x_wconf 87' lang='lat'>:</span> <span class='ocrx_word' id='word_1_151' title='bbox 2191 2092 2207 2123; x_wconf 75' lang='grc' dir='ltr'>ι</span> <span class='ocrx_word' id='word_1_152' title='bbox 2232 2070 2480 2125; x_wconf 86' lang='lat' dir='ltr'><strong>Gloriosa</strong></span> <span class='ocrx_word' id='word_1_153' title='bbox 2508 2071 2572 2123; x_wconf 90' lang='lat' dir='ltr'><strong>de</strong></span> <span class='ocrx_word' id='word_1_154' title='bbox 2599 2078 2651 2123; x_wconf 91' lang='lat' dir='ltr'><strong>te</strong></span> <span class='ocrx_word' id='word_1_155' title='bbox 2682 2068 2825 2121; x_wconf 87' lang='lat' dir='ltr'><strong>dicta</strong></span> <span class='ocrx_word' id='word_1_156' title='bbox 2860 2075 3010 2125; x_wconf 88' lang='lat' dir='ltr'><strong>sunt,</strong></span> <span class='ocrx_word' id='word_1_157' title='bbox 3035 2064 3231 2116; x_wconf 80' lang='lat' dir='ltr'><strong>civitas</strong></span> <span class='ocrx_word' id='word_1_158' title='bbox 3260 2060 3349 2112; x_wconf 79' lang='lat' dir='ltr'><strong>Dei</strong></span> <span class='ocrx_word' id='word_1_159' title='bbox 3375 2059 3473 2111; x_wconf 75' lang='lat' dir='ltr'><strong>&quot;.i</strong></span> <span class='ocrx_word' id='word_1_160' title='bbox 3499 2055 3641 2123; x_wconf 72' lang='lat' dir='ltr'><strong>Qu‘n</strong></span> 
     </span>
    </p>
   </div>
   <div class='ocr_carea' id='block_1_16' title="bbox 385 2138 3639 2228">
    <p class='ocr_par' dir='ltr' id='par_1_16' title="bbox 385 2138 3639 2228">
     <span class='ocr_line' id='line_1_16' title="bbox 385 2138 3639 2228; baseline 0.002 -38"><span class='ocrx_word' id='word_1_161' title='bbox 385 2138 553 2228; x_wconf 80' lang='lat' dir='ltr'><strong>etiam</strong></span> <span class='ocrx_word' id='word_1_162' title='bbox 582 2140 841 2228; x_wconf 79' lang='lat' dir='ltr'><strong>politicus</strong></span> <span class='ocrx_word' id='word_1_163' title='bbox 881 2152 985 2204; x_wconf 77' lang='lat' dir='ltr'><strong>est,</strong></span> <span class='ocrx_word' id='word_1_164' title='bbox 1015 2144 1161 2214; x_wconf 90' lang='lat' dir='ltr'><strong>quod</strong></span> <span class='ocrx_word' id='word_1_165' title='bbox 1193 2161 1315 2200; x_wconf 91' lang='lat' dir='ltr'><strong>cum</strong></span> <span class='ocrx_word' id='word_1_166' title='bbox 1348 2149 1687 2206; x_wconf 85' lang='lat' dir='ltr'><strong>voluntatem</strong></span> <span class='ocrx_word' id='word_1_167' title='bbox 1752 2170 1908 2210; x_wconf 86' lang='lat' dir='ltr'><strong>suam</strong></span> <span class='ocrx_word' id='word_1_168' title='bbox 1947 2167 2157 2213; x_wconf 63' lang='lat' dir='ltr'><strong>natura:</strong></span> <span class='ocrx_word' id='word_1_169' title='bbox 2201 2157 2670 2228; x_wconf 77' lang='lat' dir='ltr'><strong>attemperavcrit,</strong></span> <span class='ocrx_word' id='word_1_170' title='bbox 2724 2154 3031 2209; x_wconf 82' lang='lat' dir='ltr'><strong>studiosus.</strong></span> <span class='ocrx_word' id='word_1_171' title='bbox 3068 2164 3283 2202; x_wconf 83' lang='lat' dir='ltr'><strong>necnon</strong></span> <span class='ocrx_word' id='word_1_172' title='bbox 3336 2156 3529 2216; x_wconf 74' lang='lat' dir='ltr'><strong>potens</strong></span> <span class='ocrx_word' id='word_1_173' title='bbox 3570 2145 3639 2196; x_wconf 74' lang='lat' dir='ltr'><strong>li-</strong></span> 
     </span>
    </p>
   </div>
   <div class='ocr_carea' id='block_1_17' title="bbox 379 2227 3642 2305">
    <p class='ocr_par' dir='ltr' id='par_1_17' title="bbox 379 2227 3642 2305">
     <span class='ocr_line' id='line_1_17' title="bbox 379 2227 3642 2305; baseline 0.001 -26"><span class='ocrx_word' id='word_1_174' title='bbox 379 2227 538 2281; x_wconf 90' lang='lat' dir='ltr'><strong>cendi</strong></span> <span class='ocrx_word' id='word_1_175' title='bbox 592 2237 699 2283; x_wconf 85' lang='lat' dir='ltr'><strong>est.</strong></span> <span class='ocrx_word' id='word_1_176' title='bbox 733 2227 933 2284; x_wconf 86' lang='lat' dir='ltr'><strong>Verum</strong></span> <span class='ocrx_word' id='word_1_177' title='bbox 1000 2241 1190 2287; x_wconf 87' lang='lat' dir='ltr'><strong>nostra</strong></span> <span class='ocrx_word' id='word_1_178' title='bbox 1259 2238 1564 2305; x_wconf 81' lang='lat' dir='ltr'><strong>respublica</strong></span> <span class='ocrx_word' id='word_1_179' title='bbox 1596 2239 1648 2294; x_wconf 91' lang='lat' dir='ltr'><strong>in</strong></span> <span class='ocrx_word' id='word_1_180' title='bbox 1688 2245 1844 2298; x_wconf 73' lang='lat' dir='ltr'><strong>cmlis</strong></span> <span class='ocrx_word' id='word_1_181' title='bbox 1903 2247 2138 2300; x_wconf 75' lang='lat' dir='ltr'><strong>exsistit.</strong></span> <span class='ocrx_word' id='word_1_182' title='bbox 2182 2245 2279 2300; x_wconf 89' lang='lat' dir='ltr'><strong>Vel</strong></span> <span class='ocrx_word' id='word_1_183' title='bbox 2348 2227 2469 2300; x_wconf 85' lang='lat' dir='ltr'><strong>sic:</strong></span> <span class='ocrx_word' id='word_1_184' title='bbox 2507 2243 2617 2297; x_wconf 79' lang='lat' dir='ltr'><strong>Lex</strong></span> <span class='ocrx_word' id='word_1_185' title='bbox 2665 2250 2751 2296; x_wconf 89' lang='lat' dir='ltr'><strong>est</strong></span> <span class='ocrx_word' id='word_1_186' title='bbox 2802 2239 3045 2293; x_wconf 83' lang='lat' dir='ltr'><strong>deliniin</strong></span> <span class='ocrx_word' id='word_1_187' title='bbox 3112 2235 3316 2305; x_wconf 82' lang='lat' dir='ltr'><strong>politici</strong></span> <span class='ocrx_word' id='word_1_188' title='bbox 3351 2234 3419 2287; x_wconf 89' lang='lat' dir='ltr'><strong>de</strong></span> <span class='ocrx_word' id='word_1_189' title='bbox 3478 2231 3642 2285; x_wconf 84' lang='lat' dir='ltr'><strong>rebus</strong></span> 
     </span>
    </p>
   </div>
   <div class='ocr_carea' id='block_1_18' title="bbox 379 2314 3644 2402">
    <p class='ocr_par' dir='ltr' id='par_1_18' title="bbox 379 2314 3644 2402">
     <span class='ocr_line' id='line_1_18' title="bbox 379 2314 3644 2402; baseline 0.002 -36"><span class='ocrx_word' id='word_1_190' title='bbox 379 2314 607 2402; x_wconf 83' lang='lat' dir='ltr'><strong>agendis</strong></span> <span class='ocrx_word' id='word_1_191' title='bbox 664 2318 748 2371; x_wconf 90' lang='lat' dir='ltr'><strong>vel</strong></span> <span class='ocrx_word' id='word_1_192' title='bbox 801 2319 1155 2387; x_wconf 73' lang='lat' dir='ltr'><strong>oinitlendis;</strong></span> <span class='ocrx_word' id='word_1_193' title='bbox 1208 2323 1471 2392; x_wconf 90' lang='lat' dir='ltr'><strong>politicus</strong></span> <span class='ocrx_word' id='word_1_194' title='bbox 1511 2328 1656 2380; x_wconf 86' lang='lat' dir='ltr'><strong>enim</strong></span> <span class='ocrx_word' id='word_1_195' title='bbox 1723 2331 2002 2400; x_wconf 78' lang='lat' dir='ltr'><strong>lcgislator</strong></span> <span class='ocrx_word' id='word_1_196' title='bbox 2037 2343 2142 2400; x_wconf 87' lang='lat' dir='ltr'><strong>est,</strong></span> <span class='ocrx_word' id='word_1_197' title='bbox 2167 2332 2347 2402; x_wconf 87' lang='lat' dir='ltr'><strong>qualis</strong></span> <span class='ocrx_word' id='word_1_198' title='bbox 2382 2332 2560 2386; x_wconf 88' lang='lat' dir='ltr'><strong>Moses</strong></span> <span class='ocrx_word' id='word_1_199' title='bbox 2606 2330 2727 2384; x_wconf 87' lang='lat' dir='ltr'><strong>fuit.</strong></span> <span class='ocrx_word' id='word_1_200' title='bbox 2777 2326 2907 2382; x_wconf 89' lang='lat' dir='ltr'><strong>Item</strong></span> <span class='ocrx_word' id='word_1_201' title='bbox 2949 2334 3210 2380; x_wconf 64' lang='lat' dir='ltr'><strong>Servatur</strong></span> <span class='ocrx_word' id='word_1_202' title='bbox 3252 2322 3388 2390; x_wconf 89' lang='lat' dir='ltr'><strong>ipse,</strong></span> <span class='ocrx_word' id='word_1_203' title='bbox 3438 2320 3504 2373; x_wconf 87' lang='lat' dir='ltr'><strong>de</strong></span> <span class='ocrx_word' id='word_1_204' title='bbox 3534 2334 3644 2387; x_wconf 75' lang='lat' dir='ltr'><strong>quo</strong></span> 
     </span>
    </p>
   </div>
   <div class='ocr_carea' id='block_1_19' title="bbox 368 2401 3636 2483">
    <p class='ocr_par' dir='ltr' id='par_1_19' title="bbox 368 2401 3636 2483">
     <span class='ocr_line' id='line_1_19' title="bbox 368 2401 3636 2483; baseline 0.002 -28"><span class='ocrx_word' id='word_1_205' title='bbox 368 2401 585 2457; x_wconf 74' lang='lat' dir='ltr'><strong>dictum</strong></span> <span class='ocrx_word' id='word_1_206' title='bbox 619 2414 705 2459; x_wconf 86' lang='lat' dir='ltr'><strong>est</strong></span> <span class='ocrx_word' id='word_1_207' title='bbox 736 2421 750 2459; x_wconf 88' lang='lat'><strong>:</strong></span> <span class='ocrx_word' id='word_1_208' title='bbox 791 2424 809 2457; x_wconf 78' lang='grc' dir='ltr'>ι</span> <span class='ocrx_word' id='word_1_209' title='bbox 842 2404 1167 2463; x_wconf 85' lang='lat' dir='ltr'><strong>Jndicentur</strong></span> <span class='ocrx_word' id='word_1_210' title='bbox 1199 2420 1390 2481; x_wconf 77' lang='lat' dir='ltr'><strong>gentes</strong></span> <span class='ocrx_word' id='word_1_211' title='bbox 1422 2429 1609 2468; x_wconf 88' lang='lat' dir='ltr'><strong>coram</strong></span> <span class='ocrx_word' id='word_1_212' title='bbox 1644 2426 1695 2471; x_wconf 90' lang='lat' dir='ltr'><strong>te</strong></span> <span class='ocrx_word' id='word_1_213' title='bbox 1720 2418 1785 2471; x_wconf 68' lang='grc' dir='ltr'><strong>δ’.</strong></span> <span class='ocrx_word' id='word_1_214' title='bbox 1829 2439 1847 2471; x_wconf 73' lang='grc' dir='ltr'><strong><em>ι</em></strong></span> <span class='ocrx_word' id='word_1_215' title='bbox 1888 2420 2017 2475; x_wconf 90' lang='lat' dir='ltr'><strong>Item</strong></span> <span class='ocrx_word' id='word_1_216' title='bbox 2045 2439 2099 2476; x_wconf 70' lang='grc' dir='ltr'><strong>ια</strong></span> <span class='ocrx_word' id='word_1_217' title='bbox 2131 2401 2441 2481; x_wconf 74' lang='lat' dir='ltr'><strong>constitue,</strong></span> <span class='ocrx_word' id='word_1_218' title='bbox 2498 2418 2749 2479; x_wconf 83' lang='lat' dir='ltr'><strong>Domine,</strong></span> <span class='ocrx_word' id='word_1_219' title='bbox 2778 2416 3142 2483; x_wconf 79' lang='lat' dir='ltr'><strong>lcgislatorem</strong></span> <span class='ocrx_word' id='word_1_220' title='bbox 3173 2426 3339 2480; x_wconf 81' lang='lat' dir='ltr'><strong>super</strong></span> <span class='ocrx_word' id='word_1_221' title='bbox 3366 2410 3515 2479; x_wconf 88' lang='lat' dir='ltr'><strong>ipsus</strong></span> <span class='ocrx_word' id='word_1_222' title='bbox 3538 2408 3636 2457; x_wconf 74' lang='grc'><strong>³⁸.»</strong></span> 
     </span>
    </p>
   </div>
   <div class='ocr_carea' id='block_1_20' title="bbox 378 2489 3640 2578">
    <p class='ocr_par' dir='ltr' id='par_1_20' title="bbox 378 2489 3640 2578">
     <span class='ocr_line' id='line_1_20' title="bbox 378 2489 3640 2578; baseline -0.004 -21"><span class='ocrx_word' id='word_1_223' title='bbox 378 2489 459 2544; x_wconf 71' lang='lat' dir='ltr'><strong>Ad</strong></span> <span class='ocrx_word' id='word_1_224' title='bbox 488 2505 648 2560; x_wconf 77' lang='lat' dir='ltr'><strong>quem</strong></span> <span class='ocrx_word' id='word_1_225' title='bbox 683 2492 848 2548; x_wconf 56' lang='lat' dir='ltr'><strong>etiam</strong></span> <span class='ocrx_word' id='word_1_226' title='bbox 878 2493 1086 2550; x_wconf 76' lang='grc' dir='ltr'><strong>ἀίοιυιη</strong></span> <span class='ocrx_word' id='word_1_227' title='bbox 1108 2509 1195 2557; x_wconf 85' lang='lat' dir='ltr'><strong>eSt</strong></span> <span class='ocrx_word' id='word_1_228' title='bbox 1237 2519 1249 2554; x_wconf 91' lang='lat'><strong>:</strong></span> <span class='ocrx_word' id='word_1_229' title='bbox 1289 2518 1307 2550; x_wconf 76' lang='grc' dir='ltr'>ι</span> <span class='ocrx_word' id='word_1_230' title='bbox 1342 2500 1482 2572; x_wconf 87' lang='lat' dir='ltr'><strong>Lege</strong></span> <span class='ocrx_word' id='word_1_231' title='bbox 1502 2512 1590 2556; x_wconf 89' lang='lat' dir='ltr'><strong>tua</strong></span> <span class='ocrx_word' id='word_1_232' title='bbox 1613 2520 1696 2558; x_wconf 90' lang='lat' dir='ltr'><strong>me</strong></span> <span class='ocrx_word' id='word_1_233' title='bbox 1735 2506 1931 2578; x_wconf 85' lang='lat' dir='ltr'><strong>dirige,</strong></span> <span class='ocrx_word' id='word_1_234' title='bbox 1965 2509 2209 2573; x_wconf 86' lang='lat' dir='ltr'><strong>Domine,</strong></span> <span class='ocrx_word' id='word_1_235' title='bbox 2242 2510 2498 2578; x_wconf 85' lang='lat' dir='ltr'><strong>perviam</strong></span> <span class='ocrx_word' id='word_1_236' title='bbox 2535 2518 2682 2560; x_wconf 85' lang='lat' dir='ltr'><strong>tuam</strong></span> <span class='ocrx_word' id='word_1_237' title='bbox 2715 2506 2778 2556; x_wconf 74' lang='grc'><strong>³³.</strong></span> <span class='ocrx_word' id='word_1_238' title='bbox 2812 2524 2831 2556; x_wconf 73' lang='grc' dir='ltr'><strong><em>ι</em></strong></span> <span class='ocrx_word' id='word_1_239' title='bbox 2858 2492 2952 2556; x_wconf 85' lang='lat' dir='ltr'><strong>Vel</strong></span> <span class='ocrx_word' id='word_1_240' title='bbox 2986 2502 3066 2554; x_wconf 92' lang='lat' dir='ltr'><strong>sic</strong></span> <span class='ocrx_word' id='word_1_241' title='bbox 3094 2519 3106 2553; x_wconf 91' lang='lat'>:</span> <span class='ocrx_word' id='word_1_242' title='bbox 3131 2498 3420 2551; x_wconf 83' lang='lat' dir='ltr'><strong>Estoratio</strong></span> <span class='ocrx_word' id='word_1_243' title='bbox 3444 2495 3640 2564; x_wconf 60' lang='grc' dir='ltr'><strong>[πωρί-</strong></span> 
     </span>
    </p>
   </div>
   <div class='ocr_carea' id='block_1_21' title="bbox 379 2578 3641 2666">
    <p class='ocr_par' dir='ltr' id='par_1_21' title="bbox 379 2578 3641 2666">
     <span class='ocr_line' id='line_1_21' title="bbox 379 2578 3641 2666; baseline -0.001 -33"><span class='ocrx_word' id='word_1_244' title='bbox 379 2578 535 2666; x_wconf 88' lang='lat' dir='ltr'><strong>piens</strong></span> <span class='ocrx_word' id='word_1_245' title='bbox 567 2580 651 2634; x_wconf 85' lang='lat' dir='ltr'><strong>vel</strong></span> <span class='ocrx_word' id='word_1_246' title='bbox 673 2590 862 2636; x_wconf 85' lang='lat' dir='ltr'><strong>vetans</strong></span> <span class='ocrx_word' id='word_1_247' title='bbox 890 2584 955 2639; x_wconf 87' lang='lat' dir='ltr'><strong>de</strong></span> <span class='ocrx_word' id='word_1_248' title='bbox 980 2587 1237 2643; x_wconf 88' lang='lat' dir='ltr'><strong>omnibus</strong></span> <span class='ocrx_word' id='word_1_249' title='bbox 1273 2589 1392 2645; x_wconf 66' lang='lat' dir='ltr'><strong>vitae</strong></span> <span class='ocrx_word' id='word_1_250' title='bbox 1420 2591 1751 2660; x_wconf 74' lang='lat' dir='ltr'><strong>actionibus,</strong></span> <span class='ocrx_word' id='word_1_251' title='bbox 1773 2611 1911 2665; x_wconf 80' lang='lat' dir='ltr'><strong>qmc,</strong></span> <span class='ocrx_word' id='word_1_252' title='bbox 1933 2597 2171 2666; x_wconf 80' lang='lat' dir='ltr'><strong>quando,</strong></span> <span class='ocrx_word' id='word_1_253' title='bbox 2191 2594 2535 2665; x_wconf 80' lang='lat' dir='ltr'><strong>etquomodo</strong></span> <span class='ocrx_word' id='word_1_254' title='bbox 2557 2595 2698 2647; x_wconf 84' lang='lat' dir='ltr'><strong>male</strong></span> <span class='ocrx_word' id='word_1_255' title='bbox 2731 2601 2785 2647; x_wconf 90' lang='lat' dir='ltr'><strong>et</strong></span> <span class='ocrx_word' id='word_1_256' title='bbox 2831 2607 2954 2645; x_wconf 89' lang='lat' dir='ltr'><strong>cum</strong></span> <span class='ocrx_word' id='word_1_257' title='bbox 2976 2590 3176 2642; x_wconf 86' lang='lat' dir='ltr'><strong>damno</strong></span> <span class='ocrx_word' id='word_1_258' title='bbox 3197 2586 3347 2641; x_wconf 87' lang='lat' dir='ltr'><strong>fiant.</strong></span> <span class='ocrx_word' id='word_1_259' title='bbox 3375 2585 3641 2639; x_wconf 78' lang='lat' dir='ltr'><strong>Caeterum</strong></span> 
     </span>
    </p>
   </div>
   <div class='ocr_carea' id='block_1_22' title="bbox 380 2665 3641 2754">
    <p class='ocr_par' dir='ltr' id='par_1_22' title="bbox 380 2665 3641 2754">
     <span class='ocr_line' id='line_1_22' title="bbox 380 2665 3641 2754; baseline 0.001 -33"><span class='ocrx_word' id='word_1_260' title='bbox 380 2665 682 2754; x_wconf 84' lang='lat' dir='ltr'><strong>definitioni</strong></span> <span class='ocrx_word' id='word_1_261' title='bbox 715 2669 842 2725; x_wconf 88' lang='lat' dir='ltr'><strong>huic</strong></span> <span class='ocrx_word' id='word_1_262' title='bbox 868 2686 1176 2744; x_wconf 83' lang='lat' dir='ltr'><strong>congruunt</strong></span> <span class='ocrx_word' id='word_1_263' title='bbox 1204 2678 1447 2746; x_wconf 82' lang='lat' dir='ltr'><strong>exempla</strong></span> <span class='ocrx_word' id='word_1_264' title='bbox 1473 2680 1592 2734; x_wconf 71' lang='lat' dir='ltr'><strong>vitae</strong></span> <span class='ocrx_word' id='word_1_265' title='bbox 1612 2682 1887 2750; x_wconf 85' lang='lat' dir='ltr'><strong>justorum</strong></span> <span class='ocrx_word' id='word_1_266' title='bbox 1921 2665 2025 2754; x_wconf 82' lang='lat' dir='ltr'><strong>qua</strong></span> <span class='ocrx_word' id='word_1_267' title='bbox 2060 2703 2166 2740; x_wconf 90' lang='lat' dir='ltr'><strong>non</strong></span> <span class='ocrx_word' id='word_1_268' title='bbox 2192 2686 2310 2741; x_wconf 87' lang='lat' dir='ltr'><strong>sine</strong></span> <span class='ocrx_word' id='word_1_269' title='bbox 2328 2702 2430 2740; x_wconf 87' lang='lat' dir='ltr'><strong>suo</strong></span> <span class='ocrx_word' id='word_1_270' title='bbox 2460 2683 2749 2738; x_wconf 83' lang='lat' dir='ltr'><strong>commodo</strong></span> <span class='ocrx_word' id='word_1_271' title='bbox 2780 2680 3033 2736; x_wconf 80' lang='lat' dir='ltr'><strong>delectati</strong></span> <span class='ocrx_word' id='word_1_272' title='bbox 3070 2687 3220 2738; x_wconf 87' lang='lat' dir='ltr'><strong>sunt,</strong></span> <span class='ocrx_word' id='word_1_273' title='bbox 3253 2675 3468 2743; x_wconf 82' lang='lat' dir='ltr'><strong>sibique</strong></span> <span class='ocrx_word' id='word_1_274' title='bbox 3505 2673 3641 2742; x_wconf 82' lang='lat' dir='ltr'><strong>ipsis</strong></span> 
     </span>
    </p>
   </div>
   <div class='ocr_carea' id='block_1_23' title="bbox 379 2753 3701 2849">
    <p class='ocr_par' dir='ltr' id='par_1_23' title="bbox 379 2753 3701 2849">
     <span class='ocr_line' id='line_1_23' title="bbox 379 2753 3701 2849; baseline 0.004 -43"><span class='ocrx_word' id='word_1_275' title='bbox 379 2753 551 2823; x_wconf 82' lang='lat' dir='ltr'><strong>legem</strong></span> <span class='ocrx_word' id='word_1_276' title='bbox 583 2758 1007 2849; x_wconf 71' lang='lat' dir='ltr'><strong>constituerunt,</strong></span> <span class='ocrx_word' id='word_1_277' title='bbox 1034 2763 1492 2833; x_wconf 74' lang='lat' dir='ltr'><strong>quenadmodum</strong></span> <span class='ocrx_word' id='word_1_278' title='bbox 1526 2768 1733 2824; x_wconf 78' lang='lat' dir='ltr'><strong>clarum</strong></span> <span class='ocrx_word' id='word_1_279' title='bbox 1758 2781 1840 2826; x_wconf 90' lang='lat' dir='ltr'><strong>est</strong></span> <span class='ocrx_word' id='word_1_280' title='bbox 1868 2753 2093 2828; x_wconf 82' lang='lat' dir='ltr'><strong>exhoc:</strong></span> <span class='ocrx_word' id='word_1_281' title='bbox 2121 2793 2138 2825; x_wconf 76' lang='grc' dir='ltr'>ι</span> <span class='ocrx_word' id='word_1_282' title='bbox 2169 2774 2339 2827; x_wconf 72' lang='lat' dir='ltr'><strong>Dicite</strong></span> <span class='ocrx_word' id='word_1_283' title='bbox 2373 2772 2529 2837; x_wconf 85' lang='lat' dir='ltr'><strong>mihi,</strong></span> <span class='ocrx_word' id='word_1_284' title='bbox 2569 2788 2665 2825; x_wconf 87' lang='lat' dir='ltr'><strong>vos</strong></span> <span class='ocrx_word' id='word_1_285' title='bbox 2693 2771 2784 2839; x_wconf 85' lang='lat' dir='ltr'><strong>qui</strong></span> <span class='ocrx_word' id='word_1_286' title='bbox 2812 2770 2983 2839; x_wconf 80' lang='lat' dir='ltr'><strong>legem</strong></span> <span class='ocrx_word' id='word_1_287' title='bbox 3008 2764 3329 2835; x_wconf 77' lang='lat' dir='ltr'><strong>agnoscitis,</strong></span> <span class='ocrx_word' id='word_1_288' title='bbox 3359 2764 3643 2832; x_wconf 76' lang='lat' dir='ltr'><strong>legemque</strong></span> <span class='ocrx_word' id='word_1_289' title='bbox 3690 2763 3701 2774; x_wconf 69' lang='grc'><strong>⁵</strong></span> 
     </span>
    </p>
   </div>
   <div class='ocr_carea' id='block_1_24' title="bbox 382 2845 3644 2928">
    <p class='ocr_par' dir='ltr' id='par_1_24' title="bbox 382 2845 3644 2928">
     <span class='ocr_line' id='line_1_24' title="bbox 382 2845 3644 2928; baseline 0.001 -32"><span class='ocrx_word' id='word_1_290' title='bbox 382 2857 492 2897; x_wconf 88' lang='lat' dir='ltr'><strong>non</strong></span> <span class='ocrx_word' id='word_1_291' title='bbox 524 2845 782 2901; x_wconf 68' lang='lat' dir='ltr'><strong>auditis.»</strong></span> <span class='ocrx_word' id='word_1_292' title='bbox 806 2848 1082 2919; x_wconf 88' lang='lat' dir='ltr'><strong>Scriptum</strong></span> <span class='ocrx_word' id='word_1_293' title='bbox 1111 2860 1195 2907; x_wconf 91' lang='lat' dir='ltr'><strong>est</strong></span> <span class='ocrx_word' id='word_1_294' title='bbox 1219 2855 1362 2908; x_wconf 90' lang='lat' dir='ltr'><strong>enim</strong></span> <span class='ocrx_word' id='word_1_295' title='bbox 1396 2855 1538 2924; x_wconf 83' lang='lat' dir='ltr'><strong>quod</strong></span> <span class='ocrx_word' id='word_1_296' title='bbox 1561 2858 1835 2914; x_wconf 82' lang='lat' dir='ltr'><strong>Abraham</strong></span> <span class='ocrx_word' id='word_1_297' title='bbox 1862 2860 1998 2915; x_wconf 88' lang='lat' dir='ltr'><strong>duos</strong></span> <span class='ocrx_word' id='word_1_298' title='bbox 2020 2863 2205 2916; x_wconf 85' lang='lat' dir='ltr'><strong>habuit</strong></span> <span class='ocrx_word' id='word_1_299' title='bbox 2228 2862 2387 2926; x_wconf 88' lang='lat' dir='ltr'><strong>filios,</strong></span> <span class='ocrx_word' id='word_1_300' title='bbox 2413 2869 2467 2914; x_wconf 90' lang='lat' dir='ltr'><strong>et</strong></span> <span class='ocrx_word' id='word_1_301' title='bbox 2492 2859 2723 2928; x_wconf 87' lang='lat' dir='ltr'><strong>reliqua.</strong></span> <span class='ocrx_word' id='word_1_302' title='bbox 2743 2857 2968 2924; x_wconf 88' lang='lat' dir='ltr'><strong>Insuper</strong></span> <span class='ocrx_word' id='word_1_303' title='bbox 2986 2856 3148 2909; x_wconf 86' lang='lat' dir='ltr'><strong>etiam</strong></span> <span class='ocrx_word' id='word_1_304' title='bbox 3172 2853 3297 2905; x_wconf 74' lang='lat' dir='ltr'><strong>vita:</strong></span> <span class='ocrx_word' id='word_1_305' title='bbox 3324 2849 3613 2914; x_wconf 84' lang='lat' dir='ltr'><strong>deliuqucn</strong></span> <span class='ocrx_word' id='word_1_306' title='bbox 3632 2876 3644 2884; x_wconf 94' lang='lat'><strong>-</strong></span> 
     </span>
    </p>
   </div>
   <div class='ocr_carea' id='block_1_25' title="bbox 383 2929 3645 3021">
    <p class='ocr_par' dir='ltr' id='par_1_25' title="bbox 383 2929 3645 3021">
     <span class='ocr_line' id='line_1_25' title="bbox 383 2929 3645 3021; baseline 0.001 -38"><span class='ocrx_word' id='word_1_307' title='bbox 383 2929 518 2985; x_wconf 88' lang='lat' dir='ltr'><strong>tium</strong></span> <span class='ocrx_word' id='word_1_308' title='bbox 538 2934 839 3000; x_wconf 86' lang='lat' dir='ltr'><strong>enarratio,</strong></span> <span class='ocrx_word' id='word_1_309' title='bbox 867 2936 934 2991; x_wconf 81' lang='lat' dir='ltr'><strong>de</strong></span> <span class='ocrx_word' id='word_1_310' title='bbox 953 2952 1017 2993; x_wconf 88' lang='lat' dir='ltr'><strong>eo</strong></span> <span class='ocrx_word' id='word_1_311' title='bbox 1041 2939 1186 3008; x_wconf 90' lang='lat' dir='ltr'><strong>quod</strong></span> <span class='ocrx_word' id='word_1_312' title='bbox 1210 2938 1333 2995; x_wconf 86' lang='lat' dir='ltr'><strong>eum</strong></span> <span class='ocrx_word' id='word_1_313' title='bbox 1362 2944 1502 2998; x_wconf 82' lang='lat' dir='ltr'><strong>male</strong></span> <span class='ocrx_word' id='word_1_314' title='bbox 1523 2946 1788 3015; x_wconf 76' lang='lat' dir='ltr'><strong>egissent,</strong></span> <span class='ocrx_word' id='word_1_315' title='bbox 1825 2948 1965 3004; x_wconf 78' lang='lat' dir='ltr'><strong>male</strong></span> <span class='ocrx_word' id='word_1_316' title='bbox 1992 2965 2210 3021; x_wconf 88' lang='lat' dir='ltr'><strong>quoque</strong></span> <span class='ocrx_word' id='word_1_317' title='bbox 2242 2951 2387 3020; x_wconf 90' lang='lat' dir='ltr'><strong>passi</strong></span> <span class='ocrx_word' id='word_1_318' title='bbox 2426 2955 2573 3004; x_wconf 90' lang='lat' dir='ltr'><strong>sunt.</strong></span> <span class='ocrx_word' id='word_1_319' title='bbox 2606 2946 2797 3012; x_wconf 87' lang='lat' dir='ltr'><strong>Qualis</strong></span> <span class='ocrx_word' id='word_1_320' title='bbox 2835 2942 3078 3014; x_wconf 71' lang='lat' dir='ltr'><strong>AZgyptii</strong></span> <span class='ocrx_word' id='word_1_321' title='bbox 3117 2941 3262 2995; x_wconf 90' lang='lat' dir='ltr'><strong>illius</strong></span> <span class='ocrx_word' id='word_1_322' title='bbox 3290 2938 3380 3010; x_wconf 90' lang='lat' dir='ltr'><strong>qui</strong></span> <span class='ocrx_word' id='word_1_323' title='bbox 3426 2935 3645 2990; x_wconf 88' lang='lat' dir='ltr'><strong>Israeli-</strong></span> 
     </span>
    </p>
   </div>
   <div class='ocr_carea' id='block_1_26' title="bbox 383 3021 3644 3098">
    <p class='ocr_par' dir='ltr' id='par_1_26' title="bbox 383 3021 3644 3098">
     <span class='ocr_line' id='line_1_26' title="bbox 383 3021 3644 3098; baseline -0.001 -21"><span class='ocrx_word' id='word_1_324' title='bbox 383 3031 490 3077; x_wconf 89' lang='lat' dir='ltr'><strong>tam</strong></span> <span class='ocrx_word' id='word_1_325' title='bbox 521 3021 658 3076; x_wconf 86' lang='lat' dir='ltr'><strong>diris</strong></span> <span class='ocrx_word' id='word_1_326' title='bbox 689 3023 991 3083; x_wconf 79' lang='lat' dir='ltr'><strong>devoturus</strong></span> <span class='ocrx_word' id='word_1_327' title='bbox 1020 3036 1139 3082; x_wconf 89' lang='lat' dir='ltr'><strong>erat</strong></span> <span class='ocrx_word' id='word_1_328' title='bbox 1175 3029 1320 3087; x_wconf 86' lang='lat' dir='ltr'><strong>ﬁlius</strong></span> <span class='ocrx_word' id='word_1_329' title='bbox 1348 3034 1578 3088; x_wconf 74' lang='lat' dir='ltr'><strong>exstitit.</strong></span> <span class='ocrx_word' id='word_1_330' title='bbox 1617 3033 1746 3089; x_wconf 89' lang='lat' dir='ltr'><strong>Item</strong></span> <span class='ocrx_word' id='word_1_331' title='bbox 1781 3036 2098 3093; x_wconf 67' lang='lat' dir='ltr'><strong>Israeliticae</strong></span> <span class='ocrx_word' id='word_1_332' title='bbox 2137 3036 2352 3091; x_wconf 79' lang='lat' dir='ltr'><strong>feminae</strong></span> <span class='ocrx_word' id='word_1_333' title='bbox 2387 3034 2531 3089; x_wconf 90' lang='lat' dir='ltr'><strong>filius</strong></span> <span class='ocrx_word' id='word_1_334' title='bbox 2563 3034 2614 3087; x_wconf 91' lang='lat' dir='ltr'><strong>in</strong></span> <span class='ocrx_word' id='word_1_335' title='bbox 2666 3031 2933 3087; x_wconf 86' lang='lat' dir='ltr'><strong>Levitico.</strong></span> <span class='ocrx_word' id='word_1_336' title='bbox 2976 3029 3111 3098; x_wconf 85' lang='lat' dir='ltr'><strong>Ejus</strong></span> <span class='ocrx_word' id='word_1_337' title='bbox 3135 3029 3264 3082; x_wconf 89' lang='lat' dir='ltr'><strong>item</strong></span> <span class='ocrx_word' id='word_1_338' title='bbox 3300 3025 3393 3095; x_wconf 90' lang='lat' dir='ltr'><strong>qui</strong></span> <span class='ocrx_word' id='word_1_339' title='bbox 3428 3031 3644 3079; x_wconf 87' lang='lat' dir='ltr'><strong>scorta-</strong></span> 
     </span>
    </p>
   </div>
   <div class='ocr_carea' id='block_1_27' title="bbox 380 3113 3643 3190">
    <p class='ocr_par' dir='ltr' id='par_1_27' title="bbox 380 3113 3643 3190">
     <span class='ocr_line' id='line_1_27' title="bbox 380 3113 3643 3190; baseline -0.001 -24"><span class='ocrx_word' id='word_1_340' title='bbox 380 3113 587 3168; x_wconf 90' lang='lat' dir='ltr'><strong>tionem</strong></span> <span class='ocrx_word' id='word_1_341' title='bbox 617 3126 944 3172; x_wconf 75' lang='lat' dir='ltr'><strong>exercuerat</strong></span> <span class='ocrx_word' id='word_1_342' title='bbox 974 3132 1099 3173; x_wconf 86' lang='lat' dir='ltr'><strong>cum</strong></span> <span class='ocrx_word' id='word_1_343' title='bbox 1141 3119 1496 3179; x_wconf 83' lang='lat' dir='ltr'><strong>Madianitica</strong></span> <span class='ocrx_word' id='word_1_344' title='bbox 1522 3123 1723 3181; x_wconf 87' lang='lat' dir='ltr'><strong>femina</strong></span> <span class='ocrx_word' id='word_1_345' title='bbox 1755 3127 1808 3181; x_wconf 90' lang='lat' dir='ltr'><strong>in</strong></span> <span class='ocrx_word' id='word_1_346' title='bbox 1844 3125 2182 3182; x_wconf 73' lang='lat' dir='ltr'><strong>Numeris“.</strong></span> <span class='ocrx_word' id='word_1_347' title='bbox 2218 3124 2307 3179; x_wconf 85' lang='lat' dir='ltr'><strong>Vel</strong></span> <span class='ocrx_word' id='word_1_348' title='bbox 2351 3125 2432 3180; x_wconf 91' lang='lat' dir='ltr'><strong>sic</strong></span> <span class='ocrx_word' id='word_1_349' title='bbox 2463 3142 2477 3178; x_wconf 87' lang='lat'><strong>:</strong></span> <span class='ocrx_word' id='word_1_350' title='bbox 2511 3120 2604 3177; x_wconf 83' lang='lat' dir='ltr'><strong>Est</strong></span> <span class='ocrx_word' id='word_1_351' title='bbox 2636 3136 2824 3176; x_wconf 88' lang='lat' dir='ltr'><strong>norma</strong></span> <span class='ocrx_word' id='word_1_352' title='bbox 2867 3120 3143 3190; x_wconf 88' lang='lat' dir='ltr'><strong>justorum</strong></span> <span class='ocrx_word' id='word_1_353' title='bbox 3186 3124 3240 3171; x_wconf 92' lang='lat' dir='ltr'><strong>et</strong></span> <span class='ocrx_word' id='word_1_354' title='bbox 3278 3116 3643 3183; x_wconf 88' lang='lat' dir='ltr'><strong>injustorum.</strong></span> 
     </span>
    </p>
   </div>
   <div class='ocr_carea' id='block_1_28' title="bbox 382 3198 3649 3277">
    <p class='ocr_par' dir='ltr' id='par_1_28' title="bbox 382 3198 3649 3277">
     <span class='ocr_line' id='line_1_28' title="bbox 382 3198 3649 3277; baseline 0 -25"><span class='ocrx_word' id='word_1_355' title='bbox 382 3198 519 3255; x_wconf 80' lang='lat' dir='ltr'><strong>Nam</strong></span> <span class='ocrx_word' id='word_1_356' title='bbox 564 3205 643 3255; x_wconf 88' lang='lat' dir='ltr'><strong>nti</strong></span> <span class='ocrx_word' id='word_1_357' title='bbox 677 3204 769 3270; x_wconf 90' lang='lat' dir='ltr'><strong>qui</strong></span> <span class='ocrx_word' id='word_1_358' title='bbox 807 3204 1112 3260; x_wconf 88' lang='lat' dir='ltr'><strong>secundum</strong></span> <span class='ocrx_word' id='word_1_359' title='bbox 1154 3222 1402 3264; x_wconf 90' lang='lat' dir='ltr'><strong>normam</strong></span> <span class='ocrx_word' id='word_1_360' title='bbox 1434 3212 1921 3267; x_wconf 84' lang='lat' dir='ltr'><strong>architectonicam</strong></span> <span class='ocrx_word' id='word_1_361' title='bbox 1965 3202 2261 3277; x_wconf 81' lang='lat' dir='ltr'><strong>fabricant,</strong></span> <span class='ocrx_word' id='word_1_362' title='bbox 2318 3212 2512 3267; x_wconf 90' lang='lat' dir='ltr'><strong>scitam</strong></span> <span class='ocrx_word' id='word_1_363' title='bbox 2549 3218 2885 3266; x_wconf 87' lang='lat' dir='ltr'><strong>structuram</strong></span> <span class='ocrx_word' id='word_1_364' title='bbox 2940 3206 3205 3269; x_wconf 86' lang='lat' dir='ltr'><strong>eﬂiciunt,</strong></span> <span class='ocrx_word' id='word_1_365' title='bbox 3241 3204 3313 3257; x_wconf 85' lang='lat' dir='ltr'><strong>ita</strong></span> <span class='ocrx_word' id='word_1_366' title='bbox 3339 3202 3394 3256; x_wconf 83' lang='lat' dir='ltr'><strong>lii</strong></span> <span class='ocrx_word' id='word_1_367' title='bbox 3426 3214 3649 3271; x_wconf 80' lang='lat' dir='ltr'><strong>quoque</strong></span> 
     </span>
    </p>
   </div>
   <div class='ocr_carea' id='block_1_29' title="bbox 381 3289 3648 3368">
    <p class='ocr_par' dir='ltr' id='par_1_29' title="bbox 381 3289 3648 3368">
     <span class='ocr_line' id='line_1_29' title="bbox 381 3289 3648 3368; baseline -0.006 -11"><span class='ocrx_word' id='word_1_368' title='bbox 381 3289 477 3357; x_wconf 73' lang='grc' dir='ltr'><strong>(Ιηί</strong></span> <span class='ocrx_word' id='word_1_369' title='bbox 504 3289 658 3357; x_wconf 61' lang='lat' dir='ltr'><strong>inﬂa</strong></span> <span class='ocrx_word' id='word_1_370' title='bbox 689 3305 940 3346; x_wconf 75' lang='lat' dir='ltr'><strong>normam</strong></span> <span class='ocrx_word' id='word_1_371' title='bbox 958 3293 1556 3364; x_wconf 73' lang='lat' dir='ltr'><strong>,justorum,juslitiam</strong></span> <span class='ocrx_word' id='word_1_372' title='bbox 1597 3309 1881 3357; x_wconf 75' lang='lat' dir='ltr'><strong>exercent.</strong></span> <span class='ocrx_word' id='word_1_373' title='bbox 1902 3300 1998 3357; x_wconf 85' lang='lat' dir='ltr'><strong>Vel</strong></span> <span class='ocrx_word' id='word_1_374' title='bbox 2031 3304 2112 3358; x_wconf 89' lang='lat' dir='ltr'><strong>sic</strong></span> <span class='ocrx_word' id='word_1_375' title='bbox 2150 3320 2163 3354; x_wconf 91' lang='lat'>:</span> <span class='ocrx_word' id='word_1_376' title='bbox 2199 3298 2454 3355; x_wconf 87' lang='lat' dir='ltr'><strong>Mensura</strong></span> <span class='ocrx_word' id='word_1_377' title='bbox 2482 3299 2761 3368; x_wconf 83' lang='lat' dir='ltr'><strong>justorum</strong></span> <span class='ocrx_word' id='word_1_378' title='bbox 2796 3305 2850 3351; x_wconf 90' lang='lat' dir='ltr'><strong>et</strong></span> <span class='ocrx_word' id='word_1_379' title='bbox 2886 3294 3217 3363; x_wconf 88' lang='lat' dir='ltr'><strong>injustornm</strong></span> <span class='ocrx_word' id='word_1_380' title='bbox 3245 3305 3357 3344; x_wconf 92' lang='lat' dir='ltr'><strong>non</strong></span> <span class='ocrx_word' id='word_1_381' title='bbox 3395 3297 3503 3340; x_wconf 87' lang='lat' dir='ltr'><strong>tam</strong></span> <span class='ocrx_word' id='word_1_382' title='bbox 3547 3289 3648 3340; x_wconf 74' lang='grc' dir='ltr'><strong>Ιιοο</strong></span> 
     </span>
    </p>
   </div>
   <div class='ocr_carea' id='block_1_30' title="bbox 382 3377 3645 3457">
    <p class='ocr_par' dir='ltr' id='par_1_30' title="bbox 382 3377 3645 3457">
     <span class='ocr_line' id='line_1_30' title="bbox 382 3377 3645 3457; baseline -0.002 -27"><span class='ocrx_word' id='word_1_383' title='bbox 382 3377 594 3431; x_wconf 87' lang='lat' dir='ltr'><strong>minum</strong></span> <span class='ocrx_word' id='word_1_384' title='bbox 623 3392 789 3449; x_wconf 89' lang='lat' dir='ltr'><strong>quam</strong></span> <span class='ocrx_word' id='word_1_385' title='bbox 815 3395 995 3434; x_wconf 88' lang='lat' dir='ltr'><strong>rerum</strong></span> <span class='ocrx_word' id='word_1_386' title='bbox 1032 3399 1044 3434; x_wconf 84' lang='lat'><strong>:</strong></span> <span class='ocrx_word' id='word_1_387' title='bbox 1082 3397 1161 3437; x_wconf 60' lang='lat' dir='ltr'><strong>ea:</strong></span> <span class='ocrx_word' id='word_1_388' title='bbox 1188 3384 1335 3438; x_wconf 86' lang='lat' dir='ltr'><strong>enim</strong></span> <span class='ocrx_word' id='word_1_389' title='bbox 1376 3399 1408 3439; x_wconf 91' lang='lat' dir='ltr'><strong>a</strong></span> <span class='ocrx_word' id='word_1_390' title='bbox 1438 3385 1554 3457; x_wconf 83' lang='lat' dir='ltr'><strong>lege</strong></span> <span class='ocrx_word' id='word_1_391' title='bbox 1589 3387 1827 3445; x_wconf 65' lang='lat' dir='ltr'><strong>definitae</strong></span> <span class='ocrx_word' id='word_1_392' title='bbox 1857 3390 1961 3446; x_wconf 90' lang='lat' dir='ltr'><strong>sub</strong></span> <span class='ocrx_word' id='word_1_393' title='bbox 1986 3403 2299 3445; x_wconf 89' lang='lat' dir='ltr'><strong>mensuram</strong></span> <span class='ocrx_word' id='word_1_394' title='bbox 2332 3388 2559 3442; x_wconf 87' lang='lat' dir='ltr'><strong>cadunt.</strong></span> <span class='ocrx_word' id='word_1_395' title='bbox 2591 3384 3044 3453; x_wconf 68' lang='lat' dir='ltr'><strong>Caeterumjuxta</strong></span> <span class='ocrx_word' id='word_1_396' title='bbox 3093 3381 3264 3450; x_wconf 81' lang='lat' dir='ltr'><strong>legem</strong></span> <span class='ocrx_word' id='word_1_397' title='bbox 3296 3392 3359 3431; x_wconf 88' lang='lat' dir='ltr'><strong>ea</strong></span> <span class='ocrx_word' id='word_1_398' title='bbox 3388 3390 3645 3429; x_wconf 84' lang='lat' dir='ltr'><strong>mensura</strong></span> 
     </span>
    </p>
   </div>
   <div class='ocr_carea' id='block_1_31' title="bbox 383 3463 3644 3548">
    <p class='ocr_par' dir='ltr' id='par_1_31' title="bbox 383 3463 3644 3548">
     <span class='ocr_line' id='line_1_31' title="bbox 383 3463 3644 3548; baseline -0.004 -25"><span class='ocrx_word' id='word_1_399' title='bbox 383 3466 608 3521; x_wconf 84' lang='lat' dir='ltr'><strong>obvenit</strong></span> <span class='ocrx_word' id='word_1_400' title='bbox 631 3469 887 3538; x_wconf 85' lang='lat' dir='ltr'><strong>singulis,</strong></span> <span class='ocrx_word' id='word_1_401' title='bbox 926 3486 1032 3539; x_wconf 87' lang='lat' dir='ltr'><strong>qua</strong></span> <span class='ocrx_word' id='word_1_402' title='bbox 1064 3471 1166 3540; x_wconf 90' lang='lat' dir='ltr'><strong>ipsi</strong></span> <span class='ocrx_word' id='word_1_403' title='bbox 1204 3482 1335 3529; x_wconf 90' lang='lat' dir='ltr'><strong>sunt</strong></span> <span class='ocrx_word' id='word_1_404' title='bbox 1366 3477 1565 3541; x_wconf 83' lang='lat' dir='ltr'><strong>mensi,</strong></span> <span class='ocrx_word' id='word_1_405' title='bbox 1623 3479 1777 3547; x_wconf 89' lang='lat' dir='ltr'><strong>justo</strong></span> <span class='ocrx_word' id='word_1_406' title='bbox 1831 3479 2051 3548; x_wconf 85' lang='lat' dir='ltr'><strong>quidem</strong></span> <span class='ocrx_word' id='word_1_407' title='bbox 2107 3489 2404 3540; x_wconf 90' lang='lat' dir='ltr'><strong>concussa,</strong></span> <span class='ocrx_word' id='word_1_408' title='bbox 2441 3484 2496 3531; x_wconf 90' lang='lat' dir='ltr'><strong>et</strong></span> <span class='ocrx_word' id='word_1_409' title='bbox 2530 3474 2885 3536; x_wconf 81' lang='lat' dir='ltr'><strong>exuberans;</strong></span> <span class='ocrx_word' id='word_1_410' title='bbox 2925 3469 3135 3539; x_wconf 88' lang='lat' dir='ltr'><strong>injusto</strong></span> <span class='ocrx_word' id='word_1_411' title='bbox 3179 3482 3307 3521; x_wconf 87' lang='lat' dir='ltr'><strong>vero</strong></span> <span class='ocrx_word' id='word_1_412' title='bbox 3349 3463 3644 3531; x_wconf 81' lang='lat' dir='ltr'><strong>condigna,</strong></span> 
     </span>
    </p>
   </div>
   <div class='ocr_carea' id='block_1_32' title="bbox 382 3552 3676 3635">
    <p class='ocr_par' dir='ltr' id='par_1_32' title="bbox 382 3552 3676 3635">
     <span class='ocr_line' id='line_1_32' title="bbox 382 3552 3676 3635; baseline -0.002 -27"><span class='ocrx_word' id='word_1_413' title='bbox 382 3555 652 3625; x_wconf 88' lang='lat' dir='ltr'><strong>siquidem</strong></span> <span class='ocrx_word' id='word_1_414' title='bbox 679 3556 942 3627; x_wconf 86' lang='lat' dir='ltr'><strong>iniquitas</strong></span> <span class='ocrx_word' id='word_1_415' title='bbox 973 3559 1094 3629; x_wconf 88' lang='lat' dir='ltr'><strong>ejus</strong></span> <span class='ocrx_word' id='word_1_416' title='bbox 1127 3562 1182 3616; x_wconf 91' lang='lat' dir='ltr'><strong>in</strong></span> <span class='ocrx_word' id='word_1_417' title='bbox 1213 3565 1475 3617; x_wconf 87' lang='lat' dir='ltr'><strong>verticem</strong></span> <span class='ocrx_word' id='word_1_418' title='bbox 1501 3564 1676 3635; x_wconf 87' lang='lat' dir='ltr'><strong>ipsius</strong></span> <span class='ocrx_word' id='word_1_419' title='bbox 1731 3568 1959 3622; x_wconf 86' lang='lat' dir='ltr'><strong>recidet.</strong></span> <span class='ocrx_word' id='word_1_420' title='bbox 2023 3566 2122 3622; x_wconf 86' lang='lat' dir='ltr'><strong>Vel</strong></span> <span class='ocrx_word' id='word_1_421' title='bbox 2161 3566 2243 3621; x_wconf 91' lang='lat' dir='ltr'><strong>sic</strong></span> <span class='ocrx_word' id='word_1_422' title='bbox 2276 3584 2289 3619; x_wconf 92' lang='lat'><strong>:</strong></span> <span class='ocrx_word' id='word_1_423' title='bbox 2328 3562 2424 3619; x_wconf 83' lang='lat' dir='ltr'><strong>Est</strong></span> <span class='ocrx_word' id='word_1_424' title='bbox 2458 3566 2639 3619; x_wconf 89' lang='lat' dir='ltr'><strong>oratio</strong></span> <span class='ocrx_word' id='word_1_425' title='bbox 2665 3561 2872 3616; x_wconf 87' lang='lat' dir='ltr'><strong>docens</strong></span> <span class='ocrx_word' id='word_1_426' title='bbox 2925 3554 3203 3627; x_wconf 83' lang='lat' dir='ltr'><strong>quomodo</strong></span> <span class='ocrx_word' id='word_1_427' title='bbox 3246 3552 3676 3622; x_wconf 79' lang='lat' dir='ltr'><strong>rempublicam.</strong></span> 
     </span>
    </p>
   </div>
   <div class='ocr_carea' id='block_1_33' title="bbox 385 3643 3645 3729">
    <p class='ocr_par' dir='ltr' id='par_1_33' title="bbox 385 3643 3645 3729">
     <span class='ocr_line' id='line_1_33' title="bbox 385 3643 3645 3729; baseline -0.003 -27"><span class='ocrx_word' id='word_1_428' title='bbox 385 3648 774 3705; x_wconf 87' lang='lat' dir='ltr'><strong>administrare</strong></span> <span class='ocrx_word' id='word_1_429' title='bbox 804 3661 1078 3720; x_wconf 86' lang='lat' dir='ltr'><strong>oporteat,</strong></span> <span class='ocrx_word' id='word_1_430' title='bbox 1116 3668 1236 3720; x_wconf 66' lang='lat' dir='ltr'><strong>qua:</strong></span> <span class='ocrx_word' id='word_1_431' title='bbox 1263 3653 1510 3711; x_wconf 85' lang='lat' dir='ltr'><strong>definitio</strong></span> <span class='ocrx_word' id='word_1_432' title='bbox 1540 3658 1587 3711; x_wconf 88' lang='lat' dir='ltr'><strong>ei</strong></span> <span class='ocrx_word' id='word_1_433' title='bbox 1642 3660 1954 3723; x_wconf 88' lang='lat' dir='ltr'><strong>conveniet,</strong></span> <span class='ocrx_word' id='word_1_434' title='bbox 2013 3658 2108 3729; x_wconf 87' lang='lat' dir='ltr'><strong>qui</strong></span> <span class='ocrx_word' id='word_1_435' title='bbox 2142 3672 2335 3712; x_wconf 88' lang='lat' dir='ltr'><strong>omnes</strong></span> <span class='ocrx_word' id='word_1_436' title='bbox 2377 3670 2508 3711; x_wconf 88' lang='lat' dir='ltr'><strong>suas</strong></span> <span class='ocrx_word' id='word_1_437' title='bbox 2539 3654 2789 3709; x_wconf 86' lang='lat' dir='ltr'><strong>actiones</strong></span> <span class='ocrx_word' id='word_1_438' title='bbox 2830 3650 2896 3705; x_wconf 84' lang='lat' dir='ltr'><strong>ad</strong></span> <span class='ocrx_word' id='word_1_439' title='bbox 2936 3647 3333 3717; x_wconf 87' lang='lat' dir='ltr'><strong>rempublicam</strong></span> <span class='ocrx_word' id='word_1_440' title='bbox 3364 3643 3645 3698; x_wconf 81' lang='lat' dir='ltr'><strong>coelestrm</strong></span> 
     </span>
    </p>
   </div>
   <div class='ocr_carea' id='block_1_34' title="bbox 385 3729 3647 3814">
    <p class='ocr_par' dir='ltr' id='par_1_34' title="bbox 385 3729 3647 3814">
     <span class='ocr_line' id='line_1_34' title="bbox 385 3729 3647 3814; baseline -0.002 -24"><span class='ocrx_word' id='word_1_441' title='bbox 385 3736 576 3791; x_wconf 81' lang='lat' dir='ltr'><strong>refert.</strong></span> <span class='ocrx_word' id='word_1_442' title='bbox 599 3734 697 3792; x_wconf 92' lang='lat' dir='ltr'><strong>Vel</strong></span> <span class='ocrx_word' id='word_1_443' title='bbox 729 3737 813 3793; x_wconf 89' lang='lat' dir='ltr'><strong>sic</strong></span> <span class='ocrx_word' id='word_1_444' title='bbox 839 3755 853 3792; x_wconf 89' lang='lat'><strong>:</strong></span> <span class='ocrx_word' id='word_1_445' title='bbox 881 3736 976 3792; x_wconf 85' lang='lat' dir='ltr'><strong>Est</strong></span> <span class='ocrx_word' id='word_1_446' title='bbox 1008 3742 1188 3795; x_wconf 88' lang='lat' dir='ltr'><strong>oratio</strong></span> <span class='ocrx_word' id='word_1_447' title='bbox 1216 3757 1339 3812; x_wconf 63' lang='lat' dir='ltr'><strong>quae</strong></span> <span class='ocrx_word' id='word_1_448' title='bbox 1369 3743 1423 3797; x_wconf 90' lang='lat' dir='ltr'><strong>in</strong></span> <span class='ocrx_word' id='word_1_449' title='bbox 1456 3744 1777 3802; x_wconf 82' lang='lat' dir='ltr'><strong>universum</strong></span> <span class='ocrx_word' id='word_1_450' title='bbox 1818 3754 1873 3803; x_wconf 91' lang='lat' dir='ltr'><strong>et</strong></span> <span class='ocrx_word' id='word_1_451' title='bbox 1901 3747 2271 3801; x_wconf 87' lang='lat' dir='ltr'><strong>communiter</strong></span> <span class='ocrx_word' id='word_1_452' title='bbox 2321 3742 2570 3814; x_wconf 76' lang='lat' dir='ltr'><strong>praecipit</strong></span> <span class='ocrx_word' id='word_1_453' title='bbox 2595 3740 2725 3811; x_wconf 85' lang='lat' dir='ltr'><strong>quid</strong></span> <span class='ocrx_word' id='word_1_454' title='bbox 2753 3736 3068 3808; x_wconf 82' lang='lat' dir='ltr'><strong>.agendum,</strong></span> <span class='ocrx_word' id='word_1_455' title='bbox 3102 3741 3158 3790; x_wconf 89' lang='lat' dir='ltr'><strong>et</strong></span> <span class='ocrx_word' id='word_1_456' title='bbox 3184 3740 3330 3787; x_wconf 82' lang='lat' dir='ltr'><strong>vetat</strong></span> <span class='ocrx_word' id='word_1_457' title='bbox 3365 3729 3511 3799; x_wconf 86' lang='lat' dir='ltr'><strong>quod</strong></span> <span class='ocrx_word' id='word_1_458' title='bbox 3538 3744 3647 3783; x_wconf 90' lang='lat' dir='ltr'><strong>non</strong></span> 
     </span>
    </p>
   </div>
   <div class='ocr_carea' id='block_1_35' title="bbox 384 3817 3651 3904">
    <p class='ocr_par' dir='ltr' id='par_1_35' title="bbox 384 3817 3651 3904">
     <span class='ocr_line' id='line_1_35' title="bbox 384 3817 3651 3904; baseline -0.003 -25"><span class='ocrx_word' id='word_1_459' title='bbox 384 3825 683 3895; x_wconf 79' lang='lat' dir='ltr'><strong>agendum.</strong></span> <span class='ocrx_word' id='word_1_460' title='bbox 726 3824 819 3881; x_wconf 88' lang='lat' dir='ltr'><strong>Vel</strong></span> <span class='ocrx_word' id='word_1_461' title='bbox 848 3828 928 3882; x_wconf 91' lang='lat' dir='ltr'><strong>sic</strong></span> <span class='ocrx_word' id='word_1_462' title='bbox 966 3846 978 3882; x_wconf 91' lang='lat'>:</span> <span class='ocrx_word' id='word_1_463' title='bbox 1011 3829 1111 3883; x_wconf 87' lang='lat' dir='ltr'><strong>Est</strong></span> <span class='ocrx_word' id='word_1_464' title='bbox 1142 3829 1424 3885; x_wconf 86' lang='lat' dir='ltr'><strong>decretum</strong></span> <span class='ocrx_word' id='word_1_465' title='bbox 1452 3834 1618 3904; x_wconf 86' lang='lat' dir='ltr'><strong>regis.</strong></span> <span class='ocrx_word' id='word_1_466' title='bbox 1651 3849 1745 3889; x_wconf 83' lang='lat' dir='ltr'><strong>rex</strong></span> <span class='ocrx_word' id='word_1_467' title='bbox 1781 3850 1912 3891; x_wconf 89' lang='lat' dir='ltr'><strong>vero</strong></span> <span class='ocrx_word' id='word_1_468' title='bbox 1944 3835 2200 3891; x_wconf 85' lang='lat' dir='ltr'><strong>Christus</strong></span> <span class='ocrx_word' id='word_1_469' title='bbox 2219 3833 2311 3899; x_wconf 86' lang='lat' dir='ltr'><strong>sit,</strong></span> <span class='ocrx_word' id='word_1_470' title='bbox 2369 3831 2462 3898; x_wconf 89' lang='lat' dir='ltr'><strong>qui</strong></span> <span class='ocrx_word' id='word_1_471' title='bbox 2497 3831 2614 3886; x_wconf 88' lang='lat' dir='ltr'><strong>suis</strong></span> <span class='ocrx_word' id='word_1_472' title='bbox 2641 3829 2879 3884; x_wconf 89' lang='lat' dir='ltr'><strong>decretis</strong></span> <span class='ocrx_word' id='word_1_473' title='bbox 2922 3822 3183 3880; x_wconf 87' lang='lat' dir='ltr'><strong>mandata</strong></span> <span class='ocrx_word' id='word_1_474' title='bbox 3228 3821 3366 3890; x_wconf 88' lang='lat' dir='ltr'><strong>legis</strong></span> <span class='ocrx_word' id='word_1_475' title='bbox 3395 3817 3651 3873; x_wconf 82' lang='lat' dir='ltr'><strong>lilteralis</strong></span> 
     </span>
    </p>
   </div>
   <div class='ocr_carea' id='block_1_36' title="bbox 384 3906 3652 3992">
    <p class='ocr_par' dir='ltr' id='par_1_36' title="bbox 384 3906 3652 3992">
     <span class='ocr_line' id='line_1_36' title="bbox 384 3906 3652 3992; baseline -0.003 -26"><span class='ocrx_word' id='word_1_476' title='bbox 384 3911 515 3969; x_wconf 89' lang='lat' dir='ltr'><strong>fecit</strong></span> <span class='ocrx_word' id='word_1_477' title='bbox 546 3912 828 3970; x_wconf 87' lang='lat' dir='ltr'><strong>irrita.Vel</strong></span> <span class='ocrx_word' id='word_1_478' title='bbox 849 3915 931 3971; x_wconf 90' lang='lat' dir='ltr'><strong>sic</strong></span> <span class='ocrx_word' id='word_1_479' title='bbox 949 3933 965 3972; x_wconf 84' lang='lat'><strong>:</strong></span> <span class='ocrx_word' id='word_1_480' title='bbox 982 3915 1078 3971; x_wconf 89' lang='lat' dir='ltr'><strong>Est</strong></span> <span class='ocrx_word' id='word_1_481' title='bbox 1100 3918 1278 3973; x_wconf 88' lang='lat' dir='ltr'><strong>oratio</strong></span> <span class='ocrx_word' id='word_1_482' title='bbox 1299 3919 1672 3976; x_wconf 86' lang='lat' dir='ltr'><strong>interdictoria</strong></span> <span class='ocrx_word' id='word_1_483' title='bbox 1702 3923 1945 3978; x_wconf 65' lang='lat' dir='ltr'><strong>scientiae</strong></span> <span class='ocrx_word' id='word_1_484' title='bbox 1966 3923 2149 3992; x_wconf 66' lang='lat' dir='ltr'><strong>regiae,</strong></span> <span class='ocrx_word' id='word_1_485' title='bbox 2175 3936 2337 3991; x_wconf 91' lang='lat' dir='ltr'><strong>quam</strong></span> <span class='ocrx_word' id='word_1_486' title='bbox 2356 3920 2636 3982; x_wconf 86' lang='lat' dir='ltr'><strong>Christus,</strong></span> <span class='ocrx_word' id='word_1_487' title='bbox 2666 3919 2782 3986; x_wconf 89' lang='lat' dir='ltr'><strong>ipsa</strong></span> <span class='ocrx_word' id='word_1_488' title='bbox 2807 3914 2989 3968; x_wconf 82' lang='lat' dir='ltr'><strong>Patris</strong></span> <span class='ocrx_word' id='word_1_489' title='bbox 3016 3909 3285 3981; x_wconf 87' lang='lat' dir='ltr'><strong>sapientia</strong></span> <span class='ocrx_word' id='word_1_490' title='bbox 3308 3908 3377 3970; x_wconf 76' lang='lat'><strong>“,</strong></span> <span class='ocrx_word' id='word_1_491' title='bbox 3397 3906 3652 3961; x_wconf 87' lang='lat' dir='ltr'><strong>omnibus</strong></span> 
     </span>
    </p>
   </div>
   <div class='ocr_carea' id='block_1_37' title="bbox 383 3992 3654 4078">
    <p class='ocr_par' dir='ltr' id='par_1_37' title="bbox 383 3992 3654 4078">
     <span class='ocr_line' id='line_1_37' title="bbox 383 3992 3654 4078; baseline -0.003 -24"><span class='ocrx_word' id='word_1_492' title='bbox 383 4001 478 4069; x_wconf 89' lang='lat' dir='ltr'><strong>qui</strong></span> <span class='ocrx_word' id='word_1_493' title='bbox 508 4001 670 4070; x_wconf 90' lang='lat' dir='ltr'><strong>hujus</strong></span> <span class='ocrx_word' id='word_1_494' title='bbox 696 4002 867 4057; x_wconf 89' lang='lat' dir='ltr'><strong>ductu</strong></span> <span class='ocrx_word' id='word_1_495' title='bbox 897 4002 964 4057; x_wconf 88' lang='lat' dir='ltr'><strong>ad</strong></span> <span class='ocrx_word' id='word_1_496' title='bbox 992 4019 1222 4076; x_wconf 25' lang='lat' dir='ltr'><strong>regnum.</strong></span> <span class='ocrx_word' id='word_1_497' title='bbox 1249 4005 1512 4061; x_wconf 65' lang='lat' dir='ltr'><strong>caelorum</strong></span> <span class='ocrx_word' id='word_1_498' title='bbox 1539 4023 1636 4062; x_wconf 88' lang='lat' dir='ltr'><strong>seu</strong></span> <span class='ocrx_word' id='word_1_499' title='bbox 1677 4006 1772 4064; x_wconf 90' lang='lat' dir='ltr'><strong>Dei</strong></span> <span class='ocrx_word' id='word_1_500' title='bbox 1803 4011 2165 4075; x_wconf 88' lang='lat' dir='ltr'><strong>contendunt,</strong></span> <span class='ocrx_word' id='word_1_501' title='bbox 2206 4008 2467 4078; x_wconf 90' lang='lat' dir='ltr'><strong>impertit.</strong></span> <span class='ocrx_word' id='word_1_502' title='bbox 2517 4005 2612 4060; x_wconf 90' lang='lat' dir='ltr'><strong>Vel</strong></span> <span class='ocrx_word' id='word_1_503' title='bbox 2655 4005 2738 4060; x_wconf 85' lang='lat' dir='ltr'><strong>sic</strong></span> <span class='ocrx_word' id='word_1_504' title='bbox 2773 4020 2785 4055; x_wconf 92' lang='lat'><strong>:</strong></span> <span class='ocrx_word' id='word_1_505' title='bbox 2825 4001 2920 4056; x_wconf 85' lang='lat' dir='ltr'><strong>Est</strong></span> <span class='ocrx_word' id='word_1_506' title='bbox 2953 4011 3261 4055; x_wconf 89' lang='lat' dir='ltr'><strong>consensus</strong></span> <span class='ocrx_word' id='word_1_507' title='bbox 3291 3994 3533 4050; x_wconf 83' lang='lat' dir='ltr'><strong>civitatis</strong></span> <span class='ocrx_word' id='word_1_508' title='bbox 3586 3992 3654 4046; x_wconf 87' lang='lat' dir='ltr'><strong>de</strong></span> 
     </span>
    </p>
   </div>
   <div class='ocr_carea' id='block_1_38' title="bbox 386 4085 3651 4157">
    <p class='ocr_par' dir='ltr' id='par_1_38' title="bbox 386 4085 3651 4157">
     <span class='ocr_line' id='line_1_38' title="bbox 386 4085 3651 4157; baseline -0.002 -16"><span class='ocrx_word' id='word_1_509' title='bbox 386 4089 553 4145; x_wconf 80' lang='lat' dir='ltr'><strong>rebus</strong></span> <span class='ocrx_word' id='word_1_510' title='bbox 585 4089 851 4145; x_wconf 80' lang='lat' dir='ltr'><strong>faciendis</strong></span> <span class='ocrx_word' id='word_1_511' title='bbox 874 4098 970 4144; x_wconf 91' lang='lat' dir='ltr'><strong>aut</strong></span> <span class='ocrx_word' id='word_1_512' title='bbox 994 4105 1102 4145; x_wconf 91' lang='lat' dir='ltr'><strong>non</strong></span> <span class='ocrx_word' id='word_1_513' title='bbox 1132 4090 1421 4157; x_wconf 85' lang='lat' dir='ltr'><strong>faciendis,</strong></span> <span class='ocrx_word' id='word_1_514' title='bbox 1440 4095 1514 4150; x_wconf 87' lang='lat' dir='ltr'><strong>sit</strong></span> <span class='ocrx_word' id='word_1_515' title='bbox 1553 4110 1685 4157; x_wconf 89' lang='lat' dir='ltr'><strong>vero</strong></span> <span class='ocrx_word' id='word_1_516' title='bbox 1704 4097 1899 4153; x_wconf 87' lang='lat' dir='ltr'><strong>civitas</strong></span> <span class='ocrx_word' id='word_1_517' title='bbox 1927 4112 2206 4153; x_wconf 88' lang='lat' dir='ltr'><strong>consonus</strong></span> <span class='ocrx_word' id='word_1_518' title='bbox 2233 4097 2494 4153; x_wconf 70' lang='lat' dir='ltr'><strong>Ecclesiae</strong></span> <span class='ocrx_word' id='word_1_519' title='bbox 2530 4107 2705 4150; x_wconf 66' lang='lat' dir='ltr'><strong>conus</strong></span> <span class='ocrx_word' id='word_1_520' title='bbox 2730 4093 2798 4148; x_wconf 90' lang='lat' dir='ltr'><strong>de</strong></span> <span class='ocrx_word' id='word_1_521' title='bbox 2825 4091 2991 4147; x_wconf 87' lang='lat' dir='ltr'><strong>rebus</strong></span> <span class='ocrx_word' id='word_1_522' title='bbox 3024 4085 3294 4142; x_wconf 87' lang='lat' dir='ltr'><strong>faciendis</strong></span> <span class='ocrx_word' id='word_1_523' title='bbox 3327 4092 3422 4138; x_wconf 87' lang='lat' dir='ltr'><strong>aut</strong></span> <span class='ocrx_word' id='word_1_524' title='bbox 3446 4085 3651 4138; x_wconf 89' lang='lat' dir='ltr'><strong>minus.</strong></span> 
     </span>
    </p>
   </div>
   <div class='ocr_carea' id='block_1_39' title="bbox 384 4171 3654 4259">
    <p class='ocr_par' dir='ltr' id='par_1_39' title="bbox 384 4171 3654 4259">
     <span class='ocr_line' id='line_1_39' title="bbox 384 4171 3654 4259; baseline -0.002 -27"><span class='ocrx_word' id='word_1_525' title='bbox 384 4176 483 4232; x_wconf 90' lang='lat' dir='ltr'><strong>Vel</strong></span> <span class='ocrx_word' id='word_1_526' title='bbox 506 4176 586 4231; x_wconf 89' lang='lat' dir='ltr'><strong>sic</strong></span> <span class='ocrx_word' id='word_1_527' title='bbox 611 4194 624 4230; x_wconf 90' lang='lat'><strong>:</strong></span> <span class='ocrx_word' id='word_1_528' title='bbox 646 4177 741 4232; x_wconf 84' lang='lat' dir='ltr'><strong>Est</strong></span> <span class='ocrx_word' id='word_1_529' title='bbox 769 4177 1155 4235; x_wconf 84' lang='lat' dir='ltr'><strong>determinatio</strong></span> <span class='ocrx_word' id='word_1_530' title='bbox 1182 4195 1373 4235; x_wconf 87' lang='lat' dir='ltr'><strong>eorum</strong></span> <span class='ocrx_word' id='word_1_531' title='bbox 1392 4197 1514 4252; x_wconf 80' lang='lat' dir='ltr'><strong>quae</strong></span> <span class='ocrx_word' id='word_1_532' title='bbox 1540 4181 1622 4238; x_wconf 89' lang='lat' dir='ltr'><strong>fas</strong></span> <span class='ocrx_word' id='word_1_533' title='bbox 1638 4194 1722 4240; x_wconf 91' lang='lat' dir='ltr'><strong>est</strong></span> <span class='ocrx_word' id='word_1_534' title='bbox 1748 4182 1931 4242; x_wconf 85' lang='lat' dir='ltr'><strong>facere</strong></span> <span class='ocrx_word' id='word_1_535' title='bbox 1956 4202 2084 4259; x_wconf 84' lang='lat' dir='ltr'><strong>erga</strong></span> <span class='ocrx_word' id='word_1_536' title='bbox 2110 4187 2380 4247; x_wconf 89' lang='lat' dir='ltr'><strong>homines,</strong></span> <span class='ocrx_word' id='word_1_537' title='bbox 2405 4196 2459 4241; x_wconf 90' lang='lat' dir='ltr'><strong>et</strong></span> <span class='ocrx_word' id='word_1_538' title='bbox 2488 4182 3023 4249; x_wconf 88' lang='lat' dir='ltr'><strong>Deum,divinasque</strong></span> <span class='ocrx_word' id='word_1_539' title='bbox 3039 4178 3297 4231; x_wconf 89' lang='lat' dir='ltr'><strong>virtutes.</strong></span> <span class='ocrx_word' id='word_1_540' title='bbox 3330 4171 3654 4228; x_wconf 80' lang='lat' dir='ltr'><strong>Extenditnr</strong></span> 
     </span>
    </p>
   </div>
   <div class='ocr_carea' id='block_1_40' title="bbox 384 4264 3651 4342">
    <p class='ocr_par' dir='ltr' id='par_1_40' title="bbox 384 4264 3651 4342">
     <span class='ocr_line' id='line_1_40' title="bbox 384 4264 3651 4342; baseline -0.002 -22"><span class='ocrx_word' id='word_1_541' title='bbox 384 4275 565 4321; x_wconf 88' lang='lat' dir='ltr'><strong>autem</strong></span> <span class='ocrx_word' id='word_1_542' title='bbox 596 4264 757 4338; x_wconf 63' lang='lat'><strong>435</strong></span> <span class='ocrx_word' id='word_1_543' title='bbox 794 4268 880 4322; x_wconf 80' lang='lat' dir='ltr'><strong>lex</strong></span> <span class='ocrx_word' id='word_1_544' title='bbox 902 4282 1071 4337; x_wconf 88' lang='lat' dir='ltr'><strong>super</strong></span> <span class='ocrx_word' id='word_1_545' title='bbox 1102 4268 1461 4340; x_wconf 75' lang='lat' dir='ltr'><strong>magistratus</strong></span> <span class='ocrx_word' id='word_1_546' title='bbox 1494 4273 1932 4342; x_wconf 86' lang='lat' dir='ltr'><strong>ecclesiasticos,</strong></span> <span class='ocrx_word' id='word_1_547' title='bbox 1972 4277 2294 4339; x_wconf 86' lang='lat' dir='ltr'><strong>tribunalia,</strong></span> <span class='ocrx_word' id='word_1_548' title='bbox 2327 4276 2533 4333; x_wconf 86' lang='lat' dir='ltr'><strong>bellum</strong></span> <span class='ocrx_word' id='word_1_549' title='bbox 2578 4280 2773 4329; x_wconf 90' lang='lat' dir='ltr'><strong>contra</strong></span> <span class='ocrx_word' id='word_1_550' title='bbox 2829 4269 3115 4341; x_wconf 86' lang='lat' dir='ltr'><strong>oppositas</strong></span> <span class='ocrx_word' id='word_1_551' title='bbox 3143 4266 3411 4331; x_wconf 86' lang='lat' dir='ltr'><strong>actiones,</strong></span> <span class='ocrx_word' id='word_1_552' title='bbox 3459 4276 3651 4333; x_wconf 86' lang='lat' dir='ltr'><strong>pacem</strong></span> 
     </span>
    </p>
   </div>
   <div class='ocr_carea' id='block_1_41' title="bbox 384 4350 3655 4435">
    <p class='ocr_par' dir='ltr' id='par_1_41' title="bbox 384 4350 3655 4435">
     <span class='ocr_line' id='line_1_41' title="bbox 384 4350 3655 4435; baseline -0.002 -27"><span class='ocrx_word' id='word_1_553' title='bbox 384 4362 655 4420; x_wconf 87' lang='lat' dir='ltr'><strong>mutuam,</strong></span> <span class='ocrx_word' id='word_1_554' title='bbox 693 4368 825 4410; x_wconf 89' lang='lat' dir='ltr'><strong>sana</strong></span> <span class='ocrx_word' id='word_1_555' title='bbox 873 4354 941 4411; x_wconf 91' lang='lat' dir='ltr'><strong>de</strong></span> <span class='ocrx_word' id='word_1_556' title='bbox 974 4353 1082 4410; x_wconf 87' lang='lat' dir='ltr'><strong>Deo</strong></span> <span class='ocrx_word' id='word_1_557' title='bbox 1127 4355 1405 4428; x_wconf 78' lang='lat' dir='ltr'><strong>dogmata,</strong></span> <span class='ocrx_word' id='word_1_558' title='bbox 1441 4360 1684 4430; x_wconf 82' lang='lat' dir='ltr'><strong>nuptias,</strong></span> <span class='ocrx_word' id='word_1_559' title='bbox 1721 4362 2027 4419; x_wconf 87' lang='lat' dir='ltr'><strong>liberorum</strong></span> <span class='ocrx_word' id='word_1_560' title='bbox 2061 4366 2414 4429; x_wconf 88' lang='lat' dir='ltr'><strong>eductiones,</strong></span> <span class='ocrx_word' id='word_1_561' title='bbox 2450 4361 2907 4435; x_wconf 73' lang='lat' dir='ltr'><strong>praeparationem</strong></span> <span class='ocrx_word' id='word_1_562' title='bbox 2944 4364 3210 4412; x_wconf 71' lang='lat' dir='ltr'><strong>extremae</strong></span> <span class='ocrx_word' id='word_1_563' title='bbox 3246 4370 3274 4407; x_wconf 91' lang='lat' dir='ltr'><strong>a</strong></span> <span class='ocrx_word' id='word_1_564' title='bbox 3306 4355 3418 4406; x_wconf 86' lang='lat' dir='ltr'><strong>vita</strong></span> <span class='ocrx_word' id='word_1_565' title='bbox 3456 4350 3655 4422; x_wconf 78' lang='lat' dir='ltr'><strong>migra-</strong></span> 
     </span>
    </p>
   </div>
   <div class='ocr_carea' id='block_1_42' title="bbox 384 4443 3654 4524">
    <p class='ocr_par' dir='ltr' id='par_1_42' title="bbox 384 4443 3654 4524">
     <span class='ocr_line' id='line_1_42' title="bbox 384 4443 3654 4524; baseline -0.002 -27"><span class='ocrx_word' id='word_1_566' title='bbox 384 4444 577 4511; x_wconf 85' lang='lat' dir='ltr'><strong>tionis,</strong></span> <span class='ocrx_word' id='word_1_567' title='bbox 603 4443 839 4513; x_wconf 90' lang='lat' dir='ltr'><strong>denique</strong></span> <span class='ocrx_word' id='word_1_568' title='bbox 863 4443 1017 4514; x_wconf 88' lang='lat' dir='ltr'><strong>justa</strong></span> <span class='ocrx_word' id='word_1_569' title='bbox 1044 4444 1459 4503; x_wconf 85' lang='lat' dir='ltr'><strong>defunctorum.</strong></span> <span class='ocrx_word' id='word_1_570' title='bbox 1501 4449 1560 4504; x_wconf 91' lang='lat' dir='ltr'><strong>ln</strong></span> <span class='ocrx_word' id='word_1_571' title='bbox 1613 4466 1950 4524; x_wconf 88' lang='lat' dir='ltr'><strong>unoquoque</strong></span> <span class='ocrx_word' id='word_1_572' title='bbox 1983 4454 2130 4509; x_wconf 88' lang='lat' dir='ltr'><strong>enim</strong></span> <span class='ocrx_word' id='word_1_573' title='bbox 2172 4453 2368 4507; x_wconf 86' lang='lat' dir='ltr'><strong>horum</strong></span> <span class='ocrx_word' id='word_1_574' title='bbox 2399 4452 2479 4505; x_wconf 86' lang='lat' dir='ltr'><strong>vel</strong></span> <span class='ocrx_word' id='word_1_575' title='bbox 2518 4449 2761 4519; x_wconf 81' lang='lat' dir='ltr'><strong>legitime</strong></span> <span class='ocrx_word' id='word_1_576' title='bbox 2802 4448 2888 4502; x_wconf 79' lang='lat' dir='ltr'><strong>vel</strong></span> <span class='ocrx_word' id='word_1_577' title='bbox 2932 4443 3220 4515; x_wconf 84' lang='lat' dir='ltr'><strong>illegitime</strong></span> <span class='ocrx_word' id='word_1_578' title='bbox 3258 4443 3497 4512; x_wconf 89' lang='lat' dir='ltr'><strong>quisque</strong></span> <span class='ocrx_word' id='word_1_579' title='bbox 3532 4453 3654 4491; x_wconf 84' lang='lat' dir='ltr'><strong>ver-</strong></span> 
     </span>
    </p>
   </div>
   <div class='ocr_carea' id='block_1_43' title="bbox 384 4528 3657 4612">
    <p class='ocr_par' dir='ltr' id='par_1_43' title="bbox 384 4528 3657 4612">
     <span class='ocr_line' id='line_1_43' title="bbox 384 4528 3657 4612; baseline -0.002 -25"><span class='ocrx_word' id='word_1_580' title='bbox 384 4539 560 4587; x_wconf 84' lang='lat' dir='ltr'><strong>satur.</strong></span> <span class='ocrx_word' id='word_1_581' title='bbox 600 4529 810 4586; x_wconf 91' lang='lat' dir='ltr'><strong>Dicitur</strong></span> <span class='ocrx_word' id='word_1_582' title='bbox 838 4546 1005 4602; x_wconf 88' lang='lat' dir='ltr'><strong>porro</strong></span> <span class='ocrx_word' id='word_1_583' title='bbox 1027 4531 1193 4586; x_wconf 89' lang='lat' dir='ltr'><strong>etiam</strong></span> <span class='ocrx_word' id='word_1_584' title='bbox 1222 4532 1630 4593; x_wconf 85' lang='lat' dir='ltr'><strong>Pentateuchus</strong></span> <span class='ocrx_word' id='word_1_585' title='bbox 1674 4538 1785 4606; x_wconf 77' lang='lat' dir='ltr'><strong>lex,</strong></span> <span class='ocrx_word' id='word_1_586' title='bbox 1814 4542 1975 4612; x_wconf 87' lang='lat' dir='ltr'><strong>cujus</strong></span> <span class='ocrx_word' id='word_1_587' title='bbox 2005 4541 2256 4597; x_wconf 87' lang='lat' dir='ltr'><strong>definitio</strong></span> <span class='ocrx_word' id='word_1_588' title='bbox 2305 4539 2432 4593; x_wconf 90' lang='lat' dir='ltr'><strong>talis</strong></span> <span class='ocrx_word' id='word_1_589' title='bbox 2463 4546 2572 4593; x_wconf 92' lang='lat' dir='ltr'><strong>est.</strong></span> <span class='ocrx_word' id='word_1_590' title='bbox 2622 4536 2714 4590; x_wconf 84' lang='lat' dir='ltr'><strong>Est</strong></span> <span class='ocrx_word' id='word_1_591' title='bbox 2763 4532 3195 4589; x_wconf 85' lang='lat' dir='ltr'><strong>commentarius</strong></span> <span class='ocrx_word' id='word_1_592' title='bbox 3232 4528 3302 4583; x_wconf 89' lang='lat' dir='ltr'><strong>de</strong></span> <span class='ocrx_word' id='word_1_593' title='bbox 3353 4530 3523 4582; x_wconf 90' lang='lat' dir='ltr'><strong>rebus</strong></span> <span class='ocrx_word' id='word_1_594' title='bbox 3568 4541 3657 4580; x_wconf 85' lang='lat' dir='ltr'><strong>sa-</strong></span> 
     </span>
    </p>
   </div>
   <div class='ocr_carea' id='block_1_44' title="bbox 384 4617 3657 4703">
    <p class='ocr_par' dir='ltr' id='par_1_44' title="bbox 384 4617 3657 4703">
     <span class='ocr_line' id='line_1_44' title="bbox 384 4617 3657 4703; baseline -0.002 -29"><span class='ocrx_word' id='word_1_595' title='bbox 384 4619 496 4674; x_wconf 90' lang='lat' dir='ltr'><strong>cris</strong></span> <span class='ocrx_word' id='word_1_596' title='bbox 553 4634 619 4674; x_wconf 89' lang='lat' dir='ltr'><strong>ac</strong></span> <span class='ocrx_word' id='word_1_597' title='bbox 654 4619 866 4675; x_wconf 85' lang='lat' dir='ltr'><strong>sanctis</strong></span> <span class='ocrx_word' id='word_1_598' title='bbox 917 4618 1194 4689; x_wconf 84' lang='lat' dir='ltr'><strong>politicus.</strong></span> <span class='ocrx_word' id='word_1_599' title='bbox 1244 4620 1421 4687; x_wconf 87' lang='lat' dir='ltr'><strong>Quam</strong></span> <span class='ocrx_word' id='word_1_600' title='bbox 1453 4624 1525 4679; x_wconf 93' lang='lat' dir='ltr'><strong>ob</strong></span> <span class='ocrx_word' id='word_1_601' title='bbox 1554 4640 1780 4682; x_wconf 89' lang='lat' dir='ltr'><strong>causam</strong></span> <span class='ocrx_word' id='word_1_602' title='bbox 1810 4644 1944 4684; x_wconf 87' lang='lat' dir='ltr'><strong>vero</strong></span> <span class='ocrx_word' id='word_1_603' title='bbox 1996 4630 2465 4685; x_wconf 77' lang='lat' dir='ltr'><strong>Deuleronomium</strong></span> <span class='ocrx_word' id='word_1_604' title='bbox 2504 4627 2810 4703; x_wconf 82' lang='lat' dir='ltr'><strong>appelletur</strong></span> <span class='ocrx_word' id='word_1_605' title='bbox 2837 4664 2850 4687; x_wconf 90' lang='lat'><strong>,</strong></span> <span class='ocrx_word' id='word_1_606' title='bbox 2888 4624 3006 4693; x_wconf 90' lang='lat' dir='ltr'><strong>ipse</strong></span> <span class='ocrx_word' id='word_1_607' title='bbox 3048 4617 3150 4676; x_wconf 78' lang='lat' dir='ltr'><strong>rios</strong></span> <span class='ocrx_word' id='word_1_608' title='bbox 3211 4618 3393 4674; x_wconf 82' lang='lat' dir='ltr'><strong>Moses</strong></span> <span class='ocrx_word' id='word_1_609' title='bbox 3422 4617 3657 4675; x_wconf 75' lang='lat' dir='ltr'><strong>edocuit</strong></span> 
     </span>
    </p>
   </div>
   <div class='ocr_carea' id='block_1_45' title="bbox 384 4705 3655 4790">
    <p class='ocr_par' dir='ltr' id='par_1_45' title="bbox 384 4705 3655 4790">
     <span class='ocr_line' id='line_1_45' title="bbox 384 4705 3655 4790; baseline -0.002 -26"><span class='ocrx_word' id='word_1_610' title='bbox 384 4720 510 4765; x_wconf 76' lang='lat' dir='ltr'><strong>eum</strong></span> <span class='ocrx_word' id='word_1_611' title='bbox 555 4706 773 4777; x_wconf 88' lang='lat' dir='ltr'><strong>inquit:</strong></span> <span class='ocrx_word' id='word_1_612' title='bbox 818 4725 836 4758; x_wconf 74' lang='grc' dir='ltr'>ι</span> <span class='ocrx_word' id='word_1_613' title='bbox 875 4705 1001 4771; x_wconf 67' lang='lat' dir='ltr'><strong>Haec</strong></span> <span class='ocrx_word' id='word_1_614' title='bbox 1056 4714 1187 4760; x_wconf 91' lang='lat' dir='ltr'><strong>sunt</strong></span> <span class='ocrx_word' id='word_1_615' title='bbox 1241 4710 1410 4764; x_wconf 87' lang='lat' dir='ltr'><strong>verba</strong></span> <span class='ocrx_word' id='word_1_616' title='bbox 1464 4709 1689 4769; x_wconf 70' lang='lat' dir='ltr'><strong>fmderis</strong></span> <span class='ocrx_word' id='word_1_617' title='bbox 1718 4730 1840 4784; x_wconf 82' lang='lat' dir='ltr'><strong>quae</strong></span> <span class='ocrx_word' id='word_1_618' title='bbox 1873 4716 2140 4774; x_wconf 89' lang='lat' dir='ltr'><strong>Dominus</strong></span> <span class='ocrx_word' id='word_1_619' title='bbox 2167 4718 2428 4790; x_wconf 79' lang='lat' dir='ltr'><strong>praecepit</strong></span> <span class='ocrx_word' id='word_1_620' title='bbox 2461 4715 2597 4771; x_wconf 84' lang='lat' dir='ltr'><strong>Mosi</strong></span> <span class='ocrx_word' id='word_1_621' title='bbox 2650 4715 2945 4787; x_wconf 82' lang='lat' dir='ltr'><strong>perhibere</strong></span> <span class='ocrx_word' id='word_1_622' title='bbox 2993 4710 3119 4765; x_wconf 89' lang='lat' dir='ltr'><strong>filiis</strong></span> <span class='ocrx_word' id='word_1_623' title='bbox 3169 4708 3339 4765; x_wconf 86' lang='lat' dir='ltr'><strong>Israel</strong></span> <span class='ocrx_word' id='word_1_624' title='bbox 3381 4707 3439 4761; x_wconf 90' lang='lat' dir='ltr'><strong>in</strong></span> <span class='ocrx_word' id='word_1_625' title='bbox 3503 4713 3655 4760; x_wconf 89' lang='lat' dir='ltr'><strong>terra</strong></span> 
     </span>
    </p>
   </div>
   <div class='ocr_carea' id='block_1_46' title="bbox 381 4792 2276 4873">
    <p class='ocr_par' dir='ltr' id='par_1_46' title="bbox 381 4792 2276 4873">
     <span class='ocr_line' id='line_1_46' title="bbox 381 4792 2276 4873; baseline 0.006 -27"><span class='ocrx_word' id='word_1_626' title='bbox 381 4792 563 4860; x_wconf 86' lang='lat' dir='ltr'><strong>Moab,</strong></span> <span class='ocrx_word' id='word_1_627' title='bbox 594 4801 795 4864; x_wconf 67' lang='lat' dir='ltr'><strong>praeter</strong></span> <span class='ocrx_word' id='word_1_628' title='bbox 824 4792 958 4848; x_wconf 91' lang='lat' dir='ltr'><strong>illud</strong></span> <span class='ocrx_word' id='word_1_629' title='bbox 1000 4792 1181 4849; x_wconf 73' lang='lat' dir='ltr'><strong>foedus</strong></span> <span class='ocrx_word' id='word_1_630' title='bbox 1227 4796 1376 4866; x_wconf 87' lang='lat' dir='ltr'><strong>quod</strong></span> <span class='ocrx_word' id='word_1_631' title='bbox 1408 4812 1532 4852; x_wconf 92' lang='lat' dir='ltr'><strong>cum</strong></span> <span class='ocrx_word' id='word_1_632' title='bbox 1568 4800 1650 4856; x_wconf 87' lang='lat' dir='ltr'><strong>eis</strong></span> <span class='ocrx_word' id='word_1_633' title='bbox 1680 4803 1892 4873; x_wconf 82' lang='lat' dir='ltr'><strong>pepigit</strong></span> <span class='ocrx_word' id='word_1_634' title='bbox 1928 4804 1983 4860; x_wconf 91' lang='lat' dir='ltr'><strong>in</strong></span> <span class='ocrx_word' id='word_1_635' title='bbox 2012 4808 2221 4864; x_wconf 87' lang='lat' dir='ltr'><strong>Horeb.</strong></span> <span class='ocrx_word' id='word_1_636' title='bbox 2258 4824 2276 4857; x_wconf 83' lang='grc'><strong>›</strong></span> 
     </span>
    </p>
   </div>
   <div class='ocr_carea' id='block_1_47' title="bbox 464 4884 2047 4963">
    <p class='ocr_par' dir='ltr' id='par_1_47' title="bbox 464 4886 2042 4963">
     <span class='ocr_line' id='line_1_47' title="bbox 464 4886 2042 4963; baseline 0.006 -21"><span class='ocrx_word' id='word_1_637' title='bbox 464 4887 821 4942; x_wconf 82' lang='grc' dir='ltr'><strong>Ἱκανούσθω</strong></span> <span class='ocrx_word' id='word_1_638' title='bbox 848 4886 992 4955; x_wconf 79' lang='grc' dir='ltr'><strong>ὑμῖν</strong></span> <span class='ocrx_word' id='word_1_639' title='bbox 1031 4887 1333 4943; x_wconf 81' lang='grc' dir='ltr'><strong>κατοικεῖν</strong></span> <span class='ocrx_word' id='word_1_640' title='bbox 1365 4890 1436 4943; x_wconf 82' lang='grc' dir='ltr'><strong>ἐν</strong></span> <span class='ocrx_word' id='word_1_641' title='bbox 1478 4890 1558 4957; x_wconf 81' lang='grc' dir='ltr'><strong>τῷ</strong></span> <span class='ocrx_word' id='word_1_642' title='bbox 1604 4894 1723 4962; x_wconf 79' lang='grc' dir='ltr'><strong>ὄρει</strong></span> <span class='ocrx_word' id='word_1_643' title='bbox 1749 4897 1960 4963; x_wconf 82' lang='grc' dir='ltr'><strong>τούτῳ.</strong></span> <span class='ocrx_word' id='word_1_644' title='bbox 1996 4905 2042 4961; x_wconf 74' lang='grc' dir='ltr'>Α</span> 
     </span>
    </p>
   </div>
   <div class='ocr_carea' id='block_1_48' title="bbox 2072 4884 3655 4963">
    <p class='ocr_par' dir='ltr' id='par_1_48' title="bbox 2140 4884 3655 4960">
     <span class='ocr_line' id='line_1_48' title="bbox 2140 4884 3655 4960; baseline -0.011 -5"><span class='ocrx_word' id='word_1_645' title='bbox 2140 4899 2286 4957; x_wconf 78' lang='lat' dir='ltr'><strong>Satis</strong></span> <span class='ocrx_word' id='word_1_646' title='bbox 2313 4900 2380 4953; x_wconf 81' lang='lat' dir='ltr'><strong>sit</strong></span> <span class='ocrx_word' id='word_1_647' title='bbox 2411 4898 2553 4951; x_wconf 76' lang='lat' dir='ltr'><strong>vobis</strong></span> <span class='ocrx_word' id='word_1_648' title='bbox 2590 4895 2837 4949; x_wconf 79' lang='lat' dir='ltr'><strong>habitare</strong></span> <span class='ocrx_word' id='word_1_649' title='bbox 2862 4895 2913 4946; x_wconf 84' lang='lat' dir='ltr'><strong>in</strong></span> <span class='ocrx_word' id='word_1_650' title='bbox 2946 4899 3125 4945; x_wconf 84' lang='lat' dir='ltr'><strong>monte</strong></span> <span class='ocrx_word' id='word_1_651' title='bbox 3155 4892 3280 4945; x_wconf 73' lang='lat' dir='ltr'><strong>isto.</strong></span> <span class='ocrx_word' id='word_1_652' title='bbox 3315 4887 3382 4960; x_wconf 81' lang='lat' dir='ltr'><strong>[l,</strong></span> <span class='ocrx_word' id='word_1_653' title='bbox 3407 4884 3489 4958; x_wconf 84' lang='lat'><strong>6.]</strong></span> <span class='ocrx_word' id='word_1_654' title='bbox 3520 4885 3655 4939; x_wconf 78' lang='lat' dir='ltr'><strong>Nus-</strong></span> 
     </span>
    </p>
   </div>
   <div class='ocr_carea' id='block_1_49' title="bbox 384 4978 1967 5062">
    <p class='ocr_par' dir='ltr' id='par_1_49' title="bbox 384 4978 1967 5056">
     <span class='ocr_line' id='line_1_49' title="bbox 384 4978 1967 5056; baseline 0.005 -24"><span class='ocrx_word' id='word_1_655' title='bbox 384 4978 637 5051; x_wconf 81' lang='grc' dir='ltr'><strong>Οὒδαμοῦ</strong></span> <span class='ocrx_word' id='word_1_656' title='bbox 676 4980 1001 5050; x_wconf 78' lang='grc' dir='ltr'><strong>προείρηται</strong></span> <span class='ocrx_word' id='word_1_657' title='bbox 1048 4979 1208 5034; x_wconf 75' lang='grc' dir='ltr'>τοῦτο</span> <span class='ocrx_word' id='word_1_658' title='bbox 1262 4981 1473 5051; x_wconf 77' lang='grc' dir='ltr'><strong>σαφῶς,</strong></span> <span class='ocrx_word' id='word_1_659' title='bbox 1527 4984 1577 5036; x_wconf 76' lang='grc' dir='ltr'><strong>ει</strong></span> <span class='ocrx_word' id='word_1_660' title='bbox 1628 4985 1877 5056; x_wconf 77' lang='grc' dir='ltr'><strong>μὴκατὰ</strong></span> <span class='ocrx_word' id='word_1_661' title='bbox 1906 4988 1967 5040; x_wconf 85' lang='grc' dir='ltr'>τὸ</span> 
     </span>
    </p>
   </div>
   <div class='ocr_carea' id='block_1_50' title="bbox 2069 4978 3652 5062">
    <p class='ocr_par' dir='ltr' id='par_1_50' title="bbox 2070 4980 3652 5062">
     <span class='ocr_line' id='line_1_50' title="bbox 2070 4980 3652 5062; baseline -0.009 -18"><span class='ocrx_word' id='word_1_662' title='bbox 2070 5008 2236 5062; x_wconf 88' lang='lat' dir='ltr'><strong>quam</strong></span> <span class='ocrx_word' id='word_1_663' title='bbox 2296 4991 2398 5045; x_wconf 90' lang='lat' dir='ltr'><strong>hoc</strong></span> <span class='ocrx_word' id='word_1_664' title='bbox 2456 4988 2747 5044; x_wconf 85' lang='lat' dir='ltr'><strong>manifeste</strong></span> <span class='ocrx_word' id='word_1_665' title='bbox 2799 4997 2883 5040; x_wconf 89' lang='lat' dir='ltr'><strong>est</strong></span> <span class='ocrx_word' id='word_1_666' title='bbox 2923 4983 3270 5055; x_wconf 63' lang='lat' dir='ltr'><strong>przcdictnm,</strong></span> <span class='ocrx_word' id='word_1_667' title='bbox 3332 4980 3438 5035; x_wconf 90' lang='lat' dir='ltr'><strong>nisi</strong></span> <span class='ocrx_word' id='word_1_668' title='bbox 3497 4980 3652 5047; x_wconf 76' lang='lat' dir='ltr'><strong>juxta</strong></span> 
     </span>
    </p>
   </div>
   <div class='ocr_carea' id='block_1_51' title="bbox 383 5071 1966 5153">
    <p class='ocr_par' dir='ltr' id='par_1_51' title="bbox 383 5071 1966 5149">
     <span class='ocr_line' id='line_1_51' title="bbox 383 5071 1966 5149; baseline 0.004 -24"><span class='ocrx_word' id='word_1_669' title='bbox 383 5071 789 5144; x_wconf 78' lang='grc' dir='ltr'><strong>Σαμαρειτικὸν</strong></span> <span class='ocrx_word' id='word_1_670' title='bbox 842 5072 1005 5141; x_wconf 69' lang='grc' dir='ltr'>μόνον</span> <span class='ocrx_word' id='word_1_671' title='bbox 1040 5072 1377 5145; x_wconf 75' lang='grc' dir='ltr'><strong>ἀντίγραφον</strong></span> <span class='ocrx_word' id='word_1_672' title='bbox 1411 5074 1471 5128; x_wconf 83' lang='grc' dir='ltr'><strong>ὲν</strong></span> <span class='ocrx_word' id='word_1_673' title='bbox 1526 5078 1640 5141; x_wconf 83' lang='grc' dir='ltr'><strong>τοῖς</strong></span> <span class='ocrx_word' id='word_1_674' title='bbox 1687 5078 1966 5149; x_wconf 78' lang='grc' dir='ltr'><strong>Ἀριθμοῖς</strong></span> 
     </span>
    </p>
   </div>
   <div class='ocr_carea' id='block_1_52' title="bbox 2071 5071 3654 5153">
    <p class='ocr_par' dir='ltr' id='par_1_52' title="bbox 2071 5071 3654 5153">
     <span class='ocr_line' id='line_1_52' title="bbox 2071 5071 3654 5153; baseline -0.013 -13"><span class='ocrx_word' id='word_1_675' title='bbox 2071 5085 2350 5153; x_wconf 86' lang='lat' dir='ltr'><strong>exemplar</strong></span> <span class='ocrx_word' id='word_1_676' title='bbox 2407 5082 2797 5137; x_wconf 70' lang='lat' dir='ltr'><strong>Samariticum</strong></span> <span class='ocrx_word' id='word_1_677' title='bbox 2839 5087 3053 5132; x_wconf 86' lang='lat' dir='ltr'><strong>tantum</strong></span> <span class='ocrx_word' id='word_1_678' title='bbox 3106 5075 3161 5129; x_wconf 92' lang='lat' dir='ltr'><strong>in</strong></span> <span class='ocrx_word' id='word_1_679' title='bbox 3212 5071 3490 5136; x_wconf 82' lang='lat' dir='ltr'><strong>Numeris,</strong></span> <span class='ocrx_word' id='word_1_680' title='bbox 3535 5076 3654 5139; x_wconf 75' lang='lat' dir='ltr'><strong>post</strong></span> 
     </span>
    </p>
   </div>
   <div class='ocr_carea' id='block_1_53' title="bbox 386 5161 1969 5243">
    <p class='ocr_par' dir='ltr' id='par_1_53' title="bbox 386 5162 1966 5238">
     <span class='ocr_line' id='line_1_53' title="bbox 386 5162 1966 5238; baseline 0.003 -20"><span class='ocrx_word' id='word_1_681' title='bbox 386 5164 528 5235; x_wconf 82' lang='grc' dir='ltr'><strong>μετὰ</strong></span> <span class='ocrx_word' id='word_1_682' title='bbox 553 5164 644 5217; x_wconf 87' lang='grc' dir='ltr'><strong>τὸν</strong></span> <span class='ocrx_word' id='word_1_683' title='bbox 668 5165 800 5237; x_wconf 75' lang='grc' dir='ltr'>περὶ</span> <span class='ocrx_word' id='word_1_684' title='bbox 829 5162 938 5218; x_wconf 81' lang='grc' dir='ltr'><strong>τῶν</strong></span> <span class='ocrx_word' id='word_1_685' title='bbox 964 5162 1076 5218; x_wconf 84' lang='grc' dir='ltr'><strong>δύω</strong></span> <span class='ocrx_word' id='word_1_686' title='bbox 1102 5165 1423 5234; x_wconf 78' lang='grc' dir='ltr'><strong>σαλπίγγων</strong></span> <span class='ocrx_word' id='word_1_687' title='bbox 1458 5167 1618 5238; x_wconf 84' lang='grc' dir='ltr'>νόμον</span> <span class='ocrx_word' id='word_1_688' title='bbox 1641 5186 1655 5199; x_wconf 74' lang='grc' dir='ltr'><strong><em>ο</em></strong></span> <span class='ocrx_word' id='word_1_689' title='bbox 1689 5170 1747 5223; x_wconf 87' lang='grc' dir='ltr'><strong>ἐν</strong></span> <span class='ocrx_word' id='word_1_690' title='bbox 1767 5169 1824 5222; x_wconf 82' lang='grc' dir='ltr'><strong>δὲ</strong></span> <span class='ocrx_word' id='word_1_691' title='bbox 1855 5173 1966 5234; x_wconf 83' lang='grc' dir='ltr'><strong>τοῖς</strong></span> 
     </span>
    </p>
   </div>
   <div class='ocr_carea' id='block_1_54' title="bbox 2070 5161 3653 5243">
    <p class='ocr_par' dir='ltr' id='par_1_54' title="bbox 2070 5161 3653 5243">
     <span class='ocr_line' id='line_1_54' title="bbox 2070 5161 3653 5243; baseline -0.015 -13"><span class='ocrx_word' id='word_1_692' title='bbox 2070 5175 2301 5231; x_wconf 87' lang='lat' dir='ltr'><strong>duarum</strong></span> <span class='ocrx_word' id='word_1_693' title='bbox 2343 5175 2599 5229; x_wconf 88' lang='lat' dir='ltr'><strong>tubarum</strong></span> <span class='ocrx_word' id='word_1_694' title='bbox 2630 5173 2805 5243; x_wconf 87' lang='lat' dir='ltr'><strong>legem</strong></span> <span class='ocrx_word' id='word_1_695' title='bbox 2841 5186 2854 5223; x_wconf 90' lang='lat'>:</span> <span class='ocrx_word' id='word_1_696' title='bbox 2886 5178 3142 5223; x_wconf 83' lang='lat' dir='ltr'><strong>caeterum</strong></span> <span class='ocrx_word' id='word_1_697' title='bbox 3183 5166 3235 5218; x_wconf 92' lang='lat' dir='ltr'><strong>in</strong></span> <span class='ocrx_word' id='word_1_698' title='bbox 3276 5161 3524 5218; x_wconf 86' lang='lat' dir='ltr'><strong>Judaicis</strong></span> <span class='ocrx_word' id='word_1_699' title='bbox 3556 5177 3653 5229; x_wconf 80' lang='lat' dir='ltr'><strong>[m-</strong></span> 
     </span>
    </p>
   </div>
   <div class='ocr_carea' id='block_1_55' title="bbox 396 5252 1979 5339">
    <p class='ocr_par' dir='ltr' id='par_1_55' title="bbox 396 5256 1966 5334">
     <span class='ocr_line' id='line_1_55' title="bbox 396 5256 1966 5334; baseline 0.005 -23"><span class='ocrx_word' id='word_1_700' title='bbox 396 5257 731 5321; x_wconf 78' lang='grc' dir='ltr'><strong>Ἰουδαϊκοῖς,</strong></span> <span class='ocrx_word' id='word_1_701' title='bbox 756 5256 985 5328; x_wconf 82' lang='grc' dir='ltr'>δυνάμει</span> <span class='ocrx_word' id='word_1_702' title='bbox 1008 5260 1233 5311; x_wconf 78' lang='grc' dir='ltr'><strong>νοεῖται.</strong></span> <span class='ocrx_word' id='word_1_703' title='bbox 1275 5259 1366 5313; x_wconf 85' lang='grc' dir='ltr'><strong>Ἐν</strong></span> <span class='ocrx_word' id='word_1_704' title='bbox 1386 5259 1462 5329; x_wconf 82' lang='grc' dir='ltr'><strong>τῷ</strong></span> <span class='ocrx_word' id='word_1_705' title='bbox 1488 5260 1598 5331; x_wconf 77' lang='grc' dir='ltr'><strong>γὰρ</strong></span> <span class='ocrx_word' id='word_1_706' title='bbox 1624 5265 1800 5316; x_wconf 80' lang='grc' dir='ltr'>εἰπεῖν</span> <span class='ocrx_word' id='word_1_707' title='bbox 1829 5266 1966 5334; x_wconf 78' lang='grc' dir='ltr'>μετὰ</span> 
     </span>
    </p>
   </div>
   <div class='ocr_carea' id='block_1_56' title="bbox 2067 5252 3650 5339">
    <p class='ocr_par' dir='ltr' id='par_1_56' title="bbox 2067 5252 3650 5339">
     <span class='ocr_line' id='line_1_56' title="bbox 2067 5252 3650 5339; baseline -0.012 -16"><span class='ocrx_word' id='word_1_708' title='bbox 2067 5270 2240 5325; x_wconf 89' lang='lat' dir='ltr'><strong>tentia</strong></span> <span class='ocrx_word' id='word_1_709' title='bbox 2266 5268 2613 5339; x_wconf 83' lang='lat' dir='ltr'><strong>intelligitur.</strong></span> <span class='ocrx_word' id='word_1_710' title='bbox 2649 5266 2763 5319; x_wconf 80' lang='lat' dir='ltr'><strong>Hoc</strong></span> <span class='ocrx_word' id='word_1_711' title='bbox 2785 5263 2932 5318; x_wconf 89' lang='lat' dir='ltr'><strong>enim</strong></span> <span class='ocrx_word' id='word_1_712' title='bbox 2956 5260 3102 5332; x_wconf 89' lang='lat' dir='ltr'><strong>quod</strong></span> <span class='ocrx_word' id='word_1_713' title='bbox 3135 5257 3271 5319; x_wconf 67' lang='lat' dir='ltr'><strong>dicit</strong></span> <span class='ocrx_word' id='word_1_714' title='bbox 3305 5263 3427 5324; x_wconf 86' lang='lat' dir='ltr'><strong>post</strong></span> <span class='ocrx_word' id='word_1_715' title='bbox 3457 5252 3650 5307; x_wconf 76' lang='lat' dir='ltr'><strong>tubas:</strong></span> 
     </span>
    </p>
   </div>
   <div class='ocr_carea' id='block_1_57' title="bbox 312 5347 1895 5425">
    <p class='ocr_par' dir='ltr' id='par_1_57' title="bbox 312 5347 1894 5425">
     <span class='ocr_line' id='line_1_57' title="bbox 312 5347 1894 5425; baseline 0.003 -23"><span class='ocrx_word' id='word_1_716' title='bbox 312 5365 318 5370; x_wconf 92' lang='grc'>·</span> <span class='ocrx_word' id='word_1_717' title='bbox 394 5347 483 5416; x_wconf 44' lang='grc' dir='ltr'><strong>ᾳὰς</strong></span> <span class='ocrx_word' id='word_1_718' title='bbox 512 5348 843 5416; x_wconf 80' lang='grc' dir='ltr'><strong>σάλπιγγας,</strong></span> <span class='ocrx_word' id='word_1_719' title='bbox 877 5366 896 5398; x_wconf 74' lang='grc' dir='ltr'>ι</span> <span class='ocrx_word' id='word_1_720' title='bbox 940 5348 1049 5400; x_wconf 84' lang='grc' dir='ltr'><strong>Καὶ</strong></span> <span class='ocrx_word' id='word_1_721' title='bbox 1080 5348 1282 5420; x_wconf 80' lang='grc' dir='ltr'><strong>ἐξῆραν</strong></span> <span class='ocrx_word' id='word_1_722' title='bbox 1310 5351 1362 5403; x_wconf 80' lang='grc' dir='ltr'>οἰ</span> <span class='ocrx_word' id='word_1_723' title='bbox 1387 5351 1494 5404; x_wconf 79' lang='grc' dir='ltr'><strong>υἱοὶ</strong></span> <span class='ocrx_word' id='word_1_724' title='bbox 1540 5352 1776 5425; x_wconf 83' lang='grc' dir='ltr'><strong>Ἰσραὴλ,</strong></span> <span class='ocrx_word' id='word_1_725' title='bbox 1811 5374 1830 5408; x_wconf 77' lang='grc' dir='ltr'><strong><em>ι</em></strong></span> <span class='ocrx_word' id='word_1_726' title='bbox 1866 5354 1894 5406; x_wconf 88' lang='grc' dir='ltr'>δ</span> 
     </span>
    </p>
   </div>
   <div class='ocr_carea' id='block_1_58' title="bbox 2069 5347 3652 5425">
    <p class='ocr_par' dir='ltr' id='par_1_58' title="bbox 2075 5348 3652 5425">
     <span class='ocr_line' id='line_1_58' title="bbox 2075 5348 3652 5425; baseline -0.01 -10"><span class='ocrx_word' id='word_1_727' title='bbox 2075 5380 2094 5415; x_wconf 76' lang='grc'><strong>1</strong></span> <span class='ocrx_word' id='word_1_728' title='bbox 2136 5360 2203 5425; x_wconf 81' lang='lat' dir='ltr'><strong>Et</strong></span> <span class='ocrx_word' id='word_1_729' title='bbox 2231 5367 2520 5416; x_wconf 87' lang='lat' dir='ltr'><strong>moverunt</strong></span> <span class='ocrx_word' id='word_1_730' title='bbox 2548 5358 2639 5413; x_wconf 88' lang='lat' dir='ltr'><strong>filii</strong></span> <span class='ocrx_word' id='word_1_731' title='bbox 2668 5357 2837 5412; x_wconf 89' lang='lat' dir='ltr'><strong>Israel</strong></span> <span class='ocrx_word' id='word_1_732' title='bbox 2871 5356 2953 5421; x_wconf 75' lang='lat' dir='ltr'><strong>u;</strong></span> <span class='ocrx_word' id='word_1_733' title='bbox 2986 5373 3004 5406; x_wconf 68' lang='grc' dir='ltr'><strong><em>ι</em></strong></span> <span class='ocrx_word' id='word_1_734' title='bbox 3041 5357 3369 5423; x_wconf 80' lang='lat' dir='ltr'><strong>argumento</strong></span> <span class='ocrx_word' id='word_1_735' title='bbox 3403 5348 3652 5417; x_wconf 74' lang='lat' dir='ltr'><strong>estquod</strong></span> 
     </span>
    </p>
   </div>
   <div class='ocr_carea' id='block_1_59' title="bbox 385 5440 1968 5526">
    <p class='ocr_par' dir='ltr' id='par_1_59' title="bbox 385 5440 1963 5519">
     <span class='ocr_line' id='line_1_59' title="bbox 385 5440 1963 5519; baseline 0.005 -25"><span class='ocrx_word' id='word_1_736' title='bbox 385 5443 467 5495; x_wconf 75' lang='grc' dir='ltr'><strong>Λοῖ</strong></span> <span class='ocrx_word' id='word_1_737' title='bbox 486 5441 563 5505; x_wconf 81' lang='grc' dir='ltr'><strong>ὡς</strong></span> <span class='ocrx_word' id='word_1_738' title='bbox 595 5442 689 5496; x_wconf 82' lang='grc' dir='ltr'><strong>τοῦ</strong></span> <span class='ocrx_word' id='word_1_739' title='bbox 729 5440 868 5495; x_wconf 77' lang='grc' dir='ltr'><strong>Θεοῦ</strong></span> <span class='ocrx_word' id='word_1_740' title='bbox 904 5440 1251 5507; x_wconf 83' lang='grc' dir='ltr'><strong>κωλύσαντος</strong></span> <span class='ocrx_word' id='word_1_741' title='bbox 1297 5444 1391 5497; x_wconf 74' lang='grc' dir='ltr'><strong>ἐπὶ</strong></span> <span class='ocrx_word' id='word_1_742' title='bbox 1434 5444 1595 5500; x_wconf 76' lang='grc' dir='ltr'><strong>πλέον</strong></span> <span class='ocrx_word' id='word_1_743' title='bbox 1623 5447 1963 5519; x_wconf 68' lang='grc' dir='ltr'><strong>ἐνδιατρῖψαι</strong></span> 
     </span>
    </p>
   </div>
   <div class='ocr_carea' id='block_1_60' title="bbox 1781 5440 3364 5526">
    <p class='ocr_par' dir='ltr' id='par_1_60' title="bbox 1781 5444 3364 5526">
     <span class='ocr_line' id='line_1_60' title="bbox 1781 5444 3364 5526; baseline -0.015 -6"><span class='ocrx_word' id='word_1_744' title='bbox 1781 5447 1963 5519; x_wconf 57' lang='grc' dir='ltr'><strong>τρίψαι</strong></span> <span class='ocrx_word' id='word_1_745' title='bbox 2073 5453 2216 5512; x_wconf 88' lang='lat' dir='ltr'><strong>Deus</strong></span> <span class='ocrx_word' id='word_1_746' title='bbox 2246 5453 2594 5526; x_wconf 87' lang='lat' dir='ltr'><strong>prohibuerit</strong></span> <span class='ocrx_word' id='word_1_747' title='bbox 2625 5451 2863 5522; x_wconf 74' lang='lat' dir='ltr'><strong>longius</strong></span> <span class='ocrx_word' id='word_1_748' title='bbox 2895 5464 2962 5503; x_wconf 91' lang='lat' dir='ltr'><strong>eo</strong></span> <span class='ocrx_word' id='word_1_749' title='bbox 2995 5448 3101 5502; x_wconf 89' lang='lat' dir='ltr'><strong>loci</strong></span> <span class='ocrx_word' id='word_1_750' title='bbox 3140 5444 3364 5499; x_wconf 87' lang='lat' dir='ltr'><strong>morari.</strong></span> 
     </span>
    </p>
   </div>
   <div class='ocr_carea' id='block_1_61' title="bbox 383 5532 2211 5602">
    <p class='ocr_par' dir='ltr' id='par_1_61' title="bbox 383 5532 2211 5602">
     <span class='ocr_line' id='line_1_61' title="bbox 383 5532 2211 5602; baseline 0.002 -18"><span class='ocrx_word' id='word_1_751' title='bbox 383 5532 461 5601; x_wconf 83' lang='grc' dir='ltr'>τῷ</span> <span class='ocrx_word' id='word_1_752' title='bbox 504 5532 665 5602; x_wconf 72' lang='grc' dir='ltr'>τόπῳ.</span> <span class='ocrx_word' id='word_1_753' title='bbox 2204 5554 2211 5559; x_wconf 88' lang='grc'>·</span> 
     </span>
    </p>
   </div>
   <div class='ocr_carea' id='block_1_62' title="bbox 458 5649 2041 5727">
    <p class='ocr_par' dir='ltr' id='par_1_62' title="bbox 458 5649 2041 5727">
     <span class='ocr_line' id='line_1_62' title="bbox 458 5649 2041 5727; baseline 0.004 -22"><span class='ocrx_word' id='word_1_754' title='bbox 458 5649 503 5727; x_wconf 55' lang='grc' dir='ltr'><strong>’ξ</strong></span> <span class='ocrx_word' id='word_1_755' title='bbox 538 5650 709 5727; x_wconf 78' lang='lat' dir='ltr'><strong>Exod.</strong></span> <span class='ocrx_word' id='word_1_756' title='bbox 740 5665 828 5713; x_wconf 78' lang='lat' dir='ltr'><strong>xx,</strong></span> <span class='ocrx_word' id='word_1_757' title='bbox 866 5652 965 5727; x_wconf 65' lang='lat' dir='ltr'><strong>-l2_;</strong></span> <span class='ocrx_word' id='word_1_758' title='bbox 996 5652 1351 5727; x_wconf 40' lang='lat' dir='ltr'><strong>Deut.‘vl,_5;</strong></span> <span class='ocrx_word' id='word_1_759' title='bbox 1384 5653 1576 5727; x_wconf 51' lang='lat' dir='ltr'><strong>Matth.</strong></span> <span class='ocrx_word' id='word_1_760' title='bbox 1615 5672 1748 5722; x_wconf 76' lang='lat' dir='ltr'><strong>xxii,</strong></span> <span class='ocrx_word' id='word_1_761' title='bbox 1786 5660 1874 5715; x_wconf 73' lang='lat'><strong>57.</strong></span> <span class='ocrx_word' id='word_1_762' title='bbox 1911 5660 1955 5691; x_wconf 81' lang='grc'><strong>⁸⁵</strong></span> <span class='ocrx_word' id='word_1_763' title='bbox 1990 5659 2041 5715; x_wconf 89' lang='lat' dir='ltr'><strong>E:</strong></span> 
     </span>
    </p>
   </div>
   <div class='ocr_carea' id='block_1_63' title="bbox 2062 5649 3645 5727">
    <p class='ocr_par' dir='ltr' id='par_1_63' title="bbox 2068 5658 3645 5727">
     <span class='ocr_line' id='line_1_63' title="bbox 2068 5658 3645 5727; baseline 0 -12"><span class='ocrx_word' id='word_1_764' title='bbox 2068 5662 2158 5715; x_wconf 88' lang='lat' dir='ltr'><strong>0d.</strong></span> <span class='ocrx_word' id='word_1_765' title='bbox 2192 5677 2281 5725; x_wconf 74' lang='lat' dir='ltr'><strong>xx,</strong></span> <span class='ocrx_word' id='word_1_766' title='bbox 2322 5663 2405 5724; x_wconf 81' lang='grc'><strong>15,</strong></span> <span class='ocrx_word' id='word_1_767' title='bbox 2434 5661 2534 5725; x_wconf 76' lang='lat' dir='ltr'><strong>H;</strong></span> <span class='ocrx_word' id='word_1_768' title='bbox 2574 5660 2731 5714; x_wconf 83' lang='lat' dir='ltr'><strong>Dent.</strong></span> <span class='ocrx_word' id='word_1_769' title='bbox 2767 5676 2818 5721; x_wconf 83' lang='grc' dir='ltr'><strong>γ,</strong></span> <span class='ocrx_word' id='word_1_770' title='bbox 2855 5658 2942 5725; x_wconf 81' lang='grc' dir='ltr'><strong>Π,</strong></span> <span class='ocrx_word' id='word_1_771' title='bbox 2983 5659 3048 5713; x_wconf 72' lang='grc'><strong>18</strong></span> <span class='ocrx_word' id='word_1_772' title='bbox 3078 5678 3090 5724; x_wconf 91' lang='grc'>;</span> <span class='ocrx_word' id='word_1_773' title='bbox 3126 5658 3318 5713; x_wconf 75' lang='lat' dir='ltr'><strong>Matth.</strong></span> <span class='ocrx_word' id='word_1_774' title='bbox 3350 5676 3398 5724; x_wconf 85' lang='grc' dir='ltr'><strong>ν,</strong></span> <span class='ocrx_word' id='word_1_775' title='bbox 3436 5660 3525 5727; x_wconf 61' lang='lat'><strong>2|,</strong></span> <span class='ocrx_word' id='word_1_776' title='bbox 3556 5660 3645 5715; x_wconf 73' lang='lat'><strong>‘27.</strong></span> 
     </span>
    </p>
   </div>
   <div class='ocr_carea' id='block_1_64' title="bbox 387 5722 1970 5847">
    <p class='ocr_par' dir='ltr' id='par_1_64' title="bbox 387 5722 1953 5847">
     <span class='ocr_line' id='line_1_64' title="bbox 387 5722 1953 5791; baseline 0.004 -15"><span class='ocrx_word' id='word_1_777' title='bbox 387 5722 433 5764; x_wconf 76' lang='grc'><strong>³⁸</strong></span> <span class='ocrx_word' id='word_1_778' title='bbox 474 5723 617 5777; x_wconf 83' lang='lat' dir='ltr'><strong>Psai.</strong></span> <span class='ocrx_word' id='word_1_779' title='bbox 674 5722 973 5787; x_wconf 73' lang='lat' dir='ltr'><strong>uxxvr,5.</strong></span> <span class='ocrx_word' id='word_1_780' title='bbox 1081 5724 1123 5757; x_wconf 90' lang='grc'>³⁷</span> <span class='ocrx_word' id='word_1_781' title='bbox 1165 5724 1306 5779; x_wconf 82' lang='lat' dir='ltr'><strong>Psal.</strong></span> <span class='ocrx_word' id='word_1_782' title='bbox 1352 5724 1542 5791; x_wconf 78' lang='lat' dir='ltr'><strong>Ix,20.</strong></span> <span class='ocrx_word' id='word_1_783' title='bbox 1657 5728 1701 5760; x_wconf 82' lang='grc'>³⁸</span> <span class='ocrx_word' id='word_1_784' title='bbox 1737 5729 1953 5784; x_wconf 75' lang='lat' dir='ltr'><strong>ibid.2l</strong></span> 
     </span>
     <span class='ocr_line' id='line_1_65' title="bbox 388 5791 1153 5847; baseline 0.001 0"><span class='ocrx_word' id='word_1_785' title='bbox 388 5793 436 5840; x_wconf 56' lang='grc' dir='ltr'><strong>δῖ</strong></span> <span class='ocrx_word' id='word_1_786' title='bbox 464 5793 623 5847; x_wconf 78' lang='lat' dir='ltr'><strong>Nunt.</strong></span> <span class='ocrx_word' id='word_1_787' title='bbox 657 5807 711 5847; x_wconf 81' lang='lat' dir='ltr'><strong>x.</strong></span> <span class='ocrx_word' id='word_1_788' title='bbox 743 5791 831 5846; x_wconf 71' lang='grc'><strong>12.</strong></span> <span class='ocrx_word' id='word_1_789' title='bbox 1140 5798 1153 5823; x_wconf 59' lang='grc' dir='ltr'>τ</span> 
     </span>
    </p>
   </div>
   <div class='ocr_carea' id='block_1_65' title="bbox 2061 5722 3644 5847">
    <p class='ocr_par' dir='ltr' id='par_1_65' title="bbox 2091 5722 3644 5800">
     <span class='ocr_line' id='line_1_66' title="bbox 2091 5722 3644 5800; baseline 0.001 -16"><span class='ocrx_word' id='word_1_790' title='bbox 2091 5733 2134 5764; x_wconf 66' lang='grc'><strong>³⁸</strong></span> <span class='ocrx_word' id='word_1_791' title='bbox 2178 5722 2318 5786; x_wconf 75' lang='lat' dir='ltr'><strong>Psul.</strong></span> <span class='ocrx_word' id='word_1_792' title='bbox 2351 5722 2400 5800; x_wconf 77' lang='lat' dir='ltr'><strong>v,</strong></span> <span class='ocrx_word' id='word_1_793' title='bbox 2436 5734 2487 5787; x_wconf 70' lang='grc' dir='ltr'><strong>ί).</strong></span> <span class='ocrx_word' id='word_1_794' title='bbox 2526 5722 2531 5725; x_wconf 56' lang='grc'><em>’</em></span> <span class='ocrx_word' id='word_1_795' title='bbox 2596 5731 2637 5762; x_wconf 63' lang='grc' dir='ltr'><strong>⁵ο</strong></span> <span class='ocrx_word' id='word_1_796' title='bbox 2662 5728 2825 5784; x_wconf 86' lang='lat' dir='ltr'><strong>Num.</strong></span> <span class='ocrx_word' id='word_1_797' title='bbox 2877 5722 3003 5798; x_wconf 55' lang='lat' dir='ltr'><strong>xiv,</strong></span> <span class='ocrx_word' id='word_1_798' title='bbox 3037 5722 3086 5784; x_wconf 62' lang='grc' dir='ltr'><strong>ϐξ</strong></span> <span class='ocrx_word' id='word_1_799' title='bbox 3208 5730 3246 5761; x_wconf 81' lang='lat'>“</span> <span class='ocrx_word' id='word_1_800' title='bbox 3285 5722 3453 5786; x_wconf 75' lang='lat' dir='ltr'><strong>ICDI‘.</strong></span> <span class='ocrx_word' id='word_1_801' title='bbox 3488 5722 3523 5795; x_wconf 75' lang='lat' dir='ltr'><strong>t,</strong></span> <span class='ocrx_word' id='word_1_802' title='bbox 3554 5731 3644 5787; x_wconf 58' lang='lat'><strong>2!.</strong></span> 
     </span>
    </p>
   </div>
   <div class='ocr_carea' id='block_1_66' title="bbox 429 5828 831 5859">
    <p class='ocr_par' dir='ltr' id='par_1_66' title="bbox 429 5828 831 5859">
     <span class='ocr_line' id='line_1_67' title="bbox 429 5828 831 5859; baseline -0.002 -12"><span class='ocrx_word' id='word_1_803' title='bbox 429 5835 436 5840; x_wconf 84' lang='grc'><strong>·</strong></span> <span class='ocrx_word' id='word_1_804' title='bbox 464 5828 623 5847; x_wconf 72' lang='grc' dir='ltr'><strong>ΔῚῐΙΙΙΙι</strong></span> <span class='ocrx_word' id='word_1_805' title='bbox 659 5828 711 5859; x_wconf 63' lang='grc' dir='ltr'><strong>Α,</strong></span> <span class='ocrx_word' id='word_1_806' title='bbox 746 5828 831 5846; x_wconf 67' lang='grc' dir='ltr'><strong>ι-.</strong></span> 
     </span>
    </p>
   </div>
  </div>
