4010 6230
424 295 537 359 895

1739 315 2092 380 PROCOPII
2131 321 2378 385 GAZEI
2954 379 2971 392 .
3593 333 3688 394 896

497 406 871 512 Ptirrolloreb
906 425 1264 512 repraesentat
1317 419 1524 476 cultum
1559 421 1786 492 legalem
1813 445 1828 495 ;
1853 429 1966 484 illic
2001 431 2146 488 enim
2195 434 2368 506 legem
2417 443 2769 509 acceperunt,
2811 452 2842 495 e
2877 451 2987 510 qua
3034 450 3156 495 sese
3191 453 3409 496 movere
3441 449 3687 512 tanquam

423 509 488 548 ex
519 496 712 551 umbra
747 497 816 552 ad
853 501 1167 570 v’eritalem,
1199 504 1488 574 jubentnr.

500 601 622 659 Non
672 615 854 674 potero
905 608 1050 664 solus
1111 613 1373 670 sustinere
1420 632 1531 673 vos.
1579 616 1724 692 [HL]
1775 620 1900 678 Haec
1955 623 2009 679 in

2190 631 2273 685 Οὐ
2308 610 2649 704 δυνήσομαι
2674 636 2864 705 μόνος
2892 636 3096 706 φέρειν
3132 635 3312 706 ὑμᾶς.
3339 634 3527 690 Ταῦτα
3553 640 3608 692 ἐν
3627 645 3686 712 τῇ

424 695 614 750 Exodo
675 698 956 755 adluerent
1004 703 1292 761 codicibus
1343 707 1716 768 Samariticis.
1775 714 2012 782 Quando

424 787 677 844 videlicet
703 805 862 846 socer
888 791 1054 850 Mosis
1082 797 1131 850 ei
1163 799 1466 868 consuluit,
1499 809 1559 859 ut
1587 805 1775 874 plures
1803 808 2012 877 princi-

425 894 518 948 pcs
552 880 867 952 reipublicae
889 886 1279 945 constitueret.
1319 891 1386 946 Et
1409 893 1464 947 in
1497 910 1716 950 summa
1745 913 1868 968 qua}
1888 915 2012 968 per-

423 971 680 1027 hibentur
709 975 935 1044 quidem
974 979 1122 1034 dicta
1155 996 1302 1051 csse,
1339 999 1449 1038 non
1487 1001 1613 1043 esse
1653 987 1803 1044 dicta
1835 992 2012 1045 mani-

423 1060 560 1117 feste
579 1064 635 1118 in
658 1064 1011 1126 Samariticis
1029 1075 1446 1143 exemplaribus
1485 1077 1784 1135 invenitur.
1811 1080 2011 1147 Quem-

420 1155 714 1212 admodum
751 1159 884 1216 illud
923 1178 1148 1234 quoque
1193 1168 1342 1236 quod
1381 1169 1474 1224 lilii
1507 1169 1677 1227 Israel
1706 1173 1774 1228 ad
1803 1174 2008 1230 Mosem

419 1246 487 1302 de
516 1250 968 1319 exploratoribus
1013 1256 1292 1325 dixerint,
1345 1276 1470 1315 cum
1516 1271 1697 1319 tamen
1746 1266 1862 1320 veri
1903 1281 2010 1320 non

419 1339 694 1399 dissimile
727 1346 820 1412 sit,
854 1362 952 1402 eos
980 1347 1290 1406 dillidentcs
1319 1353 1425 1408 Dco
1448 1361 1613 1410 terra:
1642 1359 2010 1427 cognitionem

421 1434 622 1492 habere
665 1439 934 1497 voluisse.
985 1443 1340 1516 Quapropter
1391 1464 1524 1504 sane
1555 1467 1679 1503 cum
1719 1451 1887 1506 Deum
1925 1453 2011 1507 in-

421 1535 756 1599 terrogaSset
789 1531 990 1596 Moses,
1035 1551 1146 1590 non
1187 1538 1308 1592 sine
1361 1538 1748 1608 indignatione
1798 1557 1862 1596 ac
1902 1541 2008 1597 fre-

423 1621 558 1674 mitu
591 1638 655 1676 ex
695 1624 790 1679 illo
821 1625 1020 1681 audit:
1057 1647 1078 1681 ι
1117 1629 1347 1686 Dimitte
1387 1633 1484 1688 tibi
1540 1635 1641 1703 ipsi
1699 1633 1872 1697 viros,
1915 1635 2008 1704 qui

419 1715 708 1783 explorent
749 1726 954 1774 terram
985 1721 1069 1790 “,
1121 1743 1138 1775 ι
1182 1734 1450 1797 tanquam
1501 1726 1762 1782 videlicet
1801 1726 2013 1783 dillide-

415 1813 523 1862 rct.

2130 723 2327 795 Ἐξόδῳ
2357 727 2686 798 πρόσκειται
2726 729 2840 792 τοῖς
2880 730 3300 800 Σαμαρειτικοῖς
3325 729 3687 802 ἀντιγράφοις,

2115 815 2204 870 ὅτε
2233 818 2326 871 καὶ
2347 821 2376 873 ὁ
2401 819 2665 893 πενθερὸς
2697 821 2846 893 αὐτῷ
2871 821 3262 876 συνεϐούλευσε
3292 825 3689 896 μερικωτέρους

2113 909 2386 982 ἄρχοντας
2435 915 2780 983 καταστῆσαι
2850 914 2962 969 Καὶ
3010 913 3265 978 καθόλου,
3307 915 3379 969 τὰ
3435 915 3689 987 λεγόμενα

2116 1002 2220 1072 μὲν
2253 1003 2534 1075 εἰρῆσθαι,
2559 1005 2636 1077 μὴ
2667 1006 2935 1078 εἰρημένα
2967 1007 3023 1060 δέ
3055 1006 3327 1078 φανερῶς,
3353 1008 3412 1062 ἐν
3445 1009 3556 1073 τοῖς
3589 1009 3686 1062 Σα-

2119 1098 2459 1165 μαρειτικοῖς
2517 1098 2880 1170 ἀντιγράφοις
2932 1097 3287 1173 εὑρίσκεταιο
3343 1099 3441 1153 καὶ
3479 1100 3540 1152 τὸ
3571 1101 3689 1174 περὶ

2113 1184 2224 1239 τῶν
2251 1185 2386 1240 υἱῶν
2431 1187 2670 1260 Ἰσραὴλ,
2697 1189 2774 1254 ὡς
2804 1189 2988 1245 αὐτῶν
3023 1190 3327 1260 εἰρηκότων
3373 1189 3452 1262 τῷ
3481 1191 3692 1245 Μωῦσεί

2114 1279 2374 1348 περὶτῶν
2397 1281 2788 1336 κατασκόπων.
2824 1282 2986 1346 Εἰκὸς
3021 1283 3132 1354 γὰρ
3157 1277 3226 1355 ἦν
3257 1285 3690 1348 ἀποστατοῦντας

2114 1365 2312 1430 αὐτοὺς
2343 1367 2422 1438 τῷ
2459 1367 2601 1436 Θεῷ,
2631 1369 2732 1441 τὴν
2771 1371 2877 1441 γῆν
2935 1372 3191 1442 ἐθελῆσαι
3243 1371 3458 1441 μαθεῖν.
3491 1372 3582 1426 Διὸ
3607 1373 3690 1427 καὶ

2114 1460 2494 1528 ἐρωτήσαντος
2526 1461 2808 1526 Μωῦσέως
2833 1463 2929 1517 τὸν
2960 1463 3116 1530 Θεὸν,
3151 1464 3272 1535 μετ’
3316 1463 3689 1536 ἐμϐριμήσεώς

2117 1567 2304 1619 φησιν,
2349 1569 2369 1601 ‹
2417 1551 2760 1608 Ἀπόστειλον
2793 1554 3007 1627 σεαυτῷ
3031 1554 3252 1626 ἄνδρας,
3295 1557 3396 1610 καὶ
3427 1573 3686 1610 κατασκε-

2119 1641 2415 1709 ψάσθωσαν
2442 1643 2539 1715 τὴν
2569 1644 2694 1714 γῆν,
2728 1663 2746 1697 ι
2793 1644 2870 1709 ὡς
2899 1644 2962 1718 δὴ
2994 1644 3420 1716 ἀπιστούμενος.

491 1922 562 1978 Et
584 1925 808 1994 pertulit
839 1934 888 1981 te
911 1925 1196 1983 Dominus.
1225 1928 1366 2002 [5L]
1405 1927 1771 2002 Symmachus
1808 1932 2041 1999 portavit
2097 1931 2196 1987 ait.
2232 1931 2290 1986 ld
2323 1947 2453 1987 vero
2485 1931 2706 2002 proprie
2737 1928 3016 2002 signiﬁcat
3047 1944 3252 2000 pueros
3283 1929 3600 1993 iracundos,
3627 1943 3684 1986 ac

419 2013 672 2069 irritatos
711 2029 956 2076 versare,
987 2031 1051 2070 ac
1093 2033 1204 2072 una
1247 2018 1632 2083 balbutiendo,
1671 2035 1906 2090 seseque
1939 2020 2052 2076 illis
2089 2020 2427 2076 demittenda
2461 2020 2764 2076 sustinere.
2805 2019 2900 2074 Sic
2944 2019 3092 2074 enim
3137 2016 3285 2074 Deus
3326 2017 3682 2074 inﬁrmitatem

417 2116 610 2156 eorum
640 2103 695 2156 in
727 2118 785 2158 se
811 2104 1088 2174 recipiens
1118 2105 1387 2175 paulatim
1419 2121 1516 2162 eos
1547 2107 1616 2161 ad
1647 2108 1847 2162 altiora
1875 2108 2090 2164 eduxit.

487 2214 554 2268 Et
586 2215 716 2269 mihi
737 2220 1040 2274 succensuit
1070 2219 1328 2274 Dominus
1344 2233 1560 2292 propter
1588 2240 1699 2278 vos.
1725 2223 1863 2296 [37.]
1892 2223 2006 2296 Ego

2178 2221 2288 2278 Καὶ
2322 2221 2452 2292 ἐμοὶ
2483 2221 2755 2292 ἐθυμώθη
2790 2223 3008 2290 Κύριος
3035 2221 3110 2276 δι’
3158 2221 3340 2292 ὑμᾶς.
3384 2222 3526 2292 Ἐγὼ
3568 2222 3684 2290 γὰρ,

417 2307 564 2362 cnim
597 2306 715 2378 ipse
745 2325 854 2365 non
887 2311 1094 2380 perﬁde
1122 2313 1234 2384 egi,
1266 2314 1470 2383 inquit,
1501 2323 1699 2371 vestra:
1723 2331 1856 2371 vero
1883 2332 2008 2386 per-

419 2401 560 2456 ﬁdiae
581 2416 706 2457 cum
743 2417 928 2458 essem
968 2405 1264 2477 impatiens
1299 2407 1493 2463 leviter
1517 2407 1584 2464 de
1620 2410 1778 2464 vobis
1810 2411 2002 2476 statui,

417 2493 692 2566 verbaque
721 2495 904 2553 eil'utii
935 2513 1057 2570 quae
1097 2499 1267 2556 talem
1309 2501 1642 2558 sententiam
1691 2511 1884 2558 contra
1921 2519 2006 2560 me

415 2586 748 2644 elicuerunt.

2115 2316 2302 2386 φησὶν,
2328 2315 2431 2368 οὐκ
2459 2314 2740 2383 ἠπείθησα
2773 2312 2852 2384 τῷ
2901 2313 3042 2384 Θεῷ,
3095 2314 3234 2369 ἀλλὰ
3281 2316 3383 2388 τὴν
3430 2315 3686 2386 ὑμετέραν

2113 2408 2428 2476 ἀντιλογίαν
2455 2408 2529 2478 μὴ
2563 2407 2750 2478 φέρων
2779 2407 2874 2462 καὶ
2918 2407 3229 2474 ἀπείθειαν,
3265 2408 3545 2483 ὀλιγώρως
3569 2407 3684 2477 περὶ

2113 2501 2259 2572 ὑμᾶς
2282 2499 2550 2570 διετέθην,
2579 2501 2674 2554 καὶ
2703 2501 2924 2571 ῥήματα
2948 2499 3308 2572 ἐφθεγξάμην
3347 2503 3448 2573 τὴν
3482 2500 3681 2570 ἀπόφαν-

2114 2611 2198 2648 σιν
2243 2593 2452 2666 ταύτην
2487 2593 2790 2664 κινήσαντα
2821 2592 2940 2648 κατ’
2974 2593 3134 2664 ἐμοῦ.

486 2699 698 2754 Armati
727 2701 1131 2772 proﬁciscimini
1167 2711 1291 2757 ante
1321 2703 1522 2772 fratres
1546 2713 1768 2759 vestros.
1801 2702 1890 2776 μὶ,
1916 2702 1998 2775 4.]
2035 2703 2286 2759 Edictum
2326 2703 2430 2760 hoc
2463 2712 2550 2760 est
2590 2705 2806 2760 duabus
2833 2707 3088 2762 tribubus
3119 2720 3244 2762 cum
3291 2705 3546 2762 dimidia.
3574 2703 3681 2761 Ca:-

417 2795 597 2841 ternm
627 2787 834 2843 inlimis
869 2789 1059 2860 prima:
1096 2789 1151 2844 in
1185 2790 1560 2861 promissione
1616 2791 1965 2846 deferuntur.
2001 2792 2210 2846 Idcirco
2240 2793 2332 2858 qui
2367 2809 2397 2847 a
2437 2791 2589 2848 Mose
2629 2792 2952 2849 haereditate
3005 2794 3181 2850 dotali
3231 2793 3478 2856 fuerant,
3533 2791 3680 2863 primi

419 2875 814 2945 promissionis
843 2887 1132 2947 compotes
1168 2877 1300 2934 facti
1324 2887 1476 2934 sunt.
1509 2879 1586 2934 De
1621 2879 2056 2951 pcrfcctioribus
2085 2879 2233 2934 enim
2264 2879 2472 2935 dictum
2510 2879 2642 2936 illud
2675 2891 2795 2937 est:
2827 2900 2847 2932 ι
2881 2882 2974 2938 Isti
2998 2898 3193 2940 omnes
3224 2882 3282 2938 in
3322 2880 3677 2940 testimonium

419 2964 642 3020 adducti
683 2981 791 3020 non
835 2973 1194 3035 reportarunt
1222 2969 1649 3038 promissiones,
1690 2989 1708 3021 ›
1750 2978 1804 3024 et
1839 2970 2077 3040 reliqua.

491 3077 617 3134 Non
640 3077 848 3134 addetis
888 3079 958 3134 ad
993 3079 1226 3135 verbum.
1261 3080 1387 3153 [W7
1405 3081 1489 3154 2.]
1529 3083 1658 3138 Item
1683 3083 1850 3154 paulo
1880 3089 2005 3154 post

419 3171 565 3226 dicet
601 3190 616 3227 :
655 3190 672 3222 ι
697 3170 816 3226 Non
846 3171 1156 3228 declinabis
1180 3174 1266 3228 vel
1308 3174 1377 3228 ad
1418 3174 1702 3230 dexteram
1752 3175 1836 3230 vel
1872 3175 2006 3230 sini-

354 3284 360 3291 ·
420 3269 592 3316 stram
622 3260 688 3314 “.
731 3280 749 3314 ι
796 3260 858 3316 la
895 3259 1217 3320 Proverbiis
1249 3263 1414 3318 etiam
1445 3264 1759 3322 Solomonis
1790 3265 2002 3336 inquit:

425 3373 446 3408 ‹
481 3352 562 3408 Ne
590 3355 764 3410 addas
791 3355 978 3411 verbis
1015 3355 1106 3411 Dei
1143 3355 1469 3428 quidquam,
1507 3374 1575 3414 ne
1601 3368 1651 3414 te
1684 3359 2001 3430 redarguat,

419 3455 474 3504 ct
493 3445 728 3502 mendax
777 3447 876 3504 lias
907 3449 974 3505 ".
1016 3468 1036 3502 ›
1075 3447 1256 3506 Verba
1293 3451 1442 3506 enim
1479 3451 1568 3506 Dei
1599 3467 1724 3506 cum
1759 3453 1916 3522 plena
1951 3459 2006 3506 et

420 3537 661 3610 perfecta
717 3540 1012 3608 exsistant,
1076 3543 1290 3598 nullum
1319 3543 1637 3597 auctarinm
1680 3543 2000 3599 admittunt.

419 3627 577 3684 Unde
639 3629 774 3684 illud
828 3635 1050 3702 quoque
1107 3631 1176 3687 de
1222 3632 1451 3688 Christo
1505 3635 1716 3688 dictum
1773 3643 2001 3689 exstat:

425 3738 444 3772 σ
482 3719 780 3792 Postquam
813 3701 1227 3781 consummavit
1255 3727 1420 3782 verba
1453 3743 1552 3784 sua
1588 3727 1642 3782 in
1674 3743 1835 3784 aures
1861 3729 2008 3800 ipso-
2037 3701 2108 3789 co

422 3829 540 3868 rum
571 3814 636 3868 “.
680 3836 698 3867 ο

493 3905 762 3974 Quoniam
789 3906 900 3962 hare
936 3919 1016 3963 est
1053 3911 1318 3980 sapientia
1349 3921 1524 3966 vestra
1565 3922 1613 3967 et
1635 3914 1880 3968 scientia.
1904 3909 2005 3985 [6.]

2188 3084 2270 3137 οὐ
2304 3080 2684 3150 προσθήσετε
2711 3081 2864 3151 πρὸς
2888 3082 2956 3137 τὸ
3004 3081 3187 3154 ῥῆμα.
3221 3085 3336 3138 Καὶ
3373 3082 3488 3154 μετ’
3519 3080 3675 3150 ὀλίγον

2113 3177 2250 3246 ἐρεῖ,
2288 3174 2390 3228 οὐκ
2434 3173 2710 3236 ἐκκλινεῖς
2766 3173 2917 3240 δεξιὰ
2960 3175 3084 3229 οὐδέ
3141 3174 3423 3248 εὐώνυμα.
3483 3173 3586 3228 Καὶ
3627 3171 3676 3222 ἐν

2113 3266 2444 3338 Παροιμίαις
2494 3260 2648 3336 φησί’
2706 3283 2724 3316 ι
2764 3264 2856 3334 Μὴ
2917 3264 3166 3338 προσθῇς
3214 3268 3336 3330 τοῖς
3378 3265 3550 3335 λόγοις
3590 3259 3673 3315 τοῦ

2113 3359 2272 3425 Θεοῦ,
2307 3360 2395 3417 ἵνα
2423 3358 2498 3430 μὴ
2527 3357 2726 3431 ἐλέγξῃ
2755 3375 2838 3424 σε,
2875 3359 2973 3412 καὶ
3000 3357 3204 3429 ψευδὴς
3236 3359 3396 3432 γένῃ.
3443 3377 3460 3410 ι
3499 3357 3568 3410 Οὐ
3597 3355 3672 3408 δέ·

2112 3471 2298 3525 χονται
2325 3451 2436 3524 γὰρ
2457 3449 2778 3522 προσθήκην
2807 3451 2858 3503 οἱ
2889 3449 3040 3520 λόγοι
3065 3451 3299 3522 Κυρίου,
3331 3451 3551 3522 πλήρεις
3581 3447 3671 3501 ὑπ-

2111 3547 2394 3616 άρχοντες.
2421 3544 2656 3615 Εἴρηται
2681 3541 2813 3612 γοῦν
2846 3544 2978 3615 περὶ
3005 3543 3101 3598 τοῦ
3129 3543 3393 3614 Χριστοῦ·
3425 3562 3444 3596 ι
3477 3539 3673 3610 Ἐπειδὴ

2111 3638 2401 3710 ἐπλήρωσε
2423 3637 2492 3690 τὰ
2518 3638 2741 3708 ῥήματα
2766 3633 2935 3690 αὐτοῦ
2967 3637 3048 3700 εἰς
3073 3635 3173 3700 τὰς
3200 3637 3374 3702 ἀκοὰς
3400 3633 3588 3690 αὐτῶν.
3621 3650 3638 3684 ι

2179 3907 2300 3962 ’Ὁτι
2319 3906 2472 3973 αὕτη
2501 3906 2540 3974 ἠ
2573 3907 2760 3976 σοφία
2781 3905 2950 3976 ὑμῶν
2977 3907 3077 3961 καὶ
3113 3909 3152 3972 ἡ
3177 3907 3451 3972 σύνεσις.
3507 3899 3670 3972 Σοφῶν

421 3996 648 4052 Summa
687 3998 835 4052 enim
885 4000 1158 4071 sapientia
1211 4012 1266 4056 et
1315 4003 1541 4058 scientia
1583 4015 1667 4059 est
1689 4005 2008 4060 observatio

2114 4001 2218 4072 γὰρ
2247 4000 2344 4056 καὶ
2391 3998 2628 4054 συνετῶν
2668 4001 2702 4070 ὴ
2731 3999 2948 4070 φυλακὴ
3005 4001 3118 4054 τῶν
3171 4000 3408 4054 ἐντολῶν
3461 3995 3665 4067 Κυρίου.

419 4091 806 4148 mandatorum
828 4091 1070 4148 Domini.
1092 4093 1226 4150 Illud
1263 4110 1389 4150 vero
1413 4098 1558 4166 quod
1582 4097 1790 4152 dicitur
1819 4112 2005 4152 coram

2114 4093 2180 4148 Τὸ
2203 4093 2260 4146 δὲ
2291 4091 2604 4164 εἰρημένον,
2644 4111 2663 4144 ι
2702 4091 2948 4146 ἐναντίον
2977 4091 3086 4146 τῶν
3113 4091 3287 4145 ἐθνῶν
3312 4133 3328 4160 ,
3357 4110 3376 4144 ι
3413 4085 3672 4161 συμφωνεῖ

421 4183 656 4256 populis,
688 4199 993 4240 consonum
1031 4186 1161 4240 huic
1190 4196 1275 4242 est
1309 4203 1323 4240 :
1381 4208 1401 4240 ι
1436 4188 1644 4244 Luceat
1694 4191 1787 4244 lux
1823 4199 2006 4244 vestra

2114 4187 2184 4258 τῷ
2208 4203 2220 4217 ο
2254 4205 2274 4238 ε
2307 4183 2597 4256 Λαμψάτω
2616 4183 2677 4238 τὸ
2694 4183 2812 4254 φῶς
2829 4185 2986 4255 ὑμῶν
3002 4183 3318 4256 ἔμπροσθεν
3344 4184 3449 4239 τῶν
3481 4177 3666 4251 ἀνθρὼ-

419 4289 608 4331 coram
637 4275 976 4338 hominibus.
1017 4285 1076 4332 ut
1112 4278 1335 4334 videant
1362 4279 1427 4347 ",
1471 4299 1488 4331 ι
1527 4287 1581 4335 et
1624 4281 1856 4352 reliqua.
1965 4285 1971 4289 ’

2117 4295 2258 4344 πων,
2287 4277 2437 4342 ὅπως
2472 4276 2539 4332 ἂν
2569 4277 2746 4344 ἴδωσι,
2788 4296 2807 4330 ι
2836 4279 2932 4333 καὶ
2960 4277 3027 4332 τὰ
3052 4277 3238 4332 λοιπά.

487 4390 564 4445 Ita
590 4390 736 4444 enim
774 4390 842 4446 ad
874 4389 1050 4447 Deum
1077 4393 1310 4464 propius
1341 4397 1645 4452 acceditur.
1687 4395 1842 4463 Quod
1897 4397 2036 4452 idem
2078 4395 2258 4454 innuit
2303 4395 2450 4466 quod
2477 4392 2750 4465 sequitur,
2783 4409 2854 4450 ne
2907 4404 3130 4466 propter
3163 4402 3391 4464 peccata
3447 4391 3665 4460 ipsot‘um

418 4481 611 4548 procul
647 4480 888 4536 recedat.
926 4500 944 4534 ι
979 4481 1208 4537 l‘eccata
1251 4485 1396 4538 enim
1441 4495 1644 4550 vestra,
1709 4485 1925 4557 inquit,
1991 4484 2338 4538 intervallum
2395 4483 2640 4538 eiliciunt
2681 4483 2824 4538 inter
2873 4498 2958 4538 me
3016 4489 3071 4538 et
3121 4496 3242 4538 vos.
3283 4500 3304 4534 ›
3339 4481 3405 4534 Ει
3443 4481 3620 4532 iterum
3653 4487 3663 4498 '

425 4584 444 4618 ι
483 4567 813 4622 Contendite
847 4569 914 4622 ad
943 4585 1066 4636 me;
1103 4577 1158 4624 et
1188 4587 1289 4642 ego
1321 4572 1388 4628 ad
1421 4589 1520 4628 vos
1555 4574 1908 4636 contendam,
1937 4582 1990 4628 et
2019 4587 2118 4643 ego
2148 4581 2200 4628 te
2235 4571 2417 4626 adhuc
2441 4569 2733 4640 eloquente
2779 4569 2958 4624 dicam
2987 4588 3000 4624 :
3037 4567 3180 4659 Ecce
3207 4568 3400 4659 adsum
3522 4581 3540 4615 ›
3565 4648 3596 4659 Π
3633 4644 3642 4654 ⁸

493 4653 616 4710 Νοη
641 4655 850 4725 facietis
885 4657 1031 4712 vobis
1083 4658 1212 4726 ipsis
1272 4660 1623 4714 simulacrum
1679 4661 1949 4731 sculptile.
1996 4659 2010 4732 [

2119 4659 2201 4731 8.]
2240 4659 2512 4715 Similiter
2568 4658 2623 4711 in
2681 4655 2892 4723 Exodo,
2934 4657 3026 4712 ubi
3061 4658 3228 4713 etiam
3257 4657 3325 4712 de
3355 4653 3522 4710 stellis
3548 4648 3664 4748 dicit

419 4743 888 4814 quemadmodum
924 4745 1211 4802 distrilmit
1233 4763 1327 4804 eas
1355 4751 1574 4820 populis
1604 4750 1672 4804 η.
1707 4751 1808 4817 Qui
1845 4751 1992 4806 enim
2023 4766 2088 4804 ex
2117 4747 2528 4818 longanimitate
2577 4745 2786 4816 aliquid
2820 4759 2930 4799 non
2979 4747 3271 4815 prohibet,
3341 4749 3525 4799 auctor
3563 4743 3664 4804 (⁵111⁵

419 4840 527 4888 est.
562 4830 835 4899 Quoniam
870 4834 1038 4905 igitur
1067 4833 1326 4892 lsraelem
1361 4840 1546 4909 elegit,
1583 4839 1762 4894 locum
1793 4840 1960 4896 habet
1990 4837 2154 4911 436
2187 4833 2324 4892 illud
2371 4835 2669 4904 distribuit,
2701 4833 2850 4906 quod
2883 4837 3302 4892 concessionem
3339 4839 3547 4904 propter
3579 4836 3662 4876 "05

423 4921 628 4976 factam
656 4921 860 4987 innuit,
905 4922 1222 4993 cuiusmodi
1247 4936 1299 4980 et
1335 4926 1464 4980 illud
1491 4937 1578 4982 est
1608 4943 1620 4977 :
1655 4946 1672 4977 ‹
1711 4925 1960 4981 Tradidit
1993 4941 2089 4982 eos
2121 4924 2341 4995 spiritui
2376 4924 2688 4994 vertiginis,
2717 4921 2868 4977 dedit
2897 4923 3090 4978 oculos
3115 4930 3171 4975 ut
3203 4936 3312 4976 non
3346 4918 3596 4976 viderent,
3620 4915 3662 4962 Pl

421 5025 585 5064 aures
617 5019 676 5064 ut
711 5025 818 5064 non
855 5011 1199 5068 audirent“.
1239 5035 1256 5065 ι
1303 5015 1435 5069 Tale
1467 5023 1549 5070 est
1581 5017 1726 5086 quod
1758 5017 1976 5072 dicetur
2009 5024 2232 5086 postea:
2273 5033 2291 5065 ι
2332 5011 2449 5068 Non
2486 5012 2636 5067 dedit
2665 5011 2820 5068 vobis
2849 5009 2992 5066 Deus
3027 5011 3468 5090 scicntiamtnec
3496 4999 3660 5095 octlluf

421 5099 488 5153 ad
527 5097 842 5166 videndum,
884 5116 983 5158 nec
1015 5117 1178 5160 aures
1204 5104 1269 5156 ad
1312 5103 1644 5159 audiendum
1671 5106 1738 5157 δι.
1781 5125 1797 5156 ο
1836 5105 2099 5172 Quamvis
2157 5103 2389 5159 dixisset
2441 5103 2595 5172 prius
2629 5118 2640 5154 :
2681 5117 2701 5152 ι
2759 5097 2874 5156 Vos
2923 5097 3141 5156 vidistis
3191 5087 3524 5172 quaecunque
3554 5087 3659 5142 fecit

423 5188 692 5245 Dominus
721 5189 774 5244 in
802 5201 950 5246 terra
977 5191 1200 5264 rEgypti
1237 5195 1304 5248 δ’.
1343 5213 1360 5245 ι
1391 5193 1662 5260 Quocirca
1695 5193 1833 5249 bene
1864 5196 1916 5248 in
1953 5191 2057 5248 Joh
2089 5193 2298 5247 dictum
2325 5200 2410 5246 est
2444 5209 2458 5244 :
2500 5209 2519 5240 ι
2560 5187 2766 5258 lmpios
2806 5204 2938 5242 vero
2987 5204 3118 5279 non‘
3149 5195 3331 5245 servat
3367 5187 3657 5279 praeter

423 5276 693 5334 luntatem
729 5279 972 5350 ipsorum
1003 5261 1286 5335 ".irNam
1324 5284 1585 5354 prmcepit
1610 5297 1745 5338 sane
1775 5285 2014 5337 advenas
2057 5280 2360 5350 suscipere,
2395 5279 2441 5334 si
2469 5277 2605 5333 illud
2647 5276 2946 5340 distribuit,
2981 5275 3049 5331 de
3089 5274 3183 5333 Dei
3213 5268 3539 5330 haereditaria
3569 5261 3656 5313 lar-
3724 5280 3734 5295 κ

428 5363 633 5432 gitione
665 5364 834 5436 impie
875 5367 1310 5424 intellexerimus
1346 5387 1358 5422 :
1397 5387 1415 5420 ι
1457 5368 1560 5435 Qui
1590 5370 1706 5423 vult
1737 5376 1796 5421 nt
1825 5383 2016 5424 omnes
2045 5368 2294 5422 homines
2320 5372 2634 5429 serventur,
2667 5372 2722 5419 et
2757 5364 2810 5418 in
2839 5364 3178 5435 agnitionem
3215 5359 3456 5418 veritatis
3491 5363 3654 5423 pem”

430 5451 580 5506 niant
617 5453 681 5504 ³³.
717 5471 734 5503 ι

502 5626 546 5693 ⁸7³
582 5627 746 5678 Num.
825 5621 1012 5690 xtu,5.
1086 5627 1128 5659 V'
1163 5625 1313 5680 Deut.
1355 5645 1404 5683 ν.
1438 5627 1526 5680 5:2.
1607 5627 1649 5658 ³⁵
1692 5625 1854 5678 Prov.
1893 5644 2018 5686 xxx,
2061 5629 2112 5682 ϐ.
2194 5628 2235 5661 ⁵⁸
2267 5627 2400 5683 Luc.
2427 5643 2523 5693 vn,
2559 5629 2608 5684 l.
2687 5627 2732 5659 ⁵⁷
2776 5627 2968 5681 Matth.
3006 5626 3152 5690 v,16.
3231 5626 3274 5655 “'
3305 5621 3416 5693 glsa.
3448 5604 3647 5693 unt,

431 5695 475 5792 :7
514 5675 803 5815 ιιξςζινὺυίη.
842 5675 942 5817 ιὶνΪ
970 5675 1052 5750 ιι.
1132 5675 1173 5726 ms
1207 5675 1313 5753 ea:
1359 5675 1528 5764 nisi
1568 5675 2010 5764 umuifiidfi?

466 5773 476 5790 ⁵
605 5781 694 5816 tm.
743 5782 799 5817 ιι,

2249 5675 2674 5764 ειί”ὶῑὸυἰ’.”κὶίς,
2708 5675 3152 5756 ιι.”ί”’ἀί’ἰὶὶίιι.’“έ.’
3218 5697 3262 5730 ιι
3293 5675 3584 5750 totum",
3607 5675 3649 5725 ϋ-

466 5773 476 5790 ⁵
516 5773 530 5815 1
556 5773 694 5816 ’1⁷ιιιι.
743 5782 799 5828 ιι,
