4010 6230
379 384 481 455 sei
1283 340 1817 445 COMMENTARIf
1854 380 1937 440 IN
1978 372 2682 441 DEUTERONOMIUM.
2933 339 2936 343 ’
3551 367 3658 428 898

455 499 719 572 Προλέγει
744 498 810 550 τὰ
832 498 894 550 ἐκ
927 496 1294 567 παραϐάσεως
1322 498 1508 559 αὐτοῖς
1531 480 1766 563 cii—enm
1792 493 1960 557 δεινὰ,
1996 499 2035 553 Α

2138 488 2395 544 Ρνέειιίεἰι
2438 502 2569 541 vero
2633 486 2713 538 eis
2766 497 3015 553 qua-nam
3059 481 3200 535 mala
3237 494 3300 533 ex
3340 486 3656 548 transgres-

382 594 481 647 καὶ
505 568 582 653 ὧς
612 588 766 642 ἔσται
796 586 886 639 διὰ
929 587 1219 657 μετανοίας
1249 586 1513 655 σωθῆναι.
1557 585 1664 637 Καὶ
1711 584 1820 636 τῶν
1862 600 1960 651 ση-

2074 583 2224 636 sioue
2250 582 2360 635 sint
2389 586 2656 633 eventura
2685 618 2699 639 ,
2749 586 2800 629 et
2837 572 3116 643 quomodo
3154 587 3247 641 per
3281 568 3657 641 paenitentiam

387 685 556 754 μείων
592 681 1023 750 ὑπομιμνήσκει,
1077 680 1171 731 καὶ
1221 680 1322 749 τῆς
1378 677 1700 746 ἐπιφανείας
1744 665 1858 744 iis;
1910 678 1966 726 ὲν

2075 674 2279 727 reditus
2303 671 2368 723 ad
2402 670 2639 723 salutem
2675 668 2745 722 sit
2782 666 3027 728 futurus,
3065 663 3498 719 commonefacit
3531 663 3658 716 item

387 777 535 832 Σινᾶ.
566 774 677 828 Καὶ
715 773 796 827 ὅτι
836 790 854 822 t
893 770 1132 823 Τοιαῦτα
1178 770 1279 824 οὐκ
1327 770 1550 838 ἐποίησε
1602 769 1762 821 παντὶ
1802 767 1968 830 ἔθνει,

2075 779 2165 817 eos
2196 763 2502 831 signorum,
2534 760 2659 813 item
2689 757 3059 829 apparitionis
3077 771 3246 826 quam
3272 755 3324 809 in
3354 753 3484 807 Sina
3510 754 3658 807 fecit.

388 866 575 922 καὶτὰ
598 866 846 937 κρίματα
878 863 1043 917 αὑτοῦ
1086 862 1188 918 οὐκ
1223 862 1494 935 ἐδήλωσεν
1533 864 1737 927 αὐτοῖς,
1778 880 1795 913 ι
1828 862 1969 914 κατὰ

2079 856 2320 924 Denique
2354 853 2498 923 quod
2534 852 2619 907 his
2650 862 2814 920 atque
2841 847 3155 913 huiusmodi
3201 862 3310 901 non
3346 861 3481 901 usus
3516 852 3662 900 esset

386 961 479 1014 τὸν
502 956 688 1012 Δαϐίδ.
2074 962 2200 1001 cum
2243 948 2459 1000 cunctis
2513 945 2790 1012 gentibus.
2854 941 3122 1010 Quodque
3147 939 3359 1008 judicia
3398 952 3498 992 sua
3552 950 3661 990 non

2078 1036 2434 1108 patefecisset
2462 1037 2567 1103 eis,
2596 1037 2752 1105 juxta
2784 1034 3041 1087 Davidcm
3085 1033 3151 1086 ⁵³.

463 1152 588 1207 Non
620 1168 741 1207 cum
772 1151 1017 1221 patribus
1041 1153 1230 1207 vestris
1256 1153 1449 1223 pepigit
1474 1151 1645 1222 foedus
1670 1153 1789 1217 hoc,
1818 1150 1910 1206 sed
1936 1152 2224 1218 vobiscum,
2277 1162 2386 1207 etc.
2445 1150 2549 1224 [5.]
2579 1151 2696 1205 Νοιι
2737 1151 2883 1204 enim
2937 1162 3079 1216 opus
3111 1144 3346 1199 habebat
3388 1141 3664 1198 Abraham

396 1242 715 1313 posterique
742 1240 921 1312 ipsius
954 1242 1162 1297 foedere
1190 1241 1361 1298 Mosis
1391 1241 1705 1296 ministerio
1729 1240 1937 1296 exciso.
1973 1239 2107 1295 Nam
2153 1242 2302 1313 justo
2335 1241 2420 1295 lex
2459 1241 2639 1310 posita
2677 1252 2785 1293 non
2819 1246 2923 1292 est.

464 1359 578 1411 Οὐκ
603 1357 711 1428 ἄρα
744 1357 814 1412 τὰ
865 1360 923 1411 ὲν
966 1357 1045 1428 τῷ
1076 1357 1228 1430 νόμῳ
1252 1354 1533 1421 Μωΰσὲως
1566 1359 1615 1412 οἱ
1668 1357 1775 1430 πρὸ
1799 1358 1970 1412 Maii)»

2153 1356 2263 1412 Nec
2304 1358 2496 1427 utique
2534 1357 2671 1426 justi
2703 1362 2971 1426 quotquot
3017 1361 3145 1407 ante
3188 1350 3393 1406 Mosem
3445 1350 3667 1404 fuerunt

398 1450 532 1514 σέως
563 1451 867 1520 ἐφύλαττον
892 1450 1113 1505 δίκαιοι.

2079 1449 2251 1519 legem
2289 1447 2456 1504 Mosis
2485 1449 2876 1503 observarunt.

474 1582 598 1638 Ηωι·
639 1593 818 1638 autem
850 1593 973 1639 sunt
994 1594 1281 1655 prwcepta,
1314 1585 1475 1649 ritus,
1495 1584 1706 1654 judicia
1737 1599 1854 1654 qua!
1880 1584 2131 1653 prmcepit
2181 1581 2440 1636 Dominus
2494 1581 2631 1636 Deus
2668 1591 2856 1646 vester,
2888 1590 2943 1633 ut
2971 1596 3059 1632 vos
3091 1579 3334 1631 docerem
3360 1582 3414 1628 ut
3448 1574 3669 1645 faciatis

395 1686 456 1723 ea
489 1671 540 1723 in
570 1680 715 1723 terra
746 1670 815 1723 ad
839 1686 997 1740 quam
1030 1687 1121 1724 vos
1167 1671 1433 1725 transitis.
1470 1669 1587 1741 [VL
1619 1669 1698 1742 1.]
1738 1670 1845 1725 Lex
1877 1670 2022 1726 enim
2057 1671 2125 1726 ab
2180 1671 2249 1724 iis
2285 1670 2378 1740 qui
2425 1677 2578 1725 extra
2629 1677 2831 1724 terram
2900 1668 3169 1731 habitant,
3218 1665 3503 1720 observari
3556 1677 3669 1717 non

400 1767 634 1829 poterat,
667 1772 770 1813 nec
799 1757 990 1827 utique
1018 1756 1279 1812 omnibus
1310 1756 1393 1811 lex
1427 1762 1634 1828 scripta
1670 1759 2010 1829 congruebat
2049 1759 2292 1829 populis.

470 1894 726 1950 Βούλεται
756 1893 954 1957 αὐτοὺς
983 1892 1215 1963 μελετᾷν
1243 1891 1332 1946 ἀεὶ
1376 1894 1468 1946 τὸν
1512 1892 1698 1962 νόμον,
1728 1892 1826 1945 καὶ
1850 1893 1976 1956 τοὺς
2009 1878 2050 1932 Β

2149 1888 2208 1944 In
2262 1889 2350 1945 his
2403 1905 2534 1945 vero
2572 1888 2842 1945 sententia
2900 1887 3022 1957 ejus
3055 1893 3163 1953 est,
3217 1893 3277 1941 ut
3309 1901 3532 1956 semper
3563 1886 3669 1958 legi

397 1987 458 2054 ἐξ
490 1986 671 2040 αὐτῶν
699 1984 995 2037 διδάσκειν.
1028 1983 1163 2053 Περὶ
1184 1981 1387 2045 παντὸς
1417 1980 1528 2053 γὰρ
1564 1980 1772 2034 δικαίου
1810 1982 1978 2051 φησιν

2087 1982 2369 2047 studeant,
2390 1996 2632 2050 suosque
2666 1980 2873 2035 liberos
2905 1979 3164 2034 doceant.
3196 1978 3272 2033 De
3302 1978 3501 2049 quovis
3524 1978 3668 2033 enim

394 2080 423 2132 ὁ
462 2077 646 2132 Δαϐίδ·
681 2094 699 2128 t
753 2075 812 2129 Ὀ
841 2078 1004 2144 νόμος
1031 2073 1127 2127 τοῦ
1173 2073 1307 2127 Θεοῦ
1358 2073 1524 2127 αὐτοῦ
1558 2074 1616 2126 ὲν
1656 2074 1855 2145 καρδίᾳ
1878 2073 1976 2127 αὐ-

2086 2073 2233 2142 justo
2264 2072 2433 2127 David
2465 2072 2679 2142 inquit:
2732 2089 2750 2123 ι
2783 2070 2893 2125 Lex
2934 2068 3024 2125 Dei
3061 2071 3148 2126 sui
3186 2072 3239 2126 in
3262 2070 3429 2127 corde
3471 2071 3669 2141 ipsius.

395 2171 509 2237 τοῦ,
541 2174 638 2241 οὐχ
665 2162 1191 2237 ὅποσκελισθήσεται
1218 2168 1285 2220 τὰ
1318 2165 1630 2236 διαδήματα
1661 2164 1851 2220 αὐτοῦ.
1884 2184 1904 2216 ι

2088 2163 2204 2219 Non
2257 2165 2742 2220 labefat-tabuntur
2759 2173 2977 2234 gressus
2990 2161 3176 2229 ejus,"
3200 2179 3221 2214 ι
3244 2162 3496 2223 custodia
3525 2164 3671 2217 enim

2087 2257 2295 2323 cordis,
2327 2258 2461 2329 legis
2490 2257 2805 2314 observatio
2842 2263 2953 2315 est.

478 2368 580 2424 Vos
620 2371 758 2422 enim
780 2370 908 2424 estis
932 2369 1204 2438 perpauci.
1235 2366 1369 2438 [Vl],
1403 2366 1484 2439 7.]
1505 2366 1661 2422 Haud
1690 2369 1871 2439 inepte
1899 2369 1965 2425 ad
1998 2371 2122 2429 illos
2151 2374 2244 2444 qui
2285 2383 2543 2445 expertes
2578 2374 2916 2430 han-editatis
2955 2381 3112 2428 erant
3143 2372 3349 2427 dictum
3379 2382 3464 2428 est
3502 2371 3671 2424 illud:

399 2457 698 2513 Panciores
729 2458 946 2512 cunctis
977 2458 1194 2527 populis
1236 2456 1393 2522 estis,
1432 2465 1596 2526 atque
1648 2456 1785 2511 adeo
1831 2457 2089 2515 similiter
2148 2461 2276 2515 huic
2322 2476 2333 2514 :
2374 2479 2392 2513 ι
2434 2459 2604 2516 Pauci
2661 2462 2753 2531 qui
2809 2467 3108 2517 servantur
3143 2459 3211 2514 ⁸⁷.
3256 2477 3274 2511 ι
3325 2455 3454 2512 Ιιειιι
3496 2458 3670 2511 huic:

404 2565 422 2596 ι
455 2547 786 2601 Contendite
809 2545 1022 2616 ingredi
1052 2561 1148 2615 per
1183 2550 1393 2598 arctam
1429 2552 1646 2613 portam
1673 2544 1739 2596 ⁸⁸.
1781 2562 1801 2596 ι

471 2632 829 2687 Frumentum
857 2643 1033 2697 tuum,
1070 2632 1251 2686 vinum
1282 2641 1451 2696 tuum,
1483 2641 1531 2685 et
1560 2631 1736 2685 oleum
1764 2641 1934 2685 tuum.
1964 2632 2107 2706 [i5.]
2139 2633 2232 2690 Dei
2263 2635 2409 2690 enim
2444 2636 2704 2707 legitimis
2737 2636 2864 2690 ﬁliis
2893 2642 3083 2692 sancte
3109 2650 3173 2691 ac
3208 2635 3449 2690 feliciter
3480 2634 3676 2689 cedent

401 2721 605 2777 Christi
634 2721 1028 2794 mysteriorum
1086 2719 1438 2790 partieipatio
1467 2728 1523 2773 et
1558 2735 1682 2789 quae
1710 2735 1807 2789 per
1845 2718 2110 2791 Spiritum
2147 2730 2399 2778 sanctum
2452 2724 2511 2778 ﬁt
2552 2725 2761 2779 unctio.
2791 2725 2894 2792 Qui
2924 2726 3113 2794 utique
3146 2725 3214 2778 ab
3246 2722 3674 2795 egritudinibus

403 2816 600 2869 anima:
623 2811 780 2870 liberi
811 2821 941 2868 sunt
970 2828 1035 2868 ac
1069 2814 1364 2868 immunes.
1395 2810 1619 2867 Necnon
1654 2826 1784 2867 vero
1831 2811 2012 2867 anima
2040 2810 2135 2865 Dei
2168 2812 2416 2869 studiosa
2442 2812 2530 2869 his
2565 2812 2904 2870 fertilissima
2924 2821 3031 2885 est,
3064 2829 3204 2884 quas
3236 2821 3419 2867 tamen
3451 2812 3674 2866 virtutis

402 2904 662 2974 operibus
696 2903 933 2973 repellit,
968 2911 1135 2972 atque
1160 2902 1415 2958 discutit.
1720 2916 1723 2919 λ

475 2990 742 3059 Quoniam
772 3007 898 3061 gens
939 2991 1052 3045 hac
1080 3006 1161 3044 me
1187 2989 1421 3058 amplior
1449 2996 1548 3043 est.
1599 2985 1739 3060 [l7.]

486 3122 574 3178 Ἐν
602 3125 667 3195 τῇ
708 3123 903 3192 Ἐξόδῳ
940 3121 1381 3196 παραθαρρύνων
1414 3124 1636 3189 αὐτοὺς,
1675 3122 1983 3186 δεδοικότας

2166 3121 2227 3175 In
2269 3120 2457 3176 Exodo
2492 3136 2618 3176 cum
2654 3122 3013 3181 conﬁrmaret
3033 3137 3130 3178 eos
3160 3122 3364 3178 veritos
3395 3120 3680 3193 IEgyptio-

406 3212 513 3268 τῶν
546 3214 859 3283 Αἰγυπτίων
887 3213 985 3286 τὴν
1017 3214 1252 3285 δύναμιν
1274 3253 1290 3280 ,
1328 3214 1538 3283 ἔφασκε
1559 3232 1571 3245 ·
1608 3233 1626 3267 t
1660 3214 1865 3286 Κύριος
1892 3231 1988 3268 πο·-

2096 3227 2215 3266 rum
2248 3214 2410 3278 vires,
2441 3213 2618 3282 inquit
2655 3231 2669 3266 :
2712 3232 2731 3265 (
2763 3212 3029 3268 Dominus
3060 3212 3430 3284 propugnabit
3458 3228 3555 3281 pro
3580 3228 3679 3268 vo-

405 3306 635 3377 λεμήσει
690 3305 831 3376 ὑπὲρ
887 3306 1062 3377 ὑμῶν,
1110 3306 1205 3360 ml.
1258 3308 1418 3377 ὑμεῖς
1462 3306 1773 3378 σιγήσεσοε.
1811 3326 1830 3358 ι
1875 3308 1988 3361 Ἐν-

2095 3304 2203 3368 bis,
2241 3319 2451 3374 vosque
2503 3305 2802 3374 quiescetis
2839 3305 2906 3357 '9.
2955 3323 2974 3356 ι
3023 3304 3123 3359 llic
3167 3320 3295 3360 vero
3344 3305 3673 3359 memoriam

406 3373 582 3454 ταιῖδα
614 3400 671 3453 δὲ
713 3373 819 3453 τῶν
859 3373 960 3471 ήδιι
1022 3399 1255 3470 δυνάμει
1298 3373 1445 3455 -Θεοῦ
1491 3373 1989 3471 καιηγωνισμένων

1886 3416 1993 3453 νων
2020 3373 2064 3434 (ἶ
2097 3410 2288 3453 eorum
2314 3373 2407 3467 qui
2433 3373 2533 3451 Dei
2560 3398 2763 3454 virtute
2789 3397 2992 3454 devicti
3027 3405 3158 3453 sunt
3188 3396 3465 3453 reiricuit.

408 3490 625 3564 ὑπέμνη
635 3507 712 3544 σε.

483 3626 691 3683 Cuncta
720 3626 979 3680 mandata
1011 3626 1141 3681 haec.
1175 3623 1338 3698 ΠΜ,
1373 3625 1450 3697 1.]
1494 3622 1613 3680 Non
1665 3625 1823 3680 aliter
1873 3631 2072 3695 printer
2104 3622 2361 3692 pristina,
2392 3637 2454 3678 ea
2490 3623 2605 3694 ipsa
2655 3638 2786 3679 vero
2831 3624 2961 3679 hinc
3011 3621 3321 3679 claritatem
3376 3623 3682 3679 asciscuut.

410 3717 680 3770 Caeterum
713 3713 1085 3768 inﬁrmitatem
1118 3728 1231 3784 prae
1264 3728 1324 3769 se
1358 3712 1602 3769 ferentes
1628 3728 1657 3766 a
1706 3715 1873 3767 rebus
1905 3710 2205 3768 sensilibus
2241 3724 2304 3764 ac
2337 3711 2712 3780 temporaneis
2742 3720 2962 3768 avocat.

480 3802 550 3855 Et
588 3800 953 3856 recordaberis
985 3801 1222 3856 universi
1264 3801 1497 3867 itineris,
1555 3817 1648 3869 per
1702 3804 1844 3870 quod
1900 3797 2120 3853 deduxit
2158 3807 2205 3851 te
2259 3798 2521 3854 Dominus
2577 3799 2718 3854 Deus
2782 3809 2926 3855 tuus.
2964 3798 3066 3873 [2.]
3102 3798 3158 3854 Si
3198 3799 3321 3869 ejus
3356 3799 3683 3855 recordatus

412 3890 608 3955 fueris,
634 3891 691 3944 in
711 3889 1117 3945 tentationibus
1147 3890 1380 3960 reliquis
1406 3905 1519 3945 non
1556 3888 1718 3944 facile
1749 3886 2063 3943 collaberis.
2117 3884 2340 3940 Etenim
2379 3886 2545 3941 David
2609 3903 2735 3943 cum
2763 3889 2976 3942 solidus
3020 3889 3072 3945 in
3101 3887 3215 3944 Deo
3245 3900 3415 3951 esset,
3448 3891 3629 3958 inquit
3666 3909 3679 3945 :

417 3999 435 4030 ι
469 3979 646 4035 Proba
679 3994 785 4041 me,
819 3978 1070 4042 Domine,
1103 3987 1158 4033 et
1184 3994 1281 4033 eor
1310 3994 1491 4033 meum
1517 3978 1739 4048 explora
1771 3978 1838 4030 ⁸ο.
1874 3995 1893 4028 ι
1930 3976 2061 4029 Item
2090 3990 2103 4025 ε
2154 3992 2172 4024 t
2204 3973 2458 4028 Probasti
2493 3989 2613 4040 nos,
2649 3984 2703 4029 et
2762 3977 2984 4030 tentasti
3029 3991 3148 4041 nos,
3211 3978 3681 4047 quemadmodum

414 4075 655 4124 tentatur
684 4076 971 4137 argentum
998 4065 1065 4121 ⁸³.
1107 4083 1125 4117 ι
1156 4066 1237 4122 Ad
1272 4065 1532 4121 Davidetn
1561 4065 1690 4119 item
1719 4063 1901 4134 inquit
1930 4061 2075 4118 Deus
2104 4081 2118 4118 :
2151 4082 2169 4114 ι
2210 4064 2291 4118 An
2333 4070 2498 4132 putas
2527 4076 2614 4120 me
2667 4065 2773 4119 alia
2823 4065 3038 4120 ratione
3068 4072 3251 4121 tecum
3279 4065 3482 4136 egisse,
3515 4081 3681 4135 quam

413 4164 473 4210 ut
506 4154 1059 4225 appareresjustus?
1098 4172 1118 4207 ι
1147 4151 1308 4208 Tales
1339 4168 1435 4208 eos
1475 4167 1599 4208 esse
1624 4156 1822 4209 asserit
1855 4137 2240 4222 parabola‘qui
2297 4166 2464 4220 super
2501 4161 2708 4222 petram
2745 4152 2941 4209 domos
3001 4161 3399 4207 exstruxerunt
3452 4155 3517 4208 “.
3578 4154 3681 4220 Qui

413 4244 629 4313 quidem
659 4260 754 4314 per
781 4244 963 4315 ignem
988 4252 1042 4298 et
1067 4257 1264 4313 aquam
1290 4242 1541 4307 eluctati,
1574 4243 1628 4297 in
1663 4242 2011 4313 refrigerium
2042 4240 2467 4302 contenderunt,
2504 4249 2559 4295 et
2606 4241 2892 4311 spirituale
2926 4257 3128 4299 manna
3162 4255 3550 4311 perceperunt.
3594 4243 3684 4297 ln-

420 4332 740 4386 ellexerunt
769 4346 901 4387 vero
940 4346 1049 4386 non
1079 4331 1198 4385 solo
1226 4345 1364 4399 pane
1398 4330 1674 4385 hominem
1715 4329 1985 4392 victitare,
2039 4344 2226 4383 verum
2259 4343 2371 4384 uno
2406 4345 2629 4400 quoque
2659 4332 2827 4386 verbo
2852 4332 2997 4401 quod
3026 4346 3123 4400 per
3150 4347 3214 4386 os
3245 4329 3339 4384 Dei
3372 4332 3675 4402 egreditur.

419 4419 531 4475 {loc
560 4420 706 4475 enim
735 4419 809 4474 ibi
839 4417 1061 4490 quidem
1088 4417 1300 4473 dictum
1331 4425 1439 4483 est,
1474 4418 1701 4472 allatum
1728 4431 1858 4472 vero
1889 4430 1920 4469 a
1957 4416 2252 4469 Servatore
2282 4416 2336 4469 in
2374 4416 2683 4473 certamine
2736 4428 2930 4472 contra
2965 4417 3240 4472 diabolum
3267 4427 3353 4473 est
3381 4419 3444 4483 ⁸³,
3478 4417 3675 4474 Serva-

418 4520 555 4574 tore,
591 4508 840 4578 inquam,
877 4508 969 4577 qui
1010 4516 1065 4563 et
1097 4516 1336 4562 veterem
1364 4518 1419 4561 et
1463 4521 1659 4561 novam
1691 4506 1861 4575 legem
1897 4504 2099 4560 sanxit.
2131 4504 2400 4561 Caeterum
2438 4516 2565 4561 ante
2590 4521 2791 4561 manna
2837 4506 3154 4561 fruitionem
3203 4507 3390 4578 priore
3417 4508 3677 4563 alimento

415 4607 697 4668 assumpto
729 4598 979 4651 aﬁlictari
1003 4613 1069 4651 ac
1103 4596 1407 4653 [umescere
1430 4606 1667 4665 oportet.
1695 4594 1867 4649 Porro
1896 4593 2120 4648 verbum
2167 4609 2366 4648 manna
2420 4603 2559 4660 erat,
2592 4594 2721 4651 licet
2751 4596 2912 4667 panis
2956 4612 3178 4666 quoque
3206 4604 3375 4663 esset,
3412 4598 3679 4667 quemad-

416 4685 638 4742 modum
664 4684 844 4740 Moses
871 4686 1036 4739 etiam
1067 4685 1540 4755 interrogantibus
1574 4684 1872 4754 respondet
1906 4699 1920 4737 :
1986 4701 2006 4735 ι
2046 4682 2153 4738 iste
2187 4690 2270 4737 est
2320 4685 2477 4752 panis
2513 4698 2677 4754 quem
2741 4684 3009 4742 Dominus
3058 4684 3222 4741 nobis
3276 4687 3678 4742 comedendum

415 4775 671 4843 apposuit
702 4773 770 4826 “.
806 4791 824 4824 ι
862 4772 1013 4827 Istud
1040 4771 1205 4844 437
1229 4781 1313 4827 est
1344 4773 1569 4828 verbum
1607 4770 1756 4841 quod
1788 4772 1969 4826 sanxit
2008 4769 2296 4835 Dominus,
2335 4772 2483 4827 unde
2510 4787 2644 4829 sane
2682 4773 2862 4828 tennis
2902 4781 2956 4828 et
2989 4774 3159 4830 albus
3180 4775 3367 4830 dictus
3394 4784 3500 4830 est.
3530 4775 3684 4829 Exilc

415 4862 563 4915 enim
583 4861 806 4916 verbum
837 4867 946 4925 est,
971 4869 1024 4915 et
1054 4862 1162 4915 tale
1191 4860 1336 4930 quod
1366 4861 1664 4929 pertransit
1695 4870 1926 4914 cunctos
1960 4858 2189 4928 spiritus
2258 4859 2646 4930 intelligentes,
2700 4862 2959 4929 mundos,
3017 4863 3398 4920 tenuissimus.
3448 4862 3681 4920 Necnon

422 4948 681 5017 veroipsa
717 4963 940 5018 quoque
974 4947 1240 5017 sapientia
1278 4947 1512 5017 spiritus
1543 4956 1630 5002 est
1652 4947 1987 5017 intelligens.
2025 4955 2277 5010 sanctus,
2308 4948 2605 5019 unigenus,
2647 4950 2886 5019 amplus,
2915 4950 3120 5007 tenuis.

491 5062 622 5118 Erat
646 5080 807 5133 porro
832 5063 1009 5119 simile
1039 5080 1204 5134 grano
1238 5063 1528 5118 coriandri.
1567 5061 1730 5134 [Vll|,
1764 5062 1845 5133 5.]
1877 5060 2131 5117 Tradunt
2182 5063 2465 5118 coriandri
2514 5074 2770 5120 naturam
2805 5066 3031 5135 penitus
3076 5065 3272 5119 semini
3325 5065 3679 5134 respondere,

417 5153 555 5208 adeo
587 5162 646 5206 ut
676 5153 722 5207 si
751 5152 1074 5208 succidatur
1096 5154 1262 5207 etiam
1296 5152 1576 5207 coriandri
1611 5167 1821 5215 semen,
1868 5153 1976 5205 vim
2009 5165 2166 5205 suam
2200 5166 2308 5205 non
2343 5153 2587 5219 amittat,
2622 5161 2681 5207 ut
2723 5154 2960 5211 sementi
2992 5153 3252 5207 idoneum
3289 5154 3528 5224 amplius
3570 5169 3679 5207 non

416 5241 668 5295 exsistat.
703 5238 1034 5310 Hujusmodi
1082 5242 1312 5294 verbum
1364 5246 1450 5293 est
1481 5238 1727 5304 omnino,
1779 5238 1940 5307 cujus
1990 5240 2174 5293 omnis
2206 5240 2475 5308 particula
2523 5241 2591 5295 ad
2624 5249 2787 5297 terrae
2839 5244 3046 5297 cultum
3083 5251 3278 5296 natura
3315 5251 3443 5312 apta
3480 5251 3588 5308 est,
3631 5244 3678 5299 si

418 5327 708 5382 mandetur
741 5328 1047 5382 commodae
1098 5338 1152 5382 et
1184 5328 1341 5382 bonae
1375 5336 1558 5391 terrae,
1586 5326 1688 5380 hoc
1713 5333 1799 5381 est
1847 5326 2065 5381 animae.
2101 5325 2198 5382 Est
2251 5343 2417 5397 porro
2463 5329 2648 5383 allium
2680 5330 2871 5384 etiam.
2902 5328 3109 5383 Lumen
3160 5329 3306 5382 enim
3342 5328 3565 5383 verbum
3595 5337 3681 5385 est

420 5416 583 5485 idque
616 5416 986 5484 splendidum,
1039 5430 1102 5470 ac
1141 5415 1374 5484 proinde
1416 5429 1639 5485 quoque
1675 5415 1859 5469 album
1891 5415 2071 5484 ipsum
2099 5397 2428 5485 intélligenti
2459 5416 2528 5470 ab
2559 5431 2735 5487 eoque
2772 5417 3004 5471 nutrito.
3037 5417 3136 5470 Est
3165 5415 3292 5471 item
3328 5418 3443 5473 saxi
3475 5419 3674 5473 simile.

418 5505 740 5557 Contortum
781 5504 987 5557 etenim
1021 5511 1125 5566 est,
1155 5512 1209 5558 et
1236 5502 1553 5571 neutiquam
1584 5501 1896 5566 ﬁaccidum,
1931 5517 2109 5571 neque
2164 5500 2394 5570 fluxum,
2426 5519 2615 5559 verum
2665 5519 2912 5559 saxeum.
2959 5505 3195 5559 leeste
3225 5506 3425 5575 quippe
3450 5506 3677 5560 verbum
3732 5552 3749 5572 κ

419 5599 521 5657 est,
554 5603 618 5642 ac
650 5589 812 5644 uobis
846 5591 1096 5647 caelestia
1130 5590 1420 5660 promittit.

493 5772 536 5803 "5
563 5772 706 5824 Psal.
739 5784 940 5835 chvn,
975 5768 1030 5822 9.
1142 5767 1188 5799 "
1222 5766 1370 5820 Psal.
1401 5781 1586 5825 XXXVI,
1620 5764 1710 5838 Si,
1753 5762 1841 5838 52.
1952 5764 1997 5795 ⁵⁷
2026 5761 2076 5838 is

2089 5779 2322 5838 δεξιον,
2489 5767 2535 5798 ⁸³
2567 5766 2765 5822 Matth.
2797 5785 2895 5833 vn,
2932 5770 3018 5825 i5.
3124 5773 3171 5805 ‘9
3213 5774 3387 5828 Exod.
3425 5787 3537 5838 ειν,
3588 5772 3672 5826 Η.

429 5840 472 5870 ⁸ο
511 5840 655 5895 Psal.
700 5857 826 5907 xxv,
860 5834 934 5892 2.7
993 5839 1035 5869 ⁶¹
1066 5838 1210 5893 Psal.
1244 5852 1368 5906 va,
1414 5838 1499 5892 10.
1576 5838 1620 5868 ⁶²
1655 5835 1850 5889 Matth.
1890 5851 1985 5899 vn,

1779 5836 1850 5888 th.
1890 5851 1985 5899 vn,
2018 5834 2108 5901 “li,
2286 5837 2329 5868 ⁸³
2361 5836 2554 5891 Matth.
2593 5854 2665 5905 ιν,
2699 5840 2751 5893 4.
2833 5841 2878 5872 ⁸⁸
2919 5842 3089 5897 Exod.
3132 5859 3244 5909 xvi,
3301 5845 3362 5900 ιδ
