2005 3115
224 184 274 217 809

255 239 313 267 Non
335 240 402 267 dixit
421 249 484 268 vero
509 251 515 269 :

220 294 314 313 verum
333 288 392 314 sine
417 288 517 319 etiam;
541 292 670 322 tanquam
702 292 725 316 si
752 290 870 319 dixisset
889 300 895 318 ι
911 291 969 318 Non
987 293 1013 319 in

221 333 272 359 hoc.
285 341 340 366 quo
358 334 459 367 putatis
475 334 544 366 solo,
568 342 659 361 verum
685 336 711 361 in
749 336 811 363 hor.
833 337 1008 365 Manifestum

218 382 260 404 est
280 383 369 404 autem
389 379 461 413 quod
475 387 575 406 manna
592 388 625 407 ex
643 388 690 408 ore
706 382 886 415 proﬁciscens
902 385 1013 411 verbum

218 429 287 450 erat.
304 424 370 451 Nam
385 432 530 453 commune
547 427 649 461 aliquid
666 427 747 455 habet
763 436 874 461 manna,
897 438 952 463 quo
964 430 1013 457 do-

217 480 311 499 οηιηιιιι-
336 480 390 500 non
421 474 479 501 solo
511 482 578 509 pane
598 475 734 502 hominem
763 477 863 509 vivere,
887 485 949 503 eum
968 477 1013 505 Dei

219 519 315 550 verbo,
328 526 382 553 quo
402 519 533 547 vivimus.

259 564 448 592 Vestimentum
463 571 537 592 tuum
554 575 632 602 super
656 572 678 594 te
693 576 744 595 non
757 573 796 594 est
812 568 948 601 detritum,
969 578 1014 597 nec

215 612 290 645 pedes
302 613 339 638 ιιιί
350 612 544 640 intumuerunt.
555 613 686 650 [Vlll,4.]
700 614 842 642 Prioribus
856 615 907 642 hoc
920 618 1012 643 statim

216 658 371 693 subjungit,
395 666 429 685 ne
445 667 556 687 causam
573 668 620 687 seu
638 662 825 689 testimonium
843 662 908 688 hine
931 662 1014 689 habe-

217 708 277 731 rent
293 705 393 738 quibus
419 704 446 731 in
465 705 615 732 securitate
639 698 737 741 degere
755 707 863 734 anitnus
888 711 938 734 est.
955 707 1013 739 Quo

217 758 283 777 sane
303 749 432 777 Servator
453 751 480 777 in
506 750 661 785 Evangeliis
689 759 750 778 cum
782 752 847 778 viris
878 752 1013 786 supersti-

217 796 287 822 tiose
302 796 383 822 etiam
406 796 491 830 legem
513 796 743 830 amplectentibus
759 805 843 832 agt-ns
864 806 932 824 usus
959 801 1011 825 est.

219 851 228 867 ‹
245 841 272 868 Si
290 842 362 869 enim
378 841 445 868 Mosi
459 841 661 878 credidissetis,
679 843 778 876 inquit,
797 845 893 878 utique
906 847 932 869 ιιι
944 844 1011 870 mihi

215 888 406 915 credidissetis
418 888 451 914 ⁸⁵.
469 897 478 914 ι
507 887 585 915 Unde
604 888 684 915 rebus
711 889 840 917 omnibus
858 889 1012 917 manifestis

901 186 1079 222 PBOCOPII
1099 194 1220 225 GALEI
1796 203 1840 238 900

544 241 641 269 Verum
666 243 791 270 etiamin
817 246 889 272 omni
915 247 1006 279 verbo,
1026 253 1045 278 Α

1100 252 1155 277 Οὐκ
1172 251 1233 278 εἷπε
1251 253 1289 284 δὲ,
1321 255 1399 281 Ἀλλὰ
1424 257 1470 282 καὶ
1498 257 1544 283 ἐπὶ
1570 259 1650 285 παντὶ
1665 261 1773 295 ῥήματι,
1791 264 1830 290 ἀλ)

1066 296 1130 321 ἄνευ
1147 296 1194 322 τοῦ
1207 317 1213 327 ,
1229 299 1279 324 καί
1293 306 1298 311 ·
1312 298 1348 330 ὡς
1367 299 1475 334 ἔλεγεν·
1491 301 1548 328 Οὐκ
1565 302 1611 329 ἐπὶ
1633 304 1707 339 τῷδε,
1719 303 1739 339 ᾧ
1764 308 1841 335 οἴεσθε

1066 342 1150 377 μόνῳ,
1172 343 1229 369 ἀλλ’
1254 345 1299 370 ἐπὶ
1316 345 1393 379 τῷδε,
1412 347 1466 373 Καιί
1489 348 1578 382 δῆλον,
1596 351 1636 376 ὅτι
1664 352 1694 376 τὸ
1720 353 1801 387 μάννα
1815 356 1841 382 τὸ

1066 389 1284 424 ἐκπορευόμενον
1311 392 1343 417 ἐκ
1358 392 1405 417 τοῦ
1435 393 1582 428 στόματος,
1598 396 1673 431 ῥῆμα
1687 396 1735 432 ἦν’
1754 401 1808 426 ἐπεί
1821 411 1843 428 τι

1066 436 1155 461 κοινὸν
1179 436 1237 471 ἔχει
1261 438 1291 464 τὸ
1314 439 1401 473 μάννα
1422 440 1450 472 ἐξ
1476 439 1506 468 οὗ
1530 442 1723 478 διδασκόμεθα,
1746 448 1792 473 οὐκ
1807 449 1842 475 ἐπ’

1064 481 1139 515 ἄρτῳ
1171 483 1245 517 μόνῳ
1268 483 1317 518 ζῇν
1341 484 1386 511 τὸν
1410 484 1564 520 ἄνθρωπον,
1587 489 1656 524 πρὸς
1675 490 1705 516 τὸ
1724 492 1768 517 τοῦ
1784 493 1842 519 Θεοῦ

1065 526 1151 560 ῥῆμα.
1168 528 1211 562 ἐφ’
1225 525 1246 561 ᾧ
1261 528 1364 564 ζῶμεν.

1103 573 1140 599 Τὰ
1159 573 1259 608 ἱμάτιά
1274 583 1332 602 σου
1354 577 1390 603 οὐ
1416 574 1634 612 κατετρίϐησαν
1648 581 1708 607 ἀπὸ
1728 583 1799 609 σοῦ·
1821 585 1844 610 οι

1064 618 1156 651 πόδες
1170 628 1229 647 σου
1247 622 1303 647 οὐκ
1314 622 1521 656 ἐτυλώθησαν.
1544 625 1634 661 Ἰκανὴ
1652 628 1785 662 μαρτυρία
1797 630 1843 659 τοῖς

1065 664 1237 699 βουλομένοις
1250 666 1299 702 ζῇν
1322 668 1545 703 ἀπερισπάστως.
1564 667 1657 707 ι’ῌττερ
1674 674 1688 699 ὁ
1713 674 1803 710 Σωτὴρ
1819 676 1843 701 ἐν

1065 709 1243 743 Εὖαγγελίοις
1256 713 1286 738 οὐ
1302 713 1436 748 κέχρηται
1453 716 1521 751 πρὸς
1536 716 1635 751 ἄνδρας
1648 718 1696 744 τὸν
1707 719 1785 754 νόμον
1802 728 1843 754 με·

1063 755 1196 787 λετῷντας
1227 757 1366 793 διακενῆς.
1402 760 1454 787 (Εἰ
1484 762 1538 797 γὰρ
1569 764 1748 797 ἐπιστεύετε,
1776 766 1842 799 φησι,

1063 800 1185 832 Μωῦσεῐ,
1208 802 1366 830 ἐπιστεύετε
1391 804 1423 831 ἂν
1448 806 1494 833 καὶ
1517 807 1587 841 ἐμοί.
1609 818 1617 833 ι
1643 808 1726 835 Ὅθεν
1747 811 1777 836 ἐκ
1797 811 1843 837 τῶν

1064 846 1131 871 πᾶσι
1148 847 1289 882 προδήλων
1305 849 1403 881 αὐτοὺς
1418 850 1558 886 ἐκτρέπει,
1579 852 1612 878 τὰ
1625 855 1737 881 πετεινὰ
1751 857 1793 881 καὶ
1804 856 1843 883 τοῦ

1065 892 1151 927 ἀγροῦ
1167 893 1200 919 τὰ
1215 894 1296 929 κρίνα
1310 896 1448 930 προσθείς.
1465 897 1522 924 Οὐκ
1540 899 1696 934 ἐδεήθησαν
1713 901 1740 927 δὲ
1755 902 1843 938 ὑποδη-

215 942 273 966 eos,
289 934 410 960 volatilia
426 935 490 961 ρωιὶ
509 934 621 969 liliaque
641 935 700 969 agri
715 936 907 969 proponendo,
924 944 939 963 a
956 937 1005 964 sol-

1066 938 1160 973 μάτων
1171 940 1196 965 οἱ
1212 941 1307 973 πάλαι,
1327 942 1463 977 μηδεμιᾶς
1478 943 1566 979 λύμης
1581 945 1612 972 ἐκ
1627 947 1679 981 τῆς
1694 947 1751 973 ὁδοῦ
1765 934 1842 982 προσ-

216 979 357 1006 licitudine
370 980 507 1006 convertit
520 980 551 1006 ⁵⁸.
577 979 638 1006 Non
663 987 797 1016 eguerunt
824 985 930 1009 veteres
952 983 1009 1009 eal-

214 1027 375 1058 ceamentis,
408 1034 441 1053 eo
468 1026 541 1061 quod
571 1026 653 1060 pedes
680 1035 775 1054 eorum
802 1028 877 1055 nulla
902 1028 1011 1056 itineris

216 1072 366 1105 asperitate
382 1075 576 1099 attererentur.
595 1072 667 1105 Quin
684 1073 767 1100 etiam
790 1073 946 1101 habuerunt
963 1083 1010 1102 ve-

214 1119 343 1145 stimenta
366 1126 419 1146 nou
438 1119 543 1152 attrita,
559 1120 623 1146 item
640 1128 751 1154 manna,
767 1128 866 1156 aquam
891 1122 1009 1156 denique

215 1167 318 1201 largam
334 1174 366 1192 ex
380 1172 466 1200 petra,
482 1166 592 1193 abunde
608 1166 740 1193 universa
761 1166 795 1193 ad
812 1167 905 1194 vitam.
924 1167 1010 1194 Caete-

215 1219 276 1237 rum
295 1211 432 1246 superﬂua
449 1219 498 1238 sua
520 1216 547 1238 et
572 1211 691 1246 insipida
710 1212 946 1246 concupiscentia,
965 1213 1008 1239 in-

214 1257 313 1283 teritus
332 1264 444 1283 usuram
475 1256 597 1291 sibiipsis
618 1256 755 1289 fecerunt,
774 1257 1006 1290 quemadmodum

213 1311 264 1331 nos
282 1310 392 1338 quoque
408 1311 469 1330 eum
492 1303 574 1330 rebus
599 1303 757 1330 carnalibus
780 1303 879 1331 addicti
899 1311 1005 1331 sumus.

216 1359 224 1375 ι
239 1350 298 1376 Non
316 1351 388 1376 enim
414 1349 540 1385 potestis,
562 1349 663 1384 inquit,
688 1349 796 1377 duobus
811 1349 931 1376 dominis
945 1357 1005 1376 ser-

215 1403 271 1423 ure
283 1395 316 1422 ⁸⁷.
337 1405 345 1421 ι
362 1395 441 1428 Quod
458 1396 480 1422 si
495 1401 585 1422 autem
604 1394 636 1421 ad
660 1394 741 1422 breve
759 1400 868 1429 tempus
882 1395 1007 1429 discipli-

1061 984 1226 1021 τριϐομένης
1253 987 1342 1013 αὐτῶν
1363 990 1420 1020 τοῖς
1445 989 1543 1016 ποσίν
1563 989 1635 1028 εἶχον
1651 993 1682 1019 δὲ
1706 994 1752 1020 καὶ
1774 996 1841 1029 ἀτρι-

1062 1031 1119 1062 ϐεῖς
1135 1031 1263 1067 ἐσθῆτας,
1289 1033 1337 1060 καὶ
1351 1034 1381 1060 τὸ
1398 1036 1498 1069 μάννα,
1522 1037 1569 1063 καὶ
1590 1039 1639 1073 τῆς
1654 1039 1805 1074 ἀκροτὸμου
1819 1039 1844 1066 τὸ

1062 1075 1144 1111 ὕδωρ,
1169 1077 1258 1103 πάντα
1280 1079 1349 1114 πρὸς
1372 1079 1444 1115 ζωὴν
1467 1082 1603 1117 αὐτάρκη.
1623 1081 1743 1120 Περίττὴ
1764 1085 1844 1112 δὲκαὶ

1061 1122 1191 1156 ἀνόνητος
1206 1124 1340 1160 ἐπιθυμία
1359 1128 1405 1153 τὸν
1418 1127 1528 1162 ὖλεθρον
1547 1130 1639 1162 αὐτοῖς
1661 1132 1841 1167 προεξένησεν,

1060 1167 1097 1198 ὡς
1117 1169 1242 1203 καὶ-ἡμῖν
1256 1171 1290 1197 τὰ
1311 1173 1431 1207 σαρκικὰ
1448 1175 1635 1209 περιέπουσιν,
1658 1186 1669 1203 ‹
1683 1178 1719 1204 Οὐ
1738 1178 1842 1205 δύνασθε

1058 1213 1217 1260 γὰρτφησὶ,
1236 1215 1296 1242 δυσὶ
1310 1218 1414 1253 κυρῖοις
1431 1219 1577 1248 δουλεύειν.
1595 1232 1604 1247 ι
1628 1223 1662 1249 Et
1676 1223 1704 1249 δὲ
1718 1224 1762 1250 καὶ
1782 1224 1841 1260 πρὸς

1059 1257 1145 1293 βραχὺ
1173 1261 1356 1294 παιδευτικῶς
1381 1264 1434 1290 τῶν
1458 1265 1620 1301 ἐπιτηδείων
1645 1269 1839 1303 ὑστερηϐῶμεν.

1057 1302 1136 1337 δῆλον
1150 1303 1187 1335 ὡς
1208 1305 1250 1331 ἵνα
1271 1307 1465 1343 περιεχώμεοα
1480 1310 1509 1335 ἐν
1531 1311 1618 1337 {instat
1633 1312 1681 1338 τοῦ
1699 1302 1775 1340 Θεοῦ.
1787 1302 1839 1340 Κό-

1060 1357 1105 1383 po;
1128 1350 1182 1385 γὰρ
1200 1352 1292 1387 πατὴρ
1316 1353 1441 1388 ὕϐρεων
1464 1354 1543 1390 ὕϐρις
1557 1357 1596 1390 δὲ,
1614 1358 1840 1394 ὕπερηφανίας¹ἠ

1060 1394 1098 1425 δὲ,
1118 1398 1258 1428 πτώσεως.

213 1447 256 1467 nae
267 1447 350 1475 causa
366 1441 447 1467 rebus
463 1440 626 1467 necessariis
643 1440 766 1466 destituti
800 1440 943 1473 fuerimus,
973 1443 1031 1466 tum
1052 1445 1164 1473 apparet
1190 1448 1358 1478 quantopere
1388 1452 1483 1473 omnes
1516 1455 1559 1475 res
1592 1448 1702 1477 divinas
1731 1451 1838 1485 amplexi

213 1531 351 1558 interitus.

161 1507 167 1510 .
212 1484 358 1514 fuerimus.
377 1486 497 1513 Satietas
509 1486 582 1513 enim
598 1489 675 1520 pater
692 1486 865 1513 contumelim
880 1491 931 1519 est,
949 1486 1116 1513 contumelia
1139 1487 1226 1515 fastus
1248 1497 1279 1515 ac
1304 1491 1450 1524 superbiae,
1466 1500 1498 1520 ea
1528 1493 1649 1529 denique
1691 1484 1782 1531 lapsus
1811 1504 1839 1523 ac

251 1578 315 1613 Ejus
338 1578 382 1613 qui
408 1582 431 1604 te
453 1576 563 1604 deduxit
587 1584 633 1610 per
658 1576 791 1604 desertum
817 1581 920 1604 vastum
946 1582 970 1604 et
995 1576 1158 1604 horrendum
1174 1576 1251 1604 illud.
1279 1578 1351 1614 [15.]
1374 1578 1425 1607 Ubi
1444 1587 1560 1615 serpens
1585 1584 1716 1612 mordens
1732 1589 1838 1612 ctscor-

212 1631 287 1659 pius.

247 1669 482 1703 Quemadmodum
524 1669 576 1703 ipsi
599 1689 606 1700 ,

210 1724 287 1743 mare
315 1715 460 1747 Rubrum,
487 1715 514 1741 in
545 1722 600 1750 quo
632 1714 779 1750 Apostolus
799 1721 846 1741 eos
881 1714 1002 1748 baptiza-

212 1768 255 1790 tus
279 1769 339 1789 esse
359 1761 386 1787 in
409 1760 510 1788 Mosem
535 1761 624 1795 inquit
649 1761 690 1794 6⁸,
705 1764 887 1795 peragrarunt
911 1760 1003 1787 deser-

211 1811 269 1834 tum
299 1806 461 1833 horrificum
493 1806 539 1833 ubi
571 1814 686 1841 serpens
715 1806 843 1832 mordens
870 1810 897 1833 et
924 1813 1001 1833 scor-

212 1854 283 1888 pius,
301 1853 347 1887 qui
361 1853 475 1886 tiguram
495 1852 651 1887 spiritualis
667 1851 803 1886 serpentis
826 1853 905 1886 gerit,
921 1859 1001 1886 quem

209 1899 292 1925 etiam
309 1897 530 1925 conculcandum
545 1897 679 1924 Dominus
696 1897 777 1924 nobis
797 1897 924 1924 exhibuit
940 1907 945 1923 :
964 1897 1001 1924 ita

209 1952 320 1979 quoque
346 1947 409 1979 post
425 1944 560 1978 baptisma
576 1951 671 1970 verum
702 1951 750 1978 per
775 1943 940 1970 tentationes
955 1943 1002 1970 de-

208 1991 351 2017 ducuntur
375 1990 401 2016 in
430 1990 570 2017 desertum
596 1989 700 2022 fideles,
729 1994 788 2015 uta
813 1989 923 2016 diabolo
943 1992 1001 2016 ten-

208 2040 303 2063 tentur
324 2044 330 2062 :
352 2043 469 2070 quorum
493 2035 608 2070 ﬁguram
634 2035 762 2062 Christus
786 2034 915 2066 sustinet,
938 2042 1000 2071 cum

208 2090 263 2117 quo
279 2083 311 2109 ad
328 2086 494 2109 tentatorem
517 2081 615 2108 dicunt
631 2090 637 2108 :
660 2090 668 2106 ι
685 2080 743 2108 Non
762 2082 788 2108 in
803 2088 873 2116 pane
885 2081 946 2108 solo
960 2081 1000 2107 vi-

208 2129 315 2156 ctitabit
334 2128 417 2154 homo
431 2128 463 2154 °'.
490 2137 499 2153 ι

244 2174 276 2201 In
296 2179 392 2201 terram
413 2174 519 2201 bonam'
533 2178 557 2200 et
582 2173 708 2208 amplam.
725 2172 777 2209 [7.]
794 2172 861 2199 Illud
887 2173 998 2208 quidem

208 2221 378 2247 fertilitatem
392 2220 507 2252 indicat,
526 2220 577 2246 hoc
592 2227 657 2246 vero
674 2219 874 2253 longitudinem
891 2223 918 2246 ct
939 2219 1000 2246 lati-

208 2266 329 2292 tudinem
349 2266 480 2300 regionis.
498 2265 556 2292 Non
576 2265 648 2291 enim
663 2264 809 2299 JEgyptns,
826 2265 848 2290 si
864 2265 887 2291 ei
903 2264 998 2292 confe-

208 2316 295 2342 ratur,
314 2315 388 2337 tanta
411 2314 463 2337 est.
482 2311 549 2336 Item
574 2316 672 2336 rursus
699 2309 883 2342 distinguens,
912 2308 998 2341 inquit

634 1673 777 1704 postquam
815 1671 1037 1703 permeassentc

1091 1667 1197 1703 Ὥσπερ
1222 1664 1294 1694 οὗτοι
1315 1669 1382 1703 μετὰ
1397 1670 1426 1695 τὸ
1442 1669 1556 1697 διελθεῖν
1577 1671 1625 1705 τὴν
1646 1673 1775 1709 Ἐρυθρὰν
1793 1674 1835 1700 θά-

1057 1714 1170 1746 λασσαν,
1188 1714 1234 1740 καὶ
1282 1723 1366 1750 φησιν
1391 1716 1405 1741 ὁ
1426 1716 1597 1749 ’Δπὸστολος,
1613 1719 1653 1749 εἰς
1665 1720 1710 1746 τὸν
1725 1721 1837 1753 Μωῡπῆν

1057 1759 1251 1794 βαπτισθῆναι,
1280 1760 1388 1795 διῆλθον
1413 1761 1462 1797 τὴν
1475 1762 1578 1796 ἔρημον
1598 1764 1648 1798 τὴν
1665 1764 1790 1799 φοϐερὰν,
1810 1763 1836 1791 οὗ

1055 1805 1117 1839 bet;
1134 1805 1240 1832 δάκνων
1257 1807 1304 1832 καὶ
1318 1807 1459 1842 σκορπίος,
1479 1807 1565 1840 τύπος
1585 1809 1663 1841 ὄντες
1683 1811 1729 1837 τοῦ
1748 1811 1834 1846 νοητοῦ

1055 1851 1156 1885 ὄφεως,
1169 1852 1211 1885 ἐφ’
1225 1851 1254 1878 ὃν
1270 1852 1316 1879 καὶ
1331 1854 1427 1879 πατεῖν
1441 1855 1454 1879 ὁ
1467 1854 1569 1888 Κύριος
1582 1856 1659 1891 ἡμῶν
1679 1857 1832 1892 ὲδωρήσατο¹

1054 1896 1126 1923 οὕτω
1142 1898 1188 1924 καὶ
1202 1898 1271 1932 μετὰ
1283 1898 1312 1924 τὸ
1325 1899 1452 1933 ἀληθινὸν
1467 1900 1610 1935 βάπτισμα
1623 1901 1668 1928 διὰ
1683 1902 1835 1938 πειρασμῶν

1054 1943 1199 1977 ἐξάγονται
1224 1944 1264 1974 εἰς
1284 1943 1334 1979 τὴν
1361 1943 1464 1979 ἔρημον
1486 1946 1511 1971 o!
1533 1947 1643 1977 πιστοὶ,
1666 1947 1834 1982 πειρασθῆναι

1055 1989 1107 2014 ὑπὸ
1122 1988 1169 2014 τοῦ
1190 1988 1325 2021 διαϐόλου,
1352 1986 1389 2016 ὧν
1409 1990 1495 2021 τύπος
1515 1992 1632 2026 Χριστός
1648 2001 1654 2008 ·
1677 1993 1736 2027 μεθ’
1754 1990 1782 2019 οὗ
1795 1991 1834 2017 λέ-

1054 2041 1132 2067 γουσι
1147 2033 1186 2068 τῷ
1202 2034 1359 2068 πειράζοντι
1371 2043 1378 2050 ·
1399 2045 1408 2061 ί
1420 2035 1476 2062 Οὐκ
1491 2036 1533 2062 ἐπ’
1548 2037 1623 2072 ἄρτῳ
1639 2038 1711 2072 μόνῳ
1731 2038 1834 2072 ζήσεται

1055 2079 1211 2113 ἄνθρωπος.
1231 2090 1240 2106 ι

1089 2168 1141 2199 Εὶς
1156 2167 1215 2201 γῆν
1231 2168 1348 2202 ἀγαθὴν
1370 2169 1417 2195 καὶ
1438 2169 1569 2203 πολλήν.
1586 2170 1622 2196 Τὺ
1641 2171 1700 2205 μὲν,
1725 2170 1754 2196 τὸ
1771 2169 1833 2203 γόνι-

1056 2222 1105 2247 μον
1122 2214 1198 2248 δηλοῖ
1209 2223 1215 2228 ·
1231 2215 1260 2240 τὸ
1274 2215 1312 2247 δὲ,
1329 2215 1417 2250 μῆκος
1439 2217 1485 2242 καὶ
1504 2216 1604 2248 πλάτος
1620 2218 1670 2251 τῆς
1686 2218 1785 2252 χώρας.
1801 2216 1832 2241 Οὐ

1052 2260 1171 2296 τοσαύτη
1193 2260 1247 2296 γὰρ
1265 2262 1281 2295 ὴ
1306 2262 1445 2295 Αἴγυπτος
1471 2263 1598 2296 πρὸς.....
1615 2264 1671 2298 (8ἷ)
1688 2264 1766 2289 πάλιν
1781 2263 1831 2288 δια-

1054 2306 1181 2338 στέλλων,
1196 2308 1290 2341 φησὶν,
1307 2307 1378 2342 ὕδωρ
1404 2308 1477 2342 ἔχειν
1498 2309 1653 2343 ἐξοὺρανοῦ
1673 2310 1719 2335 καὶ
1736 2307 1830 2343 πηγῶν.

207 2364 306 2392 aquam
323 2357 433 2384 caelitus
457 2363 489 2383 ac
510 2363 544 2382 ex
571 2355 694 2382 fontibus
725 2354 837 2386 habere,
865 2354 911 2380 illa
927 2354 1000 2381 enim

1058 2351 1090 2377 Γὸ
1104 2352 1158 2387 γὰρ
1177 2353 1285 2387 ἐκείνης
1308 2354 1482 2380 ἐπείσακτον.
1498 2352 1564 2380 Εἶτα
1588 2355 1687 2381 πεδίων
1704 2354 1830 2389 μνησθεὶς,

208 2406 307 2437 przctcr
336 2401 484 2429 ascititiam
513 2401 614 2427 nullam
639 2400 730 2426 habet.
763 2399 865 2425 Deinde
888 2407 949 2425 cum
971 2399 999 2426 in

207 2456 367 2484 camporum
382 2448 546 2476 mentionem
571 2447 724 2478 incidisset,
749 2449 830 2479 atque
853 2445 905 2472 hoc
923 2453 998 2472 com-

207 2502 288 2522 mune
314 2501 376 2521 eum
403 2493 523 2528 Aigypto
548 2492 640 2523 habet,
668 2491 699 2517 de
722 2489 854 2516 montibus
881 2490 995 2518 addidit.

207 2540 291 2567 Porro
312 2544 456 2575 postquam
479 2539 512 2566 de
528 2538 699 2574 vulgaribus,
717 2540 781 2571 puta
803 2535 837 2562 de
861 2536 954 2563 tritico
970 2540 997 2562 et

206 2585 309 2612 hordeo
326 2586 452 2616 dixisset,
468 2584 561 2611 statim
587 2586 619 2610 de
638 2581 824 2616 peculiaribus
841 2581 901 2614 ejus
917 2585 997 2608 terrae

205 2631 330 2666 frugibus
349 2631 441 2658 infert.
466 2630 526 2663 Quo
547 2629 659 2664 quidem
683 2628 807 2655 iudicare
832 2628 899 2660 vult,
926 2628 997 2662 quod

205 2677 248 2702 illa
275 2684 337 2702 cum
366 2676 417 2703 hac
440 2676 475 2703 sit
500 2674 680 2704 conferenda,
704 2673 751 2700 sed
776 2681 829 2699 non
855 2680 870 2699 c
891 2677 998 2699 contra.

1053 2398 1148 2433 ἐπειδὴ
1177 2398 1256 2424 τοῦτο
1286 2400 1375 2425 κοινὸν
1400 2400 1467 2434 πρὸς
1492 2401 1542 2435 τὴν
1568 2401 1717 2435 Αἴγυπτον,
1740 2400 1767 2425 τὺ
1782 2398 1831 2424 τῶν

1053 2443 1146 2477 ὀρέων
1163 2445 1328 2479 προσέθηκε.
1357 2446 1442 2472 Πάλιν
1465 2445 1551 2472 εἰπὼν
1572 2447 1660 2478 κοινὰ,
1677 2446 1776 2481 πυροὺς
1792 2441 1832 2469 καὶ

1052 2490 1159 2525 κριθὰς,
1184 2492 1246 2522 τοὺς
1273 2491 1423 2523 ἱδιᾴζοντας
1448 2492 1574 2527 ἐπιφέρει
1596 2492 1734 2527 καρποὺς,
1756 2488 1831 2520 δεῖξαι

1052 2536 1225 2571 βουλόμενος,
1245 2537 1280 2562 τὰ
1308 2538 1358 2572 μὲν
1382 2538 1492 2573 ἐκείνης
1516 2539 1592 2573 παρὰ
1605 2538 1701 2573 ταύτῃ,
1719 2535 1772 2563 ἀλλ’
1787 2534 1831 2560 ῦῦκ

1051 2582 1197 2609 ἀνάπαλιν.
1235 2583 1326 2618 Ὀλίγη
1358 2583 1387 2609 δὲ
1414 2584 1464 2619 τῆς
1494 2585 1634 2618 Αἰγύπτου
1667 2583 1714 2609 καὶ
1745 2580 1829 2609 Bata-

1052 2628 1114 2662 ἥτις
1152 2628 1214 2655 οὐδὲ
1245 2629 1312 2664 πρὸς
1343 2629 1432 2656 ἔλαιον
1469 2630 1639 2665 ἐπιτήδειος,
1671 2628 1719 2655 καὶ
1750 2628 1831 2660 ἄμπε-

1053 2674 1108 2702 λος.
1679 2683 1683 2686 ‘

205 2723 276 2755 Quin
296 2723 378 2749 etiam
407 2723 459 2750 olei
484 2722 563 2756 inops
588 2719 722 2755 {Egyptus
740 2723 792 2752 est,
822 2723 917 2754 utpote
939 2726 1000 2754 qum
1020 2720 1052 2746 ad
1078 2722 1130 2748 01ρὶ
1169 2726 1295 2749 naturam
1340 2723 1454 2750 minime
1478 2723 1513 2750 sit
1542 2721 1753 2752 accommodata,
1774 2717 1828 2744 item

208 2771 319 2796 vntinm.

244 2818 264 2828 ""
279 2815 358 2841 Δίκη.
375 2824 400 2845 V.
426 2816 464 2841 i‘i.

505 2817 525 2830 εδ
544 2815 638 2842 Matth.
653 2822 690 2847 vt,
704 2814 751 2846 (Ξῦ,
768 2814 813 2841 ‘28-

852 2814 874 2829 ⁶⁷
895 2814 961 2841 ibid.
986 2813 1033 2840 ‘25.

1071 2814 1092 2829 ⁸⁸
1111 2815 1117 2841 l
1133 2814 1198 2842 Cor.
1217 2823 1245 2847 ς,
1261 2815 1288 2841 ‘2.
1329 2816 1350 2831 ⁸⁸
1363 2815 1461 2843 Matth.
1478 2823 1514 2849 tv,
1534 2814 1561 2841 ι.

964 2872 1081 2900 NOTAE.

244 2905 300 2940 (δῖ)
392 2908 454 2941 πρὶς
475 2917 568 2942 cur“.
