4010 6230
407 361 505 428 901
1300 367 1836 430 COMMENTARII
1860 370 1941 430 IN
1982 370 2391 431 DEUTERON
2396 368 2501 428 ΟΜ
2511 367 2675 429 IUM.
3554 366 3657 430 90?.

478 473 598 530 Jam
632 486 761 524 vero
804 480 862 525 ut
910 487 1177 542 ncc.opus
1209 474 1507 531 lateritium
1536 479 1811 539 omittam,
1838 494 1945 533 non
1979 479 2160 549 magni
2193 493 2259 532 eo
2296 476 2639 536 laborestibi
2669 476 2922 532 sumendi
2947 484 3132 542 erunt,
3167 491 3289 530 eum
3326 477 3494 530 duros
3522 476 3662 547 lapi-

407 562 506 615 des
535 568 590 615 et
617 558 868 613 aediliciis
899 569 1057 628 aptos
1090 560 1314 617 habeas.

482 670 676 741 Ἔχει,
734 670 905 740 φησὶ,
957 670 1051 725 καὶ
1103 673 1341 744 μέταλλα
1390 676 1610 746 χαλκοῦ.
1655 678 1833 733 Πάλαι
1880 679 1985 748 γὰρ

2162 675 2337 732 Habet
2374 679 2527 744 item,
2562 677 2759 747 inquit,
2801 678 2926 733 aeris
2976 678 3215 743 metalla,
3266 678 3513 747 quinimo
3555 676 3661 732 du-

407 759 552 815 εἶπε.
581 762 744 832 Δηλοῖ
770 762 827 815 δὲ
870 765 902 834 ή
956 764 1120 835 μέχρι
1150 767 1245 819 καὶ⁵
1294 766 1388 820 νῦν
1419 770 1476 822 ὲν
1514 769 1844 842 Παλαιστίνῃ
1873 772 1982 825 τῶν

406 852 689 923 χαλκικῶν
729 854 947 907 Ἰοὑὸων
970 855 1191 909 ἀτέλεια
1214 872 1229 887 ο
1262 856 1378 911 ἔστι
1404 859 1460 912 δὲ
1484 861 1686 931 μέτρον
1714 862 1818 932 γῆς
1851 864 1981 925 ἴσως

408 946 520 1010 τοῖς
542 944 710 999 πάλαι
740 945 1135 1016 μεταλλευταῖς
1166 948 1595 1021 χορηγούμενον.

2086 767 2214 822 dum
2251 769 2461 822 habuit.
2493 768 2832 839 Argumcuto
2857 784 2987 826 vero
3010 778 3115 835 est,
3140 785 3260 839 qure
3290 771 3469 823 adhuc
3496 769 3662 824 etiam

2087 858 2141 910 in
2178 857 2465 911 Palaestina
2488 859 2612 913 aeris
2645 857 2914 912 Juborum
2963 860 3181 914 duravit
3208 859 3374 930 438
3400 859 3656 915 immuni-

2090 953 2196 1004 tas.
2232 949 2329 1002 Est
2363 964 2491 1003 vero
2523 956 2681 1004 terra:
2712 966 2971 1006 mensura
3002 953 3246 1022 antiquis
3282 952 3513 1007 fortasse
3535 952 3663 1008 teris

2087 1041 2492 1096 scrutatoribus
2522 1042 2886 1112 suppeditata.

480 1154 559 1208 Ac
599 1151 655 1206 in
688 1165 906 1206 summa
936 1165 1066 1206 vero
1091 1151 1351 1206 omnibus
1386 1151 1550 1207 bonis
1577 1149 1885 1205 aliiuituros
1909 1156 2054 1214 esse,
2092 1160 2257 1223 atque
2289 1154 2610 1224 largitorem
2641 1170 2833 1210 eorum
2868 1154 3202 1210 laudandum
3239 1156 3662 1214 celebrandum-

411 1255 520 1311 que
564 1252 708 1295 esse.
758 1237 1007 1304 Quorum
1046 1238 1270 1307 quidem
1338 1240 1461 1293 loco
1509 1253 1736 1309 regnum
1787 1235 2054 1292 caelorum
2098 1246 2413 1309 terramque
2471 1252 2885 1297 mansuetorum
2949 1241 3206 1298 Christus
3245 1243 3408 1297 nobis
3448 1244 3661 1310 tribuit,

411 1327 569 1398 cujus
601 1335 820 1380 torrens
871 1326 989 1396 ipse
1029 1340 1251 1396 quoque
1289 1325 1547 1382 Christus
1579 1336 1684 1381 est.
1730 1344 1749 1377 ι
1774 1322 2043 1378 Torrente
2096 1326 2240 1380 enim
2300 1328 2626 1383 deliciarum
2679 1339 2898 1383 tuarum
2935 1331 3151 1398 potabis
3191 1346 3287 1385 eos
3313 1331 3381 1386 ⁷ο.
3416 1350 3434 1382 ι
3484 1332 3612 1386 Item
3646 1350 3660 1386 :

419 1436 438 1469 ι
460 1416 728 1471 Fluminis
758 1415 901 1470 alvei
929 1415 1213 1470 civitatem
1241 1413 1335 1470 Dei
1379 1415 1694 1470 exhilarant
1719 1415 1789 1468 τ’.
1829 1431 1849 1466 ι
1885 1412 1990 1478 Qui
2022 1412 2188 1467 etiam
2237 1416 2359 1470 vitae
2388 1416 2594 1471 fontem
2633 1432 2692 1471 se
2722 1432 2845 1473 esse
2875 1417 3029 1479 dicit,
3064 1425 3118 1472 et
3158 1418 3310 1472 addit
3343 1433 3357 1471 :
3398 1437 3415 1470 ι
3451 1417 3508 1473 Si
3537 1419 3663 1489 quis

415 1504 552 1570 sitit,
582 1504 767 1559 veniat
814 1513 867 1556 et
899 1502 1071 1569 bibat,
1101 1517 1170 1558 ex
1213 1510 1407 1557 ventre
1456 1503 1602 1557 enim
1647 1501 1885 1556 bibentis
1935 1497 2160 1555 flumina
2200 1503 2341 1557 viva:
2391 1518 2549 1573 aquae
2599 1505 2846 1559 salientis
2882 1505 2936 1559 in
2984 1504 3152 1559 vitam
3186 1512 3447 1559 aeternam
3478 1521 3665 1560 erum-

416 1600 545 1661 pent
571 1592 641 1645 ".
671 1610 690 1642 ι
723 1590 1144 1660 Cognoscentur
1170 1604 1337 1659 porro
1375 1595 1539 1644 etiam
1565 1587 1778 1643 Domini
1806 1587 2040 1657 judicia,
2087 1601 2239 1644 vasta
2271 1582 2392 1660 qua:
2433 1592 2664 1662 abyssus
2699 1600 2848 1651 sunt,
2904 1601 2958 1647 et
3009 1592 3281 1662 profunda
3321 1591 3662 1660 divitiarum,

416 1683 700 1754 sapientiae
736 1690 792 1737 et
838 1680 1173 1751 cognitionis
1216 1680 1419 1754 divinae
1472 1694 1644 1744 vena;
1687 1680 1923 1749 abyssus
1969 1678 2115 1732 enim
2150 1678 2352 1732 vallum
2390 1679 2565 1748 ipsius
2596 1679 2664 1731 ⁷³.
2720 1678 2992 1733 Caeterum
3031 1694 3187 1748 aquae
3228 1695 3328 1749 per
3357 1680 3665 1750 explicatos

414 1771 697 1826 hominum
758 1769 1164 1824 submissorum
1215 1767 1596 1836 fertiliumque
1640 1782 1866 1836 campus
1933 1776 2246 1835 erumpunt,
2307 1781 2524 1821 necnon
2572 1780 2670 1837 per
2719 1774 2937 1822 montes
3013 1767 3353 1823 sublimitate
3416 1768 3664 1823 caelestis

418 1858 815 1929 speculationis
845 1858 1119 1914 sublatos.
1152 1855 1267 1911 lllic
1299 1866 1385 1912 est
1415 1857 1748 1911 frumentum
1782 1853 1928 1924 quod
1960 1868 2055 1908 cor
2083 1852 2324 1907 hominis
2354 1854 2665 1908 contirmat.
2697 1852 2828 1908 ltem
2892 1853 3158 1908 hordeum
3199 1855 3345 1926 quod
3387 1855 3664 1912 inferioris

418 1946 586 2000 sortis
618 1945 889 2006 homines.
926 1959 1035 2000 nec
1066 1959 1178 2000 non
1206 1945 1412 2000 multos
1433 1945 1634 1999 nutrit.
1667 1941 1803 1997 Illud
1838 1942 1983 1996 enim
2015 1940 2259 2011 quinque
2290 1942 2460 1995 millia
2493 1943 2546 1995 in
2593 1940 2907 2012 Evangelio,
2948 1942 3052 1997 hoc
3093 1958 3221 1996 vero
3260 1950 3466 2010 septem
3494 1944 3663 1998 millia

416 2033 711 2086 exsatiavit
745 2032 808 2084 ⁷⁸.
849 2033 966 2087 Illic
1008 2047 1136 2087 vera
1168 2033 1297 2087 vitis
1327 2041 1431 2101 cst,
1455 2032 1529 2087 de
1566 2045 1675 2102 qua
1713 2029 1975 2085 Servator
2023 2029 2201 2097 inquit
2234 2047 2245 2083 :
2294 2050 2311 2081 ι
2347 2031 2457 2099 Ego
2487 2030 2615 2084 vitis
2648 2044 2793 2094 sum,
2831 2046 2927 2086 vos
2971 2030 3225 2101 palmites
3254 2031 3321 2084 ".
3362 2050 3381 2083 ι
3425 2029 3543 2085 Illic
3572 2040 3664 2114 est

416 2121 596 2176 oleum
635 2131 955 2175 sanctorum
987 2120 1340 2192 impinguans
1366 2120 1568 2189 capita.
1606 2119 1679 2173 lta
1717 2133 1937 2188 quoque
1969 2116 2171 2171 ﬂuenta
2213 2123 2343 2173 sunt
2372 2118 2716 2172 dulcedinem
2769 2118 2911 2172 intra
2955 2134 3014 2174 se
3064 2118 3317 2186 ferentia,
3349 2120 3665 2190 politiieque

418 2208 774 2264 acerbitatem
810 2208 1121 2264 forinsecus
1152 2209 1632 2264 circumlabentis.
1666 2208 1785 2263 Illic
1837 2207 1995 2270 licus,
2025 2221 2145 2276 qua:
2168 2219 2383 2284 magna
2412 2204 2664 2260 ubertate
2691 2205 2921 2275 spiritus
2951 2207 3278 2262 suavitatem
3330 2208 3524 2278 gignit,
3555 2221 3662 2264 non

415 2296 728 2366 eaquidem
770 2311 890 2367 qua:
920 2297 1270 2352 sterilitatem
1309 2307 1552 2368 propter,
1584 2311 1647 2350 ac
1678 2295 1932 2349 foliorum
1966 2295 2183 2348 inanem
2211 2302 2464 2347 ornatum
2514 2294 2752 2347 exaruit.
2789 2293 2905 2347 Illic
2958 2294 3063 2349 mel
3115 2303 3200 2349 est
3231 2314 3244 2349 :
3271 2294 3507 2350 dulcedo
3544 2294 3665 2349 fau-

417 2382 563 2440 cium
597 2381 912 2438 Servatoris
949 2382 1281 2449 desiderata,
1315 2400 1478 2454 quam
1507 2384 1650 2439 labia
1683 2396 1903 2453 quoque
1935 2378 2164 2450 Sponsm
2191 2380 2245 2433 in
2276 2378 2506 2434 Cantico
2539 2379 2851 2434 stillabuut.
2894 2400 2911 2432 ί
2936 2379 3139 2435 Favum
3179 2383 3322 2436 enim
3356 2383 3662 2448 stillabunt,

420 2470 623 2539 inquit,
667 2471 812 2526 labia
851 2481 965 2536 tua,
1000 2487 1209 2543 sponsa
1238 2472 1305 2528 ".
1355 2490 1373 2523 ι
1416 2473 1527 2526 Illic
1563 2471 1773 2541 lapides
1822 2469 2009 2534 ferrei,
2041 2467 2219 2522 sancti
2272 2482 2437 2533 super
2469 2475 2611 2520 terra
2663 2468 2911 2530 volutati,
2959 2469 3423 2538 quemadmodum
3456 2471 3664 2525 dictum

416 2569 519 2625 est,
551 2568 606 2614 et
638 2561 703 2614 ad
730 2562 1068 2618 tentatlones
1103 2563 1328 2618 infracti
1356 2564 1423 2618 ⁷⁷.
1454 2561 1565 2617 Nec
1590 2563 1737 2617 enim
1769 2567 1939 2614 aestus
1978 2571 2080 2610 nec
2132 2562 2410 2607 torrentes
2442 2552 2621 2622 rapidi
2669 2567 2764 2606 eos
2800 2556 3253 2624 absumpserunt.
3298 2553 3429 2610 Item
3481 2557 3608 2610 alibi
3647 2572 3661 2613 :

423 2667 440 2698 ι
473 2648 532 2703 In
566 2658 769 2702 terram
801 2658 1050 2704 sanctam
1083 2651 1221 2719 lapis
1252 2665 1359 2704 non
1400 2650 1753 2721 importatur,
1777 2647 1991 2717 lapides
2023 2643 2169 2698 enim
2209 2640 2350 2743 ejus‘
2382 2640 2545 2743 ferrei
2574 2649 2704 2696 sunt
2728 2642 2793 2694 ⁷⁸.
2832 2660 2851 2692 ι
2884 2641 3034 2743 Quin.
3066 2653 3120 2697 et
3150 2643 3269 2743 ipse
3297 2642 3442 2743 Deus
3469 2642 3662 2743 Hiero:

417 2734 645 2806 solyma':
669 2735 983 2798 denuntiat,
1020 2751 1120 2807 pro
1155 2737 1433 2808 lapidibus
1466 2737 1757 2791 allaturam
1809 2748 1930 2788 esse
1966 2730 2171 2785 ferrum
2196 2729 2262 2780 7°.
2308 2726 2465 2792 Quod
2529 2727 2583 2780 in
2632 2742 2828 2782 manus
2888 2729 3134 2785 hostium
3186 2730 3405 2792 Israelis
3443 2746 3550 2786 non
3595 2731 3668 2787 sit

418 2823 764 2885 tradendum,
807 2822 903 2877 sed
936 2825 1141 2894 populo
1174 2824 1269 2895 qui
1305 2823 1473 2879 Deum
1498 2822 1782 2892 cognitum
1827 2819 2027 2873 habeat
2065 2834 2077 2870 :
2106 2815 2327 2886 quando
2356 2815 2611 2870 videlicet
2639 2831 2764 2870 cum
2801 2816 3015 2887 gladios
3059 2817 3114 2871 in
3142 2833 3393 2873 vomeres
3429 2829 3669 2874 contun-

419 2909 629 2965 dendos
667 2923 792 2965 esse
816 2909 974 2974 dicit,
1006 2921 1061 2965 et
1090 2911 1311 2966 lanceas
1341 2912 1397 2966 in
1432 2909 1603 2964 falces
1637 2909 1723 2974 ⁸⁰;
1754 2916 1868 2961 tum
1911 2921 1942 2960 e
1990 2911 2184 2958 contra
2215 2918 2467 2957 vomeres
2496 2902 2550 2955 in
2591 2901 2826 2971 gladios,
2860 2914 2913 2958 et
2951 2902 3125 2958 falces
3153 2904 3207 2958 in
3242 2905 3450 2960 hastas.
3494 2907 3670 2962 Ambo

418 2997 562 3050 enim
591 3010 689 3065 per
715 2996 1016 3067 prophetas
1045 3012 1148 3053 suo
1179 3008 1423 3069 tempore
1465 2996 1731 3053 Israelitis
1761 3002 1889 3056 sunt
1938 2991 2205 3061 injuneta.
2239 2989 2359 3042 lllic
2391 2990 2607 3042 metalla
2640 2990 2766 3046 aaris
2793 3006 2861 3045 ex
2894 3006 3005 3061 quo
3040 3000 3374 3045 armaturam
3406 2994 3671 3063 spiritua-

419 3084 548 3148 lem,
572 3092 767 3137 contra
799 3085 948 3138 vires
978 3085 1233 3140 inimicas
1262 3086 1549 3150 certaturi,
1579 3085 1980 3138 instruxerunt.
2015 3076 2218 3132 Horum
2247 3081 2491 3130 omnium
2533 3092 2662 3131 vero
2702 3086 2867 3147 caput
2907 3095 3002 3133 seu
3047 3094 3263 3133 summa
3309 3082 3530 3150 proprie
3562 3089 3668 3148 est,

362 3230 367 3237 ,
421 3182 480 3226 ut
530 3173 698 3227 Deum
734 3172 958 3228 laudent
998 3182 1164 3244 atque
1217 3174 1518 3230 celebrent.
1564 3174 1834 3229 Caeterum
1879 3177 1937 3222 ut
1991 3166 2247 3237 pietatem
2298 3165 2409 3220 illis
2459 3166 2806 3220 commendet
2854 3166 3262 3235 liberationem,
3293 3184 3359 3223 ex
3407 3171 3672 3225 servitute

421 3259 748 3331 Algyptiaca
782 3261 838 3315 in
869 3263 1193 3315 memoriam
1227 3261 1473 3317 adducit.
1519 3260 1650 3316 Item
1675 3258 1921 3314 omnium
1974 3270 2155 3308 rerum
2206 3253 2650 3307 necessariarum
2700 3255 3200 3324 suppeditationem
3236 3273 3401 3326 quam
3466 3258 3520 3312 in
3576 3259 3671 3313 de-

421 3356 570 3403 serto
594 3347 676 3402 eis
706 3347 862 3414 fecit,
893 3355 952 3402 ut
980 3362 1076 3404 eos
1102 3348 1169 3402 ad
1204 3347 1610 3404 confessionem
1639 3346 1802 3399 talem
1836 3344 2021 3413 adigat
2052 3359 2065 3395 :
2103 3359 2120 3392 ‹
2153 3339 2243 3394 Dei
2270 3341 2448 3393 nostri
2477 3356 2578 3409 ope
2617 3357 2681 3395 ex
2732 3343 2898 3397 rebus
2933 3343 3165 3398 infirmis
3205 3347 3348 3399 vires
3383 3360 3670 3416 compara-

421 3433 740 3504 bimus.Et,
776 3435 895 3506 ipse
922 3435 1111 3492 hostes
1172 3444 1394 3492 nostros
1443 3441 1662 3490 atteret.
1693 3452 1712 3486 ι
1762 3431 1894 3486 ltcm
1928 3448 1940 3484 :
1974 3448 1992 3481 ι
2018 3426 2134 3483 Non
2182 3435 2373 3482 nostra
2418 3429 2622 3483 virtute
2674 3437 2835 3484 terrae
2886 3438 3090 3485 sortem
3114 3430 3293 3500 adepti
3327 3448 3540 3498 sumus,
3572 3434 3669 3488 sed

423 3501 653 3577 brachio
686 3501 816 3590 tuo;
837 3531 892 3577 et
919 3524 1040 3578 luce
1071 3522 1259 3578 vultus
1293 3523 1395 3577 tui.
1437 3543 1454 3574 ι
1506 3520 1602 3574 Sin
1635 3534 1765 3574 vero
1798 3518 1883 3572 his
1914 3516 2174 3570 omnibus
2204 3515 2469 3569 oblivioni
2503 3515 2724 3571 traditis
2756 3515 2823 3570 ad
2856 3516 3126 3571 idolorum
3161 3519 3371 3572 cultum
3420 3522 3665 3575 conversi

421 3608 659 3675 fueritis,
689 3609 897 3681 inquit,
925 3610 1173 3665 obtestor
1204 3611 1440 3664 virtutes
1473 3608 1725 3663 caelestes
1776 3612 2206 3698 terrestres-que,
2240 3603 2350 3705 iLtno
2382 3604 2500 3671 ipsa
2530 3619 2747 3701 quoque
2776 3604 3067 3703 elementa,
3096 3608 3665 3705 quaehna-vobiseum

421 3686 718 3766 Aigyptum
769 3696 1124 3769 reliquosque
1176 3697 1369 3752 hostes
1428 3702 1848 3764 expugnarunt,
1898 3704 2019 3760 quae
2068 3689 2196 3741 item
2252 3686 2521 3741 bonorum
2574 3691 2823 3744 omnium
2869 3692 3085 3761 c0piam
3119 3693 3276 3746 vobis
3325 3693 3394 3747 ab
3423 3694 3667 3748 omnium

420 3779 632 3852 Opiﬁce
671 3782 1136 3855 etl‘underejussa
1171 3791 1347 3850 sunt,
1396 3780 1543 3852 quod
1592 3779 1830 3850 perditio
1859 3791 1955 3831 vos
2010 3781 2333 3841 correptura
2387 3775 2481 3838 sit,
2542 3776 2851 3846 omniaque.
2897 3793 3020 3844 quae
3065 3777 3267 3834 incolis
3317 3788 3476 3835 terrae
3521 3781 3671 3835 intu-

421 3869 586 3935 listis,
618 3885 713 3925 vos
745 3886 967 3942 quoque
996 3871 1316 3941 perpessuri
1355 3871 1504 3926 sitis.
1535 3867 1690 3935 Quod
1725 3881 1856 3923 sane
1884 3862 2257 3918 Romanorum
2284 3861 2577 3918 obsidione
2609 3874 2752 3918 terra
2781 3865 2895 3920 illis
2923 3866 2995 3920 ob
3024 3865 3361 3936 impietatem
3392 3868 3669 3940 adempta,

422 3957 624 4013 factum
664 3967 770 4014 est.

493 4070 575 4124 Οὐ
609 4068 718 4138 γὰρ
758 4067 857 4123 διὰ
887 4068 1003 4138 τὴν
1042 4068 1438 4137 δικαιοσύνην
1485 4085 1622 4124 σου.
1650 4064 1985 4121 Χαυνοῦσθαι

2170 4056 2291 4111 Νοη
2313 4058 2450 4112 enim
2478 4068 2691 4127 propter
2714 4061 2983 4130 justitiam
3016 4071 3183 4116 tuam.
3214 4061 3333 4135 [IX,
3365 4064 3670 4137 4.]Gloria-

417 4161 505 4215 διὰ
537 4160 744 4215 τούτων
768 4163 1106 4231 ἀποτρέπει·
1135 4160 1231 4215 καὶ
1260 4161 1529 4214 δείκνυσιν
1564 4154 1730 4214 ἐκϐὰν
1763 4158 1821 4212 τὸ
1853 4175 1993 4228 προ-

419 4253 710 4323 ειρημένον
771 4254 908 4324 πρὸς
971 4254 1244 4326 Ἀϐραάμ.
1311 4253 1843 4323 Ἀναπεπλήρωνται·
1885 4252 1993 4320 γὰρ

419 4345 602 4399 λοιπὸν
658 4346 765 4399 τῶν
806 4347 1148 4418 Ἀμορραίων
1206 4348 1264 4402 αἱ
1313 4346 1600 4417 ἁμαρτίαι.
1660 4346 1778 4398 Ὅτι
1828 4345 1885 4397 δὲ
1930 4345 1991 4396 σὺ

417 4440 506 4492 διὰ
561 4438 658 4510 τὴν
705 4438 1055 4509 δικαιοσύνην
1108 4439 1275 4493 αὐτοῦ
1320 4442 1526 4505 ταῦτα,
1586 4441 1993 4519 ἀναμιμνήσκει

418 4528 641 4582 πάντων
679 4522 755 4584 ὧν
804 4526 1213 4601 ἡμαρτήκασιν,
1263 4531 1358 4599 ἀφ’
1406 4523 1467 4584 οὗ
1516 4530 1737 4601 ἐξῆλθον
1781 4529 1840 4596 ἐξ
1892 4531 1989 4582 Al-

418 4618 650 4686 γύπτου,
683 4619 743 4672 οὑ
787 4619 929 4673 κατὰ
972 4619 1146 4685 τάξιν,
1191 4620 1405 4684 ἀλλ’ὡς
1449 4622 1508 4675 ὲν
1549 4621 1828 4692 κεφαλαίῳ
1856 4621 1995 4691 πρὸς

415 4709 477 4761 τὸ
520 4710 823 4781 χρήσιμον,
872 4709 1229 4780 χειραγωγῶν
1276 4710 1478 4773 αὐτοὺς
1533 4710 1668 4780 πρὸς
1711 4710 1994 4765 εὐσέϐειαν

415 4802 666 4865 ἀπειλαῖς
701 4802 795 4856 καὶ
829 4801 1049 4873 ἀγαθῶν
1084 4803 1461 4872 ὑποσχέσεσιν.

2096 4149 2300 4203 tionem
2344 4150 2538 4204 borum
2573 4153 2853 4220 amolitur,
2904 4168 2967 4207 ac
3017 4157 3261 4211 ostendit
3308 4160 3559 4214 evenisse
3614 4161 3666 4213 id

2094 4240 2238 4310 quod
2305 4241 2618 4298 Abrahamo
2689 4253 2816 4300 ante
2866 4247 3214 4316 praedixerat
3258 4245 3328 4302 ⁸’.
3389 4251 3669 4322 Completa

2093 4334 2239 4387 enim
2302 4333 2563 4404 deinceps
2623 4335 2847 4392 fuerunt
2906 4347 3136 4409 peccata
3199 4344 3664 4400 Amorrhzeorum.

2093 4424 2249 4490 Quod
2284 4442 2412 4482 vero
2467 4422 2691 4498 prapter
2733 4430 3007 4500 justitiam
3045 4448 3199 4487 suam
3248 4435 3362 4489 haec
3398 4435 3508 4492 illis
3559 4453 3666 4491 non

2093 4516 2458 4583 obvenerint,
2510 4521 2756 4575 omnium
2805 4532 3152 4591 peccatorum
3205 4541 3327 4594 quae
3367 4528 3549 4582 statim
3600 4531 3668 4583 ab

2093 4621 2321 4678 egressu
2364 4624 2430 4664 ex
2471 4609 2707 4683 Egypto
2754 4616 3169 4682 commiserunt,
3219 4619 3665 4687 commonefacit,

2094 4714 2206 4754 non
2255 4700 2476 4771 quidem
2514 4703 2668 4772 juxta
2722 4707 2946 4773 seriem,
3001 4709 3097 4763 sed
3146 4710 3200 4763 in
3236 4726 3451 4766 summa
3485 4713 3643 4782 quasi

2096 4790 2366 4847 Caeterum
2429 4794 2552 4851 istis
2606 4812 2894 4866 poenarum
2926 4802 3478 4871 comminationibus,
3531 4822 3666 4874 pia:-

2098 4885 2450 4957 miorumque
2484 4888 2977 4959 pollicitationibus
3026 4910 3189 4949 manu
3218 4898 3374 4966 quasi
3414 4898 3481 4951 ad
3514 4898 3665 4952 utili-

2097 4978 2228 5033 tatis
2267 4978 2391 5046 iter,
2427 4982 2686 5050 pietatem
2727 4985 2984 5040 videlicet
3016 4987 3257 5042 deducit.

488 5087 554 5142 Et
590 5105 748 5155 nunc,
788 5088 981 5169 Israel,
1011 5092 1136 5161 quid
1162 5091 1291 5159 petit
1322 5089 1580 5144 Dominus
1614 5090 1718 5144 nisi
1747 5098 1802 5142 ut
1835 5089 2023 5145 timeas
2055 5090 2343 5147 Dominum
2378 5094 2543 5150 Deum
2582 5101 2775 5156 tuum?
2804 5098 2894 5173 [X.
2933 5100 3049 5174 12.]
3083 5100 3195 5156 lloc
3225 5112 3308 5158 est
3337 5104 3479 5172 quod
3497 5102 3663 5158 Joan~

412 5192 510 5232 nes
543 5177 677 5232 dicit
704 5196 718 5232 :
761 5176 1069 5247 «Praecepta
1094 5179 1271 5250 ipsius
1290 5194 1403 5233 non
1430 5187 1561 5233 sunt
1587 5177 1776 5248 gravia
1802 5178 1925 5256 δ’δ’
1944 5179 2074 5233 Item
2106 5180 2358 5239 Christus
2388 5185 2455 5240 ad
2482 5188 2735 5243 eumdem
2768 5189 2989 5244 modum
3015 5208 3028 5244 :
3051 5189 3279 5261 «Iugum
3307 5192 3452 5247 enim
3487 5208 3663 5247 meum

332 5266 337 5269 '
413 5261 618 5316 bonum
648 5272 754 5331 est,
804 5276 858 5318 et
890 5279 1031 5319 onus
1070 5281 1251 5320 meum
1290 5266 1409 5320 leve
1433 5264 1500 5318 ⁸⁸.
1546 5283 1565 5317 ι

480 5376 672 5453 Σιωπᾷ
718 5376 812 5430 νῦν
860 5378 960 5448 τὴν
996 5377 1259 5450 αἰσθητὴν
1299 5378 1624 5449 περιτομὴν,
1671 5380 1794 5431 ἐπεὶ
1826 5380 1985 5452 ἀκρό-

2168 5382 2435 5445 (Ζωιενιιτη
2492 5388 2714 5444 silentio
2767 5390 3028 5445 sensilem
3072 5391 3551 5448 circumcisionem
3609 5396 3664 5451 in

409 5465 597 5521 ευστοι
621 5464 762 5539 ἦσαν
785 5486 798 5499 ·
839 5468 1044 5539 Ἰησοῦς
1089 5470 1196 5541 γὰρ
1229 5470 1427 5533 αὐτοὺς
1456 5471 1515 5523 ἐν
1553 5470 1855 5538 Γαλγάλοις
1884 5490 1983 5525 πε-

480 5647 528 5679 ’¹⁶
561 5645 706 5701 Psal.
738 5664 900 5711 xxxv,
931 5648 985 5703 9.
1062 5648 1104 5680 ⁷³
1134 5647 1280 5705 Psal.
1311 5665 1435 5714 ην,
1464 5649 1517 5704 5.

342 5732 349 5737 .
407 5716 452 5746 τι
478 5715 636 5771 ’03".
666 5735 749 5783 xv,
783 5719 835 5771 5,
936 5719 982 5750 ’⁸
1019 5718 1177 5773 Cant.
1214 5734 1290 5780 tv,
1330 5720 1413 5773 II.

408 5784 450 5817 "
478 5786 617 5843 Gen.
650 5805 737 5853 xv,
771 5789 855 5841 16.
932 5789 976 5819 ⁸³
1003 5787 1021 5841 l
1053 5789 1213 5845 Joan.
1240 5804 1292 5853 v,
1462 5790 1506 5822 ⁸³
1535 5790 1724 5845 Matth.
1756 5807 1831 5857 xl,
1864 5790 1951 5844 '50.

1592 5650 1637 5679 τ’
1672 5648 1831 5703 Joan.
1862 5666 1959 5715 vn,
1991 5650 2081 5719 '57,
2115 5654 2202 5709 58.
2280 5655 2326 5687 ⁷³
2346 5652 2495 5709 Jonas
2535 5671 2594 5719 ιι,
2636 5655 2689 5712 ϐ.

1524 5720 1568 5750 ⁷⁷
1602 5719 1770 5775 Zach.
1808 5737 1879 5779 Ix.
1916 5722 2003 5776 16.

2093 5477 2380 5542 praesentia
2416 5480 2676 5548 praeterit,
2702 5494 2826 5534 cum
2869 5490 3046 5536 tamen
3079 5484 3402 5553 praaputium
3438 5488 3665 5547 ferrem.

2786 5656 2835 5690 ⁷⁸
2892 5657 3086 5715 Matth.
3147 5677 3253 5724 xw,
3290 5662 3395 5729 2|;
3438 5681 3523 5727 xv,
3571 5669 3605 5723 5

2115 5686 2202 5709 υο.
2310 5686 2317 5687 ί
2346 5686 2495 5709 συιιιιῑ
2535 5686 2594 5719 II,
2636 5686 2689 5712 υ.
2793 5686 2830 5690 "
2892 5686 3086 5715 mauu.
3148 5686 3253 5724 XIV,
3293 5686 3395 5729 τις
3438 5686 3523 5727 XV,
3571 5686 3659 5723 οἱ).

2113 5726 2159 5756 ⁷⁸
2193 5727 2347 5781 Deut.
2399 5742 2517 5792 VIII,
2552 5728 2603 5783 9.
2723 5728 2768 5762 ⁷⁹
2801 5729 2906 5784 lsa.
2939 5746 3027 5798 ιχ,
3058 5731 3146 5788 17.
3245 5733 3290 5765 ⁸ο
3341 5735 3446 5789 lsa.
3500 5753 3561 5799 It,
3607 5741 3659 5793 4.
