4010 6230
437 354 544 415 903

1775 335 2128 442 Phocortt
2169 361 2410 420 BAL-El
3595 362 3685 425 amt

437 467 607 520 .losue
637 465 782 520 enim
823 463 990 538 439
1035 469 1090 522 in
1123 467 1354 539 Gilgalis
1391 467 1741 524 circumcidit
1775 487 1890 526 eos.
1927 470 2027 526 Ve-

2141 475 2357 545 ριέτεμε
2396 491 2408 506 ·
2445 475 2545 547 τὴν
2580 476 2634 530 δέ
2669 477 2767 548 τῆς
2822 478 3070 550 καρδίας,
3113 475 3189 540 ὡς
3240 476 3564 545 τιμιωτέραν
3595 478 3678 530 ὑπ-

438 572 560 610 ι·υιιι
589 557 776 611 cordis
818 558 1194 613 concisionem
1245 574 1343 613 ceu
1395 558 1701 628 digniorem
1759 563 1878 616 loco
1906 563 2025 632 eius

441 647 648 714 posuit.

2139 569 2356 624 ἔϐαλεν.

507 753 648 809 Deus
670 755 907 810 deorum.
935 753 1074 827 [ιλ]
1107 754 1182 811 De
1206 756 1488 825 judicibus
1546 760 1971 830 intelligendum
2031 763 2132 816 hoc
2181 771 2282 817 est.
2313 761 2446 816 Nam
2483 762 2792 831 Apostolus
2821 779 3044 836 quoque
3083 779 3180 820 eos
3221 764 3312 836 qui
3345 763 3686 817 dicunturdii

439 857 538 896 nec
571 845 624 897 in
653 845 798 898 caelo
833 858 935 899 nec
960 845 1012 898 in
1052 853 1200 901 terra
1229 861 1376 910 esse,
1411 851 1650 913 asserit;
1689 863 1717 901 a
1756 849 2078 904 cultoribus
2114 866 2210 905 seu
2245 850 2635 905 adoratoribus
2678 866 2810 904 vero
2864 854 2980 908 suis
3010 851 3089 906 dii
3138 849 3270 904 dicti
3305 856 3439 905 sunt
3455 849 3520 902 “.
3550 849 3687 914 Quod

443 945 574 985 vero
602 932 824 1001 jndiees
868 931 1158 1004 Scriptura
1221 935 1363 990 Deos
1433 947 1736 1006 nnncupet,
1778 937 2044 991 indicium
2081 937 2291 992 faciunt
2319 937 2685 1008 Symmachus
2721 947 2777 992 et
2801 939 3031 1008 Aquilas
3055 938 3148 1008 qui
3177 936 3392 992 dictum
3422 936 3578 1001 illud,
3611 937 3690 989 ubi

438 1019 677 1086 positum
700 1030 802 1085 est,
837 1019 1081 1075 adduces
1111 1036 1237 1076 eum
1280 1024 1346 1076 ad
1386 1022 1648 1086 tribunal,
1673 1023 1901 1078 adduces
1929 1041 2048 1079 eum
2079 1025 2148 1078 ad
2181 1024 2327 1088 deos,
2361 1032 2490 1078 sunt
2525 1024 2896 1094 interpretati.

507 1151 700 1208 Denuo
747 1167 882 1206 vero
922 1167 1010 1207 res
1050 1154 1106 1206 in
1147 1151 1388 1224 )Egyplo
1459 1163 1511 1208 et
1551 1155 1774 1211 deserto
1843 1167 2028 1226 gestas

438 1247 494 1301 in
549 1247 875 1302 memoriam
930 1247 1266 1311 inculcavit,
1325 1248 1572 1318 adeoque
1633 1252 1702 1305 ab
1749 1251 2028 1306 oblivione

439 1354 632 1393 eorum
685 1353 936 1394 asserere
995 1337 1192 1393 sedulo
1263 1347 1498 1396 conatus
1529 1349 1636 1406 est,
1671 1340 1831 1411 juxta
1871 1341 2026 1396 Pauli

437 1431 774 1498 exemplum,
805 1431 896 1500 qui
943 1430 1124 1506 inquit
1175 1447 1190 1486 :
1231 1450 1248 1481 ι
1280 1427 1528 1497 Fratres,
1560 1432 1808 1487 eamdem
1869 1434 2029 1489 vobis

439 1522 674 1576 subinde
711 1520 1046 1576 cantilenam
1081 1535 1284 1576 canere
1335 1522 1467 1576 mihi
1506 1522 1729 1592 quidem
1765 1538 1874 1578 non
1904 1538 2025 1578 mo-

439 1613 664 1678 lestum,
697 1613 856 1667 vobis
881 1629 1008 1667 vero
1034 1614 1168 1668 utile
1203 1613 1369 1668 est".
1399 1633 1418 1666 ι

508 1706 577 1761 Ει
611 1715 879 1760 moverunt
915 1721 980 1759 ea:
1030 1706 1248 1763 Beroth.
1295 1705 1400 1779 [6.]
1437 1705 1618 1776 Supra
1673 1707 1726 1762 in
1776 1706 2031 1764 Numeris

2204 1154 2376 1208 Πάλιν
2409 1155 2692 1227 ὑπέμνησε
2716 1159 2825 1210 τῶν
2859 1161 2915 1210 ἐν
2952 1158 3214 1229 Αἰγύπτῳ
3275 1159 3372 1212 καὶ
3408 1161 3474 1228 τῇ
3499 1158 3691 1229 ἐρήμῳ,

2135 1248 2354 1318 μνήμην
2384 1247 2616 1316 ἄληπτον
2657 1249 2842 1311 αὐτοῖς
2903 1247 3202 1320 ἐμποιῆσαι
3238 1249 3580 1316 σπουδάζων,
3612 1268 3694 1302 κα-

2129 1339 2198 1392 τὰ
2247 1341 2338 1391 τὸν
2401 1340 2627 1406 λέγοντα
2659 1341 2871 1395 Παῦλον
2911 1358 2926 1374 ·
2994 1361 3012 1395 ι
3055 1342 3322 1412 ’Δδελφοὶ,
3355 1341 3418 1397 τὸ
3462 1343 3532 1396 τὰ
3573 1344 3696 1397 αὐτὰ

2130 1431 2338 1499 λέγειν,
2405 1432 2528 1500 ἐμοὶ
2595 1431 2694 1502 μὲν
2757 1433 2858 1486 οὐκ
2904 1433 3172 1504 ὀκνηρὸν,
3237 1435 3373 1506 ὑμῖν
3426 1435 3486 1490 δέ
3538 1435 3696 1505 ἀσφα-

2132 1521 2280 1584 λές.»

2211 1706 2319 1760 Kal
2353 1705 2598 1774 ἀπῆραν
2639 1706 2707 1761 ἐκ
2742 1707 2967 1776 Βηρώθ.
3001 1707 3148 1760 Ἀνω
3195 1708 3252 1760 ἐν
3281 1710 3399 1772 τοῖς
3443 1707 3698 1780 Ἀριθμοίς

437 1815 562 1854 cum
603 1800 870 1854 stationes
917 1813 982 1852 ac
1018 1800 1384 1870 migrationes
1435 1801 1673 1856 ﬁliorum
1733 1800 1902 1857 lsrael
1942 1816 2027 1856 re-

2133 1800 2450 1868 καταλέγων
2498 1801 2624 1862 τοὺς
2674 1800 2951 1869 σταθμοὺς
3003 1799 3102 1854 καὶ
3155 1798 3256 1864 τὰς
3287 1800 3554 1870 ἐπάρσεις
3603 1799 3700 1852 τῶν

436 1899 712 1956 censeret,
747 1891 956 1944 nullam
997 1892 1101 1944 loci
1141 1892 1308 1962 hujus
1335 1895 1669 1947 mentionetn
1704 1891 1856 1948 fecit.
1884 1893 2031 1947 Tan-

439 1995 550 2038 tum
603 1983 747 2038 enim
807 1983 1010 2038 dixit“
1082 1985 1359 2040 Aaronem
1409 1985 1465 2040 in
1523 1995 1712 2041 monte
1775 1986 1849 2040 Or
1908 1987 2024 2040 vita

436 2076 764 2130 defunctum
795 2091 939 2131 esse.
976 2073 1090 2130 Illic
1150 2077 1298 2132 enim
1353 2077 1750 2146 compendiose
1776 2091 1840 2130 ac
1873 2092 2027 2132 sum-

439 2169 627 2222 matim
654 2167 936 2236 attingens
967 2167 1179 2232 omnia,
1210 2168 1329 2222 loca
1354 2175 1409 2222 et
1437 2176 1684 2238 tempora
1705 2169 1901 2224 ordine
1929 2183 2032 2224 suo

439 2274 873 2314 commemorare
920 2258 1129 2314 omisit.
1166 2259 1473 2328 Antequam
1520 2259 1667 2314 enim
1699 2259 1753 2313 in
1777 2257 1851 2312 0r
1873 2274 2030 2314 mon-

440 2358 548 2405 tem
578 2350 887 2414 venissent,
933 2350 1156 2418 vitaque
1191 2350 1376 2402 Aaron
1409 2347 1710 2403 defunctus
1772 2360 1943 2410 esset,
1975 2351 2030 2404 in

437 2441 662 2512 Gadgad
702 2449 756 2496 et
803 2441 1066 2496 Etebatlta
1124 2445 1416 2495 venerunt.
1487 2438 1590 2494 llic
1650 2455 1779 2494 vero
1833 2439 2030 2495 ordine

438 2537 763 2608 retrogrado
784 2544 1096 2590 enumerat.
1121 2533 1191 2588 Et
1217 2547 1440 2587 rursum
1473 2531 1541 2585 ad
1583 2531 1768 2601 priora
1795 2531 2028 2587 reverti-

439 2641 550 2697 tur,
585 2645 709 2685 eum
743 2629 966 2698 inquit:
1016 2643 1036 2678 ι
1064 2625 1140 2684 Eo
1167 2635 1420 2694 tempore
1452 2623 1734 2693 separavit
1762 2621 2030 2678 Dominus

437 2725 646 2778 tribum
705 2720 856 2775 Levi.
905 2738 926 2776 ι
987 2717 1144 2774 Istud
1198 2731 1328 2772 vero
1386 2715 1518 2770 fecit
1557 2716 1612 2768 in
1651 2724 1835 2771 monte
1871 2715 2026 2778 Sina,

437 2815 531 2869 ubi
577 2812 945 2884 quadraginta
992 2810 1192 2864 diebus
1249 2817 1306 2864 et
1359 2808 1618 2862 noctibus
1676 2823 1774 2877 pro
1827 2807 2028 2878 populo

440 2906 675 2960 cadente
705 2903 997 2958 Domintuu
1028 2901 1358 2970 deprecatus
1380 2907 1488 2954 est.

517 2996 612 3052 Ubi
640 2992 948 3049 seminabas
1006 3009 1182 3046 semen
1244 2998 1484 3053 tuum,et
1535 2989 1752 3060 rigabas
1811 2989 2027 3058 pedibus

441 3089 586 3150 tuis,
635 3082 1076 3157 quemadmodum
1152 3082 1366 3138 hortum
1424 3081 1654 3138 olerum.
1714 3079 2025 3153 [_Xl,10.]

2133 1892 2268 1946 υἱῶν
2304 1891 2540 1965 Ἰσραὴλ,
2592 1892 2693 1946 οὐκ
2746 1890 2994 1962 ἐμνήσθη
3025 1891 3118 1945 τοῦ
3143 1892 3312 1946 τόπου
3347 1893 3538 1944 τούτου
3559 1909 3571 1921 ·
3598 1888 3700 1943 ἀλλ’

2133 1985 2256 2039 εἷπε
2313 1985 2404 2039 τὸν
2441 1985 2651 2056 Ἀαρὼν
2693 1987 2750 2039 ἐν
2777 1987 2878 2056 Ὤρ
2928 1983 3006 2056 τῷ
3062 1983 3182 2056 ὄρει
3235 1983 3698 2054 τετελευτηκέναι.

2145 2077 2409 2132 Ἐνταῦοα
2469 2077 2577 2148 γὰρ
2608 2079 2666 2131 ἐν
2716 2078 2953 2148 ἐπιτομῇ
3018 2073 3616 2146 ἀνακεφαλαιοὺμενος,
3646 2073 3699 2125 οὐ

2135 2171 2408 2241 μέμνηται
2454 2169 2596 2224 κατὰ
2647 2168 2818 2236 τάξιν·
2854 2167 2964 2221 τῶν
3010 2167 3276 2237 τόπων,ἢ
3308 2167 3420 2220 τῶν
3486 2164 3698 2236 καιρῶν.

2133 2265 2242 2317 Καὶ
2265 2263 2374 2334 γὰρ
2408 2261 2536 2332 πρὶν
2569 2260 2744 2315 ἐλθεῖν
2770 2263 2826 2313 ἐν
2855 2260 2956 2332 Ὢρ
2987 2259 3068 2330 τῷ
3098 2260 3215 2331 ὄρει
3257 2243 3380 2313 και
3463 2255 3702 2327 τελευτῆ-

2135 2371 2224 2410 σαι
2248 2355 2339 2409 τὸν
2355 2354 2586 2426 Ἀαρὼν,
2620 2349 2787 2425 ἦλθον
2813 2353 2894 2418 εἰς
2929 2353 3140 2420 Γαδγὰδ
3166 2353 3262 2406 καὶ
3290 2353 3382 2416 είς
3421 2351 3690 2406 Ἐτεϐαθά.

2143 2445 2408 2501 Ἐνταῦθα
2433 2445 2489 2498 δέ
2517 2444 2746 2510 ἐναλλάξ
2780 2462 2914 2515 φησι
2937 2483 2956 2512 ,
3007 2445 3100 2498 καὶ⁵
3132 2445 3296 2498 πάλιν
3346 2442 3696 2514 ἐπανατρέχει

2129 2537 2221 2591 ἐπὶ
2270 2537 2339 2590 τὰ
2379 2537 2644 2608 πρότερα,
2703 2536 2881 2606 λέγων
2906 2553 2920 2568 ·
2964 2555 2982 2589 ι
3025 2537 3114 2590 Ἐν
3162 2537 3366 2608 ἐκείνῳ
3407 2536 3488 2606 τῷ
3511 2533 3698 2605 »καιρῷ

2128 2622 2392 2678 διέστειλε
2420 2622 2627 2694 Κύριος
2669 2623 2769 2696 τὴν
2809 2625 2984 2696 φυλὴν
3013 2625 3167 2680 Aeoli.
3189 2643 3209 2678 ι
3244 2625 3500 2682 Τοῦτοδέ
3525 2623 3688 2694 ἐποίηο

2132 2733 2224 2770 σεν
2254 2718 2312 2770 ἐν
2346 2716 2424 2786 τῷ
2449 2715 2565 2788 ὄρει
2615 2717 2776 2782 Σινᾶ,
2853 2714 2986 2770 ὅπου
3033 2717 3130 2771 καὶ
3157 2719 3217 2770 ἐν
3254 2714 3306 2788 μ’
3334 2717 3568 2790 ἡμέραις
3615 2715 3698 2770 καὶ

2130 2809 2280 2876 νυξὶν
2305 2811 2406 2864 ὐπε
2417 2810 2654 2884 ρηύξατο
2676 2809 2772 2864 τοῦ
2803 2809 2939 2863 λαοῦ
2972 2810 3329 2876 πταίσαντος.

2205 2993 2371 3046 Ἔστι
2401 2991 2512 3062 γὰρ
2543 2991 2620 3062 γῆ
2645 2993 2736 3059 εις
2765 2991 2846 3060 ἣν
2862 2992 2944 3048 σὺ
2975 2993 3406 3063 εὶσπορεύῃμ..
3428 2991 3524 3050 και
3543 2990 3693 3047 ποτί-
3768 3023 3782 3038 ι

2129 3084 2267 3145 (cum
2291 3084 2417 3150 τοῖς
2437 3085 2624 3139 ποσὶν
2653 3083 2871 3148 αὐτῶν,
2929 3085 3071 3138 ὡσεὶ
3127 3085 3339 3156 κῆπον
3397 3085 3692 3154 Iaxartae.
3780 3093 3784 3097 '

443 3183 648 3240 Deinde
679 3183 866 3238 addit:
897 3201 916 3234 ι
940 3180 1075 3235 Nam
1105 3181 1248 3238 Deus
1277 3181 1499 3252 inspicit
1522 3192 1726 3236 terram
1747 3181 1974 3252 jugiter,
2002 3200 2018 3234 ι

2134 3176 2577 3249 [Ἐπισκοπεῖται
2610 3177 2708 3247 τῆς
2730 3176 3062 3246 ἐπαγγελίας
3096 3177 3196 3248 τὴν
3245 3177 3356 3248 γῆν
3401 3174 3692 3238 διαπαντὸς,

442 3289 538 3328 seu
577 3291 594 3321 ι
621 3271 884 3340 Explorat
923 3287 1067 3338 eam,
1097 3290 1116 3322 ι
1157 3271 1462 3326 secundum
1497 3274 1638 3327 alios
1672 3273 2026 3344 interpretes.

442 3365 621 3436 lnquit
672 3365 862 3430 etiam,
895 3365 1041 3434 quod
1082 3383 1100 3416 ι
1135 3365 1292 3419 Oculi
1336 3365 1555 3419 Domini
1613 3364 1706 3419 Dei
1765 3381 1932 3436 super
1964 3379 2050 3420 ea‘

439 3460 549 3513 sint
576 3459 644 3512 ab
674 3459 832 3513 initio
873 3457 1004 3512 anni
1052 3473 1229 3527 usque
1277 3457 1344 3512 ad
1381 3457 1542 3512 linem
1593 3457 1744 3511 anni.
1785 3477 1803 3509 ι
1838 3458 1907 3512 At
1943 3458 2030 3514 bis

443 3551 668 3621 quidem
699 3550 929 3621 puerilis
987 3549 1150 3604 Israel
1209 3551 1441 3619 regitur,
1491 3549 1649 3605 nobis
1690 3564 1821 3605 vero
1871 3551 2029 3620 juxta

443 3659 696 3698 normam
728 3643 958 3712 spiritus
988 3640 1340 3697 cxtendenda
1363 3651 1511 3697 sunt.
1545 3641 1669 3712 lpse
1699 3642 1846 3697 enim
1883 3641 2029 3697 Deus

442 3738 613 3790 totius
667 3735 858 3790 mundi
907 3734 1132 3790 fabrica:
1183 3733 1369 3804 opifex
1422 3744 1530 3799 est,
1557 3742 1614 3789 et
1646 3732 2029 3789 misericordia

438 3831 561 3900 ejus
599 3828 801 3883 referta
841 3837 932 3884 est
969 3837 1140 3883 terra.
1171 3826 1390 3898 Saapius
1417 3842 1546 3882 vero
1575 3834 1782 3882 terram
1814 3826 1886 3881 ob
1915 3827 2032 3897 pie-

443 3930 608 3976 tatem
643 3922 952 3976 incolarnm
1003 3920 1251 3990 inspicit.
1313 3919 1481 3990 Atqui
1521 3928 1667 3975 terra
1716 3919 2028 3988 spiritualis

438 4015 759 4070 cmlestibus
815 4013 1088 4068 imbribus
1139 4014 1532 4076 humectatur,
1589 4011 1908 4082 nullamque
1959 4026 2027 4066 ex

439 4111 628 4162 mundi
663 4105 936 4177 sapientia
968 4115 1216 4172 terrena,
1249 4106 1356 4160 sub
1380 4104 1616 4174 pedibus
1641 4105 1762 4173 ejus
1796 4109 2027 4174 prepter

438 4201 860 4272 depressionem
901 4212 964 4253 ac
1005 4196 1372 4267 abjectionem
1405 4203 1568 4250 terra:
1597 4193 1784 4263 hujus,
1819 4199 2027 4264 partem

439 4294 604 4364 capit.
639 4291 892 4348 Ecclesia
957 4290 1144 4360 itaque
1198 4298 1306 4354 est,
1342 4303 1508 4361 quam
1559 4286 1702 4342 Deus
1729 4287 1932 4357 jugiter
1960 4287 2029 4342 ab

444 4385 599 4465 initio
632 4385 762 4438 anni
823 4382 1010 4447 electi,
1038 4381 1197 4450 juxta
1225 4378 1424 4436 Isaiam
1443 4379 1512 4444 ³⁷,
1561 4395 1736 4450 usque
1763 4378 1830 4432 ad
1864 4380 2026 4434 linem

2129 3269 2298 3340 ἤγουν
2327 3271 2550 3340 ἐκζητεί
2586 3269 2778 3340 αὐτὴν,
2824 3269 2970 3324 κατὰ
3022 3269 3150 3332 τοὺς
3195 3267 3396 3334 ἄλλους
3450 3269 3696 3339 ἑρμηνευ-

2127 3361 2272 3434 τάς.]
2301 3359 2486 3416 Ταῦτα
2513 3362 2570 3416 δέ
2598 3363 2892 3432 λεγόμενα,
2927 3362 3019 3415 τὸν
3071 3361 3172 3432 μὲν
3208 3361 3547 3434 μειρακιώδη
3576 3375 3694 3429 προ-

2127 3454 2385 3526 τρέπεται
2418 3453 2660 3524 Ὶσραὴλ,
2697 3455 2830 3525 ἡμῖν
2859 3454 2916 3508 δὲ
2949 3453 3158 3523 νοητῶς
3189 3455 3504 3509 ἐπιϐάλλειν
3554 3451 3694 3505 δίδωο

2130 3562 2184 3598 σι
2221 3545 2330 3617 (88)
2370 3547 2482 3608 τοῖς
2538 3545 2876 3616 λεγομένοις.
2921 3545 3095 3608 Αὐτὸς
3143 3546 3252 3617 γάρ
3309 3547 3456 3598 ἐστιν
3484 3541 3697 3607 ὑπάτης

2127 3638 2227 3707 τῆς
2250 3637 2483 3701 κτίσεως
2516 3637 2768 3708 ποιητὴς,
2796 3637 2890 3690 καὶ
2935 3637 3033 3690 τοῦ
3067 3637 3252 3700 ἐλέους
3287 3637 3455 3691 αὑτοῦ
3502 3634 3696 3704 πλήρης

2130 3731 2164 3801 ἡ
2189 3729 2292 3800 γῆο
2347 3729 2443 3784 καὶ
2479 3729 2540 3782 οὐ
2577 3729 2776 3800 μᾶλλον
2809 3729 2923 3798 (89)
2971 3728 3181 3798 ταύτην
3206 3731 3382 3801 ἐφορᾷ
3413 3728 3446 3800 ἢ
3478 3725 3694 3792 ἐκείνην.

2130 3822 2178 3873 εί
2209 3819 2283 3892 μή
2314 3838 2367 3874 τι
2396 3819 2484 3874 διὰ
2505 3819 2606 3890 τὴν
2638 3820 2746 3873 τῶν
2765 3819 3071 3891 οἰκητόρων
3108 3820 3422 3875 εὐσέϐειαν.
3454 3817 3622 3884 ὐπερ
3647 3814 3695 3866 δὲ

2129 3908 2308 3978 εἷπον,
2363 3911 2580 3966 δίδωσιν
2625 3915 2849 3976 ἐννοεῖν,
2903 3911 2980 3975 ὠς
3015 3913 3080 3966 οὐ
3113 3913 3242 3981 περὶ
3292 3915 3397 3984 γῆς
3457 3907 3697 3978 αἰσθητῆς

2129 4007 2316 4068 αὐτοῖς
2343 4003 2638 4074 διελέγετο,
2691 4003 2829 4057 ἀλλὰ
2859 4005 2985 4076 περὶ
3017 4005 3217 4076 νοητῆς
3266 4007 3363 4060 καὶ
3396 4008 3505 4068 τοῖς
3536 4002 3591 4066 ἐξ
3615 4001 3687 4052 οὐ·

2133 4096 2294 4169 ρανοῦ
2323 4097 2553 4170 ὄμϐροις
2597 4095 2979 4169 πιαινομὲνης.
3039 4097 3134 4152 καὶ
3173 4097 3341 4170 μηδὲν
3372 4099 3436 4152 ἐκ
3467 4095 3562 4166 τῆς
3610 4091 3691 4146 τοῦ

2130 4188 2334 4259 κόσμου
2387 4187 2580 4258 σοφίας
2619 4187 2714 4241 καὶ
2761 4188 2958 4258 γηῒνης
3011 4187 3553 4260 μεταλαμϐανούσης,
3604 4183 3689 4252 τῆς

2131 4280 2237 4335 ὑπὸ
2263 4280 2430 4344 πόδας
2454 4279 2736 4351 κειμένης,
2763 4279 2930 4333 διὰτὸ
2945 4279 3202 4334 ταπεινὸν
3224 4282 3324 4334 καὶ
3353 4275 3686 4350 χαμαίζηλον.

2130 4373 2348 4445 Ταύτην
2379 4374 2478 4439 τὴν
2508 4373 2630 4443 γῆν,
2665 4373 2843 4428 εῖτουν
2870 4371 2968 4444 τὴν
3015 4373 3372 4444 Ἐκκλησίαν,
3427 4366 3693 4428 διαπαντὸς

438 4459 560 4543 «jus
611 4474 855 4543 inspicit.
892 4471 946 4527 lu
983 4487 1094 4543 quo
1149 4471 1344 4526 imbris
1392 4473 1569 4526 instar
1635 4470 1729 4525 Dei
1791 4469 2021 4524 verbum

2133 4469 2305 4540 ἐφορᾷ
2329 4470 2358 4522 ὁ
2385 4467 2539 4536 Θεὸς,
2571 4469 2666 4522 ἀπ’
2690 4468 2865 4540 ἀρχῆς
2914 4485 2974 4522 τε
3025 4467 3122 4523 τοῦ
3173 4469 3422 4524 ἐνιαυτοῦ
3474 4465 3576 4538 (90)
3613 4459 3693 4555 και

439 4583 602 4635 super
657 4576 861 4620 terram
915 4575 1003 4619 est
1059 4565 1369 4636 delapsum,
1411 4563 1504 4632 qui
1575 4563 1737 4617 ctiam
1798 4561 2023 4631 inapicit

2133 4560 2232 4624 ἕως
2281 4562 2380 4631 τῆς
2427 4560 2739 4627 συντελεῖας
2771 4561 2866 4616 τοῦ
2908 4562 3194 4618 ἐνιαυτοῦο
3233 4562 3425 4617 τοῦτον
3463 4563 3565 4632 γὰρ
3610 4551 3692 4607 καὶ

439 4673 604 4727 super
634 4671 829 4711 oznnes
864 4656 956 4726 qui
985 4655 1289 4710 habitatam
1325 4655 1500 4724 ipsius
1529 4652 1833 4708 Ecclesium
1864 4654 2022 4707 ineo-

439 4751 556 4804 lunt
591 4768 606 4804 :
645 4747 848 4803 IOCllli
917 4748 1063 4802 enim
1127 4747 1249 4816 ejus
1309 4746 1479 4816 justis
1532 4753 1662 4802 sunt
1709 4745 1926 4814 intenti,
1958 4759 2024 4800 ac

437 4857 599 4896 aures
629 4842 805 4912 ipsius
847 4841 1151 4909 precationi
1183 4841 1426 4912 ipsorum
1450 4839 1517 4892 ⁸⁸.
1546 4857 1564 4889 ι

2132 4651 2396 4707 ἐκάλεσεν
2437 4653 2668 4718 Ἡσαΐας
2709 4653 2960 4707 ἐνιαυτὸν
3007 4654 3217 4725 Κυρίου
3256 4655 3480 4719 δεκτὸν,
3525 4643 3692 4704 καο⁹ὂ

2132 4743 2509 4814 ἐπέλαμψενὸ
2548 4746 2846 4816 μονογενὴς
2908 4743 3003 4798 τοῦ
3053 4743 3190 4798 Θεοῦ
3247 4747 3444 4814 Λόγος,
3494 4741 3579 4796 καὶ
3626 4735 3690 4796 ὡς

2136 4834 2288 4899 ὑετὸς
2347 4835 2551 4907 κατέϐη
2586 4837 2678 4890 ἐπὶ
2705 4839 2804 4907 τὴν
2837 4839 2941 4908 γῆν
2966 4853 2980 4866 ’
3016 4838 3111 4892 καὶ
3139 4839 3429 4892 ἐπιϐλέπει
3463 4835 3549 4888 ἐπὶ
3570 4831 3690 4884 πᾶν·

435 4953 533 4998 τας
581 4939 706 5002 τοὺς
757 4935 1146 4997 κατοικοῦντας
1205 4933 1304 5001 τὴν
1369 4931 1718 5002 οἰκουμένην,
1771 4929 2018 4984 τουτέστι
2092 4929 2198 5000 τὴν
2240 4927 2411 4982 αὐτοῦ
2470 4928 2820 5000 Ἐκκλησίαν.
2886 4947 2906 4981 ι
2944 4929 3008 4983 Ol
3052 4929 3322 5000 ὀφθαλμοὶ
3361 4929 3467 5000 γὰρ
3521 4918 3689 5004 aurai,

437 5030 621 5100 φησὶν,
649 5031 737 5083 ἐπὶ
772 5029 1037 5091 δικαίους,
1102 5026 1197 5080 καὶ
1239 5019 1356 5078 ὦτα
1396 5023 1566 5079 αὑτοῦ
1611 5025 1690 5086 εἰς
1724 5021 1910 5094 δέησιν
1944 5021 2147 5075 αὐτῶν.
2182 5040 2200 5072 ι

511 5125 891 5196 Tempestivam
923 5138 970 5179 ct
1005 5105 1320 5178 serotinum.
1355 5118 1497 5193 [ιι]
1541 5104 1818 5174 titulorum
1854 5117 2018 5172 nobis

437 5221 864 5290 pt-t‘fcctioribns
888 5217 1270 5290 tempestivam
1308 5213 1532 5284 quidem
1569 5227 1662 5282 per
1699 5211 2017 5281 prophetas,

436 5402 481 5432 ⁸⁵
515 5399 688 5456 lCor.
723 5414 843 5464 vm,
870 5399 922 5462 5,
950 5399 1002 5452 6.
1088 5400 1132 5430 ⁸⁵
1161 5397 1397 5468 Philipp.
1436 5413 1518 5460 ιιι,
1547 5397 1596 5450 l.

1680 5397 1725 5426 ⁸⁸
1749 5394 2028 5458 Nnm.xx,
2068 5395 2158 5450 27.
2239 5394 2283 5425 ⁸⁷
2321 5395 2426 5453 lsa.
2467 5411 2578 5460 ut,
2677 5400 2732 5469 2,

2204 5116 2476 5186 Πρὼηιον
2506 5117 2604 5169 καὶ
2659 5115 2901 5185 ὄψιμον.
2945 5113 3187 5189 Ἦμῖιῖδέ
3222 5121 3334 5183 τοῖς
3362 5113 3691 5182 τελειοτέροις

2127 5211 2222 5265 τὸν
2260 5209 2346 5262 διὰ
2379 5211 2484 5262 τῶν
2542 5210 2838 5280 προφητῶν
2896 5210 3149 5283 πρὼῖμον
3205 5212 3352 5276 ὄντα,
3387 5207 3581 5264 καὶτὸν
3612 5198 3690 5255 ἐπὶ

2843 5397 2888 5428 ⁸⁸
2910 5398 3058 5453 Psal.
3083 5411 3278 5462 nam,
3311 5395 3394 5450 16.

1969 5517 2204 5574 NOTAE.

498 5611 608 5682 (84)
669 5611 863 5682 Ἣμᾶς
897 5611 954 5664 δέ
997 5611 1212 5682 νοητῶς
1251 5608 1567 5664 ἐπιϐάλλειν
1623 5612 1799 5664 ποιεῖ.
1857 5610 2029 5674 Αὐτὸς

437 5680 569 5748 γὰρ.
593 5680 686 5732 ’κτ.
735 5682 793 5734 Ὀ
816 5681 912 5747 τῆς
944 5680 1091 5749 Λῦγ.
1112 5680 1243 5734 κὼδ.

511 5749 624 5822 (85])
661 5751 830 5822 Πλὲον
849 5751 903 5802 δέ
932 5750 1036 5822 γῆν
1075 5752 1250 5822 ἐφοοᾷ
1291 5751 1378 5803 διὰ
1419 5752 1518 5822 τὴν
1552 5751 1663 5803 τῶν
1722 5750 2030 5822 οἰκητόρων

439 5819 739 5872 εὐσέϐειαν.
778 5821 840 5871 'll
872 5821 1037 5890 νοητὴ
1064 5821 1116 5872 δέ
1147 5819 1235 5891 γῆ
1255 5819 1530 5892 οὐρανίοις
1559 5823 1787 5893 ὄμϐροις
1813 5819 2028 5876 πιαίνε-

2127 5628 2238 5664 ται.
2275 5612 2460 5680 Μηδὲν
2483 5615 2548 5666 ἐκ
2570 5612 2691 5682 τῆς,
2721 5628 2808 5667 κτ.
2841 5611 2902 5664 Ὀ
2928 5613 3049 5665 αὐτ.
3323 5681 3329 5682 γ
3463 5675 3478 5682 _
3635 5659 3680 5682 _,

2205 5682 2316 5752 {90)
2351 5675 2456 5736 Τοῦ
2484 5675 2744 5736 ἐκλεκτοῦ
2773 5723 2787 5742 ,
2834 5684 2974 5736 κατὰ
3020 5683 3112 5736 τὸν
3175 5681 3422 5743 Ἥσαῗαν,
3461 5675 3684 5732 ἐνιαυτοὶ)

2129 5753 2234 5816 ἕως
2263 5754 2360 5824 τῆς
2394 5754 2725 5818 συντελείας,
2763 5752 2886 5807 καθ’
2914 5752 2994 5816 ὃν,
3029 5771 3114 5808 κτ.
3163 5755 3220 5807 'U
3252 5756 3384 5807 αὐτ.
