  <div class='ocr_page' id='page_1' title='image "/cluster/home/n/w/nwhite01/storage/ocr_20150623/87 pt.1/mdp.39015032856539/477.png"; bbox 0 0 4010 6230; ppageno 0'>
   <div class='ocr_carea' id='block_1_1' title="bbox 429 419 528 482">
    <p class='ocr_par' dir='ltr' id='par_1_1' title="bbox 429 419 528 482">
     <span class='ocr_line' id='line_1_1' title="bbox 429 419 528 482; baseline 0 -2"><span class='ocrx_word' id='word_1_1' title='bbox 429 419 528 482; x_wconf 71' lang='lat' dir='ltr'><strong>9M</strong></span> 
     </span>
    </p>
   </div>
   <div class='ocr_carea' id='block_1_2' title="bbox 1736 417 2363 480">
    <p class='ocr_par' dir='ltr' id='par_1_2' title="bbox 1736 417 2363 480">
     <span class='ocr_line' id='line_1_2' title="bbox 1736 417 2363 480; baseline 0.003 -4"><span class='ocrx_word' id='word_1_2' title='bbox 1736 417 2085 477; x_wconf 74' lang='lat' dir='ltr'>PROCOPII</span> <span class='ocrx_word' id='word_1_3' title='bbox 2119 420 2363 480; x_wconf 75' lang='lat' dir='ltr'><strong>GAZ:EI</strong></span> 
     </span>
    </p>
   </div>
   <div class='ocr_carea' id='block_1_3' title="bbox 3592 418 3705 481">
    <p class='ocr_par' dir='ltr' id='par_1_3' title="bbox 3592 418 3705 481">
     <span class='ocr_line' id='line_1_3' title="bbox 3592 418 3705 481; baseline 0.018 -3"><span class='ocrx_word' id='word_1_4' title='bbox 3592 418 3705 481; x_wconf 76' lang='lat'><strong>908</strong></span> 
     </span>
    </p>
   </div>
   <div class='ocr_carea' id='block_1_4' title="bbox 424 530 2008 607">
    <p class='ocr_par' dir='ltr' id='par_1_4' title="bbox 424 530 2008 595">
     <span class='ocr_line' id='line_1_4' title="bbox 424 530 2008 595; baseline -0.002 -7"><span class='ocrx_word' id='word_1_5' title='bbox 424 547 631 588; x_wconf 78' lang='lat' dir='ltr'><strong>Innram</strong></span> <span class='ocrx_word' id='word_1_6' title='bbox 682 531 874 586; x_wconf 73' lang='lat' dir='ltr'><strong>aedium</strong></span> <span class='ocrx_word' id='word_1_7' title='bbox 922 530 1240 586; x_wconf 83' lang='lat' dir='ltr'><strong>sublimium</strong></span> <span class='ocrx_word' id='word_1_8' title='bbox 1293 531 1437 585; x_wconf 86' lang='lat' dir='ltr'><strong>idnla</strong></span> <span class='ocrx_word' id='word_1_9' title='bbox 1493 534 1912 595; x_wconf 80' lang='lat' dir='ltr'><strong>convulsernnt,</strong></span> <span class='ocrx_word' id='word_1_10' title='bbox 1949 549 2008 586; x_wconf 91' lang='lat' dir='ltr'><strong>ae</strong></span> 
     </span>
    </p>
   </div>
   <div class='ocr_carea' id='block_1_5' title="bbox 2117 530 3694 607">
    <p class='ocr_par' dir='ltr' id='par_1_5' title="bbox 2118 533 3694 607">
     <span class='ocr_line' id='line_1_5' title="bbox 2118 533 3694 607; baseline 0.001 -20"><span class='ocrx_word' id='word_1_11' title='bbox 2118 553 2223 588; x_wconf 84' lang='grc' dir='ltr'>νων</span> <span class='ocrx_word' id='word_1_12' title='bbox 2247 536 2348 589; x_wconf 81' lang='grc' dir='ltr'>κάτ</span> <span class='ocrx_word' id='word_1_13' title='bbox 2371 555 2396 586; x_wconf 79' lang='grc' dir='ltr'>ι)</span> <span class='ocrx_word' id='word_1_14' title='bbox 2416 536 2519 588; x_wconf 69' lang='grc' dir='ltr'><strong>τῶν</strong></span> <span class='ocrx_word' id='word_1_15' title='bbox 2548 533 2802 601; x_wconf 72' lang='grc' dir='ltr'>εἰδώλων,</span> <span class='ocrx_word' id='word_1_16' title='bbox 2822 537 2870 588; x_wconf 79' lang='grc' dir='ltr'>οἱ</span> <span class='ocrx_word' id='word_1_17' title='bbox 2906 537 3243 606; x_wconf 70' lang='grc' dir='ltr'>Σαμαρεῖται</span> <span class='ocrx_word' id='word_1_18' title='bbox 3267 537 3694 607; x_wconf 70' lang='grc' dir='ltr'><strong>προσεύχονται,</strong></span> 
     </span>
    </p>
   </div>
   <div class='ocr_carea' id='block_1_6' title="bbox 427 620 2010 691">
    <p class='ocr_par' dir='ltr' id='par_1_6' title="bbox 427 620 2010 691">
     <span class='ocr_line' id='line_1_6' title="bbox 427 620 2010 691; baseline -0.001 -15"><span class='ocrx_word' id='word_1_19' title='bbox 427 626 482 678; x_wconf 89' lang='lat' dir='ltr'><strong>in</strong></span> <span class='ocrx_word' id='word_1_20' title='bbox 513 637 749 678; x_wconf 79' lang='lat' dir='ltr'><strong>caverna</strong></span> <span class='ocrx_word' id='word_1_21' title='bbox 807 621 1050 690; x_wconf 79' lang='lat' dir='ltr'><strong>quadam</strong></span> <span class='ocrx_word' id='word_1_22' title='bbox 1105 622 1314 676; x_wconf 90' lang='lat' dir='ltr'><strong>montis</strong></span> <span class='ocrx_word' id='word_1_23' title='bbox 1347 620 1588 674; x_wconf 85' lang='lat' dir='ltr'><strong>Garisim</strong></span> <span class='ocrx_word' id='word_1_24' title='bbox 1627 621 2010 691; x_wconf 85' lang='lat' dir='ltr'><strong>(quemadmo-</strong></span> 
     </span>
    </p>
   </div>
   <div class='ocr_carea' id='block_1_7' title="bbox 350 708 2011 784">
    <p class='ocr_par' dir='ltr' id='par_1_7' title="bbox 350 708 2011 784">
     <span class='ocr_line' id='line_1_7' title="bbox 350 708 2011 784; baseline 0.001 -16"><span class='ocrx_word' id='word_1_25' title='bbox 350 708 365 742; x_wconf 55' lang='grc' dir='ltr'>θ</span> <span class='ocrx_word' id='word_1_26' title='bbox 422 717 553 770; x_wconf 90' lang='lat' dir='ltr'><strong>dum</strong></span> <span class='ocrx_word' id='word_1_27' title='bbox 607 714 832 767; x_wconf 85' lang='lat' dir='ltr'><strong>traditio</strong></span> <span class='ocrx_word' id='word_1_28' title='bbox 891 713 1080 781; x_wconf 83' lang='lat' dir='ltr'><strong>habet)</strong></span> <span class='ocrx_word' id='word_1_29' title='bbox 1137 713 1574 767; x_wconf 79' lang='lat' dir='ltr'><strong>absconderant.</strong></span> <span class='ocrx_word' id='word_1_30' title='bbox 1627 714 1764 767; x_wconf 88' lang='lat' dir='ltr'><strong>Cum</strong></span> <span class='ocrx_word' id='word_1_31' title='bbox 1825 715 2011 784; x_wconf 92' lang='lat' dir='ltr'><strong>itaque</strong></span> 
     </span>
    </p>
   </div>
   <div class='ocr_carea' id='block_1_8' title="bbox 419 790 2010 877">
    <p class='ocr_par' dir='ltr' id='par_1_8' title="bbox 419 790 2010 877">
     <span class='ocr_line' id='line_1_8' title="bbox 419 790 2010 877; baseline -0.001 -14"><span class='ocrx_word' id='word_1_32' title='bbox 419 809 611 863; x_wconf 77' lang='lat' dir='ltr'><strong>subtus</strong></span> <span class='ocrx_word' id='word_1_33' title='bbox 635 807 780 862; x_wconf 89' lang='lat' dir='ltr'><strong>idola</strong></span> <span class='ocrx_word' id='word_1_34' title='bbox 807 808 1052 875; x_wconf 85' lang='lat' dir='ltr'><strong>jaceant,</strong></span> <span class='ocrx_word' id='word_1_35' title='bbox 1123 790 1380 877; x_wconf 82' lang='lat' dir='ltr'><strong>quamvis</strong></span> <span class='ocrx_word' id='word_1_36' title='bbox 1417 807 1470 861; x_wconf 87' lang='lat' dir='ltr'><strong>id</strong></span> <span class='ocrx_word' id='word_1_37' title='bbox 1508 807 1908 877; x_wconf 89' lang='lat' dir='ltr'><strong>ignoraverint,</strong></span> <span class='ocrx_word' id='word_1_38' title='bbox 1944 822 2010 862; x_wconf 88' lang='lat' dir='ltr'><strong>eo</strong></span> 
     </span>
    </p>
   </div>
   <div class='ocr_carea' id='block_1_9' title="bbox 416 895 2009 970">
    <p class='ocr_par' dir='ltr' id='par_1_9' title="bbox 416 895 2009 970">
     <span class='ocr_line' id='line_1_9' title="bbox 416 895 2009 970; baseline -0.003 -15"><span class='ocrx_word' id='word_1_39' title='bbox 416 901 669 957; x_wconf 83' lang='lat' dir='ltr'><strong>conversi</strong></span> <span class='ocrx_word' id='word_1_40' title='bbox 722 899 979 954; x_wconf 82' lang='lat' dir='ltr'><strong>adorant.</strong></span> <span class='ocrx_word' id='word_1_41' title='bbox 1016 895 1136 953; x_wconf 80' lang='lat' dir='ltr'><strong>Non</strong></span> <span class='ocrx_word' id='word_1_42' title='bbox 1167 901 1310 954; x_wconf 92' lang='lat' dir='ltr'><strong>enim</strong></span> <span class='ocrx_word' id='word_1_43' title='bbox 1353 899 1854 970; x_wconf 27' lang='lat' dir='ltr'><strong>Scripturaupotest</strong></span> <span class='ocrx_word' id='word_1_44' title='bbox 1903 898 2009 953; x_wconf 85' lang='lat' dir='ltr'><strong>fal-</strong></span> 
     </span>
    </p>
   </div>
   <div class='ocr_carea' id='block_1_10' title="bbox 418 991 2006 1064">
    <p class='ocr_par' dir='ltr' id='par_1_10' title="bbox 418 991 2006 1064">
     <span class='ocr_line' id='line_1_10' title="bbox 418 991 2006 1064; baseline -0.001 -16"><span class='ocrx_word' id='word_1_45' title='bbox 418 995 550 1058; x_wconf 84' lang='lat' dir='ltr'><strong>lere,</strong></span> <span class='ocrx_word' id='word_1_46' title='bbox 577 1008 700 1064; x_wconf 71' lang='lat' dir='ltr'><strong>qua:</strong></span> <span class='ocrx_word' id='word_1_47' title='bbox 739 993 920 1063; x_wconf 87' lang='lat' dir='ltr'><strong>inquit</strong></span> <span class='ocrx_word' id='word_1_48' title='bbox 951 1011 964 1046; x_wconf 92' lang='lat'><strong>:</strong></span> <span class='ocrx_word' id='word_1_49' title='bbox 1001 1012 1017 1044; x_wconf 88' lang='grc' dir='ltr'><strong>ι</strong></span> <span class='ocrx_word' id='word_1_50' title='bbox 1039 992 1480 1048; x_wconf 82' lang='lat' dir='ltr'><strong>Permanserunt</strong></span> <span class='ocrx_word' id='word_1_51' title='bbox 1512 991 1784 1047; x_wconf 81' lang='lat' dir='ltr'><strong>facientes</strong></span> <span class='ocrx_word' id='word_1_52' title='bbox 1831 993 2006 1063; x_wconf 88' lang='lat' dir='ltr'><strong>legem</strong></span> 
     </span>
    </p>
   </div>
   <div class='ocr_carea' id='block_1_11' title="bbox 419 1086 2010 1156">
    <p class='ocr_par' dir='ltr' id='par_1_11' title="bbox 419 1086 2010 1156">
     <span class='ocr_line' id='line_1_11' title="bbox 419 1086 2010 1156; baseline 0 -16"><span class='ocrx_word' id='word_1_53' title='bbox 419 1088 535 1155; x_wconf 86' lang='lat' dir='ltr'><strong>Dei,</strong></span> <span class='ocrx_word' id='word_1_54' title='bbox 570 1096 626 1143; x_wconf 89' lang='lat' dir='ltr'><strong>et</strong></span> <span class='ocrx_word' id='word_1_55' title='bbox 663 1089 967 1142; x_wconf 82' lang='lat' dir='ltr'><strong>adorantes</strong></span> <span class='ocrx_word' id='word_1_56' title='bbox 993 1087 1240 1156; x_wconf 88' lang='lat' dir='ltr'><strong>ipsorum</strong></span> <span class='ocrx_word' id='word_1_57' title='bbox 1288 1086 1433 1140; x_wconf 86' lang='lat' dir='ltr'><strong>idola</strong></span> <span class='ocrx_word' id='word_1_58' title='bbox 1452 1087 1520 1141; x_wconf 85' lang='lat'><strong>&quot;&#39;.</strong></span> <span class='ocrx_word' id='word_1_59' title='bbox 1545 1106 1565 1138; x_wconf 73' lang='grc' dir='ltr'><strong>ι</strong></span> <span class='ocrx_word' id='word_1_60' title='bbox 1619 1086 1888 1141; x_wconf 63' lang='lat' dir='ltr'><strong>Caeterum</strong></span> <span class='ocrx_word' id='word_1_61' title='bbox 1916 1103 2010 1142; x_wconf 87' lang='lat' dir='ltr'><strong>su-</strong></span> 
     </span>
    </p>
   </div>
   <div class='ocr_carea' id='block_1_12' title="bbox 415 1178 2009 1252">
    <p class='ocr_par' dir='ltr' id='par_1_12' title="bbox 415 1178 2009 1252">
     <span class='ocr_line' id='line_1_12' title="bbox 415 1178 2009 1252; baseline -0.002 -16"><span class='ocrx_word' id='word_1_62' title='bbox 415 1197 514 1252; x_wconf 85' lang='lat' dir='ltr'><strong>per</strong></span> <span class='ocrx_word' id='word_1_63' title='bbox 551 1190 737 1234; x_wconf 81' lang='lat' dir='ltr'><strong>mente</strong></span> <span class='ocrx_word' id='word_1_64' title='bbox 765 1179 873 1234; x_wconf 88' lang='lat' dir='ltr'><strong>isto</strong></span> <span class='ocrx_word' id='word_1_65' title='bbox 913 1195 1076 1250; x_wconf 87' lang='lat' dir='ltr'><strong>quem</strong></span> <span class='ocrx_word' id='word_1_66' title='bbox 1101 1178 1345 1233; x_wconf 79' lang='lat' dir='ltr'><strong>Garizim</strong></span> <span class='ocrx_word' id='word_1_67' title='bbox 1383 1179 1676 1249; x_wconf 85' lang='lat' dir='ltr'><strong>putabant,</strong></span> <span class='ocrx_word' id='word_1_68' title='bbox 1711 1195 1837 1235; x_wconf 91' lang='lat' dir='ltr'><strong>cum</strong></span> <span class='ocrx_word' id='word_1_69' title='bbox 1867 1187 2009 1235; x_wconf 87' lang='lat' dir='ltr'><strong>tem-</strong></span> 
     </span>
    </p>
   </div>
   <div class='ocr_carea' id='block_1_13' title="bbox 416 1270 2008 1339">
    <p class='ocr_par' dir='ltr' id='par_1_13' title="bbox 416 1270 2008 1339">
     <span class='ocr_line' id='line_1_13' title="bbox 416 1270 2008 1339; baseline 0.003 -17"><span class='ocrx_word' id='word_1_70' title='bbox 416 1273 564 1339; x_wconf 73' lang='lat' dir='ltr'><strong>plum</strong></span> <span class='ocrx_word' id='word_1_71' title='bbox 615 1272 1072 1336; x_wconf 77' lang='lat' dir='ltr'><strong>exstruxisseut,</strong></span> <span class='ocrx_word' id='word_1_72' title='bbox 1127 1271 1331 1326; x_wconf 80' lang='lat' dir='ltr'><strong>ibidem</strong></span> <span class='ocrx_word' id='word_1_73' title='bbox 1381 1281 1506 1325; x_wconf 88' lang='lat' dir='ltr'><strong>vota</strong></span> <span class='ocrx_word' id='word_1_74' title='bbox 1549 1286 1648 1326; x_wconf 82' lang='lat' dir='ltr'><strong>sua</strong></span> <span class='ocrx_word' id='word_1_75' title='bbox 1701 1270 2008 1328; x_wconf 80' lang='lat' dir='ltr'><strong>faciebant.</strong></span> 
     </span>
    </p>
   </div>
   <div class='ocr_carea' id='block_1_14' title="bbox 420 1363 2010 1436">
    <p class='ocr_par' dir='ltr' id='par_1_14' title="bbox 420 1363 2010 1436">
     <span class='ocr_line' id='line_1_14' title="bbox 420 1363 2010 1436; baseline -0.001 -17"><span class='ocrx_word' id='word_1_76' title='bbox 420 1365 579 1436; x_wconf 72' lang='lat' dir='ltr'><strong>Atqui</strong></span> <span class='ocrx_word' id='word_1_77' title='bbox 613 1381 741 1419; x_wconf 85' lang='lat' dir='ltr'><strong>vero</strong></span> <span class='ocrx_word' id='word_1_78' title='bbox 766 1365 811 1420; x_wconf 90' lang='lat' dir='ltr'><strong>si</strong></span> <span class='ocrx_word' id='word_1_79' title='bbox 845 1363 1085 1418; x_wconf 76' lang='lat' dir='ltr'><strong>Garizim</strong></span> <span class='ocrx_word' id='word_1_80' title='bbox 1116 1373 1170 1418; x_wconf 92' lang='lat' dir='ltr'><strong>et</strong></span> <span class='ocrx_word' id='word_1_81' title='bbox 1199 1363 1380 1418; x_wconf 80' lang='lat' dir='ltr'><strong>Gaebal</strong></span> <span class='ocrx_word' id='word_1_82' title='bbox 1413 1371 1628 1418; x_wconf 89' lang='lat' dir='ltr'><strong>montes</strong></span> <span class='ocrx_word' id='word_1_83' title='bbox 1649 1363 1741 1433; x_wconf 89' lang='lat' dir='ltr'><strong>qui</strong></span> <span class='ocrx_word' id='word_1_84' title='bbox 1768 1363 2010 1418; x_wconf 79' lang='lat' dir='ltr'><strong>suntal-</strong></span> 
     </span>
    </p>
   </div>
   <div class='ocr_carea' id='block_1_15' title="bbox 419 1452 2011 1524">
    <p class='ocr_par' dir='ltr' id='par_1_15' title="bbox 419 1452 2011 1524">
     <span class='ocr_line' id='line_1_15' title="bbox 419 1452 2011 1524; baseline 0.001 -17"><span class='ocrx_word' id='word_1_85' title='bbox 419 1457 644 1518; x_wconf 87' lang='lat' dir='ltr'><strong>tissimi,</strong></span> <span class='ocrx_word' id='word_1_86' title='bbox 693 1453 917 1524; x_wconf 82' lang='lat' dir='ltr'><strong>Neapoli</strong></span> <span class='ocrx_word' id='word_1_87' title='bbox 943 1453 1580 1523; x_wconf 85' lang='lat' dir='ltr'><strong>adjacebant,quomodo</strong></span> <span class='ocrx_word' id='word_1_88' title='bbox 1601 1452 1716 1508; x_wconf 85' lang='lat' dir='ltr'><strong>fieri</strong></span> <span class='ocrx_word' id='word_1_89' title='bbox 1745 1461 2011 1523; x_wconf 87' lang='lat' dir='ltr'><strong>potest,ut</strong></span> 
     </span>
    </p>
   </div>
   <div class='ocr_carea' id='block_1_16' title="bbox 418 1545 2010 1617">
    <p class='ocr_par' dir='ltr' id='par_1_16' title="bbox 418 1545 2010 1617">
     <span class='ocr_line' id='line_1_16' title="bbox 418 1545 2010 1617; baseline -0.002 -15"><span class='ocrx_word' id='word_1_90' title='bbox 418 1548 959 1604; x_wconf 82' lang='lat' dir='ltr'><strong>infernebenedietio</strong></span> <span class='ocrx_word' id='word_1_91' title='bbox 980 1563 1075 1604; x_wconf 90' lang='lat' dir='ltr'><strong>seu</strong></span> <span class='ocrx_word' id='word_1_92' title='bbox 1097 1546 1411 1601; x_wconf 76' lang='lat' dir='ltr'><strong>maledictio</strong></span> <span class='ocrx_word' id='word_1_93' title='bbox 1436 1560 1679 1617; x_wconf 85' lang='lat' dir='ltr'><strong>superne</strong></span> <span class='ocrx_word' id='word_1_94' title='bbox 1696 1545 2010 1614; x_wconf 80' lang='lat' dir='ltr'><strong>in‘utraque</strong></span> 
     </span>
    </p>
   </div>
   <div class='ocr_carea' id='block_1_17' title="bbox 417 1635 2010 1706">
    <p class='ocr_par' dir='ltr' id='par_1_17' title="bbox 417 1635 2010 1706">
     <span class='ocr_line' id='line_1_17' title="bbox 417 1635 2010 1706; baseline -0.001 -14"><span class='ocrx_word' id='word_1_95' title='bbox 417 1641 706 1706; x_wconf 87' lang='lat' dir='ltr'><strong>immensa,</strong></span> <span class='ocrx_word' id='word_1_96' title='bbox 737 1646 795 1691; x_wconf 90' lang='lat' dir='ltr'><strong>ut</strong></span> <span class='ocrx_word' id='word_1_97' title='bbox 815 1639 1116 1694; x_wconf 87' lang='lat' dir='ltr'><strong>etiamnum</strong></span> <span class='ocrx_word' id='word_1_98' title='bbox 1165 1635 1351 1691; x_wconf 88' lang='lat' dir='ltr'><strong>videre</strong></span> <span class='ocrx_word' id='word_1_99' title='bbox 1384 1645 1491 1702; x_wconf 87' lang='lat' dir='ltr'><strong>est,</strong></span> <span class='ocrx_word' id='word_1_100' title='bbox 1525 1636 1820 1690; x_wconf 86' lang='lat' dir='ltr'><strong>altitudine</strong></span> <span class='ocrx_word' id='word_1_101' title='bbox 1862 1635 2010 1690; x_wconf 88' lang='lat' dir='ltr'><strong>edita</strong></span> 
     </span>
    </p>
   </div>
   <div class='ocr_carea' id='block_1_18' title="bbox 417 1727 2010 1798">
    <p class='ocr_par' dir='ltr' id='par_1_18' title="bbox 417 1727 2010 1798">
     <span class='ocr_line' id='line_1_18' title="bbox 417 1727 2010 1798; baseline -0.004 -10"><span class='ocrx_word' id='word_1_102' title='bbox 417 1731 804 1788; x_wconf 79' lang='lat' dir='ltr'><strong>exaudiretur?</strong></span> <span class='ocrx_word' id='word_1_103' title='bbox 829 1744 957 1785; x_wconf 89' lang='lat' dir='ltr'><strong>cum</strong></span> <span class='ocrx_word' id='word_1_104' title='bbox 980 1728 1231 1784; x_wconf 87' lang='lat' dir='ltr'><strong>videlicet</strong></span> <span class='ocrx_word' id='word_1_105' title='bbox 1253 1729 1306 1782; x_wconf 94' lang='lat' dir='ltr'><strong>in</strong></span> <span class='ocrx_word' id='word_1_106' title='bbox 1323 1739 1563 1784; x_wconf 90' lang='lat' dir='ltr'><strong>montem</strong></span> <span class='ocrx_word' id='word_1_107' title='bbox 1593 1727 1686 1798; x_wconf 90' lang='lat' dir='ltr'><strong>qui</strong></span> <span class='ocrx_word' id='word_1_108' title='bbox 1715 1728 1856 1798; x_wconf 91' lang='lat' dir='ltr'><strong>apud</strong></span> <span class='ocrx_word' id='word_1_109' title='bbox 1886 1728 2010 1782; x_wconf 91' lang='lat' dir='ltr'><strong>illos</strong></span> 
     </span>
    </p>
   </div>
   <div class='ocr_carea' id='block_1_19' title="bbox 411 1817 2007 1894">
    <p class='ocr_par' dir='ltr' id='par_1_19' title="bbox 411 1817 2007 1894">
     <span class='ocr_line' id='line_1_19' title="bbox 411 1817 2007 1894; baseline -0.003 -15"><span class='ocrx_word' id='word_1_110' title='bbox 411 1823 661 1879; x_wconf 76' lang='lat' dir='ltr'><strong>Garizim</strong></span> <span class='ocrx_word' id='word_1_111' title='bbox 705 1822 1014 1894; x_wconf 84' lang='lat' dir='ltr'><strong>appellatur</strong></span> <span class='ocrx_word' id='word_1_112' title='bbox 1051 1829 1441 1877; x_wconf 77' lang='lat' dir='ltr'><strong>sexeentorum</strong></span> <span class='ocrx_word' id='word_1_113' title='bbox 1490 1819 1732 1873; x_wconf 89' lang='lat' dir='ltr'><strong>millium</strong></span> <span class='ocrx_word' id='word_1_114' title='bbox 1755 1827 1810 1874; x_wconf 82' lang='lat' dir='ltr'><strong>et</strong></span> <span class='ocrx_word' id='word_1_115' title='bbox 1837 1817 2007 1874; x_wconf 89' lang='lat' dir='ltr'><strong>unius</strong></span> 
     </span>
    </p>
   </div>
   <div class='ocr_carea' id='block_1_20' title="bbox 415 1911 2004 1986">
    <p class='ocr_par' dir='ltr' id='par_1_20' title="bbox 415 1911 2004 1986">
     <span class='ocr_line' id='line_1_20' title="bbox 415 1911 2004 1986; baseline 0.001 -17"><span class='ocrx_word' id='word_1_116' title='bbox 415 1915 684 1986; x_wconf 77' lang='lat' dir='ltr'><strong>graduum</strong></span> <span class='ocrx_word' id='word_1_117' title='bbox 713 1916 784 1971; x_wconf 89' lang='lat' dir='ltr'><strong>sit</strong></span> <span class='ocrx_word' id='word_1_118' title='bbox 809 1928 1098 1971; x_wconf 86' lang='lat' dir='ltr'><strong>ascensus.</strong></span> <span class='ocrx_word' id='word_1_119' title='bbox 1145 1911 1322 1968; x_wconf 84' lang='lat' dir='ltr'><strong>Habet</strong></span> <span class='ocrx_word' id='word_1_120' title='bbox 1346 1913 1580 1984; x_wconf 76' lang='lat' dir='ltr'><strong>insuper</strong></span> <span class='ocrx_word' id='word_1_121' title='bbox 1616 1912 1783 1967; x_wconf 81' lang='lat' dir='ltr'><strong>etiam</strong></span> <span class='ocrx_word' id='word_1_122' title='bbox 1830 1914 2004 1971; x_wconf 83' lang='lat' dir='ltr'><strong>series</strong></span> 
     </span>
    </p>
   </div>
   <div class='ocr_carea' id='block_1_21' title="bbox 418 2003 2008 2080">
    <p class='ocr_par' dir='ltr' id='par_1_21' title="bbox 418 2003 2008 2080">
     <span class='ocr_line' id='line_1_21' title="bbox 418 2003 2008 2080; baseline -0.002 -19"><span class='ocrx_word' id='word_1_123' title='bbox 418 2009 541 2064; x_wconf 90' lang='lat' dir='ltr'><strong>libri</strong></span> <span class='ocrx_word' id='word_1_124' title='bbox 573 2007 742 2064; x_wconf 84' lang='lat' dir='ltr'><strong>Josue</strong></span> <span class='ocrx_word' id='word_1_125' title='bbox 765 2008 912 2080; x_wconf 88' lang='lat' dir='ltr'><strong>quod</strong></span> <span class='ocrx_word' id='word_1_126' title='bbox 967 2007 1076 2062; x_wconf 88' lang='lat' dir='ltr'><strong>duo</strong></span> <span class='ocrx_word' id='word_1_127' title='bbox 1107 2004 1199 2060; x_wconf 86' lang='lat' dir='ltr'><strong>isti</strong></span> <span class='ocrx_word' id='word_1_128' title='bbox 1265 2012 1486 2061; x_wconf 90' lang='lat' dir='ltr'><strong>montes</strong></span> <span class='ocrx_word' id='word_1_129' title='bbox 1517 2005 1589 2060; x_wconf 89' lang='lat' dir='ltr'><strong>ab</strong></span> <span class='ocrx_word' id='word_1_130' title='bbox 1612 2006 1824 2060; x_wconf 84' lang='lat' dir='ltr'><strong>oriente</strong></span> <span class='ocrx_word' id='word_1_131' title='bbox 1865 2003 2008 2060; x_wconf 75' lang='lat' dir='ltr'><strong>Jeri-</strong></span> 
     </span>
    </p>
   </div>
   <div class='ocr_carea' id='block_1_22' title="bbox 2034 1878 2082 1932">
    <p class='ocr_par' dir='ltr' id='par_1_22' title="bbox 2034 1878 2082 1932">
     <span class='ocr_line' id='line_1_22' title="bbox 2034 1878 2082 1932; baseline 0 0"><span class='ocrx_word' id='word_1_132' title='bbox 2034 1878 2082 1932; x_wconf 78' lang='grc' dir='ltr'><strong>Β</strong></span> 
     </span>
    </p>
   </div>
   <div class='ocr_carea' id='block_1_23' title="bbox 2116 627 3704 699">
    <p class='ocr_par' dir='ltr' id='par_1_23' title="bbox 2116 627 3704 699">
     <span class='ocr_line' id='line_1_23' title="bbox 2116 627 3704 699; baseline 0 -19"><span class='ocrx_word' id='word_1_133' title='bbox 2116 628 2216 681; x_wconf 81' lang='grc' dir='ltr'><strong>κᾶν</strong></span> <span class='ocrx_word' id='word_1_134' title='bbox 2255 629 2558 699; x_wconf 76' lang='grc' dir='ltr'><strong>ἠγνοήκασι</strong></span> <span class='ocrx_word' id='word_1_135' title='bbox 2593 627 2768 682; x_wconf 85' lang='grc' dir='ltr'>τοῦτο.</span> <span class='ocrx_word' id='word_1_136' title='bbox 2806 627 3094 680; x_wconf 76' lang='grc' dir='ltr'>Ἀδύνατον</span> <span class='ocrx_word' id='word_1_137' title='bbox 3125 629 3232 698; x_wconf 78' lang='grc' dir='ltr'>γὰρ</span> <span class='ocrx_word' id='word_1_138' title='bbox 3266 627 3570 697; x_wconf 76' lang='grc' dir='ltr'>ψεύσασθαι</span> <span class='ocrx_word' id='word_1_139' title='bbox 3601 629 3704 698; x_wconf 71' lang='grc' dir='ltr'><strong>τὴν</strong></span> 
     </span>
    </p>
   </div>
   <div class='ocr_carea' id='block_1_24' title="bbox 2114 719 3704 792">
    <p class='ocr_par' dir='ltr' id='par_1_24' title="bbox 2114 719 3704 792">
     <span class='ocr_line' id='line_1_24' title="bbox 2114 719 3704 792; baseline -0.001 -20"><span class='ocrx_word' id='word_1_140' title='bbox 2114 720 2336 792; x_wconf 80' lang='grc' dir='ltr'>Γραφὴν</span> <span class='ocrx_word' id='word_1_141' title='bbox 2390 720 2674 790; x_wconf 81' lang='grc' dir='ltr'>λέγουσαν,</span> <span class='ocrx_word' id='word_1_142' title='bbox 2714 741 2731 771; x_wconf 84' lang='grc' dir='ltr'><strong>ι</strong></span> <span class='ocrx_word' id='word_1_143' title='bbox 2761 721 3026 789; x_wconf 77' lang='grc' dir='ltr'>Ἔμειναν</span> <span class='ocrx_word' id='word_1_144' title='bbox 3073 719 3355 782; x_wconf 85' lang='grc' dir='ltr'>ποιοῦντες</span> <span class='ocrx_word' id='word_1_145' title='bbox 3392 721 3484 772; x_wconf 78' lang='grc' dir='ltr'>τὸν</span> <span class='ocrx_word' id='word_1_146' title='bbox 3531 723 3704 788; x_wconf 81' lang='grc' dir='ltr'>νόμον</span> 
     </span>
    </p>
   </div>
   <div class='ocr_carea' id='block_1_25' title="bbox 2110 810 3696 883">
    <p class='ocr_par' dir='ltr' id='par_1_25' title="bbox 2110 810 3696 883">
     <span class='ocr_line' id='line_1_25' title="bbox 2110 810 3696 883; baseline -0.002 -19"><span class='ocrx_word' id='word_1_147' title='bbox 2110 812 2206 864; x_wconf 87' lang='grc' dir='ltr'><strong>τοῦ</strong></span> <span class='ocrx_word' id='word_1_148' title='bbox 2265 811 2423 878; x_wconf 86' lang='grc' dir='ltr'>Θεοῦ,</span> <span class='ocrx_word' id='word_1_149' title='bbox 2477 813 2573 866; x_wconf 72' lang='grc' dir='ltr'><strong>καὶ</strong></span> <span class='ocrx_word' id='word_1_150' title='bbox 2635 812 3074 883; x_wconf 76' lang='grc' dir='ltr'><strong>προσκυνοῦντες</strong></span> <span class='ocrx_word' id='word_1_151' title='bbox 3109 810 3178 864; x_wconf 74' lang='grc' dir='ltr'>τὰ</span> <span class='ocrx_word' id='word_1_152' title='bbox 3208 811 3390 864; x_wconf 78' lang='grc' dir='ltr'>αὐτῶν</span> <span class='ocrx_word' id='word_1_153' title='bbox 3415 812 3634 865; x_wconf 76' lang='grc' dir='ltr'>εἴδωλα..</span> <span class='ocrx_word' id='word_1_154' title='bbox 3676 829 3696 861; x_wconf 73' lang='grc' dir='ltr'><strong>ι</strong></span> 
     </span>
    </p>
   </div>
   <div class='ocr_carea' id='block_1_26' title="bbox 2124 902 3704 974">
    <p class='ocr_par' dir='ltr' id='par_1_26' title="bbox 2124 902 3704 974">
     <span class='ocr_line' id='line_1_26' title="bbox 2124 902 3704 974; baseline -0.001 -18"><span class='ocrx_word' id='word_1_155' title='bbox 2124 904 2248 957; x_wconf 68' lang='grc' dir='ltr'><strong>Ἐπὶ</strong></span> <span class='ocrx_word' id='word_1_156' title='bbox 2280 905 2336 956; x_wconf 85' lang='grc' dir='ltr'><strong>δὲ</strong></span> <span class='ocrx_word' id='word_1_157' title='bbox 2363 904 2458 957; x_wconf 88' lang='grc' dir='ltr'><strong>τοῦ</strong></span> <span class='ocrx_word' id='word_1_158' title='bbox 2508 905 2687 974; x_wconf 79' lang='grc' dir='ltr'>ὅρους,</span> <span class='ocrx_word' id='word_1_159' title='bbox 2742 906 2880 974; x_wconf 83' lang='grc' dir='ltr'>ὅπερ</span> <span class='ocrx_word' id='word_1_160' title='bbox 2932 904 3191 974; x_wconf 82' lang='grc' dir='ltr'>ἐνόμισαν</span> <span class='ocrx_word' id='word_1_161' title='bbox 3247 902 3526 974; x_wconf 73' lang='grc' dir='ltr'>Γαριζεὶν,</span> <span class='ocrx_word' id='word_1_162' title='bbox 3570 903 3704 955; x_wconf 80' lang='grc' dir='ltr'>ναὸν</span> 
     </span>
    </p>
   </div>
   <div class='ocr_carea' id='block_1_27' title="bbox 2112 991 3707 1066">
    <p class='ocr_par' dir='ltr' id='par_1_27' title="bbox 2112 991 3707 1066">
     <span class='ocr_line' id='line_1_27' title="bbox 2112 991 3707 1066; baseline 0.001 -20"><span class='ocrx_word' id='word_1_163' title='bbox 2112 995 2624 1058; x_wconf 79' lang='grc' dir='ltr'>κατασκευάσαντες</span> <span class='ocrx_word' id='word_1_164' title='bbox 2649 993 2902 1066; x_wconf 77' lang='grc' dir='ltr'><strong>ηὔχοντο·</strong></span> <span class='ocrx_word' id='word_1_165' title='bbox 2939 996 3120 1049; x_wconf 87' lang='grc' dir='ltr'>καίτοι</span> <span class='ocrx_word' id='word_1_166' title='bbox 3145 997 3192 1048; x_wconf 83' lang='grc' dir='ltr'>εἰ</span> <span class='ocrx_word' id='word_1_167' title='bbox 3213 991 3282 1065; x_wconf 77' lang='grc' dir='ltr'><strong>ἧν</strong></span> <span class='ocrx_word' id='word_1_168' title='bbox 3307 994 3568 1066; x_wconf 69' lang='grc' dir='ltr'>Γαριζεὶν</span> <span class='ocrx_word' id='word_1_169' title='bbox 3605 995 3707 1049; x_wconf 72' lang='grc' dir='ltr'>καὶ</span> 
     </span>
    </p>
   </div>
   <div class='ocr_carea' id='block_1_28' title="bbox 2110 1087 3706 1158">
    <p class='ocr_par' dir='ltr' id='par_1_28' title="bbox 2110 1087 3706 1158">
     <span class='ocr_line' id='line_1_28' title="bbox 2110 1087 3706 1158; baseline 0.001 -20"><span class='ocrx_word' id='word_1_170' title='bbox 2110 1087 2317 1140; x_wconf 74' lang='grc' dir='ltr'>Γαιϐἀλ</span> <span class='ocrx_word' id='word_1_171' title='bbox 2338 1088 2440 1158; x_wconf 76' lang='grc' dir='ltr'><strong>ὅρη</strong></span> <span class='ocrx_word' id='word_1_172' title='bbox 2470 1088 2538 1141; x_wconf 77' lang='grc' dir='ltr'>τὰ</span> <span class='ocrx_word' id='word_1_173' title='bbox 2584 1087 2974 1158; x_wconf 75' lang='grc' dir='ltr'>παρακείμενοι</span> <span class='ocrx_word' id='word_1_174' title='bbox 3021 1087 3321 1151; x_wconf 78' lang='grc' dir='ltr'>Νεαπόλει,</span> <span class='ocrx_word' id='word_1_175' title='bbox 3380 1089 3526 1157; x_wconf 78' lang='grc' dir='ltr'>ἅπερ</span> <span class='ocrx_word' id='word_1_176' title='bbox 3559 1088 3706 1140; x_wconf 73' lang='grc' dir='ltr'>εἰσὶν</span> 
     </span>
    </p>
   </div>
   <div class='ocr_carea' id='block_1_29' title="bbox 2111 1175 3705 1249">
    <p class='ocr_par' dir='ltr' id='par_1_29' title="bbox 2111 1175 3705 1249">
     <span class='ocr_line' id='line_1_29' title="bbox 2111 1175 3705 1249; baseline 0.002 -21"><span class='ocrx_word' id='word_1_177' title='bbox 2111 1176 2448 1247; x_wconf 76' lang='grc' dir='ltr'>ὑψηλότατα,</span> <span class='ocrx_word' id='word_1_178' title='bbox 2497 1177 2615 1240; x_wconf 85' lang='grc' dir='ltr'><strong>πῶς</strong></span> <span class='ocrx_word' id='word_1_179' title='bbox 2649 1176 2715 1230; x_wconf 83' lang='grc' dir='ltr'><strong>ἂν</strong></span> <span class='ocrx_word' id='word_1_180' title='bbox 2744 1177 3047 1249; x_wconf 77' lang='grc' dir='ltr'>κάτωθενῆ</span> <span class='ocrx_word' id='word_1_181' title='bbox 3082 1178 3183 1248; x_wconf 79' lang='grc' dir='ltr'>τῆς</span> <span class='ocrx_word' id='word_1_182' title='bbox 3230 1175 3485 1246; x_wconf 74' lang='grc' dir='ltr'>εὐλογίας</span> <span class='ocrx_word' id='word_1_183' title='bbox 3521 1179 3555 1249; x_wconf 80' lang='grc' dir='ltr'>ἢ</span> <span class='ocrx_word' id='word_1_184' title='bbox 3600 1179 3705 1246; x_wconf 81' lang='grc' dir='ltr'><strong>τῆς</strong></span> 
     </span>
    </p>
   </div>
   <div class='ocr_carea' id='block_1_30' title="bbox 2111 1271 3705 1344">
    <p class='ocr_par' dir='ltr' id='par_1_30' title="bbox 2111 1271 3705 1344">
     <span class='ocr_line' id='line_1_30' title="bbox 2111 1271 3705 1344; baseline 0 -21"><span class='ocrx_word' id='word_1_185' title='bbox 2111 1271 2358 1340; x_wconf 83' lang='grc' dir='ltr'>κατάρας</span> <span class='ocrx_word' id='word_1_186' title='bbox 2418 1272 2652 1341; x_wconf 74' lang='grc' dir='ltr'>ἤκουον,</span> <span class='ocrx_word' id='word_1_187' title='bbox 2704 1273 2974 1344; x_wconf 75' lang='grc' dir='ltr'>ἑκατέρας</span> <span class='ocrx_word' id='word_1_188' title='bbox 3023 1273 3134 1326; x_wconf 79' lang='grc' dir='ltr'>ἀνω</span> <span class='ocrx_word' id='word_1_189' title='bbox 3201 1271 3537 1340; x_wconf 79' lang='grc' dir='ltr'>λεγομένης,</span> <span class='ocrx_word' id='word_1_190' title='bbox 3605 1272 3705 1325; x_wconf 71' lang='grc' dir='ltr'><strong>καὶ</strong></span> 
     </span>
    </p>
   </div>
   <div class='ocr_carea' id='block_1_31' title="bbox 2111 1363 3694 1436">
    <p class='ocr_par' dir='ltr' id='par_1_31' title="bbox 2111 1363 3694 1436">
     <span class='ocr_line' id='line_1_31' title="bbox 2111 1363 3694 1436; baseline 0.002 -21"><span class='ocrx_word' id='word_1_191' title='bbox 2111 1363 2364 1416; x_wconf 75' lang='grc' dir='ltr'>πλείστου</span> <span class='ocrx_word' id='word_1_192' title='bbox 2414 1364 2510 1418; x_wconf 85' lang='grc' dir='ltr'><strong>τοῦ</strong></span> <span class='ocrx_word' id='word_1_193' title='bbox 2559 1364 2751 1434; x_wconf 75' lang='grc' dir='ltr'>ὕψους,</span> <span class='ocrx_word' id='word_1_194' title='bbox 2783 1365 2858 1429; x_wconf 85' lang='grc' dir='ltr'>ὡς</span> <span class='ocrx_word' id='word_1_195' title='bbox 2888 1365 2984 1418; x_wconf 92' lang='grc' dir='ltr'><strong>νῦν</strong></span> <span class='ocrx_word' id='word_1_196' title='bbox 3037 1368 3252 1436; x_wconf 74' lang='grc' dir='ltr'>ὁρᾶται.</span> <span class='ocrx_word' id='word_1_197' title='bbox 3291 1365 3694 1435; x_wconf 76' lang='grc' dir='ltr'>τυγχάνοντοςς</span> 
     </span>
    </p>
   </div>
   <div class='ocr_carea' id='block_1_32' title="bbox 2110 1454 3690 1527">
    <p class='ocr_par' dir='ltr' id='par_1_32' title="bbox 2110 1454 3690 1527">
     <span class='ocr_line' id='line_1_32' title="bbox 2110 1454 3690 1527; baseline 0.001 -21"><span class='ocrx_word' id='word_1_198' title='bbox 2110 1454 2204 1516; x_wconf 86' lang='grc' dir='ltr'><strong>Εἰς</strong></span> <span class='ocrx_word' id='word_1_199' title='bbox 2225 1454 2330 1523; x_wconf 79' lang='grc' dir='ltr'><strong>γὰρ</strong></span> <span class='ocrx_word' id='word_1_200' title='bbox 2358 1455 2419 1507; x_wconf 70' lang='grc' dir='ltr'>τὸ</span> <span class='ocrx_word' id='word_1_201' title='bbox 2451 1456 2580 1526; x_wconf 79' lang='grc' dir='ltr'>παρ’</span> <span class='ocrx_word' id='word_1_202' title='bbox 2607 1457 2785 1509; x_wconf 83' lang='grc' dir='ltr'>αὐτῶν</span> <span class='ocrx_word' id='word_1_203' title='bbox 2806 1456 3102 1527; x_wconf 83' lang='grc' dir='ltr'>λεγόμενον</span> <span class='ocrx_word' id='word_1_204' title='bbox 3134 1457 3412 1524; x_wconf 79' lang='grc' dir='ltr'>Γαριζεὶν,</span> <span class='ocrx_word' id='word_1_205' title='bbox 3437 1457 3487 1508; x_wconf 87' lang='grc' dir='ltr'>α’</span> <span class='ocrx_word' id='word_1_206' title='bbox 3518 1457 3618 1509; x_wconf 74' lang='grc' dir='ltr'><strong>καὶ</strong></span> <span class='ocrx_word' id='word_1_207' title='bbox 3638 1455 3690 1525; x_wconf 82' lang='grc' dir='ltr'><strong>φ’</strong></span> 
     </span>
    </p>
   </div>
   <div class='ocr_carea' id='block_1_33' title="bbox 2111 1544 3704 1620">
    <p class='ocr_par' dir='ltr' id='par_1_33' title="bbox 2111 1544 3704 1620">
     <span class='ocr_line' id='line_1_33' title="bbox 2111 1544 3704 1620; baseline 0.001 -21"><span class='ocrx_word' id='word_1_208' title='bbox 2111 1544 2188 1610; x_wconf 86' lang='grc' dir='ltr'>ὥς</span> <span class='ocrx_word' id='word_1_209' title='bbox 2221 1563 2382 1614; x_wconf 81' lang='grc' dir='ltr'>φασι,</span> <span class='ocrx_word' id='word_1_210' title='bbox 2435 1547 2694 1617; x_wconf 76' lang='grc' dir='ltr'>βαθμῖσιν</span> <span class='ocrx_word' id='word_1_211' title='bbox 2744 1548 3086 1619; x_wconf 84' lang='grc' dir='ltr'>ἀνέρχονται.</span> <span class='ocrx_word' id='word_1_212' title='bbox 3126 1551 3360 1620; x_wconf 84' lang='grc' dir='ltr'>Ἔχειδέ</span> <span class='ocrx_word' id='word_1_213' title='bbox 3382 1551 3476 1602; x_wconf 73' lang='grc' dir='ltr'><strong>καὶ</strong></span> <span class='ocrx_word' id='word_1_214' title='bbox 3505 1551 3537 1615; x_wconf 80' lang='grc' dir='ltr'>ἡ</span> <span class='ocrx_word' id='word_1_215' title='bbox 3567 1551 3704 1602; x_wconf 86' lang='grc' dir='ltr'>ἀκο-</span> 
     </span>
    </p>
   </div>
   <div class='ocr_carea' id='block_1_34' title="bbox 2110 1636 3698 1712">
    <p class='ocr_par' dir='ltr' id='par_1_34' title="bbox 2110 1636 3698 1712">
     <span class='ocr_line' id='line_1_34' title="bbox 2110 1636 3698 1712; baseline 0.002 -22"><span class='ocrx_word' id='word_1_216' title='bbox 2110 1636 2298 1690; x_wconf 79' lang='grc' dir='ltr'>λουθία</span> <span class='ocrx_word' id='word_1_217' title='bbox 2346 1638 2443 1708; x_wconf 79' lang='grc' dir='ltr'>τῆς</span> <span class='ocrx_word' id='word_1_218' title='bbox 2504 1637 2690 1708; x_wconf 82' lang='grc' dir='ltr'>βίϐλου</span> <span class='ocrx_word' id='word_1_219' title='bbox 2742 1640 2836 1693; x_wconf 87' lang='grc' dir='ltr'><strong>τοῦ</strong></span> <span class='ocrx_word' id='word_1_220' title='bbox 2884 1640 3083 1712; x_wconf 81' lang='grc' dir='ltr'>Ἰησοῦ,</span> <span class='ocrx_word' id='word_1_221' title='bbox 3116 1641 3192 1704; x_wconf 82' lang='grc' dir='ltr'>ὼς</span> <span class='ocrx_word' id='word_1_222' title='bbox 3243 1642 3387 1696; x_wconf 85' lang='grc' dir='ltr'><strong>κατά</strong></span> <span class='ocrx_word' id='word_1_223' title='bbox 3423 1642 3698 1710; x_wconf 71' lang='grc' dir='ltr'>ἀνατολὴν</span> 
     </span>
    </p>
   </div>
   <div class='ocr_carea' id='block_1_35' title="bbox 2123 1728 3697 1804">
    <p class='ocr_par' dir='ltr' id='par_1_35' title="bbox 2123 1728 3697 1804">
     <span class='ocr_line' id='line_1_35' title="bbox 2123 1728 3697 1804; baseline 0.004 -22"><span class='ocrx_word' id='word_1_224' title='bbox 2123 1728 2381 1800; x_wconf 76' lang='grc' dir='ltr'>Ἱεριχοῦς</span> <span class='ocrx_word' id='word_1_225' title='bbox 2409 1732 2476 1784; x_wconf 79' lang='grc' dir='ltr'><strong>τὰ</strong></span> <span class='ocrx_word' id='word_1_226' title='bbox 2501 1731 2612 1784; x_wconf 77' lang='grc' dir='ltr'><strong>δύω</strong></span> <span class='ocrx_word' id='word_1_227' title='bbox 2640 1732 2984 1802; x_wconf 81' lang='grc' dir='ltr'>καθέστηκεν</span> <span class='ocrx_word' id='word_1_228' title='bbox 3027 1733 3152 1804; x_wconf 77' lang='grc' dir='ltr'>ὅρη,</span> <span class='ocrx_word' id='word_1_229' title='bbox 3205 1733 3333 1786; x_wconf 77' lang='grc' dir='ltr'>ἔνθα</span> <span class='ocrx_word' id='word_1_230' title='bbox 3379 1733 3475 1786; x_wconf 77' lang='grc' dir='ltr'>καὶ</span> <span class='ocrx_word' id='word_1_231' title='bbox 3531 1735 3697 1798; x_wconf 65' lang='grc' dir='ltr'>τόπος</span> 
     </span>
    </p>
   </div>
   <div class='ocr_carea' id='block_1_36' title="bbox 2110 1823 3697 1895">
    <p class='ocr_par' dir='ltr' id='par_1_36' title="bbox 2110 1823 3697 1895">
     <span class='ocr_line' id='line_1_36' title="bbox 2110 1823 3697 1895; baseline 0.003 -20"><span class='ocrx_word' id='word_1_232' title='bbox 2110 1823 2178 1875; x_wconf 74' lang='grc' dir='ltr'>τὰ</span> <span class='ocrx_word' id='word_1_233' title='bbox 2209 1823 2466 1891; x_wconf 77' lang='grc' dir='ltr'><strong>Γάλγαλα</strong></span> <span class='ocrx_word' id='word_1_234' title='bbox 2519 1823 2629 1876; x_wconf 83' lang='grc' dir='ltr'><strong>δύω</strong></span> <span class='ocrx_word' id='word_1_235' title='bbox 2676 1825 2929 1895; x_wconf 79' lang='grc' dir='ltr'>σημείοις</span> <span class='ocrx_word' id='word_1_236' title='bbox 2989 1827 3270 1895; x_wconf 76' lang='grc' dir='ltr'>ἀπέχοντα</span> <span class='ocrx_word' id='word_1_237' title='bbox 3311 1825 3412 1894; x_wconf 80' lang='grc' dir='ltr'>τῆς</span> <span class='ocrx_word' id='word_1_238' title='bbox 3461 1826 3697 1889; x_wconf 79' lang='grc' dir='ltr'>πόλεως.</span> 
     </span>
    </p>
   </div>
   <div class='ocr_carea' id='block_1_37' title="bbox 2124 1913 3700 1991">
    <p class='ocr_par' dir='ltr' id='par_1_37' title="bbox 2124 1913 3700 1991">
     <span class='ocr_line' id='line_1_37' title="bbox 2124 1913 3700 1991; baseline 0.004 -24"><span class='ocrx_word' id='word_1_239' title='bbox 2124 1913 2190 1968; x_wconf 83' lang='grc' dir='ltr'>Ἦ</span> <span class='ocrx_word' id='word_1_240' title='bbox 2214 1914 2272 1968; x_wconf 84' lang='grc' dir='ltr'><strong>δὲ</strong></span> <span class='ocrx_word' id='word_1_241' title='bbox 2303 1917 2509 1987; x_wconf 87' lang='grc' dir='ltr'>Σίκιμα</span> <span class='ocrx_word' id='word_1_242' title='bbox 2555 1919 2652 1987; x_wconf 80' lang='grc' dir='ltr'>τῆς</span> <span class='ocrx_word' id='word_1_243' title='bbox 2691 1917 2953 1990; x_wconf 60' lang='grc' dir='ltr'>Ἱεριχνῦς</span> <span class='ocrx_word' id='word_1_244' title='bbox 2984 1917 3302 1991; x_wconf 82' lang='grc' dir='ltr'>βορειοτέρα</span> <span class='ocrx_word' id='word_1_245' title='bbox 3339 1935 3399 1971; x_wconf 81' lang='grc' dir='ltr'><strong>τε</strong></span> <span class='ocrx_word' id='word_1_246' title='bbox 3435 1920 3528 1975; x_wconf 71' lang='lat' dir='ltr'><strong>mi</strong></span> <span class='ocrx_word' id='word_1_247' title='bbox 3554 1921 3700 1976; x_wconf 82' lang='grc' dir='ltr'>’ντι-</span> 
     </span>
    </p>
   </div>
   <div class='ocr_carea' id='block_1_38' title="bbox 2113 2007 3258 2081">
    <p class='ocr_par' dir='ltr' id='par_1_38' title="bbox 2113 2007 3258 2081">
     <span class='ocr_line' id='line_1_38' title="bbox 2113 2007 3258 2081; baseline 0.003 -21"><span class='ocrx_word' id='word_1_248' title='bbox 2113 2007 2332 2079; x_wconf 84' lang='grc' dir='ltr'>κωτέρα</span> <span class='ocrx_word' id='word_1_249' title='bbox 2359 2008 2608 2079; x_wconf 83' lang='grc' dir='ltr'>σημείοις</span> <span class='ocrx_word' id='word_1_250' title='bbox 2643 2011 2815 2080; x_wconf 82' lang='grc' dir='ltr'>αὐτῆς</span> <span class='ocrx_word' id='word_1_251' title='bbox 2849 2011 3132 2081; x_wconf 84' lang='grc' dir='ltr'>ἀπέχουσα</span> <span class='ocrx_word' id='word_1_252' title='bbox 3159 2009 3258 2080; x_wconf 82' lang='grc' dir='ltr'><strong>νβ’.</strong></span> 
     </span>
    </p>
   </div>
   <div class='ocr_carea' id='block_1_39' title="bbox 414 2097 3698 2174">
    <p class='ocr_par' dir='ltr' id='par_1_39' title="bbox 414 2097 3698 2174">
     <span class='ocr_line' id='line_1_39' title="bbox 414 2097 3698 2174; baseline 0.001 -21"><span class='ocrx_word' id='word_1_253' title='bbox 414 2103 642 2156; x_wconf 80' lang='lat' dir='ltr'><strong>eliuntis</strong></span> <span class='ocrx_word' id='word_1_254' title='bbox 680 2101 768 2156; x_wconf 90' lang='lat' dir='ltr'><strong>siti</strong></span> <span class='ocrx_word' id='word_1_255' title='bbox 799 2099 1024 2164; x_wconf 89' lang='lat' dir='ltr'><strong>fuerint,</strong></span> <span class='ocrx_word' id='word_1_256' title='bbox 1064 2099 1159 2155; x_wconf 90' lang='lat' dir='ltr'><strong>ubi</strong></span> <span class='ocrx_word' id='word_1_257' title='bbox 1187 2099 1348 2155; x_wconf 91' lang='lat' dir='ltr'><strong>locus</strong></span> <span class='ocrx_word' id='word_1_258' title='bbox 1380 2111 1603 2170; x_wconf 88' lang='lat' dir='ltr'><strong>quoque</strong></span> <span class='ocrx_word' id='word_1_259' title='bbox 1627 2097 1877 2168; x_wconf 84' lang='lat' dir='ltr'><strong>Calgala,</strong></span> <span class='ocrx_word' id='word_1_260' title='bbox 1913 2099 2005 2168; x_wconf 87' lang='lat' dir='ltr'><strong>qui</strong></span> <span class='ocrx_word' id='word_1_261' title='bbox 2047 2099 2272 2156; x_wconf 88' lang='lat' dir='ltr'><strong>ab-urbe</strong></span> <span class='ocrx_word' id='word_1_262' title='bbox 2295 2101 2361 2157; x_wconf 87' lang='lat' dir='ltr'><strong>ad</strong></span> <span class='ocrx_word' id='word_1_263' title='bbox 2387 2103 2693 2158; x_wconf 88' lang='lat' dir='ltr'><strong>secundum</strong></span> <span class='ocrx_word' id='word_1_264' title='bbox 2739 2103 2974 2174; x_wconf 85' lang='lat' dir='ltr'><strong>lapidem</strong></span> <span class='ocrx_word' id='word_1_265' title='bbox 3021 2105 3206 2159; x_wconf 84' lang='lat' dir='ltr'><strong>distat.</strong></span> <span class='ocrx_word' id='word_1_266' title='bbox 3269 2101 3509 2158; x_wconf 81' lang='lat' dir='ltr'><strong>Sicltima</strong></span> <span class='ocrx_word' id='word_1_267' title='bbox 3566 2120 3698 2158; x_wconf 84' lang='lat' dir='ltr'><strong>vero</strong></span> 
     </span>
    </p>
   </div>
   <div class='ocr_carea' id='block_1_40' title="bbox 413 2190 3694 2269">
    <p class='ocr_par' dir='ltr' id='par_1_40' title="bbox 413 2190 3694 2269">
     <span class='ocr_line' id='line_1_40' title="bbox 413 2190 3694 2269; baseline 0.002 -23"><span class='ocrx_word' id='word_1_268' title='bbox 413 2193 486 2246; x_wconf 84' lang='lat' dir='ltr'><strong>ad</strong></span> <span class='ocrx_word' id='word_1_269' title='bbox 521 2194 950 2264; x_wconf 84' lang='lat' dir='ltr'><strong>septentrionem</strong></span> <span class='ocrx_word' id='word_1_270' title='bbox 1013 2201 1068 2248; x_wconf 89' lang='lat' dir='ltr'><strong>et</strong></span> <span class='ocrx_word' id='word_1_271' title='bbox 1124 2207 1384 2249; x_wconf 88' lang='lat' dir='ltr'><strong>occasum</strong></span> <span class='ocrx_word' id='word_1_272' title='bbox 1464 2190 1810 2248; x_wconf 77' lang='lat' dir='ltr'><strong>Jerichuntis</strong></span> <span class='ocrx_word' id='word_1_273' title='bbox 1881 2192 2054 2264; x_wconf 81' lang='lat' dir='ltr'><strong>vergit</strong></span> <span class='ocrx_word' id='word_1_274' title='bbox 2091 2193 2289 2265; x_wconf 82' lang='lat' dir='ltr'><strong>magis,</strong></span> <span class='ocrx_word' id='word_1_275' title='bbox 2331 2209 2397 2251; x_wconf 89' lang='lat' dir='ltr'><strong>ac</strong></span> <span class='ocrx_word' id='word_1_276' title='bbox 2441 2197 2506 2249; x_wconf 88' lang='lat' dir='ltr'><strong>ad</strong></span> <span class='ocrx_word' id='word_1_277' title='bbox 2543 2198 2828 2269; x_wconf 81' lang='lat' dir='ltr'><strong>quinquag</strong></span> <span class='ocrx_word' id='word_1_278' title='bbox 2865 2198 3067 2254; x_wconf 90' lang='lat' dir='ltr'><strong>sim-um</strong></span> <span class='ocrx_word' id='word_1_279' title='bbox 3099 2197 3406 2252; x_wconf 84' lang='lat' dir='ltr'><strong>secundum</strong></span> <span class='ocrx_word' id='word_1_280' title='bbox 3440 2197 3694 2268; x_wconf 61' lang='lat' dir='ltr'><strong>Lupide</strong></span> 
     </span>
    </p>
   </div>
   <div class='ocr_carea' id='block_1_41' title="bbox 417 2286 799 2342">
    <p class='ocr_par' dir='ltr' id='par_1_41' title="bbox 417 2286 799 2342">
     <span class='ocr_line' id='line_1_41' title="bbox 417 2286 799 2342; baseline -0.003 -1"><span class='ocrx_word' id='word_1_281' title='bbox 417 2288 488 2342; x_wconf 84' lang='lat' dir='ltr'><strong>ab</strong></span> <span class='ocrx_word' id='word_1_282' title='bbox 517 2301 580 2341; x_wconf 88' lang='lat' dir='ltr'><strong>ea</strong></span> <span class='ocrx_word' id='word_1_283' title='bbox 611 2286 799 2342; x_wconf 87' lang='lat' dir='ltr'><strong>distat.</strong></span> 
     </span>
    </p>
   </div>
   <div class='ocr_carea' id='block_1_42' title="bbox 489 2393 3696 2468">
    <p class='ocr_par' dir='ltr' id='par_1_42' title="bbox 489 2393 3696 2468">
     <span class='ocr_line' id='line_1_42' title="bbox 489 2393 3696 2468; baseline -0 -12"><span class='ocrx_word' id='word_1_284' title='bbox 489 2398 592 2456; x_wconf 86' lang='lat' dir='ltr'><strong>Sed</strong></span> <span class='ocrx_word' id='word_1_285' title='bbox 647 2415 768 2454; x_wconf 84' lang='lat' dir='ltr'><strong>eum</strong></span> <span class='ocrx_word' id='word_1_286' title='bbox 823 2397 998 2453; x_wconf 86' lang='lat' dir='ltr'><strong>locum</strong></span> <span class='ocrx_word' id='word_1_287' title='bbox 1030 2413 1182 2466; x_wconf 86' lang='lat' dir='ltr'><strong>quem</strong></span> <span class='ocrx_word' id='word_1_288' title='bbox 1206 2396 1420 2468; x_wconf 79' lang='lat' dir='ltr'><strong>elegerit</strong></span> <span class='ocrx_word' id='word_1_289' title='bbox 1449 2395 1707 2450; x_wconf 78' lang='lat' dir='ltr'><strong>Dominus</strong></span> <span class='ocrx_word' id='word_1_290' title='bbox 1745 2393 1884 2452; x_wconf 74' lang='lat' dir='ltr'><strong>Deus</strong></span> <span class='ocrx_word' id='word_1_291' title='bbox 1934 2404 2126 2452; x_wconf 79' lang='lat' dir='ltr'><strong>vester.</strong></span> <span class='ocrx_word' id='word_1_292' title='bbox 2181 2393 2326 2468; x_wconf 60' lang='lat' dir='ltr'><strong>ix&quot;,</strong></span> <span class='ocrx_word' id='word_1_293' title='bbox 2382 2393 2462 2467; x_wconf 88' lang='lat'><strong>5.]</strong></span> <span class='ocrx_word' id='word_1_294' title='bbox 2523 2395 2643 2462; x_wconf 88' lang='lat' dir='ltr'><strong>Quo</strong></span> <span class='ocrx_word' id='word_1_295' title='bbox 2695 2397 2817 2452; x_wconf 89' lang='lat' dir='ltr'><strong>loco</strong></span> <span class='ocrx_word' id='word_1_296' title='bbox 2872 2397 3138 2465; x_wconf 80' lang='lat' dir='ltr'><strong>deinceps</strong></span> <span class='ocrx_word' id='word_1_297' title='bbox 3181 2397 3462 2468; x_wconf 81' lang='lat' dir='ltr'><strong>adempto,</strong></span> <span class='ocrx_word' id='word_1_298' title='bbox 3528 2401 3696 2458; x_wconf 74' lang='lat' dir='ltr'><strong>simul</strong></span> 
     </span>
    </p>
   </div>
   <div class='ocr_carea' id='block_1_43' title="bbox 402 2485 3679 2560">
    <p class='ocr_par' dir='ltr' id='par_1_43' title="bbox 402 2485 3679 2560">
     <span class='ocr_line' id='line_1_43' title="bbox 402 2485 3679 2560; baseline 0 -22"><span class='ocrx_word' id='word_1_299' title='bbox 402 2504 636 2560; x_wconf 75' lang='lat' dir='ltr'><strong>.qtlnqtte</strong></span> <span class='ocrx_word' id='word_1_300' title='bbox 680 2490 748 2542; x_wconf 86' lang='lat' dir='ltr'><strong>ab</strong></span> <span class='ocrx_word' id='word_1_301' title='bbox 801 2487 1083 2542; x_wconf 82' lang='lat' dir='ltr'><strong>oblatione</strong></span> <span class='ocrx_word' id='word_1_302' title='bbox 1152 2487 1506 2541; x_wconf 82' lang='lat' dir='ltr'><strong>victimarum</strong></span> <span class='ocrx_word' id='word_1_303' title='bbox 1585 2501 1728 2555; x_wconf 86' lang='lat' dir='ltr'><strong>quas</strong></span> <span class='ocrx_word' id='word_1_304' title='bbox 1799 2487 1871 2543; x_wconf 88' lang='lat' dir='ltr'><strong>ab</strong></span> <span class='ocrx_word' id='word_1_305' title='bbox 1928 2486 2090 2542; x_wconf 90' lang='lat' dir='ltr'><strong>initio</strong></span> <span class='ocrx_word' id='word_1_306' title='bbox 2140 2493 2498 2540; x_wconf 86' lang='lat' dir='ltr'><strong>concesserat</strong></span> <span class='ocrx_word' id='word_1_307' title='bbox 2560 2496 2785 2554; x_wconf 87' lang='lat' dir='ltr'><strong>propter</strong></span> <span class='ocrx_word' id='word_1_308' title='bbox 2847 2485 3306 2542; x_wconf 81' lang='lat' dir='ltr'><strong>consuetudinem</strong></span> <span class='ocrx_word' id='word_1_309' title='bbox 3359 2500 3482 2555; x_wconf 61' lang='lat' dir='ltr'><strong>qua</strong></span> <span class='ocrx_word' id='word_1_310' title='bbox 3530 2489 3679 2555; x_wconf 84' lang='lat' dir='ltr'><strong>apud</strong></span> 
     </span>
    </p>
   </div>
   <div class='ocr_carea' id='block_1_44' title="bbox 417 2562 3686 2650">
    <p class='ocr_par' dir='ltr' id='par_1_44' title="bbox 417 2562 3686 2650">
     <span class='ocr_line' id='line_1_44' title="bbox 417 2562 3686 2650; baseline -0.001 -18"><span class='ocrx_word' id='word_1_311' title='bbox 417 2576 706 2650; x_wconf 72' lang='lat' dir='ltr'><strong>2Egyptios</strong></span> <span class='ocrx_word' id='word_1_312' title='bbox 751 2576 1076 2640; x_wconf 85' lang='lat' dir='ltr'><strong>inoleverat,</strong></span> <span class='ocrx_word' id='word_1_313' title='bbox 1134 2589 1412 2645; x_wconf 87' lang='lat' dir='ltr'><strong>quamque</strong></span> <span class='ocrx_word' id='word_1_314' title='bbox 1462 2573 1732 2644; x_wconf 71' lang='lat' dir='ltr'><strong>praecipiti</strong></span> <span class='ocrx_word' id='word_1_315' title='bbox 1790 2575 2097 2630; x_wconf 88' lang='lat' dir='ltr'><strong>mutatione</strong></span> <span class='ocrx_word' id='word_1_316' title='bbox 2133 2574 2355 2630; x_wconf 82' lang='lat' dir='ltr'><strong>abolere</strong></span> <span class='ocrx_word' id='word_1_317' title='bbox 2385 2591 2497 2630; x_wconf 85' lang='lat' dir='ltr'><strong>non</strong></span> <span class='ocrx_word' id='word_1_318' title='bbox 2551 2585 2831 2644; x_wconf 82' lang='lat' dir='ltr'><strong>poterant,</strong></span> <span class='ocrx_word' id='word_1_319' title='bbox 2869 2562 3163 2633; x_wconf 81' lang='lat' dir='ltr'><strong>cessarunt</strong></span> <span class='ocrx_word' id='word_1_320' title='bbox 3188 2576 3512 2647; x_wconf 88' lang='lat' dir='ltr'><strong>aliquando.</strong></span> <span class='ocrx_word' id='word_1_321' title='bbox 3546 2577 3629 2635; x_wconf 79' lang='lat' dir='ltr'><strong>Cu</strong></span> <span class='ocrx_word' id='word_1_322' title='bbox 3656 2596 3686 2630; x_wconf 84' lang='grc' dir='ltr'><strong>ιι</strong></span> 
     </span>
    </p>
   </div>
   <div class='ocr_carea' id='block_1_45' title="bbox 411 2662 2294 2727">
    <p class='ocr_par' dir='ltr' id='par_1_45' title="bbox 411 2662 2294 2727">
     <span class='ocr_line' id='line_1_45' title="bbox 411 2662 2294 2727; baseline 0 -9"><span class='ocrx_word' id='word_1_323' title='bbox 411 2666 650 2721; x_wconf 75' lang='lat' dir='ltr'><strong>consilio</strong></span> <span class='ocrx_word' id='word_1_324' title='bbox 677 2665 824 2721; x_wconf 89' lang='lat' dir='ltr'><strong>enim</strong></span> <span class='ocrx_word' id='word_1_325' title='bbox 859 2675 912 2719; x_wconf 91' lang='lat' dir='ltr'><strong>et</strong></span> <span class='ocrx_word' id='word_1_326' title='bbox 939 2663 1087 2719; x_wconf 88' lang='lat' dir='ltr'><strong>bona</strong></span> <span class='ocrx_word' id='word_1_327' title='bbox 1120 2665 1302 2727; x_wconf 89' lang='lat' dir='ltr'><strong>venia,</strong></span> <span class='ocrx_word' id='word_1_328' title='bbox 1336 2677 1447 2716; x_wconf 91' lang='lat' dir='ltr'><strong>non</strong></span> <span class='ocrx_word' id='word_1_329' title='bbox 1477 2662 1748 2717; x_wconf 88' lang='lat' dir='ltr'><strong>violentia</strong></span> <span class='ocrx_word' id='word_1_330' title='bbox 1780 2666 2022 2718; x_wconf 89' lang='lat' dir='ltr'><strong>salutem</strong></span> <span class='ocrx_word' id='word_1_331' title='bbox 2054 2662 2294 2720; x_wconf 77' lang='lat' dir='ltr'><strong>confert.</strong></span> 
     </span>
    </p>
   </div>
   <div class='ocr_carea' id='block_1_46' title="bbox 486 2777 1999 2852">
    <p class='ocr_par' dir='ltr' id='par_1_46' title="bbox 486 2777 1999 2852">
     <span class='ocr_line' id='line_1_46' title="bbox 486 2777 1999 2852; baseline -0.001 -18"><span class='ocrx_word' id='word_1_332' title='bbox 486 2782 824 2850; x_wconf 76' lang='lat' dir='ltr'><strong>Quazcungue</strong></span> <span class='ocrx_word' id='word_1_333' title='bbox 859 2797 949 2834; x_wconf 76' lang='lat' dir='ltr'><strong>vos</strong></span> <span class='ocrx_word' id='word_1_334' title='bbox 999 2779 1082 2832; x_wconf 82' lang='lat' dir='ltr'><strong>hic</strong></span> <span class='ocrx_word' id='word_1_335' title='bbox 1151 2779 1362 2848; x_wconf 74' lang='lat' dir='ltr'><strong>facietis</strong></span> <span class='ocrx_word' id='word_1_336' title='bbox 1417 2778 1594 2834; x_wconf 82' lang='lat' dir='ltr'><strong>hodie.</strong></span> <span class='ocrx_word' id='word_1_337' title='bbox 1656 2777 1761 2852; x_wconf 82' lang='lat'><strong>[8.]</strong></span> <span class='ocrx_word' id='word_1_338' title='bbox 1818 2777 1999 2833; x_wconf 89' lang='lat' dir='ltr'><strong>Etiam</strong></span> 
     </span>
    </p>
   </div>
   <div class='ocr_carea' id='block_1_47' title="bbox 408 2869 2001 2941">
    <p class='ocr_par' dir='ltr' id='par_1_47' title="bbox 408 2869 2001 2941">
     <span class='ocr_line' id='line_1_47' title="bbox 408 2869 2001 2941; baseline -0.002 -13"><span class='ocrx_word' id='word_1_339' title='bbox 408 2871 916 2940; x_wconf 63' lang='lat' dir='ltr'><strong>adhuc-superstite</strong></span> <span class='ocrx_word' id='word_1_340' title='bbox 949 2872 1140 2938; x_wconf 86' lang='lat' dir='ltr'><strong>utique</strong></span> <span class='ocrx_word' id='word_1_341' title='bbox 1171 2869 1320 2925; x_wconf 82' lang='lat' dir='ltr'><strong>Mose</strong></span> <span class='ocrx_word' id='word_1_342' title='bbox 1349 2872 1687 2941; x_wconf 82' lang='lat' dir='ltr'><strong>transgressi</strong></span> <span class='ocrx_word' id='word_1_343' title='bbox 1753 2879 1906 2935; x_wconf 92' lang='lat' dir='ltr'><strong>sunt,</strong></span> <span class='ocrx_word' id='word_1_344' title='bbox 1945 2880 2001 2926; x_wconf 90' lang='lat' dir='ltr'><strong>et</strong></span> 
     </span>
    </p>
   </div>
   <div class='ocr_carea' id='block_1_48' title="bbox 415 2963 2000 3026">
    <p class='ocr_par' dir='ltr' id='par_1_48' title="bbox 415 2963 2000 3026">
     <span class='ocr_line' id='line_1_48' title="bbox 415 2963 2000 3026; baseline 0 -8"><span class='ocrx_word' id='word_1_345' title='bbox 415 2964 833 3020; x_wconf 75' lang='lat' dir='ltr'><strong>tanien-veniam</strong></span> <span class='ocrx_word' id='word_1_346' title='bbox 865 2969 995 3018; x_wconf 90' lang='lat' dir='ltr'><strong>sunt</strong></span> <span class='ocrx_word' id='word_1_347' title='bbox 1019 2965 1302 3018; x_wconf 88' lang='lat' dir='ltr'><strong>consecuti</strong></span> <span class='ocrx_word' id='word_1_348' title='bbox 1332 3005 1348 3026; x_wconf 92' lang='lat'><strong>,</strong></span> <span class='ocrx_word' id='word_1_349' title='bbox 1387 2981 1406 3015; x_wconf 81' lang='grc' dir='ltr'><strong>ι</strong></span> <span class='ocrx_word' id='word_1_350' title='bbox 1457 2963 1700 3018; x_wconf 85' lang='lat' dir='ltr'><strong>Necdum</strong></span> <span class='ocrx_word' id='word_1_351' title='bbox 1732 2964 1879 3018; x_wconf 90' lang='lat' dir='ltr'><strong>enim</strong></span> <span class='ocrx_word' id='word_1_352' title='bbox 1906 2979 2000 3019; x_wconf 92' lang='lat' dir='ltr'><strong>ve-</strong></span> 
     </span>
    </p>
   </div>
   <div class='ocr_carea' id='block_1_49' title="bbox 417 3054 2000 3127">
    <p class='ocr_par' dir='ltr' id='par_1_49' title="bbox 417 3054 2000 3127">
     <span class='ocr_line' id='line_1_49' title="bbox 417 3054 2000 3127; baseline -0.001 -15"><span class='ocrx_word' id='word_1_353' title='bbox 417 3059 597 3122; x_wconf 85' lang='lat' dir='ltr'><strong>nistis,</strong></span> <span class='ocrx_word' id='word_1_354' title='bbox 659 3055 863 3125; x_wconf 80' lang='lat' dir='ltr'><strong>inquit,</strong></span> <span class='ocrx_word' id='word_1_355' title='bbox 889 3055 948 3109; x_wconf 89' lang='lat' dir='ltr'><strong>in</strong></span> <span class='ocrx_word' id='word_1_356' title='bbox 987 3056 1296 3124; x_wconf 64' lang='lat' dir='ltr'><strong>requiem.»</strong></span> <span class='ocrx_word' id='word_1_357' title='bbox 1334 3054 1491 3112; x_wconf 87' lang='lat' dir='ltr'><strong>Unde</strong></span> <span class='ocrx_word' id='word_1_358' title='bbox 1563 3057 1669 3112; x_wconf 88' lang='lat' dir='ltr'><strong>sub</strong></span> <span class='ocrx_word' id='word_1_359' title='bbox 1724 3056 2000 3127; x_wconf 69' lang='lat' dir='ltr'><strong>praeputio</strong></span> 
     </span>
    </p>
   </div>
   <div class='ocr_carea' id='block_1_50' title="bbox 411 3148 2002 3219">
    <p class='ocr_par' dir='ltr' id='par_1_50' title="bbox 411 3148 2002 3219">
     <span class='ocr_line' id='line_1_50' title="bbox 411 3148 2002 3219; baseline -0.003 -12"><span class='ocrx_word' id='word_1_360' title='bbox 411 3167 523 3208; x_wconf 82' lang='lat' dir='ltr'><strong>non</strong></span> <span class='ocrx_word' id='word_1_361' title='bbox 549 3148 880 3205; x_wconf 84' lang='lat' dir='ltr'><strong>recusabant</strong></span> <span class='ocrx_word' id='word_1_362' title='bbox 913 3148 1197 3204; x_wconf 89' lang='lat' dir='ltr'><strong>custodire</strong></span> <span class='ocrx_word' id='word_1_363' title='bbox 1233 3150 1430 3219; x_wconf 85' lang='lat' dir='ltr'><strong>legem,</strong></span> <span class='ocrx_word' id='word_1_364' title='bbox 1468 3164 1652 3218; x_wconf 87' lang='lat' dir='ltr'><strong>neque</strong></span> <span class='ocrx_word' id='word_1_365' title='bbox 1683 3149 1892 3218; x_wconf 89' lang='lat' dir='ltr'><strong>ubique</strong></span> <span class='ocrx_word' id='word_1_366' title='bbox 1923 3149 2002 3202; x_wconf 91' lang='lat' dir='ltr'><strong>vi-</strong></span> 
     </span>
    </p>
   </div>
   <div class='ocr_carea' id='block_1_51' title="bbox 415 3238 2000 3310">
    <p class='ocr_par' dir='ltr' id='par_1_51' title="bbox 415 3238 2000 3310">
     <span class='ocr_line' id='line_1_51' title="bbox 415 3238 2000 3310; baseline -0.003 -11"><span class='ocrx_word' id='word_1_367' title='bbox 415 3244 614 3299; x_wconf 85' lang='lat' dir='ltr'><strong>ctimas</strong></span> <span class='ocrx_word' id='word_1_368' title='bbox 633 3241 832 3295; x_wconf 75' lang='lat' dir='ltr'><strong>offerre</strong></span> <span class='ocrx_word' id='word_1_369' title='bbox 848 3241 1069 3296; x_wconf 65' lang='lat' dir='ltr'><strong>licitum</strong></span> <span class='ocrx_word' id='word_1_370' title='bbox 1093 3249 1232 3296; x_wconf 86' lang='lat' dir='ltr'><strong>erat.</strong></span> <span class='ocrx_word' id='word_1_371' title='bbox 1251 3238 1372 3294; x_wconf 86' lang='lat' dir='ltr'><strong>Jam</strong></span> <span class='ocrx_word' id='word_1_372' title='bbox 1399 3255 1552 3306; x_wconf 90' lang='lat' dir='ltr'><strong>vero,</strong></span> <span class='ocrx_word' id='word_1_373' title='bbox 1573 3241 1731 3308; x_wconf 81' lang='lat' dir='ltr'><strong>juxta</strong></span> <span class='ocrx_word' id='word_1_374' title='bbox 1759 3239 2000 3310; x_wconf 81' lang='lat' dir='ltr'><strong>prephe-</strong></span> 
     </span>
    </p>
   </div>
   <div class='ocr_carea' id='block_1_52' title="bbox 414 3325 1997 3394">
    <p class='ocr_par' dir='ltr' id='par_1_52' title="bbox 414 3325 1997 3394">
     <span class='ocr_line' id='line_1_52' title="bbox 414 3325 1997 3394; baseline 0 -10"><span class='ocrx_word' id='word_1_375' title='bbox 414 3341 526 3384; x_wconf 90' lang='lat' dir='ltr'><strong>tam</strong></span> <span class='ocrx_word' id='word_1_376' title='bbox 563 3369 577 3394; x_wconf 93' lang='lat'><strong>,</strong></span> <span class='ocrx_word' id='word_1_377' title='bbox 619 3349 636 3379; x_wconf 85' lang='grc' dir='ltr'><strong>ι</strong></span> <span class='ocrx_word' id='word_1_378' title='bbox 659 3325 854 3383; x_wconf 88' lang='lat' dir='ltr'><strong>Ubivis</strong></span> <span class='ocrx_word' id='word_1_379' title='bbox 875 3330 1127 3383; x_wconf 87' lang='lat' dir='ltr'><strong>locorum</strong></span> <span class='ocrx_word' id='word_1_380' title='bbox 1154 3330 1444 3385; x_wconf 84' lang='lat' dir='ltr'><strong>incensum</strong></span> <span class='ocrx_word' id='word_1_381' title='bbox 1478 3330 1733 3386; x_wconf 88' lang='lat' dir='ltr'><strong>adoletur</strong></span> <span class='ocrx_word' id='word_1_382' title='bbox 1783 3330 1997 3387; x_wconf 90' lang='lat' dir='ltr'><strong>nomini</strong></span> 
     </span>
    </p>
   </div>
   <div class='ocr_carea' id='block_1_53' title="bbox 402 3420 1454 3490">
    <p class='ocr_par' dir='ltr' id='par_1_53' title="bbox 402 3420 1454 3490">
     <span class='ocr_line' id='line_1_53' title="bbox 402 3420 1454 3490; baseline -0.003 -14"><span class='ocrx_word' id='word_1_383' title='bbox 402 3423 554 3485; x_wconf 70' lang='lat' dir='ltr'><strong>eius,</strong></span> <span class='ocrx_word' id='word_1_384' title='bbox 590 3433 640 3476; x_wconf 86' lang='lat' dir='ltr'><strong>et</strong></span> <span class='ocrx_word' id='word_1_385' title='bbox 662 3421 888 3476; x_wconf 86' lang='lat' dir='ltr'><strong>victima</strong></span> <span class='ocrx_word' id='word_1_386' title='bbox 913 3435 1050 3490; x_wconf 88' lang='lat' dir='ltr'><strong>pura</strong></span> <span class='ocrx_word' id='word_1_387' title='bbox 1083 3420 1314 3476; x_wconf 80' lang='lat' dir='ltr'><strong>oﬂerlur</strong></span> <span class='ocrx_word' id='word_1_388' title='bbox 1337 3422 1407 3478; x_wconf 74' lang='grc'><strong>’⁸.</strong></span> <span class='ocrx_word' id='word_1_389' title='bbox 1437 3440 1454 3473; x_wconf 75' lang='grc' dir='ltr'><strong>ι</strong></span> 
     </span>
    </p>
   </div>
   <div class='ocr_carea' id='block_1_54' title="bbox 485 3512 2074 3574">
    <p class='ocr_par' dir='ltr' id='par_1_54' title="bbox 485 3512 2074 3574">
     <span class='ocr_line' id='line_1_54' title="bbox 485 3512 2074 3574; baseline -0.001 -5"><span class='ocrx_word' id='word_1_390' title='bbox 485 3512 869 3569; x_wconf 76' lang='lat' dir='ltr'><strong>Verumtamen</strong></span> <span class='ocrx_word' id='word_1_391' title='bbox 916 3515 971 3566; x_wconf 75' lang='lat' dir='ltr'><strong>in</strong></span> <span class='ocrx_word' id='word_1_392' title='bbox 1005 3515 1151 3568; x_wconf 85' lang='lat' dir='ltr'><strong>omni</strong></span> <span class='ocrx_word' id='word_1_393' title='bbox 1179 3515 1346 3569; x_wconf 88' lang='lat' dir='ltr'><strong>animi</strong></span> <span class='ocrx_word' id='word_1_394' title='bbox 1383 3515 1463 3568; x_wconf 81' lang='lat' dir='ltr'><strong>tui</strong></span> <span class='ocrx_word' id='word_1_395' title='bbox 1493 3512 1758 3569; x_wconf 69' lang='lat' dir='ltr'><strong>desiderio</strong></span> <span class='ocrx_word' id='word_1_396' title='bbox 1797 3522 2003 3568; x_wconf 86' lang='lat' dir='ltr'><strong>macta-</strong></span> <span class='ocrx_word' id='word_1_397' title='bbox 2029 3517 2074 3574; x_wconf 85' lang='lat' dir='ltr'><strong><em>C</em></strong></span> 
     </span>
    </p>
   </div>
   <div class='ocr_carea' id='block_1_55' title="bbox 398 3604 2002 3678">
    <p class='ocr_par' dir='ltr' id='par_1_55' title="bbox 398 3604 2002 3678">
     <span class='ocr_line' id='line_1_55' title="bbox 398 3604 2002 3678; baseline 0 -21"><span class='ocrx_word' id='word_1_398' title='bbox 398 3607 576 3662; x_wconf 69' lang='grc' dir='ltr'>,όίιει</span> <span class='ocrx_word' id='word_1_399' title='bbox 596 3607 833 3661; x_wconf 69' lang='lat' dir='ltr'><strong>comede:</strong></span> <span class='ocrx_word' id='word_1_400' title='bbox 865 3622 1060 3660; x_wconf 80' lang='lat' dir='ltr'><strong>carnes</strong></span> <span class='ocrx_word' id='word_1_401' title='bbox 1099 3622 1436 3676; x_wconf 79' lang='lat' dir='ltr'><strong>quascunque</strong></span> <span class='ocrx_word' id='word_1_402' title='bbox 1464 3604 1514 3678; x_wconf 69' lang='lat'><strong>[1</strong></span> <span class='ocrx_word' id='word_1_403' title='bbox 1528 3604 1609 3674; x_wconf 87' lang='lat'><strong>5.]</strong></span> <span class='ocrx_word' id='word_1_404' title='bbox 1660 3604 1886 3660; x_wconf 90' lang='lat' dir='ltr'><strong>Clarum</strong></span> <span class='ocrx_word' id='word_1_405' title='bbox 1917 3611 2002 3659; x_wconf 90' lang='lat' dir='ltr'><strong>est</strong></span> 
     </span>
    </p>
   </div>
   <div class='ocr_carea' id='block_1_56' title="bbox 413 3694 2003 3768">
    <p class='ocr_par' dir='ltr' id='par_1_56' title="bbox 413 3694 2003 3768">
     <span class='ocr_line' id='line_1_56' title="bbox 413 3694 2003 3768; baseline -0.001 -18"><span class='ocrx_word' id='word_1_406' title='bbox 413 3694 560 3768; x_wconf 81' lang='lat' dir='ltr'><strong>quod</strong></span> <span class='ocrx_word' id='word_1_407' title='bbox 587 3711 699 3751; x_wconf 85' lang='lat' dir='ltr'><strong>non</strong></span> <span class='ocrx_word' id='word_1_408' title='bbox 719 3706 849 3752; x_wconf 88' lang='lat' dir='ltr'><strong>sunt</strong></span> <span class='ocrx_word' id='word_1_409' title='bbox 871 3695 1257 3752; x_wconf 87' lang='lat' dir='ltr'><strong>distinctiones</strong></span> <span class='ocrx_word' id='word_1_410' title='bbox 1287 3711 1382 3752; x_wconf 88' lang='lat' dir='ltr'><strong>seu</strong></span> <span class='ocrx_word' id='word_1_411' title='bbox 1403 3694 1678 3752; x_wconf 80' lang='lat' dir='ltr'><strong>sacrificia</strong></span> <span class='ocrx_word' id='word_1_412' title='bbox 1702 3695 1852 3766; x_wconf 89' lang='lat' dir='ltr'><strong>.apud</strong></span> <span class='ocrx_word' id='word_1_413' title='bbox 1899 3695 2003 3748; x_wconf 87' lang='lat' dir='ltr'><strong>Do-</strong></span> 
     </span>
    </p>
   </div>
   <div class='ocr_carea' id='block_1_57' title="bbox 419 3785 2004 3858">
    <p class='ocr_par' dir='ltr' id='par_1_57' title="bbox 419 3785 2004 3858">
     <span class='ocr_line' id='line_1_57' title="bbox 419 3785 2004 3858; baseline -0.001 -17"><span class='ocrx_word' id='word_1_414' title='bbox 419 3788 625 3843; x_wconf 90' lang='lat' dir='ltr'><strong>minum</strong></span> <span class='ocrx_word' id='word_1_415' title='bbox 688 3786 888 3843; x_wconf 90' lang='lat' dir='ltr'><strong>Deum.</strong></span> <span class='ocrx_word' id='word_1_416' title='bbox 937 3786 1084 3855; x_wconf 86' lang='lat' dir='ltr'><strong>Quin</strong></span> <span class='ocrx_word' id='word_1_417' title='bbox 1118 3801 1218 3858; x_wconf 88' lang='lat' dir='ltr'><strong>pro</strong></span> <span class='ocrx_word' id='word_1_418' title='bbox 1267 3785 1464 3855; x_wconf 83' lang='lat' dir='ltr'><strong>lubito,</strong></span> <span class='ocrx_word' id='word_1_419' title='bbox 1490 3788 1686 3858; x_wconf 87' lang='lat' dir='ltr'><strong>inquit,</strong></span> <span class='ocrx_word' id='word_1_420' title='bbox 1719 3801 1924 3858; x_wconf 90' lang='lat' dir='ltr'><strong>coques</strong></span> <span class='ocrx_word' id='word_1_421' title='bbox 1948 3795 2004 3842; x_wconf 90' lang='lat' dir='ltr'><strong>et</strong></span> 
     </span>
    </p>
   </div>
   <div class='ocr_carea' id='block_1_58' title="bbox 402 3880 694 3937">
    <p class='ocr_par' dir='ltr' id='par_1_58' title="bbox 402 3880 694 3937">
     <span class='ocr_line' id='line_1_58' title="bbox 402 3880 694 3937; baseline -0.007 0"><span class='ocrx_word' id='word_1_422' title='bbox 402 3880 694 3937; x_wconf 70' lang='lat' dir='ltr'><strong>.comedes.</strong></span> 
     </span>
    </p>
   </div>
   <div class='ocr_carea' id='block_1_59' title="bbox 2182 2774 3690 2850">
    <p class='ocr_par' dir='ltr' id='par_1_59' title="bbox 2182 2774 3690 2850">
     <span class='ocr_line' id='line_1_59' title="bbox 2182 2774 3690 2850; baseline -0.002 -14"><span class='ocrx_word' id='word_1_423' title='bbox 2182 2784 2266 2837; x_wconf 88' lang='grc' dir='ltr'><strong>οὐ</strong></span> <span class='ocrx_word' id='word_1_424' title='bbox 2285 2781 2572 2849; x_wconf 77' lang='grc' dir='ltr'>ποιήσετε</span> <span class='ocrx_word' id='word_1_425' title='bbox 2589 2782 2784 2835; x_wconf 78' lang='grc' dir='ltr'>πάντα</span> <span class='ocrx_word' id='word_1_426' title='bbox 2817 2779 2856 2836; x_wconf 81' lang='grc' dir='ltr'><em>ἂ</em></span> <span class='ocrx_word' id='word_1_427' title='bbox 2884 2780 3058 2850; x_wconf 80' lang='grc' dir='ltr'>,ὑμεῖς</span> <span class='ocrx_word' id='word_1_428' title='bbox 3093 2778 3314 2834; x_wconf 78' lang='grc' dir='ltr'>ποιεῖτε</span> <span class='ocrx_word' id='word_1_429' title='bbox 3355 2774 3494 2834; x_wconf 86' lang='grc' dir='ltr'><strong>ὧδε.</strong></span> <span class='ocrx_word' id='word_1_430' title='bbox 3569 2781 3690 2834; x_wconf 76' lang='grc' dir='ltr'><strong>Καὶ</strong></span> 
     </span>
    </p>
   </div>
   <div class='ocr_carea' id='block_1_60' title="bbox 2108 2872 3697 2945">
    <p class='ocr_par' dir='ltr' id='par_1_60' title="bbox 2108 2872 3697 2945">
     <span class='ocr_line' id='line_1_60' title="bbox 2108 2872 3697 2945; baseline -0.001 -19"><span class='ocrx_word' id='word_1_431' title='bbox 2108 2872 2309 2939; x_wconf 78' lang='grc' dir='ltr'>ζῶντος</span> <span class='ocrx_word' id='word_1_432' title='bbox 2342 2873 2450 2945; x_wconf 77' lang='grc' dir='ltr'><strong>ἀρα</strong></span> <span class='ocrx_word' id='word_1_433' title='bbox 2483 2872 2762 2937; x_wconf 79' lang='grc' dir='ltr'><strong>Μωῦσὲως</strong></span> <span class='ocrx_word' id='word_1_434' title='bbox 2821 2872 3175 2944; x_wconf 74' lang='grc' dir='ltr'>παρέϐαινον,</span> <span class='ocrx_word' id='word_1_435' title='bbox 3240 2873 3336 2926; x_wconf 77' lang='grc' dir='ltr'>καὶ</span> <span class='ocrx_word' id='word_1_436' title='bbox 3373 2873 3524 2943; x_wconf 83' lang='grc' dir='ltr'>ὅμως</span> <span class='ocrx_word' id='word_1_437' title='bbox 3561 2888 3697 2928; x_wconf 78' lang='grc' dir='ltr'>συν-</span> 
     </span>
    </p>
   </div>
   <div class='ocr_carea' id='block_1_61' title="bbox 2106 2962 3694 3036">
    <p class='ocr_par' dir='ltr' id='par_1_61' title="bbox 2106 2962 3694 3036">
     <span class='ocr_line' id='line_1_61' title="bbox 2106 2962 3694 3036; baseline -0.003 -18"><span class='ocrx_word' id='word_1_438' title='bbox 2106 2964 2486 3034; x_wconf 83' lang='grc' dir='ltr'>εγινώσκοντο.</span> <span class='ocrx_word' id='word_1_439' title='bbox 2539 2985 2555 3016; x_wconf 88' lang='grc' dir='ltr'><strong>ι</strong></span> <span class='ocrx_word' id='word_1_440' title='bbox 2578 2966 2652 3020; x_wconf 84' lang='grc' dir='ltr'><strong>Οὐ</strong></span> <span class='ocrx_word' id='word_1_441' title='bbox 2688 2967 2796 3036; x_wconf 77' lang='grc' dir='ltr'><strong>γὰρ</strong></span> <span class='ocrx_word' id='word_1_442' title='bbox 2855 2966 3052 3036; x_wconf 79' lang='grc' dir='ltr'>ἧκατε,</span> <span class='ocrx_word' id='word_1_443' title='bbox 3088 2965 3280 3034; x_wconf 73' lang='grc' dir='ltr'>φησὶν,</span> <span class='ocrx_word' id='word_1_444' title='bbox 3327 2963 3435 3027; x_wconf 82' lang='grc' dir='ltr'><strong>ἓως</strong></span> <span class='ocrx_word' id='word_1_445' title='bbox 3465 2962 3560 3018; x_wconf 83' lang='grc' dir='ltr'><strong>τοῦ</strong></span> <span class='ocrx_word' id='word_1_446' title='bbox 3589 2963 3694 3018; x_wconf 87' lang='grc' dir='ltr'><strong>νῦν</strong></span> 
     </span>
    </p>
   </div>
   <div class='ocr_carea' id='block_1_62' title="bbox 2105 3056 3699 3128">
    <p class='ocr_par' dir='ltr' id='par_1_62' title="bbox 2105 3056 3699 3128">
     <span class='ocr_line' id='line_1_62' title="bbox 2105 3056 3699 3128; baseline 0.001 -18"><span class='ocrx_word' id='word_1_447' title='bbox 2105 3058 2186 3121; x_wconf 77' lang='grc' dir='ltr'>εις</span> <span class='ocrx_word' id='word_1_448' title='bbox 2233 3057 2332 3128; x_wconf 80' lang='grc' dir='ltr'>τὴν</span> <span class='ocrx_word' id='word_1_449' title='bbox 2384 3057 2748 3113; x_wconf 78' lang='grc' dir='ltr'>κατάπαυσιν.</span> <span class='ocrx_word' id='word_1_450' title='bbox 2791 3077 2807 3108; x_wconf 72' lang='grc' dir='ltr'><strong>ι</strong></span> <span class='ocrx_word' id='word_1_451' title='bbox 2881 3056 3045 3110; x_wconf 85' lang='grc' dir='ltr'>Ὅθεν</span> <span class='ocrx_word' id='word_1_452' title='bbox 3101 3057 3192 3109; x_wconf 85' lang='grc' dir='ltr'>ἐπ’</span> <span class='ocrx_word' id='word_1_453' title='bbox 3246 3056 3535 3128; x_wconf 74' lang='grc' dir='ltr'>ἀκριϐείας</span> <span class='ocrx_word' id='word_1_454' title='bbox 3589 3057 3699 3111; x_wconf 71' lang='grc' dir='ltr'>οὒκ</span> 
     </span>
    </p>
   </div>
   <div class='ocr_carea' id='block_1_63' title="bbox 2106 3146 3701 3219">
    <p class='ocr_par' dir='ltr' id='par_1_63' title="bbox 2106 3146 3701 3219">
     <span class='ocr_line' id='line_1_63' title="bbox 2106 3146 3701 3219; baseline -0.002 -18"><span class='ocrx_word' id='word_1_455' title='bbox 2106 3148 2414 3219; x_wconf 86' lang='grc' dir='ltr'>ἀπῃτοῦντο</span> <span class='ocrx_word' id='word_1_456' title='bbox 2453 3149 2746 3219; x_wconf 83' lang='grc' dir='ltr'>φυλάττειν</span> <span class='ocrx_word' id='word_1_457' title='bbox 2785 3149 2876 3201; x_wconf 79' lang='grc' dir='ltr'><strong>τὸν</strong></span> <span class='ocrx_word' id='word_1_458' title='bbox 2932 3147 3118 3218; x_wconf 79' lang='grc' dir='ltr'>νόμον,</span> <span class='ocrx_word' id='word_1_459' title='bbox 3159 3147 3281 3200; x_wconf 80' lang='grc' dir='ltr'><strong>οὺδέ</strong></span> <span class='ocrx_word' id='word_1_460' title='bbox 3307 3146 3494 3209; x_wconf 84' lang='grc' dir='ltr'>Θυσίας</span> <span class='ocrx_word' id='word_1_461' title='bbox 3524 3163 3701 3219; x_wconf 69' lang='grc' dir='ltr'><strong>⁸ιζροσ-</strong></span> 
     </span>
    </p>
   </div>
   <div class='ocr_carea' id='block_1_64' title="bbox 2108 3237 3700 3310">
    <p class='ocr_par' dir='ltr' id='par_1_64' title="bbox 2108 3237 3700 3310">
     <span class='ocr_line' id='line_1_64' title="bbox 2108 3237 3700 3310; baseline -0.003 -15"><span class='ocrx_word' id='word_1_462' title='bbox 2108 3241 2296 3310; x_wconf 75' lang='grc' dir='ltr'>φέρειν</span> <span class='ocrx_word' id='word_1_463' title='bbox 2351 3241 2500 3310; x_wconf 83' lang='grc' dir='ltr'>ἐξῆν.</span> <span class='ocrx_word' id='word_1_464' title='bbox 2554 3241 2668 3294; x_wconf 88' lang='grc' dir='ltr'><strong>Νῦν</strong></span> <span class='ocrx_word' id='word_1_465' title='bbox 2715 3241 2792 3301; x_wconf 85' lang='grc' dir='ltr'><strong>δὲ.</strong></span> <span class='ocrx_word' id='word_1_466' title='bbox 2848 3239 2992 3293; x_wconf 82' lang='grc' dir='ltr'>κατὰ</span> <span class='ocrx_word' id='word_1_467' title='bbox 3049 3239 3142 3292; x_wconf 81' lang='grc' dir='ltr'><strong>τὸν</strong></span> <span class='ocrx_word' id='word_1_468' title='bbox 3188 3239 3497 3308; x_wconf 72' lang='grc' dir='ltr'>προφήτην,</span> <span class='ocrx_word' id='word_1_469' title='bbox 3541 3256 3559 3289; x_wconf 89' lang='grc' dir='ltr'><strong>ι</strong></span> <span class='ocrx_word' id='word_1_470' title='bbox 3605 3237 3700 3290; x_wconf 83' lang='grc' dir='ltr'>Ἐν</span> 
     </span>
    </p>
   </div>
   <div class='ocr_carea' id='block_1_65' title="bbox 2108 3319 3696 3404">
    <p class='ocr_par' dir='ltr' id='par_1_65' title="bbox 2108 3319 3696 3404">
     <span class='ocr_line' id='line_1_65' title="bbox 2108 3319 3696 3404; baseline -0.001 -20"><span class='ocrx_word' id='word_1_471' title='bbox 2108 3319 2272 3386; x_wconf 75' lang='grc' dir='ltr'>παντὶ</span> <span class='ocrx_word' id='word_1_472' title='bbox 2299 3331 2448 3401; x_wconf 80' lang='grc' dir='ltr'>τόπῳ</span> <span class='ocrx_word' id='word_1_473' title='bbox 2469 3331 2726 3403; x_wconf 87' lang='grc' dir='ltr'>θυμίαμα</span> <span class='ocrx_word' id='word_1_474' title='bbox 2746 3330 3124 3404; x_wconf 82' lang='grc' dir='ltr'>προσφέρεται</span> <span class='ocrx_word' id='word_1_475' title='bbox 3143 3329 3222 3400; x_wconf 84' lang='grc' dir='ltr'><strong>τῷ</strong></span> <span class='ocrx_word' id='word_1_476' title='bbox 3243 3329 3474 3398; x_wconf 76' lang='grc' dir='ltr'>ὀνόματι</span> <span class='ocrx_word' id='word_1_477' title='bbox 3497 3329 3696 3394; x_wconf 76' lang='grc' dir='ltr'>αὐτοῦ,</span> 
     </span>
    </p>
   </div>
   <div class='ocr_carea' id='block_1_66' title="bbox 2108 3423 2725 3496">
    <p class='ocr_par' dir='ltr' id='par_1_66' title="bbox 2108 3423 2725 3496">
     <span class='ocr_line' id='line_1_66' title="bbox 2108 3423 2725 3496; baseline -0.003 -18"><span class='ocrx_word' id='word_1_478' title='bbox 2108 3424 2202 3478; x_wconf 72' lang='grc' dir='ltr'>καὶ</span> <span class='ocrx_word' id='word_1_479' title='bbox 2233 3423 2394 3478; x_wconf 88' lang='grc' dir='ltr'>θυσία</span> <span class='ocrx_word' id='word_1_480' title='bbox 2424 3424 2667 3496; x_wconf 84' lang='grc' dir='ltr'>καθαρά.</span> <span class='ocrx_word' id='word_1_481' title='bbox 2707 3443 2725 3476; x_wconf 77' lang='grc' dir='ltr'><strong>ι</strong></span> 
     </span>
    </p>
   </div>
   <div class='ocr_carea' id='block_1_67' title="bbox 2188 3513 3694 3585">
    <p class='ocr_par' dir='ltr' id='par_1_67' title="bbox 2188 3513 3694 3585">
     <span class='ocr_line' id='line_1_67' title="bbox 2188 3513 3694 3585; baseline -0.001 -17"><span class='ocrx_word' id='word_1_482' title='bbox 2188 3517 2338 3570; x_wconf 74' lang='grc' dir='ltr'>Ἀλλ’</span> <span class='ocrx_word' id='word_1_483' title='bbox 2371 3515 2442 3568; x_wconf 81' lang='grc' dir='ltr'>ἐν</span> <span class='ocrx_word' id='word_1_484' title='bbox 2486 3515 2658 3584; x_wconf 80' lang='grc' dir='ltr'>πάσῃ</span> <span class='ocrx_word' id='word_1_485' title='bbox 2703 3515 2985 3584; x_wconf 78' lang='grc' dir='ltr'>ἐπιθυμίᾳ</span> <span class='ocrx_word' id='word_1_486' title='bbox 3015 3513 3224 3585; x_wconf 78' lang='grc' dir='ltr'>ψυχῆς</span> <span class='ocrx_word' id='word_1_487' title='bbox 3280 3531 3398 3568; x_wconf 88' lang='grc' dir='ltr'><strong>σου</strong></span> <span class='ocrx_word' id='word_1_488' title='bbox 3458 3515 3694 3580; x_wconf 67' lang='grc' dir='ltr'>θύσεις,</span> 
     </span>
    </p>
   </div>
   <div class='ocr_carea' id='block_1_68' title="bbox 2111 3607 3696 3680">
    <p class='ocr_par' dir='ltr' id='par_1_68' title="bbox 2111 3607 3696 3680">
     <span class='ocr_line' id='line_1_68' title="bbox 2111 3607 3696 3680; baseline -0.001 -18"><span class='ocrx_word' id='word_1_489' title='bbox 2111 3607 2210 3663; x_wconf 78' lang='grc' dir='ltr'>καὶ</span> <span class='ocrx_word' id='word_1_490' title='bbox 2236 3608 2401 3678; x_wconf 71' lang='grc' dir='ltr'><strong>φυγῇ</strong></span> <span class='ocrx_word' id='word_1_491' title='bbox 2422 3609 2588 3677; x_wconf 77' lang='grc' dir='ltr'>κρέα,</span> <span class='ocrx_word' id='word_1_492' title='bbox 2620 3609 2718 3662; x_wconf 83' lang='grc' dir='ltr'>ὅσα</span> <span class='ocrx_word' id='word_1_493' title='bbox 2749 3608 2995 3680; x_wconf 83' lang='grc' dir='ltr'>δηλονότι</span> <span class='ocrx_word' id='word_1_494' title='bbox 3027 3609 3101 3679; x_wconf 85' lang='grc' dir='ltr'>μή</span> <span class='ocrx_word' id='word_1_495' title='bbox 3127 3610 3263 3661; x_wconf 83' lang='grc' dir='ltr'>εἰσιν</span> <span class='ocrx_word' id='word_1_496' title='bbox 3293 3607 3655 3678; x_wconf 84' lang='grc' dir='ltr'>ἀφορίσματα</span> <span class='ocrx_word' id='word_1_497' title='bbox 3681 3650 3696 3670; x_wconf 85' lang='grc'><strong>,</strong></span> 
     </span>
    </p>
   </div>
   <div class='ocr_carea' id='block_1_69' title="bbox 2108 3699 3702 3774">
    <p class='ocr_par' dir='ltr' id='par_1_69' title="bbox 2108 3699 3702 3774">
     <span class='ocr_line' id='line_1_69' title="bbox 2108 3699 3702 3774; baseline 0 -19"><span class='ocrx_word' id='word_1_498' title='bbox 2108 3703 2142 3772; x_wconf 78' lang='grc' dir='ltr'>ἦ</span> <span class='ocrx_word' id='word_1_499' title='bbox 2174 3702 2522 3772; x_wconf 85' lang='grc' dir='ltr'>θυσιάσματα</span> <span class='ocrx_word' id='word_1_500' title='bbox 2555 3701 2748 3774; x_wconf 83' lang='grc' dir='ltr'>Κυρίῳ</span> <span class='ocrx_word' id='word_1_501' title='bbox 2772 3701 2848 3773; x_wconf 84' lang='grc' dir='ltr'>τῷ</span> <span class='ocrx_word' id='word_1_502' title='bbox 2875 3701 3016 3772; x_wconf 81' lang='grc' dir='ltr'><strong>Θεῷ.</strong></span> <span class='ocrx_word' id='word_1_503' title='bbox 3037 3701 3124 3766; x_wconf 87' lang='grc' dir='ltr'>Ὠς</span> <span class='ocrx_word' id='word_1_504' title='bbox 3154 3701 3447 3772; x_wconf 76' lang='grc' dir='ltr'>ἐπιθυμεῖς</span> <span class='ocrx_word' id='word_1_505' title='bbox 3480 3699 3560 3766; x_wconf 74' lang='grc' dir='ltr'><strong>δὲ,</strong></span> <span class='ocrx_word' id='word_1_506' title='bbox 3589 3717 3702 3773; x_wconf 71' lang='grc' dir='ltr'><strong>φη-</strong></span> 
     </span>
    </p>
   </div>
   <div class='ocr_carea' id='block_1_70' title="bbox 2111 3794 2766 3866">
    <p class='ocr_par' dir='ltr' id='par_1_70' title="bbox 2111 3794 2766 3866">
     <span class='ocr_line' id='line_1_70' title="bbox 2111 3794 2766 3866; baseline 0.003 -19"><span class='ocrx_word' id='word_1_507' title='bbox 2111 3794 2216 3861; x_wconf 80' lang='grc' dir='ltr'>σὶν,</span> <span class='ocrx_word' id='word_1_508' title='bbox 2237 3795 2462 3866; x_wconf 67' lang='grc' dir='ltr'>ἐφήσεις</span> <span class='ocrx_word' id='word_1_509' title='bbox 2481 3795 2572 3848; x_wconf 76' lang='grc' dir='ltr'><strong>καὶ</strong></span> <span class='ocrx_word' id='word_1_510' title='bbox 2594 3796 2766 3865; x_wconf 80' lang='grc' dir='ltr'>φαγῇ.</span> 
     </span>
    </p>
   </div>
   <div class='ocr_carea' id='block_1_71' title="bbox 480 3986 3692 4066">
    <p class='ocr_par' dir='ltr' id='par_1_71' title="bbox 480 3986 3692 4066">
     <span class='ocr_line' id='line_1_71' title="bbox 480 3986 3692 4066; baseline -0.003 -20"><span class='ocrx_word' id='word_1_511' title='bbox 480 3991 805 4046; x_wconf 77' lang='lat' dir='ltr'><strong>Immundas</strong></span> <span class='ocrx_word' id='word_1_512' title='bbox 834 3993 890 4048; x_wconf 80' lang='lat' dir='ltr'><strong>in</strong></span> <span class='ocrx_word' id='word_1_513' title='bbox 923 4002 992 4056; x_wconf 58' lang='lat' dir='ltr'><strong>te,</strong></span> <span class='ocrx_word' id='word_1_514' title='bbox 1017 4002 1066 4047; x_wconf 86' lang='lat' dir='ltr'><strong>et</strong></span> <span class='ocrx_word' id='word_1_515' title='bbox 1094 3993 1324 4047; x_wconf 71' lang='lat' dir='ltr'><strong>mundus</strong></span> <span class='ocrx_word' id='word_1_516' title='bbox 1345 3993 1549 4062; x_wconf 82' lang='lat' dir='ltr'><strong>pariter</strong></span> <span class='ocrx_word' id='word_1_517' title='bbox 1566 3991 1843 4046; x_wconf 80' lang='lat' dir='ltr'><strong>comedent</strong></span> <span class='ocrx_word' id='word_1_518' title='bbox 1882 4001 1992 4044; x_wconf 87' lang='lat' dir='ltr'><strong>tam</strong></span> <span class='ocrx_word' id='word_1_519' title='bbox 2022 4004 2270 4066; x_wconf 76' lang='lat' dir='ltr'><strong>capream</strong></span> <span class='ocrx_word' id='word_1_520' title='bbox 2303 4004 2465 4060; x_wconf 83' lang='lat' dir='ltr'><strong>quam</strong></span> <span class='ocrx_word' id='word_1_521' title='bbox 2519 4004 2750 4044; x_wconf 83' lang='lat' dir='ltr'><strong>cervum.</strong></span> <span class='ocrx_word' id='word_1_522' title='bbox 2795 3986 3158 4042; x_wconf 84' lang='lat' dir='ltr'><strong>Sanctiﬁcata</strong></span> <span class='ocrx_word' id='word_1_523' title='bbox 3213 3987 3389 4048; x_wconf 87' lang='lat' dir='ltr'><strong>enim,</strong></span> <span class='ocrx_word' id='word_1_524' title='bbox 3425 3996 3486 4041; x_wconf 86' lang='lat' dir='ltr'><strong>ut</strong></span> <span class='ocrx_word' id='word_1_525' title='bbox 3521 4001 3692 4055; x_wconf 78' lang='lat' dir='ltr'><strong>supe-</strong></span> 
     </span>
    </p>
   </div>
   <div class='ocr_carea' id='block_1_72' title="bbox 413 4075 3694 4150">
    <p class='ocr_par' dir='ltr' id='par_1_72' title="bbox 413 4075 3694 4150">
     <span class='ocr_line' id='line_1_72' title="bbox 413 4075 3694 4150; baseline -0.002 -15"><span class='ocrx_word' id='word_1_526' title='bbox 413 4081 532 4135; x_wconf 78' lang='lat' dir='ltr'><strong>rius</strong></span> <span class='ocrx_word' id='word_1_527' title='bbox 583 4081 786 4150; x_wconf 90' lang='lat' dir='ltr'><strong>inquit,</strong></span> <span class='ocrx_word' id='word_1_528' title='bbox 856 4081 1095 4135; x_wconf 89' lang='lat' dir='ltr'><strong>mundus</strong></span> <span class='ocrx_word' id='word_1_529' title='bbox 1123 4082 1302 4134; x_wconf 87' lang='lat' dir='ltr'><strong>solum</strong></span> <span class='ocrx_word' id='word_1_530' title='bbox 1355 4081 1633 4136; x_wconf 87' lang='lat' dir='ltr'><strong>comedet.</strong></span> <span class='ocrx_word' id='word_1_531' title='bbox 1665 4081 1737 4134; x_wconf 77' lang='lat' dir='ltr'><strong>At</strong></span> <span class='ocrx_word' id='word_1_532' title='bbox 1763 4079 1990 4149; x_wconf 89' lang='lat' dir='ltr'><strong>quidam</strong></span> <span class='ocrx_word' id='word_1_533' title='bbox 2033 4093 2288 4148; x_wconf 89' lang='lat' dir='ltr'><strong>capream</strong></span> <span class='ocrx_word' id='word_1_534' title='bbox 2339 4086 2395 4131; x_wconf 86' lang='lat' dir='ltr'><strong>et</strong></span> <span class='ocrx_word' id='word_1_535' title='bbox 2425 4092 2651 4131; x_wconf 92' lang='lat' dir='ltr'><strong>cervum</strong></span> <span class='ocrx_word' id='word_1_536' title='bbox 2714 4076 2952 4145; x_wconf 76' lang='lat' dir='ltr'><strong>reliquis</strong></span> <span class='ocrx_word' id='word_1_537' title='bbox 3007 4075 3340 4129; x_wconf 84' lang='lat' dir='ltr'><strong>animalibus</strong></span> <span class='ocrx_word' id='word_1_538' title='bbox 3401 4077 3694 4128; x_wconf 83' lang='lat' dir='ltr'><strong>mundiora</strong></span> 
     </span>
    </p>
   </div>
   <div class='ocr_carea' id='block_1_73' title="bbox 410 4165 3688 4236">
    <p class='ocr_par' dir='ltr' id='par_1_73' title="bbox 410 4165 3688 4236">
     <span class='ocr_line' id='line_1_73' title="bbox 410 4165 3688 4236; baseline -0.002 -12"><span class='ocrx_word' id='word_1_539' title='bbox 410 4184 540 4224; x_wconf 84' lang='lat' dir='ltr'><strong>esse</strong></span> <span class='ocrx_word' id='word_1_540' title='bbox 596 4169 1012 4224; x_wconf 77' lang='lat' dir='ltr'><strong>existimarunt.</strong></span> <span class='ocrx_word' id='word_1_541' title='bbox 1065 4167 1268 4222; x_wconf 88' lang='lat' dir='ltr'><strong>Verum</strong></span> <span class='ocrx_word' id='word_1_542' title='bbox 1333 4169 1679 4222; x_wconf 85' lang='lat' dir='ltr'><strong>contrarium</strong></span> <span class='ocrx_word' id='word_1_543' title='bbox 1733 4167 1934 4221; x_wconf 90' lang='lat' dir='ltr'><strong>innuit.</strong></span> <span class='ocrx_word' id='word_1_544' title='bbox 1990 4165 2064 4220; x_wconf 82' lang='lat' dir='ltr'><strong>Ea</strong></span> <span class='ocrx_word' id='word_1_545' title='bbox 2091 4167 2237 4222; x_wconf 89' lang='lat' dir='ltr'><strong>enim</strong></span> <span class='ocrx_word' id='word_1_546' title='bbox 2269 4167 2365 4236; x_wconf 90' lang='lat' dir='ltr'><strong>qui</strong></span> <span class='ocrx_word' id='word_1_547' title='bbox 2393 4167 2517 4221; x_wconf 67' lang='lat' dir='ltr'><strong>vitae</strong></span> <span class='ocrx_word' id='word_1_548' title='bbox 2563 4165 2875 4220; x_wconf 84' lang='lat' dir='ltr'><strong>mundioris</strong></span> <span class='ocrx_word' id='word_1_549' title='bbox 2917 4172 3076 4219; x_wconf 82' lang='lat' dir='ltr'><strong>erant</strong></span> <span class='ocrx_word' id='word_1_550' title='bbox 3120 4180 3228 4220; x_wconf 89' lang='lat' dir='ltr'><strong>non</strong></span> <span class='ocrx_word' id='word_1_551' title='bbox 3290 4165 3688 4219; x_wconf 84' lang='lat' dir='ltr'><strong>comedebant.</strong></span> 
     </span>
    </p>
   </div>
   <div class='ocr_carea' id='block_1_74' title="bbox 411 4252 3689 4329">
    <p class='ocr_par' dir='ltr' id='par_1_74' title="bbox 411 4252 3689 4329">
     <span class='ocr_line' id='line_1_74' title="bbox 411 4252 3689 4329; baseline -0.002 -20"><span class='ocrx_word' id='word_1_552' title='bbox 411 4257 559 4324; x_wconf 82' lang='lat' dir='ltr'><strong>Quid</strong></span> <span class='ocrx_word' id='word_1_553' title='bbox 585 4257 752 4329; x_wconf 79' lang='lat' dir='ltr'><strong>igitur</strong></span> <span class='ocrx_word' id='word_1_554' title='bbox 797 4257 984 4311; x_wconf 87' lang='lat' dir='ltr'><strong>dicere</strong></span> <span class='ocrx_word' id='word_1_555' title='bbox 1015 4255 1292 4311; x_wconf 86' lang='lat' dir='ltr'><strong>intendit?</strong></span> <span class='ocrx_word' id='word_1_556' title='bbox 1325 4255 1461 4310; x_wconf 82' lang='lat' dir='ltr'><strong>Illud</strong></span> <span class='ocrx_word' id='word_1_557' title='bbox 1502 4254 1781 4320; x_wconf 81' lang='lat' dir='ltr'><strong>videlicet,</strong></span> <span class='ocrx_word' id='word_1_558' title='bbox 1846 4253 1994 4324; x_wconf 90' lang='lat' dir='ltr'><strong>quod</strong></span> <span class='ocrx_word' id='word_1_559' title='bbox 2029 4254 2084 4308; x_wconf 91' lang='lat' dir='ltr'><strong>hi</strong></span> <span class='ocrx_word' id='word_1_560' title='bbox 2123 4257 2216 4324; x_wconf 91' lang='lat' dir='ltr'><strong>qui</strong></span> <span class='ocrx_word' id='word_1_561' title='bbox 2268 4268 2370 4310; x_wconf 88' lang='lat' dir='ltr'><strong>ove</strong></span> <span class='ocrx_word' id='word_1_562' title='bbox 2421 4261 2517 4308; x_wconf 85' lang='lat' dir='ltr'><strong>aut</strong></span> <span class='ocrx_word' id='word_1_563' title='bbox 2565 4254 2705 4309; x_wconf 88' lang='lat' dir='ltr'><strong>bove</strong></span> <span class='ocrx_word' id='word_1_564' title='bbox 2733 4262 2828 4308; x_wconf 90' lang='lat' dir='ltr'><strong>aut</strong></span> <span class='ocrx_word' id='word_1_565' title='bbox 2854 4252 3042 4323; x_wconf 79' lang='lat' dir='ltr'><strong>aliquo</strong></span> <span class='ocrx_word' id='word_1_566' title='bbox 3095 4253 3218 4320; x_wconf 77' lang='lat' dir='ltr'><strong>ejus</strong></span> <span class='ocrx_word' id='word_1_567' title='bbox 3282 4253 3511 4322; x_wconf 77' lang='lat' dir='ltr'><strong>generis</strong></span> <span class='ocrx_word' id='word_1_568' title='bbox 3539 4252 3689 4305; x_wconf 78' lang='lat' dir='ltr'><strong>vesci</strong></span> 
     </span>
    </p>
   </div>
   <div class='ocr_carea' id='block_1_75' title="bbox 413 4339 3688 4414">
    <p class='ocr_par' dir='ltr' id='par_1_75' title="bbox 413 4339 3688 4414">
     <span class='ocr_line' id='line_1_75' title="bbox 413 4339 3688 4414; baseline -0.002 -16"><span class='ocrx_word' id='word_1_569' title='bbox 413 4344 694 4408; x_wconf 87' lang='lat' dir='ltr'><strong>volebant,</strong></span> <span class='ocrx_word' id='word_1_570' title='bbox 720 4343 776 4398; x_wconf 89' lang='lat' dir='ltr'><strong>id</strong></span> <span class='ocrx_word' id='word_1_571' title='bbox 809 4343 988 4414; x_wconf 91' lang='lat' dir='ltr'><strong>ipsum</strong></span> <span class='ocrx_word' id='word_1_572' title='bbox 1023 4359 1133 4414; x_wconf 88' lang='lat' dir='ltr'><strong>quo</strong></span> <span class='ocrx_word' id='word_1_573' title='bbox 1177 4344 1629 4398; x_wconf 84' lang='lat' dir='ltr'><strong>sanctificaretur</strong></span> <span class='ocrx_word' id='word_1_574' title='bbox 1655 4341 1724 4396; x_wconf 86' lang='lat' dir='ltr'><strong>ad</strong></span> <span class='ocrx_word' id='word_1_575' title='bbox 1761 4344 1937 4398; x_wconf 90' lang='lat' dir='ltr'><strong>altare</strong></span> <span class='ocrx_word' id='word_1_576' title='bbox 1970 4341 2322 4408; x_wconf 79' lang='lat' dir='ltr'><strong>deferebant,</strong></span> <span class='ocrx_word' id='word_1_577' title='bbox 2356 4351 2527 4412; x_wconf 83' lang='lat' dir='ltr'><strong>atque</strong></span> <span class='ocrx_word' id='word_1_578' title='bbox 2573 4343 2649 4395; x_wconf 88' lang='lat' dir='ltr'><strong>ita</strong></span> <span class='ocrx_word' id='word_1_579' title='bbox 2680 4341 2904 4396; x_wconf 85' lang='lat' dir='ltr'><strong>tandem</strong></span> <span class='ocrx_word' id='word_1_580' title='bbox 2961 4339 3351 4396; x_wconf 87' lang='lat' dir='ltr'><strong>vescebantur.</strong></span> <span class='ocrx_word' id='word_1_581' title='bbox 3413 4340 3688 4394; x_wconf 65' lang='lat' dir='ltr'><strong>Caeterum</strong></span> 
     </span>
    </p>
   </div>
   <div class='ocr_carea' id='block_1_76' title="bbox 417 4427 3689 4502">
    <p class='ocr_par' dir='ltr' id='par_1_76' title="bbox 417 4427 3689 4502">
     <span class='ocr_line' id='line_1_76' title="bbox 417 4427 3689 4502; baseline -0.002 -18"><span class='ocrx_word' id='word_1_582' title='bbox 417 4447 675 4502; x_wconf 68' lang='lat' dir='ltr'><strong>capream</strong></span> <span class='ocrx_word' id='word_1_583' title='bbox 701 4432 786 4486; x_wconf 88' lang='lat' dir='ltr'><strong>vel</strong></span> <span class='ocrx_word' id='word_1_584' title='bbox 815 4447 1042 4486; x_wconf 88' lang='lat' dir='ltr'><strong>cervum</strong></span> <span class='ocrx_word' id='word_1_585' title='bbox 1101 4448 1200 4487; x_wconf 88' lang='lat' dir='ltr'><strong>nec</strong></span> <span class='ocrx_word' id='word_1_586' title='bbox 1247 4439 1492 4485; x_wconf 88' lang='lat' dir='ltr'><strong>mactare</strong></span> <span class='ocrx_word' id='word_1_587' title='bbox 1551 4444 1653 4483; x_wconf 89' lang='lat' dir='ltr'><strong>nec</strong></span> <span class='ocrx_word' id='word_1_588' title='bbox 1708 4428 1908 4484; x_wconf 75' lang='lat' dir='ltr'><strong>oﬂerre</strong></span> <span class='ocrx_word' id='word_1_589' title='bbox 1931 4429 2138 4484; x_wconf 90' lang='lat' dir='ltr'><strong>licitum</strong></span> <span class='ocrx_word' id='word_1_590' title='bbox 2169 4437 2322 4497; x_wconf 88' lang='lat' dir='ltr'><strong>erat;</strong></span> <span class='ocrx_word' id='word_1_591' title='bbox 2358 4429 2668 4485; x_wconf 71' lang='lat' dir='ltr'><strong>oﬂ‘erebant</strong></span> <span class='ocrx_word' id='word_1_592' title='bbox 2713 4430 2861 4484; x_wconf 90' lang='lat' dir='ltr'><strong>enim</strong></span> <span class='ocrx_word' id='word_1_593' title='bbox 2896 4429 3032 4482; x_wconf 82' lang='lat' dir='ltr'><strong>nulli</strong></span> <span class='ocrx_word' id='word_1_594' title='bbox 3069 4428 3180 4483; x_wconf 86' lang='lat' dir='ltr'><strong>nisi</strong></span> <span class='ocrx_word' id='word_1_595' title='bbox 3208 4427 3303 4497; x_wconf 91' lang='lat' dir='ltr'><strong>qui</strong></span> <span class='ocrx_word' id='word_1_596' title='bbox 3331 4427 3388 4482; x_wconf 90' lang='lat' dir='ltr'><strong>in</strong></span> <span class='ocrx_word' id='word_1_597' title='bbox 3432 4428 3570 4481; x_wconf 87' lang='lat' dir='ltr'><strong>urbe</strong></span> <span class='ocrx_word' id='word_1_598' title='bbox 3596 4427 3689 4481; x_wconf 83' lang='lat' dir='ltr'><strong>ubi</strong></span> 
     </span>
    </p>
   </div>
   <div class='ocr_carea' id='block_1_77' title="bbox 407 4516 3689 4591">
    <p class='ocr_par' dir='ltr' id='par_1_77' title="bbox 407 4516 3689 4591">
     <span class='ocr_line' id='line_1_77' title="bbox 407 4516 3689 4591; baseline -0.001 -19"><span class='ocrx_word' id='word_1_599' title='bbox 407 4520 678 4591; x_wconf 73' lang='lat' dir='ltr'><strong>templum</strong></span> <span class='ocrx_word' id='word_1_600' title='bbox 712 4535 775 4574; x_wconf 85' lang='lat' dir='ltr'><strong>ac</strong></span> <span class='ocrx_word' id='word_1_601' title='bbox 808 4521 975 4575; x_wconf 89' lang='lat' dir='ltr'><strong>etiam</strong></span> <span class='ocrx_word' id='word_1_602' title='bbox 1000 4535 1151 4587; x_wconf 88' lang='lat' dir='ltr'><strong>arca,</strong></span> <span class='ocrx_word' id='word_1_603' title='bbox 1187 4531 1370 4576; x_wconf 86' lang='lat' dir='ltr'><strong>erant.</strong></span> <span class='ocrx_word' id='word_1_604' title='bbox 1399 4518 1574 4573; x_wconf 88' lang='lat' dir='ltr'><strong>Porro</strong></span> <span class='ocrx_word' id='word_1_605' title='bbox 1604 4534 1773 4588; x_wconf 86' lang='lat' dir='ltr'><strong>super</strong></span> <span class='ocrx_word' id='word_1_606' title='bbox 1797 4532 1998 4588; x_wconf 83' lang='lat' dir='ltr'><strong>caprea</strong></span> <span class='ocrx_word' id='word_1_607' title='bbox 2026 4525 2121 4570; x_wconf 81' lang='lat' dir='ltr'><strong>aut</strong></span> <span class='ocrx_word' id='word_1_608' title='bbox 2151 4534 2314 4573; x_wconf 86' lang='lat' dir='ltr'><strong>cervo</strong></span> <span class='ocrx_word' id='word_1_609' title='bbox 2353 4517 2684 4587; x_wconf 89' lang='lat' dir='ltr'><strong>simpliciter</strong></span> <span class='ocrx_word' id='word_1_610' title='bbox 2708 4516 3290 4572; x_wconf 80' lang='lat' dir='ltr'><strong>sanctificaritantum</strong></span> <span class='ocrx_word' id='word_1_611' title='bbox 3325 4516 3689 4570; x_wconf 84' lang='lat' dir='ltr'><strong>interdictum</strong></span> 
     </span>
    </p>
   </div>
   <div class='ocr_carea' id='block_1_78' title="bbox 417 4604 3688 4678">
    <p class='ocr_par' dir='ltr' id='par_1_78' title="bbox 417 4604 3688 4678">
     <span class='ocr_line' id='line_1_78' title="bbox 417 4604 3688 4678; baseline -0.002 -15"><span class='ocrx_word' id='word_1_612' title='bbox 417 4617 556 4672; x_wconf 89' lang='lat' dir='ltr'><strong>erat,</strong></span> <span class='ocrx_word' id='word_1_613' title='bbox 606 4616 813 4678; x_wconf 81' lang='lat' dir='ltr'><strong>quanto</strong></span> <span class='ocrx_word' id='word_1_614' title='bbox 836 4609 1012 4678; x_wconf 72' lang='lat' dir='ltr'><strong>magis</strong></span> <span class='ocrx_word' id='word_1_615' title='bbox 1045 4605 1382 4664; x_wconf 80' lang='lat' dir='ltr'><strong>sacrificare.</strong></span> <span class='ocrx_word' id='word_1_616' title='bbox 1419 4607 1775 4677; x_wconf 69' lang='lat' dir='ltr'><strong>Qumcunque</strong></span> <span class='ocrx_word' id='word_1_617' title='bbox 1809 4607 2018 4677; x_wconf 81' lang='lat' dir='ltr'><strong>igitur,</strong></span> <span class='ocrx_word' id='word_1_618' title='bbox 2052 4606 2252 4675; x_wconf 91' lang='lat' dir='ltr'><strong>inquit,</strong></span> <span class='ocrx_word' id='word_1_619' title='bbox 2288 4614 2442 4660; x_wconf 81' lang='lat' dir='ltr'><strong>extra</strong></span> <span class='ocrx_word' id='word_1_620' title='bbox 2475 4605 2895 4660; x_wconf 88' lang='lat' dir='ltr'><strong>tabernaculum</strong></span> <span class='ocrx_word' id='word_1_621' title='bbox 2929 4616 3028 4659; x_wconf 84' lang='lat' dir='ltr'><strong>aut</strong></span> <span class='ocrx_word' id='word_1_622' title='bbox 3092 4605 3360 4674; x_wconf 88' lang='lat' dir='ltr'><strong>templum</strong></span> <span class='ocrx_word' id='word_1_623' title='bbox 3410 4604 3688 4658; x_wconf 88' lang='lat' dir='ltr'><strong>immolari</strong></span> 
     </span>
    </p>
   </div>
   <div class='ocr_carea' id='block_1_79' title="bbox 409 4693 3688 4768">
    <p class='ocr_par' dir='ltr' id='par_1_79' title="bbox 409 4693 3688 4768">
     <span class='ocr_line' id='line_1_79' title="bbox 409 4693 3688 4768; baseline -0.002 -16"><span class='ocrx_word' id='word_1_624' title='bbox 409 4697 778 4768; x_wconf 69' lang='lat' dir='ltr'><strong>contingeret,</strong></span> <span class='ocrx_word' id='word_1_625' title='bbox 807 4696 1003 4751; x_wconf 89' lang='lat' dir='ltr'><strong>edendi</strong></span> <span class='ocrx_word' id='word_1_626' title='bbox 1036 4699 1259 4768; x_wconf 88' lang='lat' dir='ltr'><strong>quidem</strong></span> <span class='ocrx_word' id='word_1_627' title='bbox 1304 4697 1546 4752; x_wconf 75' lang='lat' dir='ltr'><strong>libertati</strong></span> <span class='ocrx_word' id='word_1_628' title='bbox 1577 4696 1828 4765; x_wconf 86' lang='lat' dir='ltr'><strong>subjecta</strong></span> <span class='ocrx_word' id='word_1_629' title='bbox 1863 4710 2009 4760; x_wconf 88' lang='lat' dir='ltr'><strong>esse,</strong></span> <span class='ocrx_word' id='word_1_630' title='bbox 2039 4694 2178 4749; x_wconf 88' lang='lat' dir='ltr'><strong>nihil</strong></span> <span class='ocrx_word' id='word_1_631' title='bbox 2213 4695 2512 4764; x_wconf 87' lang='lat' dir='ltr'><strong>quidquam</strong></span> <span class='ocrx_word' id='word_1_632' title='bbox 2551 4701 2735 4748; x_wconf 89' lang='lat' dir='ltr'><strong>tamen</strong></span> <span class='ocrx_word' id='word_1_633' title='bbox 2767 4694 2872 4748; x_wconf 86' lang='lat' dir='ltr'><strong>etsi</strong></span> <span class='ocrx_word' id='word_1_634' title='bbox 2907 4693 3044 4748; x_wconf 84' lang='lat' dir='ltr'><strong>forte</strong></span> <span class='ocrx_word' id='word_1_635' title='bbox 3075 4694 3434 4748; x_wconf 89' lang='lat' dir='ltr'><strong>sacerdotum</strong></span> <span class='ocrx_word' id='word_1_636' title='bbox 3460 4694 3688 4754; x_wconf 82' lang='lat' dir='ltr'><strong>fuerint,</strong></span> 
     </span>
    </p>
   </div>
   <div class='ocr_carea' id='block_1_80' title="bbox 417 4778 3694 4853">
    <p class='ocr_par' dir='ltr' id='par_1_80' title="bbox 417 4778 3694 4853">
     <span class='ocr_line' id='line_1_80' title="bbox 417 4778 3694 4853; baseline -0.001 -16"><span class='ocrx_word' id='word_1_637' title='bbox 417 4786 487 4841; x_wconf 79' lang='lat' dir='ltr'><strong>ab</strong></span> <span class='ocrx_word' id='word_1_638' title='bbox 515 4785 816 4840; x_wconf 91' lang='lat' dir='ltr'><strong>immundis</strong></span> <span class='ocrx_word' id='word_1_639' title='bbox 843 4784 1090 4840; x_wconf 71' lang='lat' dir='ltr'><strong>differre.</strong></span> <span class='ocrx_word' id='word_1_640' title='bbox 1128 4787 1205 4839; x_wconf 81' lang='lat' dir='ltr'><strong>Ae</strong></span> <span class='ocrx_word' id='word_1_641' title='bbox 1235 4801 1298 4840; x_wconf 87' lang='lat' dir='ltr'><strong>ea</strong></span> <span class='ocrx_word' id='word_1_642' title='bbox 1323 4785 1546 4853; x_wconf 88' lang='lat' dir='ltr'><strong>quidem</strong></span> <span class='ocrx_word' id='word_1_643' title='bbox 1582 4783 1786 4853; x_wconf 86' lang='lat' dir='ltr'><strong>ubique</strong></span> <span class='ocrx_word' id='word_1_644' title='bbox 1824 4782 2068 4836; x_wconf 90' lang='lat' dir='ltr'><strong>locorum</strong></span> <span class='ocrx_word' id='word_1_645' title='bbox 2104 4783 2267 4836; x_wconf 87' lang='lat' dir='ltr'><strong>edere</strong></span> <span class='ocrx_word' id='word_1_646' title='bbox 2301 4780 2382 4835; x_wconf 84' lang='lat' dir='ltr'><strong>fas</strong></span> <span class='ocrx_word' id='word_1_647' title='bbox 2417 4789 2556 4835; x_wconf 87' lang='lat' dir='ltr'><strong>erat.</strong></span> <span class='ocrx_word' id='word_1_648' title='bbox 2591 4778 2765 4834; x_wconf 86' lang='lat' dir='ltr'><strong>Sacra</strong></span> <span class='ocrx_word' id='word_1_649' title='bbox 2801 4795 2934 4835; x_wconf 90' lang='lat' dir='ltr'><strong>vero</strong></span> <span class='ocrx_word' id='word_1_650' title='bbox 2968 4781 3024 4834; x_wconf 91' lang='lat' dir='ltr'><strong>in</strong></span> <span class='ocrx_word' id='word_1_651' title='bbox 3053 4781 3174 4835; x_wconf 89' lang='lat' dir='ltr'><strong>loco</strong></span> <span class='ocrx_word' id='word_1_652' title='bbox 3203 4779 3362 4852; x_wconf 62' lang='grc'><strong>44],</strong></span> <span class='ocrx_word' id='word_1_653' title='bbox 3423 4780 3694 4835; x_wconf 76' lang='lat' dir='ltr'><strong>duntaxat</strong></span> 
     </span>
    </p>
   </div>
   <div class='ocr_carea' id='block_1_81' title="bbox 415 4872 863 4929">
    <p class='ocr_par' dir='ltr' id='par_1_81' title="bbox 415 4872 863 4929">
     <span class='ocr_line' id='line_1_81' title="bbox 415 4872 863 4929; baseline -0.004 -1"><span class='ocrx_word' id='word_1_654' title='bbox 415 4889 447 4928; x_wconf 86' lang='lat' dir='ltr'><strong>a</strong></span> <span class='ocrx_word' id='word_1_655' title='bbox 473 4872 592 4929; x_wconf 70' lang='lat' dir='ltr'><strong>&#39;Beo</strong></span> <span class='ocrx_word' id='word_1_656' title='bbox 624 4873 863 4928; x_wconf 85' lang='lat' dir='ltr'><strong>delecto.</strong></span> 
     </span>
    </p>
   </div>
   <div class='ocr_carea' id='block_1_82' title="bbox 483 4956 2075 5031">
    <p class='ocr_par' dir='ltr' id='par_1_82' title="bbox 483 4956 2075 5031">
     <span class='ocr_line' id='line_1_82' title="bbox 483 4956 2075 5031; baseline -0.003 -11"><span class='ocrx_word' id='word_1_657' title='bbox 483 4965 624 5021; x_wconf 78' lang='lat' dir='ltr'><strong>Illud</strong></span> <span class='ocrx_word' id='word_1_658' title='bbox 682 4980 810 5020; x_wconf 83' lang='lat' dir='ltr'><strong>vero</strong></span> <span class='ocrx_word' id='word_1_659' title='bbox 859 4961 1092 5026; x_wconf 83' lang='lat' dir='ltr'><strong>subinde</strong></span> <span class='ocrx_word' id='word_1_660' title='bbox 1140 4960 1441 5031; x_wconf 83' lang='lat' dir='ltr'><strong>ingeminat</strong></span> <span class='ocrx_word' id='word_1_661' title='bbox 1490 4977 1504 5012; x_wconf 92' lang='lat'><strong>:</strong></span> <span class='ocrx_word' id='word_1_662' title='bbox 1559 4978 1578 5009; x_wconf 80' lang='grc' dir='ltr'><strong>ι</strong></span> <span class='ocrx_word' id='word_1_663' title='bbox 1609 4960 1844 5013; x_wconf 84' lang='lat' dir='ltr'><strong>Attende</strong></span> <span class='ocrx_word' id='word_1_664' title='bbox 1897 4956 1996 5012; x_wconf 91' lang='lat' dir='ltr'><strong>tibi</strong></span> <span class='ocrx_word' id='word_1_665' title='bbox 2033 4961 2075 5015; x_wconf 77' lang='grc' dir='ltr'>ι)</span> 
     </span>
    </p>
   </div>
   <div class='ocr_carea' id='block_1_83' title="bbox 416 5051 1998 5128">
    <p class='ocr_par' dir='ltr' id='par_1_83' title="bbox 416 5051 1998 5128">
     <span class='ocr_line' id='line_1_83' title="bbox 416 5051 1998 5128; baseline -0.004 -17"><span class='ocrx_word' id='word_1_666' title='bbox 416 5058 540 5128; x_wconf 88' lang='lat' dir='ltr'><strong>ipsi.</strong></span> <span class='ocrx_word' id='word_1_667' title='bbox 570 5077 588 5109; x_wconf 77' lang='grc' dir='ltr'><strong>ι</strong></span> <span class='ocrx_word' id='word_1_668' title='bbox 629 5055 787 5122; x_wconf 85' lang='lat' dir='ltr'><strong>Quod</strong></span> <span class='ocrx_word' id='word_1_669' title='bbox 847 5054 1077 5123; x_wconf 71' lang='lat' dir='ltr'><strong>quidem</strong></span> <span class='ocrx_word' id='word_1_670' title='bbox 1122 5055 1293 5108; x_wconf 80' lang='lat' dir='ltr'><strong>exteri</strong></span> <span class='ocrx_word' id='word_1_671' title='bbox 1353 5052 1706 5117; x_wconf 83' lang='lat' dir='ltr'><strong>traductum,</strong></span> <span class='ocrx_word' id='word_1_672' title='bbox 1743 5053 1797 5105; x_wconf 91' lang='lat' dir='ltr'><strong>in</strong></span> <span class='ocrx_word' id='word_1_673' title='bbox 1833 5070 1851 5103; x_wconf 89' lang='grc' dir='ltr'><strong>ι</strong></span> <span class='ocrx_word' id='word_1_674' title='bbox 1889 5051 1998 5105; x_wconf 89' lang='lat' dir='ltr'><strong>Co-</strong></span> 
     </span>
    </p>
   </div>
   <div class='ocr_carea' id='block_1_84' title="bbox 415 5141 2000 5214">
    <p class='ocr_par' dir='ltr' id='par_1_84' title="bbox 415 5141 2000 5214">
     <span class='ocr_line' id='line_1_84' title="bbox 415 5141 2000 5214; baseline -0.003 -16"><span class='ocrx_word' id='word_1_675' title='bbox 415 5159 619 5214; x_wconf 77' lang='lat' dir='ltr'><strong>gnosce</strong></span> <span class='ocrx_word' id='word_1_676' title='bbox 651 5146 890 5214; x_wconf 84' lang='lat' dir='ltr'><strong>teipsum</strong></span> <span class='ocrx_word' id='word_1_677' title='bbox 924 5161 942 5192; x_wconf 74' lang='grc' dir='ltr'><strong>ι</strong></span> <span class='ocrx_word' id='word_1_678' title='bbox 981 5142 1168 5196; x_wconf 84' lang='lat' dir='ltr'><strong>tritum</strong></span> <span class='ocrx_word' id='word_1_679' title='bbox 1212 5157 1278 5197; x_wconf 86' lang='lat' dir='ltr'><strong>ac</strong></span> <span class='ocrx_word' id='word_1_680' title='bbox 1323 5156 1424 5195; x_wconf 82' lang='lat' dir='ltr'><strong>ceu</strong></span> <span class='ocrx_word' id='word_1_681' title='bbox 1457 5141 1740 5210; x_wconf 83' lang='lat' dir='ltr'><strong>peculiare</strong></span> <span class='ocrx_word' id='word_1_682' title='bbox 1760 5155 2000 5212; x_wconf 85' lang='lat' dir='ltr'><strong>prover-</strong></span> 
     </span>
    </p>
   </div>
   <div class='ocr_carea' id='block_1_85' title="bbox 340 5232 2001 5305">
    <p class='ocr_par' dir='ltr' id='par_1_85' title="bbox 340 5232 2001 5305">
     <span class='ocr_line' id='line_1_85' title="bbox 340 5232 2001 5305; baseline -0.002 -13"><span class='ocrx_word' id='word_1_683' title='bbox 340 5286 346 5300; x_wconf 87' lang='grc'><strong>,</strong></span> <span class='ocrx_word' id='word_1_684' title='bbox 415 5238 566 5294; x_wconf 80' lang='lat' dir='ltr'><strong>bium</strong></span> <span class='ocrx_word' id='word_1_685' title='bbox 595 5245 900 5292; x_wconf 85' lang='lat' dir='ltr'><strong>verterunt.</strong></span> <span class='ocrx_word' id='word_1_686' title='bbox 937 5235 1018 5290; x_wconf 83' lang='lat' dir='ltr'><strong>Ad</strong></span> <span class='ocrx_word' id='word_1_687' title='bbox 1052 5236 1304 5289; x_wconf 82' lang='lat' dir='ltr'><strong>eumdem</strong></span> <span class='ocrx_word' id='word_1_688' title='bbox 1343 5232 1563 5288; x_wconf 90' lang='lat' dir='ltr'><strong>modum</strong></span> <span class='ocrx_word' id='word_1_689' title='bbox 1595 5235 1730 5288; x_wconf 80' lang='lat' dir='ltr'><strong>illud</strong></span> <span class='ocrx_word' id='word_1_690' title='bbox 1779 5249 2001 5305; x_wconf 89' lang='lat' dir='ltr'><strong>quoque</strong></span> 
     </span>
    </p>
   </div>
   <div class='ocr_carea' id='block_1_86' title="bbox 409 5325 2001 5400">
    <p class='ocr_par' dir='ltr' id='par_1_86' title="bbox 409 5325 2001 5400">
     <span class='ocr_line' id='line_1_86' title="bbox 409 5325 2001 5400; baseline -0.001 -16"><span class='ocrx_word' id='word_1_691' title='bbox 409 5331 470 5384; x_wconf 80' lang='lat' dir='ltr'><strong>in</strong></span> <span class='ocrx_word' id='word_1_692' title='bbox 499 5329 789 5400; x_wconf 85' lang='lat' dir='ltr'><strong>Scriptura</strong></span> <span class='ocrx_word' id='word_1_693' title='bbox 832 5328 1078 5384; x_wconf 88' lang='lat' dir='ltr'><strong>dicitur:</strong></span> <span class='ocrx_word' id='word_1_694' title='bbox 1114 5346 1132 5379; x_wconf 86' lang='grc' dir='ltr'><strong>ι</strong></span> <span class='ocrx_word' id='word_1_695' title='bbox 1171 5325 1463 5396; x_wconf 85' lang='lat' dir='ltr'><strong>Sapientes</strong></span> <span class='ocrx_word' id='word_1_696' title='bbox 1503 5325 1752 5395; x_wconf 88' lang='lat' dir='ltr'><strong>suntqui</strong></span> <span class='ocrx_word' id='word_1_697' title='bbox 1787 5326 2001 5397; x_wconf 88' lang='lat' dir='ltr'><strong>seipsos</strong></span> 
     </span>
    </p>
   </div>
   <div class='ocr_carea' id='block_1_87' title="bbox 413 5416 2002 5487">
    <p class='ocr_par' dir='ltr' id='par_1_87' title="bbox 413 5416 2002 5487">
     <span class='ocr_line' id='line_1_87' title="bbox 413 5416 2002 5487; baseline -0.003 -13"><span class='ocrx_word' id='word_1_698' title='bbox 413 5419 710 5474; x_wconf 82' lang='lat' dir='ltr'><strong>norunt”.</strong></span> <span class='ocrx_word' id='word_1_699' title='bbox 744 5437 762 5471; x_wconf 76' lang='grc' dir='ltr'><strong>ι</strong></span> <span class='ocrx_word' id='word_1_700' title='bbox 797 5418 1083 5474; x_wconf 85' lang='lat' dir='ltr'><strong>Etiterum</strong></span> <span class='ocrx_word' id='word_1_701' title='bbox 1104 5434 1119 5471; x_wconf 89' lang='lat'><strong>:</strong></span> <span class='ocrx_word' id='word_1_702' title='bbox 1143 5435 1162 5468; x_wconf 80' lang='grc' dir='ltr'><strong>ι</strong></span> <span class='ocrx_word' id='word_1_703' title='bbox 1192 5416 1364 5471; x_wconf 84' lang='lat' dir='ltr'><strong>Sinon</strong></span> <span class='ocrx_word' id='word_1_704' title='bbox 1383 5417 1723 5485; x_wconf 75' lang='lat' dir='ltr'><strong>cognoveris</strong></span> <span class='ocrx_word' id='word_1_705' title='bbox 1746 5416 2002 5487; x_wconf 82' lang='lat' dir='ltr'><strong>teipsam,</strong></span> 
     </span>
    </p>
   </div>
   <div class='ocr_carea' id='block_1_88' title="bbox 419 5509 2006 5580">
    <p class='ocr_par' dir='ltr' id='par_1_88' title="bbox 419 5509 2006 5580">
     <span class='ocr_line' id='line_1_88' title="bbox 419 5509 2006 5580; baseline 0 -17"><span class='ocrx_word' id='word_1_706' title='bbox 419 5509 648 5578; x_wconf 85' lang='lat' dir='ltr'><strong>pulchra</strong></span> <span class='ocrx_word' id='word_1_707' title='bbox 678 5509 1031 5566; x_wconf 69' lang='lat' dir='ltr'><strong>mulierum‘.</strong></span> <span class='ocrx_word' id='word_1_708' title='bbox 1068 5529 1087 5560; x_wconf 77' lang='grc' dir='ltr'><strong>ι</strong></span> <span class='ocrx_word' id='word_1_709' title='bbox 1123 5509 1306 5580; x_wconf 78' lang='lat' dir='ltr'><strong>Atque</strong></span> <span class='ocrx_word' id='word_1_710' title='bbox 1355 5511 1460 5565; x_wconf 84' lang='lat' dir='ltr'><strong>hoc</strong></span> <span class='ocrx_word' id='word_1_711' title='bbox 1503 5525 1638 5564; x_wconf 87' lang='lat' dir='ltr'><strong>sane</strong></span> <span class='ocrx_word' id='word_1_712' title='bbox 1684 5509 1876 5564; x_wconf 85' lang='lat' dir='ltr'><strong>sedulo</strong></span> <span class='ocrx_word' id='word_1_713' title='bbox 1919 5509 2006 5563; x_wconf 84' lang='lat' dir='ltr'><strong>in-</strong></span> 
     </span>
    </p>
   </div>
   <div class='ocr_carea' id='block_1_89' title="bbox 421 5599 2004 5672">
    <p class='ocr_par' dir='ltr' id='par_1_89' title="bbox 421 5599 2004 5672">
     <span class='ocr_line' id='line_1_89' title="bbox 421 5599 2004 5672; baseline 0.001 -20"><span class='ocrx_word' id='word_1_714' title='bbox 421 5600 603 5653; x_wconf 85' lang='lat' dir='ltr'><strong>culcat</strong></span> <span class='ocrx_word' id='word_1_715' title='bbox 635 5599 779 5657; x_wconf 86' lang='lat' dir='ltr'><strong>Deus</strong></span> <span class='ocrx_word' id='word_1_716' title='bbox 805 5642 820 5668; x_wconf 89' lang='lat'><strong>,</strong></span> <span class='ocrx_word' id='word_1_717' title='bbox 855 5611 913 5655; x_wconf 90' lang='lat' dir='ltr'><strong>ut</strong></span> <span class='ocrx_word' id='word_1_718' title='bbox 946 5601 1038 5672; x_wconf 91' lang='lat' dir='ltr'><strong>qui</strong></span> <span class='ocrx_word' id='word_1_719' title='bbox 1076 5616 1185 5656; x_wconf 94' lang='lat' dir='ltr'><strong>non</strong></span> <span class='ocrx_word' id='word_1_720' title='bbox 1218 5601 1432 5656; x_wconf 83' lang='lat' dir='ltr'><strong>nesciat</strong></span> <span class='ocrx_word' id='word_1_721' title='bbox 1478 5601 1687 5670; x_wconf 89' lang='lat' dir='ltr'><strong>peccati</strong></span> <span class='ocrx_word' id='word_1_722' title='bbox 1722 5601 2004 5655; x_wconf 78' lang='lat' dir='ltr'><strong>cumulum</strong></span> 
     </span>
    </p>
   </div>
   <div class='ocr_carea' id='block_1_90' title="bbox 419 5688 2003 5762">
    <p class='ocr_par' dir='ltr' id='par_1_90' title="bbox 419 5688 2003 5762">
     <span class='ocr_line' id='line_1_90' title="bbox 419 5688 2003 5762; baseline 0.001 -19"><span class='ocrx_word' id='word_1_723' title='bbox 419 5688 481 5751; x_wconf 71' lang='lat' dir='ltr'><strong>in</strong></span> <span class='ocrx_word' id='word_1_724' title='bbox 515 5690 636 5760; x_wconf 82' lang='lat' dir='ltr'><strong>ipso</strong></span> <span class='ocrx_word' id='word_1_725' title='bbox 669 5692 937 5760; x_wconf 91' lang='lat' dir='ltr'><strong>propositi</strong></span> <span class='ocrx_word' id='word_1_726' title='bbox 985 5702 1142 5746; x_wconf 86' lang='lat' dir='ltr'><strong>motu</strong></span> <span class='ocrx_word' id='word_1_727' title='bbox 1195 5692 1404 5762; x_wconf 85' lang='lat' dir='ltr'><strong>augeri.</strong></span> <span class='ocrx_word' id='word_1_728' title='bbox 1447 5693 1678 5746; x_wconf 74' lang='lat' dir='ltr'><strong>Sel-sata</strong></span> <span class='ocrx_word' id='word_1_729' title='bbox 1727 5693 1872 5748; x_wconf 87' lang='lat' dir='ltr'><strong>enim</strong></span> <span class='ocrx_word' id='word_1_730' title='bbox 1921 5700 2003 5746; x_wconf 80' lang='lat' dir='ltr'><strong>est</strong></span> 
     </span>
    </p>
   </div>
   <div class='ocr_carea' id='block_1_91' title="bbox 497 5864 1790 5937">
    <p class='ocr_par' dir='ltr' id='par_1_91' title="bbox 497 5864 1790 5937">
     <span class='ocr_line' id='line_1_91' title="bbox 497 5864 1790 5937; baseline 0.005 -20"><span class='ocrx_word' id='word_1_731' title='bbox 497 5865 539 5898; x_wconf 81' lang='lat'><strong>&quot;</strong></span> <span class='ocrx_word' id='word_1_732' title='bbox 561 5864 624 5918; x_wconf 73' lang='grc' dir='ltr'><strong>ιν</strong></span> <span class='ocrx_word' id='word_1_733' title='bbox 654 5864 787 5937; x_wconf 79' lang='lat' dir='ltr'><strong>Reg.</strong></span> <span class='ocrx_word' id='word_1_734' title='bbox 813 5882 946 5930; x_wconf 72' lang='lat' dir='ltr'><strong>xvtt,</strong></span> <span class='ocrx_word' id='word_1_735' title='bbox 974 5870 1059 5926; x_wconf 73' lang='lat'><strong>3&#39;2,</strong></span> <span class='ocrx_word' id='word_1_736' title='bbox 1083 5867 1165 5922; x_wconf 76' lang='lat'><strong>55.</strong></span> <span class='ocrx_word' id='word_1_737' title='bbox 1247 5872 1293 5904; x_wconf 77' lang='grc'><strong>⁸⁸</strong></span> <span class='ocrx_word' id='word_1_738' title='bbox 1329 5870 1563 5926; x_wconf 73' lang='lat' dir='ltr'><strong>Malatli.</strong></span> <span class='ocrx_word' id='word_1_739' title='bbox 1627 5888 1664 5932; x_wconf 81' lang='grc' dir='ltr'><strong>ι,</strong></span> <span class='ocrx_word' id='word_1_740' title='bbox 1708 5873 1790 5925; x_wconf 89' lang='lat' dir='ltr'><strong>ll.</strong></span> 
     </span>
    </p>
   </div>
   <div class='ocr_carea' id='block_1_92' title="bbox 1895 5869 2414 5934">
    <p class='ocr_par' dir='ltr' id='par_1_92' title="bbox 1895 5869 2414 5934">
     <span class='ocr_line' id='line_1_92' title="bbox 1895 5869 2414 5934; baseline 0.012 -12"><span class='ocrx_word' id='word_1_741' title='bbox 1895 5875 1937 5903; x_wconf 64' lang='grc'><strong>⁹²³</strong></span> <span class='ocrx_word' id='word_1_742' title='bbox 1978 5871 2134 5923; x_wconf 77' lang='lat' dir='ltr'><strong>Prov.</strong></span> <span class='ocrx_word' id='word_1_743' title='bbox 2176 5887 2294 5934; x_wconf 71' lang='lat' dir='ltr'><strong>xm,</strong></span> <span class='ocrx_word' id='word_1_744' title='bbox 2321 5869 2414 5928; x_wconf 77' lang='lat'><strong>9.0.</strong></span> 
     </span>
    </p>
   </div>
   <div class='ocr_carea' id='block_1_93' title="bbox 2177 4957 3694 5032">
    <p class='ocr_par' dir='ltr' id='par_1_93' title="bbox 2177 4957 3694 5032">
     <span class='ocr_line' id='line_1_93' title="bbox 2177 4957 3694 5032; baseline 0.003 -22"><span class='ocrx_word' id='word_1_745' title='bbox 2177 4957 2450 5026; x_wconf 83' lang='grc' dir='ltr'>Ἑπιλὲγει</span> <span class='ocrx_word' id='word_1_746' title='bbox 2494 4961 2733 5031; x_wconf 84' lang='grc' dir='ltr'>συνεχῶς</span> <span class='ocrx_word' id='word_1_747' title='bbox 2759 4961 2839 5022; x_wconf 83' lang='grc' dir='ltr'><strong>τὸ,</strong></span> <span class='ocrx_word' id='word_1_748' title='bbox 2878 4979 2895 5011; x_wconf 83' lang='grc' dir='ltr'><strong>ι</strong></span> <span class='ocrx_word' id='word_1_749' title='bbox 2929 4961 3168 5032; x_wconf 82' lang='grc' dir='ltr'>Πρόσεχε</span> <span class='ocrx_word' id='word_1_750' title='bbox 3197 4961 3433 5031; x_wconf 77' lang='grc' dir='ltr'>σεαυτῷ.</span> <span class='ocrx_word' id='word_1_751' title='bbox 3463 4981 3484 5012; x_wconf 69' lang='grc' dir='ltr'><strong>ι</strong></span> <span class='ocrx_word' id='word_1_752' title='bbox 3516 4963 3694 5032; x_wconf 83' lang='grc' dir='ltr'>Ὅπερ</span> 
     </span>
    </p>
   </div>
   <div class='ocr_carea' id='block_1_94' title="bbox 2105 5049 3694 5122">
    <p class='ocr_par' dir='ltr' id='par_1_94' title="bbox 2105 5049 3694 5122">
     <span class='ocr_line' id='line_1_94' title="bbox 2105 5049 3694 5122; baseline 0.003 -22"><span class='ocrx_word' id='word_1_753' title='bbox 2105 5049 2153 5100; x_wconf 72' lang='grc' dir='ltr'>οἱ</span> <span class='ocrx_word' id='word_1_754' title='bbox 2180 5049 2278 5119; x_wconf 82' lang='grc' dir='ltr'>τῆς</span> <span class='ocrx_word' id='word_1_755' title='bbox 2304 5050 2410 5116; x_wconf 79' lang='grc' dir='ltr'><strong>ἔξω</strong></span> <span class='ocrx_word' id='word_1_756' title='bbox 2445 5051 2764 5118; x_wconf 77' lang='grc' dir='ltr'>φιλοσοφίας</span> <span class='ocrx_word' id='word_1_757' title='bbox 2805 5053 3206 5122; x_wconf 77' lang='grc' dir='ltr'>μεταϐαλόντες</span> <span class='ocrx_word' id='word_1_758' title='bbox 3245 5055 3325 5116; x_wconf 84' lang='grc' dir='ltr'>εἰς</span> <span class='ocrx_word' id='word_1_759' title='bbox 3359 5052 3440 5118; x_wconf 74' lang='grc' dir='ltr'><strong>τὸ,</strong></span> <span class='ocrx_word' id='word_1_760' title='bbox 3476 5072 3495 5103; x_wconf 82' lang='grc' dir='ltr'><strong>ι</strong></span> <span class='ocrx_word' id='word_1_761' title='bbox 3521 5053 3694 5107; x_wconf 72' lang='grc' dir='ltr'><strong>ι’νῶοι</strong></span> 
     </span>
    </p>
   </div>
   <div class='ocr_carea' id='block_1_95' title="bbox 2108 5143 3698 5216">
    <p class='ocr_par' dir='ltr' id='par_1_95' title="bbox 2108 5143 3698 5216">
     <span class='ocr_line' id='line_1_95' title="bbox 2108 5143 3698 5216; baseline 0.002 -23"><span class='ocrx_word' id='word_1_762' title='bbox 2108 5143 2356 5204; x_wconf 81' lang='grc' dir='ltr'>σεαυτὸν,</span> <span class='ocrx_word' id='word_1_763' title='bbox 2389 5162 2408 5195; x_wconf 74' lang='grc' dir='ltr'><strong>ι</strong></span> <span class='ocrx_word' id='word_1_764' title='bbox 2455 5143 2914 5216; x_wconf 82' lang='grc' dir='ltr'>πολυθρύλλητον,</span> <span class='ocrx_word' id='word_1_765' title='bbox 2945 5143 3020 5205; x_wconf 81' lang='grc' dir='ltr'>ὡς</span> <span class='ocrx_word' id='word_1_766' title='bbox 3061 5143 3190 5196; x_wconf 73' lang='grc' dir='ltr'>ἴδιον</span> <span class='ocrx_word' id='word_1_767' title='bbox 3231 5143 3568 5214; x_wconf 74' lang='grc' dir='ltr'>ἀπόφθεγμα</span> <span class='ocrx_word' id='word_1_768' title='bbox 3603 5163 3698 5196; x_wconf 81' lang='grc' dir='ltr'>πε-</span> 
     </span>
    </p>
   </div>
   <div class='ocr_carea' id='block_1_96' title="bbox 2108 5233 3696 5306">
    <p class='ocr_par' dir='ltr' id='par_1_96' title="bbox 2108 5233 3696 5306">
     <span class='ocr_line' id='line_1_96' title="bbox 2108 5233 3696 5306; baseline 0.003 -20"><span class='ocrx_word' id='word_1_769' title='bbox 2108 5235 2390 5304; x_wconf 85' lang='grc' dir='ltr'>ποιήκασι.</span> <span class='ocrx_word' id='word_1_770' title='bbox 2425 5235 2535 5288; x_wconf 76' lang='grc' dir='ltr'><strong>Καὶ</strong></span> <span class='ocrx_word' id='word_1_771' title='bbox 2564 5236 2651 5288; x_wconf 83' lang='grc' dir='ltr'>ἐπ’</span> <span class='ocrx_word' id='word_1_772' title='bbox 2683 5237 2852 5306; x_wconf 76' lang='grc' dir='ltr'>αὐτῆς</span> <span class='ocrx_word' id='word_1_773' title='bbox 2883 5235 2940 5288; x_wconf 82' lang='grc' dir='ltr'><strong>δέ</strong></span> <span class='ocrx_word' id='word_1_774' title='bbox 2977 5253 3141 5306; x_wconf 81' lang='grc' dir='ltr'>φησιν</span> <span class='ocrx_word' id='word_1_775' title='bbox 3182 5233 3312 5288; x_wconf 76' lang='grc' dir='ltr'>αὐτὸ</span> <span class='ocrx_word' id='word_1_776' title='bbox 3355 5235 3456 5304; x_wconf 84' lang='grc' dir='ltr'>τῆς</span> <span class='ocrx_word' id='word_1_777' title='bbox 3497 5237 3696 5301; x_wconf 75' lang='grc' dir='ltr'>λέξεως</span> 
     </span>
    </p>
   </div>
   <div class='ocr_carea' id='block_1_97' title="bbox 2107 5326 3700 5399">
    <p class='ocr_par' dir='ltr' id='par_1_97' title="bbox 2107 5326 3700 5399">
     <span class='ocr_line' id='line_1_97' title="bbox 2107 5326 3700 5399; baseline 0.001 -19"><span class='ocrx_word' id='word_1_778' title='bbox 2107 5329 2140 5397; x_wconf 85' lang='grc' dir='ltr'>ἠ</span> <span class='ocrx_word' id='word_1_779' title='bbox 2174 5327 2385 5399; x_wconf 83' lang='grc' dir='ltr'><strong>Γραφή·</strong></span> <span class='ocrx_word' id='word_1_780' title='bbox 2439 5347 2458 5380; x_wconf 84' lang='grc' dir='ltr'><strong>ι</strong></span> <span class='ocrx_word' id='word_1_781' title='bbox 2487 5329 2550 5382; x_wconf 78' lang='lat' dir='ltr'><strong>Oi</strong></span> <span class='ocrx_word' id='word_1_782' title='bbox 2580 5328 2635 5382; x_wconf 83' lang='grc' dir='ltr'><strong>δὲ</strong></span> <span class='ocrx_word' id='word_1_783' title='bbox 2669 5329 2880 5382; x_wconf 80' lang='grc' dir='ltr'>ἑαυτῶν</span> <span class='ocrx_word' id='word_1_784' title='bbox 2915 5326 3288 5398; x_wconf 83' lang='grc' dir='ltr'>ἐπιγνώμονες</span> <span class='ocrx_word' id='word_1_785' title='bbox 3321 5327 3497 5396; x_wconf 79' lang='grc' dir='ltr'>σοφοί.</span> <span class='ocrx_word' id='word_1_786' title='bbox 3531 5347 3550 5380; x_wconf 73' lang='lat' dir='ltr'><strong>r</strong></span> <span class='ocrx_word' id='word_1_787' title='bbox 3590 5329 3700 5381; x_wconf 85' lang='grc' dir='ltr'><strong>Καὶ</strong></span> 
     </span>
    </p>
   </div>
   <div class='ocr_carea' id='block_1_98' title="bbox 2112 5416 3692 5491">
    <p class='ocr_par' dir='ltr' id='par_1_98' title="bbox 2112 5416 3692 5491">
     <span class='ocr_line' id='line_1_98' title="bbox 2112 5416 3692 5491; baseline 0.001 -23"><span class='ocrx_word' id='word_1_788' title='bbox 2112 5416 2327 5483; x_wconf 82' lang='grc' dir='ltr'>πάλιν,ι</span> <span class='ocrx_word' id='word_1_789' title='bbox 2352 5418 2477 5471; x_wconf 83' lang='grc' dir='ltr'><strong>Ἐὰν</strong></span> <span class='ocrx_word' id='word_1_790' title='bbox 2504 5419 2578 5491; x_wconf 78' lang='grc' dir='ltr'>μὴ</span> <span class='ocrx_word' id='word_1_791' title='bbox 2600 5421 2838 5491; x_wconf 81' lang='grc' dir='ltr'>ἐπιγνῷς</span> <span class='ocrx_word' id='word_1_792' title='bbox 2861 5421 3164 5490; x_wconf 79' lang='grc' dir='ltr'>σεαυτὴν,ή</span> <span class='ocrx_word' id='word_1_793' title='bbox 3194 5418 3328 5489; x_wconf 82' lang='grc' dir='ltr'>καλὴ</span> <span class='ocrx_word' id='word_1_794' title='bbox 3347 5421 3405 5470; x_wconf 82' lang='grc' dir='ltr'>ὲν</span> <span class='ocrx_word' id='word_1_795' title='bbox 3420 5420 3660 5487; x_wconf 77' lang='grc' dir='ltr'>γυναιξί.</span> <span class='ocrx_word' id='word_1_796' title='bbox 3675 5438 3692 5470; x_wconf 73' lang='grc' dir='ltr'><strong>ι</strong></span> 
     </span>
    </p>
   </div>
   <div class='ocr_carea' id='block_1_99' title="bbox 2113 5508 3698 5583">
    <p class='ocr_par' dir='ltr' id='par_1_99' title="bbox 2113 5508 3698 5583">
     <span class='ocr_line' id='line_1_99' title="bbox 2113 5508 3698 5583; baseline 0.003 -23"><span class='ocrx_word' id='word_1_797' title='bbox 2113 5508 2283 5562; x_wconf 86' lang='grc' dir='ltr'>Τοῦτο</span> <span class='ocrx_word' id='word_1_798' title='bbox 2331 5511 2388 5566; x_wconf 64' lang='grc' dir='ltr'><strong>δέ</strong></span> <span class='ocrx_word' id='word_1_799' title='bbox 2438 5511 2572 5574; x_wconf 80' lang='grc' dir='ltr'>Θεὸς</span> <span class='ocrx_word' id='word_1_800' title='bbox 2619 5512 3056 5583; x_wconf 82' lang='grc' dir='ltr'>παρακελεύεται</span> <span class='ocrx_word' id='word_1_801' title='bbox 3118 5511 3379 5580; x_wconf 84' lang='grc' dir='ltr'>συνεχῶς,</span> <span class='ocrx_word' id='word_1_802' title='bbox 3408 5511 3569 5576; x_wconf 83' lang='grc' dir='ltr'>εἰδὼς</span> <span class='ocrx_word' id='word_1_803' title='bbox 3602 5513 3698 5583; x_wconf 81' lang='grc' dir='ltr'><strong>τῆς</strong></span> 
     </span>
    </p>
   </div>
   <div class='ocr_carea' id='block_1_100' title="bbox 2117 5602 3698 5675">
    <p class='ocr_par' dir='ltr' id='par_1_100' title="bbox 2117 5602 3698 5675">
     <span class='ocr_line' id='line_1_100' title="bbox 2117 5602 3698 5675; baseline 0.002 -22"><span class='ocrx_word' id='word_1_804' title='bbox 2117 5602 2392 5673; x_wconf 83' lang='grc' dir='ltr'>ἁμαρτίας</span> <span class='ocrx_word' id='word_1_805' title='bbox 2420 5603 2478 5656; x_wconf 75' lang='grc' dir='ltr'><strong>τὸ</strong></span> <span class='ocrx_word' id='word_1_806' title='bbox 2505 5603 2704 5671; x_wconf 79' lang='grc' dir='ltr'>πλῆθος</span> <span class='ocrx_word' id='word_1_807' title='bbox 2739 5607 2796 5657; x_wconf 83' lang='grc' dir='ltr'><strong>ὲν</strong></span> <span class='ocrx_word' id='word_1_808' title='bbox 2823 5606 2885 5675; x_wconf 76' lang='grc' dir='ltr'><strong>τῇ</strong></span> <span class='ocrx_word' id='word_1_809' title='bbox 2915 5605 3059 5674; x_wconf 79' lang='grc' dir='ltr'>ὁρμῇ</span> <span class='ocrx_word' id='word_1_810' title='bbox 3092 5602 3434 5674; x_wconf 73' lang='grc' dir='ltr'>πληροῦσθαι</span> <span class='ocrx_word' id='word_1_811' title='bbox 3465 5607 3530 5674; x_wconf 78' lang='grc' dir='ltr'>τῇ</span> <span class='ocrx_word' id='word_1_812' title='bbox 3559 5605 3698 5656; x_wconf 81' lang='grc' dir='ltr'>κατὰ</span> 
     </span>
    </p>
   </div>
   <div class='ocr_carea' id='block_1_101' title="bbox 2113 5694 3696 5767">
    <p class='ocr_par' dir='ltr' id='par_1_101' title="bbox 2113 5694 3696 5767">
     <span class='ocr_line' id='line_1_101' title="bbox 2113 5694 3696 5767; baseline 0.003 -23"><span class='ocrx_word' id='word_1_813' title='bbox 2113 5694 2391 5764; x_wconf 63' lang='grc' dir='ltr'>πρόθεσιν.</span> <span class='ocrx_word' id='word_1_814' title='bbox 2413 5695 2535 5748; x_wconf 78' lang='grc' dir='ltr'><strong>Ἐπὶ</strong></span> <span class='ocrx_word' id='word_1_815' title='bbox 2569 5695 2658 5748; x_wconf 89' lang='grc' dir='ltr'><strong>νοῦ</strong></span> <span class='ocrx_word' id='word_1_816' title='bbox 2692 5697 2800 5766; x_wconf 87' lang='grc' dir='ltr'><strong>γὰρ</strong></span> <span class='ocrx_word' id='word_1_817' title='bbox 2825 5699 2852 5749; x_wconf 86' lang='grc' dir='ltr'>ὁ</span> <span class='ocrx_word' id='word_1_818' title='bbox 2875 5697 3032 5764; x_wconf 71' lang='grc' dir='ltr'>λόγος</span> <span class='ocrx_word' id='word_1_819' title='bbox 3065 5696 3199 5766; x_wconf 82' lang='grc' dir='ltr'>πρὸς</span> <span class='ocrx_word' id='word_1_820' title='bbox 3222 5695 3412 5748; x_wconf 67' lang='grc' dir='ltr'>ἑαυτὸν</span> <span class='ocrx_word' id='word_1_821' title='bbox 3440 5696 3696 5767; x_wconf 77' lang='grc' dir='ltr'>ἐπιστρέ-</span> 
     </span>
    </p>
   </div>
   <div class='ocr_carea' id='block_1_102' title="bbox 2501 5873 2880 5938">
    <p class='ocr_par' dir='ltr' id='par_1_102' title="bbox 2501 5873 2880 5938">
     <span class='ocr_line' id='line_1_102' title="bbox 2501 5873 2880 5938; baseline 0.003 -11"><span class='ocrx_word' id='word_1_822' title='bbox 2501 5874 2515 5905; x_wconf 88' lang='grc'>¹</span> <span class='ocrx_word' id='word_1_823' title='bbox 2561 5873 2721 5927; x_wconf 66' lang='lat' dir='ltr'><strong>(Tant.</strong></span> <span class='ocrx_word' id='word_1_824' title='bbox 2757 5889 2793 5938; x_wconf 83' lang='grc' dir='ltr'><strong>ι,</strong></span> <span class='ocrx_word' id='word_1_825' title='bbox 2831 5874 2880 5929; x_wconf 85' lang='lat'><strong>7.</strong></span> 
     </span>
    </p>
   </div>
  </div>
