4010 6230
403 365 510 431 909
1273 364 1812 434 COMMENTARII
1850 363 1929 435 1N
1985 361 2508 436 DEUTERONOM
2522 363 2688 423 lUM.
3574 353 3681 433 910

404 496 620 550 φοντος,
669 480 802 550 ὅπερ
855 477 1136 561 ὀφθαλμοῦ
1172 481 1266 534 τοῦ
1302 479 1504 546 ἔξωθεν
1546 479 1780 554 ὁρῶντος
1832 480 1988 533 ἀλλό-

2106 479 2277 533 aratio
2305 478 2425 553 ejus
2446 460 2553 548 (qui
2592 477 2785 532 oculos
2830 476 2885 529 in
2923 491 2982 539 se
3007 473 3314 549 convertit,
3344 489 3371 527 a
3404 446 3516 543 q’uo
3544 474 3681 534 alie-

403 587 573 644 τριον.
2094 587 2200 626 nus
2226 579 2313 626 cst
2342 572 2539 626 oculus
2570 571 2692 640 ejus
2721 568 2816 640 qui
2848 567 3000 633 foras
3035 568 3324 638 prospicit.

478 685 688 741 Etenim
720 687 863 755 ﬁlios
892 703 1018 743 suos
1049 698 1097 740 et
1128 687 1273 756 ﬁlias
1304 703 1431 742 suas
1461 689 1578 757 igne
1607 688 2027 745 combusserunt.
2060 682 2215 763 [5L]
2260 683 2663 740 Dtemoniacum
2697 684 2845 740 enim
2881 693 2968 740 est
2995 686 3299 745 naturalem
3337 683 3680 749 all‘cctionem

402 791 533 847 erga
581 784 865 846 acceptam
901 774 1146 829 sobolem
1194 776 1546 831 conculcare.
1584 770 1770 827 (Nam
1804 773 1987 834 omnia
2016 772 2227 828 creavit
2257 771 2400 827 Deus
2437 780 2496 826 ut
2535 780 2720 837 essent
2743 811 2759 834 ,
2812 773 2888 839 ita
2938 787 3157 843 quoque
3203 773 3592 843 generationes
3628 783 3684 826 ut

404 864 671 919 mundum
700 869 1139 929 ,conservarent;
1191 880 1295 919 nec
1337 872 1420 920 est
1449 864 1699 919 Plutonis
1727 863 1877 933 regia
1912 876 2077 931 super
2104 868 2273 921 terra.
2311 858 2511 914 Verum
2544 858 2749 922 diaboli
2784 859 2991 922 invidia
3031 860 3087 923 in
3120 859 3385 921 mundum
3417 874 3568 923 mors
3600 859 3686 915 in-

403 951 602 1007 vasit'.
648 969 667 1003 ι
750 988 759 995 ς

480 1072 563 1126 οὐ
616 1070 991 1139 προσθήσεις
1034 1070 1130 1124 ἐπ’
1163 1071 1376 1138 αὐτοῦ,
1416 1070 1561 1125 οὐδὲ
1584 1067 1832 1139 ἀφελεῖς
1877 1066 1991 1122 ἀπ’

2167 1062 2291 1121 Non
2323 1062 2486 1119 addes
2519 1065 2591 1120 ad
2629 1065 2843 1134 ipsum,
2880 1081 3044 1135 neque
3069 1071 3279 1134 auferes
3309 1062 3373 1126 ab
3409 1080 3492 1123 eo.
3526 1060 3685 1135 [32.]

403 1162 612 1219 αὐτοῦ.
654 1161 842 1220 Διττδν
877 1162 940 1218 τὸ
973 1163 1341 1233 ἁμαρτάνεινσ
1393 1163 1426 1233 ἦ
1459 1163 1522 1215 τὸ
1561 1161 1910 1222 ὑποϐαίνειν,
1956 1158 1990 1228 ἢ

2106 1152 2305 1233 Duplex
2355 1154 2500 1211 enim
2564 1154 2618 1208 in
2658 1164 2945 1224 peccatum
2985 1155 3179 1222 lapsus
3223 1162 3308 1210 est
3335 1196 3350 1218 ,
3391 1155 3478 1209 vel
3517 1169 3688 1225 supra

402 1256 464 1308 τὸ
508 1253 862 1325 ὑπερϐαίνειν
902 1256 1001 1319 τὰς
1032 1255 1274 1319 ἐντολάς.
1306 1254 1370 1308 Oi
1408 1254 1507 1324 μὲν
1543 1253 1653 1324 γὰρ
1682 1254 1990 1325 ἐγκρατεῖς,

2106 1249 2177 1302 vel
2208 1246 2349 1305 infra
2388 1246 2485 1303 Dei
2529 1250 2784 1303 mandata
2832 1248 3227 1319 delinquendo,
3252 1247 3498 1314 'Quidam
3538 1248 3686 1305 enim

402 1348 481 1418 τῷ
514 1346 737 1417 ποιῆσαι
768 1344 1033 1414 στάθμιον
1068 1346 1230 1415 μέγα,
1258 1344 1604 1416 ἀφωρίκασιν
1636 1345 1862 1408 ἑαυτοὺς
1892 1343 1993 1413 τῆς

2106 1345 2462 1410 prazpotentes
2499 1340 2605 1400 sibi
2642 1340 2747 1399 nisi
2783 1340 2887 1399 hcc
2919 1342 3065 1411 quod
3110 1351 3372 1397 stateram
3409 1342 3686 1412 ingentem

417 1436 777 1507 Ἐκκλησίας·
804 1437 855 1488 οί
887 1434 945 1488 δὲ
972 1435 1331 1507 ὑδαρέστερον
1364 1437 1434 1490 τὰ
1465 1436 1594 1506 περὶ
1621 1435 1746 1498 τοὺς
1776 1433 1993 1504 γάμους

2106 1447 2216 1487 suae
2254 1434 2380 1486 vita:
2419 1432 2810 1506 fabricasscnt,
2844 1434 3061 1505 seipsos
3086 1435 3154 1496 ab
3188 1433 3436 1493 Ecclesia
3472 1435 3690 1495 abstra-

407 1531 622 1593 καὶτὰς
641 1528 850 1600 τροφὰς
874 1527 1356 1598 οίκονομήσαντες,
1385 1528 1463 1599 τῷ
1488 1527 1750 1597 στάθμιον
1777 1529 1993 1590 ἑαυτοῖς

2106 1530 2320 1578 xerunt.
2344 1521 2578 1589 Quidam
2608 1539 2740 1578 vero
2772 1524 2997 1579 ﬂuidius
3031 1540 3097 1579 ac
3128 1524 3443 1593 languidius
3479 1524 3547 1579 de
3573 1538 3691 1576 ma-

407 1622 775 1691 πεποιηκέναι
810 1619 1028 1692 μικρὸν,
1062 1619 1124 1672 οὐ
1153 1620 1437 1687 τεύξονται
1459 1619 1558 1691 τῆς
1592 1619 1871 1690 βασιλείας
1898 1618 1994 1674 τοῦ

2106 1613 2364 1669 trimonio
2400 1615 2641 1686 itemque
2670 1615 2812 1672 cibis
2843 1625 3187 1681 statuentes,
3222 1618 3327 1674 hoc
3374 1620 3495 1690 ipso
3540 1620 3689 1689 quod

404 1714 565 1770 θεοῦ.
589 1715 809 1769 Δέδεσαι
833 1712 974 1783 μετὰ
996 1712 1291 1781 γυναικόςς
1335 1712 1462 1767 Ἐὰν
1490 1712 1753 1784 πάθμιον
1782 1710 1996 1783 σεαυτῷ

2106 1716 2363 1765 stateram
2418 1726 2641 1779 parvam
2694 1722 3015 1775 erexerunt.
3051 1711 3145 1767 Dei
3190 1727 3419 1783 regnum
3453 1713 3688 1784 adipisci

409 1808 555 1879 μέγα
601 1805 861 1876 ποιήσῃς,
899 1803 962 1856 οὐ
1012 1802 1322 1873 φροντίζεις
1378 1803 1478 1872 τῆς
1525 1783 1820 1871 γυναικόςο
1867 1801 1996 1868 ἀλλ’

2106 1816 2211 1856 non
2268 1809 2549 1872 poterunt.
2596 1801 2999 1873 Conglutinare
3046 1818 3173 1860 cum
3216 1805 3424 1861 uxore?
3465 1806 3522 1860 Si
3553 1783 3691 1861 ista-

405 1900 511 1968 ὅρα
544 1898 620 1968 μὴ
652 1900 719 1969 τῇ
759 1899 824 1966 σῇ
860 1892 1132 1964 ἀπόληται
1160 1893 1510 1967 σωφροσύνῃ,
1554 1893 1621 1947 δι’
1647 1895 1714 1965 ἢν
1758 1892 1994 1964 Χριστὸς

2106 1900 2275 1949 teram
2328 1892 2427 1947 tibi
2479 1893 2587 1963 ipsi
2642 1908 2900 1964 magnam
2954 1894 3170 1958 feceris,
3202 1897 3352 1950 nulla
3398 1905 3452 1951 te
3495 1898 3689 1952 uxoris

406 1990 672 2044 ἀπέθανε.
713 1988 835 2041 Τῶν
870 1987 928 2040 δὲ
965 1989 1067 2056 τῆς
1091 1985 1441 2059 δικαιοσύνης
1474 1986 1691 2058 μέτρων
1717 1985 1993 2051 ἔκπτωσις

2106 1997 2234 2038 cura
2262 1985 2470 2054 tangit;
2492 1994 2548 2039 at
2569 2000 2706 2040 cave
2733 2001 2804 2041 ne
2828 1985 3108 2056 pudicitia:
3124 2002 3187 2041 ac
3206 1987 3491 2044 modestia:
3507 1989 3692 2059 jactu-

403 2080 614 2140 τούτων
646 2080 927 2157 ἑκάτερον,

2106 2090 2217 2128 ram
2270 2074 2479 2139 faciat,
2526 2075 2597 2131 ob
2646 2092 2814 2147 quam
2850 2076 3111 2133 Christus
3160 2090 3393 2134 mortem
3443 2083 3688 2151 pertulit.

2099 2165 2369 2221 Caeterum
2406 2174 2589 2226 utrum
2617 2168 2872 2239 elegeris,
2909 2181 2939 2220 a
2963 2167 3194 2238 iustitia
3231 2184 3492 2223 mensura
3536 2170 3692 2224 exci-

2099 2259 2272 2319 deris.

480 2383 560 2439 Eo
588 2382 727 2455 quod
754 2381 1097 2452 defectione»:
1129 2397 1162 2435 a
1202 2378 1427 2435 Domino
1464 2379 1571 2434 Deo
1602 2388 1774 2436 vestro
1804 2382 1877 2434 sit
1909 2381 2138 2447 locutus.
2168 2385 2354 2458 [XIIL
2389 2387 2469 2463 5.]
2517 2388 2575 2445 Si
2610 2389 2756 2446 enim
2790 2391 3042 2460 corporis
3073 2390 3252 2451 caedes
3297 2392 3453 2454 caede
3499 2402 3690 2449 mutua

404 2473 718 2531 restituitur
753 2489 767 2527 :
799 2480 1004 2540 quanto
1032 2470 1205 2540 magis
1255 2468 1307 2523 id
1346 2468 1658 2525 faciendum
1692 2478 1779 2526 est
1803 2509 1818 2533 ,
1860 2471 1905 2527 si
1939 2473 2064 2543 quis
2094 2476 2339 2530 animum
2373 2493 2606 2550 corpore
2631 2520 2648 2546 ,
2697 2480 3010 2537 Servatoris
3044 2496 3267 2552 quoque
3302 2483 3622 2541 testimonio
3644 2488 3689 2544 ³,

405 2556 851 2640 praestantiorem
889 2558 1205 2612 interﬁciat.
1238 2556 1412 2612 Porro
1449 2558 1791 2613 dzemonibus
1824 2560 1971 2613 nulla
2009 2560 2143 2619 ﬁdes
2173 2565 2463 2621 tribuenda
2518 2578 2602 2622 est
2628 2610 2644 2632 ,
2684 2570 2787 2625 etsi
2824 2585 2951 2631 vera
2986 2570 3282 2639 aliquando
3315 2570 3577 2631 dixerint.
3612 2570 3690 2626 Ea

405 2651 552 2705 enim
583 2664 692 2703 non
721 2648 792 2702 ob
820 2646 1106 2701 veritatem
1134 2645 1329 2701 dicunt
1366 2647 1658 2717 prtecipue,
1689 2661 1881 2701 verum
1914 2656 1974 2703 ut
2005 2648 2090 2704 liis
2120 2651 2405 2713 mendacia
2434 2655 2799 2713 commiscere
2827 2664 3053 2731 queant.
3084 2655 3221 2711 Nam
3244 2654 3472 2718 decreta
3505 2658 3692 2719 divina

404 2754 475 2794 ex
502 2739 620 2808 ipsa
654 2736 943 2809 Scriptura
975 2749 1135 2790 sacra
1169 2735 1593 2818 accuratissime
1628 2734 1756 2789 licet
1792 2748 2147 2808 cognoscere.
2178 2738 2450 2811 Quocirca
2478 2744 2733 2800 Christus
2767 2746 2932 2807 etiam
2969 2762 3064 2802 eos
3107 2747 3416 2816 increpavit
3437 2791 3451 2813 ,
3481 2749 3574 2818 qui
3605 2751 3690 2803 dl-

405 2827 604 2883 cebant
640 2842 654 2879 :
696 2841 715 2874 ι
747 2822 1014 2877 Novimus
1052 2830 1106 2877 te
1133 2816 1260 2896 quis
1288 2822 1433 2883 sis‘,
1469 2841 1487 2872 ι
1518 2823 1595 2874 lia
1632 2820 1832 2879 Paulus
1866 2824 2031 2880 etiam
2070 2842 2167 2885 cos
2196 2829 2290 2899 qui
2317 2831 2626 2905 dicebant:
2666 2853 2684 2885 σ
2718 2832 2979 2892 Homines
3013 2836 3100 2896 isti
3128 2834 3221 2893 Dei
3257 2816 3512 2899 altissimi
3545 2841 3690 2897 servi

407 2922 574 2972 sunt.
608 2920 664 2969 et
694 2911 1027 2968 denuntiant
1060 2912 1223 2967 vobis
1250 2913 1395 2966 viam
1443 2910 1643 2967 salutis
1666 2912 1708 2965 ⁵.
1744 2930 1764 2963 ι
1813 2910 2076 2978 Quamvis
2105 2917 2330 2987 gravius
2374 2918 2509 2977 nihil
2553 2919 2825 2993 dixerint;
2858 2939 3045 2978 verum
3078 2925 3339 2993 quoniam
3376 2925 3688 2989 daemonum

408 3004 585 3076 elogia
614 3018 644 3056 a
675 3001 904 3055 rudibus
935 3000 1178 3055 discerni
1207 3015 1316 3055 non
1345 3007 1599 3071 possunt,
1640 3000 1810 3055 semel
1849 3002 1930 3055 eis
1958 3017 2174 3058 onmem
2203 3004 2361 3061 (idem
2396 3022 2561 3078 quam
2598 3007 2899 3069 infamibus
2936 3012 3246 3067 tribuerent
3279 3016 3541 3078 egelusit.
3564 3032 3689 3072 cam

411 3091 593 3163 inquit
626 3113 638 3147 :
674 3109 693 3144 ι
727 3089 895 3156 Tace,
923 3088 1302 3145 obmutesce“.
1337 3108 1356 3141 ι
1398 3084 1544 3155 Quid
1582 3087 2029 3160 praedicationem
2057 3096 2415 3164 apostolicam
2438 3138 2455 3165 ,
2487 3096 2809 3170 dignitatem
2839 3116 2871 3163 ιι
2907 3108 2958 3155 te
2992 3116 3224 3173 prorsus
3254 3102 3487 3157 aliena...
3519 3111 3694 3162 sum-

411 3183 537 3252 pis?

480 3297 623 3354 Ἐὰν
647 3297 717 3351 δὲ
754 3294 1151 3366 παρακαλέσῃ
1182 3312 1255 3350 σε
1284 3298 1316 3349 ὁ
1348 3293 1611 3365 ἁδελφός
1638 3311 1753 3349 σου
1784 3294 1852 3348 ἐκ
1881 3310 1993 3348 πα-

2172 3296 2234 3356 Si
2266 3311 2316 3354 te
2346 3301 2713 3360 sollicitaverit
2742 3302 2911 3371 frater
2943 3314 3065 3365 tuus
3092 3322 3159 3361 ex
3191 3317 3362 3376 patre.
3399 3307 3518 3389 [6.]
3561 3308 3695 3364 Fide

410 3392 548 3461 τρός
575 3405 715 3447 σου.
756 3389 1002 3452 Πίστεως
1032 3388 1431 3459 ἀδικουμένης,
1465 3387 1678 3461 ὲρῤἐτω
1701 3386 1864 3459 φύσις
1907 3388 2003 3441 καὶ

410 3484 588 3550 γένος.
620 3476 749 3536 Οἷον
794 3481 855 3536 τὸ
901 3480 998 3535 τοῦ
1046 3480 1298 3555 Σωτῆρος
1320 3520 1333 3542 ,
1374 3498 1391 3530 ι
1415 3479 1472 3533 ’0
1503 3478 1673 3549 φιλῶν
1717 3479 1933 3551 πατέρα
1966 3479 1998 3549 ἢ

415 3575 627 3647 μητέρα
655 3575 797 3645 ὑπὲρ
839 3573 941 3646 ἐμὲ
987 3574 1087 3628 οὐκ
1136 3572 1252 3627 ἔστι
1304 3590 1407 3643 μου
1441 3572 1614 3640 ἄξιος.
1649 3593 1668 3625 ι
1719 3572 1900 3631 Καλὸν
1944 3572 2002 3625 δὲ

411 3666 649 3737 ἁρμόσαι
683 3667 896 3729 τούτοις
939 3665 1029 3720 διὰ
1059 3666 1171 3736 (95)
1220 3664 1291 3719 τὰ
1332 3665 1604 3737 εἰρημένα
1639 3664 1719 3736 τῷ
1750 3669 2002 3738 μακαρίῳ

421 3759 664 3833 Ἱερεμίᾳ
688 3799 703 3825 ,
751 3756 944 3829 ἔχοντα
992 3756 1200 3819 οὕτως·
1243 3753 1546 3819 «Ἕκαστος
1578 3755 1689 3810 ἀπὸ
1720 3755 1814 3809 τοῦ
1854 3756 1999 3826 πλη-

412 3850 528 3909 σίον
578 3850 746 3907 αὑτοῦ
784 3849 1120 3920 φυλάξασθε,
1153 3849 1247 3903 καὶ
1286 3849 1372 3902 ἐπ’
1397 3846 1646 3918 ἀδελφοῖς
1694 3847 1874 3907 αὐτῶν
1924 3846 2000 3918 μὴ

412 3941 736 4005 πεποίθατε,
769 3943 852 3995 ὅτι
899 3943 1007 4005 πᾶς
1048 3941 1280 4011 ἀδελφὸς
1329 3941 1539 4014 πτέρνῃ
1583 3941 1830 4011 πτερνιεῖ
1854 3980 1868 3999 .
1906 3939 2001 3992 καὶ

410 4034 519 4097 πᾶς
550 4033 703 4102 φίλος
729 4033 920 4097 δολίως
944 4035 1261 4104 πορεύεται,
1291 4032 1523 4096 ἕκαστος
1548 4032 1691 4086 κατὰ
1719 4030 1816 4084 τοῦ
1844 4029 1999 4100 φίλου

411 4125 578 4179 αὐτοῦ
629 4127 925 4201 πορεύεται
979 4124 1470 4199 κατεπαιρόμενος,
1497 4123 1758 4197 ἀλήθειαν
1804 4124 1865 4177 οὐ
1924 4122 2000 4198 μὴ

408 4216 699 4291 Ααλήσωσι.
727 4239 747 4272 i

484 4313 568 4366 Οὐ
599 4311 942 4380 φοιὸἠσετε.
980 4310 1072 4376 Ἐξ
1118 4310 1440 4387 Ἑλληνικῆς
1476 4310 1768 4381 συνηθείας
1797 4313 1831 4384 ἡ
1858 4312 2000 4379 λέξις

413 4406 822 4468 παρέσπασται.
842 4403 1161 4459 Ἀπόλλωνα
1179 4404 1288 4476 γάρ
1309 4420 1433 4458 τινα
1476 4403 1831 4475 μυθολογοῦσι
1855 4404 1998 4471 θεὸν,

410 4495 502 4549 τδν
532 4496 694 4552 αὑτὸν
722 4491 862 4550 εἶναι
883 4495 1136 4564 λέγοντες
1162 4494 1239 4566 τῷ
1268 4495 1424 4570 ἡλίῳ,
1448 4495 1506 4548 ὃν
1538 4512 1645 4571 περ
1670 4496 1999 4567 ὀνομάζουσι

409 4584 621 4653 Φοῖϐον,
655 4586 746 4639 τὸν
779 4585 1020 4657 καθαρὸν
1042 4585 1205 4658 δῆθεν
1236 4587 1615 4659 σημαίνοντες.
1652 4587 1816 4656 Δηλοϊ
1845 4581 1940 4642 οὖν
1960 4588 1993 4656 ἡ

408 4676 555 4744 λέξις
588 4677 651 4731 τὸ
686 4675 762 4748 μὴ
793 4675 1306 4750 περικαθαίρεσθαι.
1338 4678 1415 4731 Οὐ
1446 4678 1551 4751 γὰρ
1599 4674 1707 4732 οἶδε
1743 4676 1995 4749 σώματος

408 4768 693 4845 καθαρμὸς
729 4768 1041 4841 μολυσμους
1067 4768 1327 4840 ἀπονίψαι
1352 4770 1551 4843 ψυχῆς.
1585 4770 1699 4843 Τὴν
1735 4771 1910 4844 ἀρχὴν
1938 4772 1999 4826 δὲ

411 4861 665 4930 μολύνειν
694 4861 815 4923 οὐκ
841 4856 952 4919 οἶδε
997 4862 1212 4934 νεκρὸς,
1250 4861 1283 4933 ἢ
1313 4860 1478 4933 λεχὼ,
1510 4863 1606 4918 καὶ
1637 4864 1707 4921 τὰ
1746 4850 1993 4921 τοιαῦτα.

406 4952 543 5012 θεοῦ
573 4952 630 5009 δὲ
659 4953 823 5025 μόνου
854 4954 1227 5025 περικαθᾶραι
1256 4953 1435 5026 ψυχὴν
1454 4996 1470 5020 ,
1500 4952 1695 5024 ἄφεσίν
1728 4971 1789 5009 τε
1812 4952 1997 5013 δοῦναι

411 5043 1006 5115 πλημμελημάτων.“0
1057 5046 1360 5115 πεποίηκεν
1391 5049 1420 5099 ὁ
1452 5046 1709 5117 Χριστὸς,
1743 5046 1804 5100 τὸ
1854 5045 1998 5103 θεῖον

406 5136 541 5205 ἡμῖν
568 5136 959 5208 δωρησάμενος
995 5135 1523 5208 βάπτισμα.”Ωσπερ
1555 5136 1664 5206 γὰρ
1716 5137 1879 5208 νόμον
1911 5153 1997 5201 τις

407 5228 664 5300 παραϐὰς
690 5230 979 5302 κοσμικὸν,
1008 5231 1111 5287 οὐκ
1155 5230 1222 5284 ἂν
1249 5229 1412 5299 φύγοι
1442 5229 1538 5301 τὴν
1572 5228 1751 5300 δίκην,
1791 5228 1865 5300 μὴ
1896 5228 1995 5299 βα-

406 5321 605 5385 σιλέως
659 5322 872 5394 ἡμέρου
918 5322 1292 5395 χαρισαμένου
1342 5322 1441 5393 τὴν
1480 5323 1710 5392 ἄφεσιν·
1737 5320 1880 5379 οὕτω
1911 5338 1996 5384 τις

2105 3394 2252 3449 enim
2285 3394 2509 3460 violata.
2541 3396 2722 3452 valeat
2755 3408 2975 3463 natura,
3006 3399 3186 3455 valeat
3209 3403 3484 3470 cognatio.
3522 3403 3696 3471 Quale

2102 3496 2157 3541 et
2188 3485 2499 3544 Servatoris
2554 3488 2688 3547 illud
2720 3482 2856 3547 est:
2900 3508 2918 3546 ι
2950 3488 3051 3559 Qui
3105 3505 3313 3560 patrem
3360 3510 3425 3550 ac
3465 3504 3691 3549 matrem

2105 3581 2342 3649 amplius
2396 3597 2482 3640 me
2534 3582 2735 3654 diligit.
2775 3599 2884 3638 non
2937 3599 3023 3639 me
3065 3585 3265 3656 dignus
3315 3588 3461 3644 cst".
3494 3606 3511 3639 ι
3563 3586 3695 3642 Tale

2104 3671 2267 3727 etiam
2299 3672 2403 3728 hoc
2430 3672 2683 3729 Jcremite
2710 3686 2794 3730 est
2825 3694 2838 3729 :
2868 3695 2886 3731 ι
2918 3678 2958 3729 Δ
2987 3680 3239 3747 proximo
3273 3695 3375 3734 suo
3406 3680 3511 3735 sibi
3539 3682 3695 3752 quis-

2103 3776 2211 3833 que
2241 3772 2432 3818 caveat
2459 3803 2473 3826 .
2502 3777 2562 3820 et
2593 3767 2647 3819 in
2680 3765 2949 3824 fratribus
2982 3771 3100 3824 suis
3135 3786 3242 3825 non
3288 3771 3545 3829 ﬁduciam
3576 3778 3693 3828 col-

2105 3849 2267 3905 locet.
2309 3852 2581 3921 Quoniam
2619 3854 2798 3911 oumis
2837 3855 3006 3913 frater
3060 3860 3512 3929 supplantatioue
3561 3879 3693 3933 ευμ-

2102 3941 2411 4013 plantabit,
2444 3955 2498 3998 ct
2546 3947 2728 4004 omnis
2774 3948 2987 4008 amicus
3037 3948 3417 4012 fraudulenter
3467 3954 3688 4008 incedit.

2103 4032 2349 4104 Quisque
2404 4036 2656 4105 proximo
2702 4054 2804 4093 suo
2840 4040 3083 4111 illudut,
3112 4043 3400 4101 veritatem
3452 4061 3563 4101 non
3614 4048 3693 4100 lo-

2102 4128 2401 4196 quentur“.
2435 4147 2452 4180 ι
2484 4129 2548 4182 lit
2579 4139 2703 4202 post
2737 4131 2843 4189 alia
2871 4134 3054 4193 denuo
3090 4136 3282 4190 eadem
3320 4137 3476 4194 dicit.

2175 4303 2260 4358 Ne
2283 4306 2519 4381 purgatis
2552 4324 2662 4364 res.
2699 4306 2864 4382 μιν,
2896 4309 2970 4389 1.]
3012 4309 3086 4365 Ex
3112 4310 3428 4369 Gratcorum
3456 4330 3693 4371 consuc-

2104 4399 2297 4455 tuiline
2325 4416 2426 4455 vox
2463 4401 2578 4456 haec
2612 4403 2867 4460 traducta
2888 4412 2991 4459 est.
3014 4404 3326 4475 Apollinem
3353 4408 3500 4473 enim
3527 4408 3690 4464 deum

2100 4488 2391 4558 quemdam
2414 4505 2537 4547 esse
2562 4489 2902 4557 fabulantur,
2922 4512 3083 4564 quem
3108 4497 3359 4552 eumdem
3385 4498 3554 4553 solem
3572 4515 3694 4555 esse

2100 4580 2311 4641 dicunt,
2342 4580 2515 4648 Quem
2564 4583 2786 4652 quidem
2834 4582 3109 4641 Plitebum
3144 4588 3454 4655 nominant,
3492 4607 3693 4660 purum

2103 4673 2360 4729 videlicet
2384 4690 2506 4730 esse
2540 4676 2872 4736 indicantes.
2906 4677 3184 4740 Iudicatur
3216 4681 3386 4752 igitur
3412 4676 3513 4737 hac
3538 4698 3690 4748 voce,

2102 4782 2170 4825 ne
2207 4782 2330 4823 sese
2380 4767 2646 4825 deftecent
2694 4784 2761 4825 ac
2810 4771 3137 4844 depurgent,
3166 4772 3491 4832 Pnriiicatio
3542 4777 3691 4830 enim

2101 4858 2352 4932 corporis
2409 4860 2559 4916 Iabes
2611 4861 2782 4919 animi
2837 4866 3016 4921 nescit
3076 4865 3323 4924 abluere.
3375 4864 3692 4936 Principeui

2100 4967 2233 5009 vero
2266 4952 2506 5008 hominis
2537 4962 2749 5025 partem
2774 4993 2791 5018 ,
2825 4955 3088 5023 cadaver,
3125 4967 3220 5010 aut
3250 4971 3524 5027 puerpera
3549 4995 3565 5018 ,
3597 4966 3693 5007 aut

2102 5043 2206 5098 alia
2240 5043 2556 5114 liujusmodi
2579 5060 2689 5101 non
2715 5056 2951 5115 possunt
2987 5048 3388 5104 contaminare.
3422 5044 3690 5101 Caeterum

2104 5134 2278 5191 solius
2306 5133 2402 5188 Dei
2430 5144 2519 5189 est
2557 5150 2793 5206 purgare
2821 5135 3065 5195 animum
3095 5150 3159 5189 ac
3189 5136 3403 5189 veniam
3436 5134 3568 5187 dare
3596 5134 3694 5186 dc-

2104 5226 2378 5281 lictorum.
2413 5224 2569 5292 Quod
2605 5225 2866 5282 Christus
2915 5224 3049 5311 iecit
3094 5225 3332 5281 divinam
3375 5238 3499 5280 cum
3532 5225 3694 5279 nobis

2109 5318 2432 5374 tinctionein
2494 5318 2742 5384 donavit.
2775 5317 3253 5385 Quemadmodum
3286 5318 3433 5375 enim
3485 5317 3533 5373 si
3563 5318 3692 5389 quis

476 5501 498 5571 ξ
538 5498 668 5571 Sap.
701 5514 739 5563 I,
771 5499 950 5571 Ηςιι.
981 5498 1071 5555 2-1,
1150 5501 1171 5531 ³
1209 5498 1402 5559 Matth.
1471 5498 1649 5567 1,18.
1726 5498 1748 5529 ⁸
1785 5494 1995 5553 Joau.v

2106 5497 2157 5553 0.
2238 5495 2398 5555 “Act.
2431 5512 2543 5561 xvi,
2583 5494 2671 5552 17.
2745 5496 2767 5528 ⁸
2806 5494 3055 5563 Marcav,
3089 5495 3179 5552 59.
3258 5493 3692 5567 'Mattli.x,57.

404 5569 430 5601 ³
464 5568 668 5635 Jereii).
699 5585 778 5636 Ix,
804 5571 860 5633 4,
896 5570 949 5629 5,

1928 5682 2163 5739 ΝΟΤιλΕ.

466 5780 715 5851 -(93)”1σ.
747 5781 863 5852 καί..
900 5778 958 5835 '0
977 5780 1032 5832 δὲ
1057 5781 1155 5850 τῆς
1190 5780 1328 5849 Λύγ.
1366 5778 1498 5838 κὼδ,
1534 5778 1790 5834 Τοιοῦτον
1839 5778 1935 5831 καὶ
1968 5766 2027 5832 τὸ
2082 5775 2372 5850 Ἱερεμίου,
2395 5773 2691 5843 Ἕκαστος,
2714 5788 2805 5831 κτ.
