4010 6230
467 406 567 474 9!]

1811 410 2169 470 PROCOPII
2209 412 2452 472 G.\Z.-El

3606 416 3694 483 912

468 534 851 593 transgressus
902 519 1067 587 legem
1121 517 1414 570 humanam
1457 515 1672 583 fuisset,
1701 531 1919 588 pmnam
1951 534 2048 570 nou

2164 520 2405 590 προσιὼν
2437 521 2514 592 τῷ
2545 523 2704 592 φύσει
2735 525 2854 597 Θεῷ
2873 567 2889 593 ,
2934 526 3224 582 ἀκούσεται
3256 526 3512 595 λέγοντος.
3543 548 3559 580 ι
3579 529 3688 596 Ἐξιι

469 615 735 686 eﬂ‘ugct'it,
767 613 818 666 ni
871 628 960 664 rex
997 620 1320 663 mansuetus
1354 609 1732 664 remissionem
1769 609 2043 664 contulis-

374 705 391 760 Ξ
464 718 569 770 set,
599 706 672 757 ita
709 706 752 758 si
803 705 926 772 quis
964 700 1260 754 accesserit
1311 699 1375 752 ad
1409 707 1605 754 natura
1635 699 1827 767 Deum,
1861 703 2046 758 audiet

379 791 389 809 “
464 814 585 852 cum
641 796 824 850 dicere
864 812 878 849 :
919 813 936 844 ‹
974 791 1084 863 Ego
1139 807 1257 846 sum
1321 793 1415 863 qui
1474 793 1675 848 induco
1732 793 2048 865 iniquitates

463 879 706 951 vestras,
745 902 844 940 nec
901 901 1138 954 unquam
1199 884 1592 940 recordabor’.
1629 905 1645 937 ι
1685 884 1826 950 Quid
1881 887 2048 958 igitur

380 965 384 973 ’
463 980 530 1034 de
577 979 1052 1050 puriﬁcatiouibus
1105 978 1160 1032 in
1209 977 1324 1048 lege
1375 978 1695 1034 constitutis
1751 977 2048 1033 dicemus?

463 1072 710 1127 Primum
742 1071 964 1142 quident
1001 1085 1112 1140 pra:
1144 1085 1204 1126 se
1237 1071 1467 1142 ﬁguram
1503 1071 1904 1140 purificationis
1932 1086 2050 1128 me-

2151 612 2266 680 εἰμι
2291 615 2320 664 ὁ
2351 613 2652 682 ὲξαλείφων
2695 616 2809 679 τὰς.
2839 619 3070 688 ἀνομίας
3101 636 3216 680 σου,
3246 618 3338 670 καὶ
3378 619 3436 670 οὐ
3482 619 3550 690 μὴ
3585 638 3697 691 μνη-

2155 703 2448 774 σθήσομαι.
2487 725 2504 758 ι
2543 706 2606 759 Τί
2639 705 2730 760 οὖν
2775 711 3011 782 ἐροῦμεν
3060 711 3187 780 περὶ
3235 709 3340 761 τῶν
3384 713 3518 765 κατὰ
3560 713 3700 782 νόμον

2119 791 2512 864 ¹καθὰρπεων;
2564 799 2788 870 Πρῶτον
2839 801 2960 870 μὲν,
3009 801 3179 854 τύπον
3233 797 3373 856 εἶναι
3415 801 3700 873 καθάρσεως

2159 887 2466 957 κρείττονος
2485 909 2498 922 ’
2533 889 2615 944 ἔτι
2645 893 2702 946 δὲ
2727 893 3008 966 διαφέρειν
3051 895 3159 948 τῶν
3192 894 3512 964 Ἑλληνικῶν
3533 935 3548 958 ,
3580 895 3700 950 αἴτι-

2148 995 2236 1040 νες
2266 981 2383 1048 μετ’
2411 983 2634 1051 ἐπῳδῶν
2657 985 2900 1054 ἐγίνοντο
2927 984 3072 1040 ἅλῶν
3105 1004 3187 1051 τε,
3227 988 3320 1040 καὶ
3354 987 3570 1058 δάφνης.
3599 1005 3702 1056 κρι-

2147 1070 2246 1142 θῆς
2291 1090 2352 1126 τε
2395 1078 2490 1129 καὶ
2520 1075 2838 1148 Θαλάσσης,
2869 1079 2966 1134 καὶ
3008 1079 3246 1148 παρόδου
3276 1078 3366 1132 διὰ
3396 1079 3578 1148 πυρός.
3593 1081 3703 1148 Ἐφ’

465 1167 617 1222 lioris
665 1165 830 1221 ferre.
879 1164 1108 1234 Insuper
1155 1179 1286 1218 vero
1336 1179 1367 1218 a
1415 1163 1753 1218 Graecanicis
1804 1162 2046 1232 differre,

2152 1157 2224 1218 ὧν
2273 1167 2480 1238 κυρίως
2528 1169 2610 1236 τὸ,
2640 1169 2986 1240 φοιϐήσετε.
3021 1170 3136 1238 Τῆς
3157 1171 3264 1243 γὰρ
3299 1169 3707 1242 εἰδωλολατρείας

463 1259 608 1330 quod
647 1275 724 1314 ea:
758 1273 884 1312 cum
923 1255 1420 1318 incantationibus,
1451 1255 1688 1319 salibus,
1721 1256 1897 1322 lauro,
1923 1257 2051 1310 hor-
2145 1256 2208 1309 τὸ
2237 1256 2461 1328 χρῆμα.

464 1353 590 1415 deo,
623 1349 761 1406 mari
793 1357 848 1404 et
877 1347 1200 1403 transitione
1240 1346 1420 1420 442
1463 1362 1558 1418 per
1591 1347 1772 1418 ignem
1806 1348 1925 1402 ﬁeri
1984 1345 2253 1403 solebant.
2326 1349 2400 1406 De
2471 1352 2672 1423 quibus
2723 1368 2945 1425 proprie
3023 1353 3314 1426 φοιῦήσετε
3361 1353 3572 1410 dicitur.
3623 1355 3709 1408 let

463 1444 612 1499 enim
651 1442 977 1498 idololatria:
1007 1441 1164 1510 plena
1194 1451 1298 1496 est.

537 1623 802 1690 Quoniam
832 1638 935 1676 non
965 1629 1043 1676 est
1073 1621 1129 1674 in
1158 1628 1205 1674 te
1239 1635 1462 1691 pauper.
1499 1619 1640 1693 μιν,
1665 1619 1744 1689 4.]
1787 1620 1902 1676 lloc
1933 1625 2096 1678 etiam
2130 1622 2307 1678 Lucas
2337 1624 2391 1677 in
2423 1623 2578 1678 Actis
2603 1622 2806 1678 habet:
2839 1641 2862 1675 ς
2893 1621 2955 1676 Et
2987 1619 3163 1692 gratia
3201 1627 3324 1674 erat
3353 1634 3513 1690 super
3541 1633 3710 1674 omnes

463 1728 597 1778 eos;
637 1728 815 1780 neque
845 1711 992 1767 enim
1027 1724 1236 1780 panper
1267 1711 1568 1780 quisquam
1601 1719 1721 1766 erat
1757 1713 1900 1766 inter
1928 1713 2104 1778 eos”,
2136 1729 2156 1763 ι
2195 1712 2372 1767 dehis
2402 1712 2495 1782 qui
2527 1705 2875 1766 crediderant
2915 1709 3166 1778 loquens.
3200 1707 3458 1776 Praecipit
3489 1721 3610 1761 vero
3641 1707 3711 1759 lex

465 1816 494 1855 a
525 1801 812 1870 peregrino
846 1798 1070 1870 exigere
1097 1812 1192 1852 seu
1223 1797 1499 1867 appellare
1531 1797 1748 1864 debita,
1781 1805 1837 1852 at
1885 1797 2102 1855 civibus
2134 1801 2367 1870 benigne
2399 1799 2784 1855 remissionem
2819 1797 3006 1872 largiri
3039 1811 3183 1851 anno
3213 1797 3451 1866 septimo
3472 1838 3485 1862 ,
3513 1795 3600 1865 qui
3637 1809 3710 1846 re-

459 1889 749 1944 volutionc
801 1902 897 1943 sua
947 1887 1211 1942 instantis
1263 1885 1450 1942 saeculi
1504 1887 2035 1940 consummationem
2065 1889 2360 1957 significat.
2391 1888 2491 1944 Cui
2529 1890 2706 1944 vicina
2743 1889 2920 1943 octavi
2953 1886 3062 1941 diei
3091 1885 3434 1941 resurrectio
3453 1893 3537 1940 est
3563 1923 3578 1944 .
3621 1897 3713 1952 qua

462 1977 720 2032 Christus
775 1977 1099 2031 incarnatus
1151 1975 1476 2030 domesticis
1525 1973 1748 2042 quidem
1801 1973 1918 2030 suis
1955 1973 2075 2029 ﬁdei
2105 1974 2290 2030 debita
2340 1977 2550 2032 remisit
2586 1993 2600 2031 :
2634 1976 2885 2032 infideles
2917 1989 3048 2030 vero
3083 1988 3205 2030 reos
3233 1973 3544 2029 constituit.
3579 1970 3714 2026 Unde

464 2081 601 2121 sane
635 2064 928 2135 discipulis
955 2063 1074 2118 suis
1100 2062 1240 2117 dixit
1266 2080 1279 2116 :
1321 2079 1340 2114 ι
1371 2061 1442 2116 Ut
1473 2062 1520 2116 si
1553 2062 1902 2133 perstiteritis
1935 2062 1988 2116 in
2023 2062 2189 2117 verbo
2221 2077 2342 2117 meo
2362 2104 2377 2128 ,
2413 2065 2704 2119 veritatem
2741 2061 3090 2135 cognoscatis
3112 2099 3129 2125 ,
3158 2068 3214 2116 et
3243 2063 3449 2116 veritas
3479 2073 3570 2114 vos
3596 2057 3711 2112 hbe-

464 2153 633 2208 ret“.
665 2170 685 2204 ι
739 2151 948 2206 Alienis
999 2165 1130 2205 vero
1180 2149 1367 2203 dixit:
1407 2167 1425 2201 ι
1461 2150 1518 2202 Si
1578 2165 1685 2204 non
1731 2148 2074 2205 credideritis
2117 2151 2266 2221 quod
2318 2166 2420 2221 ego
2459 2168 2606 2218 sum,
2641 2153 2696 2206 in
2749 2154 2990 2222 peccatis
3017 2149 3216 2206 vestris
3248 2145 3666 2204 oceumbetis“.
3695 2163 3711 2192 ο

463 2241 740 2308 Quocirca
773 2239 1134 2310 pecuniarum
1163 2237 1509 2292 debitoribus
1541 2251 1644 2292 nos
1674 2247 1978 2308 comparat,
2003 2247 2058 2292 et
2081 2237 2135 2292 in
2165 2240 2483 2309 precatione
2511 2254 2612 2294 sua
2636 2239 2946 2296 debitorum
2979 2237 3370 2294 remissionem
3405 2244 3581 2306 petere
3605 2233 3716 2286 hor-

465 2339 633 2384 talnr.
2693 2324 2704 2331 ’

540 2415 719 2487 Neque
749 2413 1094 2468 contristetur
1121 2427 1214 2466 cor
1241 2423 1388 2466 tuum
1419 2412 1466 2466 si
1499 2413 1545 2466 ei
1575 2409 1805 2466 dederis.
1846 2411 1966 2485 [7.]
2009 2412 2100 2469 Sic
2140 2429 2360 2485 quoque
2388 2413 2444 2470 in
2479 2415 2720 2471 secunda
2751 2413 2819 2471 ad
2853 2413 3172 2470 Corinthios
3199 2412 3497 2484 Apostolus
3523 2431 3534 2465 :
3566 2430 3582 2462 ι
3609 2407 3711 2463 Non

463 2521 587 2558 cum
623 2502 907 2568 nia-stitia,
937 2509 1030 2555 aut
1061 2508 1270 2564 coacte,
1303 2500 1530 2554 hilarem
1565 2499 1710 2553 enim
1740 2500 1986 2555 datorem
2019 2513 2168 2557 amat
2197 2503 2339 2560 Deus
2362 2505 2426 2558 ³³.
2461 2523 2479 2556 ι

470 2627 482 2637 ι
537 2591 738 2650 Set-vict
772 2590 868 2643 tibi
893 2581 1194 2642 srx‘annis.
1229 2583 1369 2659 [12.]
1409 2588 1548 2640 Ante
1573 2587 1882 2642 Servatoris
1909 2590 2201 2645 adventum
2232 2593 2334 2664 legi
2366 2593 2651 2649 servitutis
2696 2581 2865 2648 Israel
2900 2593 3167 2650 astrictus
3193 2637 3206 2656 .
3237 2605 3405 2667 atque
3440 2593 3540 2649 sub
3567 2589 3716 2643 disci-

463 2681 612 2750 plina
644 2685 783 2732 erat.
813 2676 1118 2734 Postremis
1149 2691 1278 2731 vero
1325 2676 1670 2746 temporibus
1695 2717 1710 2740 ,
1759 2691 1883 2729 cum
1929 2676 2326 2736 humanitatem
2367 2683 2697 2746 ascivisset,
2740 2683 3022 2738 servitutis
3056 2683 3290 2753 spiritus
3339 2694 3425 2739 est
3463 2682 3713 2741 sublatus,

465 2777 774 2838 sponteque
806 2777 862 2822 et
892 2767 1066 2838 gratis
1099 2766 1152 2819 in
1183 2765 1325 2820 ﬁlios
1359 2772 1490 2820 sunt
1535 2764 1798 2834 adoptati.
1837 2763 1960 2820 Non
2007 2768 2152 2822 enint
2195 2769 2328 2838 legis
2371 2787 2625 2842 operum,
2653 2771 2748 2826 sed
2787 2771 2911 2825 ﬁdei
2948 2771 3151 2824 viatico
3199 2780 3430 2842 accepto
3465 2770 3713 2824 victimam

465 2855 876 2910 immaculatam
929 2857 998 2908 ab
1051 2853 1250 2908 ovibus
1303 2859 1644 2916 extractam,
1673 2865 1830 2907 ovem
1855 2893 1870 2916 ,
1904 2854 2163 2921 inquam,
2198 2857 2265 2912 ad
2297 2859 2570 2914 lanienam
2606 2858 2781 2914 nostri
2813 2859 2990 2928 gratia
3039 2857 3356 2913 adductam.
3388 2857 3715 2912 Frumentqu

467 2949 619 3010 item,
659 2960 724 3000 ac
755 2947 941 3000 viuum
964 2983 980 3008 ,
1017 2951 1266 2997 sanctam
1296 2943 1470 3012 ipsius
1504 2957 1726 2997 carnem
1761 2951 1815 2998 ct
1849 2944 2207 3014 sanguinem,
2241 2946 2487 3015 adeoque
2525 2961 2622 3016 per
2654 2947 2771 3016 ipsa
2803 2946 3110 3002 libertatem
3146 2947 3389 3002 assecuti
3421 2959 3624 3001 sumus.

535 3052 691 3121 Quod
725 3053 770 3108 si
801 3068 933 3108 vero
966 3053 1080 3124 lege
1110 3052 1383 3107 carnalem
1416 3051 1637 3106 fratrem
1667 3053 1906 3108 libertati
1940 3052 2042 3108 do-

2216 3058 2277 3112 Εἰ
2313 3057 2370 3111 δὲ
2415 3058 2560 3113 κατὰ
2595 3057 2760 3129 νόμον
2799 3058 2894 3112 τὸν
2959 3057 3279 3128 σωματικὸν
3320 3057 3544 3127 ἀδελφδν
3571 3072 3720 3126 προσ⁴

458 3143 995 3198 ιιυγθνροηιοοιιίρικιι
1017 3184 1031 3208 ,
1065 3151 1274 3212 quanto
1305 3142 1478 3212 magis
1513 3142 1859 3212 spiritualem
1892 3145 2051 3199 nobis

465 3236 762 3290 convertit?
792 3234 868 3289 Ac
902 3249 1028 3288 cum
1070 3233 1385 3304 hujusmodi
1421 3241 1678 3303 tanquam
1708 3248 1832 3287 cum
1867 3233 2051 3291 liberis

467 3327 783 3383 conversari
811 3334 1061 3397 oportet,
1103 3341 1167 3379 ac
1204 3326 1325 3380 illos
1359 3323 1604 3381 Dominis
1635 3327 1752 3381 suis
1787 3337 2050 3398 tanquam

465 3420 866 3476 amantissimis
899 3417 1102 3482 favere,
1141 3418 1294 3472 nullo
1328 3417 1614 3473 servitutls
1645 3418 1855 3488 pudore
1897 3419 2046 3486 duci,

465 3513 833 3578 virtutemque
879 3507 936 3562 in
989 3508 1184 3577 primis
1211 3508 1557 3571 consectari,
1585 3508 2046 3578 quemadmodum

467 3603 716 3656 fecerunt
765 3600 800 3654 ii
842 3614 982 3670 quos
1031 3599 1296 3656 absolutae
1341 3600 1579 3655 libertati
1613 3601 1859 3656 melioris
1906 3609 2049 3657 notat

469 3691 718 3746 homines
749 3690 1130 3746 reddiderunt.
1167 3687 1334 3744 Juxta
1373 3689 1508 3744 illud
1536 3707 1550 3744 :
1577 3707 1598 3742 ς
1633 3688 1888 3746 Liberum
1919 3707 2043 3747 eum

467 3799 498 3836 a
533 3795 584 3838 te
607 3783 871 3848 dimittes,
903 3801 922 3834 ι
952 3798 1062 3836 non
1093 3781 1160 3837 ad
1193 3789 1409 3852 tempus
1432 3779 1760 3852 praeﬁnitum
1807 3783 2048 3854 aliquod,

469 3873 696 3942 spiritus
727 3873 873 3928 enim
905 3872 1054 3926 omni
1085 3879 1330 3943 tempore
1378 3880 1464 3928 est
1516 3872 1791 3942 superior.
1823 3877 1903 3928 Ac
1935 3877 2050 3944 spi-

2156 3149 2294 3220 ῆκεν
2323 3147 2662 3220 ἐλευθεροῦν,
2699 3146 2848 3219 πόσῳ
2882 3165 2944 3217 γε
2978 3150 3070 3202 τὸν
3114 3149 3261 3203 κατὰ
3293 3149 3512 3220 πνεῦμα
3541 3146 3714 3218 μᾶλλον

2157 3244 2289 3314 ἡμῖν
2312 3260 2328 3309 ;
2361 3243 2468 3294 Καὶ
2515 3241 2597 3296 δεῖ
2638 3243 2753 3305 τοῖς
2796 3241 3060 3306 τοιούτοις
3091 3241 3166 3306 ὡς
3199 3243 3516 3312 ἐλευθέροις
3563 3240 3716 3294 συνεῖ-

2157 3351 2266 3399 ναι,
2293 3333 2581 3398 κάκείνους
2605 3333 2681 3399 ὠς
2709 3335 3016 3406 ἀγαπητοῖς
3051 3333 3262 3387 εὐνοεῖν
3287 3336 3401 3397 τοῖς
3432 3333 3711 3390 δεσπόταις,

2161 3424 2236 3496 μὴ
2264 3424 2324 3478 τὸ
2352 3424 2539 3478 δοῦλον
2568 3425 3021 3498 αἰσχυνομένους,
3051 3424 3254 3496 ἀρετὴν
3279 3425 3337 3478 δὲ
3369 3424 3648 3486 διώκοντας
3667 3422 3716 3472 ὲν

2153 3509 2306 3587 ᾧπερ
2330 3515 2519 3587 ἔτυχον
2553 3518 2817 3588 σχήματι.
2849 3516 2954 3581 Οὓς
2974 3517 3024 3569 οἱ
3049 3517 3276 3581 τελείως
3306 3515 3712 3587 ἐλευθεροῦντες,

2155 3607 2442 3678 ἀμεινους,
2475 3607 2613 3662 κατὰ
2647 3608 2707 3663 τὸ
2727 3649 2742 3673 ,
2780 3629 2798 3661 ι
2826 3610 3238 3676 Ἐξαποστελετς
3270 3611 3432 3664 αὑτὸν
3459 3608 3714 3677 ἐλεύθερον

2155 3699 2265 3752 ἀπὸ
2299 3699 2417 3766 σοῦ,
2453 3719 2472 3752 ι
2508 3701 2609 3754 οὐκ
2636 3701 2694 3754 ὲν
2718 3701 3010 3772 ὡρισμένῳ
3035 3702 3143 3755 τινὶ
3172 3703 3371 3774 χρόνῳ.
3403 3702 3602 3772 Χρόνου
3625 3701 3716 3764 γὰρ

2157 3795 2403 3864 κρεῖττον
2422 3792 2484 3847 τὸ
2505 3793 2896 3871 πνευματικὸν,
2915 3795 3010 3848 καὶ
3025 3795 3113 3849 ἀεὶ
3134 3795 3350 3860 τούτοις
3372 3795 3574 3865 ἑϐδόμη
3598 3792 3716 3858 παρ’

2158 3900 2308 3938 εστιν
2337 3885 2370 3957 ἡ
2401 3884 2494 3954 τοῦ
2525 3885 2729 3957 κόσμου
2761 3886 3064 3942 συντέλεια.

469 3967 760 4020 ritualibus
787 3963 1005 4036 quidem
1029 3979 1216 4020 annus
1246 3966 1530 4035 septimus,
1566 3964 1755 4022 mundi
1789 3980 2051 4021 consum-

469 4059 638 4112 matio
665 4071 883 4127 semper
903 4063 1110 4127 praesto
1127 4063 1242 4110 est.

541 4175 610 4230 Et
642 4175 940 4247 perforabis
968 4191 1152 4230 aurem
1173 4174 1288 4244 ejus
1313 4175 1382 4228 ad
1404 4177 1600 4230 ostium
1625 4177 1679 4230 in
1711 4176 1924 4242 limine,
1947 4188 1992 4232 et
2019 4183 2122 4234 erit
2149 4181 2386 4251 famulus
2419 4195 2540 4240 tuus
2573 4188 2627 4240 in
2657 4187 3060 4255 sempiternum,
3091 4194 3197 4240 etc.
3234 4182 3376 4258 [ll]
3417 4182 3715 4251 Quicunque

469 4277 598 4337 post
632 4271 982 4334 peccatorum
1018 4263 1403 4320 remissionem
1431 4263 1498 4318 ad
1531 4263 1804 4318 libertatis
1837 4266 2158 4336 dignitatem
2193 4273 2478 4340 pervenire
2519 4290 2626 4328 non
2649 4283 2983 4345 potuerunt,
3021 4289 3197 4344 neque
3221 4273 3446 4328 sincero
3475 4285 3594 4340 erga
3624 4264 3714 4318 Do-

473 4357 677 4408 tttittutu
707 4351 906 4408 affectu
945 4365 1136 4406 aurem
1161 4351 1652 4416 circumciderunt,
1681 4352 2040 4408 nihilominus
2072 4371 2200 4412 vero
2235 4359 2288 4412 in
2321 4359 2567 4416 inferiori
2596 4361 2914 4418 conditione
2951 4361 3056 4417 sub
3091 4359 3212 4430 ipso
3245 4359 3315 4414 ad
3351 4357 3551 4416 ostium
3578 4358 3629 4410 in
3660 4351 3714 4406 li-

471 4441 623 4496 mine
653 4457 778 4497 esse
806 4442 1038 4504 volunt,
1073 4454 1352 4510 nunquam
1382 4438 1528 4493 enim
1564 4454 1632 4495 ex
1665 4441 1922 4510 praesenti
1954 4439 2218 4498 servitute
2241 4447 2424 4515 egredi
2453 4457 2922 4518 praisumpserunt
2942 4487 2957 4511 ,
2991 4463 3182 4500 aurem
3215 4448 3417 4501 subula
3448 4443 3709 4515 perforano

471 4540 585 4584 tur.
625 4529 748 4598 Quo
779 4529 1049 4584 foramine
1077 4526 1262 4584 edocti
1292 4527 1429 4582 bene
1459 4529 1671 4584 servire
1701 4537 1958 4598 poterunt
1983 4568 1998 4593 ,
2043 4530 2218 4586 donec
2259 4533 2544 4590 servitutis
2572 4539 2756 4604 spatio
2785 4545 2982 4589 exacto
3001 4576 3017 4600 ,
3050 4535 3194 4588 inter
3238 4531 3604 4588 mercenaries
3627 4527 3710 4580 de-

473 4617 708 4690 scripti,
739 4617 808 4672 ad
839 4618 1075 4673 ﬁliorum
1107 4615 1432 4686 dignitatem
1461 4616 1674 4687 seipsos
1705 4617 2015 4672 intrudant.
2051 4618 2307 4677 Christus
2340 4623 2482 4678 enim
2531 4627 2702 4695 prima
2739 4625 2908 4693 ﬁgura
2947 4623 3148 4678 liberos
3185 4619 3352 4678 eﬂieit
3374 4663 3388 4688 ,
3444 4621 3629 4674 fratres
3665 4621 3711 4666 el

473 4711 682 4762 amicos
711 4705 1007 4761 vocitando
1041 4723 1057 4761 :
1092 4723 1112 4758 ι
1146 4703 1354 4760 Servus
1382 4705 1528 4759 enim
1565 4707 1762 4769 nescit,
1800 4707 2014 4775 inquit,
2051 4707 2385 4763 voluntatem
2423 4707 2633 4764 Domini
2669 4711 2751 4763 sui
2769 4711 2831 4762 “.
2868 4730 2886 4762 ι
2923 4708 3028 4776 Qui
3071 4723 3199 4762 vero
3230 4708 3444 4763 servire
3474 4703 3616 4774 cupit
3645 4700 3712 4752 in-

474 4791 722 4853 stituitur
753 4803 813 4850 ut
843 4794 1028 4850 dicere
1051 4793 1265 4866 possit:
1298 4811 1318 4844 σ
1352 4791 1650 4864 Disciplina
1683 4793 1896 4848 Domini
1931 4810 2097 4850 aures
2127 4811 2278 4851 meas
2302 4797 2554 4864 aperit“.
2592 4815 2609 4848 ι
2646 4793 2902 4852 Fortasse
2935 4791 3253 4851 vero'etiam
3289 4796 3440 4849 velut
3469 4794 3559 4862 qui
3587 4801 3709 4860 prat-

471 4893 656 4941 seutes
684 4897 774 4938 res
810 4882 934 4937 boui
966 4880 1353 4947 consuluerit,
1400 4883 1547 4936 auris
1575 4880 1890 4952 perforatur
1917 4923 1932 4948 ,
1982 4897 2051 4938 ne
2083 4883 2128 4936 si
2171 4883 2406 4937 naturali
2439 4891 2652 4938 tantum
2693 4882 2966 4938 foramine
2993 4896 3181 4938 vocem
3217 4882 3416 4946 audit,
3468 4873 3709 4934 libertatis

471 4971 782 5029 orationem
810 4970 1057 5042 excipiat
1083 4967 1403 5039 aliquando,
1435 4985 1558 5026 cum
1592 4971 1792 5040 dignus
1825 4986 1930 5026 non
1961 4971 2030 5026 sit
2055 4969 2353 5041 perfectam
2386 4971 2744 5038 auditionem,
2778 4985 2884 5041 qua
2923 4983 3212 5026 sermones
3244 4983 3482 5024 arcanos
3510 4962 3709 5021 haurire

477 5063 684 5134 possit,
714 5059 1028 5131 acquirere.
1064 5056 1278 5112 Iudicat
1309 5056 1456 5112 enim
1487 5057 1802 5128 huiusmodi
1841 5059 2123 5112 hominum
2153 5059 2379 5114 auribus
2418 5075 2702 5115 sermones
2737 5059 3089 5114 sublimiores
3123 5056 3405 5126 impertire
3434 5071 3538 5109 non
3565 5063 3706 5119 opor-

475 5165 610 5205 lt‘l'C.
641 5149 808 5204 Lacte
840 5148 982 5202 enim
1007 5159 1104 5201 eos
1131 5153 1344 5215 potare,
1369 5160 1478 5200 non
1503 5145 1729 5212 eduliis,
1753 5153 1998 5217 oportet,
2029 5148 2187 5217 juxta
2215 5146 2386 5201 illud:
2413 5165 2431 5198 ι
2454 5143 2531 5200 Ne
2561 5146 2870 5217 projiciatis
2898 5144 3226 5212 margaritas
3257 5151 3388 5199 ante
3416 5156 3602 5212 porcos
3621 5135 3701 5189 ⁸⁸.)

475 5240 648 5291 l'ttrrtt
677 5237 1075 5306 sempiternum
1111 5233 1385 5302 cujusque
1414 5232 1658 5288 hominis
1688 5235 1851 5286 vitam
1882 5245 2184 5303 nuncupat.
2215 5233 2388 5300 Quale
2417 5234 2547 5287 illud
2575 5233 2718 5304 apud
2751 5233 2980 5288 Paulum
3013 5241 3133 5297 est,
3174 5252 3192 5284 ι
3227 5231 3348 5286 Non
3389 5231 3704 5286 comedere"!

474 5341 670 5380 rartws
701 5326 756 5378 iu
787 5332 1077 5378 aeternum.
1106 5338 1126 5372 ι
1166 5318 1329 5374 Forte
1362 5334 1492 5374 vero
1523 5329 1739 5390 tempus
1769 5322 1899 5374 illud
1933 5321 2111 5375 innuit
2140 5338 2248 5392 quo
2270 5323 2337 5378 de
2368 5325 2632 5378 servitute
2667 5323 3025 5386 conveniunt,
3045 5336 3169 5376 eum
3203 5321 3350 5375 alius
3379 5327 3628 5374 aeternum
3657 5315 3704 5365 ei

475 5423 640 5466 vitam
668 5417 926 5481 supputet
954 5419 1172 5478 tempus
1205 5408 1336 5462 illud
1368 5422 1478 5478 quo
1503 5421 1534 5462 e
1566 5396 1930 5462 servitute'ad
1961 5423 2184 5478 operam
2220 5412 2617 5465 mercenariam
2653 5408 2894 5471 transiit,
2922 5418 2976 5464 et
3008 5409 3134 5463 inde
3164 5405 3231 5459 ad
3263 5405 3468 5460 filiatus
3489 5399 3699 5472 dignita-

469 5506 602 5556 tem.

546 5589 670 5642 Non
719 5591 906 5656 poterit
956 5589 1233 5644 immolare
1277 5588 1476 5657 pascha
1529 5589 1582 5642 in
1636 5588 1748 5642 ulla
1777 5589 2048 5642 civitatum

2229 5592 2311 5644 Οὐ
2337 5589 2577 5661 δυνήσῃ
2627 5590 2811 5645 θῦσαι
2842 5591 2909 5644 τὸ
2953 5589 3164 5660 πάσχα
3203 5588 3276 5641 ὲν
3319 5578 3559 5653 οὐδεμιᾷ
3601 5572 3702 5630 τῶν

1071 5795 1075 5798 -
1105 5767 1148 5796 ¹⁰
1189 5765 1307 5818 Aet.
1347 5781 1420 5823 tv.
1452 5765 1542 5819 54.

1079 5835 1120 5864 η
1159 5835 1348 5888 Matth.
1384 5853 1479 5896 vn.
1517 5841 1548 5889 υ

547 5763 568 5794 ⁸
612 5763 716 5832 Isa.
749 5778 900 5820 xuii.
934 5765 1024 5819 ‘25.
1071 5767 1148 5798 ·¹⁰
1189 5765 1307 5818 Aet.
1347 5781 1420 5823 tv.
1452 5765 1542 5819 5-1.
1630 5767 1668 5798 “
1711 5764 1870 5820 Joatt.
1900 5782 2016 5830 \‘ttt,

478 5828 521 5861 "
559 5831 703 5885 [‘sal.
747 5846 878 5886 xw.
907 5835 994 5886 56.
1079 5835 1120 5864 ¹¹⁸
1159 5835 1348 5886 Matth.
1384 5853 1479 5886 vn.
1517 5841 1548 5886 (ι

2220 5769 2260 5798 ¹¹
2302 5768 2432 5822 ibid.
2461 5769 2558 5824 9.5.
2633 5769 2674 5801 ¹³
2712 5768 2756 5822 ll
2793 5769 2918 5825 Cor.
2970 5789 3045 5837 ιιι,
3097 5772 3147 5825 7.
3225 5772 3271 5804 "
3308 5771 3476 5828 Joan.
3513 5774 3593 5821 ιν»
3623 5755 3693 5811 ίδο

605 5848 703 5885 sat.
747 5848 878 5894 xw,
908 5848 994 5888 at).
