4010 6230
407 384 513 451 913

1321 392 1861 457 COMMENTARII
1894 394 1976 456 IN
2020 391 2715 456 DEUTERONOMIUM.
2743 436 2755 451 .

3486 444 3493 449 .
3557 384 3665 449 91‘

406 496 640 551 πόλεών
670 513 807 553 σου.
850 494 943 565 Εἷς
969 500 1076 572 γὰρ
1108 501 1291 566 τόπος,
1326 504 1420 556 καὶ
1457 502 1555 573 μία
1585 504 1761 568 πόλις,
1804 506 1837 574 ἠ
1886 522 1984 557 κα-

2096 514 2329 564 tuarum,
2354 509 2459 557 etc.
2486 499 2654 574 (XVI,
2672 498 2755 572 5.]
2782 496 2991 554 Unicus
3016 497 3160 552 enim
3179 494 3335 550 locus
3355 502 3438 550 est
3462 502 3515 547 et
3537 495 3668 549 urbs

413 592 599 663 θολικὴ
642 594 957 665 Ἐκκλησία,
991 598 1025 667 ἡ
1058 598 1153 649 καὶ
1182 599 1445 669 νομίμους
1476 601 1676 671 ἔχουσα
1709 602 1838 663 τοὺς
1885 602 1995 670 ἱερ-

403 685 664 753 ουργοὺς,
701 685 815 739 ἀλλ’
863 687 957 755 οὐχ
1026 690 1238 753 ἑαυτοῖς
1282 692 1634 760 ἁρπάζοντας
1682 692 1779 763 τὴν
1824 692 1992 763 τιμὴν

406 778 549 829 κατὰ
586 778 711 841 τοὺς
741 780 1183 843 ἀποστατοῦντας
1215 784 1312 852 τῆς
1344 783 1689 856 Ἐκκλησῐας.
1718 785 1890 857 Οἴπερ
1917 785 1990 849 ὡς

404 868 599 938 ταῦροί
632 887 773 933 τινες
804 870 1058 941 ὑϐρισταὶ
1100 875 1236 942 πρὸς
1271 874 1330 926 τὸ
1364 876 1517 943 σφίσι
1547 874 1739 929 δοκοῦν
1782 875 1978 929 ῐενται.

406 958 557 1029 Αὕτη
589 960 764 1013 τοίνυν
798 963 831 1032 ἠ
866 963 1021 1027 πόλις
1060 965 1340 1035 ἐπιτηδεία
1387 967 1522 1037 μόνη
1564 967 1702 1038 προς
1752 967 1854 1038 τὴν
1891 967 1986 1020 τοῦ

406 1051 592 1122 πάσχα
628 1052 834 1106 θυσίαν.
871 1055 935 1107 Al
966 1055 1074 1126 γὰρ
1118 1056 1226 1109 τῶν
1257 1057 1521 1128 αἱρέσεων
1566 1060 1800 1132 μάνδραι
1843 1064 1985 1115 κατὰ

406 1142 567 1212 νόμον
595 1143 914 1215 ἀπόϐλητοι.

488 1322 579 1376 Ἐν
618 1336 719 1393 μεν
745 1321 838 1378 οῦν
875 1327 1138 1398 Αἰγύπτιε)
1182 1329 1334 1382 θύειν
1381 1331 1568 1394 αὐτοῖς
1615 1331 1775 1402 μόνον
1807 1348 1982 1404 προσ-

403 1414 664 1470 τέτακται
718 1415 809 1472 τδν
841 1419 1012 1488 ἀμνόν
1038 1435 1051 1448 ·
1091 1422 1148 1474 ἐν
1203 1421 1483 1492 Ἀριθμοῖς
1518 1423 1573 1478 δὲ
1622 1425 1717 1478 καὶ
1749 1424 1983 1480 ἐνταῦθα

405 1506 716 1578 προσέθηκε
751 1508 884 1579 βόας
913 1512 1011 1566 καὶ
1039 1512 1312 1583 πρόϐατα.

476 1596 570 1662 Τὸ,
611 1617 630 1649 s
661 1599 919 1670 Ἐψήσεις
946 1604 1041 1656 καὶ
1066 1604 1350 1672 ὀπτήσεις,
1378 1623 1398 1657 s
1436 1605 1498 1658 οὑ
1530 1608 1669 1677 πρὸς
1691 1606 1782 1659 τὸν
1814 1607 1986 1677 ἀμνὸν

2091 596 2274 659 unica,
2301 593 2652 657 universalis,
2681 593 2923 661 inquam,
2955 589 3219 653 Ecclesia,
3243 603 3364 660 quae
3398 586 3669 655 legitimos

2090 701 2310 755 quoque
2340 686 2620 741 sacrificus
2654 682 2814 759 M3
2857 683 3040 737 habet.
3078 679 3181 748 Qui
3224 695 3361 735 sane
3407 679 3669 733 honorem

2090 793 2199 843 non
2219 777 2323 832 sibi
2346 776 2626 845 rapiunt,q
2637 774 2960 830 uetnadinod
2972 788 3059 827 um
3084 773 3346 827 Ecclesia:
3360 770 3671 825 desertores

2090 863 2272 919 facere
2314 866 2515 929 solent,
2548 865 2643 934 qui
2676 873 2955 917 taurorum
2992 863 3354 933 quorumdam
3383 867 3670 914 contmna-

2092 960 2237 1015 cium
2271 960 2448 1014 instar
2480 960 2597 1015 suis
2628 959 2882 1014 feruntur
2906 957 3142 1024 placitis.
3181 954 3306 1010 Haec
3332 954 3499 1023 igitur
3528 951 3669 1008 civi-

2094 1057 2179 1105 tas
2226 1050 2341 1103 sola
2394 1050 2459 1104 ad
2512 1050 2790 1120 paschalis
2836 1048 3266 1103 immolationem
3313 1055 3396 1103 est
3449 1046 3666 1100 idonea.

2095 1140 2491 1197 [hereticorum
2523 1142 2667 1196 enim
2699 1140 2976 1212 speluncae
2997 1140 3154 1210 juxta
3180 1140 3349 1210 legem
3385 1137 3671 1210 repudian-

2094 1241 2204 1287 ltll'.

2162 1323 2217 1378 lu
2256 1324 2494 1397 Egypto
2523 1326 2706 1394 itaque
2734 1323 2911 1379 solum
2954 1338 3151 1394 agnum
3200 1331 3442 1378 mactare
3478 1324 3558 1379 eis
3582 1327 3670 1378 est

2090 1427 2447 1489 pra‘ccpluut.
2483 1417 2538 1473 In
2585 1418 2838 1474 Numeris
2873 1434 3003 1474 vero
3039 1426 3203 1489 atque
3258 1416 3346 1470 hic
3393 1416 3558 1471 boves
3613 1421 3670 1469 et

2090 1526 2223 1566 oves
2254 1512 2526 1582 apposuit.

2158 1603 2430 1658 Caeterum
2500 1603 2690 1674 illud,«
2725 1602 2939 1673 Coqnes
2987 1612 3041 1657 et
3094 1601 3378 1666 assabis,»
3436 1618 3545 1658 non
3600 1606 3670 1661 ad

402 1689 760 1745 ἀποδέδοται·
797 1693 941 1748 ὀπτά
972 1696 1085 1767 γὰρ
1126 1697 1288 1766 μόνον
1321 1698 1423 1769 ἔφη
1462 1699 1570 1753 δεῖν
1604 1700 1806 1753 ἐσθίειν
1840 1701 1984 1753 ἐκει-

2096 1710 2286 1764 agnum
2335 1703 2420 1750 est
2472 1695 2726 1759 relatum,
2774 1709 2930 1751 assas
2990 1694 3135 1750 enim
3169 1702 3378 1748 tantum
3431 1696 3500 1749 ab
3558 1696 3671 1752 illis

403 1798 527 1845 νους
550 1782 618 1835 τὰ
648 1784 783 1853 κρέα
803 1801 814 1813 ·
843 1786 980 1856 πρὸς
1005 1788 1063 1841 δὲ
1098 1788 1168 1842 τὰ
1199 1788 1364 1843 λοιπὰ
1397 1788 1464 1844 τὰ
1497 1790 1634 1859 μετά
1668 1792 1759 1844 τὸν
1790 1790 1981 1860 ἀμνὸν,

402 1875 500 1928 καὶ
538 1876 637 1940 τὰς
673 1877 1005 1943 ὑπολοίπους
1058 1881 1256 1945 θυσίας
1292 1883 1391 1947 τὰς
1445 1883 1749 1952 τηνικαῦτα
1814 1900 1980 1954 προσ-

401 1966 700 2037 αγομένας,
718 1973 799 2033 εἰς
827 1970 1000 2043 ιδικὴν
1028 1971 1234 2043 βρῶσιν
1268 1972 1525 2044 θυόμενα.

474 2143 628 2196 Οὐδὲ
653 2144 1094 2215 ὲπιγνώσονται
1128 2149 1476 2217 πρόσωπον.
1511 2150 1617 2202 Τὸν
1650 2150 1758 2222 γὰρ
1787 2153 1989 2224 κριτὴν

2092 1801 2290 1840 carnes
2323 1785 2689 1840 contedendas
2719 1801 2841 1840 esse
2888 1784 3088 1853 inquit,
3124 1801 3313 1847 verum
3370 1786 3435 1841 nd
3469 1797 3668 1844 caetera

2091 1891 2214 1945 quae
2260 1891 2383 1930 cum
2422 1891 2562 1944 agno
2609 1883 2663 1930 et
2699 1874 2928 1946 reliquis
2965 1875 3208 1937 victimis
3247 1883 3364 1929 tum
3407 1878 3672 1947 temporis

2093 1967 2273 2023 oblata
2338 1967 2789 2031 immolabantur,
2832 1966 3103 2036 epuloque
3149 1966 3367 2037 privato
3420 1966 3669 2024 destina-

2092 2061 2315 2115 bantur.

2162 2148 2346 2220 Neque
2386 2158 2671 2220 agnoscent
2718 2148 2932 2218 facient.
2965 2146 3214 2204 Judicem
3260 2148 3410 2205 enim
3462 2146 3666 2203 Christi

400 2236 672 2305 προσήκει
696 2238 867 2291 τύπον
889 2239 1086 2304 σώζειν
1110 2240 1370 2312 Χριστοῦ.

468 2325 579 2377 Kal
636 2328 1163 2395 λιθοϐολήσουσιν
1220 2334 1463 2400 αὐτούς.
1524 2333 1804 2397 ’Δσεόειας
1868 2333 1978 2408 γὰρ

2088 2244 2402 2315 exemplum
2432 2243 2729 2297 observare
2763 2242 3044 2296 convenit.

2162 2335 2229 2389 Et
2284 2334 2552 2404 lapidibus
2584 2334 2807 2388 obruent
2852 2349 2960 2388 eos.
3011 2331 3223 2405 [xvu,
3253 2328 3347 2405 5.]
3394 2332 3664 2402 Impietati

399 2418 796 2488 προκειμένης,
852 2421 947 2476 καὶ
984 2422 1051 2475 δι’
1093 2422 1353 2488 εὐσεϐοῦς
1397 2424 1764 2499 σκληρότητος
1814 2426 1979 2498 θερα-

2096 2430 2234 2485 enim
2280 2428 2585 2492 destinatae,
2616 2442 2682 2481 ac
2727 2441 2850 2497 quae
2902 2440 3000 2497 per
3043 2441 3162 2481 eam
3216 2425 3297 2492 ﬁt,
3350 2425 3669 2495 pertinaciae

399 2508 655 2565 παυέσθω
679 2511 833 2577 Θεός.

2096 2523 2235 2578 Deus
2263 2520 2567 2576 medeatur.

398 2652 417 2663 ο
470 2622 626 2688 Quod
659 2626 830 2693 enim,
861 2629 1060 2698 inquit,
1093 2640 1278 2700 patres
1306 2633 1473 2687 vestri
1505 2632 1694 2687 vitium
1724 2633 1779 2688 in
1805 2649 1892 2690 me
1921 2634 2428 2706 deprehenderunt,
2465 2641 2523 2689 ut
2557 2641 2670 2688 tam
2699 2633 2862 2704 longe
2894 2648 2925 2688 a
2959 2648 3046 2689 me
3072 2633 3417 2702 recederent,
3451 2642 3505 2688 ct
3534 2632 3666 2690 deos

401 2726 576 2767 vanos
609 2722 958 2772 sectarentur
980 2718 1063 2772 ﬂ?
1087 2717 1154 2772 Et
1187 2719 1385 2773 iterum
1412 2738 1426 2776 :
1454 2739 1474 2773 ι
1508 2720 1721 2777 leum
1752 2730 2041 2793 propterea
2062 2726 2373 2796 obstupuit,
2406 2732 2460 2779 et
2490 2737 2655 2793 supra
2698 2723 2921 2777 modum
2950 2723 3110 2778 valde
3143 2724 3455 2787 exhorruit,
3488 2723 3666 2792 inquit

407 2801 693 2858 Dominus.
725 2804 998 2872 Quoniam
1031 2807 1143 2863 duo
1183 2809 1393 2865 scelera
1426 2811 1664 2880 patravit
1704 2826 1860 2867 meus
1903 2813 2175 2887 populus;
2216 2812 2579 2867 deseruerunt
2616 2826 2703 2865 me
2743 2810 2946 2865 fontem
2982 2826 3139 2882 aqua:
3187 2812 3342 2879 vivae,
3379 2821 3428 2867 et
3462 2811 3667 2867 eﬂ‘ode-

400 2899 529 2941 runt
568 2890 671 2945 sibi
700 2893 834 2961 ipsis
860 2893 1087 2951 lacunas
1120 2896 1414 2965 contritas,
1440 2912 1564 2967 quae
1587 2913 1786 2967 aquam
1813 2899 2100 2955 continere
2140 2913 2247 2954 non
2281 2906 2545 2970 poterunt
2571 2898 2634 2955 ⁸⁸.
2668 2916 2687 2950 s
2727 2897 2995 2969 Equidem
3031 2915 3168 2955 vero
3198 2902 3292 2969 qui
3322 2902 3498 2956 solem
3528 2901 3666 2956 ado-

401 2986 549 3041 rant,
605 2979 747 3035 hanc
803 2992 1115 3056 prsetexunt
1159 2999 1405 3051 causam,
1444 2985 1593 3056 quod
1642 2986 1867 3043 sensilia
1903 2989 2088 3042 omnia
2136 2996 2380 3058 superet,
2418 2996 2478 3042 ut
2509 2987 2605 3057 qui
2644 2987 2889 3042 omnium
2940 2988 3154 3056 primus
3193 2997 3386 3044 auctor
3411 2989 3662 3045 exsistat.

397 3059 511 3117 Nec
543 3080 651 3119 non
687 3067 832 3137 quod
869 3071 949 3124 sol
983 3080 1184 3125 cuncta
1209 3073 1512 3142 inspiciat,
1546 3084 1860 3144 cunctaque
1892 3075 2172 3131 exaudiat.
2213 3075 2367 3142 Quos
2397 3075 2639 3130 clamore
2669 3089 2771 3130 suo
2809 3071 3058 3129 adoritur
3092 3077 3233 3131 Deus
3261 3085 3317 3130 et
3359 3077 3603 3146 coarguit
3648 3095 3663 3131 :

404 3169 424 3203 ι
456 3151 564 3224 Ego
593 3157 738 3210 enim
769 3174 912 3220 sum,
939 3160 1139 3230 inquit,
1174 3161 1461 3227 Dominus,
1505 3178 1607 3218 nec
1634 3171 1721 3218 cst
1750 3164 1891 3219 Deus
1950 3166 2097 3218 ultra
2135 3181 2242 3229 me,
2274 3164 2526 3235 nunquid
2563 3179 2650 3219 me
2722 3163 3005 3219 celabitur
3036 3164 3121 3216 l’?
3162 3184 3180 3217 s
3216 3164 3360 3231 Quin
3401 3172 3457 3221 et
3496 3164 3666 3219 David

399 3239 600 3296 alicubi
632 3243 801 3300 dicit:
827 3245 960 3313 «Qui
1002 3263 1191 3304 aurem
1223 3250 1504 3315 produxit,
1531 3265 1639 3307 non
1669 3252 1888 3307 audiret
1925 3252 2077 3321 ipse?
2105 3261 2159 3308 et
2188 3254 2282 3323 qui
2322 3251 2584 3307 formavit
2607 3252 2820 3316 oculos,
2840 3266 2948 3306 non
2979 3254 3158 3308 cernit
3184 3266 3284 3307 eos
3312 3252 3406 3321 qui
3439 3253 3664 3308 dicunt:

404 3335 522 3393 Non
559 3339 766 3396 videbit
803 3340 1101 3408 Dominus,
1139 3359 1318 3414 neque
1344 3343 1589 3398 advertet
1623 3344 1768 3399 Deus
1802 3340 1974 3399 Jacob
1999 3343 2090 3398 "il
2123 3361 2141 3395 ι
2181 3340 2388 3396 Contra
2424 3355 2559 3396 vero
2586 3341 2673 3395 his
2699 3340 2862 3408 longe
2895 3340 3070 3411 magis
3114 3338 3260 3394 bruti
3300 3346 3430 3394 sunt
3469 3354 3666 3395 omnes

399 3435 669 3497 quthuot
698 3442 865 3498 Opera
896 3445 1157 3484 manuum
1185 3446 1411 3485 suarum
1445 3432 1701 3486 adorant.
1729 3429 1806 3486 De
1832 3431 1922 3487 his
1956 3445 2091 3485 sane
2118 3427 2501 3498 pronuntiavit
2564 3424 2709 3481 Deus
2745 3444 2759 3481 :
2805 3442 2823 3476 ι
2867 3425 3340 3491 Quemadmodum
3379 3425 3468 3489 [ur
3492 3426 3537 3482 si
3564 3425 3665 3482 de-

400 3514 711 3584 prehensus
747 3518 935 3582 fuerit,
986 3519 1214 3588 pudelit.
1264 3520 1340 3575 ita
1392 3524 1599 3590 pudore
1646 3520 2036 3575 sull‘undentur
2077 3517 2174 3572 lilii
2216 3515 2407 3575 Israel.
2454 3513 2629 3585 Ligno
2664 3514 2944 3576 dixerunt,
2992 3511 3151 3568 Pater
3202 3528 3359 3569 meus
3401 3528 3461 3569 es
3498 3522 3577 3578 tu,
3611 3521 3668 3570 et

401 3601 590 3682 lapidi;
626 3604 707 3658 Tn
738 3621 824 3661 me
858 3608 1125 3676 genuisti,
1152 3619 1205 3662 et
1235 3608 1596 3662 obverterunt
1624 3607 1756 3661 mihi
1791 3616 1942 3677 terga
1963 3648 1978 3673 ,
2029 3620 2130 3660 nec
2163 3603 2358 3658 faciem
2393 3618 2573 3658 suam.
2618 3602 2673 3654 ln
2708 3609 2952 3670 tempore
2982 3608 3164 3654 autem
3203 3616 3429 3657 suarum
3460 3616 3668 3655 mrum-

402 3702 597 3745 narum
630 3690 816 3747 dicent
848 3694 1056 3763 :Surge
1080 3706 1130 3750 et
1159 3710 1319 3750 serva
1345 3711 1448 3752 nos
1468 3695 1513 3727 ’ί
1532 3714 1580 3760 ,ι
1607 3703 1714 3750 ctc.
1747 3692 1910 3752 Tales
1939 3693 2107 3765 igitur
2137 3692 2412 3764 lapidibus
2435 3693 2671 3747 obruere
2694 3689 2777 3745 lex
2804 3690 2992 3759 jussit.
3014 3688 3124 3746 Nos
3157 3704 3286 3745 vero
3310 3689 3669 3746 solidioribus

404 3785 605 3833 nostra:
629 3778 753 3834 lidei
788 3782 1144 3838 sermonibus
1172 3799 1268 3840 cos
1301 3782 1680 3840 dellcctcmns.

486 3892 629 3948 Ἐὰν
663 3893 733 3949 δὲ
764 3896 1122 3968 ἀδυνατήσῃ
1160 3898 1280 3954 ἀπὸ
1321 3883 1445 3954 σοῦ’
1468 3898 1633 3969 ῥῆμα
1661 3899 1733 3952 ἐν
1768 3900 1982 3968 κρίσει.

2161 3894 2221 3947 δί
2248 3907 2416 3946 causa
2437 3889 2618 3965 aliqua
2645 3887 2874 3959 diﬁcilis
2905 3890 2957 3944 in
2977 3889 3187 3959 judicio
3211 3889 3397 3959 fuerit.
3416 3888 3521 3962 [8.]
3548 3890 3671 3945 llaec

401 3983 590 4038 Ταῦτα
639 3988 754 4055 τοῖς
806 3989 946 4042 κατὰ
975 3991 1130 4045 πόλιν
1161 3994 1401 4061 κριταῖς.
1453 3992 1530 4045 Τὸ
1582 3992 1663 4065 δὲ,
1707 3991 1984 4063 ἁναμέσον

2096 3986 2152 4039 ad
2179 3983 2395 4054 judices
2436 3982 2490 4037 in
2533 3982 2668 4038 urbe
2698 3984 2995 4050 pertinent.
3037 3982 3305 4037 Caeterum
3344 3980 3501 4044 illud,
3528 3981 3669 4035 inter

404 4076 639 4148 αἵματος
684 4076 849 4150 αἷμα,
885 4085 1015 4153 περὶ
1052 4085 1233 4155 μάχης
1272 4085 1568 4139 ἀκουστέον
1607 4085 1984 4155 προελθούσης

2096 4077 2397 4147 sanguinem
2425 4084 2475 4131 et
2515 4074 2852 4145 sanguinem,
2875 4074 2944 4130 de
2978 4089 3156 4144 pugna
3186 4081 3269 4129 est
3286 4073 3664 4144 accipiendum

405 4172 486 4235 εἰς
543 4166 707 4242 αἷμα,
747 4173 781 4244 ἢ
815 4175 1130 4245 τραύματος
1168 4178 1261 4229 καὶ
1295 4176 1481 4243 φόνου,
1520 4178 1669 4246 παρὰ
1715 4179 1830 4240 τοῖς
1859 4193 1984 4247 κρι-

403 4266 527 4327 ταῖς
545 4265 819 4335 διαφόρως
846 4268 1196 4339 κρινομένου.
1223 4270 1403 4338 ὐπερ
1434 4268 1719 4339 σαφηνίζει
1747 4268 1830 4335 τὸ,
1856 4270 1987 4322 ἀνα-

409 4355 576 4426 μέσον
603 4358 837 4429 κρίσεως
883 4362 1104 4430 κρίσις·
1137 4362 1305 4430 ἤγουν
1354 4361 1518 4414 ἰδικόν
1560 4377 1615 4414 τι
1657 4360 1837 4427 λέξας,
1866 4357 1984 4414 εἶτα

402 4450 544 4518 ’τρὸς
580 4452 641 4504 τὸ
676 4451 835 4520 γένος
879 4454 1245 4524 ἀναδραμὼν.
1295 4450 1455 4518 αὖθις
1501 4453 1814 4524 ἰδικώτερον
1867 4454 1984 4509 δια-

405 4540 679 4607 τάττεται,
714 4542 909 4606 εἰπὼν,
959 4546 1235 4614 ἀναμέσον
1268 4546 1414 4614 ἁφῆς
1459 4545 1571 4617 ἁφή
1594 4561 1610 4577 ⁸
1650 4541 1763 4599 οἷόν
1808 4562 1892 4608 τις
1926 4549 1985 4598 ὲν

410 4631 557 4703 μάχῃ
588 4634 805 4705 πληγὴν
832 4635 1050 4706 πρῶτος
1099 4637 1397 4707 ἐπήνεγκε,
1425 4635 1522 4689 τοῦ
1570 4636 1803 4706 πλησίον
1837 4636 1982 4707 ἀψά-

409 4740 592 4791 μενος.
622 4725 736 4778 Καὶ
767 4727 1042 4797 ἀναμέσον
1077 4727 1392 4794 ἀντιλογίας
1428 4728 1729 4796 ἀντιλογία.
1761 4723 1909 4794 Οἷον,
1933 4730 1985 4782 εἰ

406 4815 557 4885 μάχη
584 4815 796 4884 γένοιτο
840 4817 1035 4891 λογικὴ
1095 4820 1174 4883 εἰς
1206 4819 1437 4891 ζήτησιν
1481 4820 1641 4889 τυχὸν
1688 4820 1983 4891 νομικὴνῆ

410 4906 507 4959 καὶ
538 4904 700 4975 ὓϐριν
727 4907 1000 4964 τείνουσα.

491 5090 767 5159 Ἐλεύσῃ,
796 5094 930 5161 φησὶ
955 5132 968 5156 ,
993 5095 1144 5160 πρὸς
1171 5093 1314 5160 τοὺς
1339 5076 1515 5162 ἱερεῆ
1540 5094 1682 5162 τοὺς
1711 5098 1982 5161 Λευΐτας,

408 5182 507 5235 καὶ
555 5181 664 5236 τὸν
717 5183 947 5251 κριτήν.
1008 5185 1192 5238 Τόπον
1222 5188 1331 5257 γὰρ
1385 5183 1553 5257 εἶχεν,
1587 5189 1616 5241 ὁ
1662 5189 1762 5257 μὲν
1790 5188 1986 5259 κριτὴς

407 5272 773 5337 Μωῦσέως,οἰ
796 5273 853 5327 δὲ
881 5277 1049 5345 ἱερεῖς
1068 5278 1117 5328 οἱ
1140 5276 1364 5329 Λευῖται
1391 5278 1541 5331 τῶνο
1568 5278 1980 5350 πρεσϐυτέρων,

330 5354 339 5359 ’
405 5363 491 5429 ἐφ’
523 5361 618 5425 οὓς
651 5364 719 5417 τὰ
752 5364 1031 5436 βαρύτερα
1062 5366 1169 5421 τῶν
1200 5367 1485 5438 κριμάτων
1509 5369 1795 5436 ἀνέφερον.
1834 5369 1982 5440 Σύμ-

405 5469 587 5513 φωνον
609 5453 666 5506 δὲ
699 5453 777 5525 τῷ
803 5456 1028 5525 παρόντι
1054 5457 1135 5520 τὸ,
1175 5475 1195 5507 ι
1239 5457 1622 5530 Ἐπερώτησον
1651 5460 1741 5511 τὸν
1767 5461 1983 5532 πατέρα

408 5558 527 5603 σου,
562 5544 656 5595 καὶ
680 5544 976 5613 ἀναγγελεῖ
1017 5563 1120 5609 σοι,
1156 5548 1282 5610 τοὺς
1306 5548 1716 5619 πρεσϐυτέρους
1746 5566 1860 5616 σου,
1891 5553 1986 5604 καὶ

406 5634 595 5703 εροῦσῐ
622 5651 722 5692 σοι.
754 5656 772 5689 ι

481 5761 519 5792 "
550 5760 750 5816 .lt-rem.
801 5779 861 5826 tt.
894 5764 945 5819 5.

399 5832 498 5887 36.
519 5830 610 5885 27.
689 5832 923 5890 "Deut.
976 5851 1144 5900 χλιιι,
1169 5834 1221 5890 7.

2015 5246 2062 5304 Ι)

2086 4187 2192 4241 qua
2215 4178 2438 4225 ventmn
2456 4177 2541 4225 est
2562 4169 2630 4223 ad
2653 4169 3000 4239 sanguinem,
3021 4183 3116 4223 seu
3135 4168 3386 4230 vulnera,
3408 4182 3503 4222 seu
3518 4166 3668 4222 caede

2087 4280 2117 4319 a
2159 4261 2444 4334 judicibus
2480 4261 2669 4315 relicta
2690 4261 2760 4314 ‘in
2792 4259 3194 4349 coptroversia,
3224 4259 3367 4328 quod
3399 4259 3670 4329 signiﬁcat

2089 4358 2230 4414 inter
2250 4354 2518 4425 judicium
2545 4361 2599 4410 et
2621 4352 2911 4424 judicium.
2941 4351 3120 4422 Atque
3150 4351 3200 4407 id
3227 4366 3350 4407 cum
3375 4366 3473 4422 per
3496 4365 3671 4422 genus

2088 4448 2321 4505 inferius
2353 4447 2715 4512 enuntiasset,
2741 4456 2797 4503 et
2829 4444 2895 4499 ad
2926 4459 3242 4513 supremum
3271 4459 3444 4514 genus
3478 4459 3670 4501 recur-

2088 4544 2274 4605 risset,
2297 4556 2392 4613 per
2421 4554 2595 4611 genus
2612 4537 2793 4592 adhuc
2819 4535 3051 4591 inferius
3085 4534 3138 4590 id
3168 4535 3358 4600 edicit,
3382 4552 3445 4591 ac
3471 4536 3669 4605 inquit.

2087 4635 2224 4687 inter
2254 4632 2471 4701 plagam
2510 4638 2557 4683 et
2583 4628 2797 4699 plagam
2823 4643 2842 4691 ,°
2874 4626 3022 4682 velut
3054 4625 3103 4682 si
3135 4626 3260 4699 quis
3291 4626 3348 4682 in
3379 4642 3562 4698 pugna
3588 4625 3671 4683 t‘a-

2066 4725 2356 4793 ,tuiliarem
2379 4737 2540 4779 suum
2577 4721 2985 4785 attrectaverit,
3024 4720 3313 4790 primoque
3342 4721 3553 4790 plagam
3581 4720 3667 4775 in-

2085 4820 2347 4877 cusserit.
2389 4816 2520 4873 Item
2573 4817 2717 4871 inter
2760 4816 2910 4870 litem
2952 4824 3005 4868 et
3039 4816 3209 4880 litem,
3238 4815 3403 4870 veluti
3447 4816 3493 4870 si
3539 4816 3669 4869 rixae

2089 4914 2221 4967 liant
2255 4928 2377 4981 qua:
2425 4910 2480 4965 in
2512 4911 2875 4980 quaestionem
2911 4909 3151 4979 aliquam
3195 4908 3336 4963 forte
3380 4908 3666 4979 lcgis.'ant

2089 5005 2157 5061 ad
2190 5003 2577 5059 contumeliam
2603 5002 2851 5056 tendant.

2173 5095 2381 5160 Veniat,
2417 5093 2620 5163 inquit,
2654 5092 2722 5146 ad
2747 5095 3047 5147 sacerdotes
3072 5090 3308 5154 bonitas,
3335 5101 3384 5143 et
3406 5088 3666 5158 judicent.

2091 5186 2352 5239 Summus
2388 5184 2534 5239 enim
2559 5183 2724 5253 judex
2764 5182 2931 5239 Mosis
2963 5183 3192 5252 ﬁgurant
3226 5183 3400 5249 gessit
3426 5222 3442 5245 ,
3483 5195 3669 5235 sacer-

2089 5280 2248 5333 dotes
2279 5293 2411 5333 vero
2459 5277 2663 5331 Levita:
2697 5276 3044 5346 septuaginta
3082 5274 3386 5337 seniorum,
3428 5274 3494 5328 ad
3528 5290 3667 5343 quos

2089 5385 2286 5425 causas
2309 5369 2646 5425 dimciliores
2674 5367 3006 5422 referebant.
3032 5367 3348 5421 Consonum
3374 5381 3506 5420 vero
3530 5380 3669 5436 prae-

2090 5464 2235 5521 senti
2284 5464 2408 5517 loco
2461 5460 2595 5516 illud
2648 5475 2869 5529 quoque
2903 5469 3027 5513 est:
3070 5475 3091 5510 ι
3123 5458 3404 5528 Interroga
3457 5466 3666 5527 patrem

2090 5565 2282 5618 tuum,
2352 5561 2404 5607 et
2473 5550 2822 5606 denuntiabit
2868 5550 3005 5614 tibi,
3067 5550 3320 5605 seniores
3393 5556 3558 5610 tuos,
3614 5559 3668 5602 et

2089 5647 2275 5701 dicen.
2302 5644 2398 5699 tibi
2422 5645 2487 5695 ”.
2525 5662 2543 5693 ι

1029 5765 1071 5795 ¹³¹
1110 5765 1241 5818 llud.
1277 5764 1479 5825 12.15.
1562 5768 1604 5800 ¹⁹
1644 5766 1742 5822 lsa.
1780 5781 1900 5828 xu,
1941 5765 2042 5831 Εἰς
2075 5763 2198 5819 Jer.
2241 5778 2405 5819 mu.
2434 5761 2525 5815 9.7.
2598 5758 2804 5814 “J‘sal.
2856 5771 3004 5821 κομι,
3040 5755 3093 5822 9,
3134 5755 3188 5811 .7.
3268 5757 3310 5788 “
3364 5753 3564 5810 Jcreut.
3608 5767 3669 5821 tt,
