4010 6230
380 360 489 432 917

1304 362 1841 429 COMMENTARH
1880 366 1961 429 IN
1995 358 2690 429 DEUTERONOMIUM.

3533 363 3639 429 sis

400 536 409 539 _
452 484 578 537 Ὀτι
631 480 689 536 δὲ
735 480 855 535 οὐδὲ
905 480 1065 535 ἄλλον
1114 480 1237 536 τινά
1278 482 1431 552 δηλοῖ
1479 483 1589 537 τῶν
1637 483 1954 554 προφητῶν,

2131 481 2287 548 Quod
2318 497 2447 539 vero
2478 481 2691 535 nullum
2751 478 3139 549 prophetarum
3195 478 3363 534 alium
3419 480 3636 545 innuat,

379 574 537 648 δῆλον
568 574 633 628 ἐκ
670 572 763 655 τοῦ
798 572 1025 637 πολλοὺς
1049 573 1335 642 γεγονέναι
1375 576 1685 645 προφήτας,
1716 576 1792 639 ὼς
1828 576 1960 645 περὶ

382 668 498 732 ἐνὸς
531 667 587 721 δὲ
618 667 740 720 κατ’
764 664 1041 736 ἐξαίρετον
1060 666 1344 734 λέγεσθαι.
1380 667 1477 720 Ὃν
1504 666 1568 738 δὴ
1595 668 1688 721 καὶ
1712 668 1831 721 κατ’
1858 668 1959 721 αὑ-

380 760 473 814 τὸν
501 756 833 831 γενήσεσθαί
873 774 1008 829 φησι
1051 758 1312 829 Μωῦσῆς.
1363 759 1463 812 "Ov
1496 775 1604 831 περ
1654 758 1750 812 καὶ
1786 775 1959 829 προσ-

381 850 650 914 δοκῶντες
691 850 938 903 Ἰουδαῖοι
976 848 1116 919 μετά
1147 849 1441 914 τοσούτους
1484 849 1782 920 γεγονότας
1823 868 1960 922 προ-

385 943 561 1011 φήτας
586 940 813 1012 ἠρώτων
847 938 938 992 τὸν
970 939 1248 1010 Ἰωάννην,
1277 959 1294 992 ι
1322 942 1393 995 Συ
1423 937 1475 994 εἴ
1514 943 1542 994 6
1573 942 1902 1012 προφήτης;
1936 959 1955 993 ι

389 1035 456 1089 Ὃ
480 1034 536 1087 δέ
565 1050 754 1104 φησιν,
785 1033 899 1087 Οὐκ
917 1031 1057 1103 εἰμὶ,
1088 1032 1267 1086 καίτοι
1286 1035 1571 1105 προφήτης
1599 1033 1695 1087 ὢν.
1717 1033 1843 1098 Πῶς
1869 1029 1963 1088 οὖν

383 1127 530 1181 κατά
562 1127 656 1180 τὸν
690 1125 934 1180 Μωῦσέα
961 1126 1215 1197 Χριστὸς,
1257 1126 1351 1179 καὶ
1396 1127 1596 1197 μείζων
1625 1129 1869 1194 ἐκείνου;
1905 1129 1964 1183 '0

387 1220 486 1288 μὲν
516 1220 625 1289 γὰρ
647 1218 1027 1292 ἠλευθέρωσεν
1055 1220 1116 1287 ἐξ
1153 1223 1469 1292 Αἰγυπτίων
1505 1223 1634 1276 λαὸν
1668 1223 1763 1276 ἕνα
1785 1239 1800 1255 ο
1827 1224 1966 1295 Χρι-

387 1312 513 1372 στὸς
532 1309 587 1362 δὲ
618 1309 718 1379 τῆς
748 1310 841 1364 τοῦ
863 1312 1111 1366 διαϐόλου
1151 1312 1474 1378 δυναστείας
1503 1316 1685 1368 πᾶσαν
1709 1314 1809 1384 τὴν
1834 1315 1962 1386 γῆν.

393 1398 488 1468 ’⁵ος
518 1406 866 1477 ὑποχειρίους
900 1408 1112 1474 πάντας
1151 1407 1292 1480 ἔχων
1320 1407 1665 1478 ἀνθρώπους,
1690 1407 1964 1462 νεανιευό-

389 1514 550 1567 μενος
575 1497 748 1566 ἔλεγε⁶
784 1517 805 1550 ε
831 1499 942 1569 Τὴν
972 1500 1303 1572 οἰκουμένην
1331 1500 1459 1570 ὃλην
1485 1499 1872 1572 καταλήψομαι
1897 1502 1963 1572 τῇ

386 1590 531 1662 χειρί
558 1607 658 1661 μου
689 1588 766 1655 ὡς
806 1591 1050 1657 νοσσιὰν,
1090 1592 1186 1648 καὶ
1236 1592 1314 1657 ὡς
1365 1592 1836 1665 καταλελειμμένα
1880 1592 1966 1647 ὼά

385 1682 538 1754 ἀρῶ*
575 1682 672 1736 καὶ
706 1683 809 1737 οὐκ
838 1682 984 1737 ἔστιν
1025 1684 1085 1749 ὃς
1126 1684 1478 1754 διαφεύξεται
1522 1702 1612 1757 με,
1639 1685 1674 1756 ἢ
1720 1685 1966 1740 ἀντείπει

388 1792 499 1844 μιι.
528 1796 547 1828 υ

456 1949 617 2022 Αὖθις
635 1957 663 2009 6
680 1956 780 2025 μέν
802 1956 895 2009 τὸν
915 1956 1042 2011 λαὸν
1066 1955 1150 2009 διά
1187 1957 1467 2029 θαλάσσης
1492 1958 1792 2015 διεϐίϐασει
1810 1959 1970 2031 Ἐρυ-

384 2045 521 2114 θρᾶς
546 2046 952 2111 καταποντίσας
993 2048 1123 2112 τοὺς
1173 2050 1513 2117 Αἰγυπτίους
1538 2068 1551 2081 '
1579 2053 1608 2106 6
1650 2052 1708 2107 δὲ
1735 2053 1804 2107 τὰ
1837 2053 1966 2126 ἔθνη

384 2136 563 2190 πάντα
586 2137 677 2191 διὰ
711 2138 1112 2210 βαπτίσματος,
1145 2143 1554 2206 καταποντίσας
1580 2143 1720 2214 μετά
1742 2144 1836 2198 τοῦ
1853 2146 1967 2201 δια-

381 2224 540 2279 ϐόλου
562 2229 692 2293 τοὺς
725 2228 990 2300 δαίμονας
1011 2248 1024 2260 ·
1070 2233 1210 2303 ὅπερ
1252 2231 1333 2287 ἔτι
1370 2233 1524 2303 δηλοῖ
1559 2235 1652 2289 καὶ
1691 2237 1724 2307 ή
1757 2237 1845 2292 διά
1870 2238 1966 2292 τοῦ

395 2317 659 2388 Ἰορδάνου
690 2319 958 2386 διάϐασις,
993 2324 1216 2378 σώσασα
1247 2325 1348 2396 μὲν
1374 2325 1642 2390 εὐσεϐεῖς,
1670 2327 1889 2392 ἀσεϐεῖς
1909 2329 1967 2382 δὲ

381 2411 678 2478 διώκοντας
704 2415 999 2488 φθείρασα.
1046 2418 1105 2471 ’0
1150 2418 1248 2488 μὲν
1288 2417 1466 2486 μάννα
1505 2417 1737 2472 δέδωκεν
1767 2418 1965 2490 αἰσθηα

382 2507 505 2559 τόν*
541 2511 569 2560 ὀ
601 2509 659 2562 δέ
688 2509 923 2580 Χριστὸς
959 2511 1173 2575 ἐαυτὸν,
1209 2512 1373 2582 ἄρτον
1413 2510 1474 2575 ἐξ
1510 2511 1743 2583 ούρανοῦ
1792 2528 1963 2568 κατα-

382 2600 575 2654 ϐάντα.
607 2601 855 2670 Μεσίτης
900 2597 968 2672 ἦν
1011 2605 1039 2657 6
1087 2604 1327 2674 Μωῦσῆς
1389 2605 1608 2675 Ἰσραὴλ
1655 2606 1750 2658 καὶ
1784 2605 1923 2660 Θεοῦ
1950 2625 1964 2639 σ

383 2692 555 2746 ἐθνῶν
582 2692 640 2745 δέ
669 2695 891 2748 πάντων
919 2695 1016 2749 καὶ
1046 2694 1140 2766 τοῦ
1172 2696 1385 2768 [ἰατρὸς
1420 2698 1450 2749 6
1490 2698 1746 2770 Xptotdet
1781 2700 1964 2770 Νομο-

384 2783 545 2854 θέτης
569 2784 777 2847 ἐκεῖνος
811 2783 1259 2856 ὁπηρετούμενος
1282 2785 1361 2856 τῷ
1391 2786 1508 2856 Θεῷ
1531 2803 1543 2815 ·
1578 2789 1606 2840 6
1630 2787 1686 2841 δέ
1711 2788 1831 2843 κατ’
1865 2792 1966 2844 αύ-

385 2875 602 2928 θεντίαν
630 2875 705 2940 ὡς
739 2877 873 2939 Θεδς
895 2878 1123 2942 είκότως
1147 2878 1452 2949 νομοθετεῖ,
1478 2880 1654 2947 λέγων
1673 2897 1687 2912 ο
1718 2900 1736 2934 ι
1773 2882 1970 2938 Ἠκούο

388 2983 515 3020 σατε
537 2968 619 3021 ὅτι
653 2968 854 3040 ἐρῥέθη
884 2971 995 3031 τοῖς
1025 2970 1294 3041 ἀρχαίοις,
1326 2973 1398 3027 Οὐ
1433 2974 1717 3043 φονεύσεις
1740 2992 1753 3005 ·
1778 2977 1890 3044 ἐγὼ
1911 2977 1972 3032 δὲ

387 3057 530 3127 λέγω
562 3060 712 3128 ὑμῖν,
758 3060 892 3131 μηδὲ
934 3061 1254 3133 ὀργίζεσθαι
1314 3065 1457 3135 εἰκῆ,
1516 3084 1535 3119 ι
1568 3067 1661 3120 καὶ
1696 3067 1768 3122 τά
1817 3069 1967 3139 ἑξῆς.

400 3148 516 3251 Ἐφ’
547 3142 629 3213 οἷς
650 3150 989 3251 ἐπιλέγεται,
1019 3151 1103 3251 ὅτι
1136 3151 1525 3225 ἐξεπλήττοντο
1555 3155 1755 3220 πάντες
1783 3158 1877 3216 ἐπὶ
1902 3163 1966 3231 τῇ
1995 3194 2038 3251 c

388 3239 575 3313 διδαχῇ
603 3242 790 3297 αὐτοῦ.
809 3239 919 3297 Ἦν
943 3245 1053 3313 γάρ
1079 3244 1345 3300 διδάσκων
1365 3247 1584 3314 αὐτοὺς,
1614 3249 1692 3313 ὡς
1719 3250 1967 3316 ἐξουσίαν

385 3332 527 3402 ἔχων
546 3338 562 3361 "
599 3327 661 3388 οῦ
691 3335 792 3406 τὴν
811 3336 1133 3406 νομοθεσίαν
1156 3339 1206 3392 οί
1231 3337 1439 3393 ἐθνικοὶ
1466 3341 1853 3413 παρεδέξαντο.
1878 3344 1969 3397 Διὸ

387 3424 641 3495 προλέγει
663 3426 851 3495 Δαϐἰδ,
881 3447 899 3478 ι
931 3430 1313 3502 Κατάστησον,
1340 3432 1856 3506 Κύριε,νομοθέτην
1884 3437 1970 3490 ἐπ’

386 3515 601 3580 αὐτούς.
640 3516 941 3574 Γνώτωσαν
971 3518 1100 3592 ἔθνη
1131 3521 1215 3576 ὅτι
1242 3521 1523 3594 ἄνθρωποί
1552 3526 1711 3580 εἰσιν.
1740 3545 1759 3579 ι
1795 3528 1970 3600 Ὅπερ

384 3609 414 3660 6
458 3608 699 3678 Μωῦσῆς
755 3611 857 3665 οὐκ
912 3613 1205 3685 ἠγνόηκεν,
1257 3616 1334 3680 ὡς
1363 3617 1498 3681 Θεδς
1546 3620 1641 3672 καὶ
1673 3620 1972 3692 νομοθέτης

384 3699 534 3755 ἐστίν
567 3700 596 3752 6
619 3703 875 3774 Χριστός.
909 3705 1107 3760 Καίτοι
1150 3706 1260 3780 γὰρ
1306 3712 1436 3781 περὶ
1466 3711 1574 3765 τῶν
1604 3712 1751 3766 ίδίων
1791 3714 1972 3784 νόμων

383 3791 579 3859 εἰπὼν,
600 3799 700 3848 οὐκ
733 3794 850 3849 ἔστι
885 3798 1225 3868 προσθεῖναι,
1250 3802 1344 3856 καὶ
1366 3803 1461 3856 ἀπ’
1491 3803 1673 3858 αὐτῶν
1699 3806 1798 3859 οὐκ
1824 3807 1973 3860 ἔστιν

380 3882 627 3950 ἀφελεῖν,
659 3887 918 3958 ἐννοήσας
959 3888 1061 3960 τὴν
1107 3891 1218 3946 τῶν
1260 3895 1608 3950 Δεσποτικῶν
1643 3896 1974 3969 ἀξιωμάτων

388 3976 661 4048 ὑπεροχὴν
691 3984 1006 4054 παρεγγυᾷ,
1033 3982 1229 4053 λέγων,
1267 4004 1287 4038 ι
1313 3986 1489 4042 Αὐτοῦ
1509 3989 1807 4045 ἀκούσεσθε
1831 3993 1974 4046 κατά

385 4068 565 4123 πάντα
596 4070 697 4124 ὅσα
728 4073 825 4129 ἐὰν
861 4073 1075 4146 λαλήσῃ
1126 4077 1263 4148 πρὸς
1313 4079 1483 4151 ὑμᾶς,
1518 4100 1538 4132 ι
1569 4083 1817 4137 τουτέστι
1867 4085 1972 4139 κᾶν

382 4158 475 4213 τὸν
505 4161 574 4215 δι’
603 4163 739 4233 ἐμοῦ
768 4164 935 4236 νόμον
962 4166 1122 4240 ἐθέλῃ
1152 4175 1489 4240 μεταποιεῖν.
1516 4172 1634 4227 Ἵνα
1671 4173 1730 4227 δέ
1761 4174 1838 4247 μὴ
1873 4177 1971 4246 μό-

383 4270 474 4307 νον
497 4255 780 4320 Μωΰσέως
808 4259 838 4310 6
867 4257 1026 4327 λόγος
1053 4261 1298 4333 ὑπάρχῃ,
1341 4262 1554 4332 βεϐαιοῖ
1583 4264 1773 4321 τοῦτον
1800 4268 1830 4321 6
1861 4267 1974 4321 Πα-

382 4348 510 4419 τῆρο
544 4349 742 4417 λέγων,
782 4369 802 4403 ⁸
851 4352 1059 4423 Ὀρθῶς
1078 4354 1260 4409 πάντα
1293 4356 1394 4411 ὅσα
1418 4357 1714 4429 ἐλάλησας,
1757 4362 1972 4433 προφή.

380 4458 483 4512 την
506 4443 799 4517 ἀναστήσω
826 4446 1012 4508 αὐτοῖς
1057 4446 1249 4519 ὥσπερ
1291 4450 1371 4515 σέ,
1400 4452 1494 4504 καὶ
1542 4451 1699 4506 δώσω
1727 4453 1788 4506 τὸ
1822 4455 1974 4525 ῥῆμά

2059 589 2125 631 ex
2152 590 2219 631 eo
2244 575 2395 645 quod
2441 574 2597 628 tnulti
2630 573 2912 644 propheta:
2949 571 3170 628 fuerunt
3195 573 3405 628 clarum
3444 582 3550 637 est,
3580 583 3639 630 ut

2060 667 2129 723 de
2160 683 2270 724 uno
2319 668 2558 736 quodam
2607 682 2703 738 per
2740 666 3124 721 excellentiam
3179 667 3414 721 dicatur.
3469 665 3641 734 Quem

2062 774 2196 815 sane
2218 760 2325 818 sibi
2349 775 2572 831 quoque
2603 759 2839 815 similem
2867 759 2982 814 fore
3013 758 3189 815 Moses
3216 760 3439 815 indicat.
3467 759 3640 826 Quem

2062 851 2285 923 quidem
2318 849 2492 907 Judaei
2530 866 2750 921 quoque
2793 858 3202 920 exspectantes,
3239 862 3360 921 post
3395 860 3476 907 tot
3517 868 3645 923 pro-

2063 944 2351 1015 phetarum
2384 945 2551 998 vitam
2580 942 2846 999 Joannem
2880 943 3323 1014 iuterrogarunt:
3359 962 3380 996 ι
3414 943 3553 999 Num
3587 954 3644 998 tu

2063 1035 2336 1107 propheta
2358 1035 2449 1090 ille
2476 1051 2538 1092 es
2565 1035 2653 1089 “2
2677 1054 2695 1088 ι
2720 1035 2900 1091 Atille
2932 1049 2993 1091 se
3020 1050 3142 1091 esse
3176 1046 3359 1106 negat,
3393 1038 3646 1107 quamvis

2065 1129 2205 1185 alias
2256 1129 2523 1200 prOpheta
2596 1136 2770 1185 esset.
2827 1127 2947 1194 Qua
3015 1128 3184 1196 igitur
3244 1128 3458 1184 ratione
3510 1126 3645 1183 Mosi

2065 1221 2320 1279 Christus
2369 1222 2587 1289 similis,
2637 1221 2746 1274 imo
2778 1220 2954 1288 major
2991 1220 3086 1273 illo
3125 1219 3246 1276 est?
3300 1219 3394 1275 Ille
3424 1220 3645 1290 quidem

2067 1329 2134 1368 ex
2192 1305 2431 1385 Egypto
2485 1315 2723 1369 asseruit
2761 1312 3022 1383 pepulttm
3075 1313 3302 1367 unicum
3341 1331 3354 1368 :
3391 1312 3648 1368 Christus

2066 1421 2199 1463 vero
2223 1420 2290 1462 ex
2315 1406 2522 1462 diaboli
2550 1404 2784 1475 imperio
2804 1412 3008 1458 terram
3034 1407 3370 1460 universam.
3391 1404 3493 1470 Qui
3522 1420 3646 1459 cum

2066 1508 2296 1555 cunctos
2323 1498 2577 1554 homines
2607 1497 2832 1552 haberet
2866 1497 3141 1562 subditos,
3165 1496 3392 1566 juvenili
3426 1504 3651 1567 sumpto

2068 1593 2272 1658 animo,
2312 1592 2494 1647 dixit:
2529 1609 2548 1641 ι
2572 1590 2796 1644 Terram
2833 1598 3002 1644 totam
3047 1589 3295 1655 subigam
3331 1605 3497 1645 manu
3527 1604 3648 1644 mea

2067 1688 2329 1749 tanquam
2364 1678 2484 1733 avis
2527 1678 2757 1746 pullum,
2792 1676 2959 1749 445
3005 1687 3059 1733 et
3099 1679 3351 1751 colligam
3387 1688 3646 1750 tanquam

2067 1786 2171 1827 ova
2197 1770 2410 1826 relicta.
2451 1767 2565 1824 Nec
2590 1769 2684 1840 qui
2732 1784 2817 1825 me
2846 1768 3091 1837 ell‘ugiet,
3123 1777 3217 1823 aut
3251 1770 3381 1825 mihi
3418 1771 3649 1827 rebellet

1997 1845 2042 1902 Β
2070 1870 2153 1919 est
2181 1863 2249 1915 ⁸⁸.
2281 1880 2300 1914 ι

2141 1950 2315 2008 Porro
2350 1952 2443 2007 ille
2479 1951 2699 2022 quidem
2753 1952 3014 2024 populum
3073 1968 3173 2023 per
3209 1968 3362 2010 mare
3404 1953 3648 2010 ltuhrum

2071 2043 2338 2111 traduxit,
2364 2042 2765 2115 [Egyptiosque
2792 2044 2975 2098 maris
2991 2043 3249 2099 ﬂuctibus
3274 2044 3531 2102 involvit.
3551 2044 3651 2102 Hic

2069 2152 2202 2192 vero
2217 2152 2412 2193 omnes
2437 2145 2629 2207 gentes
2652 2137 2927 2207 baptismo
2958 2138 3201 2206 tittgcns,
3226 2136 3504 2195 daemones
3525 2156 3651 2196 cum

2070 2229 2288 2285 diabolo
2314 2230 2633 2293 submersit,
2683 2228 2829 2299 quod
2870 2229 3036 2283 etiam
3086 2230 3355 2284 transitus
3395 2245 3488 2300 per
3524 2228 3652 2286 ἔοι-ι

2070 2322 2276 2378 danenr
2298 2321 2560 2386 illustrat,
2586 2336 2699 2390 quo
2727 2321 2802 2390 pii
2826 2321 3049 2391 quidem
3078 2330 3209 2377 sunt
3237 2324 3467 2385 servati,
3498 2323 3651 2397 impii

2071 2427 2202 2469 vero
2240 2419 2630 2482 persecutores
2660 2412 3021 2483 pessumdati.
3058 2413 3156 2469 Ille
3198 2413 3424 2484 quidem
3453 2429 3675 2469 manna:

2070 2505 2275 2563 sensile
2303 2505 2476 2561 dedit.
2507 2504 2767 2561 Christus
2804 2521 2935 2560 vero
2979 2507 3224 2576 seipsum
3260 2522 3456 2578 panem
3489 2508 3599 2578 qui-
3623 2525 3658 2561 η

2070 2600 2211 2656 coelo
2249 2598 2560 2654 descendit.
2598 2597 2985 2654 lnternuntius
3016 2606 3137 2654 erat
3168 2597 3347 2655 Moses
3383 2600 3655 2654 Israelita-

2069 2707 2191 2747 rmn
2224 2699 2388 2758 atque
2428 2688 2546 2744 Dei.
2594 2688 2928 2758 Populorum
2970 2705 3105 2745 vero
3148 2692 3396 2746 omnium
3438 2701 3494 2747 et
3560 2692 3654 2748 Dei
3734 2748 3741 2755 ,

2069 2784 2251 2840 Patris
2280 2783 2540 2840 Christus
2564 2790 2670 2838 est.
2703 2780 3017 2853 Legislator
3045 2792 3164 2839 erat
3194 2785 3308 2853 ille,
3332 2800 3398 2840 ac
3429 2785 3523 2841 Dei
3550 2789 3655 2839 mi-

2073 2880 2267 2934 nister.
2308 2876 2407 2931 Hic
2436 2891 2567 2933 vero
2603 2877 2745 2932 Deus
2774 2891 2900 2931 cum
2937 2877 3032 2943 sit,
3068 2878 3295 2948 propria
3319 2880 3655 2934 auctoritate

2072 2970 2274 3026 merito
2302 2969 2450 3040 leges
2487 2968 2648 3024 nobis
2684 2967 2811 3031 fert,
2836 2984 2904 3025 ac
2934 2969 3113 3039 inquit
3145 2987 3160 3025 :
3191 2988 3210 3022 ι
3245 2972 3490 3027 Audistis
3508 2973 3655 3042 quod

2073 3062 2278 3117 dictum
2314 3070 2401 3117 est
2434 3060 2702 3130 antiquis,
2740 3058 2861 3116 Non
2885 3061 3148 3129 occides;
3176 3071 3232 3116 at
3264 3079 3366 3134 ego
3397 3064 3522 3121 dico
3557 3080 3654 3120 vo—

2075 3152 2182 3219 bis,
2209 3151 2289 3208 Ne
2324 3154 2588 3209 irascaris
2621 3152 2720 3208 abs
2744 3168 2804 3209 re
2834 3153 2935 3219 ",n
2971 3163 3020 3208 et
3049 3170 3173 3224 quae
3205 3155 3488 3226 deinceps.
3519 3156 3655 3212 Pro-

2073 3254 2255 3315 pterea
2310 3244 2534 3308 dicitur,
2589 3244 2736 3314 quod
2783 3259 2976 3300 omnes
3022 3260 3189 3315 super
3237 3246 3488 3305 doctrina
3533 3249 3657 3318 ejus

2070 3336 2463 3407 obstupuerint
2498 3337 2566 3390 ³⁷.
2606 3335 2852 3392 Docebat
2894 3337 3045 3393 enim
3095 3353 3192 3393 eos
3227 3346 3488 3409 tanquam
3528 3342 3657 3411 quis

2072 3429 2405 3503 auctoritate
2432 3427 2719 3500 praeditus.
2751 3427 2922 3499 Cujus
2944 3443 3080 3484 sane
3109 3429 3261 3500 leges
3289 3431 3496 3486 ethnici
3516 3447 3658 3501 quo-

2073 3536 2181 3592 que
2203 3531 2555 3591 acceperunt.
2580 3519 2857 3586 Quocirca
2886 3521 3220 3576 vaticinatur
3252 3521 3420 3578 David
3441 3541 3485 3577 ε(
3507 3521 3655 3579 Con.

2073 3616 2241 3670 stitue
2289 3613 2690 3684 legislatorem,
2722 3611 2985 3678 Domine,
3028 3628 3195 3684 super
3236 3614 3409 3684 ipsos.
3439 3614 3659 3686 Cogno-

2074 3715 2231 3763 scant
2278 3715 2472 3777 gentes
2522 3706 2667 3777 quod
2718 3706 2977 3761 homines
3015 3713 3145 3761 sunt
3189 3705 3257 3760 ³⁸.
3298 3724 3325 3758 ι
3350 3707 3507 3773 Quod
3543 3723 3656 3761 nou

2075 3798 2351 3870 ignoravit
2382 3796 2585 3860 Moses,
2615 3797 2761 3868 quod
2792 3796 2937 3853 Deus
2967 3806 3023 3851 et
3045 3797 3222 3868 legum
3242 3797 3382 3852 lator
3403 3798 3659 3854 Christus

2074 3899 2183 3945 est.
2219 3889 2333 3944 Etsi
2362 3891 2509 3943 enim
2536 3890 2605 3944 de
2633 3890 2750 3945 suis
2791 3890 3007 3959 legibus
3039 3889 3200 3954 dixit,
3243 3888 3373 3945 Non
3401 3892 3527 3946 licet
3559 3892 3658 3946 ad.-

2074 3984 2227 4047 tlere,
2257 3997 2356 4037 nec
2389 3981 2458 4036 ab
2474 3982 2554 4036 eis
2571 3981 2795 4037 demere
2822 3983 2948 4036 licet
2976 3984 3042 4048 ³⁸,
3075 3991 3257 4039 tamen
3279 3998 3404 4038 eum
3441 3983 3658 4040 Domini

2075 4077 2162 4132 sui
2194 4074 2507 4146 dogmatum
2541 4075 2925 4129 excellentiam
2977 4074 3300 4145 cogitasset,
3359 4075 3429 4137 de
3460 4076 3656 4132 iisdem

2076 4169 2131 4223 in
2163 4169 2277 4222 haec
2304 4168 2468 4222 verba
2512 4167 2761 4236 praecipit
2795 4181 2809 4218 :
2858 4184 2877 4217 ι
2915 4166 3094 4235 Ipsum
3130 4168 3367 4224 audietis
3398 4168 3453 4222 in
3479 4171 3659 4225 omni.

2075 4261 2181 4317 bus
2211 4276 2560 4331 quaecunque
2582 4260 2743 4315 vobis
2760 4259 2963 4314 dixerit
2979 4259 3046 4325 ιο,
3062 4278 3093 4311 ι
3111 4261 3215 4315 hoc
3236 4264 3451 4325 est,etsi
3482 4264 3652 4327 legem

2076 4370 2174 4422 per
2200 4370 2284 4407 me
2308 4353 2474 4407 latam
2518 4352 2653 4407 velit
2701 4350 3015 4407 inuuutare.
3056 4350 3136 4407 Ne
3167 4369 3305 4408 vero
3346 4371 3531 4409 sermo
3566 4356 3658 4410 ille

2076 4447 2246 4501 Musis
2276 4454 2486 4498 tantum
2516 4459 2641 4498 esse
2670 4442 2941 4506 videatur,
2985 4443 3276 4500 confirmat
3309 4462 3432 4499 eum
3473 4446 3655 4509 Paton,

388 4551 491 4588 μου
526 4538 584 4591 ἐν
613 4536 692 4607 τῷ
716 4538 946 4610 στόματι
965 4540 1154 4594 αὑτοῦ.
1191 4561 1210 4592 ι
1253 4542 1397 4598 Ἀλλ’
1436 4544 1555 4615 ἐρεῖ
1593 4562 1713 4611 τις,
1749 4546 1826 4609 ὡς
1871 4548 1967 4601 καὶ

2073 4538 2294 4591 dicens:
2330 4554 2348 4586 ι
2389 4535 2559 4589 [tecte
2593 4549 2674 4599 se,
2708 4547 3054 4603 quaecunque
3086 4533 3301 4588 locutus
3326 4551 3408 4596 es,
3432 4534 3656 4599 habent,

382 4629 497 4691 τοῖς
516 4627 701 4694 ἄλλοις
732 4634 1065 4703 οπροφήταις
1095 4636 1248 4706 ῥῆμα
1292 4636 1567 4707 παρέσχεν
1595 4637 1778 4702 αὑτός.
1824 4640 1967 4693 Ἀλλ’

382 4716 584 4771 ἐκεῖνοι
620 4720 720 4789 μὲν
763 4720 1113 4794 δουλοπρεπῆ
1153 4724 1253 4796 τὴν
1294 4726 1576 4782 διακονίαν
1626 4729 1966 4801 ποιούμενοι,

382 4808 520 4862 Τάδε
555 4809 703 4879 λέγει
735 4812 962 4885 Κύριος,
990 4814 1199 4883 ἔλεγον·
1232 4818 1261 4869 6
1289 4818 1369 4883 δὲ,
1398 4819 1475 4882 ὡς
1509 4819 1587 4875 ὢν
1619 4820 1786 4891 φύσει
1807 4822 1964 4890 Θεὸς,

380 4900 459 4972 τῷ
489 4902 592 4972 μὲν
614 4902 800 4976 λεπρῷ
847 4920 1002 4977 φησι,
1042 4926 1061 4958 ι
1084 4908 1256 4973 Θέλω,
1304 4910 1697 4982 καθαρίσθητι·
1742 4932 1762 4965 ι
1797 4915 1877 4984 τῷ
1906 4915 1966 4968 δὲ

381 4994 650 5065 νεανίσκῳ
679 4996 881 5067 νεκρῷ,
911 5017 930 5050 ι
970 4998 1063 5051 Σοὶ
1090 4998 1255 5067 λέγω,
1271 5001 1526 5074 ἐγέρθητι
1546 5019 1560 5035 ⁸
1597 5023 1616 5057 ι
1653 5006 1747 5058 καὶ
1778 5006 1965 5071 Λαζά-

385 5100 481 5154 ρῳ,
514 5103 532 5136 ι
566 5086 740 5156 Δεῦρο
775 5085 903 5153 ἔξω.
948 5107 967 5141 ι
1012 5091 1100 5152 Ὠς
1129 5091 1185 5144 δὲ
1216 5092 1551 5162 δημιουργὸς
1594 5095 1837 5167 ἐπετίμα
1868 5096 1967 5150 θα·

381 5176 557 5253 λάσσῃ
596 5179 692 5233 καὶ
722 5180 1022 5251 πνεύμασι,
1044 5201 1063 5232 ι
1100 5182 1310 5249 Σιώπα,
1339 5182 1536 5253 λέγων,
1573 5187 1884 5256 πεφίμωσο.
1943 5209 1962 5241 ι

390 5268 557 5342 Ὁρᾷς
586 5273 661 5342 πῆ
698 5271 798 5342 μὲν
819 5271 1079 5336 οὐσιῶδες
1124 5275 1294 5344 ῥῆμα,
1336 5278 1412 5346 πῆ
1454 5277 1514 5330 δὲ
1554 5281 1676 5331 κατ’
1698 5279 1966 5349 ἐλλαμψιν

382 5362 639 5431 μερικὴν.
663 5363 754 5415 Διό
776 5380 941 5434 φησιν
968 5366 995 5417 6
1019 5363 1250 5431 Παῦλος,
1295 5386 1314 5418 ι
1350 5368 1536 5437 Φέρων
1573 5385 1633 5421 τε
1678 5370 1746 5423 τὰ
1790 5370 1968 5424 πάντα

354 5453 457 5528 ,τῷ
485 5454 694 5525 ῥήματι
722 5454 822 5524 τῆς
858 5455 1146 5528 δυνάμεως
1178 5458 1271 5511 τοῦ
1308 5460 1542 5531 Πατρός.
1594 5481 1612 5512 ι
1662 5463 1966 5533 Ἐπὴνεγκε

378 5544 436 5598 δὲ
483 5546 577 5598 καὶ
607 5545 708 5616 τῆς
747 5548 1016 5619 ἐνσάρκου
1056 5546 1363 5622 παρουσίας
1405 5552 1503 5623 τὴν
1536 5553 1714 5607 αίτίαν
1743 5556 1771 5607 ὁ
1794 5558 1961 5610 Maii)-

2078 4629 2400 4700 prophetam
2427 4628 2680 4683 excitabo
2706 4628 2784 4681 tui
2818 4628 3087 4691 similem,
3114 4635 3167 4681 et
3194 4643 3394 4698 ponam
3431 4631 3658 4685 verbum

2074 4735 2256 4775 meum
2296 4720 2353 4774 in
2399 4734 2497 4774 ore
2539 4718 2680 4787 ejus.
2720 4738 2740 4769 ι
2793 4718 2995 4774 Verum
3026 4720 3151 4788 quis
3193 4721 3343 4775 dicat
3379 4738 3392 4775 :
3428 4720 3499 4775 At
3531 4723 3657 4777 aliis

2073 4827 2295 4884 quoque
2326 4810 2609 4882 prophetis
2642 4811 2867 4865 verbum
2915 4812 3167 4882 przehuit.
3220 4813 3289 4866 At
3324 4813 3401 4868 illi
3432 4815 3654 4882 quidem

2075 4906 2445 4962 ministerium
2465 4904 2668 4961 servile
2698 4904 2954 4970 obibant,
2974 4919 3061 4970 ac,
3085 4924 3109 4956 ι
3142 4903 3271 4961 Haec
3311 4906 3446 4961 dicit
3476 4905 3660 4959 Domi—

2076 5012 2234 5062 nus,»
2268 4996 2489 5053 aiebant
2524 5011 2543 5048 :
2569 4996 2660 5051 ille
2682 5011 2812 5050 vero
2854 5011 2951 5064 pro
2984 5004 3179 5050 natura
3214 5012 3313 5050 sua
3355 4996 3657 5058 diviunJe-

2068 5104 2234 5160 proso
2263 5088 2481 5158 quidem
2518 5089 2656 5144 dicit
2685 5106 2701 5143 :
2738 5108 2757 5141 ι
2795 5087 2952 5148 Volo,
2987 5089 3224 5143 mundus
3253 5099 3375 5143 esto
3409 5089 3486 5154 M;
3518 5108 3536 5138 ι
3562 5091 3657 5157 jar-

2070 5182 2196 5237 veni
2234 5183 2360 5236 item
2399 5194 2660 5236 utortuo:
2713 5202 2730 5234 ι
2771 5181 2840 5235 At
2880 5182 2976 5235 tibi
3016 5183 3161 5244 «lico,
3190 5199 3357 5253 surge
3382 5181 3457 5247 ης
3499 5201 3517 5234 ι
3550 5181 3652 5235 La-

2072 5289 2203 5328 zaro
2234 5276 2387 5336 item,
2425 5291 2447 5325 ι
2481 5272 2614 5328 Veni
2652 5274 2800 5328 foras
2836 5274 2903 5327 ".
2953 5292 2971 5324 ι
3010 5273 3257 5341 Denique
3293 5275 3437 5329 velut
3470 5275 3667 5344 opifex

2073 5367 2394 5437 increpabat
2416 5381 2588 5429 mare,
2620 5367 2750 5420 item
2786 5367 3017 5434 spiritus
3055 5386 3068 5421 ε
3099 5388 3131 5419 ’1
3165 5366 3331 5430 Τυορ,
3372 5370 3654 5438 inquietis,

2076 5462 2397 5514 obmutesce
2425 5457 2498 5512 ".
2543 5476 2562 5507 )
2602 5456 2767 5512 Vides
2823 5458 3005 5527 itaque
3049 5460 3245 5529 partim
3284 5460 3520 5515 Verbum
3554 5475 3655 5517 sua

2071 5552 2336 5615 essentia,
2393 5551 2594 5620 partim
2655 5566 2785 5605 vero
2829 5551 3083 5607 doctrina
3140 5552 3325 5608 divina
3375 5571 3438 5606 ex
3479 5566 3654 5624 parte.

456 5753 499 5829 3f
528 5751 685 5808 Joan.
716 5770 757 5818 ι,
790 5753 880 5829 ‘.?._I_.
962 5753 1144 5829 "iss.
1178 5770 1230 5819 κ,
1275 5758 1352 5812 ιι.
1469 5759 1512 5789 ³⁸⁸
1548 5757 1736 5813 Matth.
1775 5762 1967 5825 v,2l,'

2136 5762 2175 5791 3’
2212 5759 2376 5811 \iul‘t'.
2413 5773 2448 5818 I,
2487 5757 2591 5829 23.7
2656 5757 2697 5787 ³⁸
2729 5754 2871 5829 Patri,
2904 5757 3077 5823 “,1”.
3154 5765 3194 5793 3"
3233 5764 3384 5819 i‘t‘lll.
3432 5782 3527 5829 και,

383 5822 609 5878 “Deut.
640 5840 791 5895 mu,
818 5825 899 5880 15.
1022 5826 1059 5857 δ’
1092 5826 1282 5881 Matth.
1331 5844 1442 5895 rm,
1482 5830 1514 5882 5

1651 5832 1694 5861 δ’
1731 5831 1859 5887 Luc.
1897 5850 1993 5901 νη,
2044 5832 2123 5886 li.

2198 5831 2238 5862 "‘
2270 5833 2424 5884 Juatt.
2466 5846 2536 5890 xi.
2572 5828 2657 5882 ςίῖἱ.
2744 5830 2784 5858 ⁸⁸
2821 5827 2990 5887 Mtte.
3030 5849 3102 5899 μ’,
3134 5833 3220 5888 ὖὶ).
