4010 6230
326 356 432 421 919

1550 386 1559 394 '
1643 362 1999 438 PROCOP'H
2040 377 2282 438 GAZ/EI

3470 375 3578 439 920

329 477 674 546 Quapropter
694 475 899 535 Paulus
929 478 1107 550 inquit
1136 498 1149 533 :
1187 501 1205 535 t
1241 485 1433 541 Omnia
1464 486 1567 543 fcrt
1593 491 1763 545 verbo
1786 493 1899 546 vir-

2011 495 2125 561 σῆς,
2149 494 2346 557 αὐτοὺς
2368 494 2547 558 δείξας
2571 494 2694 559 τοὺς
2722 493 2779 559 ἐξ
2815 493 3030 565 Ἰσραὴλ
3065 495 3580 567 παραιτησαμένους

332 569 463 625 tutis
504 579 744 638 paternte
772 570 842 628 ".
884 591 902 622 ι
941 573 1211 645 Allegavit
1264 593 1428 647 porro
1462 580 1640 637 Moses
1678 599 1901 639 causam

332 676 388 715 in
424 675 642 716 carnem
679 661 947 717 adventus
976 677 1044 717 eo
1090 668 1236 735 quod
1281 671 1523 724 ostendit
1560 674 1701 729 tilios
1738 674 1903 731 Israel

235 834 242 841 .
335 752 390 807 in
419 760 600 806 monte
631 751 761 806 Sina
803 752 896 809 Dei
923 769 1019 824 per
1043 757 1222 827 ignem
1249 771 1607 831 conspectum
1647 768 1905 835 depreca-

335 853 420 900 tus
451 860 593 905 esse.
619 860 683 900 ac
708 845 913 901 dixisse
943 847 1075 903 Mosi
1108 867 1119 901 :
1158 870 1177 902 ι
1216 852 1462 921 Loquere
1502 864 1559 908 tu
1593 858 1901 923 nobiscum,

331 951 434 990 nec
458 936 741 991 nobiscum
768 937 1024 1008 loquatur
1043 939 1209 1004 Deus,
1231 959 1300 997 ne
1322 944 1463 1000 forte
1483 950 1781 1003 moriamur
1797 949 1864 1003 “.
1879 972 1898 1003 ι

333 1028 676 1097 Quapropter
715 1028 858 1087 Deus
906 1041 1084 1089 metus
1133 1050 1299 1091 causa
1332 1037 1401 1091 ab
1431 1038 1566 1107 ipsis
1600 1050 1855 1112 suscepta
1885 1084 1901 1107 ,

338 1137 358 1169 ι
404 1117 758 1189 Prophetam,
812 1122 1012 1192 inquit,
1068 1125 1203 1194 ipsis
1259 1130 1561 1185 suscitabo.
1596 1149 1614 1182 ι
1649 1131 1906 1188 Promisit

333 1210 477 1263 enim
530 1212 614 1268 eis
650 1213 1010 1270 humanitatis
1064 1230 1456 1287 conspectum,
1496 1230 1755 1293 tanquam
1798 1227 1905 1281 illis

334 1303 428 1370 qui
458 1303 829 1370 augustiorem
865 1304 986 1372 ejus
1014 1306 1224 1360 vultum
1254 1307 1396 1363 ferre
1427 1312 1736 1380 nequirent.
1759 1314 1906 1378 Qum

333 1396 481 1449 niam
505 1394 672 1463 igitur
704 1395 1020 1451 hominibus
1043 1412 1106 1450 ex
1132 1398 1553 1455 circumcisione
1582 1404 1905 1471 prophetam

336 1484 504 1537 istum
536 1482 832 1556 excitatum
868 1484 931 1537 iri
963 1483 1150 1540 divino
1173 1489 1401 1541 oraculo
1432 1490 1769 1558 praedicitor,
1796 1510 1904 1549 non

336 1574 437 1627 alis
478 1590 536 1628 re
561 1573 822 1629 Servator
853 1576 1035 1644 inquit
1064 1597 1077 1631 :
1111 1597 1129 1629 t
1168 1578 1283 1633 Non
1317 1581 1388 1634 ob
1420 1582 1569 1636 aliud
1597 1584 1716 1638 veni
1744 1602 1905 1651 quant

337 1673 564 1735 propter
591 1680 720 1719 oves
750 1666 946 1722 domus
981 1665 1198 1723 lsraelis
1223 1672 1467 1739 perditas
1494 1673 1562 1729 ".
1604 1692 1622 1725 ι
1660 1673 1815 1731 Unde
1853 1687 1907 1731 et

338 1757 605 1824 apostolis
639 1758 851 1815 edixit:
889 1777 908 1809 t
940 1757 997 1813 In
1045 1762 1191 1815 viam
1226 1765 1468 1833 gentium
1522 1782 1590 1821 ne
1639 1768 1903 1832 abieritis,

2000 585 2101 654 τὴν
2125 588 2182 638 ἐν
2206 587 2336 657 Σινᾷ
2353 586 2447 639 τοῦ
2474 587 2610 641 Θεοῦ
2636 587 2724 640 διὰ
2749 587 2919 657 πυρὸς
2947 588 3293 653 ἐπιφάνειαν,
3318 588 3580 658 λέγοντας

2001 678 2246 737 Μωῦσεῖ,
2286 697 2303 727 t
2336 678 2499 731 Λὰλει
2544 679 2680 749 πρὸς
2713 679 2858 748 ἡμᾶς
2880 718 2895 741 ,
2930 680 3022 731 καὶ
3065 680 3138 750 μὴ
3170 679 3399 733 λαλείτω
3438 682 3580 749 πρὸς

2001 769 2150 837 ἡμᾶς
2179 771 2206 821 ό
2237 768 2388 832 Θεὸς,
2425 772 2497 841 μή
2527 787 2658 824 ποτε
2684 770 3067 841 ἀποθάνωμεν.
3101 791 3119 822 ι
3168 774 3259 824 Διὸ
3286 772 3386 840 τῆς
3413 772 3578 826 εύλα-

2003 860 2157 925 ϐείας
2185 860 2315 923 Θεὸς
2344 862 2541 924 αὐτοῦς
2576 863 2977 931 ἀποδεξάμενος
2998 905 3012 927 ,
3055 882 3073 915 t
3110 864 3403 935 Προφήτην
3423 905 3437 927 ,
3469 882 3580 933 φη-

2004 953 2109 1014 σὶν,
2140 953 2321 1015 αὐτοῖς
2352 955 2665 1024 ἀναστήσω.
2708 975 2726 1006 ι
2776 955 2864 1017 Ὧς
2892 957 2999 1026 γὰρ
3037 957 3448 1027 ἀσθενεστέροις
3474 956 3581 1026 τῆς

2004 1043 2309 1113 κρείττονος
2352 1045 2585 1114 θεωρίας
2634 1048 2733 1115 τὴν
2773 1046 3122 1117 ἀνθρωπίνην
3168 1048 3351 1111 αὐτοῖς
3381 1027 3587 1115 ὲπιφάοξ
3680 1102 3691 1108 ,

2003 1153 2154 1189 νειαν
2179 1138 2561 1207 ἐπηγγείλατο.
2604 1139 2746 1191 Ἀλλ’
2792 1140 2913 1191 ἐπεὶ
2959 1143 3070 1203 τοῖς
3110 1141 3173 1193 ὲκ
3221 1142 3584 1211 περιτομῆςό

2004 1230 2292 1299 προφήτης
2319 1230 2718 1299 ἀναστήσεσθαι
2746 1231 3193 1301 προθεσπίζεται,
3216 1231 3439 1295 εἰκότως
3471 1249 3584 1300 φη-

2007 1321 2090 1371 σὶν
2118 1323 2146 1373 ὀ
2175 1321 2383 1391 Σωτὴρ,
2428 1341 2447 1373 t
2480 1322 2592 1375 Οὐκ
2633 1318 2803 1392 ἦλθον
2839 1327 2887 1376 εἰ
2924 1326 2997 1394 μὴ
3030 1326 3109 1388 εἰς
3153 1325 3223 1379 τὰ
3259 1323 3583 1378 ἀπολωλότα

2005 1411 2252 1481 πρόϐατα
2305 1412 2454 1466 οἴκου
2519 1415 2754 1485 Ἰσραήλ.
2798 1434 2816 1465 ι
2872 1415 2961 1468 Διὸ
2992 1416 3087 1469 καὶ
3115 1418 3228 1479 τοῖς
3257 1414 3585 1478 ἀποστόλοις

2008 1502 2384 1571 παρήγγελλεν
2405 1519 2417 1534 ·
2449 1523 2467 1554 t
2505 1504 2598 1567 Εἰς
2626 1505 2743 1557 όδδν
2771 1504 2939 1559 ἐθνῶν
2964 1508 3035 1575 μὴ
3060 1507 3355 1574 ἀπέλθητε,
3381 1506 3475 1559 καὶ
3499 1507 3586 1568 είς

2009 1591 2164 1645 πόλιν
2202 1593 2553 1664 Σαμαρειτῶν
2585 1594 2660 1665 μὴ
2691 1595 2994 1665 εἰσέλθητε.
3029 1596 3336 1666 Πορεύεσθε
3359 1597 3416 1649 δὲ
3445 1596 3587 1666 μᾶλα

2007 1683 2097 1737 λον
2116 1686 2249 1752 πρὸς
2277 1685 2346 1738 τὰ
2373 1686 2619 1755 πρόϐατα
2643 1689 2711 1740 τὰ
2741 1688 3059 1741 ἀπολωλότα
3093 1690 3244 1741 οἴκου
3275 1688 3527 1758 Ἰσραήλ·
3560 1702 3582 1736 ι

2008 1775 2202 1845 δηλῶν,
2236 1777 2309 1839 ὡς
2339 1781 2522 1841 αὐτοῖς
2576 1781 3005 1850 προηγουμένως
3032 1780 3172 1833 κατὰ
3214 1781 3313 1849 τὴν
3360 1797 3583 1850 προφη-

337 1861 403 1900 ac
446 1847 499 1901 in
540 1848 815 1903 civitatem
870 1847 1343 1907 Samaritanorum
1393 1872 1457 1909 ne
1507 1857 1742 1921 intretis,
1775 1864 1904 1931 quin

2011 1867 2155 1921 τείαν
2176 1869 2506 1922 ἀπέσταλτο.
2530 1846 2840 1942 Τοιγαροῦν.
2857 1871 2930 1942 μὴ
2953 1846 3585 1941 δεξαμένωννὰπελέγχει

337 1939 517 2006 potius
543 1939 749 2009 pergite
781 1941 847 1993 ad
899 1957 1033 1997 oves
1065 1944 1308 2009 perditas
1340 1944 1535 2002 domus
1573 1949 1737 2004 Israel
1771 1953 1840 2006 ⁸⁸.
1883 1973 1902 2005 ι

338 2033 546 2096 Quibus
582 2035 648 2089 ad
685 2034 834 2102 ipsos
895 2033 947 2088 in
1000 2035 1194 2102 primis
1249 2037 1405 2103 juxta
1453 2043 1803 2109 prophetiam
1847 2059 1907 2100 se

339 2123 566 2179 missum
596 2140 719 2180 esse
749 2125 973 2181 indicat.
1005 2125 1352 2195 Quapmpter
1380 2130 1450 2181 ab
1484 2132 1564 2185 eis
1591 2146 1719 2185 cum
1752 2148 1906 2188 rece—

339 2222 465 2283 ptus
499 2230 607 2268 non
665 2225 812 2269 esset
843 2255 858 2277 ,
891 2216 1017 2270 alibi
1064 2217 1239 2286 ittquit
1272 2236 1285 2270 :
1330 2236 1349 2269 t
1407 2219 1587 2284 Quare
1633 2225 1777 2288 veni,
1808 2240 1908 2280 nec

339 2304 628 2371 quisquam
658 2306 938 2360 hominum
968 2317 1104 2369 erat,
1130 2308 1345 2371 vocavi,
1368 2325 1467 2363 nec
1495 2310 1588 2379 qui
1620 2316 1905 2368 exaudiret

337 2403 458 2448 erat
486 2396 551 2450 ".
595 2416 614 2448 ι
652 2397 793 2451 Dicit
826 2413 993 2467 porro
1015 2398 1081 2452 ad
1112 2414 1207 2453 eos
1236 2416 1249 2452 :
1284 2419 1303 2451 ι
1348 2401 1593 2469 Regnum
1628 2403 1717 2458 Dei
1753 2420 1780 2457 a
1809 2422 1897 2457 vo-

2013 1958 2113 2027 μὲν
2141 1960 2338 2023 αὐτοὺς
2366 1963 2423 2013 ὲν
2442 1961 2669 2031 ἑτέροις,
2699 1960 2893 2028 λέγων,
2922 1981 2941 2014 t
2973 1964 3117 2014 Διότι
3138 1957 3323 2030 ἦλθον,
3359 1961 3453 2016 καὶ
3481 1962 3587 2014 οὐκ

2009 2048 2319 2120 ἄνθρωπος,
2357 2052 2609 2117 ἐκάλεσα,
2651 2053 2747 2106 καὶ
2776 2054 2878 2106 οὐκ
2905 2049 2973 2125 ἦν
3001 2056 3028 2107 6
3070 2054 3381 2112 ὑπακούων,
3415 2070 3434 2103 ι
3488 2052 3586 2103 καί

2011 2156 2143 2208 φησι
2172 2142 2308 2211 πρὸς
2326 2144 2548 2208 αὐτοὺς,
2579 2162 2597 2196 t
2646 2145 2974 2216 Ἀρθήσεται
3009 2145 3103 2214 ἀφ’
3148 2145 3303 2213 ὑμῶν
3350 2145 3384 2214 ἡ
3424 2144 3586 2214 βασι-

2010 2228 2127 2284 λεία
2159 2232 2250 2285 τοῦ
2284 2233 2418 2286 Θεοῦ
2447 2274 2462 2298 ,
2515 2235 2609 2288 καὶ
2649 2235 2937 2307 δοθήσεται
2967 2235 3110 2289 ἔθνει
3163 2234 3407 2287 ποιοῦντι
3458 2235 3590 2296 τοὺς

1967 2323 2256 2391 ,καρποὺς
2307 2324 2498 2394 αὐτῆς.
2541 2344 2561 2376 ι
2593 2356 2662 2367 -
2712 2343 2731 2377 ι
2777 2325 3147 2396 Πορευθέντες
3203 2325 3587 2396 μαθητεύσατε

2010 2414 2185 2467 πάντα
2216 2416 2284 2467 τὰ
2307 2416 2454 2485 ἔθνη.
2489 2436 2507 2467 ι

346 2490 425 2546 his
459 2490 773 2554 auferetur,
804 2492 1059 2562 gentique
1098 2490 1310 2550 fructus
1347 2492 1467 2563 ejus
1517 2494 1697 2550 edenti
1732 2500 1979 2556 tradetur
2005 2505 2073 2558 ⁸ο.
2113 2525 2132 2557 ι
2162 2505 2377 2560 Mandat
2424 2525 2550 2563 vero
2577 2510 2860 2579 discipulis
2896 2525 2910 2559 :
2981 2530 2999 2561 t
3038 2509 3270 2564 Profecti
3310 2508 3585 2564 instituite

340 2598 531 2637 omnes
565 2591 755 2652 gentes
780 2582 848 2637 ".
886 2602 904 2634 ι

412 2697 593 2765 Atque
626 2708 684 2751 ιιι
713 2698 1030 2768 dignitatem
1062 2701 1235 2771 legum
1288 2702 1565 2771 propheta:
1612 2704 1778 2776 hujus
1842 2707 1981 2765 Deus
2016 2690 2281 2778 illustret:
2320 2712 2493 2783 inquit
2526 2730 2539 2767 :
2572 2731 2589 2763 t
2629 2711 2953 2780 Quicunque
2991 2728 3097 2765 non
3133 2711 3365 2765 audierit
3399 2711 3587 2763 omnia

341 2798 685 2852 quaecunque
720 2786 936 2841 locutus
971 2786 1139 2841 fuerit
1177 2790 1439 2858 propheta
1476 2807 1528 2844 tn
1562 2795 1785 2850 nomine
1809 2812 1951 2854 meo.
1978 2799 2047 2852 ab
2075 2815 2141 2853 eo
2198 2814 2412 2869 pmnant
2444 2802 2676 2869 exigam,
2720 2819 2737 2850 ι
2802 2798 3269 2867 quemadmodum
3335 2812 3493 2867 poena
3522 2798 3592 2851 de

343 2872 448 2926 hoc
475 2873 677 2941 populo
709 2883 924 2941 sumpta
956 2887 1034 2928 est
1066 2884 1288 2944 propter
1316 2877 1637 2945 sanguinem
1672 2881 1764 2949 qui
1796 2881 1864 2935 ab
1892 2882 2022 2937 Abel
2050 2886 2258 2941 ellusus
2283 2897 2366 2941 est
2394 2903 2568 2955 usque
2601 2888 2667 2939 ad
2698 2886 3044 2950 Zachariam,
3075 2894 3129 2940 et
3155 2893 3434 2956 postremo
3464 2899 3588 2938 om-

344 2963 495 3017 nium
528 2964 703 3031 ipsum
731 2961 1034 3027 Christum,
1068 2963 1228 3032 cujus
1262 2967 1586 3035 sanguinem
1620 2982 1744 3021 cum
1782 2969 1834 3023 in
1903 2982 2065 3040 caput
2112 2988 2271 3026 suum
2320 2975 2730 3043 liberorumque
2757 2973 3131 3040 devovissent,
3157 2973 3461 3028 etiamnum
3486 2972 3592 3024 ἰαιν-

346 3050 568 3119 pietatis
595 3050 741 3104 illius
766 3065 984 3119 pinnam
1030 3052 1323 3107 sustinent.

418 3165 486 3222 Et
505 3168 795 3240 quicunque
826 3169 1029 3223 loeutus
1056 3168 1214 3238 fuerit
1234 3172 1287 3223 in
1308 3171 1517 3224 nomine
1545 3171 1763 3227 deorum
1786 3175 1913 3228 alio-

2092 3185 2197 3238 Καὶ
2236 3184 2302 3249 ὃς
2346 3185 2453 3239 ἐὰν
2484 3182 2729 3251 ,λαλήσῃ
2757 3184 3120 3253 ἐπ’ὀνόματι
3154 3181 3305 3236 θεῶν
3340 3182 3588 3248 ἐτέρων,

351 3276 491 3324 runt,
515 3263 771 3314 morietur
798 3262 1049 3331 propheta
1078 3261 1183 3315 ille.
1211 3258 1419 3332 [XVIIL
1441 3261 1557 3333 ‘20.]
1578 3262 1913 3333 Quapropter

2023 3272 2405 3326 ἀποθανεῖται
2432 3274 2465 3323 ὁ
2491 3255 2801 3339 ἑροφήτης
2830 3270 3078 3335 ἐκεῖνος.
3116 3272 3317 3341 Διόπερ
3342 3273 3369 3323 6
3388 3272 3591 3341 Κύριος

344 3354 571 3409 verbum
597 3370 757 3410 suum
783 3355 984 3423 ubique
1007 3354 1152 3409 Patri
1171 3365 1450 3425 acceptum
1476 3353 1580 3410 fert
1612 3355 1872 3411 Dominus
1898 3375 1911 3410 :

2023 3357 2305 3427 πανταχοῦ
2327 3357 2406 3429 τῷ
2427 3359 2600 3428 Πατρὶ
2628 3360 2756 3421 τοὺς
2791 3360 3025 3421 οἰκείους
3065 3359 3355 3428 ἀνατίθησι
3372 3360 3590 3425 λόγως,

347 3443 492 3498 Nihil
522 3445 819 3515 quidquam
855 3460 919 3500 ex
962 3459 1047 3499 me
1083 3448 1203 3515 ipso
1252 3447 1482 3516 loquor,
1518 3446 1730 3515 dicens,
1761 3464 1913 3502 matt-

2034 3449 2153 3501 Ἀπ’
2191 3449 2431 3514 ἐμαυτοῦ
2454 3492 2466 3515 ,
2496 3449 2692 3518 λέγων,
2724 3449 2869 3502 λαλῶ
2902 3451 3055 3504 οὐδέν
3077 3467 3089 3480 ·
3133 3450 3355 3523 ἐντολὴν
3396 3451 3591 3503 ελαῦον

348 3536 535 3592 datum
568 3555 595 3593 a
619 3537 782 3594 Patre
815 3554 935 3593 meo
966 3539 1151 3608 accepi
1192 3538 1257 3592 ⁸⁸.

2021 3542 2172 3610 παρὰ
2210 3543 2304 3594 τοῦ
2332 3541 2544 3611 Πατρός
2581 3560 2682 3611 μου
2713 3540 2848 3611 (96).

422 3650 482 3706 St'
514 3653 718 3706 locutus
751 3651 914 3721 fuerit
935 3654 1186 3722 propheta
1213 3652 1269 3705 in
1298 3653 1509 3707 nomine
1542 3668 1675 3713 meo.
1706 3663 1753 3707 et
1783 3671 1886 3707 non
1918 3653 2121 3721 factum
2153 3653 2311 3723 fuerit
2349 3653 2583 3709 verbum.
2616 3653 2755 3726 [22.]
2788 3648 2844 3709 In
2879 3653 3117 3710 Jeremia
3172 3658 3300 3711 item
3363 3656 3541 3725 inquit
3577 3673 3591 3709 :

355 3756 375 3791 t
409 3738 679 3810 Propheta
703 3743 759 3794 in
788 3755 898 3809 quo
933 3749 1016 3793 est
1051 3741 1408 3804 insomnium,
1446 3748 1632 3795 narret
1671 3742 2005 3795 insomnium
2043 3754 2235 3803 suum;
2267 3747 2321 3793 et
2359 3739 2522 3811 446
2554 3741 2606 3793 in
2640 3757 2751 3812 quo
2781 3742 3008 3796 verbum
3065 3757 3245 3796 meum
3277 3742 3370 3796 .ad
3410 3743 3590 3810 ipsum

350 3829 582 3890 factum.
624 3828 849 3882 verbum
879 3843 1060 3882 meum
1088 3842 1210 3884 cum
1243 3828 1473 3883 veritate
1504 3830 1753 3882 enuntiet
1782 3830 1849 3882 ⁵³.
1885 3845 1904 3877 ι
1934 3825 2075 3893 Quid
2098 3826 2264 3896 igitur
2296 3827 2548 3882 dicemus
2581 3828 2650 3882 de
2691 3826 2849 3893 Jona,
2883 3831 2974 3899 qui
3009 3830 3258 3899 prmdixit
3307 3831 3452 3900 quod
3482 3848 3591 3884 non

350 3919 531 3971 t-venit
557 3917 637 3970 “1'
659 3917 730 3971 De
753 3916 1061 3981 lsaiaitem,
1091 3917 1181 3984 qui
1232 3917 1476 3971 Ezechiae
1508 3926 1740 3970 mortem
1766 3930 1875 3983 prae
1908 3915 2119 3969 foribus
2141 3928 2267 3969 esse
2300 3914 2573 3982 przt‘dixit,
2608 3915 2838 3985 ipsaque
2880 3934 2986 3971 non
3014 3915 3115 3971 fuit
3149 3917 3236 3971 "?
3264 3916 3443 3986 Atque
3479 3922 3593 3970 haec

350 4020 397 4058 et
433 4005 746 4076 hujusmodi
770 4005 877 4059 alia
911 4005 1081 4059 ntulta
1118 4005 1395 4071 invenias;
1438 4020 1625 4058 verum
1655 4005 1829 4074 ipsum
1859 4006 2083 4057 verbum
2114 4013 2329 4057 nonest
2368 4003 2627 4065 mendax,
2661 4006 2793 4073 quin
2832 4005 2965 4075 ipsae
3003 4021 3091 4061 res
3129 4006 3197 4062 de
3238 4005 3442 4076 quibus
3474 4023 3593 4059 ver-

352 4096 480 4148 hntn
511 4104 747 4153 constat.
783 4094 1138 4149 mutationem
1168 4093 1500 4162 suscipiunt.
1530 4092 1781 4146 Ninivitte
1806 4094 2007 4146 etenim
2050 4108 2173 4145 cum
2206 4090 2460 4155 Ezechia,
2497 4103 2677 4148 mente
2706 4101 2933 4156 mutata,
2961 4096 3016 4149 in
3047 4095 3232 4149 ﬂetum
3271 4109 3589 4165 eruperunt.

353 4183 662 4249 Quinetiam
694 4182 938 4236 medicus
968 4191 1173 4252 aegroto
1200 4182 1502 4250 periturum
1532 4180 1669 4234 dicit
1701 4181 1753 4234 ni
1783 4195 1972 4234 venam
2006 4179 2079 4233 illi
2111 4180 2431 4245 insecuerit,
2460 4195 2832 4249 saepenumero
2857 4196 2984 4236 vero
3025 4190 3327 4251 spontauea
3359 4198 3593 4238 evacuao

356 4274 504 4324 tione
534 4268 698 4336 facta,
740 4280 826 4324 est
848 4277 1120 4324 servatus.
1145 4265 1256 4321 Nec
1279 4282 1412 4323 sane
1444 4281 1535 4323 ars
1566 4269 1742 4337 ipsum
1779 4266 1994 4331 fefellit,
2020 4267 2201 4321 versio
2235 4281 2364 4321 vero
2394 4283 2559 4337 penes
2600 4269 2909 4333 subjectum
2942 4280 3052 4325 est.
3079 4271 3154 4323 Ac
3191 4271 3298 4324 illis
3331 4286 3464 4326 sane
3502 4288 3593 4326 ne-

354 4360 598 4412 cessario
624 4356 768 4426 quod
800 4356 1121 4426 praadictum
1149 4364 1292 4421 erat,
1322 4354 1618 4425 evenisset,
1667 4353 1937 4424 siquidem
1978 4366 2214 4409 mentem
2262 4371 2370 4409 non
2419 4365 2745 4410 mutassent.
2793 4358 2906 4412 lino
2955 4373 3087 4413 vero
3113 4358 3232 4427 ejus
3263 4360 3594 4413 mutationis

356 4447 530 4516 gratia
563 4445 701 4499 facta
737 4454 821 4498 est
853 4443 1156 4513 praedictio.

434 4529 556 4585 Non
595 4541 777 4599 surgat
810 4531 958 4585 testis
992 4546 1128 4584 unus
1156 4531 1224 4584 ad
1257 4529 1616 4584 testimonium
1655 4529 1935 4583 dicendum
1987 4537 2177 4581 contra
2230 4514 2538 4597 proximum
2584 4544 2760 4583 suum.
2824 4527 2991 4601 [X|X,
3031 4530 3144 4601 15.]
3203 4530 3598 4602 Quemcunque

359 4618 638 4673 honinem
680 4619 989 4686 proximum
1030 4625 1208 4673 vocat.
1243 4617 1358 4671 Non
1379 4617 1526 4672 enim
1558 4617 1747 4685 utique
1775 4624 1965 4672 contra
2003 4632 2097 4671 eos
2128 4618 2221 4685 qui
2257 4618 2374 4671 loco
2403 4619 2595 4670 remoti
2623 4626 2751 4671 sunt
2782 4618 2864 4672 fas
2904 4627 3046 4672 erat.

428 4725 538 4780 Nee
566 4742 695 4780 vero
715 4727 838 4782 aliis
862 4727 918 4781 in
942 4727 1108 4781 rebus
1130 4742 1291 4796 quam
1322 4726 1477 4783 visis.
1497 4728 1556 4780 in
1590 4726 1755 4782 rebus
1778 4727 1921 4782 enim
1958 4708 1999 4762 D

358 4819 591 4874 occultis
627 4819 784 4873 testis
834 4819 974 4873 Deus
1027 4830 1132 4883 est,
1160 4829 1214 4873 et
1254 4819 1616 4883 conscientia,
1648 4819 1758 4873 duo
1789 4821 1923 4872 haec.

360 4911 473 4968 Nec
502 4913 607 4966 non
643 4919 811 4967 testes
844 4920 956 4965 tres
985 4920 1114 4964 sunt
1142 4921 1331 4965 sancta
1360 4907 1605 4967 Trinitas
1626 4953 1639 4973 ,
1682 4924 1789 4978 qua
1844 4910 1929 4964 vi.

360 5008 525 5060 dente
554 5013 607 5060 et
632 5004 888 5059 audiente
913 5003 1044 5057 Abel
1074 5002 1240 5058 etiau
1270 5010 1519 5056 tuortuus
1545 5002 1723 5056 adhuc
1757 5002 1930 5071 loqui-

360 5101 472 5147 tur.
504 5090 685 5148 Testis
718 5092 865 5146 enim
899 5090 1071 5146 fidelis
1102 5090 1249 5146 Deus
1271 5099 1379 5155 est,
1411 5092 1500 5160 qui
1524 5090 1658 5145 dicit
1690 5108 1702 5143 :
1740 5108 1758 5141 t
1787 5090 1932 5143 Nihil

362 5186 661 5255 quidquam
696 5201 780 5240 me
808 5184 1074 5239 celabitur
1101 5184 1166 5237 ⁵⁸.
1208 5202 1226 5234 ι
1253 5213 1322 5225 -ρ
1350 5202 1368 5235 ι
1395 5182 1590 5237 Omnia
1625 5182 1768 5236 enim
1792 5182 1934 5235 nuda

364 5289 416 5333 et
446 5288 635 5348 aperta
663 5293 851 5335 coram
881 5278 989 5333 Deo
1014 5284 1144 5331 sunt
1165 5276 1236 5338 ",
1257 5294 1275 5327 ι
1304 5290 1428 5329 eum
1457 5276 1621 5329 etiam
1644 5274 1932 5343 cogitatio-

438 5390 484 5424 ⁸⁸
516 5391 682 5445 Hebr.
717 5408 753 5453 t,
782 5390 834 5444 5.

366 5462 410 5493 “
444 5459 634 5515 Matth.
685 5477 876 5523 xxviii,
932 5460 1018 5513 19.

369 5530 415 5563 ⁸⁸
444 5528 645 5585 Jercm.
679 5530 959 5595 xxxtt,‘l7.
1037 5532 1075 5562 "
1111 5527 1270 5582 Hebr.
1303 5543 1374 5592 tv,
1409 5525 1494 5582 l3.

2113 4722 2275 4776 Ἀλλὰ
2302 4722 2475 4776 ταῦτα
2526 4725 2625 4792 μὲν
2669 4726 2762 4777 ἐπὶ
2786 4726 2893 4779 τῶν
2940 4724 3254 4795 ὁρωμένων,
3284 4725 3380 4778 ἐπὶ
3410 4727 3466 4778 δὲ
3494 4726 3601 4778 τῶν

2029 4813 2401 4868 λανθανόντων
2426 4815 2632 4884 μάρτυς
2655 4815 2784 4878 Θεὸς
2808 4817 2902 4868 καὶ
2921 4815 2981 4867 τὸ
2999 4815 3254 4878 συνειδὸς,
3279 4815 3389 4868 δύω
3408 4816 3598 4869 ταῦτα·

2032 4910 2124 4963 καὶ
2150 4912 2298 4978 τρεῖς
2316 4909 2371 4962 δὲ
2396 4913 2673 4980 μάρτυρες
2695 4911 2727 4981 ἡ
2749 4911 2881 4979 ἁγία
2907 4911 3097 4980 Τριάς.
3130 4904 3241 4974 Ἦς
3269 4911 3487 4982 ὁρώσης
3511 4913 3603 4964 καὶ

2031 5004 2353 5073 ἀκουούσης,
2382 5003 2410 5054 ὁ
2438 5003 2603 5057 Ἀὁελ
2634 5005 2725 5057 καὶ
2746 5003 3055 5067 ἀποθανὼν,
3076 5006 3155 5057 ἔτι
3177 5005 3345 5059 λαλεῖ.
3377 5006 3603 5077 Μάρτυς

2033 5094 2142 5163 γὰρ
2177 5094 2368 5158 πιστὸς
2397 5097 2425 5147 6
2458 5096 2611 5157 Θεὲις,
2636 5096 2811 5163 λέγων
2833 5135 2848 5156 ,
2883 5115 2899 5147 ι
2929 5097 3017 5163 Μὴ
3046 5098 3142 5149 ἀπ’
3174 5097 3309 5166 ἐμοῦ
3342 5099 3607 5168 κρυϐήσε-

2033 5184 2124 5235 ταί
2154 5201 2205 5236 τι
2227 5202 2247 5257 _;
2275 5204 2292 5235 ι
2315 5213 2383 5223 —-
2414 5206 2429 5235 t
2461 5186 2643 5239 Πάντα
2670 5188 2775 5257 γὰρ
2805 5188 2987 5256 γυμνὰ
3015 5187 3109 5241 καὶ
3132 5189 3606 5257 τετραχηλισμένα

2041 5274 2268 5327 ὲνὼτιιον
2312 5276 2406 5328 τοῦ
2437 5277 2592 5340 Θεοῦ,
2632 5299 2650 5329 ι
2693 5277 2801 5330 τῶν
2824 5277 3100 5349 λογισμῶν
3131 5280 3602 5350 κατηγορούντων,

924 5390 969 5421 ⁵⁸
993 5376 1164 5445 Exod.
1195 5402 1290 5459 xx,
1316 5388 1396 5444 l9.
1476 5388 1523 5419 "
1548 5387 1913 5459 ;\!atth_._xv._“2

2062 5395 2103 5424 ⁸⁸
2138 5393 2325 5447 Matth.
2356 5411 2407 5453 Χ,
2444 5396 2494 5449 Si.
2522 5394 2572 5446 6.
2650 5393 2693 5423 ⁸⁸
2734 5395 2833 5446 Isa.
2872 5410 2922 5453 l.,
2954 5393 3006 5447 Ξ.
3086 5393 3131 5424 ³ο
3167 5394 3351 5446 ΜςιΙιΙι.
3401 5396 3603 5449 xleI’i.

1147 5467 1196 5503 η
1226 5455 1389 5519 ιω.
1453 5474 1563 5517 xiv.
1600 5460 1683 5519 ιο,
1704 5455 1841 5509 Si.”
1864 5457 2061 5516 Jerent.
2102 5481 2254 5525 xviii,
2282 5466 2365 5517 τις.

2485 5465 2529 5494 ⁵³
2560 5464 2713 5517 .lnn.e
2780 5477 2855 5527 Ill,
2886 5464 2937 5519 4.
3005 5466 3049 5496 ⁸⁵
3083 5466 3181 5517 lszt.
3219 5481 3454 5524 xxxviii,
3498 5466 3603 5518 1-9.

1893 5619 2119 5676 ΝΟΤᾹί.

452 5716 558 5790 (96)
585 5717 765 5784 Μέρος
786 5718 879 5772 τοῦ
912 5717 1291 5789 προλαϐόντος,
1364 5716 1420 5767 ὲν
1453 5708 1495 5780 ᾧ
1557 5714 1630 5777 ὡς
1683 5714 1833 5784 ἔτυχε
1904 5718 2295 5790 παρέρριπται,
2336 5718 2589 5787 οὐδεμίαν
2638 5714 2818 5785 σχεδὸν
2890 5715 3000 5775 τοῖς
3055 5711 3417 5783 προλαϐοῦσιν
3475 5710 3613 5782 ἔχων

376 5787 692 5852 συνάφειαν.
