4010 6230
440 349 540 415 921

436 461 469 529 ἢ
501 462 592 515 καὶ
626 460 1099 532 ἀπολογουμένων,
1146 466 1243 518 καὶ
1284 469 1386 520 οὐκ
1426 468 1540 521 ἔστι
1587 466 2013 536 προσωποληψία
2045 503 2083 556 Α

438 554 589 624 παρὰ
618 552 694 625 τῷ
717 553 874 626 Θεῷ,
923 575 940 607 ι
980 556 1112 608 Οὐδὲ
1141 558 1396 628 τέρπεται
1446 561 1533 611 ἐπ’
1575 559 1820 629 ἀπωλείᾳ
1867 558 2006 623 ζών-

437 660 570 698 των.
614 663 632 695 ο

517 756 534 785 ι
560 736 791 807 Μάρτυς
817 735 871 788 δὲ
894 736 1080 800 πιστὸς
1107 739 1166 791 οὐ
1185 738 1461 807 ψεύδεται,
1478 743 1596 811 digii
1620 742 1788 808 Σοφία
1819 742 2005 810 φησὶν.

437 830 486 880 οἱ
520 828 577 881 δὲ
609 828 825 897 ψευδεῖς
855 829 1211 894 ἀπολοῦνται,
1257 852 1276 885 ι
1330 838 1470 888 κατά
1498 837 1621 898 τοὺς
1679 834 1893 895 ἀδίκους
1918 834 2007 886 ἐπὶ

438 918 680 987 Σουσάνῃ
707 904 968 980 δικαστάς
998 935 1059 970 τε
1094 920 1186 972 καὶ
1237 922 1545 992 μάρτυρας.
1590 943 1607 973 ι
1646 921 1871 989 Μάρτυς
1905 921 2013 989 γὰρ

435 1006 637 1078 ψευδὴς
668 1008 766 1059 οὐκ
800 1008 1149 1079 ἀτιμώρητος
1191 1010 1366 1074 ἔσται,
1422 1032 1440 1064 ι
1486 1015 1624 1065 κατά
1674 1013 1774 1081 τὴν
1818 1012 2016 1081 Παροι-

440 1098 591 1166 μίαν.
642 1117 660 1148 ι
703 1099 917 1153 Λάκκον
961 1100 1071 1171 γὰρ
1106 1100 1284 1171 ὤρυξε
1328 1104 1421 1156 καὶ
1467 1102 1774 1171 ἀνέσκαψεν
1823 1102 2009 1167 αὐτὸν,

436 1191 529 1242 καὶ
553 1191 875 1260 ἐμπεσεῖται
902 1193 982 1256 εἰς
1013 1192 1203 1264 βόθρον
1233 1195 1291 1247 ὃν
1320 1195 1633 1265 εἰργάσατο.
1675 1214 1694 1245 υ

1321 358 1854 420 COMMENTARH
1886 358 1967 419 IN
2004 354 2700 418 DEUTERONOMIUM.

3579 356 3684 419 9‘22

2115 480 2212 518 nes
2243 463 2486 537 ‘hominis
2533 468 2821 526 accusent,
2880 468 2974 515 aut
3028 461 3193 515 etiam
3235 460 3550 517 defendant.
3581 463 3692 521 Nec

2115 558 2351 627 amplius
2402 571 2761 626 personarum
2827 564 3109 622 reSpectus
3170 566 3255 611 est
3292 557 3434 626 apud
3497 557 3689 624 Deum,

2117 664 2292 715 neque
2321 656 2499 700 tamen
2534 666 2550 697 ι
2589 648 2893 701 delectatur
2930 647 3159 700 interitu
3186 648 3484 701 viventium
3522 648 3587 702 ⁸⁸.
3629 667 3649 698 ι

2182 735 2476 799 Caeterum,
2506 753 2524 784 ι
2556 734 2737 789 Testis
2772 734 2910 790 ﬁdus
2936 752 3042 788 nun
3071 738 3353 799 mentitur,
3379 747 3431 790 ut
3469 738 3694 807 Sapien-

2116 827 2188 879 tia
2223 826 2423 893 inquit,
2452 826 2745 881 mendaces
2780 841 2909 880 vero
2950 826 3209 895 peribunt
3258 827 3326 880 ⁸⁸.
3363 846 3381 878 ι
3417 826 3691 893 Quetnad-
3776 896 3783 903 '

2118 920 2331 970 modum
2374 917 2660 986 jndicibns
2691 919 2743 971 in
2778 917 3049 972 Susanna:
3092 933 3260 973 causa
3296 919 3518 987 iniquis,
3562 921 3691 973 item

2115 1007 2351 1059 testibus
2389 1008 2587 1060 accidit
2612 1008 2679 1059 ⁸ο.
2709 1026 2726 1056 ι
2760 1006 2940 1061 Testis
2961 1008 3105 1061 enim
3134 1007 3439 1063 falsusnon
3468 1009 3694 1077 impune

2110 1098 2283 1152 abibit
2307 1099 2373 1157 ⁸⁸,
2412 1117 2429 1148 ι
2477 1106 2537 1150 ιιι
2582 1099 2657 1151 ait
2693 1097 2952 1151 Salomon
3006 1098 3058 1152 in
3116 1098 3431 1153 Proverbio.
3465 1118 3481 1151 ι
3517 1098 3691 1152 Cuni-

2111 1191 2292 1241 culutn
2322 1192 2466 1244 enim
2498 1188 2779 1251 iudicavit,
2802 1198 2854 1241 et
2876 1190 3063 1244 cliodit
3090 1192 3265 1244 illtttn.
3291 1189 3486 1245 Incidit
3508 1200 3692 1246 autem

2110 1281 2162 1334 in
2191 1281 2398 1335 foveam
2429 1298 2597 1351 quam
2630 1281 2756 1337 fecit
2785 1283 2851 1336 ⁶¹.
2888 1301 2906 1333 ι

1032 1354 1055 1374 \

511 1387 730 1443 Oculum
766 1407 863 1457 pro
887 1391 1063 1445 oculo.
1100 1390 1243 1464 [2L]
1274 1393 1401 1446 Eam
1438 1393 1613 1462 legem
1657 1401 1917 1461 tanquam
1954 1394 2178 1446 stultam
2207 1395 2441 1447 correxit
2470 1395 2747 1459 Christus,
2781 1410 2905 1449 cum
2942 1394 3125 1464 inquit
3160 1411 3172 1448 :
3205 1414 3221 1444 ι
3250 1394 3364 1463 Ego
3396 1410 3529 1449 vero
3567 1399 3690 1450 dico

435 1478 591 1529 vobis
621 1493 687 1529 ne
733 1480 1001 1535 resistatis
1036 1482 1198 1544 malo,
1232 1495 1422 1535 verum
1482 1481 1527 1534 si
1577 1482 1697 1541 quis
1739 1481 1833 1533 tibi
1897 1479 2111 1549 alapam
2146 1481 2431 1549 impcgerit
2461 1482 2511 1535 in
2564 1483 2811 1535 dextram
2851 1483 3151 1547 maxillam,
3186 1483 3412 1537 obverte
3444 1483 3491 1535 ei
3525 1483 3694 1536 etiam

435 1564 657 1616 alteram
697 1564 763 1619 °'.
808 1584 825 1615 ι
859 1567 988 1619 Item
1020 1584 1033 1620 :
1068 1585 1087 1618 ι
1118 1566 1236 1620 Nisi
1273 1566 1864 1635 abundaveritjusntia
1895 1574 2074 1621 vestra
2105 1569 2170 1625 ⁸⁵.
2215 1585 2234 1617 ι
2265 1575 2318 1621 et
2353 1568 2561 1636 reliqua
2603 1567 2881 1639 deinerps.

504 1669 606 1723 Τὸν
634 1672 732 1741 τῆς
761 1673 1083 1742 νομοθεσίας
1113 1674 1315 1729 σκοπὸν
1351 1677 1447 1729 καὶ
1488 1674 1759 1746 Ἱερεμίας
1801 1677 2004 1747 ἐδήλω-

2176 1676 2446 1735 Creterum
2496 1678 2662 1748 hujus
2713 1680 2849 1750 legis
2899 1696 3127 1751 scopum
3177 1678 3446 1737 Jeremias
3477 1697 3697 1753 quoque

436 1779 516 1818 σε.
544 1763 738 1830 ὶέγων,
785 1782 803 1813 ι
841 1765 1067 1833 Ἀγαθὸν
1095 1767 1249 1832 ἀνδρὶ
1277 1768 1405 1820 ὅταν
1440 1768 1545 1839 ἄρῃ
1585 1770 1746 1838 ζυγὸν
1794 1771 1850 1822 ὲν
1888 1770 2009 1822 νεό-

434 1870 582 1923 τητι,
638 1857 718 1908 ὅτι
766 1852 901 1928 ἦρεν
947 1860 1029 1927 ἐφ’
1058 1859 1256 1930 ἐαυτῷ.
1286 1860 1456 1913 Δὼσει
1498 1864 1556 1914 ἐν
1591 1862 1803 1932 χώματι
1834 1861 2008 1931 στόμα

434 1945 622 2001 αὐτοῦ.
653 1947 714 2000 El
750 1948 858 2019 ἄρα
884 1950 1032 2003 ἐστὶν
1068 1951 1244 2014 ἐλπὶς,
1282 1953 1445 2006 δώσει
1494 1953 1571 2023 τῷ
1606 1953 1817 2007 παίοντι
1846 1954 2008 2007 αὐτὸν

433 2038 1133 2110 σιαγόνα,χορτασθήσεται
1167 2044 1514 2113 ὀκιειδισμοῦ·
1552 2047 1633 2098 ὅτι
1669 2046 1768 2098 οὐκ
1801 2047 1880 2109 εἰς
1919 2046 2009 2098 τὸν

433 2126 605 2180 αἰῶνα
628 2130 908 2184 ἀπώσεται
932 2133 1154 2202 Κύριος.
1192 2152 1212 2186 ι
1248 2135 1500 2189 Τοιοῦτον
1531 2137 1629 2189 ttat
1659 2137 1739 2205 τὸ,
1780 2156 1798 2187 ι
1848 2139 2007 2203 Ἀγα-

433 2216 629 2287 πήσεις
650 2220 740 2272 τὸν
764 2221 991 2290 πλησίον
1014 2241 1130 2290 σου,
1146 2227 1240 2278 καὶ
1259 2228 1510 2296 μισήσεις
1534 2227 1628 2280 τὸν
1646 2228 1840 2301 ἐχθρόν
1855 2245 1970 2282 σου.
1985 2247 2003 2278 ι

446 2305 505 2359 Ὀ
526 2307 642 2378 γὰρ
674 2316 1028 2381 καταργήσας
1058 2314 1128 2367 τὰ
1157 2314 1253 2368 τοῦ
1282 2316 1478 2386 νηπίου
1515 2316 1703 2381 Δαὸὶδ,
1736 2319 1827 2370 καὶ
1855 2318 2010 2381 εἴτις

433 2398 607 2468 τούτῳ
642 2404 1025 2473 παραπλήσιος
1052 2401 1140 2475 ἦν,
1179 2405 1372 2476 ἐχθρὸν
1411 2406 1552 2477 ἔχων
1571 2407 1662 2461 τὸν
1691 2410 1881 2471 Σαοὺλ,
1907 2409 2011 2462 οὐκ

433 2491 613 2559 ἐμίσει
642 2494 823 2547 αὐτόν.
857 2495 947 2547 Διὸ
979 2497 1075 2549 καὶ
1103 2498 1474 2566 εὐαγγελικῶς
1503 2500 1644 2569 ἄγαν
1674 2502 1862 2572 φησὶν,
1887 2520 1906 2552 ι
1946 2503 2007 2554 Ei

434 2583 787 2639 ἀνταπέδωκα
819 2590 931 2650 τοῖς
960 2590 1372 2643 ἁνταποδιδοῦσί
1399 2609 1488 2662 μοι
1515 2593 1682 2657 κακὰ,
1717 2595 2008 2647 ἀποπέσοι-

438 2692 498 2744 μι
525 2675 634 2746 ἄρα
661 2679 770 2731 ἀπὸ
796 2678 904 2732 τῶν
928 2679 1140 2751 ἐχθρῶν
1181 2698 1283 2752 μου
1319 2685 1493 2747 κενός.
1527 2702 1545 2736 ι

2117 1769 2356 1822 ostendit
2381 1807 2396 1831 ,
2433 1770 2690 1838 inquiens
2727 1786 2741 1822 :
2800 1790 2818 1821 ι
2859 1770 3067 1825 Bonum
3124 1778 3208 1826 est
3247 1771 3366 1826 viro
3397 1773 3444 1826 si
3506 1773 3695 1826 tulerit

2112 1861 2299 1930 jugqu
2330 1875 2488 1914 suum
2518 1861 2585 1915 ab
2611 1859 2979 1915 adolescentia
3005 1878 3128 1916 sua.
3163 1862 3331 1917 Ponet
3361 1878 3424 1916 os
3449 1879 3607 1918 suum
3636 1863 3693 1919 in

2117 1951 2418 2019 pulverem,
2459 1965 2527 2004 an
2563 1951 2699 2005 forte
2732 1966 2855 2006 sese
2879 1951 3069 2006 oli‘erat
3094 1967 3242 2021 spes,
3280 1953 3543 2022 praebebit
3571 1967 3695 2021 per-

2116 2042 2343 2098 cutienti
2379 2058 2438 2097 se
2489 2043 2805 2106 maxillam,
2848 2045 3141 2098 satiabitur
3192 2045 3512 2114 opprobrio.
3550 2045 3691 2110 Quia

2116 2150 2223 2188 non
2266 2135 2490 2204 repellet
2523 2136 2577 2188 in
2604 2136 2993 2204 sempiternum
3024 2136 3284 2190 Dominus
3322 2137 3386 2189 ⁸⁵.
3428 2155 3446 2187 ι
3486 2135 3692 2205 Hujus-

2116 2229 2263 2282 tnodi
2294 2228 2457 2282 etiam
2483 2226 2587 2281 hoc
2613 2237 2696 2282 est
2732 2245 2746 2281 :
2795 2247 2814 2278 ι
2849 2226 3050 2298 Diliges
3094 2229 3401 2297 proximum
3435 2237 3610 2290 tuum,
3639 2239 3695 2281 et

2112 2319 2298 2374 oderis
2330 2319 2612 2373 inimicum
2636 2327 2790 2373 tuum
2824 2318 2888 2375 ‘°.
2939 2338 2956 2371 ι
2990 2319 3159 2373 David
3190 2321 3334 2373 enim
3356 2334 3480 2373 cum
3503 2334 3695 2374 exces-

2117 2410 2281 2465 sisset
2318 2420 2383 2462 ιιι
2414 2410 2660 2480 ephebis,
2691 2409 3015 2478 hostemque
3057 2409 3311 2469 Sauleut,
3355 2419 3449 2461 aut
3476 2408 3521 2461 si
3562 2407 3692 2476 quis

2115 2503 2165 2556 ei
2189 2502 2385 2556 similis
2440 2511 2559 2556 erat
2609 2492 2855 2563 haberet,
2897 2501 3046 2554 nullo
3078 2516 3205 2569 erga
3263 2515 3389 2553 eum
3424 2500 3693 2552 laboravit

2116 2593 2262 2648 odio.
2301 2592 2650 2663 Quapropter
2673 2582 2989 2662 evangelica
3019 2592 3315 2645 admotlnm
3350 2591 3525 2658 inquit
3546 2608 3561 2644 :
3582 2607 3600 2639 ι
3632 2586 3691 2641 Si
3754 2656 3759 2663 ί

2115 2684 2339 2752 rependi
2372 2684 2505 2738 mihi
2548 2685 2690 2737 mala
2729 2683 3092 2737 inferentibus
3114 2721 3128 2745 ,
3177 2680 3369 2734 cadam
3403 2680 3591 2749 utique
3622 2680 3692 2732 ab

2112 2776 2362 2831 hostibus
2398 2776 2536 2831 meis
2568 2786 2780 2830 vacuus
2813 2776 2878 2828 ⁸⁷.
2923 2786 2939 2825 t

468 2910 471 2911 ν
507 2883 687 2939 Homo'
706 2886 797 2956 qui
822 2887 1085 2939 exstruxit
1122 2885 1355 2951 domum,
1388 2903 1480 2941 nec
1514 2900 1631 2940 eam
1664 2888 1918 2942 initiavit.
1963 2887 2108 2960 [XX,
2138 2888 2220 2961 5.]
2263 2888 2432 2944 Nemo
2461 2887 2685 2945 domum
2729 2896 3045 2945 terrestrem
3075 2894 3423 2957 aspernatur.
3455 2886 3571 2942 Non
3616 2888 3687 2941 ita

436 2988 565 3028 Vero
591 2973 683 3043 qui
716 2984 873 3027 terrae
908 2975 1087 3028 incola
1127 2990 1252 3027 cum
1284 2975 1354 3029 sit
1382 2974 1544 3030 sedes
1575 2989 1845 3044 supernas
1875 2986 2055 3031 mente
2086 2960 2357 3048 concepit,
2415 2979 2597 3047 qualis
2629 2976 2901 3032 Abraham
2947 2974 3070 3037 fuit,
3103 2978 3196 3046 qui
3257 2992 3381 3029 cum
3420 2960 3692 3030 habitaret

436 3060 490 3114 itt
517 3060 793 3123 tentoriis,
828 3061 1008 3113 locum
1047 3061 1166 3116 loco
1204 3062 1438 3115 subinde
1479 3063 1832 3131 permutavit.
1868 3063 1998 3117 Item
2032 3064 2198 3119 David
2241 3066 2331 3134 qui
2366 3065 2499 3119 dicit
2535 3085 2546 3120 :
2588 3085 2605 3115 ι
2642 3063 2813 3131 Quam
2847 3066 3109 3118 amabilia
3150 3072 3280 3117 sunt
3330 3064 3688 3117 tabernacula

436 3156 551 3213 tua,
583 3147 808 3202 Domine
839 3150 1099 3202 virtutum
1130 3151 1145 3203 l
1183 3149 1459 3204 desiderat
1486 3158 1538 3204 et
1566 3149 1781 3221 deperit
1809 3152 1991 3206 anima
2034 3167 2150 3205 mea
2188 3154 2327 3206 atria
2356 3151 2572 3206 Domini
2611 3146 2677 3204 ⁸⁸.
2719 3171 2736 3202 ι
2798 3150 2872 3206 De
2899 3153 3101 3220 quibus
3165 3150 3424 3205 Servatur
3456 3151 3636 3219 inquit
3675 3168 3688 3205 :

441 3252 460 3284 ι
496 3234 589 3289 Ibo
615 3245 669 3288 et
713 3235 917 3304 parabo
944 3236 1095 3291 vobis
1131 3237 1333 3303 locum,
1358 3251 1467 3306 quo
1494 3238 1587 3301 ubi
1613 3255 1712 3308 ego
1740 3239 1867 3303 sint,
1901 3238 2101 3293 ibidem
2135 3249 2190 3293 et
2225 3254 2322 3294 vos
2358 3255 2572 3293 mecum
2609 3240 2733 3295 sitis
2776 3240 2843 3293 ‘9.
2880 3257 2898 3289 ι
2930 3236 3061 3303 Qum
3084 3239 3177 3307 qui
3212 3251 3330 3292 non
3370 3239 3688 3306 investigat.

435 3321 654 3375 domum
685 3323 770 3376 hie
792 3324 1046 3387 exstruit,
1081 3340 1466 3394 summamque
1489 3326 1541 3379 in
1581 3341 1642 3380 ea
1672 3327 2003 3381 industriam
2063 3326 2314 3382 collocat.
2363 3326 2839 3392 Quemadmodum
2894 3338 3094 3378 avarus
3151 3324 3362 3377 vineam
3426 3325 3635 3392 plantat
3675 3338 3701 3378 ετ

436 3411 562 3463 item
594 3411 867 3464 delicatus
902 3411 1235 3465 detrimento
1279 3413 1527 3466 omnium
1555 3413 1824 3467 bonormn
1857 3429 2083 3469 suorum
2135 3413 2422 3467 mulierem
2477 3414 2670 3467 ambit.
2713 3412 2986 3478 Quocirca
3026 3426 3200 3466 saera}
3237 3411 3445 3465 militiae
3474 3412 3556 3465 eis
3594 3412 3700 3479 qui:

436 3498 653 3566 pietatis
681 3501 856 3568 gratia
894 3513 983 3553 res
1009 3508 1298 3554 terrestres
1331 3499 1619 3567 despicere
1650 3500 1862 3562 nolunt,
1892 3501 2258 3555 interdicitur.
2287 3500 2458 3556 Porro
2480 3502 2747 3569 praeconis
2769 3502 3118 3554 sermonibus
3152 3501 3438 3569 Scriptura
3468 3513 3691 3568 quoque

433 3585 506 3639 ob
540 3567 829 3654 prtedictas
862 3599 1060 3639 causas
1088 3585 1569 3639 formidolosarum
1606 3586 1822 3641 animos
1851 3590 2305 3656 accommodavit,
2334 3567 2653 3658 metumque
2683 3567 2745 3643 ei:
2781 3589 2864 3642 his
2885 3590 3068 3643 causis
3102 3567 3307 3651 ortum,
3342 3567 3528 3641 causis
3558 3589 3705 3655 ipsis

434 3673 732 3743 praemissis
773 3679 1054 3741 postremo
1089 3673 1314 3728 invexit.
1352 3671 1567 3739 Quibus
1594 3688 1730 3729 sane
1759 3689 1866 3729 non
1902 3675 2173 3730 absimilis
2200 3677 2253 3729 in
2291 3678 2544 3747 peccatis
2574 3676 2797 3745 praetexi
2821 3677 3017 3738 solent,
3049 3674 3361 3744 quibusque
3396 3674 3520 3727 aliis
3548 3690 3698 3743 quod

433 3777 539 3830 que
571 3760 750 3831 frigidi
783 3761 949 3814 studii
1006 3776 1172 3814 causa
1230 3753 1522 3830 prr'rbetnr.
1563 3778 1582 3811 ι
1620 3761 1994 3830 Corrumpunt
2049 3764 2196 3818 enim
2257 3766 2430 3818 bonos
2483 3779 2665 3818 mores
2713 3763 2989 3832 colloquia
3018 3777 3180 3831 prava
3215 3762 3280 3816 τ’.
3308 3780 3329 3812 ›
3359 3760 3700 3830 Cuiusmodi:

435 3847 636 3902 Paulus
662 3848 927 3917 increpat,
963 3858 1026 3902 ac
1055 3847 1233 3901 dicit.
1267 3865 1285 3898 ι
1326 3846 1467 3913 Quid
1513 3848 1694 3902 facitis
1737 3850 1883 3918 quod
1937 3850 2101 3914 ﬂetis,
2152 3864 2206 3907 et
2255 3862 2431 3908 meum
2468 3868 2565 3908 eor
2611 3851 3003 3908 contunditis?
3050 3852 3160 3921 Ego
3191 3853 3340 3905 enim
3377 3865 3483 3904 non
3509 3850 3701 3903 solunv

433 3936 865 4002 vinciri,vermn
906 3937 1042 3989 mori
1076 3947 1299 4005 paratus
1336 3951 1455 3989 sum
1512 3951 1611 4005 pro
1661 3937 1881 3991 nomine
1930 3938 2144 3992 Domini
2190 3941 2367 3994 nostri
2427 3939 2554 3994 Jesu
2606 3939 2814 3995 Christi
2843 3939 2908 3991 ⁷⁸.
2950 3958 2967 3991 ο
3003 3938 3325 4007 Cuiusmodi
3359 3938 3435 3991 illi
3471 3950 3701 4006 quoque

434 4034 592 4078 erant
634 4026 726 4094 qui
758 4024 1171 4080 excusationem
1203 4023 1288 4077 sui
1323 4022 1391 4078 de
1447 4025 1658 4101 nuptiis
1712 4025 1976 4101 berilibus
2001 4023 2266 4092 fecerant,
2308 4042 2370 4081 ac
2422 4027 2675 4081 diverant
2711 4042 2725 4079 :
2771 4045 2789 4077 ι
2829 4026 3031 4095 Agrum
3082 4026 3212 4086 emi,
3264 4039 3486 4078 uxorem
3536 4024 3692 4089 duxi,

436 4130 543 4168 non
579 4129 800 4180 possunt
835 4114 1023 4167 venire
1051 4114 1116 4166 ⁷³.
1158 4131 1175 4163 ι
1209 4111 1535 4181 Cuiusmodi
1562 4099 1783 4182 quoque
1810 4099 1981 4188 Mysis
2016 4112 2239 4167 fuerunt
2287 4115 2691 4185 exploratores,
2719 4112 2889 4168 Josue
2912 4124 2965 4167 et
2994 4111 3160 4165 Caleb
3194 4112 3461 4179 exceptis.

504 4201 663 4273 447
698 4200 760 4254 Et
786 4203 909 4264 erit,
942 4199 1202 4269 siquidem
1234 4210 1429 4276 pacate
1453 4201 1818 4269 responderint
1847 4201 1941 4253 tibi
1972 4199 2109 4273 [ll.]
2151 4200 2476 4268 Ilujusmodi
2499 4202 2665 4255 etiam
2698 4209 2828 4255 sunt
2862 4215 2982 4268 qua:
3005 4199 3261 4253 Christus
3298 4199 3416 4252 suis
3457 4195 3691 4249 manda-

438 4290 513 4341 vit
543 4291 852 4358 discipulis.
908 4299 967 4342 ttt
1001 4288 1258 4354 videlicet
1298 4290 1408 4341 sint
1441 4288 1657 4356 paciﬁci
1687 4304 1810 4341 cum
1847 4280 2103 4344 omnibus
2135 4290 2225 4356 qtti
2257 4305 2445 4358 pacem
2483 4288 3054 4358 ipsorum‘t’ecipiant;
3091 4288 3158 4339 ab
3196 4287 3263 4339 iis
3299 4301 3426 4339 vero
3453 4287 3545 4353 qui
3580 4299 3693 4336 min

440 4378 768 4445 receperint,
841 4376 1063 4443 pulvere
1101 4390 1131 4427 θ
1176 4374 1408 4443 pedibus
1455 4390 1692 4430 excusso
1727 4390 1849 4431 sese
1876 4376 2149 4430 abducant
2179 4377 2245 4432 ⁷³.
2279 4375 2488 4431 Pritnas
2530 4390 2656 4428 vero
2687 4375 2937 4430 obtinere
2981 4390 3170 4444 pacem
3220 4374 3354 4427 vult.
3394 4390 3413 4421 ι
3457 4373 3695 4425 Servum

439 4466 636 4519 eti-nim
675 4465 889 4517 υωυιὶιιί
928 4479 1036 4516 non
1069 4472 1287 4531 oportet
1317 4477 1582 4531 pugnare.
1614 4478 1803 4516 verum
1870 4478 2088 4532 atquutn
2119 4478 2245 4517 esse
2293 4478 2421 4531 erga
2463 4477 2655 4516 omnes
2691 4463 2738 4493 ⁷⁵
2793 4480 2812 4512 ι
2849 4461 2944 4515 Est
2975 4470 3155 4514 autem
3196 4461 3421 4529 paciﬁca
3458 4474 3695 4527 respon-r

438 4552 586 4617 (lere,
620 4567 925 4607 sermonem
949 4551 1170 4619 pietatis
1201 4550 1460 4617 recipere,
1498 4551 1800 4619 pietatique
1832 4551 2184 4604 tributarium
2214 4565 2358 4603 esse.
2391 4550 2443 4602 Id
2487 4547 2689 4604 Paulus
2724 4548 3168 4616 Philippensibus
3193 4548 3422 4602 scribit:
3458 4566 3475 4597 ι
3517 4545 3695 4600 Multo

440 4641 612 4705 magis
649 4640 699 4692 in
740 4640 986 4691 absentia
1018 4652 1134 4689 mea
1162 4645 1400 4690 vestram
1440 4635 1683 4704 ipsorum
1715 4637 1948 4691 salutem
1983 4637 2289 4708 operamini
2323 4638 2389 4690 ⁷⁸.
2420 4635 2524 4689 DEI
2565 4637 2764 4690 iterum
2794 4625 2819 4689 ἐ
2857 4655 2874 4686 ι
2912 4628 3111 4690 Omnia
3151 4637 3352 4702 recepi,
3389 4642 3442 4689 et
3470 4635 3691 4689 abunde

437 4728 687 4793 expletus
708 4741 851 4787 sum,
877 4732 1233 4793 posteaquam
1264 4724 1447 4792 accepi
1469 4724 1538 4778 ab
1559 4723 1936 4793 Epaphrodito
1952 4741 2074 4794 quae
2095 4745 2122 4782 a
2154 4727 2306 4779 vobis
2331 4725 2494 4779 missa
2516 4708 2731 4779 life-rant
2756 4726 2821 4776 ⁷⁸.
2852 4742 2972 4775 ι-ι
2992 4721 3108 4776 Non
3139 4738 3394 4792 magnum
3418 4723 3561 4775 enim
3581 4730 3694 4780 est,

440 4818 638 4869 iterum
665 4816 865 4883 inquit,
883 4817 953 4876 si,
985 4812 1274 4868 seminatis
1303 4814 1456 4867 vobis
1479 4814 1860 4881 spiritualibus
1884 4830 2005 4876 nos,
2036 4821 2217 4865 vestra
2248 4812 2489 4864 carnalia
2514 4810 2908 4864 messnerimus
2931 4811 2997 4861 ⁷⁷.
3026 4828 3044 4859 ι
3070 4807 3262 4875 Porro,
3289 4826 3307 4860 4
3342 4805 3545 4862 Urbem
3569 4823 3695 4875 qua:

440 4903 639 4957 bellum
659 4902 906 4971 elegerit,
931 4899 1128 4960 tradet,
1166 4900 1367 4969 inquit,
1402 4898 1666 4953 Dominus
1698 4900 1839 4955 Deus
1876 4910 2005 4954 tuus
2034 4899 2088 4953 in
2117 4896 2308 4953 manus
2332 4908 2475 4952 tuas.
2510 4916 2529 4949 ι
2558 4926 2629 4937 -
2653 4916 2670 4946 σ
2698 4897 2738 4948 Α
2769 4897 2907 4951 facie
2943 4896 3101 4951 .enitn
3134 4908 3479 4958 sanctorum,
3512 4894 3693 4961 inquit

443 4989 635 5055 David,
670 4997 758 5043 est
792 4989 931 5059 ipse,
964 4987 1200 5055 subjecit
1232 4987 1393 5040 nobis
1424 4987 1677 5056 populus,
1726 4997 1779 5041 et.
1836 4994 2030 5057 gentes
2082 4987 2189 5041 sub
2233 4986 2395 5055 pedes
2447 4995 2668 5039 nostros
2702 4986 2766 5038 ⁷⁸.
2815 5003 2835 5038 ›
2879 4987 2932 5038 Id
2977 5001 3105 5040 vero
3150 4985 3293 5054 quod
3340 4983 3477 5036 dicit
3504 4982 3691 5051 gladio

440 5093 603 5131 mune
679 5075 1043 5131 masculinum
1113 5074 1536 5128 interimendum
1572 5090 1715 5134 esse,
1777 5074 2052 5143 signiﬁcat
2086 5074 2253 5127 verbo
2300 5073 2391 5126 Dei
2450 5090 2547 5142 pro
2578 5073 2719 5126 virili
2760 5073 3067 5142 oppositam
3119 5071 3417 5139 potentiam
3448 5084 3573 5121 esse
3594 5068 3690 5120 de-

442 5162 797 5219 struendam:
835 5177 948 5230 quo
978 5169 1304 5216 resecarunt
1333 5160 1591 5231 discipuli
1625 5163 1929 5225 Simonem,
1958 5161 2309 5232 Elymumque
2343 5172 2396 5214 et
2425 5160 2678 5231 dogmata
2719 5161 2803 5213 his
2833 5161 3011 5213 adhuc
3047 5159 3337 5213 validiora.
3384 5156 3692 5209 SerVabant

440 5269 572 5308 vero
605 5252 885 5316 mulieres,
918 5250 969 5303 id
997 5258 1102 5313 est,
1142 5265 1235 5303 eas
1268 5264 1391 5319 qua:
1419 5251 1600 5303 dicere
1625 5259 1856 5319 possunt
1889 5268 1901 5303 :
1948 5250 2170 5302 Animas
2204 5258 2425 5318 propter
2450 5263 2653 5303 metum
2689 5260 2868 5310 tuum,
2908 5247 3164 5310 Domine,
3188 5252 3240 5299 in
3277 5254 3434 5297 utero
3467 5245 3687 5314 accepi-

442 5357 587 5395 mus.
623 5339 865 5394 Infantes
898 5340 1048 5401 itetn,
1082 5337 1184 5390 hoc
1218 5346 1323 5400 est,
1356 5337 1447 5406 qui
1492 5339 1698 5390 malitia
1731 5353 1793 5392 ac
1824 5339 2114 5406 pravitate,
2142 5338 2297 5407 juxta
2327 5339 2477 5393 Panii
2511 5339 2718 5393 dictum
2753 5338 2822 5399 '9,
2846 5338 2999 5407 pueri
3032 5344 3181 5390 sunt.
3222 5353 3240 5387 ι
3281 5336 3355 5387 Ae
3378 5334 3689 5404 jutnentaa

579 5502 708 5570 Sap.
750 5519 790 5565 t,
1010 5504 1238 5577 δέρων.
1281 5523 1390 5567 xrv,
1420 5507 1471 5561 5.
1608 5508 1651 5537 ’⁸ο
1686 5505 1820 5558 Dan.
1858 5522 1974 5572 XIII,

2118 5524 2241 5577 qu.
2355 5488 2592 5559 “’Prov.
2627 5519 2732 5561 χχι.
2760 5502 2874 5577 :28;
2903 5498 3122 5577 ςΔι-κζθ..
3215 5496 3260 5528 ⁶¹
3292 5492 3434 5577 Esal.
3468 5493 3686 5577 11:16..

440 5562 919 5633 “Matlli.v,59.
1032 5576 1074 5603 ει
1111 5576 1244 5629 ibid.
1302 5562 1391 5629 eo;
1513 5580 1555 5611 εει
1592 5577 1797 5630 'I‘hrcn.
1837 5593 1892 5629 ιιι
1927 5562 2008 5635 ,ἐ

2118 5562 2574 5638 5(ὶ,⁷31⁶“Μ³ιιῑι.
2634 5591 2686 5633 ν,
2724 5573 2810 5627 45.
2863 5562 2869 5566 '
2928 5572 2968 5601 ετ
3007 5568 3269 5638 wary”,
3307 5563 3360 5618 5.
3467 5562 3689 5638 «trial.

441 5657 674 5706 nsunt,
719 5644 773 5704 ‘2,
821 5642 873 5697 5.
954 5644 996 5673 ⁸⁸
1020 5641 1176 5697 .ioan.
1230 5654 1339 5710 xiv,
1521 5647 1573 5701 2.
1654 5644 1697 5675 ὀ
1928 5648 2013 5699 lC

2139 5634 2226 5703 xv.
2260 5651 2344 5700 55.
2464 5649 2503 5677 ⁷³
2540 5649 2655 5697 Art.
2694 5660 2804 5706 xxi,
2866 5642 2952 5693 15.
3015 5708 3025 5710 _
3058 5638 3103 5668 ⁷⁹
3162 5634 3689 5710 I.ttc_._xtv',_j8_.2tt.

442 5713 488 5746 ἰι
524 5704 919 5786 Mattlt.t§_,_l.’t.
998 5714 1038 5744 τι
1080 5713 1292 5786 urb...
1329 5704 1403 5779 'u,
1440 5719 1528 5772 at.
1608 5716 1911 5785 "Philipp.
1950 5733 2004 5781 ιι,

2118 5758 2130 5770 .
2207 5718 2251 5749 ⁷⁵
2287 5718 2517 5786 Philipp.
2558 5731 2628 5779 tv,
2666 5716 2748 5768 IS.
2795 5704 2800 5706 ’
2865 5711 2909 5742 ⁷⁷
2947 5708 3116 5763 ICor.
3154 5724 3230 5772 tr,
3266 5708 3347 5760 ll.
3463 5706 3505 5737 ⁷⁸
3541 5704 3689 5759 Psal.

446 5798 593 5849 tut,
620 5780 674 5837 4.
751 5783 795 5815 ⁷⁹
823 5783 840 5834 l
880 5784 1007 5838 Cor.
1038 5800 1145 5847 xrv,
1173 5784 1261 5838 ‘20.
