4010 6230
267 300 372 380 99.3
1605 310 1957 384 Puocopn
1988 257 2246 383 GAZ/EI‘
3430 302 3539 371 est

262 417 457 485 Justus
488 428 635 483 enim
665 426 963 482 miseratur
998 427 1212 483 animas
1235 428 1619 497 jttmentorum
1660 447 1915 496 suorum,
1964 447 2086 503 qua:
2120 431 2188 486 ad
2222 429 2389 484 Deum
2427 426 2619 480 dicunt
2649 442 2662 478 :
2707 420 2987 481 Pecuinus
3020 436 3048 475 a
3099 429 3153 476 te
3186 421 3539 476 sumrondi-

267 530 379 585 tus,
410 524 465 572 et
494 516 614 586 ipse
647 532 863 586 semper
888 531 1102 570 mecum
1138 525 1248 572 est.
1284 515 1358 572 De
1381 518 1586 587 quibus
1616 517 1796 588 inquit
1827 535 1885 571 :c
1921 518 2186 574 Homines
2218 518 2540 586 etjumenta
2577 510 2847 573 servabis,
2890 508 3123 563 Domine
3142 509 3209 573 '°,
3232 528 3251 560 ι
3286 508 3546 564 homines

269 607 347 661 ita
393 620 598 660 vocans
635 604 910 659 rudiorcs.
944 601 1262 658 Jumentttm
1323 605 1489 676 igitur
1508 606 1803 661 Cornelius
1850 608 2017 662 etiam
2066 606 2227 677 juxta
2274 604 2545 659 visionem
2611 615 2733 671 qua:
2778 597 2941 653 Petro
2990 598 3056 652 de
3086 596 3541 667 quadrupedibus

270 693 528 765 apparuit
561 693 628 744 9'.
661 692 732 745 De
765 686 1081 760 hujusmodi
1108 690 1371 760 jumentis
1398 690 1581 747 Lucas
1615 693 1671 747 in
1707 692 1859 748 Actis
1891 693 2108 758 inquit:
2150 712 2169 745 ι
2205 692 2508 747 Audientes
2537 703 2669 744 vero
2707 695 2896 757 gentes
2925 684 3257 756 gaudebant,
3284 693 3338 740 et
3361 684 3543 739 hono-

268 798 385 837 rem
438 779 765 836 deferebant
820 779 990 833 verbo
1052 777 1170 843 Dei,
1226 790 1279 835 et
1306 780 1682 847 crediderunt,
1730 788 2004 852 qhotquot
2036 780 2107 836 ad
2134 782 2303 834 vitam
2337 779 2560 833 fuerunt
2597 774 2860 831 destinati
2892 783 3150 828 aeternam
3180 771 3247 825 θ’.
3284 790 3304 823 ι
3344 771 3541 835 Porro,

276 889 294 921 ι
327 866 523 924 Omnia
558 879 679 938 quae
709 866 763 920 in
808 867 945 922 urbe
969 855 1372 937 sunt'diripies,
1414 889 1433 921 ι
1472 870 1673 939 inquit.
1708 866 1874 924 Juxta
1901 869 2040 924 illud
2071 888 2085 924 :
2120 890 2139 921 ι
2174 869 2467 939 Captivum
2525 866 2793 920 ducentes
2840 876 3058 918 omnem
3101 860 3432 917 intellectum
3468 860 3542 915 ad

268 954 636 1011 obedientiam
656 953 859 1009 Christi
887 952 956 1006 ⁸³.
994 970 1013 1004 ι
1047 982 1119 993 -
1140 972 1159 1005 ‹
1191 953 1283 1008 Sic
1321 953 1511 1019 facies,
1546 956 1748 1026 inquit,
1779 959 2039 1013 omnibus
2073 957 2393 1013 civitatibus
2423 971 2545 1026 qua:
2585 952 2833 1025 procula
2876 960 2929 1006 te
2955 949 3178 1013 absunt,
3214 968 3234 1002 ι
3266 964 3389 1019 quae
3414 951 3545 1020 qui-

270 1041 394 1098 dem
428 1054 554 1098 snnt
579 1042 965 1096 hereticorum
998 1041 1451 1097 constitutiones.
1480 1043 1559 1098 Ex
1590 1042 1798 1114 quibus
1834 1044 1969 1099 nihil
1998 1047 2181 1131 vivum
2214 1044 2543 1116 capiendum
2578 1048 2683 1097 est.
2716 1038 2858 1106 Quid
2921 1037 3069 1092 enim
3123 1031 3193 1091 ex
3254 1035 3341 1093 his
3391 1032 3548 1092 utili-

268 1130 400 1187 tatis
428 1130 452 1184 ?
483 1130 625 1197 Quin
656 1144 757 1185 nec
780 1128 1147 1184 anathematis
1174 1144 1276 1185 usu
1306 1129 1555 1200 dignum.
1579 1132 1738 1197 Quod
1775 1132 1923 1188 enim
1951 1125 2265 1189 communis
2301 1145 2499 1189 sensus
2554 1143 2775 1200 expers,
2818 1125 3042 1181 noxium
3071 1131 3177 1181 est.
3209 1141 3231 1176 ι
3270 1125 3546 1180 Corrum-

270 1218 570 1288 pnntenim
623 1216 800 1271 bonos
832 1230 1015 1271 mores
1046 1215 1323 1281 colloquia
1346 1232 1514 1286 prava
1552 1218 1683 1287 “._r
2910 1268 2941 1287 _
2980 1252 2989 1256 ‹

346 1307 470 1363 Νοη
485 1308 782 1363 eradicabis
804 1307 1019 1361 arbores
1036 1307 1172 1377 ejus.
1194 1306 1337 1380 [XL
1359 1307 1473 1380 l9.]
1492 1309 1567 1365 Ne
1587 1310 1857 1369 hosticum
1887 1298 1929 1352 Α

2038 1313 2186 1383 Οὐχὶ
2234 1312 2694 1380 ἐξολοθρεύσεις
2744 1309 2817 1364 τὰ
2868 1300 3090 1377 δένδρα
3129 1306 3342 1375 αὐτῆς,
3370 1306 3447 1369 ὡς
3477 1305 3550 1360 ἂν

281 1402 592 1457 victoribus
638 1400 730 1455 fiat
778 1401 992 1456 inutile.
1021 1399 1208 1470 Neque
1256 1416 1386 1456 vero
1433 1401 1600 1459 arbor
1642 1404 1862 1462 hostilis

1970 1403 2045 1475 μὴ
2075 1404 2352 1474 ἄχρηστος
2374 1394 3043 1475 γέγηηαῖκεκρατηκὸσιν
3071 1401 3107 1470 ἡ
3149 1398 3247 1468 ﬁ};
3277 1397 3414 1451 Οὐδὲ
3435 1399 3550 1465 γὰρ

274 1506 385 1560 est,
421 1495 624 1566 inquit,
662 1502 724 1549 ut
764 1493 954 1549 urbem
984 1492 1430 1565 expugnantibus
1472 1494 1714 1552 resistat.

1969 1494 2027 1547 τὸ
2052 1493 2560 1566 δένδρφνπολὲμιόν
2595 1510 2782 1564 φησιν,
2814 1492 2890 1557 ὡς
2954 1491 3277 1561 ἀντιστῆναι
3328 1489 3552 1560 πολιορ-

1958 1584 2118 1665 κοῦσι
2150 1587 2250 1658 τὴν
2271 1587 2446 1641 πόλιν.

351 1716 633 1787 Quotquot
652 1729 785 1771 vero
814 1716 1076 1770 arborum
1112 1715 1332 1770 steriles
1351 1723 1504 1782 sunt,
1539 1717 1934 1776 exscindenda:
1964 1721 2064 1778 tibi
2095 1731 2244 1789 sunt,
2282 1722 2483 1795 inquit,
2515 1737 2626 1793 quo
2674 1723 2733 1777 in
2764 1722 2891 1776 valli
2931 1736 3095 1776 usum
3121 1720 3343 1776 cedant.
3377 1719 3549 1774 Intel-

280 1804 418 1875 ligcs
477 1820 606 1860 vero
655 1804 883 1861 arbores
916 1802 1232 1860 fructiferas
1263 1803 1386 1860 illas
1416 1806 1483 1871 de
1507 1807 1709 1883 quibus
1744 1807 1916 1864 Isaias
1938 1810 2004 1865 ad
2048 1810 2412 1882 Babylonium
2463 1810 2642 1883 inquit
2676 1826 2690 1862 :
2731 1829 2752 1864 ι
2787 1808 2984 1865 Omnis
3018 1820 3164 1865 terra
3189 1809 3390 1879 jubilat
3421 1808 3550 1863 laeta

275 1909 435 1959 voce,
471 1903 522 1949 et
557 1894 705 1961 ligna
739 1892 934 1948 Libani
967 1893 1147 1947 laetata
1182 1898 1314 1947 sunt
1342 1892 1412 1948 de
1443 1901 1515 1958 te,
1548 1903 1601 1950 et
1635 1881 1787 1952 cedri
1830 1895 2024 1952 Libani
2051 1881 2263 1956 dicent:
2309 1881 2556 1954 Abhich
2590 1913 2701 1969 quo
2730 1907 2791 1952 tu
2817 1897 3045 1967 jacuisti
3101 1911 3264 1951 nemo
3320 1904 3404 1951 est
3451 1897 3550 1966 qui

277 1980 593 2035 ascenderit
625 1996 793 2052 super
829 1996 928 2037 nos
957 1980 1025 2034 ⁸⁸.
1050 1976 1079 2032 ἰ
1127 1981 1459 2051 Hujttsmodi
1494 1998 1717 2055 quoque
1754 1983 1887 2040 illud
1920 1985 2132 2057 lignum
2158 1985 2227 2042 de
2258 2002 2370 2057 quo
2401 1985 2547 2057 apud
2571 1985 2901 2056 Pr0phetam
2939 1985 2995 2039 in
3026 1983 3250 2054 psalmis
3277 1994 3290 2038 :
3327 2002 3345 2034 ι
3388 1984 3550 2049 Quod

276 2068 538 2124 videlicet
563 2068 725 2139 juxta
766 2069 916 2139 ripas
944 2083 1215 2139 aquarum
1244 2080 1353 2134 est,
1396 2071 1542 2140 quod
1576 2071 1816 2126 fructum
1874 2087 2035 2128 suum
2070 2090 2173 2130 suo
2211 2073 2366 2128 dabit
2419 2082 2671 2145 tempore
2701 2074 2773 2128 ⁸⁸.
2812 2091 2831 2125 ι
2874 2073 3055 2127 Arbor
3092 2070 3381 2126 frnctilcra
3410 2070 3555 2126 Cor-

279 2157 463 2212 nelius
493 2156 618 2222 fuit,
650 2157 930 2227 decerpsit
960 2158 1107 2213 enim
1138 2156 1338 2213 Petrus
1368 2176 1433 2213 ex
1467 2157 1744 2216 fructibus
1791 2161 1936 2231 ejus.
1970 2162 2246 2218 Alimonia
2299 2163 2447 2218 enim
2508 2162 2796 2234 justorum’
2833 2161 3177 2217 credentium
3231 2161 3384 2217 salus
3440 2168 3553 2227 est,

278 2245 425 2299 sicut
461 2254 517 2299 et
547 2245 724 2315 ipsius
761 2244 1097 2311 Servatoris,
1136 2246 1230 2315 qui
1292 2246 1473 2315 inquit
1504 2264 1519 2301 :
1558 2263 1578 2297 ι
1615 2247 1728 2317 Ego
1762 2247 1948 2303 cibum
2003 2251 2179 2308 habeo
2233 2251 2633 2307 comedendum
2671 2265 2832 2318 quem
2884 2265 2983 2305 vos
3024 2249 3293 2319 ignoratis
3315 2246 3384 2313 ⁸⁷,
3426 2266 3444 2299 ι
3482 2250 3558 2303 de

281 2330 535 2387 ﬁdelibus
568 2333 622 2387 in
661 2331 913 2387 Samaria
945 2332 1198 2402 loquens.
1237 2333 1311 2387 De
1333 2330 1576 2388 fructum
1617 2349 1748 2388 vero
1779 2350 1888 2390 non
1940 2335 2230 2391 edentibus
2261 2333 2560 2389 Zacharias
2598 2334 2770 2389 dicit:
2803 2353 2822 2386 ι
2860 2333 3049 2403 Aperi,
3090 2332 3323 2399 Libane,
3361 2339 3554 2402 portas

281 2428 407 2476 tuas
433 2428 491 2474 ut
515 2420 658 2492 ignis
684 2421 882 2477 cedros
911 2430 1038 2477 tuos
1061 2421 1323 2487 devoret;
1362 2423 1533 2489 ulula,
1563 2423 1744 2488 abies,
1772 2424 2037 2495 quoniam
2062 2421 2513 2489 ceciditcedrtts,
2531 2422 2795 2493 quoniam
2835 2422 3113 2491 magniﬁci
3151 2422 3311 2476 valde
3342 2420 3556 2476 vastati

288 2516 421 2563 sunt
449 2526 460 2561 :
488 2509 721 2574 ululate,
754 2525 990 2579 quercus
1042 2510 1100 2564 in
1132 2509 1468 2576 Basanitide,
1503 2512 1765 2582 quoniam
1803 2513 1941 2569 silva
1964 2511 2150 2567 caedua
2184 2519 2463 2582 prostrata
2487 2519 2571 2567 est
2602 2510 2670 2563 ⁸⁸.
2712 2528 2732 2561 ι
2764 2507 3088 2564 Condueere
3124 2524 3256 2564 vero
3285 2509 3352 2563 ad
3383 2524 3556 2579 expm

282 2597 572 2667 gnationes
604 2596 825 2652 urbium
857 2598 1077 2654 steriles
1107 2598 1338 2654 arbores
1379 2601 1600 2670 inquit;
1631 2617 1698 2657 ac
1727 2600 2043 2673 bnjusmodi
2082 2615 2218 2657 sane
2248 2598 2615 2656 Athenienses
2651 2596 2899 2653 fuerunt.
2942 2597 3084 2652 Nulli
3111 2598 3257 2653 enim
3278 2599 3358 2653 rei
3384 2611 3554 2651 vaca—

286 2693 442 2752 runt,
471 2697 839 2757 praeterqnam
897 2688 1160 2744 inanibus
1211 2691 1505 2745 verborum
1542 2691 1944 2762 jactationibus
1997 2688 2510 2758 auditionibusque.
2548 2685 2825 2754 Quocirca
2861 2686 3066 2742 Paulus
3100 2687 3347 2742 Athenas
3371 2700 3553 2755 expu-

282 2787 459 2844 gnuns
489 2784 545 2828 et
575 2785 831 2830 evertens
856 2774 1103 2845 ipsorum
1128 2776 1469 2848 impietatem
1509 2798 1521 2833 :
1572 2797 1593 2831 ι
1632 2779 1747 2835 Viri
1795 2779 2187 2842 Athenienses,
2219 2777 2421 2847 inquit,
2457 2790 2555 2846 per
2601 2774 2789 2830 omnia
2826 2773 2985 2843 quasi
3039 2772 3554 2842 superstitiosiores

282 2876 385 2916 vos
406 2861 588 2928 video,
622 2862 806 2918 inveni
833 2865 960 2919 item
993 2878 1146 2920 aram
1176 2880 1300 2936 quae
1327 2866 1514 2936 ignoto
1548 2867 1658 2922 Deo
1684 2867 1951 2937 inscripta
2003 2875 2110 2922 est.
2141 2864 2278 2919 Eum
2311 2863 2481 2935 igitur
2514 2862 2685 2919 Deum
2717 2877 2881 2932 quem
2913 2877 3010 2917 vos
3047 2876 3144 2932 per
3181 2861 3552 2933 ignorantiam

284 2949 493 3014 colitis,
520 2964 621 3021 ego
652 2952 812 3008 vobls
850 2952 1115 3007 denuntio
1138 2953 1206 3007 3°.
1246 2972 1266 3007 ι
1303 2951 1472 3009 Vides
1496 2954 1676 3024 igitur
1702 2963 1973 3025 quantum
2008 2954 2146 3024 ipsis
2170 2967 2236 3007 ac
2270 2967 2369 3023 per
2399 2951 2555 3022 ipsos
2574 2950 2777 3004 vallum
2815 2948 2890 3004 sit
2917 2948 3235 3003 demolitus.
3272 2944 3379 3001 Per
3402 2947 3553 3014 quod

292 3037 488 3091 urbem
518 3053 712 3093 eorum
736 3039 991 3108 quamvis
1022 3055 1132 3095 non
1163 3048 1335 3095 totam
1381 3041 1545 3096 simul
1573 3043 1760 3113 cepit:
1802 3060 1821 3093 ι
1844 3041 2081 3108 Quidam
2134 3040 2282 3096 enim
2334 3038 2714 3103 crediderunt,
2772 3051 3007 3108 quarunt
3037 3051 3068 3091 e
3096 3050 3328 3090 numero
3351 3033 3560 3106 Diony-

292 3124 413 3179 sius
436 3140 657 3195 qnoque
695 3127 1027 3198 AreOpagita
1067 3136 1187 3182 erat
1214 3127 1284 3180 9°.
1316 3146 1335 3179 ι
1366 3125 1636 3183 Jeremias
1657 3128 1899 3199 denique
1928 3129 2095 3184 etiatn
2129 3128 2480 3185 eradicandis
2514 3127 2733 3198 populis
2767 3126 3104 3182 constitutus
3151 3122 3322 3196 M8
3349 3133 3456 3188 est,
3491 3140 3560 3179 ac

293 3216 407 3265 tam
442 3213 730 3270 sterilibus
755 3230 919 3284 quam
957 3213 1243 3286 frugiferis
1275 3215 1590 3282 arboribus,
1619 3216 1687 3271 de
1713 3217 1916 3287 quibus
1937 3217 2102 3275 etiam
2129 3216 2262 3282 edit,
2298 3214 2678 3273 conserendis.-
2722 3213 2862 3282 Quis
2896 3213 3044 3270 enim
3071 3212 3289 3282 vineam
3321 3213 3553 3282 plantat,

289 3310 345 3355 et
377 3299 445 3355 de
471 3300 742 3358 fructibus
773 3302 896 3372 ejus
924 3317 1032 3357 non
1063 3304 1308 3359 vescitur
1334 3304 1358 3357 ?
1384 3303 1541 3370 juxta
1575 3303 1762 3359 divum
1794 3305 2144 3374 Apostolum.

366 3415 428 3470 Si
447 3416 685 3471 inventus
716 3419 876 3488 fuerit
901 3419 1118 3473 saucius
1152 3421 1396 3474 interra.
1429 3417 1596 3491 [XX],
1632 3418 1711 3492 1.]
1743 3418 2081 3477 Vulneratus
2107 3422 2330 3493 quidem
2366 3429 2591 3492 propter
2616 3428 2844 3492 peccata
2875 3426 3067 3474 nostra
3093 3417 3351 3474 Christus
3376 3423 3463 3473 est
3488 3418 3556 3473 ".

293 3503 339 3557 Α
365 3502 526 3560 Patre
549 3506 771 3575 quidem
805 3506 1066 3571 traditus,
1097 3523 1126 3561 a
1159 3505 1363 3563 ludatis
1392 3522 1524 3563 vero
1575 3507 1836 3574 amictus,
1869 3510 1961 3581 qui
2000 3525 2127 3562 eum
2178 3511 2370 3580 utique
2402 3508 2816 3563 interemissent
2852 3521 3164 3576 nunquam,
3192 3505 3301 3560 nisi
3336 3503 3448 3560 Deo
3483 3505 3559 3558 ita

296 3591 497 3648 fuisset
527 3608 731 3649 visum.
765 3595 922 3661 Quod
953 3610 1087 3650 sane
1119 3581 1296 3649 Pilato
1322 3595 1460 3650 dicit
1495 3612 1510 3649 :
1558 3614 1576 3647 ι
1606 3595 1729 3650 Non
1778 3596 2009 3652 haberes
2043 3596 2097 3650 in
2155 3611 2242 3651 me
2268 3603 2595 3665 potestatem
2644 3595 2837 3660 ullam,
2876 3594 2985 3649 nisi
3013 3593 3110 3648 tibi
3144 3608 3382 3663 superne
3409 3600 3563 3647 esset

297 3679 486 3736 datum
515 3682 585 3736 ".
632 3700 652 3734 ι
679 3681 734 3736 In
760 3682 994 3753 psalmis
1023 3684 1155 3738 item
1189 3683 1253 3737 ad
1280 3681 1499 3737 Patrem
1521 3684 1699 3753 inquit
1736 3703 1749 3737 :
1791 3684 2117 3751 «Quoniam
2150 3700 2309 3755 quem
2338 3694 2396 3740 tu
2422 3685 2773 3755 percussisti,
2815 3684 3093 3755 persecuti
3121 3694 3252 3740 sunt
3286 3683 3392 3753 ipsi
3424 3682 3495 3737 ”.
3536 3701 3556 3734 ι

297 3769 434 3823 Item
469 3787 485 3824 :
521 3788 543 3822 ι
585 3770 669 3825 Ad
700 3770 949 3826 dolorem
979 3771 1266 3826 vulnerum
1295 3786 1542 3826 meorum
1567 3771 1904 3827 addiderunt
1927 3773 1996 3829 “.
2037 3793 2057 3826 ›
2093 3772 2362 3830 Cancrum
2405 3773 2644 3844 populus
2686 3771 2955 3828 Iudaicus
3000 3772 3302 3842 principem
3335 3784 3564 3839 percus-

296 3872 484 3913 sorem
516 3858 827 3929 ignorabat.
854 3859 1190 3916 Vulneratus
1222 3859 1395 3930 igitur
1427 3859 1483 3914 in
1512 3857 1703 3915 Iudaea
1735 3861 1959 3931 quidem
1994 3872 2098 3916 est.
2134 3862 2294 3933 Apud
2319 3869 2515 3932 gentes
2549 3875 2682 3915 vero
2720 3860 3044 3931 mysterium
3091 3859 3212 3929 ejus
3256 3858 3560 3929 perﬁcitur.

303 3944 510 4001 Bucula
549 3947 699 4003 enim
725 3948 987 4013 sumitur,
1044 3962 1169 4018 qua:
1212 3947 1494 4003 Christum
1518 3958 1902 4017 repraesentat,
1950 3956 2219 4018 quatenus
2245 3949 2392 4003 enim
2434 3947 2621 4013 homo,
2684 3948 2790 4005 sub
2833 3947 2967 4018 jugo
3006 3946 3132 4001 fuit.
3166 3945 3410 4001 Rursum
3433 3960 3565 3999 vero

300 4041 459 4087 extra
495 4033 675 4104 ipsum
703 4041 810 4102 est,
848 4044 1122 4104 quatenus
1149 4042 1349 4088 natura
1390 4050 1492 4089 sua
1531 4033 1673 4090 Deus
1735 4035 1973 4091 exsistit.
2016 4035 2249 4092 Ducitur
2277 4049 2407 4092 vero
2447 4036 2502 4091 in
2540 4036 2736 4091 vallem
2773 4045 2830 4092 et
2857 4050 3136 4106 asperam,
3169 4045 3226 4092 et
3273 4033 3564 4098 incultam,

303 4121 624 4177 vulneratus
646 4122 793 4176 enim
827 4123 881 4175 in
909 4137 1077 4177 cruce
1100 4121 1167 4176 ad
1189 4122 1434 4192 gentium
1461 4123 1742 4178 concessit
1763 4125 1968 4189 solum,
1997 4125 2143 4195 quod
2180 4125 2415 4180 antehac
2441 4124 2680 4190 aridum,
2712 4132 2769 4180 et
2795 4124 3065 4180 incultum
3095 4125 3292 4193 jacuit,
3320 4134 3568 4180 vastum-

304 4225 413 4277 que
433 4210 574 4266 adeo
604 4211 729 4275 fuit,
753 4211 882 4281 quia
908 4209 1191 4265 fertilitate
1212 4224 1277 4263 ea
1299 4225 1463 4278 quam
1491 4209 1636 4264 Deus
1664 4211 1922 4280 postulat,
1941 4214 2144 4268 caruit.
2171 4211 2256 4265 Ad
2283 4213 2433 4283 quod
2462 4211 2636 4268 lsaias
2688 4211 2870 4282 inquit
2903 4227 2918 4264 :
2948 4230 2967 4263 ι
3008 4210 3241 4277 Laetare,
3284 4219 3434 4265 terra
3465 4208 3567 4265 de-

307 4309 478 4364 serta,
508 4306 565 4354 et
593 4299 750 4353 vicus
768 4298 890 4367 ejus
924 4312 939 4349 :
971 4297 1210 4353 exsultet
1242 4297 1482 4363 deserta,
1513 4307 1568 4352 et
1590 4296 1783 4352 ﬁoreat
1827 4299 1968 4354 sicut
1999 4298 2177 4354 lilium
2198 4300 2270 4355 “.
2311 4318 2331 4351 ι
2366 4297 2427 4354 1η
2474 4313 2585 4369 qua
2623 4299 2846 4369 quidem
2879 4307 3028 4354 terra
3077 4298 3334 4354 Christus
3351 4313 3451 4368 per
3477 4298 3568 4354 di-

306 4387 468 4443 ‘vinos
502 4386 787 4442 sacriﬁcos
811 4387 1115 4443 sauciatur.
1146 4386 1430 4442 Passionis
1461 4386 1609 4441 enim
1631 4386 1807 4454 ipsius
1839 4394 1893 4441 et
1914 4386 2341 4443 resurrectionis
2379 4386 2827 4458 praedicationem
2849 4387 3329 4444 consummatione
3357 4394 3563 4456 myste-

308 4474 518 4529 riorum
540 4474 660 4544 ejus
691 4473 948 4531 facimus.
980 4474 1261 4546 Quotquot
1292 4488 1424 4529 vero
1463 4474 1705 4542 procula
1730 4471 2044 4529 Judatornm
2081 4475 2365 4545 impietate
2396 4477 2754 4540 recesserint,
2788 4475 2926 4530 urbe
2947 4489 3011 4530 ea
3035 4474 3092 4528 in
3110 4487 3219 4544 qua
3246 4473 3589 4595 vulneratu<|

308 4571 391 4595 ...ιι
451 4569 502 4595 οι
534 4562 881 4595 Δνηνιιηῖσιίηο
914 4571 995 4595 ,ιρι
1030 4563 1284 4595 humus":
1313 4561 1503 4595 ηνηηηι
1546 4559 1732 4595 uuln-on
1788 4562 1932 4595 ἶηαοσι
2013 4561 2324 4595 nnnnnrlnnl
2359 4560 2580 4595 nuit-Iam
2625 4562 2680 4595 ἰη
2729 4560 3032 4595 li‘nnlmzinm
3086 4564 3239 4595 “pium
3276 4561 3540 4595 inn-illm“

308 4571 417 4624 est,
451 4569 507 4616 et
533 4562 886 4619 excruciatus
914 4571 999 4620 est
1030 4563 1286 4628 inventus
1312 4561 1506 4631 procul
1546 4559 1732 4615 valere
1781 4562 1958 4632 jnssa,
2013 4561 2328 4617 concedunt
2358 4560 2582 4631 quidem
2625 4562 2681 4616 in
2728 4560 3033 4618 Ecclesiam
3086 4564 3243 4631 prius
3276 4559 3589 4617 incultath

308 4648 514 4705 ibidem
553 4664 752 4706 manus
776 4652 833 4706 in
864 4651 985 4722 ipso
1013 4640 1236 4707 Christo
1267 4650 1324 4704 in
1356 4658 1588 4705 mortem
1643 4649 1765 4719 ejus
1829 4650 2010 4711 tincti.
2051 4649 2306 4704 abluunt.
2337 4651 2417 4704 Ac
2445 4657 2737 4719 reportant
2781 4658 2936 4704 certe
2963 4659 3327 4719 peccatorum
3362 4648 3589 4709 remis-;

310 4737 550 4804 sionem,
579 4752 639 4793 se
670 4738 907 4794 latentes
949 4739 1156 4793 nullam
1181 4722 1628 4808 partemahaberc
1653 4752 1778 4791 cum
1810 4738 2090 4808 impietate
2117 4735 2436 4793 Iudaeorum
2468 4738 2564 4807 qui
2593 4737 2892 4793 dixerunt:
2928 4755 2946 4787 ι
2981 4736 3219 4808 Sanguis
3250 4735 3374 4805 ejus
3400 4750 3603 4806 super.

310 4840 437 4890 nos,
468 4833 522 4881 et
546 4842 712 4896 super
734 4826 939 4883 liberos
971 4838 1189 4882 nostros
1219 4826 1286 4877 “.
1328 4844 1346 4877 ι
1393 4825 1665 4879 (Steterunt
1696 4825 1970 4895 baptismo
1997 4827 2272 4896 repurgati
2294 4865 2310 4891 ,
2342 4828 2498 4881 aiunt
2528 4844 2540 4880 :
2576 4826 2772 4881 Manus
2804 4833 3009 4881 nostrae
3043 4824 3369 4894 sanguinem
3422 4824 3573 4878 hunc

315 4930 421 4969 non
458 4913 793 4970 effuderunt.
825 4916 907 4971 Ac
935 4914 1039 4970 etsi
1063 4929 1132 4970 ex
1167 4913 1374 4979 Judaais
1401 4912 1628 4975 fuerint,
1656 4913 1806 4967 omni
1841 4913 2223 4969 commnnitati
2244 4927 2438 4968 eorum
2477 4922 2660 4970 tamen
2710 4914 3191 4968 renuntiaverunt.
3231 4911 3389 4979 Quod
3431 4927 3571 4967 sane

312 5011 594 5082 discipuli,
627 5020 682 5068 et
712 5012 807 5083 qtti
863 5011 1000 5081 ipsis
1029 5009 1402 5072 crediderunt,
1424 5008 1693 5063 fecerunt.
1723 5008 1937 5076 Quibus
1963 5009 2152 5081 utique
2182 5009 2382 5066 merito
2403 5018 2723 5066 reverentiae
2749 5024 3038 5082 personam
3059 5025 3182 5081 qua:
3200 5025 3358 5064 suam
3387 5008 3574 5081 digni-

315 5105 483 5150 tatem
512 5111 542 5150 a
581 5096 686 5153 ﬁde
700 5097 926 5167 accipit,
961 5098 1086 5168 quis
1115 5094 1349 5151 deferat.

387 5204 454 5258 Et
484 5206 675 5260 videris
700 5207 839 5260 inter
865 5207 1102 5275 captivos
1135 5204 1405 5259 mulierem
1429 5205 1604 5273 {arma
1665 5215 1960 5261 venustam.
1993 5208 2133 5282 [ll.]
2166 5209 2377 5265 Radere
2408 5217 2575 5281 caput
2630 5220 2684 5264 et
2730 5207 3049 5279 supercilia,
3088 5208 3573 5269 domeslrlcosilem

317 5309 449 5350 suos
487 5295 671 5366 Ingere
708 5298 933 5368 triginta
970 5296 1162 5351 diebus
1191 5295 1365 5365 jubet,
1396 5311 1506 5365 quo
1534 5306 1793 5364 aspectus
1831 5299 1914 5352 sui
1948 5305 2101 5352 tanta
2128 5299 2472 5369 turpitudine
2503 5298 2839 5353 desiderium
2866 5299 3044 5364 sedet,
3074 5314 3139 5354 ac
3160 5297 3575 5355 lamentatibnis

317 5390 564 5452 tempore
584 5399 730 5439 amor
758 5385 1089 5455 depellatur.
1123 5382 1240 5437 Non
1275 5383 1423 5436 enim
1451 5395 1632 5437 mente
1661 5383 1871 5438 cll‘rcna
1901 5385 1966 5437 ad
1999 5387 2482 5456 concupiscenti-as
2506 5397 2590 5441 est
2625 5384 3028 5442 accedendum.
3060 5386 3138 5442 Ita
3170 5404 3391 5457 quoque
3430 5382 3577 5442 Deus

316 5467 605 5541 {Egyptios
630 5487 757 5529 cum
783 5480 1180 5544 oppugnasset,
1213 5469 1498 5526 Judaicant
1537 5486 1567 5525 a
1617 5472 1865 5542 patribus
1888 5474 2175 5529 oriundum
2242 5475 2588 5546 Synagogant
2634 5484 2921 5529 venustam
2969 5474 3127 5543 vidit,
3159 5477 3336 5545 adque
3367 5476 3579 5531 cultum

399 5645 444 5675 '°
480 5642 627 5700 Psal.
665 5661 827 5713 xxxv,
867 5647 917 5699 7.
1012 5650 1032 5679 ⁸
1078 5649 1198 5700 Act.
1227 5664 1278 5704 ιι.
1318 5647 1404 5711 ll,
1436 5648 1521 5700 1‘2.
1601 5648 1645 5678 "
1681 5649 1802 5703 Act.
1833 5664 1955 5711 xm,
1989 5647 2079 5701 .58.
2158 5645 2267 5700 ⁸³11
2301 5645 2429 5701 Cor.
2460 5665 2514 5708 χ.
2552 5647 2604 5700 5.
2712 5646 2757 5679 ⁸⁸
2995 5646 3011 5697 1
3052 5647 3181 5702 Cor.
3219 5663 3308 5705 xv.
3487 5651 3579 5702 33.

325 5706 375 5781 ξπ
406 5713 509 5765 is».
553 5730 697 5777 XLIV,
731 5706 824 5769 ‘25.
925 5720 971 5749 ⁸⁸
998 5718 1137 5770 Psztl.
1186 5734 1236 5780 I,
1271 5721 1323 5772 5.
1394 5706 1400 5711 1
1435 5720 1478 5749 ⁸⁷
1510 5719 1666 5773 Juatt.
1703 5734 1773 5779 ιν.
1813 5719 1899 5771 5'3-

2002 5720 2019 5749 “
2049 5717 2279 5769 Zztrltnt'.
2309 5734 2380 5781 xl,
2415 5718 2461 5775 Ι.
2500 5706 2552 5770 2.
2630 5716 3023 5779 ⁸⁹Αι’ί.ὶιίι,⁴2⁴2
3051 5717 3143 5770 ⁸24.
3220 5718 3265 5749 ’⁸
3297 5718 3426 5771 ibid.
3489 5720 3578 5771 54.

328 5776 379 5815 ’⁵⁸
410 5782 495 5841 ‘u
539 5798 658 5850 LIII,
689 5785 738 5837 ὕ.
818 5790 859 5818 ³³
889 5787 1046 5842 Junii.
1094 5805 1202 5853 xta,
1227 5776 1328 5841 ill.
1443 5776 1867 5855 931's;tl.t..\t‘ttt,
1894 5799 1911 5840 ‘.

2094 5788 2136 5819 9"
2168 5790 2296 5842 ibid.
2371 5776 2422 5820 ’⁸⁸
2450 5790 2553 5844 lsa.
2590 5806 2752 5853 xxxv,
2792 5791 2833 5855 l,
2996 5792 3037 5817 νδ
3068 5786 3257 5843 Matth.
3295 5790 3570 5854 nmﬁk’i.
