4010 6230
318 323 427 389 927
1646 325 1918 389 ΡΒΟΕΟῙ

2045 329 2291 390 ϐΛΖιΕῙ
3473 328 3585 395 928

394 435 684 500 Quomodo
719 452 852 490 vero
881 436 986 492 hoc
1022 453 1146 492 cum
1186 439 1418 493 denario
1447 440 1634 506 habet,
1663 459 1824 511 quem
1857 451 1968 497 tam
2005 445 2271 516 postremi
2312 459 2471 512 quam
2503 442 2663 512 primi
2694 449 3021 512 acceperunt
3053 441 3104 497 in
3137 441 3420 511 parabole.
3453 460 3582 500 cum

320 524 595 590 duplicem
624 526 932 594 portionem
968 527 1171 595 prioris
1201 529 1389 584 uxoris
1421 529 1822 600 primogenitns
1855 531 2104 602 accipere
2135 530 2390 584 dicatur?
2431 539 2526 583 aut
2557 529 2836 600 quomodo
2868 529 2922 584 in
2951 529 3206 598 parabola
3239 528 3344 583 alia
3377 530 3584 598 accipit

321 613 468 668 alius
499 613 720 678 quidem
760 613 856 682 jus
895 615 1086 668 decem
1113 617 1395 670 civitatum
1417 659 1430 681 ,
1464 619 1606 672 alius
1631 633 1761 673 vero
1789 619 2131 687 quinque”?
2179 619 2342 688 Atqui
2376 617 2638 672 denarius
2677 631 2778 686 pro
2826 631 2970 670 nova
3018 616 3196 670 salute
3223 614 3582 684 accipitur".

319 699 523 754 Verum
554 701 702 754 salus
737 714 765 752 a
799 702 980 754 salute
1004 739 1018 763 ,
1046 703 1190 756 sicut
1215 717 1314 757 nec
1351 706 1461 758 vita
1503 720 1533 758 a
1573 706 1682 758 vita
1713 706 1849 760 nihil
1880 706 2069 762 distat.
2101 707 2274 774 Quam
2305 723 2370 760 ex
2398 721 2556 776 atquo
2583 712 3000 774 consequuntur
3036 719 3249 760 omnes.
3283 703 3402 760 Non
3430 705 3580 759 enim

323 787 640 840 vinciuntur
673 788 929 843 manibus
963 803 1026 843 ac
1064 791 1297 858 pedibus
1322 830 1338 852 .
1387 801 1442 845 et
1477 793 1530 846 iu
1575 794 1884 846 exteriores
1930 796 2184 851 tenebras
2217 794 2612 864 conjiciuntur,
2647 795 2739 863 qui
2775 794 3050 848 diversam
3084 791 3153 848 ab
3189 793 3314 846 aliis
3347 793 3582 862 gloriam

320 875 617 941 accipiunt.
649 893 669 926 ι
700 875 820 928 Alia
847 877 993 929 enim
1022 878 1198 946 gloria
1229 880 1364 934 solis
1389 888 1504 946 est,
1541 881 1648 934 alia
1689 881 1862 951 gloria
1913 881 2055 935 lunae
2075 923 2090 946 ,
2127 881 2233 936 alia
2267 881 2504 952 denique
2532 888 2618 935 est
2643 882 2924 934 stellarum
2953 880 3146 950 gloria.
3183 880 3260 933 Ac
3287 881 3445 935 stella
3474 894 3587 933 una

319 963 392 1017 ab
431 964 536 1016 alia
569 964 744 1033 gloria
774 963 1042 1021 diﬂ‘ert”.
1075 983 1094 1016 ι
1135 965 1207 1020 Ita
1243 968 1297 1018 in
1332 971 1735 1023 resurrectione
1774 977 2114 1022 mortuorum
2147 981 2373 1036 quoque
2399 967 2958 1036 execlleutior‘gloria
2995 974 3078 1022 est
3107 967 3198 1036 jus
3223 965 3410 1021 decem
3442 965 3588 1020 civi-

319 1057 520 1116 tatum,
549 1065 714 1120 quam
749 1051 997 1122 quinque
1026 1053 1248 1108 habere.
1279 1053 1589 1124 Unicuique
1617 1055 1761 1110 enim
1794 1071 1894 1126 pro
1921 1053 2188 1124 dignitate
2216 1050 2361 1108 Deus
2400 1053 2594 1108 tribuit
2616 1093 2629 1118 ,
2661 1063 2716 1109 et
2742 1054 3050 1123 quantitate
3069 1094 3085 1120 ,
3125 1063 3182 1107 et
3206 1052 3493 1124 qualitate,
3528 1059 3590 1106 et

316 1144 602 1205 tempore.
635 1153 699 1192 ac
734 1139 790 1192 in
821 1154 1034 1192 summa
1072 1141 1330 1196 omnibus
1368 1143 1514 1212 quod
1547 1157 1764 1211 a'quum
1797 1151 1883 1198 est
1917 1156 1982 1195 ac
2003 1141 2215 1212 justum
2247 1141 2548 1209 adiudicat.

391 1225 545 1291 Quod
561 1227 608 1280 si
625 1227 713 1293 cui
728 1227 889 1296 fuerit
915 1227 1062 1296 ﬁlius
1082 1229 1472 1299 immorigerus.
1504 1229 1572 1301 [Χ
1584 1229 1671 1294 XI,
1694 1229 1806 1302 18.]
1827 1229 1891 1282 Et
1911 1229 2038 1284 alibi
2068 1229 2233 1284 dicit:
2259 1247 2278 1280 ε
2309 1228 2410 1295 Qui
2431 1231 2610 1300 pulsat
2640 1237 2843 1298 patrem
2867 1245 3025 1286 suum
3047 1240 3134 1284 aut
3156 1237 3383 1284 matrem
3400 1242 3586 1294 suam,

320 1325 505 1370 morte
526 1315 872 1370 atiicietur“.
900 1332 918 1366 ι
964 1314 1096 1370 item
1133 1333 1148 1370 :
1191 1335 1212 1369 ι
1242 1316 1344 1382 Qui
1388 1316 1734 1372 maledixerit
1761 1318 1921 1370 matri
1954 1331 2071 1372 sum
2095 1325 2191 1370 aut
2217 1317 2384 1384 patri,
2421 1326 2596 1371 morte
2621 1317 3027 1372 multabitur".
3057 1335 3076 1368 ι
3109 1315 3289 1383 Eque
3315 1329 3448 1370 vero
3487 1315 3590 1384 qui

321 1401 379 1458 in
414 1411 678 1472 parentes
709 1403 1008 1473 delinquit,
1038 1419 1104 1458 ac
1128 1407 1220 1474 qui
1263 1406 1316 1460 in
1348 1403 1516 1460 Deum
1549 1406 1795 1474 punitur.
1848 1405 1915 1457 At
1944 1405 2039 1475 qui
2076 1404 2322 1459 divinum
2359 1411 2692 1474 praeceptum
2729 1407 2955 1475 sprevit,
2989 1405 3148 1459 venia
3183 1404 3391 1473 absque
3422 1403 3592 1458 morti

322 1489 743 1546 condemnatur.
776 1491 852 1546 Ac
881 1492 973 1561 qui
1004 1491 1060 1545 in
1085 1501 1344 1561 parentes
1373 1491 1678 1562 delinquit,
1733 1493 2006 1561 lapidibus
2033 1493 2307 1548 obruitur.
2343 1510 2363 1544 ι
2391 1491 2668 1549 Memento
2709 1484 2894 1557 enini,
2924 1495 3105 1564 inquit
3128 1533 3143 1558 ,
3173 1493 3320 1561 quod
3353 1492 3426 1548 ab
3450 1491 3594 1562 ipsis

325 1579 544 1633 vivendi
571 1578 789 1632 initium
824 1580 1126 1648 acceperis.
1162 1597 1181 1630 ι
1215 1575 1389 1634 Jacob
1421 1593 1642 1649 quoque
1669 1569 1888 1649 inquit:
1918 1598 1940 1632 ι
1966 1577 2024 1634 Si
2050 1580 2195 1634 enim
2229 1589 2408 1636 metus
2433 1582 2608 1651 patris
2634 1582 2737 1636 mei
2763 1581 2918 1636 Isaac
2945 1580 3050 1635 fuit
3076 1582 3131 1635 in
3159 1596 3245 1636 me
3271 1581 3340 1632 ”.
3365 1598 3384 1632 ›
3429 1579 3591 1633 Insu-

323 1679 424 1738 per
447 1666 664 1735 quoque
696 1663 1120 1720 Proverbiorum
1149 1675 1343 1720 auctor
1366 1677 1726 1729 exsecratur,
1765 1665 2021 1735 inquiens
2048 1685 2064 1722 :
2104 1685 2124 1718 σ
2156 1667 2386 1721 Oculum
2421 1668 2854 1724 subsanuautem
2885 1677 3126 1738 patrem,
3159 1662 3597 1722 contumeliam-

321 1769 429 1824 que
463 1752 656 1807 matris
685 1753 843 1809 senio
872 1763 1156 1822 parantem
1180 1793 1200 1820 ,
1229 1753 1382 1808 corvi
1435 1753 1758 1808 torrentium
1793 1755 2067 1809 ernant".
2099 1773 2118 1807 ι
2167 1753 2306 1812 Huic
2337 1772 2470 1812 vero
2504 1768 2790 1825 parentum
2824 1757 3148 1812 reverentia:
3197 1771 3309 1810 non
3361 1755 3596 1824 abrogat

319 1841 526 1895 Christi
567 1841 700 1896 illud
737 1859 750 1894 :
791 1860 810 1893 ι
839 1837 946 1906 Qui
977 1849 1189 1910 patrem
1226 1851 1321 1895 aut
1364 1849 1594 1895 matrem
1627 1841 1830 1909 diligit,
1868 1856 1952 1896 me
1996 1859 2103 1900 non
2136 1844 2337 1916 dignus
2377 1847 2548 1901 est“.
2582 1865 2600 1898 ι
2643 1844 2828 1918 450
2861 1845 3050 1915 Neque
3081 1844 3214 1899 illud
3247 1844 3412 1898 etiam
3443 1841 3594 1912 quod

317 1930 463 1985 dixit
497 1930 565 1984 ad
610 1937 821 2000 patrem
871 1929 1108 1999 sepelire
1145 1930 1459 1998 cupientem
1489 1945 1505 1984 :
1549 1948 1568 1980 ι
1593 1928 1745 1984 Mitte
1780 1937 2026 1986 mortuos
2067 1933 2301 2003 Sepelire
2345 1949 2475 1989 suos
2522 1947 2770 1989 mortuos
2791 1935 2860 1988 ³³.
2894 1953 2913 1986 ι
2951 1931 3150 1988 Verum
3178 1947 3299 1988 eam
3325 1947 3449 2000 quae
3480 1929 3596 1985 Deo

320 2017 550 2156 debeItur
577 2017 950 2087 antiquiorem
983 2031 1106 2072 esse
1135 2015 1349 2071 edocet.
1378 2014 1724 2086 Perpendere
1749 2016 1878 2070 item
1914 2027 2118 2086 quanta
2141 2020 2350 2081 doloris
2378 2024 2462 2080 vis
2489 2025 2564 2080 sit
2591 2039 2703 2096 quo
2737 2025 2948 2080 viscera
2987 2030 3042 2078 et
3079 2031 3275 2076 natura
3303 2023 3594 2092 parentu

320 2115 452 2156 tanti
479 2107 532 2156 in
560 2107 702 2156 victa
731 2113 836 2156 est.
2993 2121 3004 2128 ί

319 2107 532 2160 tamdiu
560 2107 702 2159 victa
731 2113 836 2160 est.
2993 2121 3004 2128 ί

393 2215 662 2282 Quoniam
691 2213 1004 2268 maledictus
1033 2231 1066 2267 a
1089 2211 1195 2267 Deo
1230 2216 1400 2268 omnis
1422 2214 1511 2285 qui
1539 2212 1728 2284 pendet
1758 2215 1810 2269 in
1835 2214 1905 2268 li-

2082 2217 2212 2273 Ὅτι
2226 2217 2709 2289 κεκατηραμένος
2729 2219 2848 2274 ὑπὸ
2871 2217 3020 2274 Θεοῦ
3037 2215 3156 2283 πᾶς
3173 2221 3204 2272 ὁ
3221 2213 3598 2285 κρεμάμενος

318 2327 444 2381 gito.
489 2306 644 2381 [25.]
683 2307 911 2378 Aquilus
940 2313 995 2360 et
1028 2303 1371 2360 Theodotion
1400 2345 1416 2371 ,
1452 2305 1761 2360 maledictio
1807 2305 1904 2360 Dei

2027 2307 2104 2361 iul
2125 2308 2338 2374 ξύλου.
2355 2309 2588 2374 Ἀκύλας
2606 2310 2703 2363 καὶ
2723 2309 3014 2364 Θεοδοτίων
3041 2309 3332 2374 ἐξέδωκαν,
3358 2305 3598 2374 κατάρα

321 2417 608 2472 suspensus
632 2441 648 2467 ,
679 2406 1075 2470 exposuerunt.
1106 2397 1374 2453 Cancrum
1419 2399 1581 2453 divus
1613 2398 1906 2469 Apostolus

323 2497 392 2548 ad
441 2495 698 2559 Galatas,
751 2508 892 2562 quos
943 2491 1204 2546 vecordes
1263 2493 1509 2555 vocat",
1559 2491 1724 2560 hujus
1773 2491 1906 2545 dicti

323 2587 605 2643 mentione
631 2585 863 2639 adducta
880 2583 948 2650 ⁸⁸,
988 2599 1163 2654 neque
1195 2599 1224 2638 a
1260 2583 1389 2648 Deo,
1419 2597 1600 2652 neque
1630 2583 1725 2637 Dei
1753 2581 1917 2636 dicit;

323 2679 392 2736 Et
422 2679 658 2734 fortasse
691 2676 900 2730 idcirco
925 2675 1115 2729 omisit.
1149 2674 1294 2742 quod
1335 2673 1440 2728 hoc
1469 2673 1776 2727 auctarium
1818 2687 1910 2727 su-

326 2787 422 2840 pra
452 2771 602 2840 ipsos
633 2775 800 2823 esset.
834 2773 944 2820 Aut
972 2764 1115 2820 forte
1138 2765 1342 2835 aliquis
1374 2773 1634 2836 tanquam
1661 2764 1911 2836 blasphe-

324 2879 474 2918 lnnni
505 2877 568 2916 ex
601 2859 888 2914 codicibus
913 2857 1148 2913 vetustis
1175 2857 1342 2911 eruit.

397 2951 492 3008 Est
552 2959 736 3005 autem
789 2948 1018 3019 ὕστερον
1071 2950 1340 3021 πρότερον
1391 2950 1536 3019 quod
1585 2949 1761 3004 dicit:
1801 2947 1912 3002 (Et

321 3045 592 3100 moriatur
622 3057 688 3096 ac
719 3039 1071 3110 suspendetis
1120 3055 1245 3095 eum
1275 3057 1305 3096 e
1333 3041 1482 3110 ligno
1509 3056 1524 3106 ;
1559 3060 1577 3091 ι
1631 3056 1738 3096 non
1763 3040 1910 3096 enim

321 3147 453 3210 post
485 3145 716 3192 mortem
771 3135 840 3188 ad
887 3147 1109 3188 crucem
1145 3133 1271 3204 quis
1304 3133 1566 3201 adigitur,
1597 3148 1782 3188 verum
1820 3146 1913 3202 per

313 3245 547 3286 crucem
588 3229 843 3285 moritur.

399 3323 602 3378 Verum
646 3337 748 3377 cur
778 3321 962 3377 crucis
999 3320 1273 3376 duntaxat
1311 3328 1542 3375 mortem
1573 3317 1790 3372 vocavit
1815 3331 1913 3372 ex-

325 3414 676 3480 aecrandam,
703 3415 829 3469 licet
851 3429 998 3483 saepe
1019 3413 1246 3482 obliquo
1267 3410 1479 3482 judicio
1505 3409 1598 3464 liat
1617 3408 1913 3479 judicium,

318 3525 456 3565 eum
510 3507 564 3562 in
631 3508 909 3564 similibus
965 3514 1058 3560 aut
1107 3506 1270 3559 etiam
1321 3503 1690 3559 deterioribus
1732 3502 1918 3558 causis

323 3605 584 3674 justeque
613 3601 910 3672 aliquando
959 3600 1069 3653 alia
1100 3597 1421 3668 irrogentur
1462 3595 1787 3664 supplicia?
1817 3594 1921 3649 Ec—

328 3694 463 3764 quid
497 3693 667 3748 vero?
697 3708 764 3746 an
800 3707 908 3746 non
939 3689 1104 3744 alicui
1137 3689 1322 3758 inepta
1351 3696 1408 3742 et
1438 3687 1616 3742 aliena
1647 3701 1815 3742 causa
1844 3685 1926 3740 vi-

327 3789 448 3844 deri
501 3789 678 3858 possit
728 3787 832 3841 hoc
892 3785 1038 3854 quod
1093 3780 1267 3846 dicit,
1327 3779 1537 3836 idcirco
1591 3778 1923 3835 demendum

328 3884 514 3952 ipsum
560 3895 590 3934 a
634 3891 799 3934 cruce
823 3893 969 3944 esse,
1014 3889 1080 3931 ac
1111 3871 1513 3944 sepeliendum,
1555 3871 1686 3941 quia
1732 3885 1762 3925 a
1812 3871 1922 3926 Deo

327 3972 662 4027 maledictus
724 3969 840 4026 sit?
869 3967 1029 4038 quasi
1059 3965 1389 4021 manendum
1428 3963 1478 4019 ei
1509 3972 1676 4029 esset,
1724 3963 1772 4018 si
1811 3978 1922 4017 non

329 4063 662 4119 maledictus
687 4072 834 4117 esset
861 4078 874 4113 :
901 4076 1024 4116 cum
1060 4071 1240 4114 tamen
1268 4073 1300 4114 e
1327 4056 1549 4112 diverso
1571 4055 1686 4111 ﬁeri
1716 4071 1922 4110 conve-

333 4157 540 4210 niebat.
593 4151 764 4209 Porro
794 4159 978 4208 autem
1014 4166 1142 4206 cum
1178 4149 1312 4205 nulli
1344 4158 1572 4220 peccato
1604 4156 1699 4201 aut
1731 4147 1925 4218 impie-

331 4250 432 4303 tati
478 4247 666 4304 crucis
717 4245 1050 4316 supplicium
1083 4241 1264 4298 adhuc
1303 4241 1612 4306 constituit,
1645 4240 1924 4312 quomodo

333 4343 388 4396 id
428 4356 577 4396 nunc
607 4339 880 4410 protulit?
912 4336 1112 4393 Verum
1143 4352 1210 4392 ex
1237 4336 1322 4392 his
1343 4334 1603 4389 omnibus
1635 4333 1783 4389 hunc
1810 4349 1926 4389 ser-

318 4444 552 4487 ‘mouem
586 4440 811 4502 propter
839 4431 1123 4486 Christum
1155 4436 1368 4484 tantum
1397 4441 1520 4482 esse
1557 4425 1762 4480 factum
1793 4440 1928 4480 con-

319 4523 616 4586 cluditur,
649 4522 743 4592 qui
798 4535 898 4591 pro
947 4519 1108 4574 nobis
1157 4515 1470 4572 exsecratio
1525 4515 1638 4568 ﬁeri
1701 4513 1924 4568 futurus

319 4622 480 4675 erat.
507 4613 598 4682 qui
642 4614 904 4683 quoniam
940 4612 1086 4666 Deus
1118 4618 1260 4674 erat,
1308 4609 1506 4663 merito
1545 4605 1637 4659 Dei
1669 4620 1926 4659 exsecra-

326 4703 416 4758 ‘tio
448 4705 631 4758 dictus
653 4713 758 4759 est.
795 4703 936 4759 Deus
971 4703 1118 4758 enim
1150 4716 1274 4756 cum
1299 4708 1471 4764 esset,
1511 4712 1610 4768 pro
1641 4698 1803 4752 nobis
1831 4713 1926 4751 ex-

331 4798 702 4852 secrationem
752 4797 1034 4851 sustinuit.
1068 4795 1224 4862 Quod
1273 4793 1421 4847 enim
1467 4807 1598 4845 crux
1654 4807 1764 4844 non
1816 4791 1923 4844 alio

2010 2401 2161 2455 Θεοῦ
2184 2401 2575 2471 κρεμάμενος.
2609 2401 2670 2456 ’0
2701 2401 2760 2456 δὲ
2795 2401 2938 2465 Bato;
2973 2399 3318 2462 Ἀπόστολος,
3339 2393 3465 2450 οὔτε
3485 2397 3598 2450 ὑπὸ

2009 2492 2168 2559 Θεοῦ,
2197 2492 2318 2546 οὔτε
2349 2493 2485 2546 Θεοῦ
2521 2510 2679 2563 φησι,
2708 2492 2972 2563 μνησθεὶς
3001 2491 3098 2545 τοῦ
3134 2488 3298 2561 ῥητοῦ
3330 2489 3468 2559 πρὸς
3489 2489 3600 2542 Γα-

2009 2579 2175 2644 λάτας
2215 2579 2350 2651 (98),
2383 2579 2480 2644 οὒς
2514 2582 2774 2652 ἀνοήτους
2808 2580 2981 2635 καλεῖ.
3021 2580 3130 2632 Καὶ
3161 2581 3291 2642 ἴσως
3315 2578 3402 2632 διὰ
3431 2578 3596 2632 τοῦτο

2011 2673 2366 2744 παρέλειπεν,
2397 2673 2473 2738 ὡς
2499 2672 2666 2727 οὖσαν
2700 2672 2844 2745 ὑπὲρ
2877 2674 3073 2736 αὐτοὺς
3105 2671 3206 2742 τὴν
3247 2671 3592 2743 προσοήκην.

2016 2761 2088 2814 Ἢ
2131 2762 2275 2832 τάχα
2315 2779 2430 2827 τις,
2463 2761 2536 2827 ὡς
2571 2761 2912 2834 βλάσφημον,
2954 2765 3018 2817 ὲκ
3065 2762 3174 2817 τῶν
3222 2761 3598 2834 ἀρχαιοτέρων

2014 2852 2188 2918 ἐξεῖλε
2219 2852 2459 2924 βιϐλίων.

2085 2945 2266 3018 Πρῶθ’
2296 2945 2520 3018 ὕστερόν
2542 2947 2658 3000 ἔστι
2683 2945 2764 3012 τὸ,
2787 2965 2804 2998 ι
2839 2947 2948 3000 Καὶ
2971 2947 3239 3019 ἀποθάνῃ,
3261 2945 3357 3000 καὶ
3377 2945 3597 3017 κρεμά-

2019 3055 2148 3110 σητε
2198 3038 2359 3092 αὐτὸν
2392 3040 2485 3092 ἐπὶ
2518 3036 2698 3104 ξύλου.
2739 3057 2758 3090 ι
2794 3040 2867 3091 Οὺ
2895 3038 3006 3110 γάρ
3041 3041 3180 3108 μετά
3212 3039 3470 3109 τελευτήν
3512 3056 3599 3100 τις

2017 3127 2370 3201 σταυροῦται,
2399 3128 2488 3183 διὰ
2515 3127 2573 3182 δὲ
2607 3127 2702 3182 τοῦ
2735 3129 2971 3201 σταυροῦ
3005 3129 3253 3200 τελευτᾷ.

2088 3310 2253 3366 Ἀλλά
2281 3309 2398 3373 πῶς
2427 3310 2736 3382 κατάρατον
2765 3311 2856 3364 τὸν
2885 3310 2972 3363 διὰ
3003 3307 3242 3381 σταυροῦ
3279 3309 3438 3378 μόνον
3470 3306 3604 3358 ἑκά.

2017 3403 2140 3457 λεσε
2170 3403 2420 3466 Θάνατον,
2471 3401 2570 3457 κᾶν
2623 3403 2689 3456 ὲκ
2731 3403 3128 3474 παροράματος
3177 3401 3404 3470 γένηται
3445 3399 3605 3451 δικασ-

2023 3496 2198 3564 στῶν;
2231 3496 2316 3564 ἐφ’
2337 3495 2544 3566 ὁμοίοις
2588 3495 2621 3565 ἢ
2667 3496 2762 3548 καὶ
2791 3494 3034 3567 χείροσιν
3065 3495 3458 3567 ἁμαρτήμασιν
3505 3492 3605 3546 άλ-

2025 3586 2131 3641 λων
2161 3585 2516 3657 ἐπαγομένων
2541 3584 2652 3639 ἐσθ’
2675 3586 2763 3639 ὅτε
2801 3585 3079 3656 τιμωριῶν
3115 3583 3354 3645 δικαίως.
3384 3581 3504 3644 Πῶς
3546 3582 3606 3634 δὲ

2024 3681 2086 3734 οὐ
2112 3679 2255 3745 δόξει
2278 3679 2340 3731 τὸ
2371 3679 2470 3748 τῆς
2499 3677 2681 3740 αἰτίας
2711 3676 2998 3730 ἀλλόκοτον
3017 3715 3032 3738 ,
3062 3676 3124 3730 τὸ
3163 3673 3250 3728 διὰ
3281 3673 3439 3727 τοῦτο
3468 3674 3607 3726 καο-

2027 3775 2170 3828 ελεϊν
2201 3771 2364 3826 αὑτὸν
2389 3769 2483 3824 τοῦ
2510 3766 2748 3839 σταυροῦ
2791 3767 2883 3822 καὶ
2915 3766 3104 3837 θάψαι,
3134 3765 3323 3835 ἐπειδὴ
3355 3765 3604 3834 κατάρα-

2023 3862 2118 3926 τός
2143 3861 2293 3914 ἐστιν
2318 3859 2424 3914 ὑπὸ
2459 3856 2630 3924 Θεοῦ;
2665 3857 2740 3921 ὡς
2767 3857 2888 3911 δέον
2919 3856 3220 3926 ἐπιμένειν,
3253 3857 3302 3908 εί
3327 3856 3401 3926 μὴ
3432 3856 3606 3908 κατά·
3639 3894 3643 3897 -

2031 3969 2190 4025 ρατος
2215 3947 2284 4024 ἦν
2307 3967 2323 3982 ο
2357 3950 2537 4006 καίτοι
2561 3949 2876 4003 τούναντίον
2901 3948 3089 4020 ἐχρῆν.
3119 3948 3241 4010 Πῶς
3267 3947 3326 4000 δὲ
3350 3946 3608 4016 οὐδεμιᾶς

2027 4043 2304 4116 ἁμαρτίας
2347 4042 2381 4113 ἢ
2431 4041 2688 4105 άσεὸείας
2730 4041 2966 4111 σταυρὸν
2993 4039 3166 4093 εἰπὼν
3198 4039 3310 4094 δεῖν
3337 4034 3478 4092 εἶναι
3509 4039 3608 4109 τὴν

2025 4136 2214 4206 δίκην,
2251 4133 2348 4188 νῦν
2397 4132 2556 4185 τοῦτο
2605 4130 2978 4203 παρέῥριψεν;
3030 4129 3240 4184 Οὐκοῦν
3269 4129 3608 4198 πανταχόθεν

2028 4225 2324 4292 συνάγεται
2351 4224 2413 4276 τὸ
2437 4221 2525 4276 διὰ
2555 4222 2648 4275 τὸν
2673 4221 2908 4292 Χριστὸν
2939 4221 3098 4292 μόνον
3119 4219 3375 4291 εἰρῆσθαι
3401 4220 3494 4272 τὸν
3524 4219 3604 4273 λὸι

2025 4317 2339 4386 γον.”οστις
2385 4315 2618 4386 ἤμελλεν
2665 4313 2806 4384 ὑπὲρ
2858 4313 3014 4384 ἡμῶν
3063 4314 3278 4382 κατάρα
3329 4313 3606 4381 γενέσθαι.

2026 4409 2139 4464 Καὶ
2172 4407 2293 4462 ἐπεὶ
2327 4407 2460 4470 Θεὸς
2504 4403 2604 4477 ἦν,
2639 4405 2866 4469 εἰκότως
2911 4405 3151 4475 εἴρηται,
3184 4405 3402 4474 κατάρα
3450 4403 3607 4458 Θεοῦ.

2025 4503 2160 4567 Θεὸς
2191 4501 2299 4572 γὰρ
2332 4501 2620 4570 ὑπάρχων,
2651 4497 2806 4567 ἔσχεν
2827 4497 2982 4563 σὺπὲρ
3013 4494 3168 4566 ἡμῶν
3198 4495 3298 4566 τὴν
3343 4496 3606 4563 κατάραν.

2029 4596 2154 4650 Ὀτι
2189 4593 2311 4663 -γάρ
2357 4593 2455 4660 οὐχ
2505 4590 2707 4658 ἑτέρως
2747 4588 2963 4658 κατάρα
2993 4588 3224 4656 σταυρὸς
3259 4585 3608 4654 ὀνομάζεται,

2027 4685 2178 4756 δηλοῖ
2198 4684 2258 4738 τὸ
2286 4683 2416 4752 περὶ
2435 4681 2640 4749 Πέτρου
2673 4679 2984 4750 εἰρημένον
3011 4695 3030 4730 ι
3065 4677 3234 4729 Τοῦτο
3273 4675 3329 4728 δὲ
3359 4672 3482 4728 εἷπε
3519 4690 3616 4743 ση-

2029 4779 2238 4849 μαίνων
2267 4775 2406 4845 ποίῳ
2433 4773 2650 4842 θανάτῳ
2677 4770 2999 4836 δοξάσειτὸν
3023 4770 3175 4822 Θεόν.
3193 4769 3282 4820 »ΕΞ
3309 4767 3417 4837 γάρ
3445 4766 3615 4834 φύσει

323 4888 504 4943 modo
537 4890 848 4946 exsecratio
877 4889 1214 4950 nominetur,
1237 4885 1292 4940 id
1327 4883 1473 4953 quod
1519 4883 1589 4938 de
1633 4882 1792 4936 Petro
1836 4882 1918 4936 di-

2027 4872 2260 4940 κατάρα,
2291 4866 2432 4922 διατί
2463 4865 2676 4930 δοξάσει
2712 4864 2802 4916 τὸν
2836 4861 2990 4923 Θεὸν,
3014 4859 3140 4931 ἔφη.
3168 4862 3261 4912 καὶ
3289 4858 3368 4930 μὴ
3401 4857 3613 4923 ἁπλῶς,

325 4989 488 5038 ctum
519 4992 644 5046 est,
677 4983 862 5053 arguit
893 5000 907 5036 :
938 5000 958 5034 ι
1000 4980 1116 5036 ΙΙοο
1151 4993 1282 5034 vero
1309 4977 1475 5040 dixit;
1505 4975 1752 5031 indicare
1777 4975 1923 5029 enim

327 5071 513 5126 Voluit
553 5073 703 5144 quali
759 5079 936 5127 morte
983 5070 1397 5143 glorilicaturus
1429 5077 1573 5122 esset
1615 5065 1782 5121 Deum
1803 5066 1870 5118 ’⁸.
1901 5082 1920 5114 ι

2031 4963 2379 5033 τελευτήσει;
2436 4958 2497 5010 οὐ
2543 4957 2652 5028 γὰρ
2690 4957 2818 5021 δόξα
2846 4953 2981 5008 Θεοῦ
3027 4952 3088 5006 τὸ
3132 4951 3292 5022 φύσει
3323 4950 3494 5004 δεινὸν
3527 4947 3612 5014 ὃν,

2035 5059 2130 5112 καὶ
2158 5053 2376 5124 κατάρα
2405 5050 2560 5104 Θεοῦ.
3017 5042 3021 5047 ’

329 5157 476 5218 Nam
523 5163 566 5216 si
621 5171 818 5218 natura
848 5135 1158 5218 exsecratio
1193 5173 1301 5222 est,
1334 5160 1515 5228 aliqua
1559 5173 1618 5212 rc
1657 5155 1963 5214 celebrabit
2007 5151 2200 5214 Deum,
2234 5146 2444 5217 inquit,
2481 5159 2580 5197 nec
2614 5139 2938 5213 simpliciter
2971 5139 3254 5194 morietur.
3287 5135 3404 5190 Non
3462 5138 3614 5191 enim

327 5255 512 5323 gloria
558 5255 652 5312 Dei
694 5262 802 5318 est,
835 5254 981 5326 quod
1020 5265 1214 5308 natura
1256 5250 1476 5307 difﬁcile
1520 5258 1628 5316 est,
1655 5261 1708 5304 et
1758 5247 2066 5304 exsecratio
2101 5244 2216 5300 Dei.

409 5431 454 5502 ξ’
485 5429 628 5502 _Luc.
659 5449 775 5496 xix,
807 5431 879 5484 17
905 5447 1056 5502 seqq.
1165 5431 1210 5463 ¹⁶
1249 5429 1441 5485 Matth.
1497 5447 1598 5494 τι,
1637 5429 1859 5502 2_s_eqq.

385 5501 432 5532 '°
473 5499 611 5557 Gen.
648 5519 796 5566 xxxi,
829 5503 918 5558 42.
984 5495 1040 5535 ’⁸³
1085 5502 1247 5557 Prov.
1280 5519 1408 5568 xxx,
1438 5502 1525 5554 l7.
1606 5501 1648 5531 "
1694 5495 1879 5552 Matth.
1918 5513 1971 5558 x.
2005 5495 2092 5550 '57.

341 5570 446 5626 ⁵10.
527 5573 572 5604 ⁸⁸
609 5570 772 5627 Joan.
808 5589 921 5637 xxi,
952 5575 1038 5628 l9.

425 5755 536 5824 (98)
580 5759 666 5811 Ἐν
697 5775 823 5828 κεφ.
847 5759 897 5824 5,
943 5759 1028 5812 ἐπ.
1058 5758 1142 5811 i5.

1968 5427 2010 5458 ³⁷
2049 5425 2228 5479 iCnr.
2273 5439 2374 5486 xv,
2409 5423 2494 5476 4|.

3250 5411 3292 5444 ¹⁹
3333 5406 3464 5464 ibid.
3522 5407 3613 5462 l7.

3250 5483 3299 5532 l.
3377 5479 3423 5512 ⁸⁸
3465 5477 3609 5532 ibid.

3465 5494 3609 5532 ΙυΙίΙ.

2602 5419 2644 5450 ³³
2683 5415 2850 5469 Exod.
2893 5431 3006 5477 xxI,
3041 5415 3125 5468 15.

2179 5496 2224 5526 ’³
2269 5483 2460 5549 Matth.
2500 5507 2628 5556 vni,
2663 5488 2752 5542 22.
2833 5486 2877 5517 “
2917 5486 3094 5540 Galat.
3126 5499 3210 5549 ιιι,
3249 5483 3299 5536 l.

1864 5651 2098 5707 ΝυΤιΕ.
