4010 6230
433 320 536 386 9Ῥ9
1317 323 1850 388 COMMENTARII
1889 325 1970 384 IN
2012 322 2708 386 DEUTERONOMIUM.
3585 329 3691 392 93d

503 432 566 488 Si
592 432 783 486 videris
809 432 1031 496 vitulum
1059 432 1244 502 fratris
1275 436 1350 489 tui
1380 447 1473 489 aut
1504 453 1647 489 ovem
1677 437 1790 505 ejus
1813 453 2015 502 errare,
2039 455 2100 491 ne
2130 438 2459 493 dissimules.
2486 436 2679 508 [XXEL
2708 436 2785 509 1.]
2828 437 3169 505 Constt'ingit
3204 455 3303 495 nos
3336 438 3401 495 ad
3435 440 3691 496 dilectio--

433 537 555 576 nom
590 528 643 573 et
675 521 1140 577 necessitudinem
1175 532 1443 578 mutuam.
1475 525 1576 589 Qui
1611 526 1755 578 enim
1786 525 2038 594 jutnenlo
2063 525 2459 579 humanitatem
2497 535 2692 595 negat,
2731 536 2938 593 quanto
2970 527 3142 595 magis
3184 527 3428 581 dominis
3469 530 3693 597 jumen-

430 618 636 674 torum,
665 623 728 661 ac
778 608 1022 676 ejusdem
1070 616 1281 663 natura:
1331 613 1685 666 consortibus
1721 612 1924 666 faciet?
1965 611 2310 681 Quapropter
2343 613 2567 668 fratrem
2615 614 2850 668 subinde
2902 614 3153 667 nominat
3199 615 3535 684 proximum,
3567 620 3693 670 licet

432 697 609 750 hostis
640 696 824 751 fuerit.
854 695 987 750 Nam
1028 698 1231 766 ubique
1263 699 1402 753 mala
1432 710 1577 754 vetat
1612 703 1873 756 recoiivre.
1912 700 2077 755 Juxta
2122 700 2255 755 illud
2292 719 2306 755 :
2347 720 2366 752 ι
2397 700 2711 756 Benefacite
2756 702 2995 775 inimicis
3021 704 3261 767 vestris,
3301 712 3353 757 et
3397 716 3551 760 orate
3595 721 3695 775 pro

431 784 518 839 bis
551 784 645 854 qui
680 785 1010 840 contumelia
1051 800 1148 840 vos
1180 785 1501 842 afﬁciunt".
1538 808 1556 838 δ
1587 788 1718 842 Nam
1758 790 1872 861 ipse
1903 804 2125 858 quoque
2172 790 2444 859 lapidibus
2476 791 2680 857 petitus
2709 774 2979 861 quamvis,
3027 801 3234 847 rectam
3277 793 3420 848 viam
3472 797 3552 850 ire
3596 774 3695 851 eos

431 872 617 925 docuit
646 889 660 925 :
700 889 717 920 σ
749 870 1001 936 Quandiu
1043 872 1225 927 lumen
1264 873 1495 937 habetis,
1528 876 1805 927 ambulate
1841 876 1894 927 in
1931 875 2160 941 lumine,
2197 893 2265 932 ne
2289 877 2527 932 tenebrze
2562 894 2654 932 vos
2685 880 3076 947 opprimant".
3107 901 3124 931 ι

504 960 623 1012 Non
649 961 755 1012 sint
780 976 931 1012 arma
957 961 1056 1013 viri
1094 977 1252 1028 super
1284 963 1519 1016 muliere.
1556 962 1657 1035 ﬁ]
1703 961 1859 1017 Vetat
1894 964 2106 1018 mutuis
2144 963 2390 1019 moribus
2419 965 2566 1018 viros
2594 973 2649 1018 et
2694 964 2928 1018 feminas
2961 967 3061 1019 uti.
3096 964 3226 1019 Vult
3254 967 3399 1020 enim
3434 966 3691 1021 decoram

431 1044 889 1100 consuetudinem
937 1047 1260 1113 observari,
1306 1050 1760 1119 quemadmodum
1809 1050 2110 1119 Apostolus
2157 1066 2407 1120 quoque,
2444 1051 2540 1120 qui
2583 1052 2765 1122 inquit
2797 1071 2811 1107 :
2851 1072 2869 1103 ι
2897 1052 2994 1106 Vir
3026 1055 3071 1109 si
3110 1055 3252 1109 inter
3290 1056 3560 1110 orandum
3599 1065 3693 1110 aut

431 1136 875 1205 prophetandum
909 1144 1074 1205 caput
1106 1145 1310 1190 tectum
1344 1138 1548 1201 habet,
1584 1136 1857 1193 dedecore
1879 1148 2043 1208 caput
2082 1154 2242 1194 suum
2278 1139 2524 1193 adicit”.
2555 1157 2573 1191 ι
2617 1140 2690 1194 De
2723 1141 2955 1195 muliere
2981 1151 3164 1196 autem
3199 1143 3477 1196 contraria
3505 1142 3638 1197 dicit
3672 1161 3687 1196 :

438 1243 457 1276 ι
483 1221 710 1291 Oportet
736 1225 880 1279 enim
915 1241 1015 1279 nec
1053 1225 1229 1279 virum
1264 1227 1524 1290 mollem,
1561 1241 1671 1283 nec.
1688 1226 1974 1280 mulierem
2010 1240 2298 1296 procacem
2325 1242 2449 1281 esse
2466 1226 2533 1280 ³ο.
2563 1246 2583 1279 ι

501 1314 654 1378 Quod
682 1315 728 1368 si
755 1330 874 1367 vero
907 1314 1161 1369 incideris
1189 1315 1246 1367 in
1277 1314 1461 1369 nidum
1489 1315 1686 1368 avium.
1727 1314 1831 1387 [αξξ
1859 1314 2031 1370 Nidus
2058 1315 2280 1385 quidem
2313 1315 2495 1368 avium
2526 1324 2634 1378 est,
2656 1314 3127 1384 quemadmodum
3163 1316 3366 1370 animae
3398 1317 3686 1372 virttttmn.

431 1399 695 1465 Qualibet
726 1410 912 1456 autem
943 1415 1132 1454 earum
1166 1410 1341 1465 mater
1372 1403 1565 1470 utique
1601 1419 1824 1455 suarum
1856 1403 2032 1473 ipsius
2059 1403 2413 1458 elfectionum
2446 1403 2552 1457 dici
2586 1405 2781 1473 possit.
2809 1402 2912 1467 Qui
2946 1405 3113 1472 igitur
3143 1403 3284 1457 forte
3317 1405 3564 1459 bonitate
3587 1406 3694 1458 ali-

433 1490 592 1558 cujus
622 1501 714 1543 aut
748 1489 1011 1558 patientia
1044 1487 1283 1553 fruitur,
1312 1505 1503 1543 earum
1536 1491 1777 1544 dominis
1814 1491 2043 1546 insidias
2074 1493 2338 1545 struendo
2365 1490 2599 1545 virtutes
2631 1506 2741 1543 non
2775 1490 2954 1544 laedat.
2994 1491 3225 1546 Virtutis
3252 1493 3396 1545 enim
3435 1492 3693 1546 violentia

433 1590 534 1637 est.
570 1578 615 1633 si
645 1578 885 1632 dominis
906 1577 1029 1647 ejus
1060 1577 1194 1631 ﬁant
1224 1577 1459 1632 insidiae.

400 1684 427 1759 1
501 1689 605 1744 Καὶ
647 1688 921 1754 ποιήσεις
951 1686 1264 1756 στεφάνην
1298 1684 1378 1751 τῷ
1413 1685 1635 1754 δώματί
1663 1703 1801 1742 σου.
1837 1688 2005 1757 Τρίγ-

2182 1685 2427 1752 lmpones
2463 1701 2709 1740 coronam
2751 1687 2932 1740 domui
2969 1697 3093 1743 tum.
3127 1685 3246 1759 [8]
3288 1687 3479 1743 ania
3527 1703 3697 1758 super

432 1800 528 1853 χον
560 1781 640 1833 δεῖ
668 1778 945 1847 γενέσθαι,
982 1778 1167 1848 φησὶν,
1200 1778 1689 1848 ὑπερανεστηκότα
1715 1778 1811 1831 τοῦ
1841 1797 2011 1832 κατα-

435 1872 757 1944 στρώματος
777 1887 790 1900 ’
824 1872 901 1933 ὡς
930 1870 1100 1940 αὐλῆς
1137 1872 1304 1922 τύπον
1333 1869 1480 1940 ἔχειν
1512 1870 1574 1922 τὸ
1601 1870 1778 1939 δῶμα,
1810 1872 2010 1941 βραχυ-

428 1966 612 2034 τέροις
644 1963 845 2034 τοίχοις
877 1962 1401 2035 περιφραττόμενον.
1448 1964 1541 2014 Δεῖ
1578 1964 1634 2016 δὲ
1668 1963 1762 2017 καὶ
1794 1964 1892 2028 τὰς
1928 1965 2011 2026 εἰς

429 2057 560 2127 ὕψος
609 2055 846 2125 ἀγούσας
893 2054 1095 2125 ἀρετὰς
1141 2054 1609 2125 ταπεινοφροσύνῃ
1655 2054 2006 2124 τειχίζεσοαι.

426 2151 621 2222 Ψυχῆς
652 2150 760 2218 γὰρ
793 2147 999 2211 πτῶσις
1026 2145 1336 2210 ἀλαζονεία.

501 2245 584 2297 Οὐ
628 2241 1022 2307 κατασπερεῖς
1055 2240 1162 2293 τὸν
1188 2236 1511 2308 ἀμπελῶνά
1552 2254 1668 2292 σου
1701 2238 2006 2307 διάφορον,

428 2338 528 2391 ἵνα
569 2336 654 2405 μὴ
695 2332 953 2403 ἁγιασθῆ
983 2331 1047 2384 τὸ
1082 2332 1368 2401 γέννημα.
1390 2330 1602 2403 ’ᾭσπερ
1634 2330 1892 2400 ἀνάθημα
1924 2330 2010 2382 λέ-

429 2445 584 2498 γεται
614 2428 722 2480 πᾶν
755 2412 1144 2493 ἀνατιθεμένου
1175 2423 1252 2494 τῷ
1277 2422 1396 2493 Θεῷ
1418 2439 1432 2453 ο
1468 2422 1687 2490 λέγεται
1715 2422 1771 2476 δὲ
1801 2424 1893 2474 καὶ
1918 2421 2010 2474 ἐπὶ

432 2522 525 2575 τοῦ
555 2518 791 2591 φευκτοῦ
826 2520 920 2572 καὶ
950 2516 1434 2586 κεκατηραμένου,
1460 2516 1548 2568 διὰ
1591 2516 1652 2568 τὸ
1701 2515 2011 2585 κατάρατον

433 2610 571 2669 εἶναι
597 2612 688 2667 τὸν
716 2609 1084 2680 ἀναθημάτων
1113 2608 1419 2678 ἁπτόμενον
1444 2623 1457 2637 ·
1488 2606 1581 2658 καὶ
1612 2606 1692 2659 ὅτι
1722 2605 1781 2657 τὸ
1814 2607 1911 2675 μὲν
1935 2605 2010 2669 ὡς

431 2709 588 2773 ἅγιον
639 2704 981 2775 ἀφορίζεται,
1019 2698 1092 2775 μὴ
1140 2699 1447 2770 ἁπτομένου
1494 2698 1675 2762 τινός·
1721 2697 1781 2751 τὸ
1831 2697 1908 2762 δὲ,
1937 2695 2011 2762 ὡς

432 2800 658 2866 ἐναγέςο
690 2796 834 2849 οὕτω
866 2795 927 2847 τὸ
957 2796 1111 2863 ἆγιον
1151 2793 1288 2846 κατὰ
1319 2791 1495 2845 διττὸν
1534 2790 1749 2859 λέγεται
1787 2791 2009 2863 τρόπον.

434 2894 543 2945 Καὶ
572 2890 632 2943 τὸ
666 2889 765 2960 μὲν
792 2888 883 2941 ἐπὶ
912 2886 1103 2950 καλοῦ,
1130 2886 1382 2956 περιττὸν
1408 2883 1821 2937 ἀποδεικνύναι·
1849 2885 1929 2936 ὅτι
1957 2884 2011 2935 δὲ

434 2983 538 3037 κᾶν
585 2982 802 3044 ἀσεϐεῖς
842 2973 944 3033 ὧσί
978 2996 1145 3044 τινες,
1202 2977 1542 3050 ἀφορισῦῶσι
1593 2976 1649 3028 δὲ
1704 2977 1839 3046 πρός
1891 2991 2009 3029 τινα

435 3077 729 3139 διακονίαν,
772 3074 919 3142 ἅγιοι
963 3072 1232 3140 λέγονται,
1265 3071 1415 3141 δηλοῖ
1465 3070 1744 3138 Σοφονίας,
1797 3068 2007 3137 λέγων’

444 3189 463 3222 ι
498 3167 823 3222 Εὐλαϐεἰσθε
847 3167 957 3219 ἀπὸ
986 3162 1280 3234 προσώπου
1312 3162 1521 3234 Κυρίου
1554 3161 1648 3214 τοῦ
1678 3160 1836 3214 Θεοῦ.
1870 3162 2014 3211 Διότι

437 3261 603 3330 ἐγγὺς
626 3262 661 3331 ὴ
692 3259 872 3330 ἡμέρα
898 3257 992 3311 τοῦ
1019 3256 1251 3328 Κυρίου,
1274 3257 1356 3309 ὅτι
1384 3256 1649 3325 ἡτοίμασε
1682 3253 1887 3324 Κύριος
1916 3251 2014 3322 τὴν

439 3354 628 3407 Θυσίαν
646 3351 833 3415 αὐτοῦ,
852 3351 1053 3421 ἡγίακε
1078 3351 1202 3412 τοὺς
1225 3348 1456 3418 κλητοὺς
1479 3348 1642 3400 αὐτοῦ
1663 3387 1676 3412 ,
1711 3366 1729 3399 ι
1755 3347 1881 3411 τοὺς
1905 3346 2014 3398 Βα-

440 3446 732 3509 ϐυλωνίους
774 3444 919 3498 οὕτω
986 3442 1187 3496 καλῶν.
1236 3441 1349 3496 Καὶ
1394 3438 1634 3511 Μιχαίας
1701 3439 1759 3491 δέ
1806 3455 1971 3507 φησιν
1997 3452 2011 3467 ο

447 3556 465 3589 t
487 3538 746 3606 Ἦγίασεν
791 3536 878 3589 ἐπ’
919 3535 1083 3588 αὑτὸν
1130 3534 1424 3603 πόλεμον..
1447 3532 1557 3586 Καὶ
1597 3531 1693 3593 τὸ,
1730 3548 1750 3581 ι
1772 3528 1914 3597 Ἐγὼ
1957 3527 2016 3580 δὲ

442 3629 745 3694 συντάσσω,
777 3628 873 3680 καί
899 3623 1034 3693 ιὲγὼ
1075 3625 1195 3693 ἄγω
1243 3620 1833 3691 αὐτούς.Ἡγιασμὲνοι
1883 3620 2012 3681 εἰσὶ,

441 3720 538 3773 καὶ
586 3718 700 3788 ἐγὼ
746 3719 866 3787 ἄγω
897 3716 1116 3779 αὐτούς.
1152 3716 1410 3784 Γίγαντες
1440 3713 1691 3785 ἔρχονται
1726 3710 2017 3781 πληρῶσαι

440 3807 533 3858 τὸν
567 3804 736 3874 Θυμόν
768 3822 890 3873 μου,
924 3823 942 3854 ι
988 3803 1250 3874 περὶτῶν
1285 3802 1423 3874 μετὰ
1452 3801 1636 3874 Κύρου
1667 3799 1808 3854 κατὰ
1838 3799 2017 3852 Βαϐυ-

441 3894 609 3957 λῶνος
648 3893 1119 3965 στρατευομένων.

2114 1784 2425 1851 pavimento
2485 1782 2822 1837 exstruendo
2868 1797 2991 1837 esse
3048 1781 3264 1850 inquit,
3327 1796 3438 1851 quo
3495 1781 3693 1837 domus

2111 1881 2423 1949 pinnaculis
2443 1882 2812 1950 circumsepta
2840 1880 3001 1948 regiae
3031 1879 3261 1949 ﬁguram
3289 1879 3505 1934 habeat.
3524 1881 3692 1949 Opor-

2114 1982 2189 2025 tet
2250 1970 2379 2027 vero
2444 1987 2657 2026 necnon
2716 1972 2948 2026 virtutes
3000 1973 3055 2027 in
3107 1974 3342 2029 sublime
3397 1974 3695 2029 evehentes

2114 2062 2419 2118 humilitate
2453 2062 2687 2117 munire.
2739 2061 2946 2116 Anima:
2995 2064 3141 2117 enim
3193 2063 3383 2134 lapsus
3433 2063 3691 2132 superbia

2111 2164 2213 2209 est.

2185 2249 2304 2299 Non
2342 2261 2579 2300 censeres
2617 2247 2820 2301 uincam
2861 2254 3008 2299 luam
3047 2245 3270 2299 diversis
3296 2247 3591 2315 generibus,
3627 2260 3695 2299 ne

2112 2340 2478 2407 sanctiﬁcetur
2511 2355 2706 2394 semen.
2747 2336 2863 2410 [9.]
2903 2337 3372 2403 Quemadmodum
3403 2338 3691 2392 anathema

2113 2432 2316 2487 dicitur
2362 2447 2524 2486 onme
2567 2433 2710 2500 quod
2754 2431 2987 2485 Domino
3016 2440 3393 2495 consecratur,
3426 2432 3529 2484 hoc
3562 2446 3695 2485 vero

2115 2523 2354 2576 nominis
2380 2524 2446 2576 de
2479 2523 2855 2595 abantinamlo
2880 2524 3334 2593 exsecrantloqne
3364 2533 3691 2589 usurpatur,

2112 2625 2177 2664 eo
2213 2609 2359 2680 quod
2389 2610 2759 2665 exsecrandns
2793 2611 2863 2665 sit
2896 2612 2988 2680 qui
3027 2613 3433 2664 anatliematttm
3467 2611 3689 2682 aliquod

2116 2702 2518 2766 attrectaverit,
2543 2708 2598 2757 et
2636 2701 2781 2772 quod
2820 2703 3014 2772 partim
3053 2702 3270 2772 quidem
3306 2715 3403 2756 ceu
3432 2713 3688 2757 sanctum

2114 2806 2401 2866 Separatur
2440 2802 2498 2848 ut
2548 2810 2577 2848 a
2627 2796 2842 2850 nemine
2891 2797 3268 2865 contingatur,
3314 2797 3514 2866 partim
3560 2809 3693 2850 vero

2114 2899 2373 2957 tanquam
2420 2887 2802 2959 detestandum
2840 2888 2958 2941 :ita
3011 2899 3262 2943 sanctum
3320 2902 3541 2956 quoque
3592 2888 3692 2940 du-

2112 2979 2240 3050 plici
2290 2978 2453 3032 modo
2488 2978 2711 3033 dicitur.
2737 2980 2806 3033 At
2833 2981 2887 3033 in
2924 2980 3122 3034 bonam
3154 2990 3362 3048 partem
3410 2981 3692 3048 quomodo

2117 3079 2414 3138 usurpetur
2461 3084 2933 3139 supervacaneum
2981 3080 3063 3126 est
3109 3071 3503 3126 demonstrare.
3536 3069 3691 3136 Quod

2116 3178 2248 3216 vero
2280 3161 2504 3232 quidam
2530 3163 2695 3216 etiam
2730 3178 2854 3216 cum
2890 3162 3043 3231 impii
3077 3162 3303 3224 fuerint,
3338 3161 3576 3231 separati
3610 3169 3693 3214 ta-

2117 3267 2238 3306 men
2270 3267 2299 3304 a
2337 3252 2445 3306 Deo
2477 3252 2541 3305 ad
2575 3251 2943 3307 ministerium
2973 3292 2985 3310 ,
3016 3254 3192 3305 sancti
3220 3253 3494 3316 dit-antur,
3525 3259 3692 3307 testa-

2117 3353 2207 3397 tur
2259 3342 2571 3411 Sophonias
2617 3344 2807 3397 dicens
2843 3358 2858 3398 :
2897 3361 2914 3393 t
2945 3344 3140 3397 Cavete
3187 3343 3344 3397 vobis
3391 3358 3417 3392 a
3462 3341 3693 3394 Domino

2117 3435 2250 3500 Deo,
2290 3433 2467 3505 45],
2512 3436 2770 3504 quoniam
2829 3449 2998 3508 prope
3047 3441 3131 3488 cst
3175 3433 3294 3488 dies
3330 3432 3566 3498 Domini,
3601 3449 3694 3501 pa-

2116 3527 2258 3581 ravit
2282 3528 2427 3580 enim
2463 3526 2727 3581 Dominus
2757 3527 3037 3594 victimam
3072 3542 3250 3589 suam,
3279 3533 3333 3579 ct
3377 3540 3492 3578 sam
3514 3523 3690 3578 tilica-

2116 3621 2192 3673 vit
2223 3631 2459 3689 vocatos
2483 3636 2615 3676 suos
2640 3620 2706 3684 3‘,
2741 3638 2760 3671 ι
2790 3618 3121 3691 Babylonios
3150 3620 3230 3674 sic
3252 3620 3553 3689 appellans.
3592 3618 3692 3671 Mi-

2116 3708 2297 3763 chaaas
2343 3710 2473 3763 item
2522 3709 2700 3779 inquit
2742 3726 2758 3763 :
2800 3726 2820 3760 ι
2849 3707 3227 3763 Sanctiﬁcavit
3287 3724 3455 3777 super
3510 3710 3690 3777 ipsum

2118 3802 2319 3854 bellum
2339 3803 2405 3854 “.
2444 3820 2461 3852 ο
2512 3801 2643 3856 item
2676 3801 2808 3855 illud
2839 3820 2852 3855 :
2892 3818 2911 3851 t
2946 3800 3057 3871 Ego
3087 3816 3218 3857 vero
3250 3801 3530 3856 constituo
3571 3816 3693 3867 eos,

2117 3899 2170 3944 et
2200 3905 2301 3960 ego
2324 3890 2469 3944 duco
2501 3905 2618 3953 eos,
2651 3891 2979 3946 sanetiiicati
3010 3900 3159 3958 sunt,
3186 3901 3242 3947 et
3273 3908 3376 3963 ego
3403 3893 3546 3947 duco
3569 3907 3693 3947 eos.

442 3989 701 4060 Gigantes
730 3989 956 4043 veniunt
981 3985 1047 4041 ad
1069 3985 1394 4055 explendum
1425 3984 1668 4039 animum
1701 3983 1961 4048 meum”,
1988 3999 2007 4032 ι
2041 3978 2111 4036 de
2145 3982 2411 4039 militibus
2442 3984 2537 4052 qui
2567 3982 2891 4054 Babylonem
2925 3999 3052 4040 cum
3107 3983 3248 4056 Cyro
3307 3995 3694 4058 Oppugnarunt

443 4084 690 4154 loquens.

515 4190 715 4246 Verum
745 4192 1027 4247 enimvero
1050 4186 1581 4251 vineamisraelem,
1621 4186 1930 4258 quemlibet
1972 4184 2100 4240 item
2129 4183 2409 4238 hominem
2439 4192 2534 4251 per
2573 4196 2633 4237 se
2661 4181 2950 4253 Scriptura
3007 4191 3186 4248 vocat,
3221 4182 3693 4253 quemadmodum

441 4296 505 4336 ex
535 4280 767 4335 Cantico
798 4277 1143 4332 canticorum
1172 4285 1391 4331 constat
1424 4293 1438 4328 :
1474 4294 1492 4327 ι
1520 4276 1712 4346 Capite
1742 4275 1908 4329 nobis
1938 4274 2153 4341 vulpes,
2190 4274 2401 4342 vulpes,
2439 4273 2689 4341 inquam,
2720 4285 2919 4341 parvas
2949 4285 3070 4335 quae
3087 4278 3302 4325 vastant
3338 4272 3528 4326 vineas
3546 4274 3592 4304 ”
3619 4289 3633 4326 :
3662 4291 3690 4324 ι

444 4370 518 4422 ita
566 4383 770 4421 vocans
811 4365 1038 4427 inutiles
1060 4372 1125 4420 a’c
1159 4364 1397 4419 fructum
1427 4373 1702 4417 maturum
1739 4378 1847 4416 non
1879 4357 2141 4417 feréntes.
2175 4361 2320 4416 Dicit
2359 4361 2528 4433 igitur
2559 4382 2573 4412 :
2608 4379 2627 4412 ι
2656 4359 2734 4415 Ne
2762 4374 3029 4416 conseras
3056 4360 3293 4415 diversis
3326 4363 3639 4430 generibus.
3664 4380 3687 4414 ι

441 4453 646 4508 Partim
673 4453 892 4525 quidem
919 4453 1064 4523 quod
1102 4452 1272 4506 vinea:
1294 4451 1499 4506 oiliciat
1523 4452 1569 4506 si
1601 4452 1820 4506 interim
1851 4456 1982 4507 dum
2015 4451 2212 4504 humor
2237 4451 2293 4504 in
2326 4465 2512 4505 semen
2548 4449 2808 4513 vertitur,
2828 4456 3076 4514 seratur;
3097 4448 3341 4518 Opimum
3366 4449 3517 4503 enim
3540 4450 3690 4520 quod

444 4545 503 4597 iit
536 4557 633 4612 per
656 4543 800 4596 vices
832 4552 940 4602 est,
1001 4539 1464 4610 quemadmodum
1499 4539 1564 4592 ad
1599 4540 1766 4593 vitem
1802 4538 1960 4592 dixit.
1996 4536 2201 4591 Partim
2240 4551 2371 4592 vero
2403 4536 2487 4590 bis
2512 4535 2693 4590 verbis
2725 4548 2940 4588 morum
2973 4534 3358 4590 diversitatem
3415 4537 3687 4592 detestari

376 4617 696 4695 )‘sanctum
725 4629 909 4683 docet.
953 4627 1121 4694 Quasi
1177 4626 1301 4681 talis
1329 4626 1383 4680 in
1415 4627 1599 4681 divina
1656 4627 1958 4681 toreularia
2018 4625 2187 4694 recipi
2253 4626 2326 4680 sit
2380 4623 2663 4694 indignus.
2713 4619 2979 4677 Fortasse
3030 4614 3162 4677 vero
3217 4627 3536 4679 narratione
3585 4627 3689 4681 hac

444 4717 660 4771 vineam
720 4715 796 4769 ita
862 4714 1065 4785 plantis
1123 4723 1508 4770 conserentem
1578 4724 1729 4769 metu
1790 4713 1906 4767 vult
1968 4714 2364 4784 obstringere,
2431 4722 2485 4765 et
2547 4725 2577 4764 a
2632 4709 2828 4764 fraude
2897 4711 3433 4782 insatiabilitateque
3496 4717 3689 4781 depel-

446 4805 577 4860 lere.

520 4890 643 4946 Non
668 4892 847 4945 arabis
876 4891 1077 4959 pariter
1102 4906 1220 4944 cum
1245 4890 1371 4944 bove
1395 4899 1444 4944 et
1476 4891 1649 4944 asino.
1677 4889 1819 4963 [40.]
1857 4890 1965 4946 Btis
2001 4891 2237 4945 victima:
2257 4891 2492 4960 ciboque
2519 4905 2676 4945 sacer
2705 4903 2805 4953 est,
2839 4904 2963 4943 enm
3001 4891 3197 4942 asinus
3244 4890 3496 4944 neutrius
3529 4905 3689 4943 usum

446 4981 709 5051 praebeat.
746 4978 933 5049 Itaque
961 4979 1161 5033 animae
1191 4994 1303 5034 suae
1361 4990 1564 5034 terram
1601 4996 1834 5041 novatis,
1898 4989 1957 5033 ut
2010 4978 2259 5033 divinum
2318 4994 2507 5032 semen
2568 4977 2882 5045 excipiendi
2913 4978 3006 5029 iiat
3073 4977 3295 5038 idonea,
3331 4978 3688 5045 profanorum

448 5084 512 5122 ac
543 5069 889 5122 indoctorum
909 5067 1295 5135 magistrorum
1325 5067 1678 5138 disciplinam
1706 5069 1952 5136 recipere
1981 5068 2300 5135 neutiquam
2329 5066 2514 5125 debet.
2538 5065 2924 5129 hmrrticnrutn
2952 5079 3048 5117 seu
3070 5064 3382 5118 Graecorum
3409 5063 3685 5117 videlicet.

448 5154 589 5222 Quin
628 5167 752 5208 cum
785 5152 985 5207 Davide
1006 5153 1191 5208 dicere
1223 5173 1237 5208 :
1274 5172 1294 5204 ί
1324 5153 1714 5224 Exposucrunt
1747 5155 1878 5207 mihi
1916 5155 2089 5223 iniqui
2127 5152 2366 5217 fabulas,
2398 5169 2588 5206 verum
2644 5166 2750 5205 non
2782 5160 2839 5203 ut
2872 5152 2955 5204 lex
2989 5160 3104 5215 tua,
3164 5150 3395 5203 Domine
3415 5149 3483 5202 ³⁸.
3517 5168 3534 5198 ι
3571 5150 3686 5204 Ca:-

429 5250 628 5302 _termu
652 5248 892 5296 mutetur
912 5240 1103 5294 asinus
1132 5248 1186 5294 et
1215 5240 1308 5293 liat
1347 5256 1545 5311 purus,
1584 5242 1736 5311 juxta
1769 5243 1904 5296 illud
1932 5241 2077 5310 apud
2106 5239 2343 5295 Isaiam:
2390 5257 2407 5290 ι
2437 5238 2586 5294 Felix
2624 5239 2718 5307 qui
2755 5239 2993 5290 seminat
3027 5252 3193 5305 super
3249 5250 3390 5305 aqua
3454 5237 3543 5291 ubi
3590 5239 3690 5291 bos

450 5331 681 5385 calcavit
709 5338 763 5382 et
791 5329 983 5383 asinus
1005 5327 1072 5379 ³⁸.
1110 5345 1128 5379 ι
1167 5327 1422 5397 Ecqnalis
1450 5343 1580 5383 vero
1606 5345 1748 5398 aqua
1796 5331 1887 5383 illa
1912 5337 1996 5383 est
2031 5344 2199 5397 super
2226 5344 2334 5397 qua
2373 5330 2651 5381 seminare
2683 5333 2901 5393 Oportet
2937 5338 3122 5376 semen
3187 5322 3392 5376 bonum
3416 5323 3439 5376 ἲ
3463 5320 3691 5393 Oportet

452 5432 580 5473 vero
606 5416 881 5472 seminare
914 5429 1080 5483 super
1112 5416 1370 5486 mysterio
1393 5415 1595 5470 lavacri
1627 5415 2087 5493 regenerationis,
2126 5416 2218 5469 u'oi
2254 5416 2517 5469 lsraelitae
2558 5411 3152 5478 vadunt,cthnicot'utn
3198 5410 3326 5464 item
3355 5410 3447 5481 qui
3490 5421 3692 5481 mystc-

452 5506 521 5561 rii
555 5513 762 5576 partem
799 5511 1162 5573 acceperunt.

1722 5676 1766 5707 ¹⁹
1807 5674 1823 5727 l
1847 5675 1973 5730 Cor.

2129 5677 2185 5730 4.
2289 5676 2335 5707 ³ο
2379 5672 2941 5744 ibid.5-7."Soplton.
2976 5690 3029 5740 ι,
3084 5674 3137 5731 7.
3179 5636 3243 5705 δ’*
3330 5673 3494 5731 Mich.
3526 5691 3608 5743 ιιι,
3634 5675 3693 5734 5.

1526 5747 1570 5779 ³⁸
1601 5745 1750 5801 Psal.
1780 5761 1973 5810 cxvtn,
2000 5747 2086 5801 85.
2173 5745 2216 5777 ³⁸
2256 5748 2361 5800 lsa.
2396 5747 2677 5812 axxu,'20

529 5678 574 5711 ’τ
615 5676 805 5732 Matth.
839 5694 890 5739 v,
922 5676 1012 5731 44.
1114 5678 1161 5710 ’⁸
1199 5676 1360 5734 Joan.
1390 5691 1492 5740 χιι,
1523 5674 1613 5730 55.

464 5742 507 5773 ³⁸
539 5747 643 5803 isa.
673 5764 788 5814 xm,
820 5748 877 5813 5,
900 5747 953 5800 4.
993 5746 1037 5779 ³⁵
1067 5747 1229 5804 Cant.
1262 5765 1320 5817 ιι,
1352 5746 1439 5801 iii.
