4010 6230
354 300 469 362 ὐἷι
520 364 527 369 ,
1262 254 1269 264 ’
1706 298 2058 360 PROCOPII
2096 297 2345 358 cum
3547 289 3657 355 932

448 414 572 469 Non
596 415 781 471 iudues
806 426 993 470 vestem
1023 417 1150 470 lana
1170 426 1220 470 et
1257 417 1367 470 lino
1384 414 1544 470 simul
1573 414 1957 469 adulteratam.
1990 422 2031 475 Α

2131 415 2253 466 Οὐκ
2282 409 2513 479 ἐνδύσῃ
2576 409 2887 477 κίϐδηλον,
2942 410 3073 477 ἔρια
3111 407 3205 461 καὶ
3260 407 3441 461 λίνον
3464 406 3654 462 ἑπιτὸ

375 502 520 576 [Η.]
550 506 775 575 Aquilas
805 504 1056 575 κίϐδηλον
1079 504 1237 567 illud,
1266 502 1645 574 ἀντικείμενον
1671 505 1949 597 exposuit.

2072 507 2228 559 αὑτό.
2282 501 2516 565 ’Ᾱκῦλοις
2550 503 2612 555 τὸ
2641 500 2937 569 κίϐδηλον
2991 500 3330 570 παρέδωκεν,
3388 499 3655 554 ἀντικει..

359 595 742 667 .Synnnacbus
773 612 903 652 vero
936 596 1057 667 ἔτερ
1067 595 1277 663 ογενές.
1774 591 1784 597 ⁷

1774 591 1784 597 ⁷
2058 609 2271 651 αενονυ
2300 596 2329 647 ὁ
2349 592 2406 646 δὲ
2437 591 2752 663 Σύμμαχος,
2785 591 3144 661 ἐτεροτενές.

380 754 393 766 ,
457 705 678 761 Minime
709 707 855 761 enim
891 708 1176 779 convenit,
1209 715 1270 760 ut
1298 707 1390 776 qui
1418 706 1728 771 Christum,
1773 722 1837 762 ac
1868 721 2015 761 vera:
2049 707 2169 762 ovis
2203 707 2384 760 lanam
2416 705 2740 767 induerunt,
2775 702 2942 759 simul
2976 716 3199 773 quoque
3230 712 3477 757 terreum
3504 702 3645 758 illud

357 794 547 848 Jinum
602 793 855 847 induant.
918 794 1252 864 Hujusmodi
1302 810 1434 851 vero
1482 804 1588 858 est,
1621 795 1718 865 qui
1774 796 1880 851 sub
1920 796 2081 849 ovina
2116 796 2260 866 pelle
2318 796 2484 864 lupus
2518 807 2716 861 rapax,
2748 802 2802 846 et
2832 792 3036 846 mentis
3067 806 3257 855 sensu,
3281 800 3336 845 et
3373 792 3646 858 operibus

357 882 611 936 exsistit.
638 880 850 935 Merum
885 884 1031 938 enim
1059 883 1424 953 simplicitate
1455 890 1712 937 ornatum
1740 883 1792 936 in
1821 883 1985 937 domo
2020 880 2123 938 suo
2156 880 2420 936 Dominus
2451 880 2718 942 collocat,
2744 878 2966 935 dicente
3042 877 3248 933 Davide
3277 896 3291 932 :
3328 896 3347 929 ι
3372 875 3515 934 Ossa
3540 893 3643 933 eo-

359 984 494 1024 rum
525 969 619 1039 qui
652 983 845 1023 auram
868 969 1165 1025 humanam
1202 980 1428 1042 captant
1454 970 1832 1042 dissipavit".
1859 991 1878 1022 ι

442 1075 734 1132 Funiculos
766 1077 931 1148 facito
963 1079 1060 1132 tibi
1092 1071 1193 1147 ipsi
1226 1097 1385 1150 super
1409 1089 1641 1150 quatuor
1692 1080 1940 1149 ﬁmbriis.

2125 1077 2393 1146 Στρεπτὰ
2424 1077 2699 1144 ποιήσεις
2745 1074 2939 1142 ἑαυτῷ
2977 1076 3076 1129 ἐπὶ
3118 1075 3237 1129 τῶν
3279 1074 3328 1128 δ’
3374 1074 3646 1143 κρασπέ-

370 1166 563 1240 ιΧΧΙΙ,
587 1167 702 1241 12.]
731 1169 814 1223 Ad
837 1172 1265 1238 promovendum
1292 1172 1611 1227 memoriam
1635 1172 1792 1241 legis,
1813 1171 1945 1226 alibi

2056 1171 2198 1235 δων,
2255 1170 2392 1241 πρὸς
2453 1169 2678 1240 διηνεκῆ
2737 1171 2962 1240 μνήμην
3008 1167 3103 1224 τοῦ
3158 1168 3352 1238 νόμου,
3384 1167 3461 1238 πῆ
3512 1166 3639 1235 μὲν,

364 1260 590 1323 quidem
618 1279 632 1314 :
672 1282 691 1311 ι
715 1260 1017 1331 Adaptabis
1050 1277 1145 1318 eas
1177 1264 1432 1320 manilms
1466 1265 1577 1319 tuis
1595 1264 1662 1328 ⁸⁸,
1684 1275 1704 1310 ι
1731 1264 1947 1334 inquit,

2062 1284 2080 1316 ι
2118 1264 2378 1333 ’Δφάοζιεις
2442 1260 2605 1327 αὐτὰ,
2657 1263 2845 1333 φησὶν,
2903 1263 2996 1316 ἐπὶ
3041 1261 3153 1314 τῶν
3206 1262 3407 1332 χειρῶν
3472 1276 3636 1313 σου.»

366 1352 499 1405 alibi
533 1367 663 1407 vero
700 1369 715 1407 :
753 1372 771 1405 ι
799 1353 862 1407 Et
895 1354 1063 1410 facies
1088 1357 1187 1410 tibi
1228 1356 1333 1425 ipsi
1360 1356 1605 1411 fimbrias
1633 1371 1805 1425 super
1841 1357 1948 1411 alis

2061 1357 2141 1428 [Ιῆ
2170 1357 2249 1421 δὲ,
2315 1374 2334 1406 ι
2360 1356 2478 1409 Καὶ
2516 1359 2766 1426 ποιήσεις
2825 1354 3043 1425 σεαυτῷ
3088 1354 3371 1427 κράσπεδα
3404 1354 3501 1406 ἐπὶ
3529 1353 3644 1405 τῶν

364 1460 433 1499 ex
458 1444 757 1516 hyacintho
774 1456 1027 1500 contorta
1043 1447 1113 1511 ³⁸,
1137 1466 1155 1499 ι
1192 1463 1304 1518 quo
1327 1447 1724 1517 contemplatio
1750 1447 1944 1517 utique

2059 1446 2367 1519 πτερυγίων
2394 1445 2455 1511 ἐξ
2495 1446 2754 1500 ὑακίνθου
2787 1446 3237 1518 κεκ).ωσμένης,ι
3270 1447 3349 1511 ὡς
3388 1446 3456 1502 ἂν
3480 1447 3513 1516 η
3538 1446 3642 1499 θέα

370 1539 692 1592 nzemoriam
713 1538 974 1593 ediceret.

2051 1537 2149 1609 τὴν
2185 1539 2404 1609 μνήμην
2434 1536 2740 1610 ἐργάζοιτο.

442 1650 539 1706 Sin
562 1667 680 1705 vero
714 1651 956 1705 inventus
980 1652 1138 1721 fuerit
1162 1653 1317 1715 homo
1334 1653 1516 1723 jacere
1543 1669 1664 1707 cum
1697 1654 1937 1719 muliere,
1965 1669 2082 1722 qua:
2104 1668 2225 1705 cum
2257 1652 2369 1705 viro
2396 1650 2747 1717 cohabitavit,
2767 1661 2821 1705 et
2849 1665 2973 1721 qua:
3003 1649 3288 1722 deinceps.
3323 1650 3468 1723 [εἰ]
3504 1651 3627 1706 Ma-

362 1738 579 1794 ximum
607 1739 937 1795 delictorum
984 1740 1132 1810 quod
1166 1743 1219 1794 in
1248 1743 1541 1797 unrlierem
1598 1742 1993 1804 committitur,
2045 1740 2405 1802 adulterium,
2450 1739 2599 1810 quod
2631 1739 2905 1811 disjuugit
2944 1739 3233 1810 conjuges,
3285 1748 3394 1795 est.
3423 1738 3635 1796 Eadem

367 1840 588 1896 quoque
606 1827 750 1880 ratio
780 1827 847 1881 de
878 1828 1063 1881 anima
1104 1842 1226 1897 quae
1263 1831 1372 1883 Deo
1401 1836 1488 1883 est
1518 1829 1674 1883 unita
1705 1844 1804 1899 per
1825 1827 1989 1884 ﬁdem
2017 1835 2072 1883 et
2100 1828 2388 1898 spiritum,
2419 1836 2505 1883 est
2535 1828 2786 1883 habenda
2823 1843 2884 1881 ει
2931 1828 3035 1893 Qui
3058 1829 3206 1882 enim
3229 1842 3356 1882 cum
3394 1827 3636 1884 Domino

353 1914 778 1984 conglutinatus
805 1922 912 1979 est,
947 1931 1091 1970 unus
1112 1917 1349 1986 spiritus
1386 1916 1586 1971 est“.i
1607 1916 1764 1983 Quod
1794 1917 1841 1970 si
1867 1916 2036 1987 igitur
2080 1916 2268 1986 aliqua
2317 1915 2530 1969 semine
2577 1914 2822 1969 humano
2867 1924 3090 1986 recepto
3121 1915 3192 1969 ab
3226 1916 3296 1970 iis
3326 1917 3421 1985 qui
3453 1932 3484 1970 a
3515 1917 3635 1971 Deo

365 2003 971 2073 defeeeruntcorrupta
1002 2002 1194 2071 fuerit,
1227 2020 1352 2058 cum
1385 2004 1510 2075 ipso
1534 2012 1867 2075 corruptore
1893 2005 2061 2079 perit.
2090 2005 2365 2060 Caeterum
2398 2019 2498 2074 per
2526 2003 2792 2075 virginem
2822 2003 3065 2058 animam
3089 2003 3156 2058 ad
3181 2005 3416 2060 sincera:
3439 2006 3635 2077 cogni-

365 2091 535 2145 tionis
563 2090 837 2161 principia
870 2101 1144 2153 vocatam,
1181 2093 1417 2147 necdum
1442 2092 1685 2163 perfecte
1712 2109 1839 2149 cum
1870 2093 1979 2148 Deo
2002 2093 2241 2158 ubitam,
2273 2106 2458 2162 neque
2492 2092 2560 2145 ad
2596 2091 2823 2160 nuptias
2851 2107 2953 2146 ceu
2992 2091 3059 2146 ad
3095 2092 3330 2162 gratiam
3364 2092 3632 2162 baptismi

361 2194 737 2249 progressam,
769 2188 1034 2234 czeterum
1086 2180 1441 2236 institutione
1480 2182 1602 2251 ejus
1632 2183 1711 2238 rei
1746 2197 1847 2237 ceu
1878 2183 2109 2254 pignore
2141 2181 2396 2236 dotatam
2424 2179 2841 2251 intelligendum
2860 2190 2969 2236 est.
3007 2179 3086 2233 Ita
3107 2195 3329 2250 quoque
3352 2196 3480 2235 cum
3519 2180 3633 2237 Ec-

356 2268 593 2322 clesiam
621 2267 874 2340 gentium
908 2269 1134 2323 Christo
1188 2267 1398 2324 Paulus
1449 2270 1770 2331 adduceret,
1812 2270 2031 2340 inquit:
2068 2287 2087 2319 ι
2111 2267 2390 2335 Conjunxi
2430 2282 2530 2321 vos
2559 2267 2654 2321 uni
2697 2266 2843 2331 viro,
2876 2275 2936 2320 ut
2980 2275 3186 2321 castam
3217 2266 3494 2338 virginem
3529 2283 3633 2324 vos

368 2338 629 2410 sisterem
655 2354 966 2411 Christo“.
990 2374 1008 2406 ι
1043 2354 1269 2412 Necnon
1316 2357 1435 2426 ipse
1473 2373 1693 2427 quoque
1731 2338 1984 2428 Sponsus
2013 2371 2147 2412 voce
2197 2355 2594 2425 prophetarum
2655 2354 2836 2423 inquit
2869 2374 2883 2410 :
2928 2371 2947 2405 ι
2976 2353 3343 2424 Despondebo
3380 2366 3432 2409 te
3488 2356 3628 2410 mihi

364 2442 470 2513 ipsi
507 2454 775 2514 perpetuo
796 2444 1114 2513 injustitia,
1149 2445 1203 2498 in
1239 2445 1484 2515 judicio,
1523 2446 1579 2500 in
1635 2445 2043 2510 misericordia,
2072 2450 2128 2499 et
2152 2440 2737 2498 commiserationibus
2755 2441 2823 2497 δ’.
2849 2460 2868 2493 ι
2908 2442 3042 2498 Item
3072 2458 3087 2496 :
3127 2462 3146 2494 ι
3178 2442 3547 2512 Despondebo
3578 2454 3631 2498 te

363 2530 498 2585 mihi
532 2531 637 2600 ipsi
683 2532 736 2585 in
761 2531 888 2597 fide,
923 2542 978 2587 et
1021 2547 1290 2603 agnosces
1328 2533 1499 2587 Deum
1516 2533 1583 2586 ⁸³.
1611 2552 1629 2585 ›
1668 2530 1830 2599 Quod
1864 2532 1912 2588 si
1942 2546 2074 2587 vero
2102 2532 2389 2601 corruptio
2419 2531 2608 2600 aliqua
2641 2531 2694 2584 in
2722 2545 2784 2584 ea
2817 2529 3007 2596 fuerit,
3044 2544 3165 2585 eam
3220 2546 3334 2584 rem
3362 2530 3627 2586 adulterii

350 2615 901 2673 demonstrationem
928 2635 1053 2674 esse
1080 2620 1157 2673 ait
1181 2637 1196 2685 ;
1231 2620 1565 2689 desponsata
1587 2621 1735 2675 enim
1764 2619 1820 2673 in
1845 2633 2013 2674 manu
2048 2635 2179 2675 mox
2206 2618 2379 2675 futuri
2405 2620 2596 2690 sponsi
2620 2628 2727 2676 est.
2754 2619 2956 2675 Verum
2988 2621 3271 2674 enimvero
3304 2621 3349 2675 si
3381 2620 3435 2674 in
3464 2621 3623 2686 urbe,

364 2703 471 2759 hoc
497 2714 584 2759 est
622 2706 678 2760 in
713 2706 951 2763 Ecclesia
972 2746 988 2769 ,
1025 2707 1161 2762 urbe
1194 2708 1429 2763 viventis
1463 2706 1559 2760 Dei
1584 2748 1599 2771 ,
1624 2723 1789 2777 quam
1820 2707 1999 2776 angeli
2026 2715 2085 2763 et
2117 2708 2221 2761 viri
2258 2708 2693 2777 periclitantium
2725 2707 2969 2777 patroni,
3001 2706 3309 2776 acjudices
3339 2707 3433 2777 qui
3468 2707 3625 2764 frau-

361 2792 486 2848 dezn
525 2802 766 2864 possunt
799 2794 1096 2864 prohibere
1126 2795 1405 2859 incolunt,
1438 2795 1627 2851 scelus
1657 2797 2016 2850 commissum
2052 2793 2243 2862 fuerit,
2272 2795 2435 2868 ἥδε
2472 2810 2623 2850 mors
2669 2803 2780 2850 tam
2822 2794 3092 2865 virginem
3125 2809 3289 2865 quam
3340 2805 3622 2866 raptorem

361 2881 482 2947 ejus
518 2891 727 2947 manet,
751 2899 815 2936 eo
851 2884 997 2953 quod
1035 2884 1284 2938 fraudem
1332 2884 1401 2938 iis
1434 2899 1604 2955 penes
1662 2900 1806 2955 quos
1840 2884 2105 2938 indicium
2150 2893 2292 2949 erat,
2337 2899 2443 2939 non
2501 2884 2738 2941 detexit.
2772 2883 2830 2938 Si
2859 2899 2989 2939 vero
3024 2883 3079 2938 in
3116 2884 3238 2939 loco
3266 2899 3296 2937 a
3341 2886 3624 2955 magistris

362 2983 460 3022 seu
516 2968 796 3025 indicibus
859 2985 1033 3025 vacuo
1088 2985 1257 3026 casus
1317 2971 1408 3025 ille
1455 2972 1766 3042 contingat,
1828 2971 1919 3025 ubi
1969 2986 2133 3027 nemo
2190 2971 2461 3026 auxilium
2519 2971 2663 3027 ferre
2723 2972 2937 3042 potuit,
3000 2971 3201 3041 virgini
3266 2972 3427 3027 venia
3481 2989 3622 3029 con.-

360 3054 598 3110 ccditur.
667 3055 809 3113 Nota
882 3074 1015 3114 vero
1081 3060 1231 3129 quod
1314 3073 1542 3115 uxorem
1609 3059 1845 3130 proximi
1912 3059 2308 3129 desponsatam
2393 3068 2610 3126 vocat,
2669 3059 2837 3137 idque
2892 3067 3123 3130 proctcr
3180 3068 3434 3116 sanetam
3494 3060 3619 3116 Ma—

354 3158 525 3199 nam.

435 3229 590 3296 Quod
620 3229 668 3286 si
690 3246 808 3285 vero
832 3231 955 3301 quis
975 3231 1368 3298 deprehenderit
1396 3233 1568 3300 ﬁliam
1602 3233 1852 3303 virginem
1889 3248 2006 3301 qua:
2030 3250 2134 3287 non
2175 3233 2502 3303 desponsata
2535 3242 2632 3288 est.
2668 3232 2819 3307 [23.]
2857 3234 3181 3306 Condignas
3223 3216 3468 3306 peccatis
3491 3256 3619 3310 pm-

351 3332 463 3372 .nas
493 3318 722 3388 irrogat.
760 3319 1012 3373 Animam
1040 3319 1189 3374 enim
1222 3319 1442 3375 Christo
1468 3336 1563 3390 per
1589 3320 1748 3375 fidem
1774 3319 2015 3374 nondum
2046 3320 2354 3388 obligatam
2376 3320 2422 3374 si
2447 3321 2573 3391 quis
2595 3320 2914 3386 vitiaverit,
2943 3322 3385 3391 perdideritque,
3416 3343 3618 3396 quem-

356 3406 656 3467 admodum
690 3407 935 3461 haeretici
970 3409 1063 3477 qui
1118 3408 1369 3462 homines
1397 3423 1464 3465 ex
1495 3409 1751 3478 gentibus
1799 3408 2100 3478 aliquando
2130 3415 2186 3461 et
2223 3406 2373 3462 Iudae
2399 3423 2426 3462 s
2461 3407 2709 3477 rapiunt,
2767 3408 2949 3464 solent
3000 3407 3209 3475 facere,
3258 3411 3411 3493 Patri
3448 3415 3620 3485 spiri-

359 3503 539 3559 tuum,
563 3495 668 3548 hoc
698 3501 781 3550 est
806 3494 937 3561 Deo,
968 3495 1149 3550 delicti
1187 3495 1460 3550 rationem
1496 3496 1549 3550 in
1588 3495 1945 3562 pecuniarum
1981 3495 2351 3550 diminutione
2382 3503 2835 3565 repraesentatam
2869 3496 3081 3555 reddet.
3115 3497 3258 3554 Illud
3298 3517 3450 3561 vero,
3479 3504 3616 3564 Eius

350 3580 461 3633 erit
500 3595 673 3644 uxor,
708 3580 787 3634 sci
822 3597 1060 3651 eoperaa
1110 3584 1345 3651 pretium
1374 3590 1481 3639 est.
1550 3583 1753 3653 Duplex
1829 3584 1975 3639 enim
2036 3583 2122 3638 lex
2190 3589 2298 3649 est,
2339 3581 2584 3636 carnalis
2639 3590 2693 3636 et
2735 3583 3066 3650 spiritualls.
3116 3587 3432 3658 Respondet
3483 3606 3618 3647 vero

358 3667 538 3723 huic:
607 3687 626 3719 ι
665 3667 820 3735 Quod
871 3670 1044 3739 igiur
1113 3670 1255 3725 Deus
1299 3670 1607 3737 conjunxit,
1671 3671 1836 3726 homo
1875 3686 1935 3726 ηε
1981 3677 2205 3739 separet
2239 3668 2313 3733 δ’,
2342 3687 2360 3720 ι
2426 3669 2563 3725 illud
2609 3690 2625 3725 :
2682 3688 2702 3722 ι
2733 3670 2852 3724 Non
2889 3678 3037 3726 entm
3091 3678 3306 3743 poterit.
3349 3691 3469 3728 eam
3522 3674 3617 3730 di-

360 3755 582 3809 mittere
622 3770 729 3825 per
784 3771 948 3812 omne
994 3758 1296 3828 tempus".
1332 3778 1349 3809 ι
1400 3759 1576 3813 Tanta
1625 3774 1754 3814 vero
1815 3758 2143 3830 virginitatis
2201 3758 2535 3814 excellentia
2586 3767 2706 3822 est,
2763 3768 2821 3813 ut
2866 3760 3091 3816 violatio
3145 3761 3267 3832 ejus
3326 3764 3614 3821 excidium

354 3851 607 3898 νοοοιυτ.

433 3928 555 3984 Non
574 3927 893 3999 ingredietur
914 3927 1079 3995 spado
1092 3939 1138 3982 et
1153 3937 1417 3983 castratus
1441 3928 1693 3983 incretum
1716 3927 1927 3983 Domini
1967 3927 2182 4001 [XXIIL
2202 3932 2294 3999 25,
2311 3932 2388 4003 l.]
2410 3935 2611 4005 Duplex
2631 3936 2775 3992 enim
2798 3937 3174 3995 cunuchorum
3198 3955 3393 4011 genus,
3414 3949 3611 4010 praeter

348 4033 455 4073 eos
484 4034 622 4088 quos
652 4027 844 4071 natura
873 4017 1006 4071 edit.
1028 4017 1185 4071 Aliud
1216 4016 1438 4086 quidem
1474 4033 1665 4072 eorum
1699 4018 1900 4086 quibus
1923 4022 2102 4077 virilia
2125 4024 2339 4090 penitus
2363 4035 2585 4081 exsecta
2617 4035 2782 4093 sunt;
2805 4010 2956 4083 aliud
2978 4043 3169 4085 eorum
3198 4010 3294 4099 qui
3322 4040 3602 4084 castrato-

356 4122 479 4160 rum
516 4107 740 4173 figuram
769 4119 877 4173 pra:
910 4119 966 4158 se
998 4103 1200 4165 ferunt,
1241 4104 1544 4158 amiserunt
1583 4118 1715 4157 vero
1744 4112 1956 4160 tantum
1982 4108 2091 4162 vim
2133 4110 2445 4179 genitalem.
2478 4112 2747 4168 Cancrum
2782 4115 2897 4170 haec
2924 4119 3163 4170 animam
3199 4129 3608 4187 repraesentant

349 4195 441 4248 vel
472 4209 698 4263 prorsus
718 4191 1110 4256 effeminatam,
1153 4206 1219 4246 ac
1250 4192 1629 4262 voluptatibus
1662 4194 1983 4249 carnalibus
2019 4197 2281 4261 deditam,
2317 4198 2404 4253 vel
2448 4215 2625 4256 maere
2653 4201 2874 4273 quidem
2912 4212 3117 4258 virtute
3140 4219 3263 4259 esse
3296 4206 3601 4269 volentem,

349 4283 727 4353 voluptatibus
749 4296 879 4338 vero
905 4281 1051 4335 haud
1105 4281 1477 4336 resistentem.
1511 4280 1764 4347 Quarum
1803 4283 1904 4338 etsi
1942 4283 2221 4338 diversum
2249 4285 2492 4340 studium
2511 4296 2594 4342 est
2625 4289 2968 4354 acintcntio,
3001 4290 3065 4344 ad
3096 4290 3353 4346 eumdem
3386 4291 3606 4346 tandem

354 4373 518 4426 tinem
551 4370 887 4440 rediguntur.
924 4367 1098 4457 Filius
1134 4368 1267 4423 item
1298 4368 1492 4434 scorti,
1531 4368 1719 4422 anima
1766 4370 2128 4440 scilicet-qua!
2162 4386 2390 4442 pravum
2414 4388 2640 4429 sensum
2668 4378 2924 4447 concepit
2951 4392 3017 4431 ex
3052 4377 3423 4446 daemonibus,
3455 4394 3612 4433 arce-

344 4468 466 4513 tur.
499 4457 730 4528 Propter
762 4458 933 4512 filiqu
959 4468 1143 4511 autem
1171 4457 1345 4527 ipsam
1382 4471 1603 4527 quoque
1637 4457 1961 4527 genitricem
1994 4461 2344 4514 exterminat.
2374 4459 2600 4530 Insuper
2620 4480 2844 4536 quoque
2877 4467 3204 4523 Ammanitae
3232 4484 3297 4523 ac
3326 4468 3605 4538 Moabitae,

346 4546 445 4617 qui
476 4546 746 4601 cultorum
778 4544 1202 4599 simulacrorum
1228 4544 1474 4613 quandiu
1499 4546 1636 4601 tales
1661 4547 2069 4614 permanserint
2098 4546 2328 4619 figuram
2361 4553 2665 4616 sustinent,
2694 4555 2785 4624 qui
2807 4556 3038 4611 summis
3060 4557 3275 4612 viribus
3299 4573 3363 4612 ac
3388 4560 3608 4614 conati-

344 4633 456 4688 bus
488 4641 677 4687 contra
715 4647 815 4686 nos
845 4631 1062 4686 obviam
1087 4639 1342 4695 ruerunt,
1380 4646 1765 4703 summamque
1796 4634 2186 4691 crudelitatem
2220 4637 2511 4693 nobiscum
2543 4652 2936 4698 exercuerunt.
2969 4643 3186 4700 ldummi
3221 4661 3387 4715 porro
3423 4647 3603 4702 haere-

346 4722 494 4775 sium
519 4728 648 4775 sunt
678 4719 876 4788 imago,
909 4717 1125 4771 oriundi
1178 4718 1322 4771 enim
1352 4734 1419 4772 ex
1456 4718 1603 4774 Esau
1672 4728 1851 4785 erant,
1899 4719 2277 4796 Israelitisque
2311 4730 2581 4798 sanguine
2606 4733 2925 4803 propinqui.
2987 4733 3193 4788 Volunt
3238 4751 3369 4790 vero
3430 4738 3600 4792 etiam

346 4808 730 4863 haereticorum
763 4806 915 4859 liberi
942 4805 1237 4858 Christiani
1277 4808 1605 4875 nuncupari.
1632 4806 1817 4879 Neque
1859 4827 1993 4865 vero
2046 4820 2195 4866 tanta
2227 4813 2387 4884 ipsis,
2421 4826 2625 4886 quanta
2653 4820 3074 4876 simulacrorum
3128 4823 3436 4877 cultoribus
3462 4840 3599 4879 cou-

345 4896 539 4951 stituta
558 4904 643 4950 est
669 4907 849 4965 pecua.
878 4892 935 4947 ln
958 4893 1119 4947 tertia
1150 4893 1303 4946 enim
1332 4895 1688 4961 generatione
1717 4912 1840 4952 recc
1863 4909 2013 4969 ptum
2052 4900 2232 4955 ituros
2258 4916 2381 4956 esse
2409 4903 2611 4975 inquit.
2636 4905 3115 4974 Quemadmodum
3146 4910 3600 4969 ldumreislsaias

345 4984 657 5061 denuntiat,
688 4982 848 5037 initio
884 4997 915 5035 a
946 4980 1155 5035 visione
1177 4981 1228 5033 in
1261 4981 1462 5037 Arabia
1504 4982 1653 5038 facto
1686 5004 1699 5040 :
1734 5004 1752 5036 ί
1779 4986 1837 5040 1η
1878 4988 2163 5043 condenso
2227 5004 2452 5061 vespere
2506 4993 2735 5050 cubaliis
2761 4996 2817 5049 in
2847 4997 2933 5050 via
2994 4997 3293 5053 Dodanaim
3329 5018 3343 5055 :
3375 5000 3597 5057 obviam

341 5056 552 5128 sitienti
580 5070 716 5127 ferte
746 5084 965 5139 aquam,
996 5068 1088 5138 qui
1115 5067 1372 5123 habitatis
1408 5071 1460 5123 in
1498 5073 1719 5140 regione
1745 5072 2002 5129 Thmman
2033 5094 2047 5130 :
2090 5056 2343 5144 panibus.
2359 5078 2574 5133 obviam
2604 5082 2678 5137 ite
2706 5081 3045 5153 fugientibus
3076 5098 3300 5156 propter
3325 5056 3597 5144 caesorum

346 5159 773 5223 multitudinem,
813 5174 881 5214 ne
918 5156 1377 5229 quemadmodum
1404 5168 1562 5213 antea
1600 5160 1849 5217 Moabitae
1877 5164 2079 5218 faciant
2099 5163 2163 5220 “.
2191 5182 2208 5213 ι
2245 5164 2367 5218 Pari
2408 5166 2537 5221 item
2588 5171 2800 5225 ratione
2827 5186 2953 5227 cum
2981 5173 3068 5227 his
3098 5175 3444 5245 recipiendos
3471 5194 3597 5234 esse

345 5247 663 5319 Egyptios.
720 5246 920 5316 inquit.
992 5243 1593 5335 Quigfortassecorum
1627 5249 2085 5319 significationem
2117 5254 2382 5324 praebeat,
2415 5257 2508 5326 qui
2536 5270 2600 5312 ex
2637 5261 2894 5329 gentibus
2944 5279 3071 5335 erga
3102 5243 3456 5322 Christianos
3479 5283 3596 5323 non

338 5353 575 5405 prorsus
601 5337 874 5393 hostiliter
894 5344 1022 5390 sunt
1043 5333 1244 5389 affecti.
1270 5353 1289 5387 ι
1315 5334 1549 5390 Advcuzc
1574 5337 1719 5392 enim
1752 5339 1939 5397 fuistis
1972 5341 2115 5411 apud
2147 5357 2264 5405 eos.
2306 5361 2323 5393 ι
2351 5343 2553 5413 inquit.
2579 5347 2840 5403 Attamen
2873 5350 2976 5404 hoc
3009 5333 3370 5409 Moabitarum
3398 5356 3617 5418 decreo,

337 5437 460 5481 nam
486 5429 644 5485 finem
667 5428 812 5497 cepit
842 5428 894 5479 in
919 5424 1063 5478 lluth
1097 5422 1638 5516 t‘eminadloabitica,
1674 5427 1837 5498 idque
1862 5430 2010 5483 omni
2043 5429 2189 5500 genti
2232 5444 2525 5487 commune
2547 5444 2652 5502 est,
2686 5447 2846 5507 juxta
2875 5439 3007 5495 illud
3045 5459 3058 5493 :
3099 5459 3117 5492 ι
3147 5439 3204 5497 In
3223 5438 3374 5497 omni
3405 5453 3593 5516 gente,

339 5517 434 5583 qui
460 5516 745 5570 Dominum
782 5516 957 5579 timct,
989 5519 1249 5581 acceptus
1274 5509 1323 5565 ei
1361 5519 1470 5567 est.
1496 5530 1517 5564 ι

326 5738 329 5743 λ
405 5667 462 5751 .‘1
494 5670 897 5751 Ρε.³.ι-,ι.-ιμτσ--,
968 5670 1400 5751 ’ἷῡομξι-γινδο
1479 5670 1856 5751 ’ἒΝιιῐνξοκκνι
1899 5669 1990 5724 ⁵8-
2104 5672 2578 5751 ἐξιοτιῖο,νιςι⁷ι
2689 5677 2833 5751 ιιίιι
2887 5680 3015 5738 Cor.
3074 5702 3169 5749 xu,
3218 5688 3273 5745 ει.
3391 5691 3595 5751 not-ee

320 5738 483 5795 αις».
564 5742 612 5772 ³³
658 5744 790 5796 ibid.
845 5743 935 5797 30.
1018 5739 1064 5769 “
1101 5741 1291 5796 Matth.
1348 5759 1472 5810 tu,
1506 5741 1560 5797 ϐ.
1644 5743 1686 5776 ⁸⁸
1719 5740 1874 5797 Deut.

1348 5741 1560 5810 tn,6.
1644 5743 1686 5776 "
1719 5740 1874 5797 Deut.
1932 5757 2062 5810 xm,
2099 5742 2182 5803 l9.
2270 5745 2324 5779 “
2382 5748 2486 5803 lsa.
2536 5763 2647 5813 xxi,
2716 5750 2902 5806 13-15.
