4010 6230
436 352 540 416 933
1293 355 1440 415 COM
1450 355 1501 414 Μ
1511 354 1829 414 ENTARH
1874 353 1955 415 IN
1987 354 2690 416 DEUTERONOMIUM.
3575 354 3682 421 934

511 464 666 535 Quod
692 467 738 520 si
762 482 880 520 vero
913 483 1155 538 egressus
1196 468 1361 538 [ueris
1392 479 1447 521 ut
1481 470 1727 535 impetum
1748 467 1919 535 facias
1956 471 2009 522 in
2040 471 2213 524 hostes
2248 482 2389 532 tuos,
2415 469 2623 527 cavebis
2662 471 2725 523 ab
2754 470 2899 523 omni
2943 485 2993 522 re
3021 469 3179 531 mala.
3234 465 3340 539 [9.]
3382 464 3688 538 Spirituale

439 555 600 610 nobis
629 553 700 609 ob
728 556 922 609 oculos
966 556 1122 625 ponit
1162 557 1387 611 bellum.
1428 556 1545 609 Non
1577 556 1726 610 enim
1762 556 1831 611 de
1851 557 2078 612 casibus
2104 559 2385 628 corporeis
2410 573 2531 628 quze
2558 571 2588 610 e
2614 557 2758 610 bello
2822 556 3101 625 spirituali
3157 555 3467 617 retrahant,
3524 556 3681 611 dicit.

444 640 593 697 «Nec
628 642 775 698 enim
815 643 978 697 nobis
1008 642 1325 698 luctandum
1349 651 1434 699 est
1467 658 1594 697 cum
1630 645 1902 712 sanguine
1924 653 1979 699 et
2005 659 2193 707 carne,
2233 660 2423 699 verum
2444 660 2571 699 cum
2598 644 3028 715 principatibus,
3065 659 3130 699 ac
3162 645 3539 713 potestatibus
3561 644 3628 699 "’.
3660 665 3676 695 1

437 729 596 785 Unde
630 745 766 786 sane
805 746 907 785 nec
927 745 1079 784 arma
1105 738 1296 787 nostra
1324 731 1590 795 carnalia,
1621 730 2087 800 quemadmodum
2118 732 2387 801 scriptum
2422 744 2508 789 est
2523 733 2590 787 “'.
2634 731 2986 788 Adversariis
3013 732 3198 800 itaque
3221 739 3406 787 nostra
3428 747 3688 802 perscru-

436 818 591 873 tandi
616 832 808 873 ansam
841 818 1088 888 praebere
1119 832 1226 873 nou
1258 825 1496 888 oportet,
1527 818 1716 872 hostes
1745 819 1887 872 enim
1919 824 2072 881 sunt,
2104 827 2161 872 et
2191 819 2525 885 adversarii,
2567 821 2661 889 qui
2690 833 2721 874 a
2751 820 2959 874 divinis
3016 819 3219 874 castris
3250 834 3314 873 ac
3343 807 3687 875 stationibus

434 905 629 975 procul
659 914 879 975 captum
911 921 1091 975 usque
1129 908 1194 959 ad
1229 919 1511 974 vesperam
1547 904 1825 973 impurum
1880 905 2149 969 detinent,
2207 907 2402 963 tandiu
2431 909 2709 975 videlicet,
2743 909 2873 964 dum
2920 908 3177 963 Christus
3232 923 3429 963 eorum
3460 908 3686 963 ratione

437 994 623 1047 habita
652 995 745 1063 qui
780 994 1024 1047 naturali
1063 993 1271 1063 peccati
1299 991 1628 1061 aegritudine
1656 989 1927 1056 laborant,
1964 993 2406 1061 puriﬁcationem
2463 1011 2585 1067 quae
2634 1011 2733 1066 per
2753 996 3039 1052 lacravum
3073 995 3133 1050 fit
3171 995 3425 1051 divinum
3456 997 3688 1066 largitus

436 1078 624 1142 fuerit,
652 1093 820 1135 cruce
871 1080 1051 1149 lignea
1082 1079 1242 1134 nobis
1286 1078 1512 1142 donata,
1549 1091 1657 1147 qua
1700 1077 1899 1130 muniti
1945 1077 2166 1137 fortiter
2193 1091 2247 1139 et
2274 1084 2529 1152 expedite
2558 1086 2857 1140 insitarum
2919 1084 3286 1153 cupiditatum
3350 1083 3684 1146 fmditatem,

435 1165 757 1237 pcenitentia
792 1180 862 1221 ex
887 1167 1071 1221 crucis
1102 1166 1446 1221 correctione
1513 1174 1783 1233 concepta
1835 1169 2207 1237 eontegimus,
2249 1169 2407 1239 juxta
2464 1171 2645 1226 illud:
2682 1190 2701 1222 ι
2725 1169 3019 1240 Sapientes
3062 1184 3164 1225 sua
3222 1178 3475 1224 avertcnt
3515 1168 3686 1224 dede-

431 1270 562 1309 cora
579 1256 646 1308 “.
670 1272 690 1306 ι
717 1251 838 1319 Quo
867 1254 1125 1309 videlicet
1160 1253 1306 1307 Deus
1330 1252 1385 1306 in
1417 1252 1578 1306 nobis
1608 1252 1820 1306 habitet
1851 1266 1918 1306 ac
1941 1253 2289 1309 observetur.
2326 1256 2567 1313 Sanctus
2618 1258 2766 1312 enim
2811 1257 3045 1327 spiritus
3073 1254 3260 1309 dolum
3316 1256 3510 1325 fugiet,
3536 1265 3590 1309 et
3617 1256 3688 1308 ab

340 1344 343 1347 ’
431 1341 632 1411 ineptis
660 1340 969 1396 rationibus
1012 1342 1248 1403 recedet,
1303 1338 1765 1409 quemadmodum
1808 1340 2079 1410 scriptum
2122 1351 2208 1398 est
2242 1363 2255 1399 :
2286 1363 2304 1396 ι
2332 1344 2522 1400 Sancti
2574 1347 2719 1400 enim
2771 1354 2967 1407 estote,
3006 1344 3208 1412 inquit,
3273 1344 3541 1411 quoniam
3575 1356 3680 1409 ego

433 1438 662 1483 sanctus
691 1442 813 1484 sum
832 1429 901 1482 '°.
924 1446 944 1480 ι
1000 1426 1067 1481 Ει
1087 1428 1286 1482 iterum
1313 1446 1327 1481 :
1358 1445 1377 1479 s
1398 1426 1555 1481 Exite
1586 1425 1735 1493 hinc,
1766 1441 1831 1481 ac
1866 1427 2211 1483 immundum
2239 1446 2309 1487 ue
2338 1433 2713 1498 contrectetis,
2751 1439 2887 1487 tunc
2908 1445 3012 1501 ego
3040 1444 3140 1483 vos
3172 1428 3468 1497 recipiam,
3505 1427 3687 1497 inquit

432 1515 699 1571 Dominus
721 1514 791 1568 “.
818 1532 838 1564 ι

502 1629 607 1683 Τὸν
651 1627 755 1698 τῆς
804 1626 936 1698 περὶ
972 1625 1221 1696 γαστέρα
1273 1624 1411 1695 πρὸς
1437 1623 1776 1695 αὐτάρκειαν
1822 1624 2012 1695 χρείας

2189 1615 2370 1671 Alium
2421 1632 2552 1674 vero
2576 1618 2670 1690 qui
2732 1615 3056 1674 necessitati
3109 1614 3325 1670 ventris
3356 1611 3689 1669 satisfacere

430 1720 791 1793 ἀνορυκτικδν
847 1714 1130 1772 πάσσαλον
1165 1716 1276 1768 δεῖν
1322 1714 1427 1785 τῆς
1487 1712 1666 1786 ζώνης
1731 1712 2006 1783 ὴρτῆσθαί

432 1831 589 1885 φησι,
618 1813 686 1866 δι’
719 1805 780 1867 οὗ
819 1808 1183 1880 γινώσκομεν,
1234 1806 1311 1872 ὡς
1365 1805 1547 1877 πάσης
1607 1803 1804 1876 ἡδονῆς
1861 1803 2005 1874 βρω-

434 1908 624 1979 μάτων
669 1904 843 1975 πέρας
878 1902 1031 1956 ἐστὶν
1061 1902 1089 1954 ὁ
1112 1898 1329 1969 λαιμός.
1352 1897 1434 1952 Τὰ
1464 1896 1699 1967 τυχόντα
1734 1894 1843 1965 γὰρ
1865 1894 2004 1966 πλη-

434 1998 633 2073 ρούντα
710 1997 810 2064 τὴν
883 1994 1077 2067 χρείαν
1155 1994 1340 2063 πάσης
1400 1989 1633 2060 ἀκαίρου
1707 1986 2007 2056 ἐπιθυμίας

432 2090 771 2160 ἑπικάμπτει
823 2083 1264 2157 ἀσχημοσύνην..
1292 2080 1640 2151 Πανταχόθεν
1715 2076 1773 2130 δὲ
1826 2076 2007 2146 δῆλον,

2111 1709 2254 1775 vult,
2292 1710 2478 1778 palum
2512 1717 2852 1780 praesentum
2900 1706 3126 1777 cingulo
3172 1720 3473 1777 appensum
3524 1703 3687 1775 5.53

2113 1798 2316 1854 habere
2360 1815 2592 1856 necesse
2620 1816 2744 1855 esse
2778 1799 2993 1869 inquit;
3024 1812 3135 1867 quo
3168 1797 3290 1866 ipso
3323 1796 3689 1866 intelligimus

2111 1892 2258 1960 quod
2316 1892 2495 1947 omnis
2553 1893 2696 1962 gulae
2747 1900 2941 1963 guttur
2974 1889 3100 1944 linis
3155 1897 3261 1944 est.
3304 1887 3502 1943 Omnia
3536 1889 3687 1941 enim

2112 1999 2233 2054 qua:
2264 1982 2406 2038 forte
2440 1984 2661 2038 fortuna
2719 1968 2877 2044 ﬁunt,
2912 1997 2979 2038 ac
3009 1985 3400 2037 necessitatem
3435 1980 3685 2047 explent,

2111 2074 2292 2128 onmis
2317 2074 2623 2128 immatura:
2656 2073 2903 2127 libidinis
2936 2070 3339 2143 turpitudinem
3368 2077 3685 2140 protegunt.

432 2182 510 2245 ὡς
570 2177 814 2249 φυσικῶν
863 2176 1303 2249 περιττωμάτων
1380 2173 1483 2227 οὐκ
1541 2170 1607 2226 ἂν
1653 2168 1888 2240 ὲιιέλησε
1928 2169 2009 2241 τῷ

2117 2165 2483 2235 Undiquaque
2509 2179 2639 2220 vero
2673 2163 3028 2219 manifestum
3053 2172 3160 2226 est,
3197 2164 3348 2232 quod
3407 2162 3687 2232 naturalia

432 2272 569 2345 Θεῷ.
1329 2284 1352 2294 θ
2114 2266 2467 2312 excrementa
2490 2255 2599 2311 Deo
2634 2270 2783 2310 cura:
2815 2270 2923 2310 non
2965 2263 3113 2311 sunt.

505 2388 630 2444 Non
664 2384 842 2442 trades
867 2400 1070 2440 servum
1094 2382 1308 2436 domino
1339 2378 1526 2449 ipsius.
1553 2374 1911 2451 [XXlll,15.]
1942 2373 2002 2428 ln
2027 2370 2341 2427 Proverbiis
2371 2370 2497 2425 item
2540 2370 2719 2441 inquit
2745 2389 2759 2425 :
2788 2390 2807 2423 ι
2836 2369 2914 2426 Ne
2940 2370 3126 2426 tradas
3152 2385 3371 2427 servum
3406 2369 3460 2424 in
3484 2383 3678 2424 manus

432 2476 668 2541 domini,
705 2490 775 2530 nc
824 2473 963 2528 forte
1009 2478 1330 2526 exsecretur
1366 2475 1442 2532 te,
1471 2475 1524 2521 et
1547 2478 1767 2537 pessum
1798 2478 1891 2519 eas
1916 2463 1981 2517 ⁸⁸.
2022 2481 2041 2513 ι
2078 2460 2274 2528 Arguit
2313 2474 2443 2512 vero
2480 2458 2659 2513 illud:
2692 2456 2772 2515 Ne
2813 2460 3001 2514 tradas
3048 2458 3444 2513 immanitatem
3471 2472 3592 2526 qua:
3626 2457 3680 2511 in

435 2565 626 2636 primis
656 2561 1081 2617 simulacrorum
1110 2556 1419 2612 cultoribus
1445 2561 1530 2610 est
1574 2552 1863 2621 adjuncta.
1906 2548 2040 2603 Nam
2073 2548 2142 2602 de
2173 2545 2370 2601 vicinis
2409 2545 2665 2615 gentibus
2692 2561 2875 2601 sermo
2902 2556 2988 2603 est
3012 2585 3029 2610 ,
3063 2547 3269 2614 quibus
3323 2561 3540 2601 servum
3586 2560 3686 2600 ne—

433 2631 562 2707 care
592 2651 758 2705 etiam
811 2646 950 2701 nihil
992 2644 1372 2716 reputabatur.
1411 2641 1684 2696 Cteterum
1737 2637 1995 2692 Hebraeos
2025 2635 2109 2689 lex
2147 2633 2218 2688 de
2251 2633 2593 2688 humanitate
2636 2632 2945 2699 admonuit,
2986 2648 3095 2704 qua
3138 2632 3453 2703 praecipitur
3503 2647 3569 2686 ne
3598 2631 3688 2701 ju-

433 2746 681 2793 mentum
718 2748 944 2805 quoque
972 2732 1029 2785 in
1065 2731 1264 2784 itinere
1296 2728 1631 2799 negligatur.
1672 2743 1692 2776 ι
1730 2721 1932 2779 Verum
1962 2722 2104 2777 bona
2135 2719 2257 2784 fide,
2284 2720 2485 2791 inquit,
2519 2735 2582 2776 ea
2612 2718 2772 2774 fratri
2804 2728 2903 2775 tuo
2935 2721 3214 2775 restituas.
3264 2739 3283 2770 ›
3316 2720 3530 2786 Quanto
3559 2733 3688 2773 vero

434 2824 614 2895 magis
645 2820 940 2885 famulum,
965 2816 1193 2889 quando
1228 2817 1422 2872 herum
1454 2815 1592 2869 iram
1620 2826 1780 2866 suam
1818 2809 2142 2880 deposuisse
2178 2818 2391 2862 eertum
2421 2816 2528 2864 est.
2559 2805 2697 2862 Nam
2733 2808 2954 2862 idcirco
2985 2807 3275 2875 subjnnxit
3303 2824 3319 2858 :
3360 2824 3379 2857 ι
3409 2807 3488 2859 lta
3521 2805 3687 2860 facies

435 2911 491 2965 in
518 2892 668 2966 omni
712 2909 918 2963 damno
966 2903 1154 2960 fratris
1184 2903 1290 2958 tui.
1327 2920 1347 2954 ι
1400 2899 1476 2954 De
1509 2896 1815 2969 peregrinis
1845 2896 2031 2966 itaque
2077 2896 2286 2951 mentio
2314 2904 2420 2961 est,
2447 2894 2540 2966 qui
2596 2896 2642 2950 si
2686 2894 2754 2949 ad
2797 2896 3057 2965 pietatem
3106 2905 3162 2949 et
3193 2895 3401 2948 cultum
3435 2892 3685 2947 diviuutn

435 2998 677 3054 traducti
718 2997 944 3061 fuerint,
998 3008 1205 3064 corpus
1231 2999 1288 3048 et
1341 2991 1584 3046 animam
1636 2987 1973 3042 incolumem
2007 2983 2370 3039 servaverint.
2417 2981 2493 3036 Ita
2544 2996 2764 3052 quoque
2812 2993 3051 3036 mentem
3110 2988 3328 3036 mutare
3369 2979 3687 3035 volentibus

380 3078 395 3087 ’
435 3087 620 3142 aditus
653 3085 728 3141 ad
768 3082 1213 3154 resipiscentiam
1246 3094 1356 3134 non
1407 3086 1494 3133 est
1546 3072 2023 3131 intercludendos.
2067 3068 2310 3136 Quilibet
2355 3072 2502 3124 enim
2538 3068 2822 3124 dominum
2874 3068 3039 3124 habet
3072 3067 3164 3123 cui
3193 3068 3361 3123 etiam
3410 3065 3687 3122 obnoxius

435 3180 540 3242 est,
569 3174 790 3246 genium
830 3171 1094 3227 videlicet
1124 3186 1138 3223 :
1178 3188 1197 3222 ι
1229 3168 1293 3223 Ει
1319 3166 1556 3230 habitet,
1591 3165 1794 3235 inquit,
1839 3163 1896 3217 in
1929 3161 2053 3215 loco
2079 3171 2241 3230 quem
2276 3155 2525 3226 elegerit.
2564 3174 2582 3206 ι

506 3307 674 3361 Τόποι
701 3306 794 3360 τοῦ
816 3305 1035 3378 Ἰσραὴλ
1054 3304 1256 3375 γνῶσις
1296 3303 1576 3366 εὐσεϐείας
1595 3344 1611 3368 ,
1660 3301 1755 3355 καὶ
1802 3296 2012 3369 ἀρετῶν

2186 3289 2332 3345 Loca
2368 3304 2495 3345 vero
2525 3288 2743 3345 lsraelis
2773 3296 2927 3354 sunt,
2959 3287 3200 3359 cognitio
3232 3284 3471 3357 pietatis,
3497 3290 3553 3338 et
3579 3283 3691 3337 vir-

437 3401 801 3473 ὲπιτήδευσις.
859 3400 923 3453 Oi
955 3398 1011 3451 δὲ
1054 3397 1252 3464 λοιποὶ,
1283 3396 1373 3449 Ἐν
1410 3396 1509 3467 μιᾷ
1542 3394 1651 3449 τῶν
1679 3391 1863 3446 πυλῶν
1894 3405 2011 3453 σου,

439 3493 731 3561 ὶξέδωκαν,
761 3491 993 3548 οἰκειότε
999 3490 1198 3563 ρον.οί
1225 3487 1335 3558 γὰρ
1360 3487 1558 3542 νεωστὶ
1583 3485 2013 3560 προσερχόμενοι

436 3585 536 3637 οὐκ
572 3583 631 3637 ἂν
662 3582 844 3646 τόποις
865 3582 1032 3635 οἰκεῖν
1057 3619 1072 3647 ,
1104 3578 1220 3633 ἀλλ’
1257 3580 1315 3634 ἐν
1347 3577 1544 3641 πύλαις
1576 3576 1780 3647 κυρίως
1816 3572 2014 3644 λεχθή-

452 3686 657 3725 σονται.
695 3669 769 3723 Τὸ
817 3667 897 3736 δὲ,
930 3668 1005 3722 Οὐ
1053 3666 1263 3735 θλίψεις
1288 3665 1473 3730 αὐτὸν,
1511 3664 1649 3735 πρὸς
1678 3662 1741 3716 τδ
1783 3660 1857 3733 μὴ
1889 3663 2012 3714 ἐπι-

438 3762 612 3817 θεῖναι
656 3759 878 3833 φορτίον
924 3758 1066 3831 ὑπὲρ
1125 3758 1289 3812 αὐτόν
1312 3774 1326 3789 ο
1383 3751 1495 3813 οἷον
1545 3755 1892 3828 περιτέμνων
1939 3750 2016 3823 μὴ

440 3852 788 3925 βουλόμενον.
828 3852 1158 3921 ἀναγκάζων
1186 3850 1280 3904 τοῦ
1318 3850 1485 3921 νόμου
1514 3851 1704 3921 τηρεῖν
1734 3845 1802 3900 τὰ
1831 3845 2012 3899 λοιπά.

443 3964 464 3997 s
493 3944 680 4012 Ἔδοξε
712 3943 844 4016 γὰρ,
869 3943 1038 4014 φασὶν
1068 3944 1119 3996 οἱ
1170 3943 1485 4011 ἀπόστολοι,
1522 3943 1600 4016 τῷ
1657 3941 1800 4013 ἁγίῳ
1846 3940 2017 3994 Πνεύ-

441 4056 571 4109 ματι
602 4037 697 4091 καὶ
727 4038 862 4108 ἡμῖν
896 4036 1067 4107 μηδὲν
1097 4035 1259 4089 πλέον
1288 4034 1632 4089 ἐπιτίθεσθαι
1668 4032 1832 4106 βάρος
1863 4032 2013 4103 ύμῖν,

437 4127 742 4199 ἀπέχεσθαι
783 4127 841 4181 δὶ
892 4127 1055 4196 μόνον
1088 4125 1459 4181 εἰδωλοθύτων
1490 4126 1587 4180 καὶ
1634 4125 1865 4197 αἵματος
1919 4122 2015 4177 καὶ

438 4220 668 4274 πνικτοῦ
699 4218 794 4273 καὶ
817 4219 1101 4289 πορνείας.
1129 4235 1150 4269 s

511 4400 635 4453 οὐκ
657 4397 831 4453 ἔσται
855 4398 1223 4467 τελεσφόρος
1244 4397 1364 4452 ἀπὸ
1380 4395 1727 4467 θυγατέρων
1752 4392 2013 4463 Ἰσραὴλ,

440 4489 539 4543 καί
570 4490 684 4544 οὐκ
725 4490 1365 4559 ἔσταιἸελισκόμενος
1400 4489 1520 4544 ἀπὸ
1556 4488 1703 4542 υἱῶν
1742 4484 2013 4553 Ἰσραήλ.

440 4581 705 4653 Σημαίνει
737 4583 835 4653 γὰρ
895 4578 1039 4636 εἶναι
1087 4582 1518 4654 πορνοϐοσκοὺς,
1577 4581 1776 4652 φόρους
1824 4579 2014 4649 ὥσπερ

438 4671 548 4724 ἀπὸ
590 4672 850 4724 τοιούτων
907 4672 1278 4741 μισθωμάτων
1322 4672 1700 4739 συλλέγοντας.
1769 4671 1860 4723 Διὸ
1920 4671 2013 4722 καὶ

437 4765 725 4834 προανεῖλε
747 4761 940 4817 τούτου
971 4764 1072 4833 τὴν
1110 4764 1408 4836 πρόφασιν,
1439 4763 1539 4836 τὴν
1576 4762 1836 4835 πορνείαν
1873 4762 2013 4815 ἀπο-

437 4851 685 4923 κηρύξας
709 4852 768 4919 ἐξ
802 4853 1041 4927 Ἰσραήλ.
1082 4857 1195 4909 Καὶ
1216 4856 1299 4923 τὸ,
1328 4855 1489 4919 κυνὸς
1524 4855 1581 4908 δὲ
1611 4854 1886 4924 ἄλλαγμα,
1916 4854 2018 4924 τὴν

437 4943 632 5015 ἀνέδην
660 4944 920 5016 πορνείαν
953 4946 1123 5018 δηλοῖ.
1157 4946 1499 5018 Τελεσφόρον
1520 4946 1631 5018 γὰρ
1658 4946 1719 4999 ού
1748 4946 2021 5017 συγχωρεῖ

436 5039 579 5091 νοεῖν
613 5038 704 5091 τὸν
729 5036 987 5093 τελοῦντα
1014 5039 1270 5110 δαίμοσιν
1291 5082 1306 5107 ,
1340 5038 1530 5110 ὥσπερ
1578 5039 1698 5093 οὐδὲ
1738 5041 1829 5091 τὸν
1875 5048 2017 5091 τελι-

440 5128 729 5200 σκόμενον,
748 5129 858 5183 τῶν
881 5129 1228 5203 ἑκατέρωθεν
1253 5132 1678 5204 παρακειμένων
1697 5128 2012 5200 ἀπαγορεύ-

442 5234 579 5272 σεων
616 5219 678 5273 τὸ
724 5221 1023 5276 ἀνοίκειον.
1059 5222 1126 5279 Τί
1164 5223 1294 5292 γάρ.
1336 5262 1351 5277 .
1393 5261 1407 5277 .
1447 5262 1461 5276 .
1497 5222 1617 5276 οὐδὲ
1658 5222 1720 5275 τὸ
1767 5221 1861 5275 ἐπὶ
1914 5221 2014 5291 μὲν

441 5310 756 5383 θυγατέρων
786 5315 961 5368 είτιεῖν
985 5315 1335 5386 τελεσφόρον,
1372 5315 1468 5367 ἐπὶ
1499 5314 1555 5368 δὲ
1594 5314 1897 5385 μειρακίων
1931 5313 2012 5377 τὸ,

440 5404 848 5475 τελισκόμενον.
889 5407 1032 5461 Ἀλλ’
1075 5406 1227 5472 οὗτος
1270 5408 1369 5478 μὲν
1394 5409 1422 5461 ὁ
1459 5407 1617 5476 λόγος
1645 5407 1742 5461 καὶ
1778 5407 1839 5460 τὸ
1886 5408 2016 5477 περὶ

443 5496 701 5567 πορνείας
732 5496 923 5551 νοηθὲν
954 5499 1222 5553 ἀνοίκειον
1260 5499 1524 5553 δείκνυσι.
1550 5499 1614 5552 Τί
1645 5499 1753 5569 γὰρ
1805 5498 2012 5551 ἐκώλυε

2117 3390 2293 3436 tutum
2326 3382 2591 3436 studium.
2628 3379 2850 3451 Reliqui
2878 3396 3013 3436 vero
3039 3380 3212 3451 magis
3239 3380 3481 3450 proprie,
3502 3378 3557 3432 in
3586 3377 3692 3431 ali-

2115 3489 2221 3545 qua
2240 3479 2521 3545 portarum
2548 3481 2764 3527 tuarum
2804 3479 3198 3542 exposuerunt.
3216 3472 3321 3537 Qui
3346 3470 3492 3545 enim
3516 3484 3692 3540 nuper

2115 3565 2434 3630 adveniunt,
2470 3580 2577 3619 non
2622 3565 2678 3619 in
2714 3564 2853 3619 locis
2885 3564 3152 3630 habitare,
3192 3578 3381 3617 verum
3424 3563 3478 3617 in
3518 3561 3693 3632 portis

2117 3659 2337 3728 proprie
2386 3659 2662 3714 dicentur.
2710 3658 2883 3713 Porro
2915 3672 3070 3724 vero,
3117 3657 3317 3726 inquit,
3348 3670 3458 3711 non
3486 3655 3691 3725 alliiges

2116 3766 2241 3806 eum
2275 3768 2454 3823 neque
2480 3752 2667 3808 oneris
2700 3752 2908 3822 aliquid
2943 3752 2994 3807 ei
3036 3751 3309 3820 impones,
3351 3757 3410 3804 ut
3438 3749 3694 3805 videlicet

2117 3842 2484 3897 circumcidas
2524 3843 2791 3906 invitum,
2844 3857 2909 3896 ac
2962 3841 3174 3911 reliqua
3222 3841 3357 3909 legis
3399 3839 3693 3895 observare

2117 3948 2302 4004 cogas.
2365 3952 2384 3987 ι
2419 3933 2612 3990 Visum
2645 3934 2790 3989 enim
2839 3943 2945 3998 est,
2978 3934 3238 4004 inquiunt
3275 3932 3528 4003 apostoli,
3557 3944 3689 3987 ssn-

2116 4039 2206 4083 cto
2237 4028 2470 4098 Spiritui
2499 4036 2549 4082 et
2593 4027 2773 4090 nobis,
2799 4034 2859 4080 ut
2902 4027 3039 4081 nihil
3076 4026 3313 4097 amplius
3361 4024 3546 4082 oneris
3585 4024 3691 4078 im-

2117 4125 2350 4188 ponatur
2394 4117 2571 4183 vobis,
2604 4125 2813 4171 tantum
2849 4130 2979 4171 vero
3024 4123 3083 4171 ut
3109 4115 3432 4170 abstineatis
3462 4128 3491 4168 a
3522 4115 3693 4169 simu-

2118 4212 2392 4263 lacrorum
2426 4198 2628 4280 epulis,
2660 4223 2689 4263 a
2722 4208 3008 4278 sanguine,
3030 4223 3058 4262 a
3081 4206 3369 4271 sut'focato,
3400 4218 3454 4262 et
3479 4220 3511 4260 a
3536 4220 3694 4262 scor-

2118 4302 2324 4357 talione
2349 4302 2416 4354 ⁵³.
2450 4319 2471 4353 s

2191 4391 2315 4446 Non
2368 4393 2470 4447 erit
2526 4394 2814 4448 tributaria
2847 4409 2912 4447 ea:
2954 4393 3175 4463 ﬁliabus
3222 4392 3414 4455 Israel,
3451 4408 3542 4446 nec
3588 4391 3689 4445 erit

2117 4485 2371 4539 immunis
2414 4488 2691 4557 quisquam
2723 4503 2789 4541 ea:
2821 4487 2951 4556 ﬁliis
2990 4485 3182 4541 Israel.
3223 4484 3361 4558 [Ιί]
3410 4484 3694 4554 Coutingit

2117 4579 2263 4632 enim
2308 4579 2536 4636 lenones
2574 4595 2697 4635 esse
2727 4581 2819 4649 qui
2852 4579 3062 4634 tributa
3108 4595 3171 4634 ex
3207 4578 3518 4649 hujusmodi
3552 4594 3685 4634 mor-

2121 4672 2379 4726 cimoniis
2418 4672 2676 4742 colligere
2724 4672 3007 4728 simulant.
3068 4660 3417 4741 Quapropter
3472 4685 3690 4725 omnem

2120 4765 2240 4835 ejus
2302 4765 2380 4820 rei
2413 4773 2733 4835 praetextum
2801 4766 3046 4832 sustulit,
3080 4779 3409 4835 omnemque
3447 4764 3691 4819 fornica-

2120 4854 2327 4910 tionem
2377 4869 2444 4909 ex
2478 4854 2675 4910 lsraele
2723 4854 3019 4909 abdicavit.
3068 4854 3339 4910 Cancrum
3377 4853 3531 4908 canis
3565 4867 3693 4923 pre-

2120 4947 2281 5012 tium,
2317 4946 2580 5002 ell'rencm
2634 4947 3032 5003 scortatiouem
3088 4948 3333 5002 denotat.
3369 4944 3487 4998 Non
3543 4946 3691 5000 enim

2118 5039 2362 5108 cogitare
2399 5039 2686 5109 permittit,
2729 5039 2876 5109 quod
2938 5040 3202 5093 tributum
3253 5038 3546 5093 exsolverit
3598 5037 3692 5106 qui

2118 5148 2208 5189 res
2243 5132 2614 5188 daemoniacas
2664 5132 2888 5202 pendit,
2928 5129 3391 5202 quemadmodum
3442 5143 3541 5181 nec
3588 5128 3692 5181 im-

2119 5239 2341 5279 munem
2381 5239 2504 5280 esse
2561 5239 2714 5289 eum,
2749 5224 2843 5294 qui
2905 5223 3214 5277 libertatem
3250 5219 3693 5274 iuterdietionum

2120 5318 2377 5386 utrinque
2399 5316 2784 5386 adium-tarum
2820 5321 3120 5384 usurpant:
3150 5327 3329 5381 neque
3364 5310 3519 5371 illud,
3548 5310 3725 5379 quod'

2120 5406 2188 5461 de
2227 5403 2446 5460 ﬁliabus
2491 5404 2708 5460 dicatur
2738 5402 3060 5457 tributarias
3091 5412 3250 5468 esse;
3281 5397 3347 5453 de
3378 5397 3697 5450 adolescen-

2127 5497 2259 5553 tulis
2287 5511 2436 5562 vero,
2463 5511 2588 5552 esse
2618 5496 2911 5550 immunes.
2950 5491 3151 5546 Verum
3185 5490 3298 5545 haec
3325 5486 3544 5559 quidem
3572 5501 3697 5540 ora-

520 5673 564 5706 "
599 5674 892 5745 Eplies.vt.
922 5675 1005 5729 l2.
1081 5675 1124 5706 ⁸⁸
1154 5674 1192 5727 ll
1216 5675 1343 5731 Cor.
1372 5693 1429 5742 κ,
1457 5676 1507 5730 ιι.
1585 5677 1627 5710 ³⁸³
1654 5676 1823 5733 Eccli.
1860 5679 2012 5742 xm,‘

2176 5677 2220 5710 ⁸ο
2256 5674 2425 5730 Lerit.
2448 5691 2561 5740 xix,
2586 5676 2638 5729 2.
2703 5674 2743 5708 ⁵⁸
2774 5673 2879 5732 lsa.
2915 5690 3010 5737 ιιι,
3043 5673 3131 5726 ll.
3208 5672 3250 5704 ⁸²
3280 5671 3576 5735 Pramus,
3609 5672 3696 5727 l0.

458 5744 508 5778 ιδ
542 5744 663 5801 Λα,
701 5762 790 5812 xv,
817 5746 908 5809 28,
935 5748 1028 5806 29.
1060 5769 1147 5818 xx,
1182 5754 1267 5813 15.
