4010 6230
427 401 526 464 941
1317 396 1851 471 COMMENTAHIII
1888 399 1973 466 IN-
2010 401 2707 468 UEUTERONOMIUM.
2789 355 2792 360 1
3345 396 3352 402 '
3561 405 3669 474 9:2

501 526 697 598 Arguit
735 537 866 582 vero
898 529 1001 583 huic
1038 517 1183 598 quod
1242 527 1464 583 etiamsi
1499 536 1714 582 mentes
1763 526 1910 581 inter
1939 529 1998 578 s'e‘
2049 523 2532 578 commit-terentur
2583 535 2772 576 utrum
2807 522 2942 578 bona
2983 524 3151 591 huius
3187 525 3378 580 niundi
3411 533 3476 580 an
3505 529 3670 581 cmic-

429 613 540 668 stia
569 613 753 682 potius
779 617 970 669 essent
1017 613 1292 685 eligenda,
1343 615 1526 669 valere
1575 614 1738 684 jusso
1781 609 2095 666 caelesti-um
2131 612 2403 667 honorum
2449 611 2782 682 principatu,
2819 621 3054 666 mentem
3085 613 3141 668 in
3168 619 3581 683 generationem
3615 626 3670 670 et

431 699 716 754 interitum
747 700 1054 770 iniecisset,
1088 701 1192 755 hoc
1219 701 1364 755 enim
1393 700 1655 771 genitalia
1696 700 1958 752 inmnmt.

500 787 773 842 Statcrem
805 799 1060 860 magnam
1103 792 1196 842 aut
1230 791 1470 858 parvam.
1523 786 1664 860 [lL]
1705 786 1900 841 Medos
1939 781 2186 838 declarat
2221 782 2411 847 nobis,
2443 782 2648 852 quibus
2671 781 2904 851 just-ilia:
2938 783 3128 837 exacta
3195 784 3382 852 regula
3427 784 3667 840 obtineri

429 876 636 944 possit,
678 877 724 932 si
759 877 982 930 animus
1012 876 1384 946 aequilibrium
1433 880 1658 930 servare
1697 871 2024 934 decreverit.
2059 868 2263 924 verum
2296 870 2580 924 enimvero
2607 871 3004 926 eteellentiora
3053 871 3233 924 adhuc
3264 887 3361 940 per
3386 870 3671 928 Christum

429 962 630 1016 tradita
687 971 840 1017 sunt.
877 962 1020 1018 Justi
1052 964 1196 1018 enim
1246 965 1372 1016 linis
1410 962 1620 1018 bonum
1670 970 1773 1016 est.
1819 958 2091 1024 Quocirca
2141 955 2266 1007 ait:
2314 971 2332 1003 ι
2362 951 2479 1007 Nisi
2535 953 2902 1008 abundaverit
2945 954 3164 1022 justitia
3210 964 3393 1011 vestra
3437 958 3675 1028 amplius

425 1065 588 1119 quam
623 1047 948 1103 Scribarum
981 1058 1034 1104 et
1060 1049 1498 1115 Pharisaeorum,
1533 1063 1646 1102 non
1677 1043 2066 1117 ingrediemini
2092 1043 2150 1097 in
2183 1055 2412 1110 regnum
2445 1041 2716 1096 caelorum
2753 1043 2822 1097 τ’.
2873 1061 2893 1094 ι

507 1146 882 1214 Ἐξολείψεις
912 1145 980 1200 τὸ
1009 1146 1197 1215 ὄνομα
1239 1145 1526 1215 Ἀμαλήκ.
1573 1144 1744 1197 Τοῦτο
1774 1143 1998 1212 ποιῆσαι
2029 1146 2076 1204 Α

2173 1136 2384 1190 Delebis
2424 1135 2668 1204 funditus
2709 1147 2896 1190 nomen
2925 1136 3164 1191 Amalec.
3196 1136 3334 1210 [19.]
3372 1136 3488 1193 Hoc
3522 1137 3673 1194 Sauli

424 1234 510 1288 διὰ
557 1233 811 1305 Σαμουὴλ
841 1235 869 1286 ὁ
890 1232 1062 1286 Σαοὺλ
1091 1231 1509 1302 προσετέτακτο,
1544 1229 1637 1282 καὶ
1669 1229 1744 1298 μὴ
1775 1225 2001 1291 τελείως

2106 1241 2203 1297 per
2229 1225 2536 1281 Samuelem
2581 1224 2764 1280 facere
2790 1240 2874 1281 est
2919 1226 3271 1295 imperatum,
3325 1242 3511 1282 verum
3547 1244 3674 1283 cum

426 1303 680 1397 ποιήσειέ,
716 1328 814 1398 τῆς
846 1324 1120 1396 βασιλείας
1151 1323 1396 1392 ἐξέπεσε.

2104 1333 2215 1372 non
2243 1317 2500 1372 omnibus
2529 1303 2770 1372 numeris
2802 1325 2947 1372 esset
2972 1326 3293 1384 exsecutus,
3321 1333 3494 1390 regno
3524 1320 3677 1375 exci-

2100 1408 2203 1464 dit.

495 1521 570 1578 Et
598 1523 856 1579 escitabis
884 1525 978 1578 tibi
1011 1524 1115 1591 ipsi
1147 1523 1350 1591 lepidas
1379 1534 1619 1592 magnos.
1656 1514 1892 1593 {XXVII}
1924 1515 2006 1590 2.]
2047 1517 2286 1589 Lapides
2323 1517 2545 1588 quidem
2582 1518 2821 1588 apostoli
2847 1525 2975 1572 sunt
3020 1518 3074 1573 i‘n
3115 1518 3227 1572 alto
3267 1517 3550 1582 collocati,
3577 1519 3676 1589 qui

431 1625 561 1664 cum
587 1611 896 1666 virtutibus
923 1617 978 1666 et
1009 1610 1367 1681 opinionibus
1416 1615 1605 1664 essent
1642 1607 1957 1677 conspicui,
1991 1622 2162 1677 supra
2194 1622 2298 1662 nos
2333 1615 2464 1662 sunt
2496 1607 2816 1661 constituti.
2858 1607 2940 1660 Ad
2970 1621 3110 1677 quos
3142 1605 3400 1662 Christus
3447 1607 3626 1678 inquit
3660 1625 3677 1662 :

440 1697 596 1752 «Vos
631 1697 800 1753 amici
851 1698 955 1753 mei
987 1699 1124 1754 estis
1145 1698 1214 1750 ⁸ο.
1250 1717 1269 1749 ι
1313 1697 1462 1763 Quos
1503 1696 1634 1750 item
1693 1695 1876 1749 lumen
1929 1701 1988 1749 et»
2017 1696 2189 1750 salem
2238 1694 2428 1749 mundi
2489 1693 3158 1764 nuncupat“.,Denique
3220 1696 3386 1749 etiam
3424 1695 3676 1750 medicos

427 1784 761 1854 designavit,
791 1783 986 1840 dicens
1020 1801 1036 1840 :
1069 1784 1374 1864 cllnlirmos-
1417 1791 1634 1846 curate,
1679 1781 1952 1836 daemonia
1990 1779 2196 1850 ejicite,
2256 1781 2510 1851 leprosos
2551 1781 2834 1842 mundate,
2887 1789 3138 1835 mortuos
3184 1782 3446 1848 excitate,
3504 1783 3678 1853 gratis

428 1871 744 1940 accepistis,
798 1871 974 1942 gratis
1026 1870 1239 1924 reddite
1263 1869 1330 1920 ⁸³.
1358 1888 1376 1920 ι
1413 1867 1491 1923 De
1532 1868 1736 1936 quibus
1784 1866 2062 1936 proditum
2094 1875 2182 1921 est
2220 1883 2234 1920 :
2275 1885 2294 1918 ι
2325 1866 2561 1938 Lapides
2591 1868 2766 1921 sancti
2793 1867 3087 1922 volvuntur
3109 1883 3273 1938 super
3311 1876 3514 1922 terram
3546 1868 3613 1925 ⁸³.
3652 1889 3671 1920 ι

431 1952 808 2027 Undequaque
841 1957 989 2012 enim
1019 1957 1348 2010 oberrantes
1384 1956 1670 2010 veritatem
1694 1954 2139 2024 promulgarunt.
2163 1954 2314 2022 Quos
2345 1955 2555 2024 lapides
2583 1955 2618 2008 ii
2644 1955 2880 2025 erigunt,
2909 1955 3002 2024 qui
3033 1970 3130 2024 per
3148 1954 3452 2010 Jordauem
3491 1967 3677 2013 trans-

429 2046 636 2110 ierunt,
669 2046 772 2100 hoc
807 2054 914 2107 est,
975 2046 1071 2114 qui
1107 2059 1282 2099 sacrae
1312 2045 1602 2098 tinetionis
1631 2044 1809 2113 gratia
1841 2051 1970 2097 sunt
2000 2042 2344 2112 locupletati,
2381 2041 2545 2097 iidem
2591 2042 2696 2098 sibi
2724 2041 2860 2110 ipsis
2893 2041 3213 2112 magistros,
3243 2042 3336 2112 qui
3371 2043 3681 2113 pretiosum

430 2126 782 2204 di‘vul‘garent
829 2129 1069 2200 lapidem
1123 2131 1510 2201 margaritam,
1558 2128 1946 2200 praefecerunt.
1983 2131 2088 2198 Qui
2137 2145 2271 2186 sane
2313 2130 2542 2200 pulvere
2591 2129 2804 2198 aspersi
2857 2129 3180 2199 Scripturae,
3227 2131 3400 2200 legem
3449 2131 3680 2189 habent.

431 2212 696 2274 Dilucide:
724 2219 870 2273 enim
905 2217 1041 2288 legis
1075 2217 1570 2286 contemplationes
1619 2207 1768 2286 apud.
1796 2217 2096 2286 apostolos,
2146 2219 2410 2290 nullaque
2441 2221 2653 2274 littera:
2686 2218 2880 2273 umbra
2911 2219 3165 2274 obducta:
3193 2221 3491 2276 exsistunt.
3528 2221 3672 2288 Qua-

433 2317 660 2378 propter
711 2299 855 2360 haud
888 2305 1122 2360 obscure
1151 2303 1282 2358 illud
1305 2315 1524 2374 quoque
1553 2304 1704 2359 addit
1734 2321 1746 2358 :
1780 2323 1798 2356 ‹
1827 2303 1971 2370 Quin
2001 2305 2166 2360 etiam
2204 2307 2374 2362 altare
2409 2322 2476 2362 ex
2516 2306 2789 2376 lapidibus
2820 2320 2929 2360 non
2957 2305 3128 2362 sectis
3168 2307 3418 2362 exsistat.
3460 2327 3478 2360 ι
3511 2307 3680 2380 Lapis

430 2395 577 2451 enim
605 2394 884 2465 augularis
914 2391 1169 2447 Christus
1200 2399 1286 2446 est
1311 2391 1375 2457 ⁸⁸,
1413 2390 1505 2460 qui
1539 2391 1591 2444 in
1626 2389 1983 2445 fundamenta
2029 2389 2162 2446 Sion
2211 2395 2426 2462 positus
2453 2403 2562 2460 est,
2592 2409 2757 2462 super
2789 2393 2910 2463 ipso
2967 2394 3170 2448 etenim
3215 2395 3390 2449 innixi
3427 2411 3526 2450 ceu
3569 2398 3676 2450 vivi

431 2481 646 2552 lapides
675 2479 1011 2535 exstruimur
1044 2478 1246 2533 domus
1291 2477 1624 2546 Spiritualis,
1659 2477 1714 2531 in
1761 2477 2024 2547 templum
2050 2489 2326 2536 sanctum.
2377 2479 2680 2536 Reddimur
2715 2488 2898 2535 autem
2931 2481 3106 2536 altare
3137 2496 3232 2550 per
3263 2483 3529 2538 unitatem
3561 2484 3675 2554 spi-

430 2569 709 2634 ritualem,
763 2569 811 2622 si
860 2563 1022 2621 iidem
1069 2566 1125 2620 in
1164 2564 1390 2620 Christo
1437 2566 1702 2619 virtutum
1753 2565 1878 2619 cibo
1911 2566 2262 2622 instruimus.
2311 2568 2392 2622 Ac
2435 2567 2672 2644 Paulum
2700 2567 2880 2638 juxta,
2917 2569 3167 2624 sistimus
3193 2583 3430 2640 corpora
3486 2583 3676 2626 nostra

430 2655 668 2711 hostiam
698 2656 902 2718 vivam,
934 2661 1216 2723 acceptam
1244 2651 1375 2717 Deo,
1405 2651 1735 2707 rationalem
1776 2653 1984 2705 cultum
2020 2664 2292 2720 nostrum,
2349 2656 2553 2726 integri
2600 2664 2654 2710 et
2694 2656 3032 2710 immaculati
3064 2674 3078 2720 ;
3130 2673 3239 2710 non
3270 2658 3432 2712 divisi
3465 2659 3518 2712 in
3551 2673 3680 2729 par-

432 2751 516 2800 tes
545 2742 760 2806 mundi,
792 2755 974 2810 neque
1003 2740 1235 2794 vulnera
1267 2747 1620 2808 peccatorum
1673 2745 2038 2806 ostentantes,
2092 2742 2556 2813 quemadmodum
2587 2741 2850 2798 Christus
2901 2758 3122 2813 quoque
3168 2760 3278 2798 non
3328 2746 3538 2800 divisus
3569 2755 3676 2810 est,

433 2831 717 2900 simplices
764 2842 831 2882 ae
882 2842 1133 2891 veraces,
1171 2827 1353 2896 qualis
1383 2825 1590 2881 Paulus
1641 2833 1748 2890 est,
1785 2839 1911 2880 cum
1935 2827 2154 2897 inquit:
2206 2848 2224 2882 ι
2260 2828 2393 2883 Mihi
2429 2831 2602 2894 enim,
2631 2829 2750 2884 sive
2778 2831 2980 2893 vivam,
3011 2832 3127 2886 sive
3157 2833 3383 2896 moriar,
3418 2832 3678 2888 Christus

432 2918 588 2974 lucro
613 2924 702 2972 est
726 2916 796 2970 ⁸⁵.
834 2933 854 2966 ›
892 2913 1174 2983 Tanquam
1206 2914 1372 2983 igitur
1412 2913 1748 2969 haberemus
1782 2913 2030 2968 laetamur
2059 2918 2106 2971 si
2140 2917 2324 2971 cibum
2356 2917 2704 2986 spiritualem
2746 2920 2799 2971 in
2833 2918 3014 2974 oculis
3048 2917 3263 2974 Domini
3313 2921 3675 2991 percipimus,

433 3005 898 3079 quemadmodum
937 3005 1027 3059 hic
1053 3006 1319 3074 scriptum
1353 3011 1462 3068 est,
1501 3013 1558 3060 et
1587 3019 1690 3060 nos
1723 3005 1778 3058 in
1813 3005 2084 3060 Ecclesiis
2103 3003 2358 3059 facimus.
2391 3002 2628 3075 Lapides
2669 3020 2800 3060 vero
2845 3017 2956 3060 non
2979 3006 3036 3060 in
3069 3016 3255 3061 monte
3292 3005 3446 3074 Ebal,
3487 3023 3678 3064 verum

433 3096 678 3154 Garizim
711 3096 1021 3151 collocasse
1062 3093 1374 3164 exemplum
1420 3093 1589 3148 habet
1621 3093 2038 3155 Samariticum,
2068 3106 2172 3147 nec
2205 3091 2348 3147 forte
2375 3091 2585 3162 absque
2620 3092 2850 3157 ratione,
2885 3108 3060 3163 eaque
3092 3093 3375 3161 videlicet,
3403 3095 3676 3165 siquidem

435 3185 508 3240 ibi
557 3198 778 3254 quoque
815 3180 1232 3236 benedictiones
1259 3179 1380 3234 ﬁeri
1426 3179 1690 3249 praecepit
1731 3197 1744 3233 :
1783 3197 1802 3230 ς
1829 3178 1887 3234 In
1937 3177 2073 3233 Ebal
2110 3192 2240 3234 vero
2283 3178 2720 3236 maledictiones.
2755 3201 2773 3232 ι
2809 3180 2982 3252 Ecqui
3032 3181 3204 3253 igitur
3241 3190 3677 3238 consentaneum

432 3271 601 3328 fuerit
646 3259 701 3324 in
735 3269 842 3323 hoc
888 3268 1063 3322 altare
1095 3282 1218 3322 esse
1259 3266 1675 3320 constitutum?
1717 3263 1889 3320 Porro
1938 3266 1992 3320 in
2033 3265 2178 3320 libro
2216 3263 2471 3322 Iudicum
2511 3267 2754 3323 Garizim
2802 3278 3044 3324 montem
3103 3269 3350 3324 nominat
3385 3269 3478 3339 qui
3531 3271 3678 3326 circa

436 3356 718 3429 Neapolim
750 3363 858 3420 est,
899 3369 1060 3424 quem
1105 3351 1390 3406 Samaritae
1439 3352 1647 3406 colunt.
1706 3350 1888 3422 Super
1922 3367 2032 3422 quo
2065 3368 2189 3408 cum
2233 3354 2580 3410 constitisset
2610 3354 2811 3410 Jothan
2863 3356 3012 3413 ﬁlius
3066 3356 3342 3412 Gedeonis
3396 3367 3679 3426 superstes

433 3455 760 3502 exsecratus
795 3455 879 3500 est
916 3458 1015 3498 eos
1041 3443 1138 3513 qui
1185 3456 1369 3512 regem
1407 3455 1572 3510 super
1616 3455 1677 3494 se
1705 3449 2031 3496 creaverant
2063 3441 2380 3496 Abimelech
2427 3441 2703 3500 Gedeonis
2747 3444 2916 3498 lilium
2956 3461 3022 3500 ex
3073 3446 3296 3510 ancilla,
3342 3447 3434 3516 qui
3473 3445 3678 3502 fratres

434 3548 569 3590 suos
594 3531 894 3588 interemit.
918 3527 1040 3584 Nisi
1072 3530 1198 3599 quis
1233 3535 1446 3583 asserat
1478 3527 1705 3581 Esdram
1740 3537 1834 3581 aut
1867 3527 2278 3598 Scripturarum
2316 3529 2688 3597 collectorem,
2735 3533 2852 3588 sive
2910 3533 3078 3586 alium
3117 3533 3434 3604 quempiam
3483 3533 3674 3602 fuisse,

436 3623 527 3691 qui
555 3634 693 3675 nova
725 3619 950 3676 nomina
979 3632 1045 3672 ex
1080 3633 1192 3671 sua:
1227 3615 1645 3684 gubernationis
1684 3614 1824 3669 locis
1854 3615 2110 3669 traducta
2146 3616 2284 3673 locis
2327 3617 2671 3688 imposuerit.
2713 3621 3190 3686 Quemadmodum
3222 3621 3484 3677 videlicet
3510 3621 3677 3678 Jeru-

435 3711 603 3766 salem
637 3716 797 3762 vocat
825 3722 946 3777 qua:
981 3703 1288 3773 antiquitus
1319 3700 1488 3755 Jebus
1515 3700 1840 3762 vocabatur,
1869 3700 2183 3756 llethlehem
2222 3704 2348 3757 item
2387 3720 2508 3776 quae
2537 3705 2794 3776 Ephrata.

506 3792 602 3848 Illi
651 3792 863 3847 stabunt
913 3782 982 3845 ad
1044 3785 1450 3842 benedicendum
1504 3784 1698 3854 populo
1749 3788 1805 3838 in
1863 3795 2038 3840 monte
2098 3787 2359 3843 Garizim.
2433 3791 2572 3866 [12.]
2640 3793 2727 3847 Ete
2785 3795 2964 3851 tribus
3014 3811 3135 3867 qua:
3191 3796 3259 3851 ab
3323 3812 3548 3867 egressu
3611 3814 3677 3854 ex

438 3879 674 3953 Egypto
710 3882 973 3952 praeclare
1020 3884 1310 3951 gesserunt
1355 3888 1497 3942 sese,
1536 3871 1910 3928 benedictioni
1943 3888 1972 3928 a
2014 3874 2126 3931 Deo
2156 3886 2286 3932 sunt
2318 3881 2590 3949 przei‘ecti.
2640 3881 2775 3949 Quae
2828 3895 3012 3940 autem
3061 3885 3228 3955 lapsae
3267 3894 3396 3943 sunt
3442 3886 3675 3944 maledi-

433 3971 626 4028 ctioni.
3485 3971 3492 3978 ’

506 4057 827 4111 Maledictus
875 4055 1169 4124 quicunque
1219 4050 1403 4119 fecerit
1454 4049 1697 4117 sculptile
1737 4057 1830 4102 aut
1858 4049 2018 4116 fusile
2048 4065 2176 4119 opus
2210 4055 2453 4109 manibus
2481 4057 2726 4133 artificis,
2763 4067 2811 4110 et
2852 4057 2988 4111 illud
3018 4057 3351 4113 collocaverit
3384 4062 3437 4112 in
3467 4060 3671 4114 abdito.

438 4143 577 4217 ['5.]
601 4143 740 4197 Cum
774 4143 827 4199 in
856 4139 1288 4211 praecedentibus
1315 4137 1485 4191 variis
1518 4137 1698 4192 modis
1726 4137 2154 4193 simulacrorum
2187 4143 2397 4195 cultum
2429 4143 2588 4214 457
2624 4145 2960 4211 abdicasset,
2991 4150 3122 4200 vero
3149 4154 3329 4200 autem
3362 4162 3470 4200 non
3511 4149 3677 4202 dissi-

437 4231 563 4286 mile
585 4241 700 4286 erat
734 4229 880 4298 quod
909 4226 1122 4294 aliquis
1147 4240 1321 4294 poema
1362 4223 1658 4278 formidine
1683 4223 1825 4277 clam
1853 4237 1975 4279 esse
2010 4235 2308 4298 satageret,
2340 4231 2407 4286 ad
2439 4247 2564 4286 eum
2612 4233 3050 4287 exsecrationem
3081 4233 3244 4288 istam
3289 4237 3673 4290 accommoda-

433 4319 534 4374 vit.
567 4320 643 4372 Ae
679 4313 999 4386 huiusmodi
1030 4313 1251 4382 quidem
1279 4311 1347 4365 hi-
1383 4317 1537 4376 sunt,
1571 4310 1665 4380 qui
1699 4324 1824 4364 cum
1853 4311 1979 4366 vitai
2009 4312 2384 4386 integritatem
2434 4319 2718 4387 simulent,
2750 4328 2986 4378 mentem
3020 4319 3404 4377 affectionibus
3435 4323 3671 4378 obsitaiu

433 4407 654 4463 habent.

501 4517 734 4580 Εἴδωλα,
765 4515 917 4567 πᾶσα
942 4510 1296 4581 πεπλασμένη
1330 4508 1596 4578 Θεολογῑα.
1640 4508 1780 4562 Ἀλλ’
1813 4511 1867 4563 αἱ
1898 4511 1995 4581 μὲν
2025 4517 2074 4579 Β

2175 4513 2448 4570 ldolorum
2509 4532 2636 4571 vero
2689 4516 2911 4572 nomine
2958 4517 3231 4588 intelligas
3270 4518 3399 4572 licet
3451 4533 3670 4574 omnem

431 4611 613 4680 vospa't
646 4607 1030 4676 πιθανότηταςἸ
1067 4605 1166 4656 καὶ·
1216 4601 1502 4672 ὀξυτέρους
1529 4601 1812 4671 ἀπατῆσαι
1843 4603 2000 4657 δυνά-

2101 4601 2433 4675 theologiam
2473 4607 2655 4660 [ictam
2688 4613 2853 4676 atque
2886 4606 3150 4662 lucatam.
3185 4607 3410 4664 Necnon
3469 4611 3671 4668 mentis

431 4718 612 4772 μεναι,
633 4699 876 4766 λέγοιντο
911 4695 976 4750 ἂν
1005 4697 1068 4746 ὲκ
1090 4691 1292 4764 χρυσοῦ
1322 4693 1354 4764 ἤ
1380 4692 1624 4763 ἀργύρου
1652 4693 1996 4764 χωνεὺματαο

2100 4694 2311 4750 Sirenes
2352 4713 2450 4751 seu
2485 4698 2660 4753 mavis
2701 4699 3096 4769 persuasiones
3129 4717 3252 4771 quae
3289 4702 3671 4772 sagaciorihus

426 4790 495 4844 τὰ
525 4791 570 4842 δ’
604 4786 884 4848 ἀπιθάνως
917 4784 1101 4854 ἠλίθιοι
1129 4783 1395 4852 δόγματα,
1442 4783 1678 4850 γλυπτά.
1716 4784 1858 4856 Πλὴν
1902 4792 1996 4843 καὶ

2097 4786 2261 4840 etiam
2295 4786 2542 4842 fraudem
2579 4787 2761 4844 facere
2789 4798 3042 4859 possunt,
3077 4789 3266 4847 insilia
3313 4794 3433 4848 auri
3475 4794 3558 4847 vel
3582 4809 3669 4847 ar-

424 4880 598 4936 ταῦτα
627 4879 764 4948 ἔργα
799 4874 996 4947 χειρῶν
1017 4873 1263 4944 τεχνίτου
1287 4872 1562 4944 τροπικῶς
1585 4873 1826 4942 λέγεται,
1847 4873 1994 4927 τιθέ-

2097 4877 2241 4947 genti
2279 4879 2478 4948 aliquis
2517 4889 2684 4951 queat
2707 4881 2914 4946 dicere,
2939 4883 3197 4952 dogmata
3232 4901 3366 4940 vero
3385 4887 3573 4955 inepta
3605 4899 3668 4938 ac

429 4989 566 5041 μενα
597 4971 654 5022 ὲν
690 4967 1014 5039 ἀποκρύφῳ,
1048 4967 1122 5029 ὠς
1152 4967 1209 5018 ἐν
1254 4965 1541 5036 μυστηρίῳ
1573 4967 1992 5037 παραδιδόμενα.

2097 4969 2237 5022 dura
2277 4986 2372 5026 seu
2418 4987 2604 5039 saxea,
2657 4975 2956 5044 sculptilia.
3011 4977 3397 5032 Verumtamen
3432 4991 3495 5031 ea
3550 4977 3667 5045 ipsa

424 5081 642 5138 quoque
691 5076 858 5132 opera
909 5059 1168 5114 manibus
1233 5056 1464 5112 artiﬁcis
1525 5073 1624 5128 per
1660 5059 1891 5128 ﬁguram
1938 5059 1994 5114 in
2034 5060 2218 5116 abdito
2252 5065 2429 5134 posita
2461 5082 2586 5122 esse
2610 5067 2897 5132 dicuntur,
2923 5067 2968 5122 si
2993 5073 3062 5123 ea
3114 5069 3343 5139 mystice
3400 5070 3671 5138 quodam-

423 5156 584 5212 modo
616 5153 757 5209 tradi
793 5149 1189 5221 intelligamus.

497 5271 819 5326 Enecratus
849 5271 941 5341 qui
970 5279 1134 5323 movet
1166 5270 1408 5322 limitem:
1449 5266 1587 5338 [η]
1616 5266 1808 5323 Omnis
1848 5270 1942 5339 qui
1983 5269 2221 5341 aliquem
2261 5287 2329 5328 ex
2370 5287 2496 5326 vero
2543 5272 2637 5327 Dei
2687 5273 2861 5337 cultu,
2909 5287 2972 5326 ac
3005 5271 3129 5325 vita:
3162 5271 3376 5324 ratione
3433 5278 3577 5324 recta
3613 5271 3669 5327 in

425 5361 639 5415 diversa
674 5357 957 5412 transfert.
995 5356 1098 5422 Qui
1123 5357 1254 5411 item
1298 5357 1567 5411 virtutum
1593 5355 1814 5411 modum
1847 5357 1965 5414 sive
1996 5357 2064 5412 ad
2095 5359 2220 5430 plus
2261 5359 2376 5415 sive
2401 5361 2583 5415 minus
2614 5359 2851 5424 excedit,
2893 5372 2956 5411 ac
2998 5357 3064 5411 ad
3098 5357 3290 5411 vitium
3316 5357 3671 5412 ab‘aiterutra

425 5455 579 5520 parte
612 5445 935 5514 adjunctum
963 5443 1182 5498 deiecit.

493 5534 823 5590 Exsecratus
845 5534 936 5604 qui
957 5549 1162 5588 ctecum-
1182 5546 1364 5586 errare
1398 5539 1491 5585 aut
1521 5529 1810 5602 impingere
1857 5533 2010 5602 facit.
2049 5532 2191 5605 [18.]
2223 5533 2448 5588 Seducit
2477 5546 2681 5589 caecum
2727 5533 2779 5588 in
2808 5532 3028 5599 itinere,
3061 5531 3238 5587 omnis
3272 5531 3363 5601 qui
3387 5529 3670 5586 ethnicum

496 5711 542 5742 η
576 5708 630 5764 Μ·
663 5712 761 5779 liii.
795 5727 846 5774 v,
878 5709 969 5762 20.
1073 5705 1312 5779 '°_.I_oan.
1353 5717 1444 5774 xv,
1482 5705 1571 5761 Η.
1625 5704 1716 5779 4⁶¹
1745 5703 1947 5764 Matth.
1976 5721 2033 5774 v,
2073 5719 2079 5762 τ

2088 5705 2162 5764 ll.
2204 5709 2254 5742 ⁸⁸
2275 5707 2545 5775 Matth.x,
2573 5707 2628 5766 8.
2704 5707 2750 5740 ⁸³
2783 5705 3017 5763 Zachar.
3072 5721 3148 5770 ix,
3207 5706 3294 5760 16-.
3393 5706 3440 5738 εδ
3470 5706 3671 5779 Ephes.

428 5797 486 5847 tt',
513 5780 605 5845 20,
675 5776 721 5808 ⁸³
766 5779 1007 5846 Philipp.
1046 5794 1087 5844 ι,
1121 5777 1214 5832 21.
