4010 6230
368 386 486 456 ηιξ
1658 373 2006 434 PROCOPII
2044 351 2286 432 "cum
3531 363 3628 425 ρει

372 511 460 556 aut
498 493 746 559 Italarum
770 489 862 562 qui
897 489 1078 543 lumen
1115 486 1363 543 scientiae
1390 484 1631 540 nondum
1656 483 1883 545 habent,
1914 484 1969 538 in
1996 479 2245 536 baaresim
2282 493 2442 534 secus
2468 478 2613 534 viam
2665 478 3023 549 apostolicam
3074 478 3367 549 pcrtrahit.
3422 458 3548 528 Sive
3578 476 3628 528 td

372 594 594 656 cinoque
635 580 803 635 l‘aciat
833 575 1072 630 ﬁdelium
1104 575 1419 642 cuicunque
1452 572 1546 641 qui
1581 570 1951 642 cognitionem
1985 568 2226 625 nondum
2267 567 2581 636 acquisivit.
2618 564 2794 621 Porro
2842 582 2969 620 vero
3008 566 3297 629 advenam,
3338 564 3624 635 pupillum,

371 652 420 728 et
452 652 670 726 viduam
704 674 861 723 vocat
892 677 987 718 eos
1037 663 1128 731 qui
1163 661 1429 724 nondum,
1470 657 1663 714 ﬁdeles
1698 659 1825 714 lieet
1849 658 1985 722 sint,
2018 657 2283 710 accedere
2320 664 2502 709 tamen
2555 655 2769 715 volunt,
2811 662 2868 710 et
2905 654 3127 724 spiritui
3159 652 3385 723 quidem
3412 652 3630 707 Satanae

373 763 490 815 valc
519 757 738 829 quidem
776 753 1058 814 dixerunt,
1084 748 1370 804 Christum
1394 762 1525 803 vero
1549 747 1784 802 necdum
1808 744 2121 800 induerunt.
2151 741 2480 813 Huiusmodi
2509 751 2694 795 autem
2726 741 2924 795 anima:
2952 740 3128 795 viduae
3153 748 3304 807 sunt,
3328 753 3456 810 qua
3476 755 3628 794 aver-

373 855 506 905 sata:
533 841 754 915 quidem
790 838 999 895 erroris
1028 846 1297 903 satorem,
1326 834 1570 893 nondum
1595 847 1727 888 vero
1749 831 2034 887 Christum
2057 840 2335 886 castarum
2356 830 2634 899 virginum
2671 841 2820 885 more
2850 829 3177 901 amplexata:
3206 837 3361 896 sunt,
3397 842 3629 899 quarum

369 933 635 1005 judicium
661 930 710 991 is
737 927 832 998 qui
862 941 971 980 non
1006 923 1302 994 legitimam
1347 920 1581 975 tradidit
1610 918 1946 985 doctrinam,
1981 919 2203 973 avertit.

446 1042 766 1117 Exsecratus
799 1038 969 1110 quivis
1003 1036 1161 1089 homo
1187 1034 1278 1102 qui
1302 1049 1409 1087 non
1439 1040 1711 1103 permanet
1749 1032 1805 1084 in
1831 1046 1949 1084 om-
1978 1034 2026 1092 Α

2137 1031 2604 1101 Ἐπικατάρατος
2628 1031 2750 1100 πᾶς
2776 1033 3089 1104 ἄνθρωπος
3133 1034 3203 1102 ὃς
3241 1034 3358 1089 οὐκ
3401 1032 3636 1105 ἐμμένει

372 1130 529 1190 nibus
544 1132 711 1190 verbis
739 1132 898 1202 hujus
929 1129 1079 1200 legis,
1121 1137 1179 1180 ut
1223 1126 1390 1195 faciat
1426 1141 1507 1179 ea.
1553 1121 1694 1196 [27.]
1729 1121 1865 1176 Illud
1898 1121 1953 1175 in

2055 1123 2125 1176 ἐν
2154 1120 2305 1177 πᾶσι
2338 1123 2466 1191 τοῖς
2494 1124 2700 1194 λόγοις
2730 1124 2839 1180 τοῦ
2872 1128 3061 1196 νόμου
3087 1126 3306 1181 τούτου
3328 1123 3442 1181 τοῦ
3470 1124 3635 1192 ποιῆ-

373 1229 640 1291 omnibus,
662 1223 808 1295 quod
840 1237 871 1277 a
891 1220 1249 1291 Septuaginta
1277 1218 1518 1297 positum
1550 1222 1655 1282 est,
1684 1214 1754 1270 ab
1775 1229 1955 1270 exem-

2058 1228 2159 1268 σαι
2186 1215 2433 1283 αὐτούς.
2466 1216 2563 1285 Τὸ,
2583 1215 2655 1271 ἐν
2675 1214 2849 1285 πᾶσι,
2872 1217 3128 1288 κείμενον
3152 1217 3307 1287 παρὰ
3331 1219 3449 1280 τοῖς
3464 1215 3641 1269 Ἕϐδο-

372 1323 465 1394 pio
512 1316 843 1376 Samaritico
888 1315 1269 1369 conﬁrmatur.
1320 1307 1377 1363 in
1411 1321 1522 1378 quo
1555 1306 1616 1359 τδ
1641 1303 1764 1378 χδλ,
1808 1305 1953 1375 quod

2060 1304 2327 1376 μήκοντα,
2353 1304 2625 1394 ξυροῦται
2654 1307 2766 1361 ἀπὸ
2790 1306 2885 1362 τοῦ
2930 1306 3344 1379 Σαμαρειτικοῦ
3379 1306 3638 1376 ἀντιγρά-

368 1421 483 1477 est,
536 1413 591 1465 in
638 1409 903 1472 omnibus,
946 1420 1043 1461 seu
1094 1418 1187 1471 per
1229 1399 1428 1464 omnia,
1461 1410 1777 1452 consonans
1828 1409 1951 1449 cum

2059 1411 2180 1464 φου.
2227 1396 2316 1449 Ἐν
2344 1390 2389 1465 ᾧ
2430 1396 2499 1450 τὸ
2554 1399 2694 1468 χὸλ,
2745 1399 2883 1470 ὅπερ
2916 1398 3056 1463 ἐστὶ,
3102 1397 3318 1459 πᾶσιν,
3346 1396 3381 1468 ἢ
3410 1394 3638 1462 πάντα,

379 1507 683 1577 apostolico
719 1516 733 1554 :
770 1518 789 1551 ι
824 1498 1108 1565 Quotquot
1159 1492 1305 1548 enim
1339 1489 1476 1560 legis
1526 1488 1790 1559 operibus
1821 1493 1953 1543 sunt

2058 1487 2360 1557 φερόμενον
2394 1486 2655 1560 εὕρομεν.
2718 1484 2814 1552 Οἷς
2852 1490 3067 1561 συνᾴδει
3106 1490 3201 1545 καὶ
3224 1491 3255 1543 ὁ
3292 1487 3637 1551 ’Δπόστολος,

378 1594 611 1663 addicti,
639 1585 1009 1655 exsecratioui
1039 1590 1169 1647 sunt
1217 1579 1463 1645 obnoxii.
1503 1596 1522 1629 ι

2061 1577 2258 1645 λέγων.
2297 1599 2315 1631 ι
2350 1580 2509 1633 Ὅσοι
2528 1580 2639 1651 γὰρ
2664 1579 2727 1646 ἐξ
2747 1580 2928 1652 ἔργων
2957 1583 3124 1653 νόμου
3150 1584 3315 1645 statu,
3350 1580 3461 1634 ὑπὸ
3481 1579 3644 1634 κατά-

1019 1677 1027 1686 ’
1132 1679 1137 1685 ”
2065 1685 2162 1739 ραν
2186 1669 2345 1725 εἰσιν.
2382 1688 2400 1722 ι
2430 1671 2593 1724 Ὅθεν
2633 1673 2681 1724 εἰ
2710 1672 2778 1725 ὲκ
2824 1674 3133 1743 περιτομῆς
3182 1671 3508 1742 ἐλέγχονται
3542 1667 3643 1722 ὑπὸ

2060 1760 2308 1831 κατάραν
2326 1760 2502 1825 ὄντες,
2532 1761 2592 1815 τὸ
2625 1762 2701 1832 μὴ
2734 1762 2913 1824 πάντα
2947 1764 3143 1816 ποιεῖν.

452 1881 725 1951 Scriptum
759 1885 843 1932 est
871 1875 1017 1933 enim
1054 1890 1068 1927 :
1106 1891 1126 1925 ι
1162 1871 1503 1929 Exsecratus
1528 1868 1709 1923 omnis
1742 1869 1836 1939 qui
1866 1885 1976 1925 non
2006 1879 2288 1954 permanet
2317 1873 2375 1929 in
2404 1874 2663 1931 omnibus
2704 1891 2826 1953 quae
2859 1875 2914 1930 in
2947 1869 3053 1932 hbe
3082 1877 3222 1934 libro
3252 1876 3397 1949 legis
3426 1883 3643 1933 exstant

379 1970 599 2033 litteris,
627 1978 685 2022 ut
708 1972 933 2036 prastet
971 1977 1034 2018 ea
1061 1962 1130 2015 ⁸⁸.
1167 1980 1186 2013 ι

451 2055 767 2113 Benedictus
803 2061 860 2106 tu
891 2052 945 2104 in
976 2048 1189 2111 urbe,et
1213 2046 1512 2102 benedictus
1535 2046 1591 2099 in
1619 2062 1766 2117 agro.
1789 2044 2050 2118 [ΧΧνΙΙΙ.
2076 2048 2153 2121 5.]
2181 2048 2234 2103 1η
2268 2050 2543 2118 Ecclesia,
2571 2052 2663 2109 ubi
2697 2053 2790 2123 qui
2822 2054 2953 2127 agit,
2972 2052 3106 2115 serit
3126 2060 3181 2108 et
3213 2052 3380 2107 metit
3408 2052 3644 2107 fructum

384 2149 439 2202 in
464 2147 630 2214 vitam
655 2150 944 2198 aeternam.
988 2135 1205 2191 Feturae
1235 2149 1369 2190 vero
1401 2134 1546 2189 uteri
1572 2134 1676 2204 pitu
1698 2133 2069 2214 cogitationes
2106 2145 2254 2191 sunt.
2290 2137 2430 2194 Dicit
2461 2141 2607 2199 cnim
2637 2140 2807 2197 Isaias
2842 2159 2857 2196 :
2901 2160 2920 2192 ι
2956 2142 3060 2196 Per
3099 2149 3309 2197 metum
3336 2150 3517 2204 tuum,
3546 2140 3646 2193 Do.-

382 2237 553 2304 miue,
593 2234 648 2287 in
674 2239 865 2317 ventre
888 2223 1263 2294 concepimus.
1298 2222 1518 2277 dolores
1551 2200 1900 2292 pertulimus,
1931 2232 1986 2301 et
2023 2225 2443 2295 parturivintus,
2503 2228 2760 2298 spiritum
2814 2229 3012 2291 salutis
3055 2236 3163 2287 tua:
3216 2228 3456 2284 fecimus
3486 2200 3649 2299 super

384 2333 529 2379 terra
558 2321 627 2375 ⁸⁷.
666 2338 685 2371 ι
715 2312 878 2372 Iidem
908 2327 1039 2369 vero
1065 2320 1229 2367 terra;
1265 2324 1487 2380 quoque
1516 2316 1702 2380 partes
1732 2320 1882 2378 sunt,
1907 2312 2062 2399 iuxta
2088 2314 2223 2368 illud
2260 2331 2277 2368 :
2314 2333 2333 2365 ι
2363 2313 2546 2370 Exivit
2566 2323 2717 2370 sator
2749 2316 2815 2371 ad
2843 2316 3162 2382 serendum,
3201 2324 3258 2372 et
3291 2317 3403 2372 alia
3429 2318 3644 2389 quidem

385 2411 706 2468 ceciderunt
728 2418 888 2462 secus
916 2403 1085 2465 viam,
1118 2399 1226 2456 alia
1261 2414 1430 2471 super
1462 2409 1673 2469 sentes,
1700 2402 1807 2455 alia
1837 2416 1967 2457 vero
1992 2416 2157 2485 super
2185 2410 2420 2472 petram,
2461 2403 2570 2458 alia
2599 2419 2731 2459 vero
2754 2419 2922 2475 super
2949 2413 3151 2461 terram
3185 2405 3416 2472 bonam,
3446 2414 3501 2462 et
3526 2406 3648 2461 red-

384 2499 524 2556 didit
564 2497 833 2559 t'ructum,
869 2489 1017 2545 aliud
1056 2489 1277 2559 quidem
1322 2487 1713 2558 trigecuplum,
1742 2486 1889 2542 aliud
1915 2490 2429 2565 septuagecuplum,
2463 2490 2612 2545 aliud
2658 2493 2984 2560 centuplum
3013 2493 3081 2547 ⁸³.
3123 2512 3142 2549 ι

458 2586 710 2642 Armenta
740 2580 894 2634 boum
922 2586 971 2631 et
996 2591 1176 2649 greges
1210 2574 1403 2629 ovium.
1433 2572 1536 2647 [4.]
1572 2573 1772 2629 Munda
1825 2576 2027 2632 etenim
2077 2592 2203 2636 esse
2230 2576 2435 2635 debent
2464 2595 2586 2651 quae
2634 2578 2701 2634 ad
2729 2580 2899 2637 altare
2934 2579 3315 2651 adducuntur,
3348 2580 3419 2638 de
3451 2581 3648 2655 quibus

388 2685 768 2755 saepenumero
796 2668 1061 2723 diximus.
1203 2726 1229 2755 ‘

464 2806 665 2865 Horren
688 2815 781 2857 tua
813 2810 861 2857 et
888 2800 1125 2872 reliquias
1155 2809 1278 2856 tua.
1303 2798 1408 2873 [5.]
1433 2802 1648 2857 'Horrea
1669 2810 1831 2858 vocat
1856 2818 1967 2860 non
2000 2792 2046 2856 Β

2138 2813 2207 2866 Al
2230 2813 2538 2885 ἁποθῆκαί
2552 2831 2691 2884 σου,
2723 2815 2822 2872 καὶ
2857 2816 2931 2872 τὰ
2958 2817 3479 2888 ὲγκαταλείμματά
3514 2832 3644 2870 σου.

391 2917 455 2956 ea
481 2900 570 2955 ubi
606 2898 754 2953 tinea
783 2894 951 2959 rodit,
987 2909 1167 2963 neque
1191 2909 1314 2963 qua:
1337 2892 1491 2950 fures
1536 2894 1853 2965 perfodiunt
1895 2898 1966 2965 ⁸³,

2086 2904 2397 2978 Ἀποθήκοις
2440 2908 2629 2978 φησὶν,
2678 2909 2780 2962 οὐκ
2834 2907 2962 2962 ἔνθα
2991 2909 3094 2980 σὴς
3130 2909 3413 2978 ἀφανίζει,
3445 2907 3551 2961 οὐδ’
3586 2905 3648 2968 ἃς

392 3005 584 3045 verum
621 2994 685 3044 ea
717 3002 838 3056 quae
864 2985 1032 3049 nobis
1060 2984 1323 3041 viaticum
1353 2985 1598 3055 praabent
1640 2987 1707 3040 ad
1738 3003 1966 3057 regnum

2073 2996 2305 3051 κλέπται
2331 2998 2725 3071 διορύττουσιν,
2755 3000 2890 3055 ἀλλὰ
2921 3001 3022 3063 τὰς
3044 3001 3375 3069 ἀπαγούσας
3403 3003 3550 3072 ἡμᾶς
3574 2998 3648 3060 εἷς

393 3084 683 3145 calorum.
723 3077 996 3147 Reliquiae
1033 3091 1185 3138 vero,
1232 3074 1416 3130 futura
1446 3082 1502 3131 et
1534 3076 1852 3132 novissima.
1887 3076 1968 3132 Ita

2073 3088 2185 3160 τὴν.
2204 3087 2484 3159 βασιλείαν
2513 3091 2623 3144 τῶν
2653 3091 2899 3163 οὐρανῶν
2916 3108 2932 3121 ⁸
2956 3092 3456 3164 ὲγκαταλείμματα
3485 3092 3559 3156 δὲ,
3584 3088 3649 3143 τὰ

392 3175 541 3231 enim
567 3177 939 3242 exposuerunt
967 3165 1162 3235 reliqui
1191 3167 1244 3221 iu
1276 3166 1381 3221 hoc
1406 3165 1560 3223 dicto
1597 3183 1611 3220 :
1650 3186 1668 3218 ι
1698 3166 1967 3238 Reliquiae

2081 3176 2344 3249 μέλλοντα
2377 3180 2473 3232 καὶ
2524 3181 2593 3234 τὰ
2628 3179 2857 3251 ἔσχατα.
2960 3180 3117 3235 Οὕτω
3164 3181 3273 3252 γὰρ
3306 3182 3573 3246 ἐξέδωκαν
3604 3179 3648 3229 oi

395 3263 693 3335 impiorum
725 3258 1200 3322 exscindentur”,
1226 3275 1248 3310 ει
1274 3257 1418 3328 quod
1450 3258 1661 3329 psalmo
1692 3259 1972 3316 tricesimo

2077 3266 2275 3334 λοιποὶ,
2305 3270 2363 3323 ἐν
2390 3268 2493 3342 τῷ,
2511 3270 2607 3326 «τὰ
2619 3271 3114 3342 ὲγκαταλείμματα
3145 3272 3254 3326 τῶν
3296 3272 3513 3333 ἀσεϐῶν
3538 3269 3646 3333 ἐξο-

395 3367 552 3415 sexto
580 3356 834 3411 habetur.

2083 3358 2557 3431 λοθρευθήσονται,
2603 3381 2621 3415 ι
2666 3365 2722 3417 ὲν
2756 3364 2844 3428 λς’
2866 3362 3067 3437 ψαλμῷ
3093 3363 3414 3437 λεγόμενον.

473 3476 610 3546 Cum
647 3472 935 3547 ingrederis
962 3481 1011 3561 et
1061 3469 1347 3561 egrederis.
1387 3469 1491 3561 [ii].
1526 3470 1679 3526 Cum
1730 3470 1834 3561 hoc
1882 3469 2054 3561 David
2099 3488 2315 3546 quoque
2376 3478 2646 3543 concinit,
2682 3479 2984 3551 inquiens:
3050 3499 3069 3532 ι
3112 3478 3386 3536 Dominus
3416 3478 3652 3539 tuebitur

401 3569 610 3624 exitum
644 3574 795 3618 tuum
826 3567 881 3617 et
915 3559 1204 3615 introitum
1236 3560 1308 3611 9‘.
1345 3579 1363 3611 ι
1400 3559 1630 3628 Oportet
1664 3559 1812 3612 enim
1849 3559 1897 3613 ei
1922 3560 2015 3628 qui
2048 3562 2117 3616 ab
2155 3562 2436 3632 impietate
2474 3564 2700 3632 recedit,
2751 3582 2914 3621 manu
2958 3566 3025 3622 ad
3067 3568 3329 3638 pietatem
3375 3566 3479 3621 iter
3524 3580 3653 3635 pra:-

399 3658 553 3714 berc.
583 3653 757 3709 Porro
788 3659 845 3706 et
871 3648 1034 3705 nobis
1062 3656 1253 3703 contra
1282 3648 1373 3702 Dei
1411 3651 1599 3702 hostes
1630 3650 1686 3702 in
1726 3647 1927 3703 bellum
1969 3655 2054 3703 est
2086 3649 2503 3719 egrediendum.
2531 3652 2635 3706 Per
2675 3654 2963 3708 introitum
3004 3669 3132 3709 vero
3168 3653 3361 3710 licebit
3390 3653 3652 3723 intelligas

402 3748 721 3814 accuratam
754 3736 1089 3823 cognitionis
1119 3735 1450 3823 custodiam.
1487 3734 1592 3823 Per
1617 3736 1824 3791 exitum
1849 3744 2055 3803 autem,
2078 3752 2198 3791 eam
2225 3741 2596 3808 egressionem
2623 3756 2732 3812 qua
2757 3742 2943 3798 omnis
2964 3742 3189 3798 solertia
3219 3743 3573 3814 relinquitur,
3602 3746 3654 3795 ct

403 3844 534 3901 erga
564 3826 811 3883 inﬁrmos
834 3821 887 3877 lit
917 3822 1201 3889 demissio.
1234 3821 1445 3888 Quibus
1472 3822 1797 3893 subiungit:
1830 3840 1847 3874 ι
1894 3821 1961 3876 Ει
1989 3822 2166 3881 tradet
2201 3824 2461 3881 Dominus
2494 3826 2641 3891 Deus
2668 3836 2797 3883 tuus
2826 3828 3084 3883 inimicos
3117 3837 3244 3883 tuos
3291 3830 3391 3900 qui
3446 3829 3652 3884 restite-

404 3926 536 3972 ruut
571 3915 698 3980 tibi,
731 3911 1053 3969 confractos
1085 3910 1141 3965 in
1174 3920 1529 3980 conspectum
1560 3920 1739 3977 tuum,
1783 3930 1802 3965 ι
1832 3910 1989 3982 juxta
2019 3911 2151 3967 illud
2179 3910 2428 3984 Apostoli
2463 3932 2477 3968 ;
2523 3935 2541 3965 ι
2582 3914 2647 3969 Ει
2691 3914 2869 3970 tradet
2902 3914 3166 3972 Dominus
3201 3917 3471 3971 Satanam
3504 3913 3650 3986 pedi-

405 4006 512 4075 bus
540 4002 741 4059 nostris
782 3997 1218 4057 conculcaudum
1244 3998 1430 4053 subito
1457 3998 1524 4050 θ’.
1556 4018 1579 4051 ›
3104 4028 3109 4032 .

478 4126 580 4179 Per
614 4138 779 4183 unum
827 4120 925 4173 iter
961 4117 1316 4188 egredientur,
1372 4106 1426 4172 et.
1455 4128 1649 4186 septem
1702 4117 1981 4171 itineribus
2010 4132 2053 4191 ο

2169 4118 2318 4184 Ὅδῴ
2339 4119 2448 4189 μιᾷ
2491 4121 2877 4186 ἐξελεύσεται
2924 4120 3077 4191 πρὸς
3127 4120 3222 4184 σὲ,
3270 4119 3369 4174 καὶ
3416 4120 3484 4172 ἐν
3514 4114 3651 4170 ἑπτὰ

404 4218 686 4288 diﬂugient
718 4230 745 4268 e
797 4218 1074 4281 conspecto
1133 4217 1244 4265 tuo.
1290 4209 1393 4281 [7.]
1446 4210 1780 4264 Sceleratam
1821 4208 1987 4280 558

2098 4209 2260 4277 ὁδοῖς
2275 4213 2557 4281 φεύξεται
2584 4214 2704 4269 ἀπὸ
2732 4213 3060 4283 προσώπου
3088 4230 3224 4267 σου.
3257 4213 3371 4283 Τὴν
3401 4210 3536 4263 κατὰ
3567 4203 3648 4259 σοῦ

410 4313 558 4365 enim
588 4305 1053 4375 coniurationem,
1085 4304 1480 4373 pactionesque
1503 4310 1701 4357 contra
1738 4309 1791 4357 te
1819 4303 1989 4356 scitas

2096 4304 2385 4377 γινομένην
2413 4306 2593 4359 αὐτῶν
2608 4307 2784 4378 κακὴν
2814 4306 3154 4377 συμφωνίαν,
3174 4305 3269 4357 καὶ
3291 4305 3391 4374 τὴν
3404 4301 3648 4368 διαθήκην

411 4402 704 4472 dissipabit
756 4397 1039 4461 Dominus,
1067 4394 1225 4466 iuxta
1259 4393 1393 4448 illud
1428 4410 1442 4444 :
1484 4410 1503 4445 ι
1550 4393 1764 4465 Dissipa
1799 4401 1989 4464 gentes

2097 4394 2298 4459 αὐτῶν,
2330 4395 2398 4466 ἣν
2426 4397 2568 4450 κατὰ
2595 4398 2690 4451 σοῦ
2738 4399 2796 4451 ὲν
2829 4396 3055 4468 ὁμονοίᾳ
3089 4394 3347 4456 διέθεντο,
3380 4386 3644 4443 διασκεδά-

413 4509 647 4566 quarum
677 4492 897 4549 animus
936 4490 989 4543 in
1024 4488 1182 4544 bellis
1211 4498 1293 4543 est
1323 4487 1389 4541 ⁸³.
1438 4504 1457 4537 ι

2101 4501 2185 4537 σει
2227 4485 2451 4557 Κύριος,
2507 4488 2652 4542 καθά
2696 4488 2859 4560 φησιν
2917 4489 2946 4541 ὁ
2975 4486 3171 4540 Δαδιδ·
3218 4504 3236 4537 ι
3276 4482 3652 4551 Διασκόρπισον

2105 4574 2234 4647 ἔθνη
2260 4577 2330 4631 τὰ
2353 4576 2482 4642 τοὺς
2512 4578 2779 4650 πολέμους
2813 4578 3060 4632 θέλοντα.
3105 4596 3124 4630 ι

498 4711 561 4769 Et
582 4711 637 4763 in
674 4704 1052 4779 promptuariis
1089 4705 1226 4764 tuis,
1247 4712 1294 4757 et
1328 4703 1385 4756 in
1405 4701 1650 4755 omnibus
1678 4700 1746 4753 ad
1770 4717 1887 4771 qua'
1917 4718 2132 4755 manum
2162 4702 2448 4759 admolitus
2469 4705 2667 4775 fueris.
2702 4703 2804 4777 [8,]
2829 4703 2887 4759 Si
2949 4705 3098 4759 enim
3147 4701 3401 4757 mandata
3432 4695 3521 4750 Dei
3566 4703 3652 4759 pro

420 4801 565 4856 virili
588 4794 1091 4855 observaverimus,
1128 4791 1375 4846 felicitati
1409 4789 1886 4845 consecrabantur
1912 4799 2020 4843 tam
2052 4791 2283 4846 occulta:
2314 4792 2679 4863 cogitationes
2712 4809 2875 4863 quam
2911 4791 3216 4847 manifestae
3248 4789 3511 4845 actiones.
3538 4793 3649 4834 cum

423 4905 486 4944 ea
518 4902 639 4957 qua:
669 4884 1075 4946 dimiuuuutur,
1110 4886 1225 4933 tum
1248 4892 1311 4933 ca
1338 4893 1460 4948 qua:
1495 4876 1564 4932 ad
1594 4877 1992 4930 incrementum
2027 4877 2276 4932 tendunt.
2307 4878 2476 4935 David
2503 4882 2701 4936 etenim
2734 4880 2902 4934 dicit:
2936 4897 2955 4931 ι
2992 4879 3065 4932 Ex
3091 4877 3318 4933 secretis
3345 4873 3475 4928 meis
3494 4875 3646 4938 purga

422 4993 510 5031 me
535 4974 602 5028 ".
634 4992 652 5024 ι
689 4971 949 5026 Servatur
974 4968 1104 5022 item
1145 4985 1159 5021 :
1201 4984 1221 5018 ι
1247 4964 1408 5021 Citra
1451 4979 1536 5018 me
1564 4964 1775 5019 elIicere
1814 4965 1947 5018 nihil
1978 4966 2207 5035 poteStis
2239 4967 2308 5020 ⁸⁸.
2340 4987 2359 5019 ι

499 5059 765 5116 Επεεαὸίι
801 5067 846 5111 te
876 5056 979 5110 sibi
1005 5053 1263 5109 Dominus
1296 5052 1548 5122 populum
1605 5063 1870 5116 sanctum,
1905 5053 2345 5123 quemadmodum
2389 5053 2593 5125 iuravit
2637 5052 2877 5122 patribus
2925 5051 3051 5105 tuis.
3114 5047 3218 5121 [9.]
3248 5048 3491 5117 Ipsorum
3519 5036 3647 5091 enim

431 5149 657 5220 adoptio
688 5154 794 5211 est,
826 5152 881 5199 et
913 5148 1326 5202 testamentum,
1360 5150 1412 5194 et
1449 5139 1656 5205 cultus,
1687 5155 1751 5193 ex
1787 5141 1990 5209 quibus
2030 5140 2286 5220 Christus
2322 5144 2621 5199 seetmdum
2669 5154 2891 5198 carnem
2942 5147 3104 5193 natus
3142 5146 3250 5191 est.
3282 5133 3416 5204 Ipsis
3453 5133 3651 5197 (ιιιοιιυθ

430 5241 608 5310 primo
632 5235 724 5290 Dei
751 5233 979 5288 verbum
1020 5228 1452 5286 renuntiandum
1503 5238 1642 5280 erat.
1704 5224 1771 5303 ld_
1800 5230 1977 5296 ipsum
2028 5215 2158 5286 vero
2200 5246 2324 5284 cum
2377 5237 2723 5299 respuerent,
2771 5227 3006 5283 felicitas
3042 5225 3225 5279 omnis
3275 5220 3341 5275 ad
3373 5213 3651 5288 gentesest

430 5302 722 5385 translata,
752 5330 809 5374 ut
834 5318 1036 5375 Christi
1072 5316 1253 5370 verbis
1289 5322 1437 5383 patet
1471 5330 1484 5366 :
1524 5332 1541 5363 ι
1577 5302 1817 5368 Profecti
1847 5313 2045 5371 docete
2075 5332 2267 5372 omnes
2292 5327 2485 5386 gentes
2512 5317 2578 5369 ⁸⁸.
2621 5334 2639 5366 ι
2676 5314 3069 5385 Apostolorum
3104 5311 3257 5373 item,
3304 5306 3394 5377 qui
3436 5302 3646 5355 dicunt:

435 5429 453 5463 ι
488 5413 567 5467 Ad
604 5417 794 5479 gentes
819 5405 1190 5461 convertimur
1207 5401 1275 5453 ".
1307 5420 1323 5450 ι
1352 5400 1500 5465 Quas
1536 5411 1589 5455 ct
1616 5413 1828 5469 gentem
1855 5411 2124 5463 sanctam,
2152 5377 2333 5471 regale
2352 5377 2749 5465 sacerdotium,
2786 5400 3045 5470 populum
3069 5396 3399 5467 acquisitum
3425 5388 3569 5441 vocal
3589 5377 3646 5425 "-

434 5499 565 5556 I‘ost
590 5497 834 5553 reditum
867 5508 1000 5548 vero
1030 5494 1173 5546 idem
1215 5497 1603 5544 testamentum
1650 5505 1773 5545 cum
1818 5490 2042 5544 Domino
2077 5491 2322 5546 condere
2370 5488 2873 5559 subseriptionibus
2905 5502 2969 5542 ac
3013 5486 3187 5557 signis
3215 5480 3452 5537 omnium
3483 5480 3646 5524 sacer-

477 5681 685 5736 “Deut.
712 5678 998 5747 xxvuﬂG.
1074 5674 1123 5747 ‘77
1155 5674 1261 5729 lsa.
1292 5671 1556 5747 xxvt._i7,
1594 5670 1699 5747 l8_._
1730 5670 1807 5747 ξι
1829 5667 2020 5747 ᾉΙιιιιΙι.
2056 5646 2183 5747 alii,
2212 5670 2330 5747 5-8.
2365 5739 2395 5747 _
2435 5669 2480 5747 δέ
2507 5667 2697 5722 Matth.
2740 5682 2814 5747 vi,
2869 5664 2960 5747 22.
2989 5733 3003 5747 Ι
3065 5664 3111 5697 ⁸⁸
3142 5664 3308 5747 Psal-~
3329 5639 3645 5747 λκξγιὺηῇξ

438 5758 480 5795 οι
514 5713 1059 5812 δικλίιῖόψ⁹³
1097 5713 1261 5797 “diu:
1597 5713 1700 5771 w'.’
2277 5713 2330 5772 ἶί
2360 5713 2697 5804 Ρειιὶίῖιίιίἶ,
2873 5713 3254 5798 *δ’-Ιοιιιιίιίν,
3284 5735 3335 5787 5.
3404 5724 3446 5756 ⁹⁴
3475 5713 3644 5772 Mam"

436 5811 636 5887 ,ης-ιη,
664 5822 755 5878 19.
830 5817 872 5846 ⁸⁷
906 5815 1028 5867 Act.
1059 5830 1179 5879 xut,
1211 5813 1302 5868 46.
1414 5812 1459 5844 ³⁸
1495 5812 1510 5865 l
1542 5811 1686 5866 l'ctr.
1716 5828 1775 5876 ιι,
1804 5811 1858 5863 9.
