4010 6230
431 370 544 439 με,
1338 360 1875 427 COMMENTARII
1915 364 1996 422 IN
2040 360 2734 423 DEUTERONOMIUM.
3579 348 3691 426 at:

432 481 644 543 dolum,
678 477 1012 543 Levitarum,
1048 481 1099 532 el
1137 473 1452 546 principum
1488 474 1541 527 in
1567 472 1813 528 secundo
1842 471 1983 526 libro
2008 473 2179 540 cupit.
2201 470 2551 538 Quapropter
2592 469 2898 523 etiamnum
2934 465 3053 522 toto
3082 472 3303 536 pectore
3332 468 3439 538 logi
3471 469 3685 523 ittt‘ttm-

430 570 568 622 bunt
599 576 745 622 metu
774 564 1233 635 transgressionis
1261 562 1462 618 adacti.
1489 561 1631 615 Nam
1661 561 1919 631 ignorant
1970 558 2123 629 quod
2155 557 2413 612 Christus
2458 566 2555 625 pro
2604 555 2766 610 nobis
2797 558 3232 610 exsecrationem
3264 557 3485 622 subivit,
3523 572 3589 612 ac
3623 562 3690 612 ah

428 655 808 713 exsecratione
833 653 967 723 legis
1001 668 1105 708 nos
1137 651 1416 706 liberavit.
1455 648 1755 719 Postquam
1788 649 1959 719 igitur
1995 647 2111 716 ipse
2139 660 2244 701 nos
2279 644 2460 698 omnis
2514 644 2732 713 generis
2782 644 3044 698 felicitate
3085 645 3359 714 spirituali
3393 645 3606 709 ditavit,
3640 655 3693 699 et

428 744 498 797 ab
531 741 914 798 exsecratione
943 739 1229 806 liberavit,
1257 738 1324 794 de
1359 736 1845 794 benedictionibus
1866 733 2094 806 quidem
2140 731 2315 786 illud:
2355 750 2374 783 ι
2412 730 2556 798 Fiat,
2590 730 2706 796 ﬁat,
2743 749 2761 783 ι
2789 729 3012 786 dicitur.
3077 732 3151 786 De
3206 733 3693 790 maledictionibus

427 845 558 885 vero
589 842 961 899 nequaquam.
1000 825 1125 882 Non
1153 826 1301 881 enim
1328 824 1510 881 factus
1547 833 1635 881 est
1666 825 1856 888 etiam,
1912 836 2045 885 non,
2082 818 2550 890 quemadmodum
2601 819 2667 873 ad
2718 820 3034 875 Corinthios
3089 821 3296 875 dictum
3336 838 3351 875 :
3402 840 3420 872 ι
3466 822 3690 888 Verum,

427 920 593 973 etiam
641 917 699 970 in
748 931 816 972 eo
862 913 1013 981 fuit;
1052 928 1247 971 omnes
1283 913 1431 970 enim
1469 912 1566 969 Dei
1604 911 2001 984 promissiones
2053 909 2110 963 in
2151 908 2272 980 ipso
2333 908 2501 962 etiam
2560 918 2692 963 sunt
2733 926 2746 962 :
2786 923 2955 978 quare
3005 918 3230 979 propter
3262 909 3445 979 ipsum
3476 922 3695 982 quoque

428 1008 603 1062 Amen
645 1007 713 1061 ⁸⁸.
757 1023 777 1058 ι

507 1098 761 1163 Ἀνοιεαι
790 1113 892 1153 σοι
927 1098 1147 1167 Κύριος
1180 1097 1291 1153 τὸν
1325 1064 1635 1165 θησαυρῶ
1682 1093 1870 1150 αὐτοῦ
1902 1092 1999 1147 τὸν

2184 1091 2400 1159 Aperiat
2419 1080 2512 1145 (ibi
2525 1089 2781 1145 Dominis
2794 1090 3097 1145 thesaurum
3119 1103 3272 1144 suum
3289 1092 3694 1155 bonummempe

423 1180 671 1260 ἀγαθὸν,
702 1189 811 1244 τὸν
864 1190 1145 1259 οὐρανὸν,
1202 1188 1415 1245 δοῦναι
1451 1187 1558 1242 τὸν
1585 1188 1766 1244 ὑετὸν
1816 1184 1892 1256 τῇ
1929 1185 1999 1255 r1]

2122 1184 2320 1250 mlum,
2337 1194 2393 1237 ut
2415 1183 2501 1237 det
2519 1183 2753 1254 pluviam
2771 1191 3062 1236 terrwtuw.
3085 1179 3467 1253 [XXVIII,12.]
3489 1179 3694 1250 Ecquis

423 1296 562 1337 σου.
601 1279 711 1334 Καὶ
738 1278 821 1343 τίς
844 1278 993 1333 ἐστιν
1027 1275 1185 1343 οὗτος
1228 1278 1281 1351 [ὁ
1312 1278 1521 1347 ἀγαθὸς
1553 1277 1827 1349 θησαυρός
1855 1277 1899 1350 ;]
1932 1273 1999 1331 Ἦ

2122 1291 2240 1332 vero
2273 1276 2568 1332 thesaurus
2600 1275 2690 1329 ille
2740 1274 2922 1329 bonus
2973 1274 3101 1328 est?
3128 1271 3400 1328 Nimirum
3445 1274 3501 1329 is,
3544 1272 3690 1343 apud

426 1365 619 1443 παρίἶ)
651 1371 792 1425 εἰσιν
836 1372 886 1425 0i
931 1370 1194 1443 θησαυροὶ
1229 1371 1330 1442 τῆς
1365 1370 1562 1441 σοφίας
1595 1371 1692 1446 καὶ
1733 1371 1836 1440 τῆς
1864 1369 1999 1439 γνώ-

2122 1381 2272 1437 quem
2316 1380 2510 1421 omnes
2565 1363 2811 1419 thesauri
2874 1360 3121 1418 scicntia
3177 1369 3306 1416 sunt
3341 1360 3611 1416 reconditi
3647 1360 3688 1412 '.

426 1480 566 1527 σεως
595 1463 928 1533 ἀπόκρυφοι.
962 1462 1137 1527 Αὐτὸς
1165 1461 1275 1535 γὰρ
1299 1461 1396 1517 καὶ
1425 1464 1546 1527 ταῖς
1578 1462 1834 1532 νεφέλαις
1855 1463 1999 1516 ἐντε-

2122 1458 2229 1528 lpse
2255 1458 2456 1513 etenim
2489 1456 2772 1528 prophetis
2798 1468 3019 1525 quoque
3041 1451 3158 1507 suis
3188 1451 3429 1506 nubibus
3463 1449 3692 1503 manda—

426 1556 617 1621 λεῖται,
667 1556 834 1626 ἤγουν
882 1556 997 1619 τοῖς
1038 1556 1350 1627 προφήταις
1378 1555 1565 1608 δοῦναι
1609 1555 1703 1609 τὸν
1736 1555 1890 1608 ὑετὸν
1918 1554 2010 1609 τὸν

424 1648 696 1719 οὐράνιον.
732 1664 752 1699 ι
784 1645 957 1709 Αὐτὸς
984 1645 1096 1717 γὰρ
1123 1645 1285 1699 δώσει
1315 1645 1683 1717 χρηστότητα.
1725 1646 1836 1699 Καὶ
1868 1644 1902 1714 ἡ
1932 1643 2005 1714 γῆ

424 1738 580 1810 ἡμῶν
610 1736 774 1791 δώσει
823 1736 914 1790 τὸν
960 1735 1178 1807 καρπὸν
1232 1735 1424 1806 αὐτῆς.
1454 1753 1474 1786 ι
1529 1735 1739 1798 Δανιεῖς
1791 1733 2010 1797 πολλοῖς

424 1829 606 1883 ἔθνεσι
631 1828 693 1883 τὸ
714 1826 1180 1903 δεδοκιμασμένον
1215 1826 1500 1899 ἀργύριον,
1528 1827 1595 1880 σὺ
1624 1825 1681 1879 δὲ
1718 1825 1781 1878 οὐ
1823 1825 2000 1898 Sami].

424 1920 501 1975 Οὐ
533 1919 641 1989 γὰρ
666 1921 794 1990 παρ’
824 1920 1012 1983 αὐτοῖς
1039 1919 1329 1991 ἐπιστήμη
1353 1919 1451 1974 καὶ
1481 1917 1730 1980 σύνεσις.

440 2062 445 2067 .
495 2013 605 2067 Kal
629 2012 832 2083 ἄρξεις
857 2012 940 2067 σὺ
958 2002 1449 2070 ἐθνῶν-’πολλῶκ
1483 2012 1711 2084 Εἴρηται
1743 2012 1847 2082 μὲν
1870 2010 2005 2080 πρὸς

420 2105 549 2169 τοὺς
572 2106 725 2169 υἱοὺς
782 2105 1035 2177 Ἰσραὴλ,
1076 2105 1341 2176 ἁρμόττει
1387 2105 1444 2159 δὲ
1475 2104 1684 2174 κυρίως
1722 2106 1836 2167 τοῖς
1865 2105 2006 2172 Χρι-

424 2198 549 2252 στοῦ
585 2197 858 2269 μαθηταῖς
881 2214 894 2229 ·
944 2199 1021 2261 ὡς
1068 2198 1149 2271 (1)
1179 2198 1366 2267 λέγειν
1407 2197 1627 2264 αὐτοὺς,
1668 2215 1688 2248 ι
1716 2196 1813 2251 Διὰ
1845 2195 2005 2249 τοῦτο

422 2287 658 2355 ὑπέταξε
710 2289 876 2354 λαοὺς
927 2291 1099 2362 ἡμῖν,
1157 2289 1255 2345 καὶ
1301 2288 1430 2360 ἔθνη
1491 2287 1598 2343 ὑπὸ
1652 2289 1780 2352 τοὺς
1836 2287 2005 2352 πόδας

421 2379 601 2453 ἡμῶν·
646 2392 671 2435 δ

2110 1552 2214 1618 hit,
2246 1559 2307 1605 ut
2336 1550 2578 1621 pluviam
2617 1549 2750 1604 dent
2801 1548 3105 1602 caelestem.
3153 1560 3172 1597 ι
3215 1543 3337 1616 ipse
3367 1542 3512 1599 enim
3541 1542 3694 1596 dabit

2109 1645 2435 1708 bonitatem,
2471 1653 2524 1699 et
2547 1648 2693 1698 terra
2716 1648 2905 1695 nostra
2930 1638 3118 1696 reddet
3146 1637 3386 1694 fructum
3415 1652 3576 1691 suum
3610 1638 3687 1687 ³.»

2107 1735 2404 1791 Probatum
2431 1735 2630 1790 divina:
2662 1731 2999 1804 cognitionis
3024 1734 3308 1802 argentum
3340 1744 3354 1780 :
3387 1747 3406 1779 ‹
3446 1725 3527 1780 Tu
3558 1736 3693 1779 vero

2109 1829 2244 1885 nihil
2276 1835 2468 1883 mutuo
2520 1826 2781 1897 accipies.
2843 1842 2861 1878 ι
2895 1824 3053 1896 Apud
3082 1839 3175 1880 eos
3220 1823 3365 1879 enim
3417 1821 3569 1876 nulla
3609 1822 3692 1875 est

2110 1920 2341 1978 scientia
2380 1935 2481 1975 nec
2520 1917 2907 1989 intelligentia.

2179 2012 2467 2082 Imperabit
2492 2010 2731 2082 gentibus
2762 2010 2963 2064 multis.
3012 2007 3240 2079 Proprie
3274 2005 3477 2063 Christi
3516 2003 3692 2062 disci-

2109 2108 2253 2177 pulis
2291 2105 2545 2177 quadrat.
2581 2104 2734 2175 Ipsos
2791 2102 2936 2184 cnim
2988 2101 3158 2156 totius
3213 2110 3371 2155 terra:
3407 2096 3690 2168 principes

2106 2199 2393 2257 constituit
2436 2214 2449 2251 :
2482 2197 2586 2264 Qui
2628 2212 2762 2253 sane
2801 2194 3098 2265 inquiunt:
3142 2213 3161 2246 ι
3188 2191 3488 2263 Sttbjecisti
3514 2202 3693 2262 popu-i

2106 2293 2193 2351 los
2221 2298 2277 2350 et
2305 2290 2558 2348 nationes
2580 2288 2816 2363 pedibus
2840 2287 3053 2344 nostris
3079 2286 3121 2340 ³.
3159 2305 3180 2337 ι

491 2480 659 2537 Ponet
696 2479 745 2538 te
787 2470 1042 2539 Dominus
1068 2476 1212 2539 Deus
1242 2494 1364 2539 tuus
1398 2468 1454 2538 in
1487 2492 1671 2554 caput,
1699 2483 1878 2538 nonin
1904 2465 2151 2537 caudam.
2180 2478 2320 2552 [15.]
2349 2478 2549 2533 Verum
2576 2490 2682 2529 non
2715 2488 2907 2528 omnes
2940 2471 3043 2526 hac
3073 2469 3255 2525 fausta
3289 2460 3682 2537 imprecatione

423 2569 569 2640 digni
596 2570 949 2626 exstiterunt.
973 2570 1379 2627 Tantummodo
1409 2573 1630 2644 quidem
1661 2570 1807 2626 beati
1829 2568 2104 2638 discipuli,
2129 2583 2229 2622 nos
2251 2568 2380 2622 item
2406 2567 2451 2619 si
2480 2567 2629 2635 ipsos
2655 2569 3060 2626 consectantur,
3092 2574 3232 2630 quos
3257 2565 3379 2627 post
3409 2555 3688 2644 Christum

419 2657 616 2729 capitis
656 2657 780 2714 loco
810 2657 1097 2716 habemus.
1128 2658 1237 2715 Eos
1275 2674 1407 2715 vero
1425 2640 1533 2731 qui
1566 2674 1674 2714 non
1709 2658 2085 2721 crediderunt,
2121 2656 2443 2711 in-caudam
2468 2653 2671 2724 posuit.
2705 2653 2747 2706 A
2791 2662 2944 2720 tergo
2975 2649 3121 2705 enim
3154 2662 3248 2704 eos
3285 2644 3596 2726 collocavit,
3632 2640 3693 2698 ut

421 2743 589 2800 David
618 2745 793 2816 inquit
812 2745 855 2808 ",
872 2745 1138 2817 inopiam,
1176 2745 1400 2813 famem,
1426 2750 1627 2803 tabem.

491 2836 663 2892 Τοῦτο
693 2838 788 2893 νῦν
820 2840 1117 2911 ἐξαιρέτως
1157 2840 1235 2913 (‘2)
1260 2842 1498 2897 νοσοῦσι.
1541 2862 1561 2895 ι
1588 2837 1999 2915 Περιδραμοῢν-

2175 2826 2255 2895 E0
2285 2854 2415 2894 vero
2463 2837 2684 2908 gravior
2731 2836 2983 2907 ipsorum
3015 2834 3242 2890 morbus
3276 2838 3384 2898 est,
3420 2828 3593 2901 quod,
3627 2826 3689 2883 ut

421 2930 510 2983 ται
533 2927 663 3001 γὰρ.
695 2931 852 3001 φησὶ,
879 2930 1172 3003 ζητοῦντες
1203 2932 1294 2986 τὸν
1322 2926 1482 3001 λόγον
1510 2920 1605 2987 τοῦ
1625 2919 1786 2997 Θεοῦ,
1817 2933 1914 2987 καὶ
1938 2922 1999 2985 οὗ

2129 2932 2307 3003 n'quit,
2344 2948 2364 2984 ‹
2390 2929 2864 2994 Circumcursa‘nt,
2893 2943 2958 2982 ac
3006 2915 3271 2997 indagant
3298 2925 3521 2980 verbum
3568 2921 3689 2989 Dei,

425 3021 501 3091 μὴ
524 3019 779 3092 εὕρωσιν.
806 3041 827 3074 ι
875 3023 951 3076 Οὐ
985 3023 1093 3095 γὰρ
1135 3023 1294 3095 λιμὸν
1324 3027 1491 3096 ἄρτου
1534 3026 1718 3089 αὐτοῖς
1764 3025 1999 3092 ἀπειλεῖ,

2122 3037 2209 3078 τωο
2243 3022 2373 3077 illud
2401 3021 2687 3076 inveniunt
2717 3020 2760 3076 ³.
2789 3039 2806 3070 ι
2844 3017 2962 3074 Non
2995 3019 3140 3073 enim
3171 3015 3369 3072 famem
3401 3015 3556 3087 panis
3581 3015 3691 3070 illis

423 3113 474 3165 si
506 3112 601 3167 καὶ
621 3113 781 3166 τοῦτο
815 3101 1014 3185 ουνέϐή
1064 3104 1196 3169 ποτὲ
1219 3155 1235 3181 ,
1284 3115 1406 3169 οὐδὲ
1435 3111 1836 3185 δίψανῢδατος,
1865 3115 1999 3170 ἀλλὰ

2122 3113 2686 3182 ninitatur,qua‘mvis
2706 3123 2760 3168 et
2789 3102 2892 3167 hoc
2919 3126 3028 3166 non
3060 3110 3339 3166 caruerint
3359 3107 3685 3178 aliquando,

421 3203 581 3274 λιμὸν
607 3204 703 3259 τοῦ
733 3205 966 3260 ἀκοῦσαι
993 3206 1154 3275 λόγον
1185 3207 1413 3278 Κυρίου.
1452 3208 1600 3263 Ἀντὶ
1628 3208 1685 3263 δὲ
1708 3206 1825 3274 τοῦ,
1857 3208 1999 3261 ἐκλι-

2122 3224 2210 3263 aec
2244 3206 2394 3262 sitim
2415 3212 2591 3277 aquae,
2613 3221 2802 3260 verum
2834 3205 2986 3259 verbi
3018 3203 3112 3259 Dei
3135 3201 3390 3258 audiendi
3422 3202 3621 3254 famem
3644 3199 3686 3252 ‘.

428 3296 575 3365 μίαν,
610 3299 639 3351 ὁ
669 3297 985 3369 Σύμμαχος,
1018 3300 1353 3372 ἁχορτασὶαν
1373 3299 1626 3365 ἐξέδωκε.
1665 3318 1685 3352 ‹
1713 3298 1999 3354 Malacini.

2122 3296 2210 3350 φιλο
2245 3296 2342 3351 ἱΙΙο
2363 3302 2497 3351 vero
2528 3296 2820 3362 vocabulo,
2852 3294 3071 3365 fantem,
3113 3292 3499 3368 Symmachus,
3537 3292 3688 3344 insa-

425 3383 532 3458 γὰρ
565 3388 719 3455 κενὰ,
758 3388 988 3460 μηδενὸς
1017 3387 1385 3485 ἀπολαύοντες
1416 3388 1524 3444 τῶν
1554 3388 1888 3460 λεγομένων.
1931 3409 1951 3441 ι

2113 3382 2476 3454 tiabt‘litatem,
2509 3389 2761 3458 exposuit
2794 3403 2808 3440 :
2850 3405 2869 3438 ι
2914 3384 3106 3442 Studia
3141 3384 3288 3440 enim
3328 3398 3521 3438 eorum
3549 3390 3691 3435 vana

2115 3490 2265 3547 sunt,
2305 3495 2431 3535 nam
2466 3480 2600 3535 nihil
2624 3495 2812 3535 eorum
2847 3494 2970 3550 quae
2999 3478 3281 3539 dicuntur,
3307 3475 3635 3547 percipiunt.
3661 3492 3682 3524 ι

495 3575 873 3633 Conﬁciuntur
902 3577 1047 3633 enim
1095 3591 1287 3634 omnes
1342 3583 1613 3649 quotquot
1663 3592 1694 3633 a
1726 3576 2076 3635 damonibus
2128 3575 2480 3633 infestantur.
2517 3573 2792 3642 Quocirca
2825 3574 2992 3631 infert
3026 3589 3041 3627 :
3101 3571 3238 3628 Edet
3274 3573 3327 3627 in
3360 3579 3413 3627 te
3446 3579 3683 3641 stragem

424 3661 709 3718 Dominus.

507 3756 842 3827 Ἐπισκοπὴν
885 3757 1127 3812 ἐναντίον
1180 3757 1289 3811 τῶν
1343 3753 1559 3828 ἐχθρῶν
1598 3774 1715 3819 σου,
1746 3756 1995 3810 τουτέστι

421 3845 758 3917 θραυόμενον
791 3846 887 3900 καὶ
922 3848 1361 3917 προσκόπτοντα,
1399 3846 1496 3922 [ὡς
1519 3847 1788 3914 ἐξέδωκαν
1815 3846 1997 3903 οξλοιιέ

2171 3754 2369 3809 Coram
2401 3753 2657 3809 omnibus
2681 3740 2921 3810 inimicis
2952 3751 3063 3807 tuis
3085 3792 3101 3818 ,
3127 3750 3233 3806 hoc
3279 3757 3384 3811 est,
3415 3755 3475 3802 ut
3497 3744 3681 3802 cteteri

2117 3852 2513 3917 exposuerunt,
2540 3846 2788 3902 saucium
2815 3857 2870 3902 et
2906 3845 3249 3902 vnlneratum
3299 3853 3351 3899 te
3368 3842 3546 3898 tradit
3577 3841 3679 3897 eis.-

420 3932 562 4005 ποί.]

490 4017 558 4077 Et
585 4027 691 4080 eris
724 4025 951 4094 pulpam
987 4028 1043 4081 in
1072 4027 1311 4083 meridie.
1349 4027 1489 4101 [29.]
1523 4026 1680 4084 Nunc
1714 4030 2010 4085 enimcum
2041 4036 2234 4101 gentes
2262 4029 2316 4083 in
2358 4030 2534 4085 media
2568 4030 2692 4085 luce
2718 4028 2936 4085 tetatem
2968 4028 3191 4099 degant,
3214 4028 3394 4084 ‘lsrael
3425 4036 3683 4084 versatur

419 4111 475 4165 in
505 4114 767 4175 tenebris,
802 4125 859 4169 et
889 4121 1155 4186 tanquam
1187 4117 1315 4171 caeci
1350 4132 1572 4171 murum
1602 4118 1847 4188 palpant,
1883 4117 2057 4187 legem
2080 4119 2220 4188 ipsis
2252 4119 2532 4184 traditam,
2562 4119 2718 4189 juxta
2739 4118 2937 4175 Isaiam
2963 4120 2983 4152 "
3012 4137 3025 4174 :
3060 4133 3126 4174 eo
3154 4118 3302 4189 quod
3325 4119 3465 4175 lucis
3495 4119 3679 4174 radios

418 4200 982 4271 Christicognitionis
1012 4204 1226 4259 nollent
1266 4205 1582 4269 admittere,
1610 4215 1666 4261 et
1700 4220 1823 4260 cum
1846 4207 2051 4261 Davide
2080 4207 2275 4263 dicere
2310 4226 2319 4258 :
2366 4226 2384 4259 ι
2432 4208 2631 4262 Revela
2668 4208 2801 4262 mihi
2828 4209 3023 4262 oculos
3055 4216 3198 4274 tuos,
3233 4208 3681 4263 etconsiderabo

416 4288 690 4344 mirabilia
723 4290 792 4346 de
820 4292 937 4363 lege
980 4300 1077 4348 tua
1107 4292 1152 4349 ⁸.
1190 4311 1210 4345 ι
1244 4291 1596 4363 Quapropter
1624 4294 1795 4349 infert
1829 4312 1900 4348 ελ(
1946 4294 2170 4351 Advena
2202 4296 2296 4365 qui
2335 4295 2479 4365 apud
2518 4306 2570 4349 te
2602 4303 2687 4351 est
2728 4309 2895 4365 supra
2942 4304 2996 4352 te
3027 4295 3293 4351 ascendet
3327 4294 3578 4362 subinde,
3619 4308 3676 4350 tu

416 4392 548 4431 vero
568 4377 806 4434 subinde
835 4379 1165 4439 descendes.
1204 4398 1222 4431 ι
1249 4381 1318 4435 de
1344 4381 1601 4450 gentibus
1629 4383 1881 4451 loquens.
3035 4379 3038 4382 ’

485 4465 652 4537 459
679 4470 747 4521 Et
795 4468 1027 4538 imponet
1072 4469 1168 4523 tibi
1194 4485 1424 4524 heroum
1481 4468 1734 4539 ferreum.
1771 4469 1913 4544 [48.]
1944 4468 2018 4527 De
2049 4475 2206 4542 gravi
2243 4475 2515 4531 servitute
2563 4474 2829 4548 loquitur.
2858 4477 2934 4531 Ac
2979 4475 3212 4546 proinde
3244 4475 3453 4530 ferreos
3482 4476 3677 4530 maluit

414 4568 618 4622 ponere
638 4569 803 4624 quam
833 4556 1062 4627 ligneos.
1101 4557 1300 4612 Beatus
1322 4572 1546 4629 quoque
1576 4557 1860 4613 Jercmias
1916 4559 1988 4614 ob
2022 4563 2071 4614 id
2112 4562 2397 4631 imponere
2431 4564 2539 4619 sibi
2577 4563 2849 4634 praecipit,
2878 4571 2938 4619 ut
2999 4565 3334 4634 captivitatis
3363 4566 3674 4620 molestiam

415 4640 524 4696 illis
559 4641 856 4710 signiticet.
896 4642 972 4700 De
999 4659 1108 4715 qua
1140 4660 1290 4701 nunc
1322 4646 1681 4708 vaticinatur.
1713 4654 1768 4701 et
1797 4647 2018 4716 inquit:
2057 4666 2075 4699 ι
2099 4649 2347 4706 Adducet
2379 4666 2547 4721 super
2578 4660 2631 4707 te
2665 4662 2885 4722 gentem
2917 4667 2948 4708 e
2979 4649 3285 4724 longinquo
3320 4654 3364 4707 ’.
3406 4671 3424 4704 ι
3462 4651 3680 4720 Quibus

413 4728 597 4783 verbis
620 4725 888 4785 Jeremias
939 4740 996 4786 et
1048 4732 1331 4802 prophetae
1383 4733 1476 4788 alii
1532 4733 1792 4804 Assyrios
1842 4735 2284 4807 Babyloniosque
2332 4738 2652 4794 innuerunt.
2681 4739 2929 4806 Quorum
2983 4741 3224 4796 hostium
3285 4741 3675 4811 pernicitatem

413 4824 578 4885 atque
602 4816 747 4872 vires
770 4817 958 4873 volatu
983 4821 1185 4890 aquilae
1209 4819 1562 4876 adumbravit
1584 4821 1818 4892 Moyses.
1844 4822 2249 4891 impudentiam
2279 4842 2409 4880 vero
2448 4824 2586 4881 facie
2609 4843 2733 4896 quae
2758 4827 2894 4882 nulli
2919 4829 3064 4882 aetati
3097 4837 3310 4898 parcat.
3330 4828 3669 4894 Quinetiam,

416 4921 436 4953 ι
478 4903 789 4975 Devorabit,
821 4907 1023 4978 inquit,
1059 4908 1206 4965 fetus
1237 4909 1379 4964 uteri
1408 4910 1509 4965 tui.
1545 4927 1564 4962 ι
1596 4910 1754 4975 Quod
1788 4911 1842 4965 in
1872 4910 2110 4968 Threnis
2149 4911 2421 4971 Jcrctnias
2469 4915 2841 4982 lamentatur,
2873 4928 2928 4973 et
2963 4932 2993 4971 a
3014 4916 3279 4972 Romanis
3310 4915 3514 4972 factum
3545 4932 3671 4972 esse

408 4990 683 5063 Just-phus
709 4998 1033 5052 narratione
1066 5012 1165 5054 sua
1214 4998 1483 5068 prodidit.

483 5079 664 5135 Mollis
693 5083 747 5135 in
769 5090 878 5138 teet
915 5083 1197 5139 delicatus.
1231 5084 1375 5158 [54.]
1400 5085 1504 5153 Qui
1526 5087 1739 5144 deliciis
1763 5098 1846 5143 est
1870 5096 2142 5154 assuetus,
2187 5090 2384 5161 inquit,
2416 5092 2484 5147 ad
2518 5094 2700 5148 cibum
2731 5094 2800 5148 ab
2834 5098 2984 5150 omni
3021 5095 3362 5149 humanitate
3432 5093 3669 5147 alienum

411 5168 629 5222 redibit.
684 5170 796 5226 Nec
866 5174 1085 5228 animus
1151 5174 1454 5244 quidquam
1488 5173 1557 5230 de
1599 5175 1704 5229 hoc
1746 5176 1958 5231 intimis
1991 5178 2109 5232 suis
2152 5178 2447 5251 decerpere
2483 5183 2791 5253 permittet.
2841 5184 2944 5251 Qui
2973 5182 3457 5240 enimliberorum
3498 5196 3668 5234 unum

340 5316 345 5322 ,
414 5258 760 5326 mactaverit,
785 5275 892 5315 non
917 5259 1098 5328 fratri,
1132 5275 1242 5316 non
1277 5262 1461 5325 uxori,
1493 5277 1602 5317 non
1647 5263 1835 5318 liberis
1872 5264 1999 5319 aliis
2031 5265 2332 5336 impertiat.
2490 5252 2499 5253 ί
3682 5252 3685 5253 ν

477 5411 524 5444 ’θ
563 5410 761 5491 ῌρυτε
800 5428 836 5491 1,,
873 5413 959 5477 19,
992 5413 1082 5470 20.
1154 5414 1521 5491 ξ-(Σοιρεεηιι,
1560 5418 1613 5472 5.
1690 5419 1711 5449 ³
1745 5416 1887 5491 Psal.
1930 5433 1995 5491 nx

2122 5420 2270 5483 513.
2347 5422 2369 5454 ³
2403 5421 2546 5478 Psal.
2592 5439 2737 5487 xtvt,
2769 5424 2819 5478 5.
2900 5423 2921 5456 ⁸
2954 5423 3098 5479 Psal.
3137 5437 3227 5491 xx,
3266 5424 3351 5481 15.
3425 5423 3449 5458 ⁸
3479 5422 3674 5481 Matth.

407 5495 532 5549 xm,
567 5484 664 5539 20.
730 5484 761 5535 ,⁸
800 5483 970 5539 Amos
999 5500 1114 5551 vm,
1148 5486 1235 5549 11,
1273 5487 1359 5541 12.
1435 5487 1453 5518 ’⁵
1483 5490 1588 5542 lsa.
1627 5504 1740 5554 ιιι,
1778 5490 1863 5543 ll).
1940 5490 1962 5521 ⁸
1997 5492 1999 5543 ζ

2131 5507 2361 5557 .cxvitt,
2394 5493 2481 5547 18.
2558 5497 2577 5527 θ
2607 5483 2806 5550 Jerem.
2848 5512 2898 5562 v,
2944 5497 3031 5550 15.

1914 5583 2148 5644 NOTAE.

581 5674 927 5758 ‘AO‘CODQ‘fip
957 5677 1293 5758 κατέστηςξν
1347 5679 1611 5758 ἄρχοντας
1657 5681 1748 5734 ἐπὶ
1800 5680 1979 5733 πᾶσαν

2138 5684 2260 5754 γῆν.
2284 5683 2346 5739 Οἱ
2380 5686 2471 5739 καί
2507 5702 2696 5754 φχπιν.
2733 5682 2990 5753 ὑπέταξε,
3027 5703 3106 5739 κτ.
3152 5684 3212 5742 Ὅ
3241 5686 3363 5741 αὐτ.
3392 5688 3525 5744 mini.

478 5745 962 5816 (Ξμιαφερόντως.
993 5747 1053 5800 ὐ
1085 5745 1191 5817 τῆς
1217 5749 1351 5816 Aur.
1379 5745 1509 5805 eos.

1664 5966 1694 5995 ο
