4010 6230
380 317 487 385 917
1720 336 1967 400 PROCOI

2051 344 2071 402 [
2109 343 2352 408 GAZIEI
3526 354 3628 421 95,3

451 425 684 530 Etnova
703 433 845 530 _(seu
901 433 1202 507 inopinata)
1266 441 1477 502 verbere
1526 443 1730 516 inﬂiget
1769 447 1953 510 Domi-

2127 453 2238 512 Καὶ
2263 452 2674 520 παραδοεάσει
2711 455 2930 526 Κύριος
2968 458 3076 526 τὰς
3119 460 3356 530 πληγάς
3393 479 3530 520 στου.
3559 468 3626 519 Ἢ

379 534 503 575 nus.
541 522 680 597 [59.]
703 522 804 582 Vel
847 538 1114 587 consueta
1173 531 1460 593 intendens
1523 537 1606 594 vel
1628 554 1768 598 nova
1792 555 1954 598 exco-

2059 541 2158 605 τὰς
2193 543 2468 614 συνήθεις,
2509 544 2778 617 [τουτέστι
2795 522 3070 622 ⁷ττλήγὰςλ
3101 522 3407 620 ἐπιτεὶνυον,
3441 553 3479 626 ἢ
3513 571 3627 610 καιρ-

375 625 573 698 gnatus.

2057 635 2283 706 νοτέρας
2310 636 2562 692 ἐπινοῶν.

454 730 524 830 iit
544 734 920 830 pendebirvit-a
946 745 1039 830 t_ua
1071 751 1196 830 ante
1227 746 1407 802 oculos
1437 757 1578 804 (nos.
1620 748 1762 825 [66.]
1791 751 1902 806 lloc
1932 759 2036 816 est,
2073 753 2128 806 in
2160 752 2329 805 dubio
2357 761 2411 808 ct
2445 752 2705 809 interitus
2735 755 2982 824 periculo
3005 765 3122 813 erat
3167 758 3241 819 ei,
3264 759 3358 830 qui
3395 767 3621 815 mortem

377 826 503 917 ante
527 821 690 889 pedes
711 823 1187 917 videbit.Tradnci
1221 843 1404 888 autem
1440 835 1492 889 in
1521 821 1808 894 Christum
1839 855 2060 910 quoque
2091 841 2289 911 possit,
2330 841 2424 911 qui
2457 841 2592 896 dicit
2629 860 2642 896 :
2681 861 2700 895 ι
2735 821 2850 914 Ego
2879 859 3002 900 sum
3028 847 3138 900 vita
3160 845 3224 911 ¹⁰,
3257 821 3474 917 {quem
3504 863 3624 903 cum

377 921 408 962 ε
440 907 588 997 ligno
623 913 862 979 pendere
890 916 1162 984 viderent,
1196 920 1298 977 ﬁde
1327 939 1438 978 non
1475 937 1834 997 exceperunt.

549 998 757 1091 reducet
793 1011 840 1055 te
872 1003 1127 1060 Dominus
1161 1008 1214 1061 in
1261 1009 1556 1082 Egyptum
1615 993 1837 1070 navibus
1859 1032 1950 1085 per
2000 1017 2102 1080 iter
2123 1017 2261 1086 quod
2301 1017 2397 1070 tibi
2419 1017 2542 1070 dixi
2570 1033 2588 1072 :
2620 1016 2742 1072 Non
2785 1019 2982 1075 videbis
3013 1021 3186 1090 ipsum
3224 1023 3481 1091 amplius,
3515 1031 3620 1088 etc.

543 1084 666 1186 .Non
701 1091 919 1145 reduxit
961 1093 1117 1186 ipse,
1145 1111 1335 1151 verum
1369 1081 1664 1156 redeuntes
1695 1118 1802 1156 non
1843 1081 2146 1172 prohibuit.
2188 1104 2534 1171 Argnmento
2577 1103 2711 1158 illud
2745 1113 2851 1170 est,
2887 1108 2954 1160 de
2978 1081 3089 1186 quo
3108 1108 3208 1161 tibi
3240 1081 3352 1161 dini
3391 1127 3404 1162 :
3445 1081 3480 1160 ι’
3509 1083 3621 1163 Non

373 1171 589 1260 videbis
620 1176 796 1244 ipsum
827 1181 1085 1248 amp'ius.
1129 1201 1147 1233 ι
1179 1183 1315 1238 Cum
1352 1186 1500 1240 enim
1533 1189 1737 1242 reditio
1759 1171 1854 1242 illa
1880 1189 1995 1244 vitii
2025 1190 2146 1243 loco
2204 1197 2471 1251 vertatur,
2511 1193 2786 1259 quomodo
2845 1192 2962 1260 ipse
2995 1171 3203 1248 rauctor
3237 1193 3484 1248 fuisset?
3517 1195 3624 1249 Suo

374 1259 540 1349 igitur
569 1273 742 1324 marte
765 1270 973 1324 reversi
1003 1279 1160 1335 sunt;
1190 1287 1340 1326 nunc
1364 1274 1584 1343 quidem
1609 1276 1677 1330 ab
1702 1277 1836 1346 ipsis
1863 1277 2125 1331 auxilium
2159 1288 2352 1334 contra
2381 1278 2636 1349 Assyrios
2665 1259 2921 1348 petitum,
2942 1297 3090 1336 nunc
3118 1297 3248 1336 vero
3276 1297 3306 1335 a
3339 1281 3628 1338 Nechaone

375 1345 684 1415 Pharaone,
714 1359 770 1410 et
800 1354 922 1408 aliis
945 1353 1219 1426 Egyptiis
1251 1360 1471 1426 regibus
1497 1363 1699 1431 captivi
1729 1345 1955 1417 abducti
1987 1380 2001 1427 ;
2039 1364 2146 1418 sibi
2174 1366 2310 1434 ipsis
2350 1345 2766 1422 consciscentes
2815 1370 2981 1422 mala.
3015 1369 3369 1439 Quapropter
3409 1384 3626 1425 accusat

373 1452 468 1526 eos
495 1451 592 1506 per
617 1440 949 1512 prophetam
975 1440 1120 1498 Deus
1150 1463 1163 1499 :
1203 1461 1219 1501 l
1255 1444 1357 1506 Qui
1422 1446 1790 1513 descendunt,
1827 1450 2106 1518 inquiens,
2167 1453 2425 1517 navibus,
2451 1454 2507 1508 in
2532 1453 2854 1526 Egyptian),
2894 1464 2954 1510 ut
2985 1458 3250 1512 auxilio-tu
3280 1474 3312 1511 a
3349 1457 3629 1512 Pharaone

373 1523 596 1595 Aﬁgypti
624 1542 750 1594 rege
782 1540 1220 1599 consequantur.
1293 1533 1377 1590 Me
1421 1551 1551 1593 vero
1609 1537 1676 1592 de
1709 1552 1773 1591 ea
1805 1553 1862 1592 re
1887 1555 2174 1608 nunquam
2201 1541 2524 1596 salutarunt
2548 1523 2674 1596 ηδ»
2712 1542 2776 1596 Ει
2823 1543 3024 1610 iterum
3061 1559 3075 1597 :
3113 1564 3132 1595 ι
3185 1544 3333 1608 Quid
3373 1547 3472 1602 tibi
3507 1561 3627 1600 cum

371 1612 608 1686 JEgypto
639 1623 696 1668 ut
724 1615 941 1671 biberes
972 1633 1167 1685 aquam
1192 1620 1342 1687 Geon
1369 1623 1448 1678 “?
1472 1643 1489 1675 ι
1514 1624 1796 1694 Ejusmodi
1833 1625 1968 1686 illud
1989 1642 2207 1698 quoque
2230 1637 2314 1684 est
2344 1627 2487 1696 quod
2511 1629 2939 1700 subiungimut
2967 1631 3030 1696 Et
3059 1647 3169 1696 non
3183 1633 3344 1687 dedit
3368 1633 3630 1688 Dominus

373 1701 517 1760 lit-us
546 1703 702 1771 vobis
723 1719 819 1760 cor
836 1706 900 1760 ad
928 1707 1361 1776 intelligendum,
1385 1726 1488 1766 nec
1523 1713 1714 1776 oculos
1735 1713 1803 1767 ad
1834 1714 2146 1780 videndum,
2172 1732 2272 1770 nec
2289 1731 2453 1776 aures
2473 1717 2540 1773 ad
2573 1717 2902 1773 audiendum
2930 1720 3174 1788 usquein
3192 1719 3341 1774 diem
3370 1720 3516 1776 hunc
3535 1717 3626 1776 ".t
3678 1765 3722 1788 ,λ

372 1793 485 1845 Cur
520 1795 667 1854 enim
698 1796 808 1851 illis
861 1796 955 1865 qui
982 1799 1234 1868 accipere
1261 1799 1529 1871 designati
1556 1799 1775 1857 fuerant
1826 1811 1880 1856 et
1928 1819 1993 1864 ex
2021 1805 2293 1859 destinata
2359 1807 2845 1878 malitiaaversati
2896 1807 3265 1879 praebuisset?
3299 1809 3382 1862 Ac
3437 1806 3633 1862 talibus

371 1880 594 1947 quidem
627 1882 829 1937 dicitur
866 1883 1008 1938 Dens
1039 1885 1173 1939 nihil
1207 1885 1362 1944 dare.
1404 1887 1884 1954 Quemadmodum
1921 1891 2026 1945 dux
2060 1893 2364 1958 exercitum
2415 1895 2633 1950 tradere
2690 1895 2913 1960 dicitur,
2964 1895 3186 1966 quando
3219 1896 3632 1966 ingravescente

369 1970 481 2042 jam
508 1973 794 2039 conﬂictu,
826 1991 891 2032 eo
928 1977 1194 2033 derelicto
1217 1994 1281 2033 se
1315 1979 1626 2044 abduxerit,
1670 1980 1774 2036 hoc
1801 1983 1923 2052 ipso
1954 1981 2100 2051 quod
2137 1995 2238 2034 suo
2289 1981 2494 2035 attxilio
2525 1982 2778 2048 destituit
2812 1983 3086 2048 videlicet.
3121 1982 3317 2040 Simile
3348 1983 3484 2037 illud
3521 1988 3628 2038 est:

380 2079 398 2112 ι
437 2057 689 2124 Tradidit
717 2080 814 2121 eos
855 2065 1176 2136 ignominia:
1208 2083 1396 2132 casus,
1427 2079 1480 2124 et
1511 2069 1698 2126 cordis
1737 2071 1824 2126 sui
1864 2071 2235 2142 appetitioues
2275 2071 2340 2124 ⁸³.
2381 2087 2396 2120 ι
2429 2067 2490 2125 Si
2533 2070 2706 2142 igitur
2739 2087 2985 2144 praesens
3031 2087 3252 2144 quoque
3285 2072 3494 2126 dictum
3529 2085 3632 2123 non

375 2150 566 2204 eodem
602 2152 767 2207 modo
813 2154 1176 2225 intelligatur,
1239 2157 1583 2212 contrarium
1633 2157 1742 2216 erit
1777 2157 1827 2213 ei
1859 2158 2002 2228 quod
2036 2157 2315 2226 praecedit.
2361 2156 2582 2212 Dixerat
2613 2159 2760 2216 enim
2796 2173 2810 2211 :
2851 2177 2870 2209 ι
2905 2156 3017 2226 Vos
3050 2159 3274 2220 vidistis
3299 2159 3486 2211 omnia
3517 2168 3634 2228 qua:

377 2235 507 2290 ferit
547 2237 837 2295 Dominus.
876 2259 893 2292 ι
930 2242 1216 2307 Quomodo
1274 2245 1447 2316 igitur
1497 2245 1692 2301 oculos
1756 2245 1864 2300 illis
1893 2244 1960 2298 ad
1993 2244 2286 2304 videndum
2341 2260 2450 2298 non
2497 2243 2823 2299 dedit?Aut
2851 2246 3110 2314 qualibus
3131 2239 3638 2302 videruntoculisi

381 2333 477 2378 aut
511 2329 788 2394 quomodo
815 2329 1096 2398 viderunt,
1131 2333 1180 2388 si
1216 2331 1328 2388 Deo
1352 2334 1509 2388 aliter
1543 2334 1646 2388 fuit
1678 2334 1858 2389 visum
1883 2334 1906 2386 ?
1935 2333 2137 2389 Verum
2174 2333 2476 2388 sensilibus
2499 2333 2722 2402 quidem
2761 2333 3023 2388 viderunt
3053 2333 3256 2400 oculis,
3285 2333 3482 2394 mentis
3507 2338 3630 2384 vero

372 2409 588 2476 visione
612 2416 825 2490 seipsos
853 2419 1160 2488 privavere,
1195 2421 1417 2492 pietatis
1445 2422 1815 2490 cognitionem
1844 2421 2006 2491 cujus
2040 2420 2382 2482 adminiculo
2415 2420 2666 2490 prodigia
2699 2421 2950 2476 viderant
2995 2422 3377 2494 repudiantes,
3414 2430 3636 2484 eorum-

374 2523 485 2576 que
514 2521 793 2568 auctorem
820 2531 929 2568 non
964 2525 1348 2586 agnoscentes.
1395 2516 1822 2588 Quapropterut
1848 2532 1946 2571 eos
1981 2516 2260 2576 cautiores
2291 2515 2566 2579 redderet,
2609 2516 2858 2586 ipsorum
2901 2517 3306 2582 beneﬁciorum
3335 2531 3399 2570 ae
3448 2513 3624 2582 signo-

374 2613 498 2652 rum
535 2603 853 2656 memoriam
877 2619 1258 2674 saepenumero
1284 2605 1526 2661 rel‘ricat.
1564 2605 1864 2661 Denuntiat
1887 2620 2112 2679 quoque
2145 2603 2386 2658 radicem
2419 2603 2741 2661 acerbitatis
2772 2620 2837 2659 ex
2872 2604 3071 2673 seipsis
3097 2603 3445 2659 evellendam
3478 2612 3624 2661 esse,

373 2686 526 2758 juxta
557 2687 690 2742 illud
720 2709 733 2744 :
770 2709 788 2742 ι
830 2690 1146 2762 Expurgate
1175 2702 1334 2749 vetus
1361 2694 1696 2748 fermentum
1729 2700 1788 2746 ut
1821 2693 1942 2748 sitis
1969 2707 2110 2746 nova
2139 2691 2462 2762 conspersio
2489 2691 2554 2744 ι’.
2599 2711 2618 2744 ι
2646 2691 2700 2745 Si
2734 2707 2866 2745 vero
2899 2692 3025 2759 quis
3053 2689 3300 2761 perﬁdus
3330 2697 3413 2744 est
3443 2702 3472 2739 a
3499 2699 3629 2738 .con-

377 2777 551 2831 sartio
579 2787 760 2834 vestro
779 2793 1091 2848 separetur,
1127 2782 1331 2852 inquit,
1363 2798 1430 2836 ne
1452 2791 1685 2838 sanctus
1715 2782 1918 2850 aliquis
1946 2795 2134 2836 secum
2162 2780 2370 2844 volvat,
2407 2780 2460 2834 in
2492 2782 2855 2850 perversitate
2889 2779 3074 2834 cordis
3108 2779 3213 2833 mei
3274 2794 3377 2852 ego
3422 2784 3634 2846 quoque

378 2865 647 2930 incedam,
704 2880 772 2922 ac
817 2865 986 2922 simul
1061 2884 1090 2934 _a
1141 2869 1385 2938 peccatis
1435 2883 1672 2923 vacuum
1697 2869 1863 2924 etiam
1916 2867 2150 2941 perdat:
2187 2884 2206 2918 ι
2256 2865 2546 2922 Paululqu
2581 2867 2728 2923 enim
2770 2867 3029 2924 fermenti
3066 2873 3239 2924 totam
3277 2877 3518 2921 massam
3545 2859 3630 2914 in-

376 2952 492 3007 ﬁcit
527 2953 592 3006 ¹⁶.
626 2973 645 3005 ι

451 3064 516 3119 Et
546 3065 683 3120 dicet
715 3070 986 3137 generatio
1051 3071 1313 3138 posterior
1369 3071 1474 3139 ﬁlii
1524 3087 1706 3125 eorum
1748 3073 1837 3141 qui
1887 3070 2196 3126 exorientur
2225 3087 2291 3126 ea:
2333 3071 2499 3146 vobis,
2525 3081 2573 3128 et
2601 3073 2808 3129 alienus
2835 3071 2926 3142 qui
2949 3072 3115 3127 veniet
3137 3070 3202 3128 de
3238 3079 3388 3131 terra
3411 3070 3628 3122 remota.

379 3152 603 3227 [XXlX,
635 3153 754 3227 22.]
787 3154 1212 3212 Generationem
1241 3159 1468 3213 alteram
1498 3170 1703 3215 cretum
1745 3175 1811 3214 ex
1840 3161 2096 3229 gentibus
2131 3162 2422 3218 collectum
2453 3170 2634 3217 vocat.
2661 3160 3141 3228 Quemadmodum
3188 3159 3362 3216 David
3387 3166 3628 3227 quoque:

387 3264 404 3294 ι
444 3241 729 3312 Dirulgate
785 3243 838 3297 in
889 3243 1302 3314 generationem
1339 3246 1589 3310 alteram,
1628 3246 1775 3315 quod
1815 3246 1930 3316 ipse
1970 3246 2112 3302 Deus
2148 3257 2331 3304 vester
2391 3257 2476 3306 est
2515 3249 2580 3302 ¹⁷.
2616 3269 2634 3301 ι
2668 3251 2734 3304 Et
2792 3235 2992 3311 iterum
3026 3265 3040 3302 :
3088 3265 3107 3299 ι
3146 3247 3396 3316 Populus
3425 3252 3630 3318 quoque

378 3323 691 3402 acquisitus
718 3329 961 3386 laudabit
983 3330 1276 3386 Dominum
1312 3332 1373 3386 ³⁸.
1424 3352 1442 3384 ι
1476 3331 1641 3405 460
1674 3332 1735 3386 Ει
1760 3333 1994 3388 iterum:
2026 3353 2043 3386 ι
2085 3337 2486 3392 Accensebitur
2519 3338 2568 3391 ei
2603 3337 2884 3407 generatio
2909 3344 3165 3399 ventura,
3197 3342 3250 3390 et
3272 3330 3631 3390 enuntiabunt

374 3418 650 3489 justitiam
681 3417 802 3488 ejus
845 3419 1044 3490 p0pu|o
1074 3418 1360 3475 nascituro
1391 3422 1453 3474 '9.
1499 3440 1516 3473 ι
1548 3420 1721 3486 Quem
1779 3421 2047 3478 Dominus
2099 3422 2251 3478 fecit.
2284 3425 2351 3478 At
2403 3438 2524 3492 quae
2568 3424 2684 3478 haec
2719 3423 2998 3492 generatio
3037 3422 3266 3478 scu‘hic
3316 3419 3545 3493 pepulus
3565 3413 3632 3469 sit

375 3510 590 3580 Moyses
617 3507 927 3579 subiunxit,
963 3507 1155 3563 dicens
1186 3525 1198 3560 :
1237 3527 1255 3560 ι
1284 3511 1362 3564 Ac
1386 3509 1570 3564 dicent
1601 3524 1793 3566 omnes
1827 3519 2044 3581 gentes:
2071 3510 2252 3576 Quare
2285 3511 2368 3567 sic
2400 3509 2527 3566 fecit
2570 3509 2841 3565 Dominus
2867 3519 3029 3565 terrae
3057 3509 3230 3564 huic?

446 3639 678 3697 Terram
731 3658 862 3699 vero
926 3636 1035 3698 non
1083 3643 1344 3698 sensilem
1383 3644 1673 3713 concipere
1715 3651 1954 3713 oportet.

2132 3643 2241 3711 Γῆν
2269 3642 2330 3696 οὑ
2360 3642 2459 3714 τὴν
2521 3641 2789 3713 αἰσθητήν
2810 3658 2823 3670 ·
2855 3641 3042 3714 [ἑτέρα
3071 3641 3180 3712 γὰρ
3221 3642 3322 3712 οὐχ
3365 3638 3630 3708 ἱστόρηται

379 3732 644 3789 De'nulla
676 3734 880 3790 etenim
917 3743 1060 3790 terra
1106 3741 1307 3804 praeter
1364 3732 1727 3799 Sodomorum
1761 3742 1817 3788 et
1854 3733 1964 3787 Go-

381 3828 620 3882 morrhte
645 3827 791 3898 quod
829 3827 968 3892 mala
1024 3825 1170 3898 ignis
1210 3834 1266 3892 et
1325 3825 1460 3893 salis
1501 3825 1575 3880 sit
1614 3840 1874 3896 perpessa
1906 3825 1965 3882 in

380 3919 634 3977 historiis
661 3927 866 3977 exstat.
910 3919 986 3974 De
1016 3934 1080 3975 ea
1115 3935 1246 3976 vero
1274 3933 1396 3989 qua:
1429 3934 1526 3988 per
1563 3919 1795 3986 ﬁguram
1822 3918 1964 3973 dici—

381 4021 494 4079 tur,
531 4029 654 4085 quae
679 4029 804 4070 cum
863 4013 996 4070 oliin
1030 4021 1179 4070 esset
1206 4012 1410 4070 fertilis
1448 4013 1502 4066 in
1537 4013 1709 4070 salctn
1743 4021 1966 4082 propter

381 4104 695 4161 incolarum
759 4106 1174 4176 improbitatem
1239 4104 1461 4160 redacta
1506 4104 1576 4168 ",
1623 4119 1685 4158 ac
1717 4105 1843 4174 igne
1877 4118 1966 4160 as-

381 4208 600 4268 sumpta
639 4197 764 4254 fuit.
796 4197 936 4260 Nam
975 4197 1212 4254 nubibus
1257 4195 1538 4254 mandavit
1581 4195 1869 4262 Dominus,
1901 4209 1966 4250 ne

379 4291 570 4361 pluvia
596 4290 900 4359 irrigarent
963 4303 1082 4344 eam
1113 4289 1187 4346 ²¹.
1213 4287 1389 4354 Quam
1435 4287 1664 4357 spiritus
1694 4286 1823 4340 item
1857 4285 1966 4340 im-

377 4380 619 4437 mundus
635 4389 827 4452 utpote
851 4379 1062 4434 aridam
1083 4387 1136 4434 et
1159 4394 1188 4434 a
1215 4378 1322 4435 Deo
1339 4378 1614 4434 desertam
1631 4383 1876 4448 permeat
1896 4376 1964 4431 “.

380 4475 513 4542 Quae
543 4475 763 4544 quidem
792 4489 893 4530 nec
935 4481 1174 4537 seretur,
1215 4487 1396 4544 neque
1427 4471 1969 4544 germinabit,quan—

383 4567 590 4621 tumvis
645 4567 827 4622 virens
887 4576 982 4622 aut
1037 4582 1230 4623 recens
1292 4583 1517 4638 germen
1557 4566 1762 4638 politiae
1801 4581 1972 4622 evan-

2068 3737 2161 3808 γῆ.
2195 3734 2334 3806 πλὴν
2359 3735 2607 3806 Σοδόμων
2654 3735 2748 3789 καὶ
2780 3735 3068 3806 Γομόρρας
3114 3734 3186 3789 τὰ
3227 3733 3325 3788 τοῦ
3353 3730 3519 3802 πυρὸς
3545 3725 3632 3780 καὶ

2065 3827 2174 3881 τῶν
2201 3815 2346 3881 ἁλῶν
2403 3825 2748 3898 ὑπομείνασα
2785 3825 2996 3898 πάθη
3035 3823 3172 3880 ἀλλὰ
3230 3825 3331 3897 τὴν
3372 3815 3632 3893 τροπικῶς

2067 3921 2374 3991 λεγομένην
2398 3919 2502 3990 γῆν
2523 3935 2538 3951 ο
2587 3919 2713 3990 ἥτις
2743 3918 2839 3972 καὶ
2874 3918 3044 3973 πάλαι
3087 3917 3434 3990 καρποφόρος
3467 3907 3630 3977 ὑπάρο

2067 4029 2262 4084 χουσα,
2297 4010 2649 4083 μετεστράφη
2681 4011 2761 4074 εἰς
2800 4009 2984 4082 ἅλμην
3021 4010 3129 4064 ἀπὸ
3159 4010 3361 4072 κακίας
3385 4003 3488 4059 τῶν
3513 3995 3632 4054 tto.-

2067 4105 2308 4162 κούντων
2323 4106 2380 4157 ὲν
2410 4105 2571 4177 αὐτῇ,
2602 4103 2720 4176 [καὶ
2737 4103 2928 4173 γέγονε
2951 4102 3431 4174 κατακεκαυμένη,
3455 4091 3629 4159 ἐπειδὴ

2069 4201 2187 4262 ταῖς
2225 4196 2480 4267 νεφέλαις
2541 4195 2846 4250 ἐνετείλατο
2894 4194 3101 4267 Κύριος
3147 4195 3244 4249 τοῦ
3297 4193 3372 4266 μὴ
3432 4187 3628 4261 βρέχειν

2069 4289 2225 4345 ὑετὸν
2276 4290 2366 4343 ἐπ’
2416 4289 2610 4360 αὐτήν.
2661 4287 2776 4342 Καὶ
2809 4287 3198 4359 διαπορεύεται
3243 4286 3308 4340 τὸ
3337 4281 3628 4350 ἀκάθαρτον

2070 4381 2291 4454 πνεῦμα
2327 4382 2432 4452 γῆν
2471 4379 2827 4451 ὑπάρχουσαν
2867 4379 3094 4450 ἄνυδρον
3124 4381 3219 4434 καὶ
3247 4379 3449 4450 ἔρημον
3483 4365 3626 4423 Θεοῦ.

2073 4475 2237 4538 Ἦτις
2257 4475 2319 4530 οὐ
2352 4474 2690 4544 σπαρήσεται
2729 4471 2851 4526 οὐδὲ
2879 4471 3152 4536 ἁνατελεῐ,
3181 4461 3288 4526 κᾶν
3315 4465 3488 4537 σπαρῇ
3529 4457 3627 4512 πᾶν

2071 4569 2280 4642 χλωρὸν
2311 4570 2368 4622 ὲν
2401 4565 2588 4640 αὑτῇ,]
2613 4567 2675 4622 τὸ
2704 4567 2823 4621 νέον
2858 4566 3146 4638 βλάστημα
3161 4565 3260 4635 τῆς
3284 4549 3628 4629 εὐαγγελικῆἶ

389 4661 578 4727 gelicae
613 4659 667 4716 in
696 4675 817 4715 eam
875 4661 1149 4725 mittatur,
1192 4659 1512 4717 volatilibus
1545 4659 1670 4715 emli
1715 4673 1780 4715 ea
1811 4658 1967 4714 abri-

2074 4662 2376 4726 πολιτείας,
2416 4661 2506 4716 διὰ
2532 4662 2630 4733 τὴν
2656 4661 2858 4715 κακίαν
2913 4661 3080 4731 αὐτῆς
3126 4658 3391 4729 δηλονότι,
3421 4650 3523 4705 τῶν
3543 4657 3626 4697 πε-

388 4752 668 4822 pientibus
702 4753 768 4810 ".

462 4843 581 4899 Erit
602 4861 737 4901 vero
765 4844 912 4900 sicut
944 4844 1183 4900 Sodoma
1228 4853 1292 4902 et.
1325 4845 1656 4910 Gomorrha,
1690 4843 1802 4898 imo
1839 4858 1972 4899 vero

385 4938 586 4994 melius
619 4937 902 4993 habebunt
928 4939 1047 4994 ista:
1069 4937 1123 4992 in
1153 4935 1457 5008 diejudicii
1488 4951 1651 5006 quam
1676 4944 1818 4990 terra
1843 4935 1968 4991 ista.

2075 4754 2267 4810 τεινῶν
2307 4753 2660 4824 ἁρπαζόντων
2683 4753 2776 4806 τὸν
2805 4752 3028 4822 σπόρον.

2145 4819 2358 4900 Ἔσται.
2407 4844 2466 4898 δὲ
2511 4843 2587 4904 ὡς
2647 4841 2854 4911 Σόδομα
2906 4819 3001 4897 καὶ
3042 4842 3314 4913 Γόμοῤῥα,
3358 4831 3548 4907 μᾶλλον
3576 4819 3626 4913 δὲ

2076 4939 2435 5008 ἀνεκτότερον
2484 4936 2638 4990 ἔσται
2683 4935 2932 4998 ταύταις,
2993 4934 3026 5004 ἢ
3076 4911 3142 5006 τῇ
3191 4911 3284 5005 -γῇ
3339 4924 3531 4992 ἐκείνῃ.
3569 4911 3628 5008 ᾖν

387 5029 565 5098 Quam
599 5032 952 5108 conspiciunt
981 5033 1071 5101 qui
1109 5031 1166 5086 in
1191 5038 1334 5086 terra
1368 5031 1675 5102 longinqua
1710 5027 1958 5092 veniunt,

2071 5033 2306 5104 ὁρῶντες
2339 5001 2402 5084 εκ
2443 5028 2543 5097 γῆς
2577 5026 2871 5100 μακρόθεν,
2899 5001 3176 5079 τουτέστιν
3201 5001 3402 5077 diem
3432 5001 3626 5108 μᾳκξάπς

387 5123 492 5180 hoc
515 5132 618 5190 est,
653 5125 849 5198 pagani
879 5123 968 5196 qui
1009 5139 1038 5179 a
1072 5123 1182 5179 Deo
1211 5123 1371 5191 longe
1415 5121 1542 5176 oliui
1582 5130 1762 5184 erant,
1791 5118 1967 5175 idolo-

385 5215 544 5275 latris
593 5216 1098 5288 contemplantibus
1149 5212 1758 5285 percontantibusque,
1825 5209 1969 5281 quod

389 5309 802 5381 den-liquerunt
833 5316 1223 5366 testamentum
1277 5304 1520 5371 Domini,
1555 5304 1738 5359 dicent
1766 5321 1778 5358 :
1817 5321 1835 5354 ι
1861 5301 1970 5357 Ne-

391 5417 500 5473 que
523 5401 808 5458 distribuit
832 5399 980 5466 illis;
1019 5418 1036 5452 ι
1086 5397 1497 5470 Symmachus:
1543 5395 1721 5465 Neque
1781 5408 1969 5450 conve-

390 5499 568 5552 niebat
597 5497 726 5552 illis.

2078 5091 2300 5180 '5.thth
2319 5122 2413 5178 τοῦ
2446 5091 2605 5189 δεοῦζ
2631 5091 2814 5194 ἐροῦσι
2840 5091 2952 5184 τοῖς
2982 5118 3414 5188 εἰδωλολάτραις,
3473 5091 3625 5172 ὁρῶσί

2072 5236 2132 5272 τε
2179 5219 2270 5272 καὶ
2301 5193 2744 5286 πυνθανομένοις,
2777 5213 2859 5268 ὅτι
2894 5211 3214 5267 κατέλειπον
3247 5209 3343 5280 τὴν
3382 5193 3624 5262 διαθήκην

2075 5311 2306 5383 Κυρίου.

3456 5613 3475 5670 1
3500 5609 3613 5667 Cor-

463 5655 508 5686 ιο
548 5651 706 5707 ³0³11.
740 5671 852 5720 ην,
887 5653 942 5710 6,
1021 5653 1060 5684 ’ί
1097 5650 1201 5710 Isa.
1239 5667 1371 5717 xu,
1401 5649 1458 5716 2;
1487 5665 1630 5709 xxxi.
1671 5651 1719 5704 i.
1797 5644 1842 5676 "
1871 5644 2072 5698 Jercm.
2101 5645 2269 5708 ti,l8.
2349 5640 2392 5672 "
2417 5639 2573 5700 Deut.
2599 5642 2823 5707 “me.
2902 5636 2941 5668 “
2977 5635 3132 5692 liam.
3168 5652 3204 5700 ι,
3233 5630 3338 5717 24-,
3391 5619 3432 5651 ’⁸
3456 5619 3611 5736 ξιξ·

479 5725 506 5736 -
638 5724 680 5736 ..
711 5721 747 5736 η
793 5726 803 5736 .
1007 5723 1036 5736 Α
1178 5723 1218 5736 ..
1243 5721 1282 5736 λ
1355 5723 1366 5736 .
1506 5735 1519 5736 η
1547 5721 1564 5736 .
1622 5723 1683 5736 υ.
1815 5716 1856 5736 ιι
1894 5711 2013 5736 n..-i
2071 5730 2116 5736 _-
2179 5716 2240 5736 In
2344 5712 2386 5736 η
2422 5712 2543 5736 n.__-|
2611 5730 2698 5736 -..η
2757 5712 2832 5736 ιιι.
2921 5709 2964 5736 ιο
2990 5707 3112 5736 Ihm!
3173 5721 3252 5736 ριν.
3311 5695 3387 5736 ,ιγ
3567 5689 3611 5730 θ’

387 5738 443 5790 ν,
479 5725 530 5773 '7.
638 5724 682 5754 "
707 5721 884 5778 Galal.
926 5740 979 5784 v,
1007 5723 1058 5777 9.
1178 5723 1218 5755 ¹⁷
1243 5721 1391 5775 Psal.
1460 5721 1582 5789 set],
1617 5723 1703 5776 16.

392 5792 529 5863 ν,6ο
605 5792 650 5822 ”
683 5791 872 5848 Matth.
908 5809 1005 5857 xu,
1039 5796 1124 5850 45.
1202 5795 1247 5826 ³³
1274 5791 1470 5847 Matth.
1498 5807 1616 5849 xm.
1643 5792 1694 5850 4.

1815 5695 2269 5780 "assitme;
2344 5712 2386 5743 "
2419 5695 2573 5770 Petit.
2599 5695 2842 5780 Ξῖιᾙωι
2921 5709 2964 5741 ὀ
2989 5707 3136 5768 Psal.
3173 5695 3277 5774 ἀνι.
3308 5695 3389 5756 54-
