4010 6230
339 199 434 268 951
1626 214 1981 277 PROCOPII
2029 217 2268 279 GAZAEI
2659 221 2664 228 ’
3519 229 3628 292 959

339 331 424 376 set
452 317 621 390 igitur
647 313 738 377 iex
757 334 879 392 qua:
906 321 974 379 de
991 330 1220 394 peccato
1243 332 1490 392 accusat,
1522 334 1579 382 et
1601 329 2076 388 eondemnationis
2098 330 2466 388 ministerium
2493 340 2579 390 est
2613 351 2629 390 :
2669 353 2688 388 ι
2717 335 2904 408 anue
2927 345 3012 394 est
3050 353 3146 408 per
3189 354 3374 408 quam
3429 347 3620 402 omnia

339 411 445 464 sub
488 421 773 480 peccatum
801 412 1078 468 conclusit
1109 413 1270 481 Deus,
1305 421 1364 470 ut
1395 417 1643 472 omnium
1679 418 2008 475 misereatur
2024 420 2092 476 ³⁸.
2123 439 2142 472 ι
2172 418 2294 476 Νοη
2329 419 2602 492 ignoravit
2631 431 2812 478 autem
2875 425 3053 482 Moses
3112 426 3449 487 Servatoris
3500 448 3618 485 ma-

334 495 616 566 jcstatem,
650 513 750 554 nec
799 499 946 570 quod
1003 499 1078 554 illi
1133 511 1249 557 tota
1309 502 1620 560 daemonum
1653 505 1735 562 vis
1763 505 2072 577 subjectum
2095 519 2243 564 esset
2283 509 2429 563 itura
2457 517 2610 580 patre
2665 509 2840 582 ipsius
2876 513 3144 569 subdente
3169 515 3447 586 imperio,
3500 519 3620 576 hzec

338 587 485 638 enim
513 601 679 654 parva
717 585 1116 658 signiﬁcatione
1149 589 1485 648 indicantur.
1512 591 1625 650 Nec
1651 609 1780 652 vero
1811 593 1958 666 quod
1978 609 2084 651 nos
2112 595 2229 666 ipse
2253 596 2311 650 in
2339 603 2545 651 terram
2574 611 2701 652 vere
2729 606 3002 665 sanctam,
3028 600 3082 654 in
3115 585 3620 671 supernassedes

341 673 652 730 adduxerit.
687 673 816 730 Plus
841 685 970 732 vero
990 691 1172 748 operae
1204 695 1370 750 quam
1403 681 1566 737 Pater
1599 693 1823 755 propter
1845 685 2240 740 humanitatem
2283 682 2534 742 conferre
2556 685 2781 743 dicitur.
2807 685 3293 754 Quemadmodum
3364 692 3512 750 illud
3558 709 3622 752 se

337 775 557 830 quoque
591 761 752 816 habet
787 779 802 816 :
841 781 861 814 ι
884 761 1005 818 Non
1031 765 1308 836 relinques
1335 769 1577 824 animam
1601 785 1777 826 meam
1809 772 1952 840 apud
1976 771 2184 828 inferos
2206 774 2274 830 "'.
2300 793 2320 827 ι

407 848 450 900 Α
473 849 576 916 ﬁne
599 860 790 917 septem
824 867 1087 915 annorum
1106 854 1158 908 in
1178 864 1318 910 stato
1333 856 1465 924 [esto
1481 859 1610 912 anni
1627 858 1949 914 remissionis
1973 861 2031 914 in
2051 859 2387 916 solemnitate
2416 860 2922 919 Tabernaculorum.
2950 863 3162 937 [XXXL
3187 865 3314 939 10.]
3337 867 3624 926 Numerus

337 939 685 1007 septenarius
724 941 990 1012 temporis
1021 945 1261 1013 spatium
1293 953 1420 1002 ante
1449 948 1746 1002 adventum
1773 945 1975 1004 Christi
1997 956 2251 1004 exactum
2285 958 2663 1019 repraesentat.
2691 949 2854 1007 Sicut
2891 951 3026 1008 illud
3057 971 3072 1008 :
3132 972 3152 1006 ι
3195 953 3443 1011 Steritis
3465 971 3470 975 ·
3492 970 3624 1027 sep-

337 1037 444 1081 teut
475 1032 684 1098 peperit
715 1030 780 1085 ³³.
820 1049 839 1084 ι
885 1031 1014 1086 Item
1047 1033 1179 1104 illud
1211 1055 1224 1089 :
1265 1055 1284 1088 ι
1313 1033 1392 1092 Ne
1417 1034 1552 1093 ﬁdas
1578 1037 1804 1092 inimico
1832 1046 1950 1101 tuo,
1978 1043 2189 1108 septem
2221 1036 2368 1093 enim
2409 1037 2621 1094 scelera
2651 1037 2708 1094 in
2746 1039 2914 1095 corde
2942 1038 3065 1109 ejus
3100 1032 3262 1097 “sunt
3277 1041 3352 1096 ".
3385 1061 3406 1094 ι
3475 1041 3615 1098 Item

336 1116 469 1170 illud
503 1117 556 1171 in
587 1119 898 1175 Proverbiis
926 1137 942 1176 :
977 1140 994 1172 ε
1030 1120 1245 1194 Septies
1273 1123 1421 1180 cadit
1447 1124 1634 1196 justus
1658 1132 1714 1179 et
1733 1132 1982 1196 resurget
1999 1123 2064 1178 ιο.
2093 1142 2112 1178 ι
2145 1123 2426 1180 Numerus
2455 1125 2603 1180 enim
2639 1125 2744 1182 iste
2775 1127 2976 1197 ubique
3013 1127 3329 1199 Scriptura:
3359 1131 3625 1186 multitu-

335 1204 518 1260 dinem
553 1205 797 1262 denotat.
831 1209 976 1264 Ante
1010 1209 1303 1268 adventum
1341 1212 1506 1282 igitur
1540 1211 1748 1269 Christi
1781 1212 1886 1268 etsi
1911 1211 1996 1268 l'ex
2017 1212 2376 1277 recitabatur,
2407 1229 2518 1268 non
2550 1221 2733 1270 tamen
2757 1223 2819 1270 ut
2851 1213 3163 1272 disceretur
3217 1215 3402 1273 ﬁebat
3431 1234 3450 1285 ;
3510 1233 3623 1276 non

335 1294 482 1347 enim
517 1295 686 1366 legem
720 1295 864 1352 sicut
893 1299 1200 1368 oportebat,
1233 1297 1585 1370 perfecteque
1617 1300 2043 1373 cognoscebant.
2073 1299 2308 1368 Quando
2336 1317 2468 1357 vero
2497 1299 2752 1360 Christus
2797 1301 3036 1358 adventu
3069 1304 3137 1358 ad
3163 1319 3276 1360 nos
3315 1305 3477 1362 facto
3537 1322 3626 1364 re-

336 1381 656 1439 missionem
693 1393 1046 1454 peccatorum
1082 1387 1242 1442 nobis
1271 1389 1628 1456 condonavit,
1657 1397 1712 1445 et
1741 1405 1772 1444 a
1794 1389 2077 1451 servitute,
2103 1387 2566 1458 quemadmodum
2595 1389 2654 1443 in
2687 1401 2834 1444 anno
2863 1391 3208 1448 remissionis
3273 1401 3622 1451 consuetum

335 1478 476 1530 erat,
513 1469 784 1526 liberavit.
819 1470 1052 1538 Quando
1080 1473 1244 1529 etiam
1276 1475 1698 1532 resurrectionis
1717 1482 1958 1548 tempus,
1993 1476 2156 1545 cujus
2181 1475 2408 1548 ﬁguram
2436 1475 2674 1544 praetulit
2709 1475 3216 1532 Tabernaculorum
3255 1479 3622 1548 solemnitas,

335 1571 446 1629 quo
479 1571 711 1637 corpora
769 1569 1018 1617 nostrae
1051 1568 1200 1618 terra
1245 1564 1698 1628 corroborantur,
1762 1561 2156 1620 evolutum‘est
2191 1569 2371 1618 :tunc
2419 1562 2818 1618 humanitatem
2868 1578 2985 1619 suae
3039 1574 3260 1621 natura
3309 1566 3623 1636 integritati

335 1645 596 1712 restituit,
621 1656 672 1701 et
701 1648 768 1702 ad
792 1647 1096 1720 discipulos
1122 1650 1261 1706 dixit
1293 1669 1308 1705 :
1346 1668 1366 1703 ι
1393 1643 1918 1722 Αοοίρίιθερίτὶιιιη

2040 1650 2290 1706 actum“.
2324 1670 2344 1705 ι
2373 1649 2604 1718 Quando
2620 1650 2785 1707 etiam
2808 1655 3008 1708 mentis
3037 1664 3245 1709 nostra;
3266 1655 3436 1709 .oculi
3469 1645 3623 1722 pate-

335 1733 468 1790 facti
495 1748 640 1802 sunt,
680 1748 735 1791 ut
769 1740 936 1810 legem
961 1740 1272 1810 intelligant
1305 1757 1428 1812 quae
1455 1755 1551 1799 eos
1581 1742 1714 1798 olim
1747 1742 1970 1798 latebat.
2002 1738 2494 1811 Congregabantur
2542 1739 2670 1794 item
2703 1739 2758 1794 in
2788 1753 2854 1794 eo
2883 1738 3006 1794 loco
3027 1753 3190 1810 quem
3252 1742 3623 1797 demonstra-

333 1825 435 1892 vit,
465 1825 517 1879 in
549 1823 790 1882 Ecclesia
819 1843 1067 1898 'nempe.
1129 1827 1248 1884 Illic
1277 1830 1422 1892 enim
1446 1845 1568 1887 eam
1595 1831 1800 1886 Christi
1853 1831 2112 1904 discipuli
2145 1831 2524 1898 declararunt,
2565 1829 2785 1886 dicente
2819 1828 2990 1885 Paulo
3020 1848 3034 1886 :
3065 1830 3246 1886 «Nam
3277 1832 3327 1888 si
3391 1833 3624 1903 sanguis

332 1924 620 1970 taurorum
649 1927 703 1972 et
733 1917 1036 1984 hircorum,
1059 1930 1112 1974 et
1147 1919 1292 1974 cinis
1329 1921 1598 1990 juvenem,
1659 1935 1957 1993 aspergens
2009 1921 2353 1994 inquinatos,
2385 1921 2455 1976 ad
2493 1921 2678 1977 carnis
2733 1919 3178 1991 puriﬁcationem
3240 1923 3576 1980 sanctiﬁcat
3601 1963 3616 1988 ,

321 2014 538 2074 ‘qnanto
556 2007 727 2076 magis
755 2007 982 2077 sanguis
1011 2007 1316 2062 Christi“?
1345 2025 1364 2060 ι
1391 2006 1458 2063 Et
1488 2009 1688 2065 iterum
1725 2028 1739 2064 :
1775 2029 1795 2063 ι
1817 2010 2030 2067 Pascha
2059 2011 2205 2068 enim
2235 2020 2486 2066 nostrum
2521 2009 2866 2065 immolatum
2927 2018 3031 2075 est,
3093 2009 3367 2068 Christus
3417 2010 3616 2066 videli-

333 2093 500 2148 cet“.
535 2111 554 2144 ι
584 2091 650 2146 Ει
679 2097 874 2150 iterum
907 2112 919 2150 :
961 2113 980 2146 ι
1004 2094 1180 2151 Dicite
1198 2096 1332 2152 mihi
1363 2111 1461 2154 vos
1493 2097 1589 2168 qui
1619 2098 1726 2154 sub
1751 2098 1871 2171 lege
1897 2114 2025 2158 esse
2047 2099 2236 2167 vultis,
2265 2113 2336 2152 an
2367 2097 2539 2170 legem
2565 2095 2867 2168 agnoscitis
2901 2110 3000 2154 seu
3029 2097 3262 2170 legitis?
3321 2095 3614 2170 Scriptum

331 2181 478 2236 enim
511 2191 594 2237 est
619 2201 631 2236 :
654 2183 928 2238 Abraham
962 2187 1101 2240 duos
1132 2184 1324 2240 habuit
1360 2184 1500 2242 ﬁlios
1532 2184 1600 2253 “,
1629 2204 1648 2238 ι
1677 2193 1732 2242 et
1765 2201 1888 2257 quae
1915 2188 2199 2258 deinceps.
2887 2240 2891 2243 .

411 2269 546 2325 Ecce
603 2282 657 2324 tu
707 2273 936 2328 dormies
995 2289 1114 2328 cum
1161 2273 1400 2342 patribus
1446 2275 1573 2330 tuis.
1637 2272 1794 2348 [16.]
1853 2271 2164 2331 Notandum
2225 2273 2408 2330 obiter
2465 2278 2552 2328 est
2579 2312 2596 2340 ,
2646 2271 2796 2342 quod
2853 2287 3005 2330 mors
3047 2272 3103 2328 in
3139 2271 3333 2332 Veteri
3401 2272 3610 2331 Testa-

333 2372 519 2417 mento
549 2363 770 2433 requies
819 2379 916 2421 seu
969 2378 1198 2421 somnus
1253 2370 1500 2421 vocatur.
1547 2362 1652 2421 Per
1695 2374 1882 2437 patres
1931 2379 2064 2422 vero
2086 2387 2100 2396 -~
2119 2362 2359 2434 majores
2405 2361 2460 2418 in
2525 2361 2802 2433 spirituali
2869 2361 3197 2436 cognatione
3273 2361 3598 2436 intelligen-

332 2451 465 2505 dum
493 2457 603 2505 est.
1378 2468 1383 2473 ο

403 2557 633 2616 Scribite
655 2560 817 2614 verba
857 2559 1016 2630 hujus
1069 2559 1289 2614 cantici.
1319 2557 1462 2634 [19.]
1519 2558 1698 2632 Digito
1751 2561 1911 2632 quasi
1943 2561 1986 2609 Α

2088 2561 2371 2632 Γράψατε
2409 2559 2484 2615 τὰ
2521 2557 2762 2630 ῥήματα
2787 2557 2896 2630 τῆς
2923 2559 3084 2630 ᾠδῆς
3103 2556 3358 2630 ταύτης.
3389 2558 3468 2614 Th
3494 2557 3609 2613 δει-

333 2653 426 2711 Ιιξο
453 2664 811 2720 monstratur,
834 2655 980 2724 quod
1009 2653 1253 2708 futurum
1277 2661 1419 2720 erat,
1443 2652 1909 2725 Quemadmodum

2032 2653 2206 2708 κτικδν
2257 2651 2497 2708 ἐνταῦθα
2546 2652 2676 2726 περὶ
2727 2651 2822 2706 τοῦ
2879 2651 3192 2722 μέλλοντος,
3220 2652 3302 2716 ὼς
3337 2651 3398 2706 ὲν
3433 2653 3615 2722 Εὐαγ-

334 2745 392 2802 in
417 2745 715 2816 Evangelia
743 2767 756 2802 :
793 2765 812 2798 ι
835 2746 1164 2818 Quicunque
1193 2745 1418 2803 solverit
1447 2760 1614 2803 unum
1639 2759 1709 2802 ex
1748 2759 1914 2802 man-

2019 2745 2220 2818 γελιῳο
2260 2765 2280 2799 ι
2323 2745 2419 2811 ’ος
2442 2744 2508 2800 ἂν
2537 2743 2678 2820 λύσῃ
2703 2744 2834 2816 μίαν
2855 2742 2964 2798 τῶν
2996 2743 3228 2799 ἐντολῶν
3251 2742 3490 2800 τούτων.
3517 2760 3543 2796 ι

335 2835 478 2893 datis
504 2835 591 2892 his
605 2839 670 2890 ".
697 2854 717 2889 ι

407 2954 695 3008 Canticum
731 2963 914 3010 autem
949 2961 1032 3010 est
1079 2955 1348 3028 theologia
1371 2995 1388 3020 ,
1421 2971 1546 3028 quae
1580 2955 1724 3014 veris
1753 2963 1809 3014 et
1835 2954 2006 3014 rectis
2029 2953 2387 3026 dogmatibus
2415 2959 2504 3010 est
2555 2951 2812 3040 fundas,
2859 2965 3026 3022 quam
3077 2950 3216 3022 justi
3249 2952 3442 3007 anima
3492 2950 3608 3008 sola

337 3056 538 3113 magno
569 3041 754 3096 studio
781 3051 835 3096 et
866 3057 999 3096 cura
1029 3057 1222 3098 secum
1279 3044 1581 3100 destinavit
1643 3044 1776 3102 Deo.
1824 3045 1918 3101 Vel
1950 3051 2104 3100 certe
2148 3057 2254 3098 vox
2305 3051 2392 3117 est
2425 3049 2620 3114 argute
2647 3056 2713 3097 ac
2738 3041 3034 3104 concinne,
3064 3040 3280 3112 absque
3337 3049 3610 3096 concentu

338 3129 532 3200 organi
563 3130 796 3184 reddita.
823 3129 1176 3202 Quaecunque
1208 3133 1354 3188 enim
1387 3132 1535 3190 nuda
1563 3142 1620 3190 et
1655 3134 1935 3191 abstracta
1957 3131 2426 3203 contemplatione
2455 3143 2522 3185 ac
2559 3127 2832 3200 theologia
2869 3129 3447 3200 comprehenduntur,
3506 3127 3608 3182 hoc

339 3218 580 3274 nominis
611 3219 942 3274 sortiuntur.

367 3305 571 3384 -462
605 3305 819 3360 Librum
881 3306 1020 3362 hunc
1062 3313 1338 3376 acceptum
1387 3304 1623 3374 reponite
1657 3305 1716 3360 in
1743 3305 1906 3363 latere
1966 3321 2108 3362 arcte
2161 3303 2396 3376 fades-is.
2432 3303 2572 3382 [26.]
2601 3305 2873 3362 Caeterum
2925 3305 2982 3361 in
3031 3306 3282 3363 medium
3346 3303 3606 3362 concedit

337 3393 473 3458 lex,
517 3395 722 3449 iudicio
779 3393 926 3464 quod
983 3409 1124 3448 nova
1187 3409 1286 3464 per
1334 3391 1618 3450 Christum
1677 3395 1888 3451 edenda
1949 3393 2178 3449 oracula
2233 3409 2342 3448 non
2388 3393 2552 3464 longe
2591 3393 2702 3448 sint
2777 3393 3058 3449 defutura.
3136 3391 3278 3450 Nam
3331 3403 3388 3451 et
3436 3393 3606 3462 legem

337 3497 560 3552 quoque
587 3484 640 3537 in
666 3477 843 3538 sacris
871 3481 1111 3538 cmtibus
1169 3481 1418 3553 recipere
1479 3482 1777 3554 oportebit,
1833 3481 2169 3554 minimeque
2227 3482 2480 3554 rejicere.
2522 3479 2914 3540 Verumtamen
2976 3482 3166 3554 prima:
3193 3481 3246 3536 ei
3300 3497 3413 3538 non
3464 3475 3613 3535 defe-

337 3577 565 3626 runtur.
1499 3589 1503 3591 ’

411 3701 739 3774 (Jongregate
760 3699 828 3754 ad
847 3716 927 3754 me
949 3715 1126 3755 omnes
1148 3698 1381 3752 tribuum
1409 3698 1674 3767 principes
1697 3709 1920 3754 vestros.

2095 3703 2574 3772 Ἐκκλησιάσαινε
2597 3703 2750 3772 πρός
2761 3719 2840 3770 με
2867 3699 3010 3766 τοὺς
3032 3697 3398 3770 φυλάρχους
3418 3692 3605 3766 ὑμῶν.

339 3793 483 3871 [28.]
542 3791 681 3850 Vox'
707 3793 928 3864 quidem
988 3792 1082 3848 Dei
1119 3807 1226 3846 una
1252 3799 1337 3850 est
1361 3805 1490 3862 erga
1521 3805 1722 3846 omnes
1755 3798 1918 3860 quot-

2037 3795 2306 3868 Ἐνωτικὴ
2354 3795 2465 3868 γὰρ
2495 3799 2530 3867 ἡ
2555 3793 2692 3850 Θεοῦ
2746 3792 2901 3864 φωνὴ
2942 3793 3058 3848 ,τῶν
3111 3791 3229 3844 ὅσοι
3291 3786 3607 3858 πειθόμενοι

340 3900 477 3962 quot
503 3887 822 3945 earumdem
868 3887 1128 3940 virtutum
1155 3893 1210 3941 et
1235 3885 1546 3955 dogmatum
1575 3898 1636 3939 se
1682 3882 1922 3939 submit-

2027 3891 2149 3954 ταῖς
2197 3891 2394 3952 αὐταῖς
2436 3889 2658 3960 ἀρεταῖς
2713 3885 2809 3940 καὶ
2856 3884 3128 3954 δόγμασιν
3184 3877 3603 3936 ὑποϐάλλονται.

340 3991 465 4042 tunt
496 3982 752 4052 imperio.
788 3978 846 4034 In
883 3979 1076 4052 primis
1115 3993 1246 4055 vero
1274 3977 1340 4030 ad
1367 3991 1462 4030 eos
1513 3975 1607 4046 qui
1657 3975 1923 4046 dignitate

2029 3979 2288 4052 Πρώτους
2325 3980 2384 4035 δὲ
2431 3980 2526 4035 καὶ
2573 3979 2696 4034 κατ’
2747 3975 3030 4048 ἐξαίρετον
3089 3974 3218 4039 τοὺς
3264 3968 3605 4058 προῦχοντας

341 4083 602 4151 praestant
635 4075 759 4131 aliis
813 4074 1072 4143 pertinet.
1135 4070 1285 4156 Qq'os
1323 4069 1446 4124 ideo
1493 4083 1804 4124 convocare
1833 4067 1921 4123 di-

2028 4068 2171 4136 ἁξιοϊ
2196 4069 2546 4140 συλλεγῆναι.
2581 4067 2988 4140 Προσεκτικοὺς
3016 4060 3218 4129 αὖτοὺς
3247 4064 3362 4120 τῶν
3383 4055 3601 4129 λεγομέ-

342 4148 566 4236 gnatur,
595 4181 706 4236 quo
735 4165 886 4219 dicto
903 4148 1282 4218 audientiores
1315 4160 1500 4215 ἰδυῖαι.
1533 4159 1742 4215 Horum
1773 4159 1922 4215 enim

2029 4179 2134 4217 νων
2195 4160 2493 4217 ἀποτελῶν.
2541 4161 2667 4226 Τοῖς
2727 4161 2835 4232 γὰρ
2874 4159 3081 4214 τούτων
3135 4157 3408 4230 νεύμασιν
3438 4148 3601 4225 ἐχρῆν

344 4274 373 4312 a
405 4259 560 4314 vultu
586 4258 957 4312 obedientiam
994 4254 1236 4326 pendere
1268 4254 1584 4343 oportebat.
1831 4282 1833 4285 -

1152 4270 1236 4310 ere
1268 4254 1584 4343 oportebat.
1831 4282 1833 4285 -
2031 4249 2347 4308 ἀκολουθεῖν
2377 4249 2440 4304 τὸ
2473 4250 2735 4321 ὑπήκοον.

413 4395 815 4452 Testimonium
851 4405 1034 4450 autem
1075 4409 1263 4454 suum
1318 4393 1598 4462 praemittit
1628 4407 1738 4462 quo
1771 4391 2084 4448 futurorum
2121 4391 2389 4446 malorum
2419 4387 2582 4460 culpa
2633 4401 2755 4443 sese
2805 4386 3013 4441 eximat
3073 4384 3244 4449 Deus,
3271 4391 3330 4439 et
3359 4376 3504 4452 quod
3539 4387 3602 4430 ea

344 4485 548 4542 mentis
612 4483 916 4538 mutatione
975 4481 1171 4538 evitari
1202 4483 1419 4550 possint
1442 4480 1672 4538 indicet.

410 4571 659 4639 Adverte,
686 4571 900 4634 caelum,
929 4585 1053 4624 nam
1087 4567 1296 4640 loquar,
1331 4578 1380 4623 et
1412 4569 1598 4623 audiat
1624 4577 1768 4622 terra
1803 4563 1960 4621 verba
1979 4581 2043 4621 ea:
2067 4581 2159 4620 ore
2189 4578 2323 4618 meo.
2346 4559 2590 4634 [XXXIL
2613 4559 2692 4634 1.]
2739 4559 2812 4615 Ut
2855 4558 2947 4616 Dei
3005 4559 3173 4615 verba.
3227 4556 3598 4640 percipiantur

346 4665 546 4720 cmlum
573 4635 716 4732 quod
749 4661 967 4718 divinas
993 4635 1202 4729 accepit
1222 4659 1716 4720 virtutesinvocat,
1747 4670 1962 4712 necnon
1985 4662 2190 4710 terram
2229 4651 2539 4706 mortalium
2576 4648 2782 4704 sedem.
2816 4649 2892 4703 Ea
2929 4648 3076 4704 enim
3109 4657 3292 4702 mente
3342 4635 3592 4716 praditos

347 4751 574 4808 reddere
608 4750 870 4805 attonitos
898 4757 1151 4820 possunt.
1189 4747 1460 4814 Quoniam
1492 4762 1620 4802 vero
1655 4744 1798 4800 oculi
1831 4741 2059 4797 auribus
2085 4739 2442 4810 pretiosiores
2473 4736 2907 4806 solertioresque
2961 4743 3114 4798 sunt,
3141 4734 3594 4820 advertereiprtn-

349 4841 731 4904 stantioribus,
769 4819 964 4893 audire
983 4852 1114 4892 vero
1147 4837 1476 4892 mortalibus
1511 4833 1706 4889 tribuit
1746 4847 1762 4886 :
1810 4829 2104 4887 facultates
2137 4827 2281 4883 enim
2313 4825 2516 4882 mentis
2556 4834 2819 4895 tanquam
2845 4823 3046 4879 oculus
3080 4838 3226 4878 unus
3253 4819 3590 4892 percipiunt;

350 4950 445 4992 seu
475 4933 732 5003 quoniam
765 4943 829 4984 ea
853 4927 1080 4985 oracula
1101 4927 1278 4999 longis
1311 4935 1434 4996 post
1466 4923 1806 4993 temporibus
1833 4935 2084 4986 evenere,
2124 4919 2358 4974 mortale
2381 4931 2512 4972 vero
2538 4916 2859 4972 diuturnum
2891 4930 3002 4968 non
3043 4921 3147 4980 est,
3174 4912 3388 4968 divinas
3415 4916 3468 4964 et
3494 4905 3590 4960 itn-

350 5019 626 5079 mortales
641 5020 892 5084 virtutes,
929 5015 1029 5071 Itoc
1059 5023 1164 5080 est,
1197 5013 1472 5083 longaevas
1501 5018 1662 5066 terrae
1692 5016 1882 5079 partes
1911 5007 2236 5066 testimonio
2265 5021 2450 5062 rerum
2485 5004 2799 5060 futurarum
2827 5003 3066 5068 invocat,

419 5148 557 5203 Nam
599 5155 652 5202 et
683 5144 812 5200 alibi
843 5143 988 5199 Deus
1022 5156 1119 5213 per
1165 5131 1352 5196 Mosen
1386 5139 1578 5195 eodem
1642 5137 1806 5193 modo
1845 5138 1928 5193 lo-

2104 5138 2238 5194 Θεοῦ
2275 5137 2363 5191 διὰ
2389 5135 2670 5200 Μωῦσέως
2721 5133 3032 5199 λαλοῦντος,
3087 5133 3183 5212 καὶ
3232 5130 3340 5186 τῶν
3387 5124 3589 5180 πάντων

353 5242 576 5312 quitur,
623 5248 676 5295 et
733 5237 979 5294 omnium
1047 5249 1236 5290 rerum
1295 5231 1638 5288 conditorem
1684 5231 1925 5286 invocat.

2035 5230 2468 5302 ἐπικαλουμένου
2510 5228 2604 5283 τὸν
2653 5228 2906 5300 ποιητὴν,
2964 5228 3066 5298 τὴν
3099 5227 3278 5280 κτίσιν
3330 5217 3492 5312 ἐχρῆν
3520 5212 3589 5270 είς

355 5305 492 5388 (iam
551 5305 680 5387 vero
714 5346 784 5386 an
814 5338 1008 5386 contra
1059 5326 1279 5384 Judmos
1343 5331 1557 5380 tantum
1611 5324 1933 5397 hujusmodi

2040 5327 2280 5397 ὑπήκοον
2308 5322 2563 5392 ἄγεσθαι.
2599 5322 2690 5393 Μή
2732 5319 2940 5374 ποτεδὲ
2969 5319 3060 5374 καὶ
3091 5319 3166 5382 ὡς
3191 5317 3302 5372 τῶν
3340 5305 3585 5397 τοιούτοιν

355 5446 522 5487 \ucrs
581 5427 940 5488 orarit-rantur
994 5421 1143 5478 haud
1201 5421 1416 5487 sciam,
1466 5420 1666 5476 caelum
1696 5430 1746 5476 et
1791 5428 1934 5476 terra

2041 5389 2235 5486 φωνῶν
2259 5389 2379 5469 καθ
2415 5389 2690 5488 Ἰουδαίων
2721 5407 3172 5483 προφερομένων,
3209 5403 3428 5478 οὐρανὸς
3454 5389 3586 5450 εικό-

431 5607 476 5637 ³³
514 5609 668 5659 Rom.
730 5622 805 5664 si,
857 5603 944 5658 33.
1023 5602 1066 5634 ³⁷
1110 5601 1255 5657 Psal.
1292 5617 1382 5656 xv.
1413 5599 1501 5655 10.
1585 5597 1629 5630 ³⁸
1665 5599 1681 5654 l
1711 5599 1927 5664 Regii,
2092 5596 2134 5628 ³⁹
2169 5595 2308 5648 l’rov
2383 5609 2529 5649 xxvi.
2583 5592 2674 5646 25.
2751 5591 2794 5624 ⁵⁸
2824 5589 2984 5664 Prov.
3020 5606 3166 5659 xxiv,
3209 5587 3290 5644 lli.
3362 5575 3575 5632 "13""-

359 5672 582 5741 3:1,?2.
658 5661 1161 5740 “ornament.
1218 5670 1305 5726 ιιι
1354 5665 1482 5728 Cor.
1515 5687 1568 5739 ν,
1601 5669 1654 5724 7.
1733 5661 1942 5724 uana

1383 5668 1482 5728 lor.
1515 5687 1568 5739 ν,
1601 5669 1654 5724 7.
1733 5661 1994 5724 MCalai.
2057 5681 2130 5735 tv,
2188 5666 2278 5733 2|,
2312 5667 2399 5719 22.
2479 5667 2522 5698 ⁸⁸
2573 5664 2761 5720 Matth.
2795 5661 2966 5730 v.19.
