4010 6230
430 277 539 340 953
1317 287 1859 351 COMMENTARII
1901 292 1984 352 IN
2029 290 2733 353 DEUTERONOMIUM.
3366 292 3375 295 ⁴
3582 286 3687 352 954

423 410 537 446 τως
563 393 915 449 ἀνακαλεῖται
949 396 1045 450 καὶ
1071 395 1168 466 γῆ,
1198 396 1267 450 τὰ
1288 399 1519 453 καθόλου
1542 401 1641 471 τῆς
1672 400 2002 469 οἰκουμένης

2128 409 2445 454 nvocantur
2487 399 2687 454 merito
2725 418 2738 453 :
2768 413 2891 469 quae
2923 408 3111 470 gentes
3141 409 3241 469 per
3269 406 3442 455 totum
3497 401 3684 453 orbem

431 483 560 642 Ξένη
619 485 881 557 δηλοῦντα
907 527 923 554 ,
986 489 1084 542 καὶ
1128 489 1257 560 ⁵τῆς
1310 490 1369 543 ὲν
1416 491 1666 561 οὐρανοῖς
1721 492 2005 563 διατριϐῆς

505 592 594 642 ια;

2122 498 2418 557 versantes,
2450 504 2515 548 ac
2541 490 2864 547 caelestibus
2896 487 3123 545 sedibus
3155 489 3355 560 dignas
3384 503 3686 559 repraesen-

2122 590 2249 638 tant.

505 592 594 643 ta;

503 693 685 751 Stillet
701 703 758 748 ut
786 693 971 765 pluvia
995 695 1256 768 eloquium
1277 714 1470 752 meum.
1503 694 1745 770 [XXXI],
1762 680 1844 768 2.]
1859 695 1995 752 Cum
2020 695 2184 763 nubis
2204 696 2381 751 instar
2404 693 2581 751 Moses
2603 700 2768 761 esset,
2787 692 2893 751 isto
2918 693 3133 750 dicendi
3161 710 3362 766 genere
3376 697 3567 751 utitur.
3593 694 3688 751 Sic

430 784 576 840 enim
601 785 775 838 sancti
809 787 1179 854 appellantur.
1214 787 1289 841 De
1319 787 1520 858 quibus
1545 785 1753 840 dictum
1786 791 2006 841 exstat:
2041 801 2061 837 ι
2085 780 2306 839 Veritas
2332 789 2425 836 tua
2458 781 2526 837 ad
2549 781 2726 838 nubes
2756 797 2936 851 usque
2961 783 3223 852 protingit
3246 783 3316 839 “.
3344 802 3364 835 ›
3406 783 3508 850 Qui
3539 782 3685 839 enim

430 870 605 925 nubes
635 869 924 926 insensiles
952 872 1199 928 veritatis
1229 889 1451 929 sensum
1475 872 1830 944 percipiunt?
1861 869 2057 927 Iisdem
2090 884 2312 941 quoque
2348 885 2377 924 a
2410 868 2522 924 Deo
2554 868 2807 924 mandari
2855 869 3081 934 dicitur,
3114 878 3172 924 ut
3217 872 3455 942 pluviam
3524 878 3689 925 terra:

431 964 647 1029 negent.
682 959 761 1013 Ac
789 958 908 1026 ejus
961 960 1204 1015 mandati
1240 962 1408 1017 divini
1469 977 1639 1017 sensu
1684 967 2010 1031 tanguntur,
2044 966 2099 1014 et
2119 958 2208 1012 ubi
2238 956 2530 1027 rigaudum
2560 957 2812 1011 minusve
2853 964 3080 1010 norunt.
3140 956 3237 1012 His
3294 972 3426 1012 vero
3478 956 3685 1022 verbis,

2109 590 2249 638 tant.

429 1053 489 1099 ut
518 1046 694 1100 locum
720 1045 862 1114 apud
884 1045 1097 1116 seipsos
1121 1049 1386 1116 parentia
1415 1062 1481 1102 eo
1503 1047 1720 1116 eloquia
1756 1046 1860 1101 ista
1885 1045 2187 1116 excipiant,
2225 1043 2686 1115 quemadmodum
2709 1044 2962 1114 agricola:
2987 1052 3186 1098 terram
3220 1059 3419 1114 parare
3480 1043 3689 1098 solent,

427 1148 538 1204 quo
558 1131 709 1187 nulla
735 1131 985 1186 elabatur
1008 1147 1173 1203 aqua,
1196 1134 1467 1189 hortatur.

496 1251 570 1305 Τὸ
591 1252 859 1323 ἠρεμαῖον
884 1251 976 1307 καὶ
997 1249 1072 1323 μὴ
1090 1249 1298 1305 κατασύ
1308 1267 1396 1319 ρον
1411 1247 1608 1319 τῶν“ῥη
1617 1246 1802 1318 μάτων
1823 1244 2005 1317 δηλῶν

426 1343 570 1396 κατὰ
607 1344 781 1414 βραχὺ
800 1343 1083 1408 δυνόντων,
1118 1342 1217 1394 καὶ
1240 1340 1341 1411 τὴν
1374 1339 1604 1411 καρδίαν
1636 1337 2005 1409 ἁπαλωτέραν

426 1438 565 1505 πρὸς
602 1433 978 1506 καρποφορίαν
1002 1431 1412 1505 ἐργαζομένων,
1469 1430 1667 1501 δρόσον
1699 1428 1874 1483 ταῦτα
1903 1445 2003 1484 και

426 1528 526 1582 λεῖ.
575 1525 767 1580 Ὀποία
794 1525 887 1578 καλ⁸
919 1525 952 1595 ἡ
983 1522 1385 1578 καταϐαίνουσα
1425 1520 1567 1575 κατὰ
1608 1520 1777 1573 Δαὸὶδ
1805 1519 1902 1573 ἐπὶ
1926 1520 1994 1574 τὰ

426 1619 527 1688 ὅρη
555 1615 730 1675 Σιών,·
755 1617 837 1670 ὅτι
867 1616 986 1668 ἐκεῖ
1015 1613 1318 1670 ἐνετείλατο
1350 1611 1557 1683 Κύριος
1592 1610 1692 1682 τὴν
1718 1610 2000 1679 εὐλογίαν,

427 1707 571 1779 ζωὴν
604 1706 710 1769 ἕως
733 1704 827 1759 τοῦ
874 1704 1090 1767 αἰῶνος.
1135 1703 1247 1756 Καὶ
1290 1701 1445 1758 αὐτοὶ
1498 1701 1678 1756 τοίνυν
1709 1703 1786 1766 ὡς
1809 1701 2002 1775 δρόσον

426 1797 710 1869 δεχόμενοι
737 1795 865 1859 τοὺς
887 1793 1080 1865 λόγους
1117 1792 1601 1865 εὐλογηθήσονται.

514 1977 575 2031 Ἦ
594 1976 865 2047 ἄγρωστις
894 1976 1000 2030 πόα
1021 1978 1116 2042 τίς
1139 1975 1293 2030 ἐστιν
1314 1975 1687 2046 ἐπινεμομένη
1717 1976 1785 2046 τῇ
1810 1976 1881 2044 γῇ
1904 1974 2000 2028 καὶ

429 2070 674 2142 βαθείαις
707 2068 887 2139 ῥίζαις
909 2068 1138 2133 λεπταῖς
1151 2085 1211 2123 τε
1246 2068 1343 2122 καὶ
1369 2067 1592 2132 πολλαῖς
1619 2068 1714 2125 καὶ
1745 2068 1998 2130 πυκναῖς,

425 2159 537 2219 οἷόν
566 2178 676 2216 τισι
715 2160 916 2226 ζώναις
947 2161 1048 2231 τὴν
1092 2161 1198 2232 γῆν
1248 2160 1694 2229 περισφίγγουσα
1716 2174 1731 2190 ·
1763 2158 1840 2223 ὡς
1871 2159 2000 2211 ἀντ-

427 2254 660 2325 έχουσαν
687 2253 810 2316 ταῖς
837 2249 1192 2322 ὲπομϐρίαις,
1232 2249 1310 2321 μὴ
1343 2248 1790 2321 παρασύρεσθαι,
1838 2247 2001 2301 πλέον

2180 1241 2387 1299 Deinde
2425 1243 2727 1308 lenitatem,
2755 1251 2810 1298 et
2836 1243 3130 1300 verborum
3195 1244 3528 1301 modestiam
3560 1256 3689 1315 quae

2109 1332 2370 1404 paulatim
2442 1333 2739 1390 subsidunt
2796 1349 3004 1406 corque
3060 1337 3473 1391 molliusculum
3527 1335 3688 1390 ferax

2108 1422 2365 1491 reddunt,
2393 1439 2516 1478 cum
2548 1439 2612 1479 ea
2643 1425 2786 1482 roris
2818 1429 3084 1496 preponit
3146 1428 3392 1493 nomine,
3454 1426 3683 1482 indicat.

2108 1514 2432 1585 Cujusmodi
2464 1524 2516 1570 et
2543 1514 2679 1570 illud
2698 1523 2807 1581 est,
2840 1532 2961 1588 qua:
2989 1517 3296 1583 descendit,
3319 1518 3481 1588 juxta
3520 1515 3685 1571 Davi-

2106 1607 2254 1675 dem,
2284 1623 2450 1678 super
2476 1615 2691 1675 montes
2740 1608 2901 1673 Sion,
2945 1611 3207 1679 quoniam
3270 1611 3382 1663 illic
3433 1592 3689 1678 promisit

2106 1699 2374 1755 Dominus
2411 1700 2583 1753 vitam
2632 1697 2843 1755 felicem
2875 1702 2933 1755 in
2960 1709 3224 1757 aeternum
3246 1701 3315 1755 ⁸⁷.
3349 1698 3461 1771 1ρεὶ
3497 1694 3707 1770 ἰιιιῳιε’

2108 1792 2272 1846 etiam
2309 1791 2403 1859 qui
2432 1791 2599 1846 verba
2627 1799 2890 1862 tanquam
2924 1805 3108 1848 rorem
3140 1792 3447 1862 excipiunt,
3504 1791 3685 1847 felici-

2038 1870 2081 1929 Β
2111 1890 2223 1939 tate
2253 1883 2628 1939 donabuntur.

2176 1977 2449 2032 Caeterum
2480 1976 2757 2047 ἄγρωστις
2788 1976 2956 2033 herba
3002 1976 3256 2046 quaedam
3291 1983 3397 2041 est,
3433 1990 3560 2047 quae
3582 1956 3693 2031 suo

2108 2083 2207 2138 per
2237 2079 2381 2123 terra
2403 2070 2597 2139 serpit,
2623 2084 2689 2124 ac
2713 2068 2840 2124 altis
2870 2067 3160 2124 radicibus
3185 2069 3465 2135 tenuibus,
3498 2067 3698 2122 multis

2110 2172 2177 2213 ac
2204 2157 2589 2236 frequentibus
2634 2169 2840 2216 terram
2881 2174 2985 2214 ceu
3038 2157 3357 2213 bumiditati
3418 2157 3689 2212 resisten-

2109 2261 2219 2306 tem
2250 2252 2663 2321 compleCtitur,
2694 2253 3027 2325 altioresque
3049 2268 3121 2310 ne
3148 2253 3418 2308 evellatur
3448 2248 3695 2305 subinde

425 2345 515 2401 ἀεὶ
542 2341 889 2415 ριζουμένην.
918 2340 1107 2405 Οὕτως
1131 2337 1227 2395 οὖν
1248 2339 1394 2407 ἀξιοῖ
1431 2338 1522 2393 τὸν
1554 2338 1773 2407 λογικὸν
1797 2337 2005 2409 όμὸρον

2122 2342 2320 2397 'adices
2366 2342 2495 2412 agit.
2550 2342 2630 2397 Ad
2688 2343 2837 2398 hunc
2888 2345 3062 2414 igitur
3111 2342 3356 2405 modum,
3392 2340 3447 2394 in
3487 2338 3699 2394 mentis

418 2435 504 2507 τῷ
520 2435 621 2507 τῆς
644 2433 887 2501 διανοίας
908 2430 1386 2503 παραπέμπεσθαι
1440 2428 1618 2501 βάθει,
1657 2430 1868 2500 μήποτε
1903 2429 1998 2482 καὶ

2122 2433 2536 2503 profunditatem
2570 2435 2721 2490 verbi
2752 2436 2841 2491 sui
2872 2436 3105 2491 imbrem
3151 2435 3445 2489 demittere
3496 2431 3690 2501 digna-

428 2526 758 2601 ξηρανθῶσι,
798 2525 872 2596 μὴ
914 2524 1220 2608 δεχόμενοι,
1281 2524 1379 2576 καὶ
1428 2522 1505 2586 ὡς
1530 2522 1812 2591 ἄγρωστις
1858 2520 2005 2592 ξηρὰ

2122 2533 2228 2590 tur,
2256 2541 2325 2580 ne
2348 2525 2489 2582 forte
2513 2528 2609 2596 qui
2643 2542 2751 2580 non
2783 2527 3089 2598 excipiunt,
3116 2529 3461 2589 exarescant,
3490 2530 3546 2577 et
3565 2532 3689 2574 tan-

431 2619 714 2692 βρωθῶσιν
747 2617 853 2671 ὑπὸ
878 2617 1072 2687 πυρὸς,
1110 2614 1254 2669 κατὰ
1309 2614 1410 2686 τὴν
1451 2612 1549 2668 τοῦ
1603 2613 1829 2667 Ἠσαίου
1889 2629 2003 2682 φω-

2122 2633 2268 2688 ιυιιω
2305 2619 2473 2674 herba
2531 2619 2686 2675 arida
2720 2619 2789 2675 ab
2831 2619 2977 2691 igne,
3025 2617 3184 2689 juxta
3219 2616 3371 2673 Isaia:
3410 2610 3705 2675 vocem",

428 2712 558 2783 νήν.
786 2764 787 2767 γ
1510 2760 1513 2765 _
1900 2746 1907 2751 .
1977 2740 1983 2744 -

2122 2711 2497 2769 tbsumantur.

493 2816 775 2875 Fortassis
800 2832 933 2873 vero
962 2822 1182 2887 propter
1204 2814 1551 2871 sterilitatem
1587 2814 1696 2871 feni
1731 2824 1786 2872 et
1809 2816 2136 2890 ἀγρώστιος,
2194 2821 2327 2876 item
2360 2821 2502 2890 quod
2523 2820 2579 2875 in
2610 2820 2748 2876 locis
2801 2819 3027 2876 incultis
3091 2826 3397 2874 nascuntur
3426 2855 3443 2882 ,
3510 2812 3679 2869 steri-

424 2908 631 2963 litatem
657 2906 1114 2975 asperitatemque
1142 2918 1332 2960 eorum
1355 2905 1452 2974 qui
1486 2903 1727 2958 audituri
1759 2914 1917 2966 sunt,
1950 2906 2150 2973 innuit,
2199 2919 2534 2979 quapropter
2562 2924 2658 2965 eos
2690 2909 2998 2964 obtestatur
3063 2906 3252 2962 etiam.

499 2995 732 3052 Tribm’te
747 2993 1196 3065 magniﬁcentiam
1228 2992 1334 3047 Deo
1363 3001 1563 3047 nostra.
1598 2990 1704 3064 [3.]
1725 2992 1868 3048 Nihil
1900 2994 2102 3051 humile
2137 3007 2226 3069 aut
2252 3009 2518 3052 creaturae
2564 2996 2744 3052 simife
2768 2997 2836 3052 de
2860 3011 2927 3051 eo
2950 2992 3300 3062 concipialis.
3343 2990 3519 3045 Porro
3583 2985 3689 3041 Das

424 3085 513 3142 vid
536 3098 755 3156 quoque
774 3083 849 3138 ait
880 3101 893 3136 :
933 3099 953 3132 ι
978 3080 1316 3152 Magnificate
1340 3079 1631 3136 Dominum
1669 3096 1901 3149 mecum,
1922 3090 1977 3137 et
2006 3086 2309 3140 exaltemus
2332 3100 2529 3140 nomen
2575 3085 2699 3155 ejus
2735 3084 2900 3139 simul
2923 3082 2993 3137 ⁸⁸.
3021 3101 3039 3135 ι
3076 3081 3134 3136 Si
3154 3081 3302 3137 enim
3351 3090 3519 3149 opera
3562 3075 3687 3146 ejus

424 3173 769 3251 magnifiunt,
802 3179 1011 3243 quanto
1045 3171 1221 3241 magis
1249 3171 1368 3241 ipse
1397 3184 1588 3226 eorum
1636 3170 1914 3225 conditor.

495 3294 561 3348 Ei
594 3290 1064 3365 γάρὲμεγαλύνθη
1085 3290 1154 3355 τξι
1179 3290 1319 3359 ἔργα
1352 3288 1544 3354 αὐτοῦ,
1589 3288 1742 3360 πόσῳ
1791 3287 1999 3358 μᾶλλον

2179 3284 2255 3338 Ex
2285 3297 2512 3352 operum
2538 3282 2686 3338 enim
2719 3279 3125 3363 magnificentia
3157 3293 3223 3333 ac
3281 3279 3694 3347 pulchritudine

426 3385 587 3451 αὐτὸς
617 3386 646 3438 ὁ
672 3383 880 3438 τούτων
907 3382 1274 3454 δημιουργόςι
1314 3383 1409 3436 Ἐκ
1441 3381 1706 3453 μεγέθους
1747 3381 1859 3450 γὰρ
1915 3383 2010 3434 καὶ

426 3476 687 3546 καλλονῆς
708 3462 1326 3545 κτισμάτωνάναλόγως
1352 3475 1382 3526 ό
1408 3473 1792 3544 γενεσιουργδς
1822 3472 2009 3526 αὐτῶν

426 3568 736 3640 θεωρεῖται.
767 3565 881 3620 Καὶ
925 3565 1158 3629 Ἡσαΐας
1188 3564 1245 3619 δέ
1268 3580 1459 3635 φησιν,
1499 3582 1519 3615 ι
1551 3564 1830 3635 Ἐπᾶρατε
1876 3564 2008 3628 τοὺς

428 3656 740 3726 ὀφθαλμοὺς
768 3654 943 3726 ὑμῶν,
972 3655 1065 3708 καὶ
1096 3652 1235 3707 ίδετε
1263 3654 1352 3717 τίς
1408 3650 1687 3716 κατέδειξε
1742 3650 1952 3718 ταῦτα;
1984 3670 2004 3704 ι

429 3746 745 3817 Μέγεθοςδὲ
760 3746 910 3819 αὐτῷ
939 3745 1023 3800 οὐκ
1041 3744 1376 3816 σωματικὸν,
1425 3743 1571 3798 κατὰ
1600 3743 1658 3798 δὲ
1690 3743 1790 3807 τὰς
1849 3743 2011 3797 ἀπεί-

432 3855 554 3912 ρους
582 3856 645 3892 τε
670 3837 952 3910 ἐνεργείας
996 3836 1093 3890 καὶ
1143 3835 1425 3906 δυνάμεις.
1472 3834 1628 3888 Ἐπεὶ
1672 3832 1771 3887 καὶ
1810 3831 2031 3902 μικρὸς

428 3931 568 4004 ἀνὴρ
595 3929 674 4002 τῷ
713 3927 947 4000 σώματι,
1006 3926 1183 3998 μέγας
1234 3924 1377 3980 κατὰ
1429 3923 1623 3993 σοφίαν
1664 3921 2009 3993 ἐπονομάζε-

430 4039 519 4078 ται
526 4066 540 4080 .

503 4114 614 4170 Καὶ
657 4111 849 4169 πᾶσαι
887 4114 947 4167 at
1001 4110 1129 4166 ὁδοί
1188 4109 1376 4166 αὐτοῦ
1414 4110 1649 4179 κρίσεις
1695 4120 1711 4137 ⁸
1755 4106 2008 4162 τουτέστι

434 4206 623 4275 σοφίας
644 4207 740 4259 καὶ
767 4203 1004 4275 κρίσεως
1027 4203 1074 4257 οί
1108 4201 1239 4274 περὶ
1262 4201 1523 4273 προνοίας
1558 4200 1795 4271 γέμουσι
1835 4199 2008 4267 λόγοι,

433 4299 536 4355 κᾶν
565 4298 625 4353 τὸ
647 4296 867 4352 τούτων·
908 4297 1041 4367 ἡμῖν
1093 4294 1167 4366 μὴ
1227 4293 1489 4366 φαίνηται
1546 4293 1794 4348 δίκαιον
1828 4291 1896 4344 δι’
1931 4282 2008 4345 ὧν

432 4391 531 4462 τὴν
553 4389 735 4443 πᾶσαν
765 4387 957 4457 ὥσπερ
977 4383 1363 4456 διαπορεύεται
1408 4385 1609 4452 κτίσιν,
1644 4383 1809 4455 βάθος
1839 4383 2009 4438 πλού-

433 4500 527 4539 του
554 4483 648 4537 καὶ
687 4482 879 4548 σοφίας
908 4478 1068 4548 ἔχων,
1114 4478 1210 4533 καὶ
1237 4477 1506 4549 κρίματα,
1559 4477 1705 4533 κατὰ
1731 4476 1823 4531 τὸν
1857 4473 2009 4530 Παῦ-

435 4574 548 4640 λον,
585 4570 1009 4644 ἁνεξερεύνητα.

513 4756 604 4811 Ἐν
633 4754 713 4827 τῷ
731 4753 927 4825 δικαίῳ
952 4751 1165 4831 πιστὸς,
1202 4751 1280 4823 μὴ
1321 4751 1423 4824 τὴν
1468 4751 1635 4822 ὀρθὴν
1667 4752 1846 4825 κρίσιν
1873 4750 2011 4821 ψευ-

431 4848 688 4920 δόμενος*
736 4847 834 4903 καὶ
883 4844 1094 4918 ἀληθὴς
1124 4843 1617 4915 ἐπαγγελλόμενος,
1653 4845 1754 4897 οὐκ
1808 4843 2010 4898 ἀδικῶν

431 4938 530 5011 τὴν
556 4938 871 5009 ὑπόσχεσιν.
907 4937 982 4991 Τὸ
1019 4935 1078 4990 δὲ
1112 4935 1309 4990 πιστὸν
1354 4935 1531 4989 διττὸν
1566 4935 1708 4988 κατὰ
1732 4934 1832 5007 τὴν
1861 4934 2011 4990 θείαν

432 5033 678 5102 Γραφὴν,
711 5032 746 5104 ἢ
781 5031 843 5085 τὸ
876 5030 1214 5105 ἀξιόπιστον,
1272 5029 1412 5099 ὅπερ
1463 5028 1669 5099 κυρίως
1720 5030 1814 5082 ἐπὶ
1848 5028 2012 5099 μόνου

433 5125 605 5179 Θεοῦ·
657 5123 734 5187 ὡς
787 5122 869 5177 τό·
905 5140 924 5174 ι
969 5121 1167 5185 Πιστὸς
1227 5120 1339 5192 γᾴρ
1374 5123 1403 5175 ό
1440 5122 1947 5191 ἐπαγγειλάμενος·
1990 5141 2010 5174 ι

2114 3376 2361 3445 ipsorum
2414 3370 2597 3442 opifer
2655 3372 2761 3425 rite
2819 3370 3220 3441 perspicuitur.
3254 3367 3480 3422 Necnon
3522 3369 3695 3424 isaias

2111 3480 2244 3521 vero
2300 3467 2478 3534 inquit
2514 3481 2529 3518 :
2567 3482 2588 3514 α
2613 3461 2815 3517 Oculos
2871 3466 3087 3516 vestros
3130 3458 3383 3514 extollite
3411 3466 3467 3513 et
3511 3458 3696 3514 videte

2113 3558 2238 3627 quis
2267 3556 2383 3611 haec
2409 3552 2711 3625 descripsit
2724 3553 2794 3606 ⁸⁸.
2822 3572 2840 3604 ι
2871 3551 3141 3607 Caeterum
3173 3551 3231 3605 in
3256 3564 3325 3604 eo
3354 3564 3468 3604 non
3491 3564 3694 3620 corpo-

2114 3665 2202 3705 rea
2223 3650 2368 3703 inest
2403 3645 2744 3716 magnitudo,
2795 3656 2990 3698 verum
3026 3641 3154 3696 talis
3185 3655 3313 3712 quae
3343 3640 3398 3695 in
3424 3640 3711 3695 immensa
3785 3689 3788 3693 .

2108 3741 2287 3811 ipsius
2333 3738 2585 3795 efﬁcacia
2616 3753 2682 3793 ac
2731 3735 3031 3792 virtutibus
3090 3733 3372 3789 consistit.
3420 3729 3693 3798 Quoniam

2112 3847 2314 3903 parvus
2333 3831 2500 3886 etiam
2518 3816 2876 3901 corpore'vir,
2899 3841 3133 3897 magnus
3167 3824 3455 3897 sapientiae
3478 3823 3713 3880 ratione-

2115 3923 2459 3978 nominatur.

2183 4121 2251 4177 Et
2289 4138 2465 4178 omnes
2498 4121 2596 4177 vita
2626 4121 2742 4191 ejus
2767 4127 2895 4202 su_nt
2919 4116 3213 4188 judicium.
3242 4113 3347 4189 [4.]
3418 4116 3534 4172 Hoc
3586 4123 3709 4182 est;

2110 4216 2356 4272 rationes
2381 4212 2747 4285 providentia:
2784 4211 2964 4280 ipsius
3002 4207 3273 4277 sapientia
3329 4205 3493 4279 463
3519 4213 3576 4261 ει
3608 4205 3700 4275 jus

2108 4304 2258 4360 dicio
2306 4302 2482 4374 plenae
2531 4308 2681 4366 sunt,
2716 4298 2972 4369 quamvis
3002 4311 3081 4352 ea:
3109 4296 3271 4351 nobis
3302 4310 3412 4349 non
3434 4296 3598 4364 justat
3620 4293 3723 4347 vio—

2112 4394 2370 4450 deantur.
2402 4390 2615 4458 Quibus
2639 4389 2909 4444 fabricam
2959 4395 3131 4441 totam
3164 4392 3496 4455 pervagatur
3532 4382 3712 4454 quasi:

2113 4498 2304 4542 secum
2328 4482 2639 4538 divitiarum
2676 4480 3001 4535 barathrum
3033 4491 3098 4530 ac
3133 4476 3425 4543 sapientiae
3456 4474 3688 4539 habens,

2113 4576 2324 4647 judicia
2381 4574 2620 4644 denique
2660 4587 2720 4626 ut
2774 4569 2919 4641 apud
2987 4569 3215 4624 Paulum
3269 4573 3376 4633 est,
3430 4567 3696 4621 inscr-uta-

2118 4658 2337 4725 bilia“.
3115 4653 3118 4656 ’

2191 4758 2337 4815 Deus
2374 4757 2515 4815 lidus
2541 4764 2644 4819 est,
2667 4762 2723 4809 et
2757 4751 3021 4822 iniquitas
3048 4751 3101 4805 in
3134 4764 3205 4805 eo
3236 4747 3389 4803 nulla
3433 4755 3540 4809 est,
3577 4760 3700 4800 cum

2119 4854 2241 4925 ipsa
2260 4850 2517 4922 aequitate
2537 4847 2699 4901 fidem
2729 4843 3082 4916 conjunctam
3104 4841 3311 4895 habens
3336 4858 3349 4895 :
3371 4838 3466 4910 qui
3493 4846 3700 4892 rectum

2117 4923 2388 5015 judicium
2423 4954 2533 4994 non
2572 4936 2713 4991 falso
2746 4933 2960 4998 statuit,
3012 4942 3075 4988 et
3108 4931 3398 4986 veritatem
3423 4934 3607 4983 servat
3648 4923 3709 4978 in

2121 5026 3052 5106 promissionibus,promissionem
3079 5037 3187 5077 non
3207 5016 3562 5076 labefactans.
3585 5016 3697 5072 Cae-

2122 5104 2302 5181 terum
2333 5122 2498 5178 ﬁdum
2549 5120 2607 5174 in
2662 5115 2864 5173 divinis
2895 5110 3119 5167 Litteris
3153 5107 3425 5182 duplicem
3479 5104 3699 5156 modum

431 5215 543 5271 οἷον
572 5216 668 5271 καὶ
695 5214 758 5269 τδ
791 5214 943 5285 παρὰ
968 5213 1195 5285 Πέτρῳ*
1230 5231 1248 5265 ι
1285 5191 1449 5266 Ὥστε
1476 5213 1581 5265 καὶ.
1612 5214 1663 5265 oi
1712 5213 2007 5284 πάσχοντες

2125 5217 2309 5273 habet.
2360 5219 2473 5269 Aut
2519 5213 2664 5269 enim
2695 5205 2967 5279 signiﬁcat
3016 5201 3121 5267 fide
3150 5199 3399 5269 dignum,
3435 5203 3495 5248 ut
3526 5191 3707 5248 sacris

436 5310 579 5365 κατὰ
604 5309 666 5393 se
697 5308 911 5378 θέλημα
925 5306 1021 5361 τοῦ
1046 5306 1204 5372 Θεοῦ,
1244 5305 1421 5377 πιστῷ
1466 5306 1663 5377 κτίστῃ
1707 5306 2011 5377 παρατιθέ-

436 5400 650 5456 σθωσαν
699 5402 796 5465 τὰς
855 5399 1065 5454 ἑαυτῶν
1096 5400 1295 5471 ψυχάς.
1338 5418 1357 5451 ι
1392 5398 1590 5462 Πιστὸς
1627 5398 1684 5452 δὲ
1734 5399 1830 5453 καὶ
1860 5400 1889 5452 ό
1919 5416 2011 5452 πι-

430 5492 667 5560 στεύων,
696 5492 770 5557 ὠς
814 5491 1067 5563 Ἀϐραὰμ
1090 5492 1307 5560 πιστὸς,
1334 5492 1421 5545 ὅτι
1451 5492 1530 5562 τῷ
1557 5489 1807 5545 λαλοῦντι
1852 5490 2017 5544 πεπί-

502 5646 549 5680 ﬂ
582 5647 725 5701 Psai.
760 5662 923 5705 xxxv,
964 5644 1017 5700 6.
1095 5643 1159 5715 ξ’.
1193 5640 1338 5701 Psal.
1369 5660 1573 5715 cum,
1603 5647 1659 5702 5.
1746 5642 1792 5679 ⁸⁸
1817 5641 1920 5700 lsa.
1952 5659 2007 5698 nt

2122 5642 2172 5698 8.
2254 5638 2299 5676 “
2330 5637 2475 5695 Psal.
2523 5648 2718 5699 χχχιιι,
2745 5631 2798 5685 ιι.
2896 5626 2943 5662 ⁸⁸
2981 5624 3087 5679 lsa.
3126 5636 3216 5688 χι,
3248 5616 3341 5675 26.

444 5730 522 5783 at,
551 5718 639 5772 55.
718 5716 764 5749 ⁸⁸
800 5717 943 5772 Hebr
1007 5730 1065 5779 ιι,
1089 5713 1182 5767 ‘23.

2120 5308 2367 5371 initiare,
2394 5305 2539 5376 quod
2569 5301 2641 5357 de
2665 5301 2793 5356 solo.
2823 5297 2931 5361 Deo
2964 5294 3166 5347 dicitur
3218 5287 3465 5376 proprie.
3496 5286 3701 5376 Quem-
3812 5348 3815 5349 ν

2124 5373 2428 5451 admodum
2454 5390 2628 5446 illud':
2652 5408 2670 5440 ι
2694 5387 2826 5441 Fide
2853 5384 3055 5452 dignus
3083 5386 3191 5443 est,
3220 5378 3266 5432 si
3295 5373 3626 5446 promittit“
3646 5389 3697 5437 ;t

2128 5487 2289 5560 quale
2311 5484 2445 5540 illud
2478 5496 2698 5553 quoque
2723 5474 2866 5549 apud
2890 5475 3107 5528 Petrum
3147 5485 3161 5520 :
3202 5486 3219 5518 ι
3250 5466 3544 5535 PrOpterea
3569 5476 3707 5516 sane

3444 5616 3488 5650 ⁸¹
3531 5617 3693 5674 lion»
