2005 3115
195 153 251 187 959
867 159 1044 191 PROCOPII
1062 160 1183 191 GAZzEI
1786 161 1836 191 9(ιο

229 210 301 244 Quid
317 215 407 238 autem
424 211 477 239 sibi
491 212 567 247 juxta
591 219 737 240 numerum
756 212 915 246 angelorum
936 212 981 240 Dei

1070 213 1102 240 Τί
1119 212 1164 240 οὖν
1180 214 1220 246 τὸ,
1238 215 1310 241 κατὰ
1324 214 1440 250 ἀριθμὸν
1458 215 1583 248 ἀγγέλων
1599 215 1685 243 Θεοῦ·
1703 217 1761 249 Τὰς
1775 228 1834 245 νοε-

194 257 274 283 vult?
290 255 416 284 Virtutes
439 257 597 292 spirituales
620 261 717 293 gentes
745 262 889 291 protegere
912 257 984 286 Deus

1044 260 1089 295 βὰς
1112 260 1241 295 δυνάμεις
1265 260 1462 296 ὑπερασπίζειν
1491 261 1618 289 ἐκέλευσε
1639 261 1699 290 τῶν
1717 263 1804 291 ὲθνῶν
1821 266 1835 292 ὁ

194 302 290 336 jussit.
307 302 395 337 adque
408 303 449 329 sui
465 303 569 329 cultum
588 302 739 334 adducere,
752 310 784 330 ac
801 310 849 338 per
860 303 910 330 has
922 310 984 337 qua;

1044 305 1115 339 Θεὸς,
1133 307 1181 332 κα)⁵
1200 307 1241 337 είς
1264 305 1395 343 λατρείαν
1421 306 1555 342 ὁδηγῆσαι
1573 308 1622 342 τὴν
1648 309 1763 341 ἑαυτοῦ,
1790 311 1835 337 καὶ

195 347 229 374 ad
246 348 362 375 salutem
381 349 484 376 ducunt
496 349 644 376 utilitatem
658 356 754 377 earum
770 356 905 377 summam
920 356 986 384 pro-

1044 351 1153 383 ιαὺταις
1166 351 1299 386 ὠφέλειαν
1311 351 1450 387 προξενῶν
1461 352 1510 388 τὴν
1522 353 1656 389 μεγίστην
1669 355 1834 390 ὁδηγοὺσαις

196 398 285 421 curat.

1044 397 1080 428 εἰς
1094 397 1243 431 σωτηρίαν.

232 450 241 466 ι
256 440 353 468 Castra
368 440 440 468 enim
456 445 539 473 tenet.
556 441 656 477 inquit,
672 441 785 477 angelus
800 441 908 468 Domini
922 441 997 468 circa
1009 441 1139 470 timentes
1155 443 1252 477 ipsius,
1271 447 1299 471 et
1313 443 1412 478 eripiet
1437 451 1484 471 eos
1498 444 1531 471 “.
1548 454 1557 471 ›
1583 445 1620 473 De
1643 445 1754 473 sanctis
1771 446 1833 473 item

196 484 306 520 inquit:
329 495 337 510 ι
356 486 494 517 Quoniam
509 486 614 521 angelis
630 486 687 513 suis
704 486 737 513 de
752 491 778 513 te
795 485 947 517 mandabit,
968 488 998 511 ut
1012 485 1077 512 tein
1101 487 1230 513 onmibus
1253 487 1390 513 institutis
1410 488 1466 514 tuis
1487 491 1618 515 tueantur
1629 489 1666 515 °‘.
1694 498 1703 514 ι
1720 488 1833 516 Necnon

194 529 297 556 Paulus
308 529 391 557 etiam
409 530 523 565 inquit:
541 540 550 556 (
568 532 666 558 Annon
683 538 782 558 omnes
805 535 870 558 sunt
892 530 1078 557 ministrantes
1101 529 1183 565 465
1210 530 1337 564 spiritus.
1358 530 1404 565 qui
1433 531 1460 557 in
1479 531 1623 559 servitium
1655 532 1833 566 ablegantur.

195 579 309 608 propter
326 582 375 602 eos
393 575 495 610 quibus
508 576 584 603 salus
598 575 774 603 litereditario
790 576 940 602 obventura
955 579 997 601 est
1013 573 1048 600 7°.
1064 583 1074 599 ›
1093 574 1215 607 Denique
1228 582 1293 601 vero
1309 574 1440 601 Servator
1456 575 1551 609 inquit
1573 585 1579 602 :
1597 585 1606 601 ‹
1625 575 1765 603 Videbitis
1780 583 1835 604 cte-

194 618 236 644 los
249 618 416 652 patefactos.
435 620 603 655 angelusque
619 619 666 647 Dei
683 619 833 647 ascendere
854 623 881 645 et
896 617 1062 645 descendere
1080 624 1162 651 super
1178 616 1249 644 Ftlio
1261 617 1381 645 hominis
1396 618 1430 646 ⁷¹,
1448 627 1458 644 ι
1478 617 1516 645 De
1527 619 1629 653 quibus
1645 619 1784 653 scriptum
1795 622 1836 646 est

195 662 268 696 quod
291 661 375 689 Deum
395 662 540 690 nobiseutn
556 663 697 690 celebrent
714 671 720 689 :
739 672 748 688 ε
766 662 911 690 Celebrate
927 661 1083 693 Dominum,
1099 668 1196 688 omnes
1214 661 1331 688 virtutes
1347 661 1417 696 ejus,
1446 662 1566 689 ministri
1590 662 1666 697 ejus.
1686 663 1737 697 qui
1757 662 1833 696 iussa

194 707 256 739 ejus
267 706 450 740 exsequimini
465 707 501 734 ".
523 716 532 733 ι
551 707 628 739 Quod
645 715 710 743 vero
725 707 781 734 Deo
798 707 880 733 etiam
894 704 1074 732 reverentiam
1086 704 1184 731 olferre
1193 704 1320 736 doceant.
1338 710 1501 740 argumento
1516 706 1631 741 angelus
1648 706 1698 741 qui
1709 705 1835 734 Gedeoni

195 750 362 783 comparuit.
379 754 430 777 est.
448 749 502 784 lpsi
524 751 597 777 eniut
612 751 750 778 victimam
766 750 865 777 oﬁ'erre
882 748 1002 783 gestivit.
1019 749 1052 774 At
1069 748 1132 775 ille:
1154 758 1164 775 ί
1185 748 1271 784 Cape,
1293 749 1395 784 inquit,
1416 757 1515 777 carnes
1531 754 1558 777 et
1570 757 1684 785 azyma,
1703 754 1731 777 ct
1751 758 1833 784 super

197 797 274 827 petra
290 793 337 819 illa
356 794 451 828 ponito
469 794 501 821 ⁷³.
523 804 531 820 ι
550 794 631 822 Petra
647 802 711 822 vero
724 794 768 821 illa
781 794 909 821 Christus
927 795 996 823 erat,
1013 791 1080 818 dicit
1102 792 1205 820 Paulus
1231 793 1264 825 ⁷⁵,
1289 798 1400 828 propter
1416 794 1514 821 divinae
1550 799 1656 821 natura:
1675 794 1833 821 ﬁrmitatem

196 837 481 873 immobilitatemque.
497 838 586 865 Simili
600 846 711 874 quoque
728 838 809 865 modo
824 837 938 871 angelus
953 835 1000 870 qui
1016 834 1114 863 Manoe
1133 837 1157 863 ei
1176 837 1336 864 sacriﬁcare
1355 837 1458 864 volenti
1481 838 1639 873 comparuit
1664 838 1737 865 dixit
1752 846 1758 864 :
1780 847 1789 863 ε
1807 837 1834 865 Si

196 881 296 908 feceris
313 881 516 913 holocaustum,
536 882 590 909 Deo
607 883 672 909 illud
686 882 784 910 oll‘eres
800 882 850 908 ⁷⁵.»
865 880 942 914 Quod
959 886 1025 906 sane
1041 879 1098 913 ipse
1111 888 1221 914 quoque
1240 889 1326 915 super
1340 886 1416 915 petra
1435 881 1555 908 Domino
1571 881 1692 908 obtulit.

231 924 267 951 Et
276 925 327 959 fuit
339 934 400 960 pars
411 926 635 961 Dominipopulus
646 927 703 961 ejus
717 925 812 953 Iacob.
823 925 943 962 [XXXIL
952 924 989 960 9.]

1079 925 1134 951 Kal
1146 924 1274 958 ἐγενήθη
1284 925 1368 958 μερὶς
1381 924 1491 958 Κυρίου
1511 924 1586 956 λαὸς
1604 924 1702 952 αὑτοῦ
1728 923 1832 951 Ἰακώϐ.

195 970 263 998 Pars
279 972 368 1005 aliqua
385 972 439 999 Deo
459 972 542 1004 cedit,
556 980 616 1007 qua:
627 973 761 1000 electione
773 972 858 1007 ipsatu
878 971 988 1006 dignam

196 1016 286 1044 efﬁcit.
300 1017 339 1045 Ac
355 1022 498 1052 propterea
509 1026 571 1045 cum
585 1018 684 1046 Davide
699 1019 811 1045 clamat:
826 1027 836 1044 ε
847 1017 915 1045 Pars
929 1024 988 1044 mea

200 1062 334 1090 Dominus
349 1063 382 1089 ".
401 1073 410 1089 ι
428 1063 577 1091 Electionis
590 1064 661 1091 enim
674 1072 734 1098 quae
747 1071 794 1098 per
809 1069 899 1098 patres
918 1063 988 1090 facta

197 1112 239 1135 est
254 1108 363 1136 nomine
381 1109 473 1136 dilecti
486 1109 669 1142 exstiterunt;
682 1109 749 1137 dicit
763 1110 835 1137 enim
853 1108 923 1136 Deus
940 1116 989 1143 per

197 1163 284 1182 unutn
298 1155 493 1190 prophetarum
510 1164 518 1182 ι
539 1165 548 1182 ε
562 1156 702 1191 Tanquam
716 1164 797 1184 uvam
824 1158 851 1183 in
878 1156 987 1184 deserto

197 1201 325 1229 lsraelem
352 1202 443 1230 inveni
459 1212 465 1230 :
479 1207 506 1230 et
520 1207 650 1238 tanquam
666 1204 868 1238 speculatorem
890 1203 918 1230 in
935 1203 988 1231 ﬁcu

197 1249 363 1276 matutinum
380 1249 434 1276 vidi
449 1254 540 1285 patres
553 1250 714 1284 ipsorum".
727 1259 736 1276 ι
749 1250 808 1283 Quo
822 1258 878 1278 rem
895 1250 988 1284 inspe-

198 1299 284 1321 ratam
306 1295 429 1328 denotat,
454 1296 634 1331 inventusque
663 1304 725 1324 esse
752 1297 987 1332 exoptatissimos,

197 1341 323 1376 quamvis
352 1342 379 1368 in
405 1341 518 1377 Assyria
554 1343 702 1370 simulacra
723 1350 817 1370 omnes
831 1343 987 1370 coluerunt.

197 1388 250 1421 Qui
268 1395 333 1415 vero
360 1387 515 1415 daemonum
543 1388 613 1417 socii
626 1393 690 1417 sunt
705 1388 829 1424 vulpium
846 1394 939 1424 partes
961 1390 988 1417 in

198 1434 311 1468 psalmis
330 1434 397 1462 dicti
413 1439 478 1462 sunt
491 1435 524 1461 ⁷⁸.

236 1480 287 1507 Per
301 1482 489 1515 metaphoram
511 1490 575 1509 vero
589 1482 740 1510 funiculum
762 1483 930 1511 hzereditatis
949 1484 990 1512 di-

198 1525 254 1557 cit;
286 1524 408 1552 funiculo
435 1526 507 1553 enim
525 1530 626 1554 terram
651 1528 875 1562 dimetiebantur,
892 1537 989 1564 quem-

1039 971 1127 1006 Μερὶς
1152 970 1258 1003 γίνεται
1282 979 1323 1002 τις
1344 969 1424 1002 Θεοῦ,
1447 971 1495 1005 τῆς
1518 970 1637 1005 ἐκλογῆς
1651 971 1737 997 αὐτὸν
1762 969 1834 1003 ἄξιον

1039 1016 1234 1051 ἐργαζόμενος,
1249 1015 1297 1042 καὶ
1315 1015 1385 1050 μετὰ
1396 1015 1477 1041 Δαόὶδ
1492 1015 1537 1041 διὰ
1548 1015 1628 1042 τοῦτο
1646 1015 1731 1050 βοῶν·
1750 1024 1759 1040 t
1778 1015 1833 1041 Με-

1042 1062 1083 1098 ρίς
1098 1070 1150 1097 μου
1167 1062 1181 1087 ὁ
1197 1062 1311 1096 Κύριος.
1334 1071 1342 1086 ι
1361 1061 1440 1087 Κατὰ
1454 1061 1508 1096 γὰρ
1524 1061 1573 1096 τὴν
1589 1061 1711 1096 ἐκλογὴν
1729 1062 1835 1095 ἀγαπη-

1038 1109 1080 1133 τοὶ
1102 1107 1146 1133 διὰ
1161 1107 1225 1138 τοὺς
1253 1106 1375 1142 πατέρας
1405 1107 1542 1140 ἐγένοντο.
1569 1107 1640 1142 Φησὶ
1658 1107 1715 1142 γὰρ
1731 1107 1765 1133 δι’
1778 1107 1835 1137 ἐνὸς

1039 1151 1099 1178 τῶν
1123 1151 1274 1186 προφητῶν
1300 1152 1314 1178 ὁ
1340 1151 1423 1182 Θεός·
1444 1160 1453 1176 t
1473 1151 1517 1182 Ὠς
1536 1151 1678 1186 σταφυλὴν
1694 1151 1724 1177 ὲν
1739 1151 1834 1185 ἐρήμῳ

1039 1195 1119 1233 εὖρον
1130 1197 1176 1223 τὸν
1196 1196 1316 1232 Ἰσραὴλ,
1331 1197 1378 1224 καὶ
1391 1196 1429 1227 ὡς
1446 1196 1547 1223 σκοπὸν
1573 1198 1601 1223 ἐν
1621 1197 1696 1232 συκῇ
1710 1196 1834 1231 πρώῖμον

1039 1241 1111 1269 εἶδον
1126 1242 1250 1277 πατέρας
1261 1242 1361 1275 αὐτῶν,
1383 1252 1393 1268 ι
1415 1242 1447 1268 τὸ
1461 1243 1525 1277 παρ’
1537 1241 1634 1268 ἐλπίδα
1650 1242 1772 1273 δεικνὺς,
1788 1241 1834 1268 καὶ

1038 1288 1070 1315 τὸ
1096 1287 1150 1315 τῶν
1180 1288 1350 1323 εὑρεθέντων
1377 1288 1542 1323 τριπόθητον
1552 1306 1563 1321 ,-
1587 1288 1700 1314 πάντων
1726 1286 1833 1313 εἰδωλο-

1038 1334 1209 1369 λατρούντων
1242 1334 1270 1360 ὲν
1290 1333 1432 1369 Ἀσσυρίᾳ.
1453 1333 1485 1359 Oi
1513 1333 1542 1360 δὲ
1570 1334 1628 1365 τοῖς
1646 1332 1781 1367 Δαίμοσιν
1795 1334 1831 1360 οι·

1039 1382 1119 1414 κεῖοι,
1139 1380 1249 1417 μερίδες
1267 1380 1417 1408 ἀλωπέκων
1438 1379 1561 1415 εἴρηνται
1576 1380 1605 1406 ὲν
1626 1379 1766 1415 Ψαλμοῖς.

1074 1484 1084 1493 '
1096 1483 1210 1519 Σχοινίῳ
1226 1483 1280 1518 γὰρ
1292 1483 1404 1510 ἐποίουν
1425 1483 1475 1515 τὰς
1498 1484 1696 1519 διαμετρήσεις
1707 1483 1757 1518 τῆς
1773 1482 1831 1517 γῆς.

1040 1531 1120 1558 Οὕτω
1148 1530 1316 1566 διεμετρήθη
1343 1530 1390 1557 καὶ
1419 1530 1578 1565 διεμερίσθη
1609 1531 1625 1565 ἡ
1650 1530 1685 1565 γῆ
1702 1531 1757 1560 τοῖς
1770 1528 1832 1558 υἱοῖς

198 1571 347 1599 admodum
376 1576 448 1599 terra
479 1574 673 1608 promissionis
695 1574 758 1602 ﬁliis
779 1575 863 1604 lsrael
877 1583 989 1612 quoque

1047 1577 1167 1612 Ἰσραήλ.
1190 1576 1258 1603 Ἀπὸ
1276 1576 1326 1611 τῆς
1360 1576 1505 1611 συνηθείας
1530 1574 1577 1603 οὖν
1590 1576 1701 1611 εἴρηται
1717 1575 1747 1602 τὺ
1762 1573 1831 1609 σχοί-

198 1622 243 1646 est
257 1618 394 1645 dimensa.

235 1663 337 1699 Sufﬁcit
349 1665 389 1691 illi
398 1664 427 1691 in
436 1665 549 1693 deserta.
562 1665 631 1702 [l0.]
648 1666 762 1702 Aquilas
770 1672 797 1694 ct
808 1666 991 1701 Theodotion,

199 1709 304 1737 Iurem't
316 1719 386 1743 eunt,
406 1711 593 1743 reddiderunt.
605 1713 684 1747 juxta
706 1713 794 1741 illud:
813 1724 822 1740 ‹
840 1713 895 1742 Ceu
911 1722 992 1741 uvam

198 1756 227 1783 in
243 1757 352 1784 deserto
378 1757 469 1784 inveni
496 1758 579 1786 lsrael
603 1759 636 1785 ⁷³.
657 1768 666 1785 ν
685 1759 822 1787 Czeterum
841 1760 869 1786 in
883 1760 992 1788 deserto

199 1802 298 1831 divina:
322 1804 500 1839 cognitionis.
532 1805 558 1831 in
585 1805 629 1833 siti
654 1810 680 1833 et
703 1809 781 1838 aestu,
795 1807 821 1833 in
838 1807 898 1834 loco
913 1806 992 1841 aquis

200 1856 297 1876 vacuo.
318 1849 378 1875 Non
410 1850 483 1876 enint
506 1850 644 1877 desertum
670 1851 735 1878 illud
753 1851 866 1879 ﬂuvium
884 1852 990 1884 habuit,

200 1896 246 1929 qui
262 1896 401 1931 civitatem
426 1896 474 1924 Dei
502 1896 649 1929 rcfocillat,
684 1905 773 1932 neque
796 1897 897 1925 fontem
918 1899 990 1931 vitae,

200 1949 290 1976 neque
308 1947 454 1969 torrentem
471 1943 645 1970 deliciarum.
661 1943 728 1971 Cum
744 1944 828 1979 igitur
842 1945 992 1973 invenisset

198 1996 274 2020 cum,
299 1989 358 2023 ejus
377 1989 504 2016 subvenit
526 1989 632 2024 inopiae.
656 1989 716 2017 Non
741 1990 814 2017 enim
831 1990 902 2018 alius
923 1991 990 2025 ipsis

199 2034 363 2067 suﬁiciebat,
399 2042 551 2070 eorumque
578 2035 638 2063 ﬁdei
665 2035 897 2063 accommodatior
920 2041 990 2064 erat.

200 2080 288 2108 Porro
307 2080 489 2116 Symmachus
505 2081 608 2108 clarius
627 2080 715 2108 adhuc
729 2082 855 2115 exposuit
870 2090 877 2107 :
895 2081 927 2109 1η
945 2082 991 2109 de-

198 2132 270 2154 serto
286 2127 399 2159 inculto,
413 2131 497 2158 vasto,
523 2127 647 2154 obscuro.
664 2126 732 2161 Quis
746 2127 818 2154 enim
834 2128 901 2155 ordo
919 2128 991 2163 apud

199 2182 248 2201 eos
273 2174 319 2208 qui
352 2173 483 2201 Creatore
512 2178 669 2209 contempto
693 2179 827 2201 creaturae
847 2175 993 2202 serviunt?

199 2228 262 2254 qute
278 2227 344 2247 sane
360 2228 373 2246 a
392 2226 485 2248 sancta
507 2218 641 2247 Tritiitate
660 2220 782 2248 desolata
800 2229 807 2253 ;
835 2229 890 2248 non
919 2222 990 2248 enim

1042 1631 1137 1658 νισμα.

1079 1668 1276 1702 Αὑτάρκησεν
1289 1668 1384 1695 αὐτὸν
1397 1668 1431 1694 ἐν
1447 1667 1486 1702 τῇ
1509 1667 1616 1701 ἐρήμῳ.
1643 1667 1760 1697 Ἀκύλας
1788 1664 1832 1691 καὶ

1042 1714 1202 1746 Θεοδοτιων,
1228 1710 1324 1747 Εὗρεν
1349 1713 1453 1745 αὐτὸν,
1487 1712 1666 1745 ὲκδεδώκασι,
1697 1711 1767 1738 κατὰ
1792 1709 1830 1741 τὸ,

1045 1769 1055 1786 t
1082 1760 1127 1790 Ὠς
1143 1759 1283 1794 σταφυλὴν
1298 1759 1327 1786 ὲν
1343 1759 1440 1794 ἐρήμῳ
1455 1754 1535 1793 εὖρον
1549 1758 1594 1785 τὸν
1622 1757 1743 1793 Ἰσραήλ.
1759 1765 1768 1782 ι
1791 1756 1832 1781 Ἐν

1041 1806 1115 1841 δίψει
1135 1805 1276 1841 καύματος
1301 1806 1331 1832 ὲν
1361 1805 1479 1840 ἀνύδρῳ.
1509 1805 1546 1830 Οὐ
1565 1804 1619 1838 γὰρ
1641 1802 1698 1838 εἶχε
1716 1800 1832 1835 ποταμὸν

1041 1853 1088 1881 τὸν
1107 1852 1288 1888 εὐφραίνοντα
1302 1852 1351 1887 τὴν
1368 1851 1445 1878 πόλιν
1456 1850 1503 1877 τοῦ
1515 1850 1596 1880 Θεοῦ,
1608 1850 1671 1876 οὐδὲ
1685 1849 1734 1883 τὴν
1747 1845 1831 1880 πηγὴν

1042 1899 1093 1934 τῆς
1117 1898 1202 1934 ζωῆς,
1226 1898 1287 1925 οὐδὲ
1316 1898 1365 1925 τὸν
1389 1897 1558 1933 χειμάρρουν
1581 1895 1631 1929 τῆς
1654 1893 1758 1929 τρυφῆς
1784 1891 1831 1925 (6)-

1043 1945 1125 1971 Ὅθεν
1151 1946 1180 1971 ὲν
1206 1944 1271 1980 δίψῃ
1296 1941 1331 1979 ἦν
1343 1943 1532 1981 συγκαιομένη
1556 1941 1609 1967 ὑπὸ
1628 1940 1677 1967 τοῦ
1696 1937 1830 1965 Διαϐόλου.

1050 1991 1079 2017 Ὀ
1105 1991 1253 2026 Σύμμαχος
1275 1989 1407 2022 ἐξέδωκεν
1433 1988 1474 2015 ἔτι
1500 1987 1687 2023 σαφέστερον·
1722 1982 1774 2011 Καὶ
1796 1981 1831 2026 λέν

1042 2024 1160 2068 ἀτάκτῴ
1169 2024 1223 2063 Vacat
1237 2034 1368 2068 ἀοικήτῳ
1380 2033 1587 2068 ἠφανισμένῃ.
1602 2031 1674 2059 Ποία
1691 2028 1745 2063 γὰρ
1759 2024 1829 2057 τάξις

1042 2080 1119 2116 παρὰ
1130 2080 1188 2110 τοῖς
1203 2080 1236 2114 τῇ
1252 2078 1342 2105 κτίσει
1358 2078 1432 2114 παρὰ
1445 2077 1491 2104 τὸν
1508 2076 1629 2111 Κτίστην
1642 2071 1827 2116 λατρεύουςιγῖ

1042 2113 1103 2160 ἥτίς
1115 2124 1242 2159 ἀοίκητος
1256 2124 1304 2159 τῆς
1315 2113 1402 2157 ἁγίας
1411 2123 1536 2158 Τριάδος.
1550 2122 1587 2148 Οὐ
1600 2121 1655 2157 γὰρ
1673 2115 1792 2148 κατοικεῖ
1803 2113 1829 2139 ὲν

1044 2172 1152 2207 σώματι
1165 2170 1312 2205 καταχρέῳ
1339 2169 1487 2204 ἁμαρτίας,
1504 2170 1533 2195 ὲν
1560 2167 1716 2203 ἀνθρώποις
1728 2161 1828 2207 ποιοῦσί

1044 2205 1227 2253 παρανομίαν.
1252 2217 1284 2243 Ἡ
1317 2216 1346 2242 δὲ
1374 2216 1476 2250 ἕρημος
1493 2214 1524 2241 οὐ
1545 2213 1624 2248 φύσει
1636 2211 1757 2245 τοιαύτη.
1773 2205 1826 2235 ἀλλ’

201 2265 230 2292 in
245 2273 361 2300 corpore
387 2265 494 2300 peccati
517 2273 571 2293 tere
587 2266 696 2297 obruto.
720 2266 746 2292 in
763 2266 921 2293 hontinibus
938 2266 989 2293 ini-

1044 2264 1193 2299 ἠφάνισται
1203 2262 1255 2289 ὑπὸ
1267 2263 1316 2297 τῆς
1343 2260 1537 2295 ἀντικειμένης
1565 2260 1718 2295 δυνάμεως.
1739 2254 1825 2300 Νοοίτο

201 2298 335 2347 quitatem
349 2298 557 2346 designautibus
577 2310 693 2338 habitat.
710 2310 766 2338 lloc
778 2318 843 2338 vero
857 2311 989 2338 desertum

1044 2298 1065 2337 δ’
1083 2310 1115 2336 ἂν
1131 2310 1179 2336 κα)¹
1189 2308 1260 2335 οὕτω
1271 2308 1310 2340 τὺ,
1333 2317 1342 2334 ‹
1362 2306 1560 2341 Αὐτάρκησεν·
1580 2315 1589 2331 ι
1618 2304 1762 2339 αὐτάρκεις
1771 2298 1823 2347 Δγὰρ

201 2362 257 2381 non
275 2355 327 2381 tale
340 2359 437 2382 natttra
452 2355 572 2387 exsistit,
586 2363 681 2382 verum
698 2355 896 2382 obscuritatem
914 2363 989 2383 suam

1045 2356 1143 2387 αὐτοὺς
1156 2354 1302 2390 πεποίηκε,
1315 2353 1427 2389 μηδενὸς
1438 2350 1609 2386 ὑστερεῖσθαι
1623 2345 1824 2385 παρασκευάσας

201 2407 234 2426 cx
250 2399 274 2425 ri
291 2399 414 2433 opposita
440 2400 586 2427 contraxit.
609 2400 654 2428 Sic
679 2400 771 2435 itaque
790 2400 876 2428 illud:
895 2410 904 2426 ι
921 2400 989 2430 Satis

1049 2403 1079 2429 ὲν
1096 2402 1193 2437 ἐρήμῳ
1206 2401 1315 2428 πάντων
1331 2398 1447 2436 νοσούσῃ
1458 2397 1506 2433 τὴν
1521 2397 1635 2424 ἔνδειαν.

202 2444 267 2472 fecit
282 2444 317 2477 ei,
338 2454 347 2470 ι
368 2445 555 2480 concipiatur;
587 2444 677 2472 eﬁecit
702 2445 775 2473 enim
800 2448 829 2472 ut
844 2452 893 2472 sua
913 2450 988 2474 sorte
1003 2446 1125 2475 contenti
1153 2449 1258 2478 essent,
1272 2444 1400 2479 nullaque
1413 2444 1478 2471 rein
1489 2442 1598 2471 deserto
1629 2441 1748 2470 omnium
1780 2441 1816 2462 r0-

203 2500 264 2519 rum
281 2493 371 2527 inopia
387 2492 528 2520 laborante
543 2492 701 2520 deﬁcerent.

239 2538 425 2566 Circumdumit
438 2546 496 2565 eum
509 2543 533 2566 et
548 2538 661 2565 erudit-it
675 2546 744 2564 eum.
756 2535 847 2563 Multis
859 2538 930 2564 enim
945 2538 992 2565 tri-

203 2585 392 2613 bulationibus
424 2589 517 2620 patres
545 2591 640 2612 eorum
672 2582 847 2619 pertentavit,
869 2590 941 2611 nunc
958 2591 991 2611 ex

1105 2537 1294 2563 Ἐκύκλωσεν
1320 2535 1413 2562 αὑτὸν
1446 2535 1494 2562 καὶ
1517 2534 1697 2561 ἐπαίδευσεν
1721 2527 1815 2556 αὐτόν.

1044 2585 1053 2596 '
1072 2583 1235 2617 Ἐδοκίμασε
1265 2580 1321 2616 γὰρ
1346 2580 1411 2612 τοὺς
1437 2579 1559 2615 πατέρας
1574 2579 1664 2606 αὐτῶν
1679 2576 1716 2611 (7)
1730 2572 1774 2599 καὶ
1782 2568 1820 2597 διὰ

240 2664 262 2680 ⁸⁵
280 2664 352 2693 Psal.
367 2673 464 2694 xum.
482 2666 509 2692 8.
547 2666 569 2681 ω
579 2665 649 2692 Psal.
664 2672 704 2694 xc.
723 2664 766 2691 ll.
805 2663 827 2679 ⁷⁰
848 2662 930 2689 llebr.
948 2671 968 2693 ι,

1072 2663 1094 2677 τί
1108 2660 1188 2688 Joan.
1205 2667 1225 2691 ι,
1240 2659 1283 2687 5|.
1322 2659 1345 2675 ⁷²
1357 2658 1430 2694 Psal.
1452 2666 1498 2690 ctt,
1511 2657 1557 2694 2i.
1596 2654 1719 2694 "VJudic.
1733 2658 1769 2694 ννι,

281 2681 288 2690 ι
302 2681 352 2693 αα..
370 2681 464 2696 un...
482 2681 509 2692 υ.
579 2681 649 2692 nam.
664 2681 704 2694 λιι,
725 2681 766 2691 η.
849 2681 930 2689 ..υνη
948 2681 968 2693 .,

204 2698 228 2715 ’δ
244 2698 328 2727 ltLor.
341 2696 374 2731 Χ.
396 2701 421 2727 4.
459 2701 483 2716 ⁷⁵
495 2700 586 2728 Judic.
601 2708 659 2733 xttt,
678 2699 720 2726 16.
760 2699 782 2714 ⁷⁸
797 2698 870 2726 Psal.
882 2705 978 2730 cxvut,

1078 2681 1292 2727 ""o's'ée'ti'ft'd.
1328 2681 1435 2721 uaga:
1449 2681 1579 2726 ίὲιῖιξὶὶ.
1611 2681 1716 2718 τίοςεε
1730 2693 1764 2715 ix.
1779 2681 1819 2709 1οο

975 2755 1088 2784 NOTAE.

243 2817 282 2850 (6)
305 2817 401 2853 Εὒρῷν
419 2815 465 2844 οὖν
481 2818 573 2850 αὐτὸν,
595 2817 718 2853 ἠρκέσθη
734 2815 819 2853 αὐτῷ..
834 2816 872 2842 Οὐ
889 2815 944 2850 γὰρ
958 2812 992 2850 ἦν

207 2851 302 2885 ἕτερος
316 2852 406 2882 ίκανδς
414 2854 453 2883 εἰς
467 2851 643 2887 αὐτάρκειαν,
660 2852 707 2878 καὶ
722 2851 761 2882 είς
785 2851 993 2887 τείσεινκατηρ-

209 2890 347 2920 τισμενος.
360 2887 452 2914 Ταῦτα
467 2889 526 2914 ἀντὶ
541 2885 594 2915 τῶν
609 2887 670 2923 ἑξῆς
682 2888 695 2914 ὁ
705 2887 755 2923 τῆς
770 2886 838 2921 Λῦγ.
856 2885 920 2913 κώδ.

1084 2813 1122 2848 (τ)
1144 2811 1250 2853 item:
1269 2801 1731 2853 καὶ,ξιάηξξρδςν-κειῖὲέι.τξξ²λὶέἓὲ
1752 2790 1817 2853 iiii.

1049 2835 1121 2884 ρασέ
1380 2835 1442 2873 869ί
1526 2845 1542 2871 5
1558 2844 1606 2879 τῆς
1619 2843 1656 2873 είς
1674 2837 1731 2866 τοὺς
1755 2835 1793 2856 ἠ

1049 2892 1116 2918 σειρ.
1134 2883 1196 2918 τόμ.
