4010 6230
406 389 508 450 {lC-1
1315 377 1851 440 COMMENTABII
1891 377 1972 437 IN

2108 376 2678 438 UTERONOMIUM
2689 417 2699 427 -
3585 375 3689 439 9υ2

411 485 624 548 πολλῶν
649 490 901 560 έπύρωσε
935 489 1186 558 Θλίψεων.
1214 489 1439 560 Πρῶτον
1469 488 1568 560 μὲν
1601 489 1712 542 ἀπὸ
1741 489 1840 558 τῆς
1883 489 1994 540 Ἀσ-

2110 491 2332 560 Assyria
2392 489 2444 541 in
2497 488 2890 552 Chananaeam,
2923 489 3046 544 inde
3081 490 3135 544 in
3181 489 3502 563 Egyptnm,
3539 509 3687 549 nunc

411 584 702 658 συρίαςίὸ)
728 585 810 644 εις
837 582 942 651 γῆν
1000 581 1224 634 Χαναὰν
1279 582 1649 651 μεταστήσας,
1687 581 1782 632 καὶ
1837 579 1994 632 πάλιν

2107 582 2299 635 iterum
2331 581 2384 634 in
2432 580 2795 634 Chananaeam
2843 581 3248 638 transferendo.
3299 584 3482 640 Voluit
3506 595 3690 641 autem

409 680 490 740 εἰς
518 676 821 743 Αἴγυπτον,
883 672 980 725 καὶ
1029 674 1088 738 ἐξ
1124 671 1405 740 Αἰγύπτου
1442 671 1604 725 πάλιν
1632 672 1714 732 εἰς
1752 671 1992 736 Χαναὰν,

2110 673 2319 725 erudire
2335 687 2452 737 eos,
2485 671 2950 741 quemadmodum
2985 671 3254 728 Jacobum
3298 677 3353 730 in
3379 677 3693 747 Mesopota-

410 767 508 821 καὶ
544 765 763 836 μυρίοις
783 764 1118 834 πειρασμοῖς
1139 761 1452 832 περιέϐαλε,
1479 757 1777 813 παιδεῦσαι
1803 760 1993 822 αὐτοὺς

2110 762 2272 814 miam
2307 778 2432 817 cum
2466 763 2714 828 duceret,
2758 771 2813 816 et
2847 763 2914 817 ad
2966 765 3162 820 salutis
3219 769 3689 836 exspectationem

411 857 761 930 βουλόμενος.
790 853 896 907 Τὸν
958 851 1154 906 Ἰακὼϐ
1181 851 1237 904 δὲ
1286 852 1382 905 καὶ
1431 851 1511 916 είς
1567 851 1994 920 Μεσοποταμίαν

2110 853 2454 909 conﬁrmare.
2525 853 2746 908 interim
2805 864 2984 911 tamen
3013 856 3138 927 ejus
3171 868 3429 928 tanquam
3464 861 3693 930 pupillae

411 952 695 1016 ἀπήγαγε,
729 945 825 1000 καὶ
879 942 1164 997 δουλεῦσαι
1196 943 1501 1013 πεποίηκεν
1525 961 1540 976 ο
1589 944 1739 1006 ὅπως
1785 941 1875 995 διὰ
1904 941 1994 1010 τῆς

1120 961 1164 997 ιι
1196 943 1501 1013 πεποίηκεν
1525 961 1540 976 ο
1589 944 1739 1006 ὅπως
1785 941 1875 995 διὰ
1904 941 2003 1010 τῆς
2108 946 2256 1001 oculi
2289 959 2476 1000 curam
2514 948 2703 1016 gessit.

410 1037 693 1109 ὑπομονῆς
738 1033 836 1090 καὶ
869 1034 973 1105 τῆς
1004 1034 1083 1096 εἰς
1121 1031 1257 1086 Θεὸν
1282 1032 1497 1096 ἐλπίδος
1551 1033 2001 1103 κατεργάσωνται

407 1131 508 1201 τὴν
539 1126 752 1182 ἑαυτῶν
775 1123 1075 1196 σωτηρίαν.

493 1220 581 1282 Ὡς
601 1218 788 1285 λέγειν
819 1215 912 1270 τὸν
969 1213 1192 1279 Ἰακὼϐ,
1225 1233 1242 1266 t
1292 1214 1350 1270 '0
1371 1213 1602 1282 ἄγγελος
1661 1215 1690 1266 ὁ
1740 1213 2004 1285 ρυὀμενός

2180 1211 2249 1288 Ut
2274 1213 2484 1269 diceret
2513 1211 2684 1269 Jacob
2714 1233 2726 1269 :
2761 1233 2780 1266 ι
2814 1215 3054 1286 Angelus
3090 1217 3303 1272 Domini
3337 1235 3399 1273 ex
3435 1219 3692 1278 omnibus

413 1318 480 1384 με
511 1313 574 1364 ὲκ
602 1310 821 1366 πάντων
860 1307 969 1360 τῶν
1001 1306 1191 1359 κακῶν
1224 1323 1346 1374 μου.
1392 1323 1410 1356 ›
1433 1307 1542 1358 Καὶ
1573 1306 1756 1370 πάλιν,
1787 1324 1804 1356 ι
1826 1299 1899 1357 Ἐί
1922 1305 1996 1374 μὴ

2111 1306 2266 1360 malis
2300 1307 2434 1360 meis
2488 1323 2575 1361 me
2637 1308 2842 1376 eripuit
2873 1309 2942 1362 ³ο.
2989 1327 3005 1359 ι
3048 1309 3111 1362 Et
3158 1311 3396 1366 iterum:
3435 1332 3452 1363 ι
3493 1314 3548 1366 Si
3581 1331 3688 1367 non

408 1407 438 1459 ὁ
465 1403 597 1464 Θεὸς
626 1399 720 1453 τοῦ
750 1400 957 1470 πατρός
981 1415 1083 1467 μου
1128 1397 1381 1468 Ἀϐραὰμ
1402 1393 1470 1470 ἦν
1512 1415 1626 1468 μοι,
1650 1397 1747 1451 καὶ
1785 1401 1811 1451 ὁ
1839 1397 1991 1468 φόϐος

2111 1395 2257 1450 Deus
2280 1397 2450 1466 patris
2485 1397 2587 1450 mei
2625 1398 2900 1451 Abraham
2955 1397 3228 1455 adfuisset
3255 1402 3409 1466 mihi,
3450 1413 3502 1457 et
3528 1404 3690 1459 timor

423 1491 627 1558 Ἰσαὰκ,
660 1490 756 1543 νῦν
789 1489 855 1542 ἂν
881 1487 1042 1544 κενόν
1077 1505 1144 1557 με
1180 1487 1597 1554 ἐξαπέστειλας.
1631 1505 1648 1538 ι

2108 1485 2277 1551 Isaac,
2312 1503 2458 1541 nunc
2481 1504 2566 1542 me
2605 1505 2837 1543 vacuum
2863 1491 3170 1548 dimisisses
3198 1495 3381 1564 utique
3403 1496 3467 1549 δι.
3501 1517 3517 1548 ι

490 1584 652 1640 Ἀ).λᾶ
704 1583 802 1638 καὶ
853 1583 979 1646 τοὺς
1041 1581 1136 1637 νῦν
1169 1582 1467 1646 ἀκούοντας
1494 1583 1776 1636 ὲκύκλωσε
1819 1581 1872 1654 μ’
1904 1582 2001 1654 ἔτη

2183 1577 2324 1644 Quin
2347 1588 2402 1632 et
2433 1590 2728 1647 praesentes
2749 1583 3026 1639 auditores
3060 1585 3427 1640 circumduxit
3454 1587 3693 1656 quadra-

409 1676 507 1748 τὴν
543 1676 771 1748 ἔρημον,
801 1674 878 1735 ὡς
905 1673 1088 1741 λέγειν
1117 1673 1394 1726 Μωσέαοι
1436 1673 1548 1726 Καὶ
1581 1674 1870 1745 μνησθήσῃ
1895 1677 1992 1727 πᾶ-

2113 1670 2261 1741 ginta
2293 1685 2467 1727 annos
2507 1687 2603 1741 per
2647 1674 2940 1741 desertum,
2976 1677 3203 1732 utdicat
3236 1677 3412 1734 Moses
3452 1697 3465 1734 :
3517 1700 3535 1731 ι
3575 1679 3691 1733 Mc-

413 1786 512 1823 σαν
544 1769 641 1842 τὴν
658 1769 798 1834 ὁδὸν,
845 1767 912 1838 ἢν
968 1766 1144 1836 ἤγαγέ
1169 1782 1229 1819 σε
1269 1764 1474 1836 Κύριος
1496 1767 1524 1818 ὁ
1557 1767 1691 1831 Θεός
1727 1785 1820 1820 σου
1844 1767 1996 1821 τοῦτο

2113 1766 2339 1821 mineris
2387 1783 2610 1837 quoque
2641 1769 2826 1823 cuncti
2876 1769 3090 1826 itineris
3114 1786 3211 1842 per
3244 1773 3390 1842 quod
3427 1781 3478 1828 te
3508 1774 3688 1827 Domi-

410 1859 856 1931 τεσσαρακοστδν
904 1857 1024 1922 ἔτος
1052 1860 1110 1911 έν
1148 1859 1216 1928 τῇ
1245 1859 1470 1928 ἐρήμῳ·
1501 1859 1650 1921 ὅπως
1680 1859 1745 1912 ἂν
1777 1857 1993 1930 κακὼσῃ

2113 1871 2218 1912 nus
2262 1856 2406 1912 Deus
2437 1867 2564 1912 tuus
2613 1858 2856 1913 deduxit.
2889 1860 3123 1932 Jamque
3152 1863 3604 1934 quadragesimus
3635 1864 3687 1918 in

416 1955 614 2020 σε,·καὶ
637 1953 940 2024 έκπειράσῃ
966 1969 1046 2018 σε,
1077 1951 1172 2005 καὶ
1195 1951 1501 2022 διαγνωσθῇ
1525 1951 1594 2004 τὰ
1627 1953 1685 2004 ὲν
1709 1953 1776 2021 τῇ
1803 1950 1999 2022 καρδίᾳ

2109 1947 2329 2003 deserto
2376 1950 2554 2018 agitur
2610 1966 2808 2014 annus,
2841 1967 2952 2019 quo
2984 1962 3035 2006 te
3068 1952 3269 2024 adligat
3300 1963 3353 2008 et
3405 1964 3574 2010 tentet
3614 1965 3688 2021 te,

414 2064 534 2111 σου,
567 2047 615 2100 εί
651 2044 864 2117 φυλάξῃ
887 2045 986 2107 τὰς
1015 2043 1238 2106 ἐντολὰς
1288 2043 1476 2108 αὑτοῦ,
1504 2043 1538 2114 ἢ
1572 2042 1655 2096 οῦ.
1694 2061 1710 2094 ι
1749 2042 1860 2096 Καὶ
1899 2042 1997 2096 πά·

2108 2047 2161 2094 et
2197 2040 2557 2110 cogitationes
2581 2041 2763 2095 cordis
2789 2044 2866 2094 tui
2898 2042 3316 2114 dignoscantur,
3343 2061 3410 2101 an
3433 2049 3689 2106 mandata

412 2136 516 2202 λιν,
551 2155 568 2188 ι
617 2136 706 2200 Ὠς
733 2136 786 2190 εί
809 2152 894 2199 τις
924 2133 1215 2190 παιδεῦσαι
1237 2134 1526 2204 ἄνθρωπος
1553 2133 1642 2187 τὸν
1670 2133 1783 2186 υἱὸν
1809 2131 1995 2198 αὐτοῦ,

2107 2131 2229 2200 ejus
2247 2131 2650 2194 observaveris,
2676 2148 2744 2186 an
2774 2134 2955 2188 minus
2983 2135 3048 2189 ⁸³.
3086 2155 3104 2187 ι
3145 2136 3208 2190 Et
3237 2138 3432 2192 iterum
3457 2157 3469 2192 :
3494 2159 3512 2191 ι
3537 2139 3689 2206 Quo-

411 2225 554 2289 οῦτω
580 2224 789 2299 Κύριος
826 2226 860 2281 ὁ
885 2224 1024 2288 Θεός
1061 2241 1156 2278 σου
1192 2223 1474 2279 παιδεύσει
1501 2241 1584 2279 σε.
1623 2242 1641 2274 ι

2109 2223 2256 2277 niam
2292 2231 2352 2278 ut
2384 2224 2548 2279 homo
2585 2225 2757 2279 tilium
2813 2241 2974 2280 suum
3034 2229 3254 2283 erudire
3282 2231 3442 2296 solet,
3473 2231 3548 2286 ita
3583 2233 3688 2288 Do-

2110 2316 2292 2370 minus
2332 2314 2475 2370 Deus
2506 2323 2636 2372 tuus
2669 2325 2721 2372 te
2745 2315 2984 2372 erudivit
3013 2318 3078 2373 ⁸³.
3117 2339 3136 2372 ι

485 2416 941 2483 Quemadmodum
973 2414 1154 2486 aquila
1175 2413 1304 2468 solet
1323 2420 1590 2481 protegere
1619 2409 1799 2465 nidum
1818 2425 1994 2467 suum.
2014 2407 2258 2482 [XXXIL
2290 2409 2402 2483 11.]
2422 2411 2538 2465 Hoc
2556 2411 2756 2465 animal
2778 2426 2971 2468 amans
3003 2429 3224 2469 suorum
3255 2417 3526 2486 pullorum
3559 2428 3644 2476 est
3671 2436 3686 2474 :

415 2520 555 2576 quos
578 2520 711 2560 cum
750 2504 812 2558 in
843 2511 1215 2558 monstrosam
1249 2500 1644 2556 sublimitatem
1704 2498 1968 2553 subduxit
2015 2505 2071 2552 et
2095 2498 2292 2553 volare
2325 2499 2511 2563 docet,
2561 2505 2616 2552 et
2646 2498 2886 2554 diductis
2913 2502 3091 2557 oculis
3135 2505 3305 2560 solem
3367 2510 3680 2576 oppositum

417 2593 642 2648 intueri.
675 2592 833 2658 Quod
865 2592 911 2647 si
948 2605 1093 2644 unus
1143 2604 1209 2644 ex
1263 2589 1349 2642 bis
1396 2586 1491 2656 qui
1525 2587 1659 2642 solis
1699 2586 2047 2656 splendorem
2085 2584 2330 2656 perferre
2377 2595 2634 2656 nequeat,
2663 2602 2765 2657 pro
2797 2589 2990 2658 spurio
3047 2591 3211 2645 habet
3233 2600 3289 2647 et
3336 2593 3688 2651 condemnat.

416 2681 494 2736 lta
523 2695 687 2736 veros
721 2680 1045 2736 adoratores
1071 2677 1124 2730 in
1153 2676 1319 2748 466
1345 2675 1515 2728 altum
1543 2672 2031 2739 contemplationis
2061 2672 2373 2741 spiritualis
2419 2672 2632 2737 educit,
2658 2674 2726 2730 de
2757 2676 2960 2744 quibus
3006 2675 3177 2733 Isaias
3231 2679 3414 2750 inquit
3447 2699 3460 2734 :
3497 2700 3516 2734 ι
3555 2683 3685 2739 Alas

419 2769 611 2824 tollent
631 2768 775 2824 sicut
808 2766 1025 2837 aquilae.
1051 2763 1320 2824 Currnnt,
1369 2768 1427 2817 et
1475 2762 1797 2830 neutiquam
1874 2757 2326 2830 defatigabtmtur
2356 2759 2424 2814 ⁸⁸.
2464 2779 2482 2812 ›
2513 2759 2618 2826 Qui
2669 2776 2801 2818 vero
2845 2774 3077 2818 curram,
3129 2764 3390 2823 sel-vam.-
3432 2770 3637 2824 indica;
3671 2790 3686 2827 ε

424 2876 443 2909 ι
476 2857 578 2914 Ubi
621 2859 878 2921 cadaver,
919 2855 992 2910 ibi
1020 2851 1510 2923 congregabuntur
1536 2851 1735 2919 aquilae
1765 2848 1832 2902 ⁸⁸.
1873 2867 1892 2899 ι
1922 2847 2166 2912 Quorum
2211 2847 2472 2917 juventus
2514 2865 2613 2918 per
2660 2850 2906 2906 divinam
2941 2854 3268 2910 tinctionem
3301 2857 3450 2911 velut
3485 2860 3684 2928 aquilae

418 2946 776 3001 renovabitur
800 2943 870 2996 ⁸⁸.
899 2941 957 2998 Si
991 2955 1122 2996 vero
1145 2941 1270 3010 quis
1295 2939 1434 2994 civis
1461 2939 1705 2992 ctelestis
1741 2936 1916 2989 factus
1945 2933 2134 2998 fuerit,
2169 2935 2354 2991 audiet
2380 2953 2394 2990 :
2416 2935 2624 2992 Umbra
2684 2940 3039 3009 scapularum
3080 2956 3306 2996 suarum
3341 2954 3586 3015 proteget
3617 2957 3688 3012 te,

417 3040 473 3085 et
500 3031 604 3086 sub
635 3031 739 3086 alis
773 3029 953 3100 ipsius
981 3043 1134 3098 spem
1163 3025 1452 3081 recondes.
1515 3022 1693 3092 Super
1746 3021 2008 3077 humeros
2050 3023 2195 3076 enim
2251 3023 2538 3090 tollentur,
2585 3033 2640 3079 et
2675 3041 2841 3095 super
2871 3027 3100 3081 brachio
3135 3029 3576 3086 sublevabuntur
3617 3035 3689 3092 ⁸⁷.

418 3118 574 3186 Quod
606 3128 789 3172 autem
818 3123 1024 3170 tantam
1067 3120 1195 3182 erga
1217 3127 1313 3168 eos
1345 3125 1535 3165 curam
1569 3109 1837 3173 declaret,
1868 3107 1984 3178 ipse
2016 3123 2236 3180 quoque
2277 3109 2538 3166 Servator
2577 3114 2633 3167 in
2685 3113 3044 3169 similitudine
3076 3131 3180 3184 qua
3229 3133 3355 3187 erga
3387 3117 3690 3176 Jerusalem

422 3221 578 3269 usus,
602 3203 870 3259 indicavit
903 3219 917 3256 :
953 3219 971 3253 ι
1013 3200 1242 3266 Quoties
1270 3197 1532 3268 colligere
1564 3205 1690 3251 tuos
1720 3194 1946 3260 liberos,
1983 3196 2450 3266 quemadmodum
2483 3199 2688 3271 gallina
2715 3200 2853 3256 solet
2887 3202 3067 3272 pullos
3092 3217 3222 3258 suos
3249 3204 3353 3259 sub
3389 3205 3505 3262 alas
3537 3223 3689 3276 suas,

421 3293 589 3357 volui,
616 3300 669 3348 et
693 3306 804 3347 non
840 3289 1066 3346 voluisti
1096 3288 1143 3322 ⁸⁸
1175 3303 1189 3340 :

405 3444 408 3446 τ
493 3382 616 3434 Οὐκ
665 3373 744 3450 ἦν
795 3377 924 3448 μετ’
959 3375 1161 3431 αὐτῶν
1202 3373 1355 3440 Θεὸς
1395 3373 1738 3442 ἀλλότριος.
1773 3375 1790 3393 ⁶
1815 3369 1988 3425 Καθώ

2191 3371 2304 3427 Nec
2330 3387 2446 3428 erat
2475 3392 2594 3430 cum
2619 3392 2680 3430 eo
2703 3375 2845 3432 Deus
2895 3377 3122 3434 alienus.
3173 3377 3309 3452 [12.]
3363 3382 3493 3447 Qua:
3543 3383 3687 3438 enim

420 3488 586 3543 φησιν
607 3472 635 3523 ὁ
663 3471 947 3532 θεσπέσιος
972 3467 1184 3530 Παῦλος
1205 3483 1218 3496 ·
1249 3466 1377 3519 ποία
1405 3466 1660 3518 κοινωνία
1691 3464 1831 3532 φωτὶ
1869 3463 2003 3535 πρὸς

2113 3462 2499 3527 communitas,
2528 3460 2700 3516 Paulo
2732 3473 2868 3520 teste
2885 3465 2955 3531 ⁸³,
2978 3467 3083 3520 luci
3108 3483 3230 3524 cum
3265 3471 3547 3528 tenebris?
3570 3489 3690 3543 quae

422 3563 646 3627 σκότοςς
673 3560 706 3631 ἢ
734 3559 814 3624 τίς
849 3557 1206 3629 συμφώνησις
1232 3555 1469 3626 Χριστοῦ
1500 3556 1633 3625 πρὸς
1670 3553 1867 3608 Βελίαλ
1893 3570 1909 3620 ;

1463 3555 1469 3603 i
1500 3556 1633 3625 πρὸς
1670 3553 1867 3608 Βελίαλ
1893 3570 1909 3620 ;
2113 3555 2406 3608 consensio
2438 3553 2660 3610 Christo
2684 3570 2808 3610 cum
2834 3556 3046 3612 Belial?

503 3655 890 3708 Ἀνεὸίϐασεν
920 3633 1145 3715 αὐτοὺς
1201 3647 1302 3701 ἐπὶ
1350 3647 1467 3715 τὴν
1493 3646 1680 3714 ἰσχὺν
1717 3645 1827 3713 τῆς
1872 3645 2004 3716 γῆς.

2182 3640 2369 3696 Evexit
2404 3661 2492 3697 eos
2517 3646 2568 3698 in
2594 3643 2921 3713 fortalitium
2949 3658 3124 3702 terrae.
3153 3647 3290 3721 [13.]
3311 3649 3503 3721 Supra
3530 3657 3689 3704 terrae

373 3746 378 3748 ”
422 3748 444 3770 θ
485 3742 831 3807 Ἀνεϐίϐασε,
883 3739 1164 3794 τουτέστιν
1225 3737 1593 3808 ὑψηλοτέρους
1649 3736 1848 3800 αὐτοὺς
1894 3735 1956 3788 τᾶ

2111 3733 2320 3790 incolas
2355 3751 2450 3790 eos
2485 3737 2704 3792 extulit.
2748 3737 2950 3794 Eodem
3010 3739 3171 3794 modo
3217 3720 3416 3810 Aquila
3464 3758 3686 3813 quoque

419 3837 623 3905 γηίνων
657 3833 980 3902 πεποίηκεν.
1036 3831 1122 3894 Ὠς
1139 3829 1248 3900 γὰρ
1293 3828 1526 3893 Ἀκύλας
1551 3826 1742 3898 φησιν,
1783 3826 2002 3881 Ἐπὶτό

1620 3826 1742 3898 ισὶν,
1783 3826 1916 3881 Ἐπὶ
1939 3826 2007 3881 τὸ
2111 3830 2292 3899 inquit
2331 3848 2344 3885 :
2380 3829 2448 3885 In
2476 3833 2648 3886 altum
2671 3843 2824 3888 terra:
2853 3850 2940 3890 eos
2957 3835 3203 3892 adduxit.

419 3928 636 3997 ὕψωμα
661 3924 773 3993 τῆς
812 3923 925 3997 γῆς
951 3923 1174 3988 αὐτοὺς
1223 3922 1566 3984 ἀνεϐίϐασε,
1615 3919 1783 3990 μηδὲν
1811 3935 2006 3972 ταπει·

420 4019 570 4090 νδνῆ
605 4015 944 4088 χαμαίζηλον
996 4016 1196 4078 αὐτοὺς
1248 4007 1604 4084 ἐνθυμεῖσθαι
1659 4010 2003 4081 βουλόμενος.

490 4110 651 4165 Κατὰ
673 4110 773 4180 τὴν
807 4107 1070 4178 ἱστορίαν,
1102 4107 1202 4182 τὴν
1228 4105 1332 4177 γῆν
1363 4103 1620 4176 φησιτῆς
1649 4102 2002 4171 ἐπαγγελίας,

2180 4095 2235 4150 Si
2263 4111 2390 4151 vero
2405 4097 2596 4152 oculos
2615 4097 2680 4152 ad
2712 4097 2995 4153 historiam
3016 4112 3425 4162 convertamus,
3449 4102 3516 4157 de
3545 4114 3685 4157 terra

420 4203 496 4263 ὡς
531 4201 797 4270 γεγονότα
855 4198 1150 4269 λαμϐάνων
1181 4195 1250 4250 τά
1284 4195 1571 4267 μέλλοντα,
1605 4194 1655 4246 εἰ
1679 4191 1859 4246 καὶτὰ
1901 4191 2003 4262 μά-

2107 4189 2380 4258 promissa
2439 4203 2500 4243 ea
2546 4204 2668 4245 esse
2721 4191 2867 4245 dicta
2907 4191 3296 4262 intelligemus,
3345 4196 3432 4248 ubi
3460 4196 3681 4263 quidem

413 4294 578 4348 ’λιστα
607 4292 886 4362 ἐπέϐησαν
919 4290 1022 4364 ἤδη
1056 4288 1260 4359 μέρους
1313 4285 1509 4356 αὐτῆς.
1542 4286 1832 4354 Συμφωνεί
1862 4283 1918 4336 δὲ
1944 4283 1996 4336 τὸ

2108 4281 2229 4335 loco
2261 4283 2662 4351 pt'.eteritorttm
2700 4284 2907 4351 futura,
2965 4289 3219 4355 quamvis
3255 4289 3543 4341 nnaxitnam
3570 4289 3682 4358 jam

423 4385 796 4456 ἑπαγόμενονι
826 4401 846 4436 ι
879 4381 1188 4452 Ἐψώμισεν
1207 4379 1406 4443 αὐτοὺς
1418 4378 1736 4447 γεννήματα
1759 4375 1963 4446 ἀγρῶν.
1979 4393 1997 4426 ι

2107 4370 2228 4440 ejus
2258 4382 2468 4440 partem
2527 4374 2878 4443 contigerint,
2935 4375 3118 4430 habet.
3156 4376 3310 4441 Quod
3339 4378 3515 4445 ipsum
3552 4393 3685 4432 sane

422 4474 590 4530 Οὔπω
620 4476 728 4547 γὰρ
756 4475 960 4545 ἔφαγον
982 4473 1091 4525 τῶν
1137 4470 1498 4542 γεννημάτων
1540 4469 1640 4538 τῆς
1664 4468 1763 4536 γῆς
1793 4483 1806 4498 ·
1835 4467 1913 4538 τῷ
1946 4466 2002 4520 δὲ

2107 4463 2160 4518 id
2189 4464 2336 4533 quod
2357 4465 2628 4533 sequitur,
2665 4481 2883 4537 quoque
2913 4468 3262 4536 comprobat,
3299 4485 3422 4523 cum
3455 4469 3633 4540 inquit
3667 4487 3681 4524 :

426 4568 602 4639 μάννα
630 4569 758 4638 πρὶν
777 4561 1244 4634 διαπεραιωθῆναι
1264 4561 1356 4614 τὸν
1389 4558 1661 4630 Ἰορδάνην
1684 4556 1996 4632 ἐτρέφοντο.

2113 4576 2130 4608 ι
2165 4557 2434 4624 Agrorum
2501 4559 2862 4628 proventibus
2929 4559 3130 4614 cibavit
3191 4576 3307 4617 eos.
3357 4582 3375 4614 ι
3431 4562 3682 4620 Nondum

436 4659 579 4712 Ἀλλ’
634 4658 756 4712 οὐδὲ
816 4657 939 4728 μέλι
993 4655 1173 4726 ϐρειον
1247 4651 1400 4706 οῦπω
1453 4645 1597 4719 ἦσαν
1646 4649 1997 4720 δρεψάμενοι,

2107 4650 2251 4704 enim
2313 4650 2671 4719 proventibus
2721 4660 2880 4706 terra:
2940 4653 3284 4722 victitabant,
3339 4666 3529 4726 utpote
3589 4661 3682 4729 qui

422 4753 543 4806 οὐδὲ
571 4752 680 4806 τῶν
713 4723 911 4804 ἐλαιῶν
939 4766 953 4780 ·
992 4723 1048 4803 at
1083 4745 1368 4818 φιληδοῦσι
1410 4743 1642 4812 πέτραις
1667 4742 1762 4794 καὶ
1792 4740 1997 4811 ὄρεσιν.

2109 4755 2309 4794 manna
2351 4743 2671 4812 priusquam
2708 4741 3004 4800 Jordanem
3055 4723 3427 4813 transiissent,
3459 4723 3682 4807 aleban-

435 4857 527 4902 tur
562 4862 752 4914 usque.
784 4845 895 4898 lmo
925 4858 1056 4897 vero
1089 4857 1156 4896 ne
1217 4839 1320 4895 mel
1351 4838 1603 4894 silvestre
1632 4834 1852 4904 quidem
1897 4832 2075 4889 adhuc
2106 4835 2456 4906 Colligebant,
2489 4853 2670 4907 neque
2699 4838 2944 4894 olearum
3003 4855 3123 4910 quae
3187 4844 3338 4898 saxis
3402 4851 3458 4898 et
3525 4859 3684 4898 mon-

422 4937 570 4989 tibus
599 4934 964 4996 delectantur,
998 4931 1214 4983 baccas.

494 5030 766 5084 Caeterum
797 5025 974 5080 mellis
1007 5022 1228 5077 nomine
1280 5034 1475 5090 aquam
1511 5017 1810 5090 signiﬁcari
1861 5017 2085 5088 quidam
2113 5027 2390 5080 asserunt,
2424 5032 2546 5087 qua
2571 5017 2706 5087 ipsis
2741 5019 2794 5072 in
2822 5018 3039 5074 deserto
3063 5018 3352 5074 sitibundis
3384 5019 3559 5074 mellis
3588 5035 3679 5074 sa-

425 5132 610 5186 porem
635 5114 838 5166 habere
865 5112 982 5166 visa
1015 5109 1200 5165 fuerit.

499 5205 688 5266 Εἴποις
719 5202 764 5255 δ’
795 5201 860 5254 ἂν
892 5199 1212 5269 ἁλληγορῶν
1245 5195 1444 5258 αὐτοὺς
1500 5192 1840 5263 ὲψωμικέναι
1874 5209 2000 5261 γεν-

2177 5193 2386 5249 Licebit
2417 5210 2546 5250 vero
2575 5210 2670 5266 per
2722 5194 2948 5267 figuram
2973 5209 3230 5275 agrorum
3277 5193 3536 5248 odoribus
3568 5197 3681 5265 spi-

423 5309 641 5370 νὴματα
677 5296 784 5350 τῶν
822 5290 1270 5362 πεπληρωμένων
1315 5286 1546 5348 εὐωδίας
1601 5287 2002 5356 πνευματικῆς,

2106 5287 2400 5343 ritualibus
2458 5287 3062 5358 refertorumLDeique
3093 5301 3224 5342 voce
3275 5285 3678 5341 fortunatorum

425 5392 518 5454 οὓς
548 5389 819 5460 ηὑλόγησε
848 5383 1075 5454 Κύριος.
1450 5395 1454 5399 ’

1450 5395 1454 5399 ’
2107 5378 2323 5448 pavisse
2359 5379 2630 5449 frugibus,
2661 5377 3029 5449 interpretari.

510 5545 556 5577 '°
587 5543 723 5597 Gen.
769 5553 957 5600 XLVIII,
989 5535 1076 5589 16.
1152 5535 1195 5567 ⁸¹
1217 5533 1355 5589 Gen.
1385 5549 1538 5598 χχιι,
1565 5529 1654 5584 42.
1680 5531 1779 5602 ﬂ”
1804 5529 2093 5602 Dettt.vttt,

2096 5533 2167 5588 .2.
2251 5536 2297 5568 ³³
2334 5535 2465 5590 ibid.
2495 5536 2545 5589 5.
2623 5536 2671 5566 “
2700 5534 2804 5590 lsa.
2850 5535 3046 5602 xt.,3l.
3115 5532 3162 5566 ⁸⁵
3188 5530 3376 5586 Matth.
3411 5547 3557 5597 xxiv,
3587 5530 3679 5586 28.

431 5609 476 5640 ⁸⁸
505 5614 648 5670 Psa!.
680 5627 773 5676 ett,
810 5610 861 5663 5.
943 5607 986 5639 ⁸⁷
1023 5604 1170 5661 Psal.
1199 5605 1370 5671 xc,'4.
1418 5605 1506 5672 12,
1608 5603 1651 5634 ⁸⁸
1676 5600 1867 5657 Matth.
1898 5616 2014 5656 xxtt

1271 5605 1370 5671 ,‘4.
1418 5605 1506 5672 12,
1608 5603 1651 5634 ⁸⁸
1676 5600 1867 5657 Matth.
1898 5616 2060 5664 xxtn,
2091 5605 2182 5659 '57.
2259 5607 2304 5638 '9
2344 5607 2380 5660 ll
2412 5607 2540 5662 Cor.
2569 5623 2641 5673 γι,
2673 5605 2854 5678 1ιῌό.

501 5797 580 5869 (8)
620 5795 751 5850 Ἀπδ
776 5793 876 5864 τῆς
909 5790 1128 5865 Συρίας.
1177 5789 1233 5845 '0
1262 5789 1382 5842 αὐτ.
1937 5715 2168 5774 ΝΟΤᾸῙ·
