4010 6230
351 187 446 256 951
1637 203 1934 266 PROCOP.

2084 205 2280 268 -AZ:EI
2670 209 2677 216 '
3558 215 3667 278 959

349 320 435 365 set
462 306 632 380 igitur
657 303 748 366 ie:
768 323 890 381 qua:
917 309 986 368 de
1003 319 1230 383 peccato
1254 321 1500 381 accusat,
1533 323 1590 370 et
1611 318 2086 376 eondemnationis
2109 318 2478 376 ministerium
2504 329 2590 378 est
2625 339 2640 378 :
2679 341 2700 376 ι
2729 322 2914 396 anue
2939 332 3021 382 est
3059 340 3156 396 per
3201 341 3402 395 quam
3463 333 3660 388 omnia

350 400 456 453 sub
499 411 783 468 peccatum
813 401 1089 458 conclusit
1119 401 1282 470 Deus,
1315 410 1376 460 ut
1405 405 1654 460 omnium
1689 407 2102 464 misereatur".
2135 427 2152 460 ι
2183 407 2306 464 Νοη
2341 408 2614 480 ignoravit
2643 419 2822 466 autem
2885 412 3062 469 Moses
3123 413 3485 474 Servatoris
3539 434 3660 471 rna-

345 485 627 554 jestatem,
661 503 761 543 nec
811 488 957 558 quod
1014 488 1088 544 illi
1143 499 1259 545 tota
1319 491 1630 548 daemonum
1663 493 1746 550 vis
1773 493 2082 565 subjectum
2106 506 2255 552 esset
2295 497 2441 552 itura
2467 503 2621 568 patre
2677 491 2850 570 ipsius
2886 500 3154 557 subdente
3179 502 3482 572 imperio,
3539 507 3662 563 haec

348 575 496 628 enim
524 590 690 644 parva
727 575 1126 646 signiﬁcatione
1159 577 1496 635 indicantur.
1522 579 1636 638 Nec
1661 597 1792 640 vero
1822 583 1968 654 quod
1989 597 2096 640 nos
2123 583 2240 654 ipse
2265 583 2322 639 in
2349 591 2556 638 terram
2585 599 2712 641 vere
2739 594 3013 653 sanctam,
3039 587 3092 642 in
3125 603 3444 658 supernas
3488 591 3662 648 sedes

351 662 664 719 adduxerit.
697 663 826 720 Plus
851 679 980 720 vero
1000 681 1182 737 opera:
1215 683 1380 738 quam
1413 670 1578 726 Pater
1611 681 1834 742 propter
1855 673 2251 728 humanitatem
2294 671 2544 730 conferre
2567 673 2792 732 dicitur.
2817 673 3308 742 Quemadmodum
3390 679 3552 736 illud
3598 697 3663 739 se

348 765 567 820 quoque
602 750 762 804 habet
797 768 812 804 :
852 769 871 803 ‹
895 749 1015 806 Non
1041 753 1318 825 relinques
1345 757 1588 812 animam
1613 773 1788 814 meam
1819 759 1962 828 apud
1986 759 2196 816 inferos
2217 762 2284 818 "'.
2311 782 2332 816 ι

418 838 461 890 Α
483 839 586 906 ﬁne
609 850 800 906 septem
835 855 1098 903 annorum
1115 843 1170 897 in
1189 852 1328 898 stato
1344 843 1476 913 [esto
1493 847 1620 900 anni
1637 847 1960 902 remissionis
1984 848 2041 903 in
2063 847 2398 905 solemnitate
2428 849 2933 908 Tabernaculornm.
2960 851 3174 924 [XXXL
3198 852 3332 927 10.]
3359 853 3666 913 Numerus

347 927 696 996 septenarius
733 931 1001 1000 temporis
1031 933 1272 1002 spatium
1303 941 1431 990 ante
1461 935 1757 991 adventum
1783 933 1986 992 Christi
2009 944 2262 992 exactum
2297 946 2673 1007 repraesentat.
2703 937 2864 996 Sicut
2901 939 3038 996 illud
3067 957 3082 995 :
3143 959 3162 994 ι
3207 941 3477 998 Sterilis
3500 957 3507 962 ·
3531 957 3665 1014 sep-

348 1025 455 1070 tem
486 1021 694 1087 peperit
725 1019 790 1074 ’3.
830 1039 850 1073 ι
895 1021 1024 1076 Item
1058 1021 1190 1092 illud
1221 1043 1235 1078 :
1276 1043 1295 1076 ι
1324 1022 1402 1080 Ne
1429 1023 1564 1082 ﬁdas
1589 1025 1816 1080 inimico
1845 1033 1960 1089 tuo,
1989 1031 2200 1096 septem
2233 1025 2380 1082 enim
2421 1025 2632 1082 scelera
2663 1025 2718 1082 in
2757 1026 2925 1083 corde
2953 1027 3076 1097 ejus
3112 1020 3270 1084 'sunt
3289 1029 3375 1083 ⁸ο.
3411 1047 3436 1082 s
3511 1029 3656 1086 Item

347 1105 480 1159 illud
514 1105 566 1160 in
597 1108 908 1164 Proverbiis
937 1126 953 1166 :
987 1129 1006 1160 ι
1041 1107 1256 1182 Septies
1285 1111 1432 1168 cadit
1457 1112 1644 1184 justus
1669 1120 1726 1168 et
1744 1121 1993 1184 resurget
2011 1112 2076 1166 “’.
2103 1130 2122 1168 ι
2156 1112 2436 1170 Numerus
2466 1113 2614 1168 enim
2649 1113 2754 1170 iste
2786 1115 2986 1185 ubique
3023 1114 3348 1188 Scriptura;
3382 1119 3666 1174 multitu-

345 1193 529 1249 dinem
564 1194 808 1250 denotat.
842 1197 986 1252 Ante
1020 1197 1314 1255 adventum
1351 1199 1518 1270 igitur
1551 1199 1760 1257 Christi
1791 1201 1898 1256 etsi
1922 1200 2008 1256 lex
2027 1200 2386 1266 recitabatur,
2418 1217 2529 1257 non
2562 1210 2744 1257 tamen
2767 1211 2830 1257 ut
2862 1201 3174 1260 disceretur
3228 1203 3429 1260 ﬁebat
3461 1221 3482 1272 ;
3548 1220 3663 1264 non

345 1283 492 1336 ettim
527 1283 697 1354 legem
731 1284 874 1340 sicut
904 1287 1212 1356 oportebat,
1245 1285 1596 1358 perfecteque
1627 1288 2054 1360 cognoscebant.
2085 1287 2319 1356 Quando
2347 1304 2478 1345 vero
2508 1287 2762 1348 Christus
2807 1289 3046 1346 adventu
3079 1292 3147 1346 ad
3174 1307 3286 1349 nos
3332 1293 3511 1348 facto
3575 1309 3665 1352 re-

329 1370 667 1443 missionem
705 1381 1057 1442 peccatorum
1093 1374 1253 1430 nobis
1281 1377 1640 1444 condonavit,
1669 1385 1723 1433 et
1752 1392 1784 1433 a
1805 1377 2088 1439 servitute,
2114 1374 2576 1446 quemadmodum
2605 1376 2664 1431 in
2698 1389 2844 1432 anno
2874 1378 3218 1436 remissionis
3280 1387 3661 1438 consuetum

345 1467 487 1518 erat,
525 1458 796 1514 liberavit.
829 1459 1062 1526 Quando
1091 1461 1254 1518 etiam
1287 1463 1710 1520 resurrectionis
1729 1471 1970 1534 tempus,
2005 1463 2168 1532 cujus
2191 1463 2418 1536 ﬁgurant
2446 1463 2685 1532 praetulit
2719 1462 3226 1520 Tabernaculorum
3261 1467 3661 1534 solemnitas,

345 1560 458 1618 quo
489 1559 722 1624 corpora
779 1557 1028 1604 nostrae
1062 1557 1210 1606 terra
1257 1553 1709 1616 corroborantur,
1773 1553 2052 1608 evolutum
2081 1559 2166 1607 est
2203 1556 2382 1606 :tunc
2431 1551 2828 1607 humanitatem
2879 1566 2996 1607 sua:
3050 1562 3266 1608 natura!
3320 1554 3663 1624 integritati

345 1633 607 1700 restituit,
631 1644 682 1690 et
711 1637 778 1690 ad
803 1635 1106 1708 discipulos
1133 1637 1272 1694 dixit
1303 1656 1319 1693 :
1357 1657 1376 1691 ι
1405 1630 1928 1710 Αοοὶρίιθερίτίιιιη

2078 1638 2301 1694 ctum“.
2335 1657 2355 1692 ι
2384 1637 2614 1706 Quando
2631 1639 2796 1696 etiam
2819 1643 3020 1694 mentis
3049 1651 3252 1696 nostra:
3273 1643 3464 1696 .oculi
3499 1633 3661 1709 pate-

345 1721 476 1778 facti
505 1737 652 1790 sunt,
691 1737 746 1780 ut
779 1728 948 1798 legem
972 1728 1284 1798 intelligant
1317 1745 1438 1800 quae
1465 1743 1562 1786 eos
1593 1730 1726 1786 olim
1758 1729 1982 1786 latebat.
2013 1726 2505 1800 Congregabantur
2552 1727 2681 1782 item
2713 1727 2769 1781 in
2799 1741 2864 1782 eo
2893 1726 3016 1782 loco
3038 1741 3200 1796 quem
3258 1729 3661 1785 demonstra-

344 1813 446 1881 vit,
473 1813 527 1868 in
560 1811 802 1870 Ecclesia
830 1831 1078 1887 'nempe.
1139 1816 1258 1872 lllic
1288 1818 1434 1880 enim
1457 1833 1579 1874 eam
1606 1818 1811 1874 Christi
1864 1818 2123 1892 discipuli
2156 1819 2536 1886 declararunt,
2576 1817 2796 1873 dicente
2830 1816 3000 1872 Paulo
3031 1836 3044 1873 :
3075 1836 3094 1870 ι
3115 1818 3253 1872 Nam
3282 1820 3340 1876 si
3411 1820 3660 1890 sanguis

343 1913 631 1959 taurorum
661 1916 714 1961 et
745 1906 1048 1973 hircorum,
1070 1919 1122 1963 et
1159 1907 1303 1963 cinis
1339 1908 1610 1978 juvenem,
1669 1923 1969 1980 aspergens
2020 1909 2364 1982 inquinatos,
2396 1909 2466 1964 ad
2503 1909 2688 1965 carnis
2743 1907 3188 1979 puriﬁcationem
3247 1910 3614 1967 sanctiﬁcat
3638 1950 3654 1974 ,

342 2003 552 2062 quanto
567 1996 738 2064 magis
767 1995 993 2065 sanguis
1023 1995 1227 2051 Christi
1240 1997 1326 2050 ⁵ίῖ
1356 2013 1376 2048 ι
1401 1994 1469 2051 Ει
1499 1997 1699 2053 iterum
1735 2016 1750 2052 :
1787 2016 1806 2050 ι
1829 1997 2042 2056 Pascha
2071 2000 2217 2055 enim
2246 2007 2498 2054 nostrum
2531 1996 2877 2052 immolatum
2937 2005 3042 2062 est,
3103 1996 3385 2055 Christus
3441 1997 3652 2054 videli-

344 2081 511 2137 cet".
547 2099 566 2132 ι
595 2079 661 2134 Ει
690 2086 886 2138 iterum
917 2101 931 2138 :
971 2101 990 2134 ι
1015 2082 1190 2139 Dicite
1209 2085 1342 2140 mihi
1373 2099 1472 2142 vos
1505 2085 1600 2156 qui
1631 2085 1737 2142 sub
1762 2087 1882 2158 lege
1909 2102 2036 2145 esse
2059 2087 2246 2155 vultis,
2277 2099 2348 2140 an
2378 2085 2551 2158 legem
2576 2083 2878 2156 agnoscitis
2912 2097 3010 2141 seu
3039 2083 3224 2157 legitis
3243 2083 3270 2139 ?
3334 2083 3650 2158 Scriptum

343 2169 491 2224 enim
523 2179 606 2225 est
631 2189 643 2224 :
667 2171 939 2227 Abraham
974 2175 1113 2228 duos
1144 2173 1336 2228 habuit
1370 2172 1511 2230 ﬁlios
1543 2173 1612 2241 “,
1641 2192 1660 2226 s
1688 2181 1744 2230 et
1776 2189 1899 2245 qua:
1926 2176 2210 2245 deinceps.
2897 2227 2902 2230 .

422 2257 558 2314 Ecce
615 2270 668 2312 tu
719 2261 949 2316 dormies
1007 2277 1125 2316 eum
1171 2261 1411 2330 patribus
1457 2263 1584 2318 tuis.
1648 2259 1805 2336 [16.]
1865 2259 2175 2318 Notandum
2237 2261 2419 2317 obiter
2476 2266 2607 2327 est,
2657 2259 2808 2330 quod
2864 2275 3016 2318 mors
3057 2259 3114 2316 in
3150 2259 3345 2318 Veteri
3422 2259 3644 2318 Testa-

345 2360 530 2405 mento
559 2351 781 2422 requies
831 2367 928 2409 seu
980 2365 1210 2410 somnus
1263 2358 1512 2408 vocatur.
1559 2350 1664 2408 Per
1706 2363 1894 2426 patres
1941 2350 2370 2422 vero-majores
2417 2349 2472 2406 in
2537 2348 2813 2421 spirituali
2880 2349 3207 2423 cognatione
3283 2350 3632 2424 intelligen-

343 2439 476 2493 dom
505 2445 614 2494 est.
1390 2457 1394 2461 -

415 2546 645 2604 Scribit:
667 2547 828 2602 verba
869 2547 1028 2618 hujus
1081 2547 1300 2602 cantici.
1330 2545 1472 2622 [19.]
1530 2546 1709 2620 Digito
1762 2549 1922 2620 quasi
1955 2549 1998 2596 Α

2099 2548 2383 2620 Γρὰψατε
2420 2546 2494 2602 τὰ
2531 2545 2773 2618 ῥήματα
2798 2546 2908 2618 τῆς
2934 2545 3094 2617 ᾠδῆς
3114 2544 3374 2616 ταύτης.
3407 2545 3494 2602 Τὸ
3522 2544 3640 2600 δει-

344 2641 436 2699 hic
464 2652 822 2709 monstratur,
845 2643 991 2712 quod
1020 2642 1264 2696 futurum
1289 2649 1429 2708 erat,
1453 2640 1920 2712 Quemadmodum

2064 2641 2216 2695 ;τικδν
2269 2639 2508 2696 ἐνταῦθα
2557 2639 2687 2714 περὶ
2738 2638 2833 2692 τοῦ
2891 2638 3203 2709 μέλλοντος,
3229 2637 3310 2702 ὡς
3350 2639 3417 2694 ἐν
3455 2639 3647 2709 Εὐαγο

345 2733 403 2790 in
427 2733 726 2804 Evangelia
753 2755 766 2790 :
804 2754 822 2786 ι
845 2734 1175 2806 Quicunque
1202 2733 1428 2792 solverit
1458 2748 1625 2792 unum
1649 2747 1721 2790 ex
1759 2747 1926 2790 man-

2031 2733 2197 2807 γελεῳ
2214 2751 2231 2768 ο
2271 2753 2291 2787 ι
2334 2733 2430 2798 Ὃς
2453 2731 2520 2788 ἂν
2549 2731 2689 2808 λύσῃ
2715 2731 2845 2803 μίαν
2867 2730 2975 2786 τῶν
3008 2729 3237 2786 ἐντολῶν
3259 2729 3516 2786 τούτων.
3543 2747 3567 2783 ι

347 2823 488 2880 datis
515 2823 681 2879 bis".
707 2843 728 2877 ι

419 2941 706 2996 Canticum
743 2951 924 2998 autem
959 2949 1042 2999 est
1089 2943 1358 3016 theologia
1383 2983 1399 3008 ,
1433 2959 1558 3016 quae
1591 2943 1734 3002 veris
1764 2951 1820 3000 et
1845 2942 2017 3001 rectis
2041 2940 2400 3014 dogmatibus
2427 2947 2514 2998 est
2567 2939 2824 3028 l'unda‘ta,
2869 2953 3037 3010 quam
3087 2937 3226 3009 justi
3258 2939 3462 2994 anima
3513 2937 3637 2995 sola

349 3044 550 3100 magno
580 3029 766 3084 studio
792 3039 846 3084 et
877 3045 1010 3084 cura
1041 3045 1233 3086 secum
1290 3032 1592 3088 destinavit
1654 3031 1786 3088 Deo.
1835 3033 1928 3088 Vel
1961 3039 2114 3088 certe
2159 3045 2266 3085 vox
2315 3039 2402 3102 est
2437 3036 2632 3100 argute
2659 3044 2724 3084 ac
2749 3029 3044 3092 concinne,
3075 3028 3288 3098 absque
3349 3036 3639 3084 concentu

349 3117 543 3189 organi
575 3118 808 3172 reddita.
834 3116 1187 3190 Quaecunque
1219 3120 1364 3175 enim
1398 3120 1547 3178 nuda
1575 3128 1630 3178 et
1665 3121 1946 3178 abstracta
1969 3117 2438 3189 contemplatione
2466 3130 2532 3172 ac
2570 3115 2843 3188 theologia
2880 3115 3468 3187 comprehenduntur,
3531 3114 3637 3169 hoc

351 3205 592 3263 hominis
623 3206 952 3261 sortiuntur.

377 3293 582 3373 ι462
617 3292 832 3348 Librum
893 3293 1032 3350 hunc
1074 3301 1349 3363 acceptum
1399 3291 1635 3362 reponite
1669 3293 1728 3347 in
1753 3292 1918 3349 latere
1978 3308 2118 3348 arca:
2173 3290 2407 3362 fwderis.
2443 3289 2584 3368 [26.]
2613 3293 2885 3350 Caeterum
2936 3293 2994 3349 in
3043 3293 3288 3350 medium
3360 3291 3633 3350 concedit

347 3381 484 3445 lex,
529 3383 734 3436 indicio
792 3381 938 3452 quod
995 3395 1136 3436 nova
1199 3395 1298 3450 per
1346 3379 1629 3436 Christum
1688 3381 1900 3438 edenda
1960 3380 2188 3436 oracula
2245 3395 2352 3434 non
2399 3381 2564 3450 longe
2602 3379 2714 3435 sint
2789 3379 3069 3437 defutura.
3148 3379 3286 3436 Nam
3343 3391 3404 3438 et
3455 3380 3632 3450 legem

349 3472 651 3540 quoquein
677 3464 854 3526 sacris
884 3468 1122 3525 coetibus
1180 3469 1430 3540 recipere
1491 3469 1789 3540 oportebit,
1845 3469 2180 3541 minimeque
2238 3469 2492 3541 rejicere.
2535 3466 2924 3528 Verumtamen
2988 3469 3178 3542 prima:
3205 3469 3256 3524 ei
3307 3485 3430 3525 non
3484 3462 3638 3523 defe-

349 3564 577 3614 runtur.
1513 3574 1516 3577 ·

422 3689 750 3762 Congregate
771 3688 839 3742 ad
859 3703 938 3742 me
961 3703 1137 3743 omnes
1159 3686 1392 3740 tribuum
1421 3685 1686 3754 principes
1707 3694 1931 3742 vestros.

2107 3691 2586 3760 Ἑκκλησιὰσατε
2609 3691 2761 3760 πρός
2773 3705 2852 3757 με
2878 3687 3020 3754 τοὺς
3045 3685 3413 3758 φυλάρχους
3434 3680 3628 3754 ὑμῶν.

351 3781 495 3858 [28.]
553 3779 693 3838 Vox'
719 3781 939 3852 quidem
999 3780 1093 3835 Dei
1130 3795 1237 3834 una
1263 3787 1348 3838 est
1372 3793 1501 3850 erga
1533 3792 1734 3834 omnes
1767 3786 1930 3848 quot-

2049 3783 2318 3855 Ἐνωτικὴ
2365 3783 2477 3854 γὰρ
2507 3786 2542 3854 ἡ
2567 3780 2704 3836 Θεοῦ
2758 3779 2913 3852 φωνὴ
2954 3780 3070 3834 ,τῶν
3123 3779 3240 3833 ὅσοι
3301 3773 3629 3846 πειθόμενοι

351 3887 488 3950 quot
515 3875 833 3932 earumdem
879 3874 1140 3928 virtutum
1166 3880 1222 3928 et
1247 3872 1558 3942 dogmatum
1587 3886 1647 3927 se
1693 3870 1934 3927 submit-

2041 3878 2161 3942 ταῖς
2209 3878 2405 3940 αὑταῖς
2448 3875 2670 3948 ἀρεταῖς
2725 3871 2820 3927 καὶ
2868 3871 3140 3942 δόγμασιν
3196 3865 3624 3923 ὑποϐάλλονται.

351 3979 476 4030 tttnt
507 3970 763 4040 imperio.
798 3966 856 4022 ln
894 3966 1088 4039 primis
1127 3980 1258 4042 vero
1285 3964 1351 4018 ad
1379 3979 1474 4018 eos
1525 3963 1618 4034 qui
1669 3963 1934 4033 dignitate

2042 3966 2300 4040 Πρώτους
2337 3967 2396 4022 δὲ
2442 3967 2538 4022 καὶ
2585 3967 2708 4022 κατ’
2759 3963 3041 4036 ἐξαίρετον
3101 3961 3230 4026 τοὺς
3273 3956 3625 4045 προῦχοντοξς

352 4038 613 4138 praestant
645 4063 770 4118 aliis
823 4038 1083 4131 pertinet.
1146 4038 1297 4143 Quos
1334 4057 1457 4112 ideo
1505 4071 1815 4112 convocare
1845 4055 1933 4110 di-

2040 4055 2182 4124 ἀξιοῖ
2208 4056 2557 4128 συλλεγῆναι.
2593 4055 2998 4128 Προσεκτικοὺς
3027 4047 3229 4116 absab;
3258 4051 3374 4107 τῶν
3397 4041 3623 4116 λεγομέ-

353 4163 578 4222 gnatur,
606 4168 716 4222 quo
747 4151 898 4206 dicto
915 4142 1293 4206 audientiores
1326 4148 1511 4202 faciat.
1545 4147 1754 4202 Horum
1785 4145 1935 4202 enim

2041 4165 2146 4204 νων
2207 4147 2505 4204 ἀποτελῶν.
2553 4149 2679 4212 Τοῖς
2739 4149 2848 4220 γὰρ
2886 4145 3094 4201 τούτων
3147 4143 3424 4217 νεύμασιν
3454 4142 3620 4212 ἐχρῆν

355 4260 384 4298 a
416 4246 572 4300 vultu
597 4245 968 4301 obedientiam
1005 4242 1248 4314 pendere
1280 4242 1596 4331 oportebat.

1164 4257 1248 4298 ere
1280 4242 1596 4331 oportebat.
2043 4237 2358 4294 ἀκολουθεῖν
2389 4237 2452 4290 τὸ
2485 4237 2747 4308 ὑπήκοον.

425 4381 826 4439 Testimonium
862 4393 1045 4438 autem
1114 4397 1275 4438 suum
1330 4380 1609 4450 praemittit
1640 4395 1750 4450 quo
1783 4378 2098 4434 futurorum
2133 4378 2400 4433 malorum
2430 4374 2594 4446 culpa
2645 4389 2768 4430 sese
2817 4373 3024 4428 eximat
3085 4371 3256 4436 Deus,
3281 4379 3341 4425 et
3372 4364 3522 4440 quod
3557 4375 3620 4418 ea

356 4473 559 4528 mentis
623 4472 928 4526 mutatione
987 4470 1183 4526 evitari
1213 4468 1682 4538 possintindicet.

423 4557 671 4625 Adaei-te,
699 4559 912 4622 coelum,
941 4574 1064 4612 nam
1099 4557 1308 4628 loquar,
1342 4566 1393 4612 et
1424 4556 1610 4611 audiat
1636 4563 1780 4610 terra
1815 4549 2056 4608 verbosa:
2079 4567 2171 4608 ore
2202 4566 2334 4605 meo.
2357 4545 2602 4620 [XXXIL
2625 4545 2704 4620 1.]
2751 4545 2823 4602 Ut
2867 4545 2959 4602 Dei
3017 4546 3185 4603 verba.
3237 4543 3615 4628 percipiantur

359 4651 558 4706 emlum
585 4647 728 4719 quod
761 4649 978 4706 divinas
1005 4649 1214 4718 accepit
1233 4647 1728 4707 virtutesinvocat,
1759 4657 1974 4699 necnon
1997 4651 2203 4696 terram
2241 4637 2551 4694 mortalium
2587 4635 2794 4692 sedem.
2828 4635 2904 4690 Ea
2941 4634 3089 4690 enim
3121 4644 3302 4690 mente
3355 4630 3610 4705 pmditos

362 4737 586 4794 reddere
619 4737 882 4792 attonitos
909 4745 1163 4806 possunt.
1201 4733 1472 4801 Quoniam
1505 4749 1632 4789 vero
1667 4730 1811 4787 oculi
1845 4728 2070 4785 auribus
2098 4725 2454 4796 pretiosiores
2485 4723 2919 4793 solertioresque
2973 4730 3126 4785 sunt,
3153 4721 3610 4818 advertereprte-

361 4827 744 4890 stantiorihus,
782 4823 976 4879 audire
996 4837 1126 4878 vero
1159 4822 1490 4878 mortalibus
1523 4821 1720 4876 tribuit
1759 4835 1774 4873 :
1823 4816 2116 4874 facultates
2150 4815 2293 4870 enim
2325 4812 2527 4868 mentis
2567 4821 2831 4883 tanquam
2857 4811 3058 4867 oculus
3091 4825 3238 4866 unus
3265 4811 3606 4905 percipiunt;

362 4937 458 4978 seu
488 4920 745 4990 quoniam
777 4929 842 4971 ea
866 4913 1092 4970 oracula
1113 4913 1290 4984 longis
1323 4920 1446 4981 post
1479 4909 1818 4980 temporibus
1846 4922 2096 4973 evenere,
2137 4905 2369 4960 mortale
2394 4919 2524 4958 vero
2549 4903 2870 4959 diuturnum
2903 4917 3015 4957 non
3054 4908 3159 4968 est,
3186 4899 3403 4956 divinas
3430 4904 3483 4953 et
3510 4899 3605 4948 im-

364 5007 637 5065 mortales
653 5006 905 5068 virtutes,
941 5001 1042 5056 hoc
1071 5008 1177 5065 est,
1209 4999 1484 5070 longaevas
1513 5005 1674 5054 terrae
1705 5003 1894 5066 partes
1924 4995 2248 5052 testimonio
2277 5008 2462 5049 rerum
2498 4991 2812 5048 futurarum
2839 4991 3078 5055 invocat,

432 5133 570 5189 Nam
612 5141 665 5188 et
696 5129 826 5186 alibi
857 5127 1002 5185 Deus
1035 5142 1131 5199 per
1177 5117 1364 5183 Mosen
1399 5125 1591 5181 eodem
1655 5123 1819 5181 modo
1858 5125 1940 5180 lo-

2117 5126 2251 5181 Θεοῦ
2287 5124 2376 5178 διὰ
2401 5123 2682 5187 Μωῦσέως
2733 5121 3043 5187 λαλοῦντος,
3099 5121 3196 5174 καὶ
3245 5119 3354 5174 τῶν
3402 5113 3604 5170 πάντων

367 5228 590 5298 quitur,
635 5234 689 5281 et
746 5223 992 5280 omnium
1059 5235 1248 5277 rerum
1307 5217 1650 5275 conditorem
1697 5218 1938 5272 invocat.

2047 5217 2481 5289 ἐπικαλουμένου
2521 5216 2616 5270 τὸν
2665 5215 2918 5286 ποιητὴν,
2976 5215 3078 5286 τὴν
3111 5214 3291 5268 κτίσιν
3345 5208 3508 5314 ἐχρῆν
3535 5199 3604 5259 εἰς

368 5322 504 5374 (ium
565 5335 694 5373 vero
727 5333 797 5373 an
827 5325 1021 5372 contra
1072 5313 1292 5370 Judteos
1355 5319 1570 5368 tantum
1624 5311 1946 5382 bujusmodi

2053 5314 2292 5384 ὑπήκοον
2321 5309 2575 5379 ἄγεσθαι.
2611 5309 2702 5380 Μή
2743 5325 2876 5362 ποτε
2893 5307 2950 5362 δὲ
2980 5307 3072 5360 καὶ
3103 5306 3178 5370 ὡς
3203 5305 3317 5360 τῶν
3357 5303 3597 5384 τοιούτοιν

368 5433 535 5474 toccs
595 5414 953 5475 creta-rantur
1007 5409 1157 5466 haud
1213 5409 1428 5475 sciam,
1479 5407 1680 5464 coelum
1709 5416 1758 5462 et
1803 5415 1948 5462 terra

2053 5379 2248 5473 φωνῶν
2272 5404 2392 5456 κατ’
2427 5379 2700 5456 Ἰουδαίων
2733 5395 3185 5470 προφερομένων,
3220 5393 3444 5467 οὐρανὸς
3469 5379 3599 5440 ιῑκό·

445 5595 490 5624 ³³
527 5597 680 5646 lion».
743 5611 818 5650 Kl,
869 5590 956 5647 52.
1035 5589 1078 5622 ³⁷
1122 5589 1268 5645 Psal.
1304 5603 1394 5644 xv.
1426 5587 1514 5642 10.
1597 5584 1642 5617 ³⁸
1677 5585 1693 5640 1
1724 5585 1940 5650 “03.”.

2011 5624 2024 5635 .
2105 5583 2146 5614 ⁸⁹
2181 5581 2321 5634 Prov
2395 5596 2541 5636 χχιιι.
2763 5579 2806 5611 ⁸ο
2837 5577 2996 5650 Prov.
3033 5593 3179 5646 χειν,
3221 5575 3305 5633 16.
3372 5573 3420 5608 δ’
3451 5565 3587 5624 133m-

371 5661 595 5729 xx,aa.
671 5649 1174 5730 existumant.
1231 5659 1318 5714 ιθι
1367 5653 1494 5715 Cor.
1527 5673 1581 5726 ν,
1614 5656 1666 5710 7.
1745 5649 1954 5710 “Gala

1395 5654 1494 5715 lor.
1527 5673 1581 5726 v,
1614 5656 1666 5710 7.
1745 5649 2008 5710 “Calai.
2069 5667 2144 5722 tv,
2201 5653 2290 5718 21,
2325 5654 2412 5706 ‘22.
2491 5653 2534 5684 ⁵⁵
2585 5651 2772 5706 Matth.
2807 5665 2860 5716 v,
2895 5649 2978 5704 19.
