4010 6230
427 284 535 346 953

1316 295 1855 360 COMMENTARII
1901 301 1982 360 IN
2028 301 2731 362 DEUTERONOMIUM.

3579 299 3684 364 954

420 418 533 452 τω·
560 401 912 456 ἀνακαλεῖται
947 403 1042 457 καὶ
1069 403 1166 474 γῆ,
1196 403 1265 457 τὰ
1287 407 1516 460 καθόλου
1541 410 1639 479 τῆς
1671 410 1998 477 οἰκουμένης

2114 412 2442 463 invocantur
2485 410 2685 463 merito
2723 429 2735 463 :
2767 424 2887 479 qua:
2921 420 3108 481 gentes
3140 424 3238 479 per
3267 418 3438 465 totum
3495 414 3680 465 orbem

427 491 556 563 ἔθνη
616 493 920 564 δηλοῦντα,
985 497 1081 549 καὶ
1127 497 1254 567 ⁵τῆς
1308 498 1366 550 ἐν
1415 499 1664 569 οὐρανοῖς
1719 501 1998 571 διατριϐῆς

2114 508 2416 567 versantes,
2448 515 2512 556 ac
2539 501 2861 556 ccelestibus
2894 499 3120 556 sedibus
3153 501 3350 571 dignas
3382 515 3681 570 repraasen-

429 584 590 649 ἄξια;

2107 600 2247 647 tant.

501 701 755 757 Stilletut
783 701 967 771 pluvia
992 703 1254 774 eloquium
1276 722 1467 759 meum.
1501 702 1742 777 [XXXI],
1761 703 1840 776 2.]
1857 704 1992 760 Cum
2017 705 2180 760 nubis
2202 705 2378 760 instar
2401 703 2578 760 Moses
2600 710 2764 770 esset,
2785 703 2890 760 isto
2915 704 3130 760 dicendi
3159 721 3359 777 genere
3373 709 3563 761 utitur.
3590 706 3684 761 Sic

426 791 572 846 enim
599 793 771 844 sancti
805 794 1176 860 appellantur.
1212 795 1286 848 De
1317 796 1517 865 quibus
1543 793 1750 847 dictum
1783 800 1963 848 exstat
1989 809 2002 846 :
2038 810 2058 845 ι
2083 789 2302 847 Veritas
2329 799 2421 844 tua
2455 792 2522 846 ad
2547 791 2723 846 nubes
2754 807 2931 860 usque
2958 794 3219 862 protingit
3243 794 3312 850 “.
3342 813 3360 846 ι
3403 795 3504 861 Qui
3535 795 3680 849 enim

427 877 600 932 nubes
632 876 920 932 insensiles
949 881 1196 935 veritatis
1227 897 1447 935 sensum
1472 880 1826 951 percipiunt?
1859 878 2054 936 Iisdem
2088 894 2308 950 quoque
2345 896 2374 932 a
2407 878 2519 932 Deo
2551 879 2802 933 mandari
2852 879 3078 944 dicitur,
3110 889 3168 934 ut
3213 883 3451 952 pluviam
3520 890 3684 935 terra;

426 973 642 1035 negent.
679 966 756 1019 Ac
785 965 904 1034 ejus
958 967 1200 1022 mandati
1237 969 1404 1024 divini
1467 986 1635 1024 sensu
1681 976 2006 1038 tanguntur,
2041 967 2204 1022 etubi
2236 966 2525 1036 rigandum
2557 967 2809 1020 minusve
2851 975 3074 1020 norunt.
3137 967 3232 1022 llis
3291 984 3421 1024 vero
3475 968 3681 1034 verbis,

425 1061 484 1106 ut
515 1053 690 1107 locum
716 1051 858 1121 apud
881 1053 1094 1122 seipsos
1118 1057 1382 1122 parentin
1413 1070 1477 1109 eo
1500 1055 1716 1124 eloquia
1752 1056 1855 1110 ista
1882 1053 2183 1125 excipiant,
2222 1053 2681 1124 quemadmodum
2706 1053 2958 1123 agricola:
2984 1062 3182 1108 terram
3217 1071 3412 1125 parare
3477 1055 3684 1109 solent’

422 1155 534 1210 quo
555 1139 705 1194 nulla
732 1139 981 1193 elabatur
1005 1155 1168 1210 aqua,
1193 1142 1462 1196 hortatur.

492 1258 566 1312 T6
588 1261 855 1329 ἠρεμαῖον
881 1259 972 1314 καὶ
994 1257 1068 1330 μὴ
1087 1257 1294 1312 κατασύ
1303 1275 1392 1326 ρον
1408 1255 1604 1326 τῶν“ρη
1614 1254 1798 1324 μάτων
1820 1254 2000 1324 δηλῶν

421 1351 566 1402 κατὰ
603 1351 776 1420 βραχὺ
797 1351 1078 1415 δυνόντων,
1115 1350 1212 1402 καὶ
1237 1349 1336 1418 τὴν
1370 1347 1599 1419 καρδίαν
1632 1346 2001 1416 ἁπαλωτέραν

421 1446 560 1511 πρὸς
598 1441 974 1512 καρποφορίαν
999 1439 1408 1512 ἐργαζομένων,
1465 1439 1662 1509 δρόσον
1696 1437 1869 1491 ταῦτα
1900 1455 2000 1492 κα·

421 1535 522 1588 λεῖ.
571 1532 762 1586 Ὀποία
790 1533 882 1584 καὶ
915 1533 947 1601 ἡ
980 1530 1380 1584 καταϐαίνουσα
1421 1529 1562 1582 κατὰ
1605 1529 1772 1582 Δαϐὶδ
1801 1529 1897 1581 ἐπὶ
1922 1529 1989 1582 τὰ

421 1626 523 1694 ὅρη
551 1622 724 1681 Σιών.⁶
751 1624 831 1676 δτι
863 1624 981 1674 ἐκεῖ
1010 1621 1313 1676 ἐνετείλατο
1348 1619 1552 1691 Κύριος
1588 1619 1687 1690 τὴν
1715 1619 1994 1687 εὐλογίαν,

422 1714 567 1785 ζωὴν
600 1713 704 1775 ἓως
728 1711 821 1765 τοῦ
869 1712 1085 1774 αἰῶνος.
1130 1710 1242 1763 Καὶ
1286 1710 1441 1764 αὐτοὶ
1494 1709 1673 1763 τοίνυν
1705 1711 1781 1774 ὡς
1805 1711 1997 1783 δρόσον

421 1804 705 1874 δεχόμενοι
733 1803 859 1866 τοὺς
883 1801 1075 1871 λόγους
1112 1800 1596 1872 εὐλογηθήσονται.

510 1984 572 2036 Ἥ
591 1982 860 2053 ἄγρωστις
889 1983 994 2036 πόα
1016 1985 1110 2048 τίς
1135 1983 1287 2036 ἐστιν
1309 1983 1682 2054 ἐπινεμομένη
1713 1984 1779 2053 τῇ
1805 1985 1875 2052 γῇ
1899 1983 1995 2036 καὶ⁸

423 2077 669 2148 βαθείαις
702 2076 881 2146 ῥίζαις
904 2075 1132 2140 λεπταῖς
1146 2093 1205 2130 τε
1241 2075 1337 2130 καὶ
1364 2075 1586 2138 πολλαῖς
1614 2076 1708 2129 καὶ
1741 2077 1992 2138 πυκναῖς,

419 2165 532 2225 οἷόν
561 2185 670 2221 τισι
711 2167 910 2232 ζώναις
942 2168 1042 2237 τὴν
1087 2169 1192 2238 γῆν
1244 2168 1688 2236 περισφίγγουσα
1712 2183 1726 2197 ο
1759 2166 1834 2230 ὡς
1867 2167 1994 2219 ἀντ-

421 2259 654 2330 ἔχουσαν
683 2260 805 2322 ταῖς
833 2257 1186 2329 ἐπομϐρίαις,
1227 2256 1304 2328 μὴ
1337 2256 1784 2327 παρασύρεσθαι,
1834 2256 1996 2308 πλέον

419 2351 509 2406 ἀεὶ
537 2349 883 2421 ῥιζουμένην.
915 2347 1100 2412 οὕτως
1125 2345 1221 2402 οὖν
1242 2347 1388 2414 ἀξιοῖ
1425 2347 1516 2400 τὸν
1549 2345 1767 2414 λογικὸν
1792 2345 1998 2417 ὄμϐρον

413 2441 496 2512 τῷ
515 2442 615 2512 τῆς
640 2440 880 2507 διανοίας
904 2438 1380 2509 παραπέμπεσθαι
1434 2437 1612 2508 βάθει,
1651 2439 1862 2507 μήποτε
1897 2438 1992 2490 καὶ

422 2533 752 2606 ξηρανθῶσι,
792 2531 866 2602 μὴ
909 2531 1214 2602 δεχόμενοι,
1275 2532 1372 2584 καὶ
1422 2531 1498 2593 ὼς
1525 2531 1806 2598 ἄγρωστις
1853 2528 1998 2600 ξηρὰ

423 2626 708 2700 βρωθῶσιν
742 2624 846 2678 ὑπὸ
872 2625 1065 2694 πυρὸς,
1103 2611 1248 2676 κατὰ
1303 2622 1403 2693 τὴν
1445 2621 1542 2676 τοῦ
1598 2621 1822 2676 Ἡσαΐου
1885 2638 1997 2690 φω-

420 2719 550 2789 νήν.

2177 1251 2382 1308 Deinde
2421 1253 2723 1317 lenitatem,
2752 1262 2806 1308 et
2832 1253 3126 1310 verborum
3192 1256 3524 1312 modestiam
3557 1269 3684 1326 quas

2106 1342 2366 1412 paulatim
2439 1343 2734 1399 subsidunt
2792 1360 2999 1416 corque
3057 1347 3469 1402 molliusculum
3523 1346 3682 1402 ferax

2105 1431 2361 1499 reddunt,
2390 1449 2511 1487 cum
2544 1449 2607 1488 ea
2639 1435 2782 1491 roris
2814 1439 3080 1506 proponit
3143 1439 3387 1504 nomine,
3451 1438 3677 1493 indicat.

2105 1523 2427 1594 Cujusmodi
2460 1534 2511 1579 et
2539 1524 2674 1579 illud
2694 1534 2802 1590 est,
2836 1543 2956 1598 quae
2985 1528 3291 1593 descendit,
3315 1529 3476 1598 juxta
3515 1528 3680 1582 Davi-

2103 1617 2248 1683 dem,
2280 1632 2444 1686 super
2471 1625 2686 1682 montes
2736 1618 2896 1682 Sion,
2941 1621 3203 1690 quoniam
3265 1621 3377 1674 illic
3428 1620 3683 1690 promisit

2102 1708 2369 1764 Dominus
2407 1710 2578 1762 vitam
2629 1708 2838 1764 felicem
2871 1712 2927 1765 in
2956 1719 3219 1767 aeternum
3243 1711 3310 1766 ".
3346 1709 3456 1782 Ipsi
3493 1705 3702 1781 itaque'

2103 1801 2266 1854 etiam
2305 1800 2398 1868 qui
2428 1801 2593 1855 verba
2623 1809 2884 1871 tanquam
2920 1816 3102 1858 rorem
3136 1803 3441 1873 excipiunt,
3500 1803 3680 1857 felici-

2035 1879 2076 1937 Β
2107 1899 2218 1947 tate
2249 1892 2623 1948 donabuntur.

2174 1986 2443 2040 Caeterum
2475 1987 2752 2056 ἄγρωστις
2784 1987 2950 2042 herba
2997 1987 3250 2056 quaedam
3287 1995 3391 2051 est,
3428 2001 3553 2058 quae
3585 2001 3688 2042 su-

2104 2093 2202 2146 per
2233 2087 2375 2132 terra
2399 2081 2591 2148 serpit,
2618 2094 2684 2133 ac
2708 2079 2835 2134 altis
2865 2078 3154 2134 radicibus
3180 2081 3458 2146 tenuibus,
3493 2079 3691 2133 multis

2105 2182 2170 2222 ac
2200 2167 2583 2238 frequentibus
2630 2179 2834 2225 terram
2876 2184 2979 2224 ceu
3033 2168 3350 2222 humiditati
3414 2169 3683 2223 resisten-

2105 2271 2212 2314 tem
2245 2261 2657 2330 complectitur,
2689 2263 3021 2334 altioresque
3045 2279 3115 2320 ne
3143 2264 3412 2318 evellatur
3442 2260 3682 2316 subinde

2101 2351 2314 2405 radices
2361 2351 2489 2420 agit.
2545 2353 2625 2407 Ad
2684 2353 2830 2408 hunc
2883 2355 3056 2424 igitur
3105 2353 3350 2416 modum,
3387 2352 3441 2405 in
3481 2350 3690 2406 mentis

2103 2442 2531 2512 profunditatem
2565 2444 2716 2499 verbi
2747 2446 2834 2500 sui
2867 2446 3098 2501 imbrem
3145 2446 3439 2499 demittere
3491 2442 3684 2512 digna-

2107 2542 2222 2597 tur,
2251 2551 2318 2588 ne.
2342 2534 2482 2591 forte
2508 2537 2602 2605 qui
2638 2552 2745 2590 non
2777 2537 3083 2607 excipiunt,
3111 2541 3453 2600 exarescant,
3485 2542 3539 2587 et
3559 2543 3682 2585 tan-

2098 2643 2262 2696 quam
2300 2628 2466 2683 herba
2527 2629 2680 2684 arida
2716 2630 2783 2684 ab
2826 2630 2970 2700 igne,
3019 2628 3177 2698 juxta
3214 2627 3364 2683 Isaiae
3405 2621 3680 2686 vocem”,

2102 2720 2491 2777 absumantur.

486 2824 768 2882 Fortassis
794 2839 926 2879 vero
956 2830 1175 2894 pr0pter
1197 2823 1544 2878 sterilitatem
1581 2823 1689 2878 feni
1726 2833 1780 2879 et
1804 2824 2130 2898 ἀγρώστιος,
2189 2830 2320 2884 item
2355 2831 2573 2899 quodin
2605 2831 2742 2885 locis
2796 2830 3020 2886 incultis
3086 2837 3390 2885 nascuntur
3420 2866 3436 2892 ,
3503 2824 3672 2879 steri-

416 2915 624 2970 litatem
651 2913 1106 2982 asperitatemque
1135 2926 1324 2967 eorum
1349 2913 1444 2982 qui
1480 2912 1720 2966 audituri
1753 2923 1910 2974 sunt.
1945 2915 2144 2981 innuit,
2193 2929 2528 2988 quapropter
2557 2935 2652 2974 eos
2685 2919 2991 2974 obtestatur
3056 2918 3245 2973 etiam.

492 3002 726 3058 Tribuite
741 3001 1188 3072 magniﬁcentiam
1221 3001 1326 3055 Deo
1356 3010 1557 3055 nostra.
1592 2999 1697 3072 [3.]
1719 3001 1862 3056 Nihil
1895 3003 2094 3059 humile
2131 3016 2218 3078 aut
2246 3019 2512 3061 creaturze
2559 3006 2737 3062 simile
2763 3007 2830 3062 de
2855 3023 2920 3061 eo
2944 3003 3293 3072 concipialis.
3336 3002 3512 3056 Porro
3577 2997 3680 3052 Da-

415 3092 505 3149 vid
530 3105 748 3162 quoque
767 3091 842 3146 ait
874 3108 886 3144 :
926 3107 944 3140 ι
972 3089 1308 3158 Magnificate
1333 3087 1624 3143 Dominum
1663 3105 1894 3156 mecum,
1915 3099 1970 3146 et
2000 3095 2302 3149 exaltemus
2326 3110 2522 3149 nomen
2569 3096 2690 3164 ejus
2728 3094 2894 3150 simul
2917 3093 2986 3147 ‘9.
3015 3112 3032 3145 ι
3070 3091 3127 3147 Si
3148 3092 3295 3147 enim
3345 3103 3512 3160 opera
3555 3087 3679 3157 ejus

416 3180 761 3256 magnifiunt,
795 3187 1004 3250 quanto
1039 3179 1214 3248 magis
1243 3179 1360 3248 ipse
1390 3193 1582 3233 eorum
1629 3179 1907 3233 conditor.

488 3301 554 3354 Εί
587 3299 1056 3371 γὰρέμεγαλύνθη
1078 3298 1146 3362 τὰ
1171 3297 1311 3366 ἔργα
1345 3296 1537 3361 αὐτοῦ,
1582 3297 1734 3368 πόσῳ
1785 3296 1991 3366 μᾶλλον

2173 3293 2247 3347 Ex
2279 3307 2505 3361 operum
2532 3292 2678 3346 enim
2712 3290 3117 3361 magnificentia
3151 3305 3216 3343 ac
3275 3290 3686 3358 pulchritudine

416 3391 579 3456 αὐτὸς
610 3393 638 3444 6
666 3390 872 3444 τούτων
899 3389 1266 3461 δημιουργόςί
1307 3391 1401 3443 Ἐκ
1433 3389 1698 3461 μεγέθους
1741 3390 1851 3458 γὰρ
1909 3392 2002 3443 καὶ

417 3483 678 3554 καλλονῆς
701 3470 1317 3552 κτισμάτωνάναλόγως
1345 3482 1374 3534 6
1400 3481 1784 3552 γενεσιουργδς
1815 3481 2001 3534 αὐτῶν

417 3575 728 3646 θεωρεῖται,
761 3573 873 3626 Καὶ
917 3573 1149 3636 Ἠσαίας
1181 3572 1236 3626 δέ
1261 3589 1450 3644 φησιν,
1492 3591 1510 3623 ι
1545 3573 1822 3644 Ἐπάρατε
1870 3574 2001 3636 τοὺς

419 3663 731 3732 ὀφθαλμοὺς
761 3662 935 3732 ὑμῶν,
964 3663 1056 3715 καὶ
1088 3661 1227 3714 ἴδετε
1256 3663 1344 3725 τίς
1401 3660 1678 3725 κατέδειξε
1735 3659 1944 3727 ταῦτα;
1977 3680 1997 3713 ι

419 3753 735 3823 Μέγεθοςδέ
753 3753 902 3825 αὐτῷ
931 3753 1012 3806 οὐ-
1034 3753 1367 3823 σωματικδν,
1418 3753 1562 3806 κατὰ
1593 3752 1650 3806 δέ
1683 3752 1783 3816 τὰς
1841 3753 2003 3806 ἀπεί-

421 3862 546 3918 ρους
574 3862 635 3898 τε
662 3844 943 3916 ἐνεργείας
988 3843 1084 3897 καὶ
1135 3843 1416 3914 δυνάμεις.
1464 3843 1619 3896 Ἐπεὶ
1665 3842 1762 3895 καὶ
1802 3841 2001 3911 μικρὸς

419 3938 560 4009 ἀνὴρ
587 3936 664 4008 τῷ
705 3934 938 4005 σώματι,
998 3935 1173 4004 μέγας
1225 3932 1368 3988 κατὰ
1421 3932 1615 4001 σοφίαν
1657 3931 2001 4002 ἐπονομάζε-

420 4046 531 4086 ται.

496 4121 605 4176 Καὶ
649 4119 839 4176 πᾶσαι
879 4122 938 4174 al
992 4118 1119 4174 ὁδοὶ
1179 4117 1367 4174 αὑτοῦ
1406 4119 1640 4187 κρίσεις
1687 4129 1702 4146 ⁸
1747 4116 1999 4171 τουτέστι

424 4213 614 4281 σοφίας
635 4215 730 4265 καὶ
758 4211 994 4282 κρίσεως
1018 4211 1065 4263 oi
1099 4210 1229 4281 περὶ
1253 4209 1513 4280 προνοίας
1549 4209 1786 4278 γέμουσι
1827 4208 1999 4276 λόγοι,

423 4305 528 4360 κᾶν
556 4306 616 4358 τὸ
638 4303 842 4358 τούτων
899 4304 1032 4374 ἡμῖν
1084 4303 1158 4374 μὴ
1218 4301 1479 4373 φαίνηται
1537 4302 1749 4356 δίκαιον
1770 4317 1785 4332 ·
1820 4300 1887 4354 δι’
1922 4293 1999 4354 ὧν

423 4398 521 4468 τὴν
544 4396 724 4450 πᾶσαν
756 4395 947 4464 ὥσπερ
968 4392 1354 4463 διαπορεύεται
1400 4394 1600 4459 κτίσιν,
1635 4392 1799 4463 βάθος
1831 4392 1999 4446 πλού-

423 4507 517 4544 του
545 4490 638 4542 καὶ
678 4490 868 4555 σοφίας
899 4486 1059 4556 ἔχων,
1105 4485 1200 4540 καὶ
1227 4485 1496 4556 κρίματα,
1551 4486 1696 4541 κατὰ
1722 4485 1813 4540 τὸν
1849 4482 2000 4539 Παῦ-

425 4581 538 4646 λον,
576 4578 998 4650 ἁνεξερεύνητα.

505 4762 594 4817 Ἐν
623 4762 703 4833 τῷ
721 4760 917 4831 δικαίῳ
943 4759 1154 4838 πιστὸς,
1193 4760 1270 4831 μὴ
1312 4759 1412 4832 τὴν
1459 4759 1625 4830 ὀρθὴν
1657 4761 1836 4832 κρίσιν
1864 4759 2001 4829 ψευ-

421 4855 677 4925 δόμενοςο
727 4855 824 4909 καὶ
873 4853 1083 4925 ἀληθὴς
1114 4851 1606 4922 ἐπαγγελλόμενος,
1644 4853 1744 4905 οὐκ
1799 4853 2001 4906 ἀδικῶν

421 4945 520 5017 τὴν
547 4945 860 5015 ὑπόσχεσιν.
897 4945 972 4999 Τὸ
1009 4943 1067 4997 δέ
1102 4943 1294 4997 πιστὸν
1345 4943 1520 4997 διττὸν
1556 4944 1696 4996 κατὰ
1723 4943 1822 5015 τὴν
1852 4943 2000 4999 θείαν

423 5039 668 5108 Γραφὴν,
701 5039 734 5110 ἢ
771 5037 832 5091 τὸ
866 5037 1203 5106 ἀξιόπιστον,
1261 5038 1401 5107 ὅπερ
1454 5037 1659 5107 κυρίως
1710 5039 1804 5090 ἐπὶ
1839 5037 2002 5108 μόνου

423 5131 594 5184 Θεοῦ’
647 5129 723 5194 ὡς
776 5129 857 5183 τό·
895 5148 914 5181 ι
959 5129 1156 5193 Πιστὸς
1217 5129 1328 5200 γᾴρ
1364 5133 1391 5184 ὁ
1430 5131 1936 5200 ἐπαγγειλάμενος·
1980 5151 2000 5183 ι

421 5221 533 5276 οἷον
562 5222 657 5276 καὶ
685 5221 747 5275 τὸ
781 5222 932 5292 παρὰ
957 5221 1182 5292 Πέτρῳο
1219 5240 1238 5272 ι
1275 5222 1438 5275 Ὥστε
1465 5222 1564 5274 καὶ
1602 5223 1651 5274 oi
1703 5223 2004 5292 πάσχοντες

426 5316 568 5370 κατὰ
594 5315 654 5367 τὸ
686 5314 900 5384 θέλημα
916 5314 1010 5367 τοῦ
1035 5314 1193 5379 Θεοῦ,
1233 5314 1410 5385 πιστῷ
1456 5315 1650 5386 κτίστῃ
1697 5316 2000 5385 παρατιθέ-

426 5394 638 5461 σθωσαν
688 5409 784 5472 τὰς
844 5407 1054 5461 ἑαυτῶν
1086 5407 1284 5478 ψυχάς.
1327 5427 1345 5459 ι
1382 5408 1580 5472 Πιστὸς
1617 5408 1673 5460 δὲ
1724 5409 1818 5462 καὶ
1850 5410 1878 5461 ὁ
1909 5425 2000 5461 πι-

420 5499 654 5566 στεύων,
684 5499 758 5564 rb;
803 5499 1056 5570 Ἀϐραὰμ
1080 5500 1296 5567 πιστὸς,
1324 5501 1410 5554 δτι
1441 5501 1518 5570 τῷ
1547 5498 1796 5554 λαλοῦντι
1842 5501 2006 5553 πεπί-

491 5652 538 5686 δ³
572 5653 712 5706 l’sal.
749 5669 912 5711 xxxv,
953 5651 1005 5706 6.
1084 5651 1148 5722 ἔτ.
1182 5649 1326 5708 Psal.
1359 5669 1563 5722 cum,
1593 5655 1648 5710 3.
1736 5651 1781 5686 “
1807 5650 1909 5708 lsa.
1943 5669 1996 5707 Ix

2114 5653 2161 5707 8.
2244 5649 2287 5684 δ’
2319 5648 2463 5704 Psal.
2513 5659 2706 5708 xxxul,
2735 5641 2786 5694 4.

433 5723 626 5787 κι,55.
706 5723 752 5755 ⁵⁸
790 5725 931 5778 llcbr
996 5721 1170 5786 1,23.

2108 3385 2353 3454 ipsorum
2407 3381 2589 3451 opifex
2649 3382 2753 3434 rite
2814 3380 3213 3451 perspicuitur.
3247 3378 3472 3433 Necnon
3514 3380 3687 3434 Isaias

2107 3490 2236 3530 vero
2294 3476 2470 3542 inquit
2507 3491 2521 3528 :
2560 3493 2579 3524 ι
2605 3471 2807 3527 Oculos
2865 3478 3080 3526 vestros
3123 3469 3375 3524 extollite
3403 3478 3458 3523 et
3503 3470 3688 3525 videte

2107 3569 2231 3636 quis
2261 3567 2374 3620 haec
2403 3563 2702 3635 descripsit
2717 3563 2786 3616 ⁸ο.
2814 3583 2832 3615 ι
2865 3562 3133 3617 Caeterum
3167 3561 3223 3615 in
3249 3575 3316 3615 eo
3347 3575 3459 3614 non
3485 3576 3686 3631 corpo-

2107 3675 2195 3714 rea
2217 3660 2360 3712 inest
2396 3655 2736 3726 magnitudo,
2788 3668 2982 3708 verum
3019 3651 3146 3706 talis
3177 3667 3304 3722 quae
3336 3651 3388 3706 in
3417 3652 3686 3706 immensa

2102 3751 2279 3821 ipsius
2327 3749 2576 3804 eﬂicacia
2609 3763 2674 3802 ac
2725 3746 3022 3801 virtutibus
3082 3744 3363 3799 consistit.
3411 3741 3683 3808 Quoniam

2106 3857 2306 3912 parvus
2327 3842 2492 3895 etiam
2511 3828 2867 3910 corpore'vir,
2892 3852 3124 3908 magnus
3159 3835 3446 3907 sapientiae
3470 3835 3705 3891 ratione-

2108 3933 2449 3988 nominatur.

2175 4131 2243 4186 El
2281 4148 2456 4187 omnes
2490 4131 2588 4186 vim
2619 4131 2733 4200 ejus
2758 4138 2884 4212 sunt
2910 4127 3203 4198 judicium.
3233 4125 3337 4199 [4.]
3410 4127 3524 4182 Hoc
3577 4135 3684 4192 est,

2102 4226 2347 4281 rationes
2373 4222 2738 4294 providentia:
2776 4221 2954 4290 ipsius
2993 4219 3263 4288 sapientia
3321 4216 3483 4290 5.63
3511 4225 3566 4271 et
3599 4217 3690 4286 juv

2101 4315 2248 4370 dicio
2299 4313 2473 4384 plenae
2523 4319 2672 4375 sunt,
2708 4309 2962 4380 quamvis
2993 4323 3072 4363 ere
3099 4307 3261 4362 nobis
3294 4322 3402 4360 non
3425 4307 3588 4375 justas
3612 4305 3710 4358 vi--

2103 4404 2360 4459 deantur.
2393 4401 2606 4468 Quibus
2631 4399 2898 4454 fabricam
2950 4407 3121 4451 totam
3155 4404 3486 4466 pervagatur
3523 4395 3686 4465 quasi

2105 4508 2294 4551 secum
2319 4493 2629 4548 divitiarum
2667 4491 2991 4545 barathrum
3024 4503 3088 4540 ac
3124 4487 3415 4555 sapientiae
3446 4486 3678 4550 habens,

2105 4586 2314 4656 judicia
2373 4585 2610 4653 denique
2652 4598 2710 4636 ut
2765 4581 2908 4650 apud
2979 4579 3205 4634 Paulum
3260 4585 3365 4643 est,
3421 4579 3685 4633 iuscruta-

2110 4668 2327 4733 bilia“.

2183 4767 2328 4824 Deus
2365 4767 2505 4822 [idus
2531 4774 2634 4829 est,
2658 4773 2712 4818 et
2747 4763 3010 4832 iniquitas
3039 4763 3090 4814 in
3125 4775 3192 4816 eo
3226 4759 3379 4814 nulla
3423 4767 3530 4821 est,
3567 4773 3690 4812 cnim

2110 4863 2232 4934 ipsa
2251 4859 2507 4930 mquitate
2529 4857 2688 4910 [idem
2719 4855 3071 4925 conjunctam
3094 4853 3301 4906 habens
3326 4870 3338 4906 :
3361 4851 3456 4922 qui
3485 4859 3689 4904 rectum

2108 4952 2378 5023 judicium
2413 4964 2523 5003 non
2563 4947 2703 5001 falso
2736 4943 2949 5008 statuit,
3003 4953 3064 4998 et
3098 4942 3386 4997 veritatem
3413 4947 3596 4994 servat
3639 4936 3698 4990 in

2112 5041 2600 5116 promissionibus,
2623 5037 3041 5109 promissionem
3068 5048 3176 5088 non
3198 5028 3552 5086 labefactans.
3576 5027 3686 5082 Cm-

2112 5143 2292 5189 tcrttm
2323 5132 2488 5187 fidum
2540 5130 2596 5184 in
2652 5126 2852 5182 divinis
2885 5121 3108 5176 Litteris
3143 5119 3415 5194 duplicem
3469 5117 3689 5168 modum

2115 5227 2299 5282 habet.
2351 5229 2462 5278 Aut
2509 5223 2654 5278 enim
2685 5217 2956 5290 significat
3006 5213 3109 5266 ﬁde
3140 5211 3388 5279 dignum,
3426 5215 3484 5260 ut
3517 5204 3696 5260 sacris

2111 5319 2356 5380 initiare,
2385 5315 2528 5385 quod
2559 5312 2631 5367 de'
2655 5311 2772 5366 solo
2813 5309 2920 5371 Deo
2953 5305 3154 5357 dicitur
3209 5299 3450 5370 proprie.
3485 5299 3690 5360 Quem-

2114 5405 2408 5460 admodum
2444 5401 2618 5456 illud':
2642 5419 2659 5450 ι
2684 5397 2815 5451 Fide
2843 5395 3044 5462 dignus
3073 5397 3179 5454 est,
3210 5389 3255 5443 si
3286 5385 3615 5458 promittit"
3636 5403 3684 5449 ;ι

2118 5497 2278 5569 quale
2301 5495 2434 5549 illud
2468 5507 2686 5563 quoque
2712 5486 2854 5559 apud
2880 5485 3096 5539 Petrum
3137 5497 3150 5532 :
3193 5499 3208 5530 ι
3241 5479 3532 5547 Propterea
3559 5489 3696 5528 sane-

2885 5637 2932 5673 ⁸⁸
2971 5637 3077 5691 lsa.
3117 5650 3205 5701 χι,
3238 5630 3330 5687 26.
3434 5630 3478 5661 “
3521 5630 3680 5686 liora.-
