4010 6230
397 311 507 379 959

1738 324 2093 388 PROCOPII
2129 328 2270 390 GAZ
2280 329 2372 390 ΕΙ
2409 325 2412 328 ’

3593 330 3701 390 9(ιο

463 425 607 492 Quid
638 435 820 482 autem
853 428 958 483 sibi
986 429 1138 500 iuxta
1186 445 1478 486 numerum
1517 430 1834 500 angelorum
1876 431 1966 487 Dei

2113 505 2115 507 ι
2144 434 2208 488 Τί
2241 431 2332 488 οὖν
2364 435 2444 500 τὸ,
2481 437 2624 491 κατὰ
2653 436 2885 507 ἀριθμὸν
2919 439 3171 506 ἀγγέλων
3203 440 3343 495 Θεοῦ
3364 460 3380 473 ·
3417 443 3541 507 Τὰς
3571 464 3696 500 νοε-

386 518 553 590 ,νυιιῖ
583 516 836 574 Virtutes
882 521 1198 590 spirituales
1245 530 1438 592 gentes
1494 531 1782 589 protegere
1828 521 1972 578 Deus

391 607 584 677 jussit,
618 609 795 679 adque
820 611 903 664 sui
935 612 1142 664 cultum
1181 611 1484 674 adducere,
1507 626 1572 666 ac
1606 627 1704 682 per
1725 612 1823 668 has
1848 627 1974 682 qua

322 763 325 766 _
394 699 463 754 ad
496 701 728 756 salutem
767 703 973 757 ducunt
997 702 1291 758 utilitatem
1319 719 1512 759 earum
1543 717 1813 760 summam
1842 719 1976 774 pro-

395 800 574 847 curat.

2083 528 2182 598 ρὰς
2229 527 2486 598 δυνάμεις
2535 527 2928 600 ὑπερασπίζειν
2987 531 3241 587 ἐκέλευσε
3282 531 3408 589 τῶν
3447 535 3630 590 ἐθνῶν
3666 541 3696 592 ὁ

2081 617 2235 685 Θεὸς,
2270 621 2366 672 καὶ
2405 622 2486 683 είς
2532 619 2794 693 λατρείαν
2847 621 3115 692 ὀδηγῆσαι
3149 625 3249 693 τὴν
3301 626 3543 691 ἐαυτοῦ,
3599 630 3696 683 καὶ

2081 709 2310 773 ταύταις
2335 709 2602 780 ὠφέλειαν
2626 710 2905 783 προξενῶν
2927 713 3024 785 τὴν
3047 715 3316 788 μεγίστην
3347 719 3693 790 ὁδηγούσαις

2085 801 2164 862 εἰς
2191 801 2490 870 σωτηρίαν.

467 905 486 937 ι
516 885 710 940 Castra
740 886 884 940 enim
915 895 1082 951 tenet,
1115 888 1316 960 inquit,
1347 889 1575 960 angelus
1604 889 1818 943 Domini
1848 889 1997 942 circa
2021 890 2282 947 timentes
2314 893 2508 963 ipsius,
2546 903 2601 949 et
2631 895 2828 964 eripiet
2877 911 2972 951 eos
3001 897 3066 952 ⁸⁸.
3100 917 3118 950 ι
3170 898 3243 955 De
3289 899 3523 955 sanctis
3558 901 3688 956 item

394 972 618 1044 inquit:
661 994 678 1026 ‹
717 977 992 1039 Quoniam
1021 979 1231 1048 angelis
1263 979 1378 1034 suis
1411 979 1478 1032 de
1509 988 1560 1033 te
1593 978 1898 1040 mandabit,
1939 984 1998 1029 ut
2027 978 2158 1031 tein
2205 980 2463 1034 omnibus
2509 981 2784 1036 inStitutis
2825 984 2936 1038 tuis
2977 987 3338 1040 tueantur”.
3395 1005 3416 1038 ι
3451 987 3688 1043 Necnon

393 1061 598 1118 Paulus
621 1063 786 1118 etiam
823 1065 1050 1135 inquit:
1085 1085 1104 1118 ι
1141 1069 1336 1122 Annon
1370 1083 1568 1122 omnes
1613 1077 1742 1122 sunt
1787 1067 2160 1120 ministrantes
2205 1065 2370 1138 465
2423 1068 2676 1136 spirit-us,
2719 1069 2812 1138 qui
2869 1071 2923 1123 in
2962 1072 3249 1126 servitium
3316 1073 3687 1142 ablegantur,

394 1162 621 1222 propter
655 1169 755 1209 eos
790 1155 993 1224 quibus
1019 1158 1171 1211 salus
1200 1157 1551 1212 haereditario
1583 1158 1884 1210 obventura
1912 1165 1997 1208 est
2029 1153 2098 1208 το,
2130 1173 2150 1206 ι
2189 1154 2432 1222 Denique
2459 1171 2590 1211 vero
2621 1155 2883 1211 Servator
2914 1158 3106 1227 inquit
3148 1178 3162 1213 :
3197 1179 3216 1212 ‹
3253 1159 3543 1216 Videbitis
3574 1176 3690 1217 coe-

393 1239 475 1294 los
501 1240 836 1310 patefactos,
874 1245 1209 1315 angelosquc
1241 1245 1335 1300 Dei
1369 1245 1671 1300 ascendere
1711 1253 1764 1296 et
1795 1240 2128 1296 descendere
2163 1256 2327 1309 super
2359 1240 2501 1296 Filio
2525 1241 2764 1298 hominis
2795 1243 2863 1300 “.
2899 1262 2920 1297 ι
2960 1243 3035 1299 De
3057 1246 3260 1314 quibus
3293 1247 3582 1316 scriptum
3605 1253 3692 1302 est

393 1328 540 1396 quod
586 1327 754 1382 Deum
794 1330 1083 1385 nobiscum
1115 1333 1397 1386 celebrent
1431 1348 1444 1383 :
1480 1351 1498 1383 ι
1535 1330 1825 1386 Celebrate
1857 1329 2169 1392 Dominum,
2201 1343 2394 1384 omnes
2430 1331 2666 1385 virtutes
2696 1331 2838 1401 ejus,
2896 1331 3134 1387 ministri
3183 1333 3336 1402 ejus,
3377 1335 3484 1404 qui
3526 1335 3686 1402 iussa

391 1418 516 1483 ejus
537 1417 902 1485 cxsequimini
933 1420 1004 1474 ⁷³.
1049 1437 1067 1471 ι
1104 1420 1259 1484 Quod
1293 1435 1424 1493 vero
1454 1419 1565 1474 Deo
1599 1419 1764 1472 etiam
1792 1415 2151 1470 reverentiam
2175 1415 2371 1470 offerre
2388 1417 2642 1479 doceant,
2679 1430 3004 1489 argumento
3035 1421 3265 1490 angelus
3299 1421 3402 1492 qui
3426 1419 3688 1477 Gedeoni

393 1504 727 1572 comparuit,
760 1514 864 1559 est.
899 1504 1006 1574 Ipsi
1051 1508 1197 1560 enim
1227 1507 1504 1562 victimam
1536 1506 1733 1560 oll‘erre
1765 1502 2007 1574 gestivit.
2040 1505 2108 1556 At
2141 1503 2266 1558 ille:
2311 1524 2330 1557 ‹
2372 1505 2544 1575 Cape,
2587 1506 2792 1576 inquit,
2835 1522 3033 1563 carnes
3064 1517 3118 1563 et
3143 1523 3374 1580 azyma,
3411 1518 3470 1564 ct
3513 1525 3684 1579 super

397 1600 550 1658 pctra
584 1591 677 1644 illa
714 1593 905 1661 ponito
941 1594 1005 1648 ⁷⁸.
1049 1615 1066 1645 ι
1102 1594 1264 1649 Petra
1296 1610 1424 1650 vero
1451 1595 1538 1649 illa
1564 1594 1820 1648 Christus
1856 1597 1994 1654 erat,
2029 1589 2163 1645 dicit
2206 1591 2413 1649 Paulus
2464 1593 2531 1658 ⁷⁸,
2580 1604 2803 1666 propter
2834 1596 3032 1650 divina:
3102 1607 3314 1652 natura:
3353 1597 3684 1652 ﬁrmitatem

395 1678 966 1750 immobilitatemquc.
997 1682 1174 1736 Simili
1203 1698 1425 1753 quoque
1459 1682 1621 1737 modo
1650 1680 1878 1750 angelus
1908 1677 2003 1747 qui
2035 1675 2230 1734 Manoe
2268 1681 2316 1734 ei
2354 1681 2675 1737 sacriﬁcare
2713 1683 2919 1737 volenti
2964 1686 3278 1754 comparuit
3331 1685 3482 1740 dixit
3513 1701 3527 1738 :
3571 1704 3590 1737 ι
3627 1684 3683 1740 Si

394 1766 596 1820 feceris
627 1767 1035 1832 holocaustum,
1075 1768 1182 1824 Deo
1215 1771 1348 1823 illud
1374 1769 1571 1826 Otreres
1601 1769 1702 1822 ⁷⁵.»
1733 1767 1886 1833 Quod
1920 1779 2052 1819 sane
2084 1765 2198 1834 ipse
2225 1783 2445 1838 quoque
2481 1785 2653 1838 super
2683 1780 2834 1837 petra
2873 1770 3111 1825 Domino
3144 1771 3388 1826 obtulit.

464 1853 535 1908 Et
555 1854 657 1923 fuit
679 1873 803 1926 pars
826 1856 1038 1910 Domini
1051 1858 1274 1927 populus
1295 1858 1408 1928 ejus
1437 1857 1626 1913 Iacob.
1647 1856 1888 1930 [XXXIL
1907 1855 1979 1928 9.]

2159 1857 2270 1910 Καὶ
2294 1856 2549 1924 ἐγενήθη
2569 1857 2738 1925 μερὶς
2763 1857 2984 1924 Κυρίου
3024 1857 3174 1922 λαός
3210 1859 3410 1912 αὐτοῦ
3463 1857 3681 1912 Ἰακώϐ.

393 1944 529 2001 Pars
559 1947 740 2016 aliQua
773 1949 880 2004 Deo
921 1949 1086 2015 cedit,
1115 1966 1234 2020 quae
1257 1952 1524 2006 electione
1547 1951 1719 2021 ipsam
1757 1950 1978 2019 dignam

393 2035 575 2093 cilicii.
603 2039 680 2094 Ac
712 2049 998 2109 propterea
1021 2058 1144 2096 cum
1173 2041 1372 2097 Davide
1399 2043 1624 2096 clamat:
1655 2060 1674 2094 ι
1696 2039 1831 2096 Pars
1861 2054 1978 2095 mea

401 2129 670 2184 Dominus
699 2131 765 2184 ".
803 2150 821 2182 ι
857 2130 1155 2188 Electionis
1181 2133 1325 2187 enim
1351 2149 1470 2203 qua:
1496 2148 1590 2202 per
1619 2144 1800 2202 patres
1839 2133 1977 2186 facta

396 2228 480 2275 est.
509 2221 729 2276 nomine
763 2223 950 2277 dilecti
975 2223 1340 2290 exstiterunt;
1365 2224 1501 2279 dicit
1527 2225 1672 2279 enim
1707 2223 1848 2278 Deus
1882 2239 1980 2294 per

396 2330 571 2368 unum
598 2315 987 2386 prophetarum
1023 2332 1038 2369 ;
1079 2317 1406 2388 «Tanquam
1434 2334 1596 2373 uvam
1650 2321 1703 2373 in
1757 2319 1976 2374 deserto

395 2406 652 2464 lsraclem
705 2409 887 2465 inveni
921 2418 1015 2465 :et
1041 2419 1302 2481 tanquam
1334 2413 1738 2482 speculatorem
1781 2413 1837 2466 in
1871 2413 1977 2468 ﬁcu

396 2503 728 2556 matutinum
762 2503 870 2558 vidi
900 2514 1081 2574 patres
1107 2504 1429 2573 ipsorum".
1455 2524 1473 2557 ι
1499 2505 1618 2573 Quo
1645 2521 1757 2562 rem
1791 2507 1978 2575 inspe-

397 2603 569 2648 ratam
614 2595 861 2660 denotat,
909 2596 1269 2667 inventosque
1327 2613 1451 2654 esse
1505 2600 1974 2670 exoptatissimos,

395 2687 648 2757 quamvis
705 2687 759 2741 in
811 2687 1037 2760 Assyria
1109 2690 1405 2746 simulacra
1447 2706 1636 2747 omnes
1663 2692 1975 2747 coluerunt.

396 2780 501 2846 Qui
537 2795 667 2834 vero
721 2779 1032 2836 daemonum
1087 2782 1225 2838 socii
1252 2792 1381 2838 sunt
1411 2783 1658 2854 vulpium
1693 2794 1878 2855 partes
1923 2786 1977 2840 in

396 2873 624 2941 psalmis
662 2873 795 2928 dicti
826 2883 957 2929 sunt
983 2875 1048 2927 ⁷⁸.

473 2965 576 3019 Per
602 2968 978 3035 metaphoram
1023 2985 1150 3024 vero
1177 2969 1482 3026 funiculum
1525 2971 1861 3029 haereditatis
1898 2973 1980 3030 di-

396 3054 508 3118 cit;
571 3053 816 3109 funiculo
871 3056 1015 3110 enim
1050 3065 1252 3113 terram
1302 3061 1750 3129 dimetiebantur,
1783 3080 1978 3134 quem-

2080 1949 2256 2020 Μερὶς
2305 1949 2518 2014 γίνεταί
2566 1965 2648 2012 τις
2689 1947 2850 2012 Θεοῦ,
2895 1949 2993 2018 τῆς
3039 1950 3273 2020 ἐκλογῆς
3304 1950 3483 2004 αὐτὸν
3533 1950 3685 2016 ἀξιον

2081 2039 2470 2110 ἐργαζόμενος,
2500 2039 2596 2092 καὶ
2631 2038 2773 2108 μετὰ
2794 2039 2956 2092 Δαϐὶδ
2985 2038 3075 2092 διὰ
3098 2039 3256 2092 τοῦτο
3295 2039 3470 2110 βοῶν·
3508 2057 3529 2090 ι
3566 2039 3682 2093 Με-

2085 2130 2168 2202 ρίς
2198 2147 2302 2200 μου
2336 2131 2364 2182 ὁ
2395 2131 2624 2200 Κύριος.
2669 2151 2686 2181 ι
2723 2131 2881 2183 Κατά
2909 2130 3018 2200 γὰρ
3048 2130 3148 2200 τὴν
3179 2131 3428 2202 ἐκλογὴν
3465 2133 3686 2199 ἀγαπη-

2078 2224 2162 2274 τοὶ
2205 2221 2294 2274 διὰ
2323 2221 2451 2285 τοὺς
2507 2219 2751 2292 πατέρας
2810 2222 3086 2289 ἐγένοντο.
3139 2222 3280 2292 Φησὶ
3317 2223 3434 2294 γὰρ
3467 2221 3539 2276 δι’
3565 2225 3682 2286 ἐνὸς

2079 2308 2198 2363 τῶν
2247 2310 2549 2380 προφητῶν
2600 2312 2628 2362 ὁ
2681 2309 2848 2373 Θεὸς*
2889 2328 2908 2360 ι
2948 2309 3034 2372 Ὠς
3073 2311 3358 2381 σταφυλὴν
3390 2311 3453 2364 ἐν
3485 2312 3680 2381 ἐρήμῳ

2080 2396 2239 2473 εὖρον
2261 2401 2354 2454 τὸν
2394 2400 2632 2473 Ἰσραὴλ,
2663 2402 2758 2455 καὶ
2783 2400 2859 2463 ὡς
2892 2401 3096 2454 σκοπὸν
3147 2403 3204 2454 ἐν
3244 2405 3395 2473 συκῇ
3424 2401 3682 2472 πρώῖμον

2079 2489 2223 2545 εἶδον
2254 2491 2500 2562 πατέρας
2523 2493 2724 2558 αὐτῶν,
2767 2511 2788 2544 ›
2832 2493 2896 2544 τὸ
2922 2493 3051 2564 παρ’
3075 2491 3268 2545 ἐλπίδα
3300 2494 3551 2557 δεικνὺς,
3585 2493 3680 2546 καὶ

2078 2583 2140 2636 τὸ
2192 2582 2302 2635 τῶν
2361 2583 2701 2653 εὑρεθέντων
2755 2583 3086 2654 τριπόθητον
3105 2620 3128 2650 ,-
3175 2584 3404 2638 πάντων
3457 2583 3680 2637 εἰδωλο-

2078 2675 2420 2746 λατρούντων
2484 2676 2542 2726 ἐν
2581 2674 2864 2745 Ἀσσυρίᾳ.
2907 2675 2970 2726 Οί
3026 2675 3084 2727 δὲ
3140 2677 3258 2738 τοῖς
3292 2673 3570 2745 Δαίμοσιν
3599 2679 3674 2732 ol-

2079 2769 2238 2836 κείοι,
2278 2767 2497 2841 μερίδες
2534 2767 2834 2824 ἀλωπέκων
2877 2766 3122 2840 εἴρηνται
3153 2768 3212 2822 ἐν
3253 2767 3539 2840 Ψαλμοῖς.

2149 2976 2169 2993 ⁴’
2193 2973 2420 3046 Σχοινίῳ
2452 2974 2561 3044 γὰρ
2584 2975 2808 3028 ἐποίουν
2850 2975 2951 3039 τὰς
2995 2976 3395 3046 διαμετρήσεις
3417 2975 3520 3046 τῆς
3553 2975 3674 3045 γῆς.

2081 3068 2240 3124 Οὕτω
2296 3067 2632 3139 διεμετρήθη
2686 3068 2780 3121 καὶ
2839 3067 3156 3139 διεμερίσθη
3218 3071 3251 3139 ὴ
3299 3069 3373 3140 γῆ
3405 3071 3522 3130 τοῖς
3547 3068 3688 3128 υἱοῖςΔ

396 3147 694 3202 admodum
751 3157 896 3203 terra
958 3152 1347 3221 promissionis
1389 3154 1516 3212 ﬁliis
1558 3155 1725 3213 Israel
1755 3173 1978 3230 quoque

2093 3161 2335 3232 Ἰσραήλ.
2381 3161 2517 3214 Ἀπὸ
2552 3159 2653 3229 τῆς
2721 3159 3010 3230 συνηθείας
3059 3155 3154 3214 οὖν
3179 3160 3404 3231 εἴρηται
3437 3161 3499 3213 τὸ
3530 3157 3674 3228 σχοί-

396 3247 486 3296 est
515 3239 790 3295 dimensa.

471 3329 672 3401 Sufﬁcit
697 3333 778 3386 illi
797 3333 854 3386 in
871 3333 1098 3390 deserto.
1123 3335 1262 3410 [l0.]
1295 3337 1524 3409 Aquilas
1539 3349 1594 3394 ct
1615 3337 1982 3410 Theodotion,

398 3421 608 3478 Invenit
633 3441 772 3490 eum,
813 3427 1186 3490 reddiderunt.
1210 3431 1369 3500 juxta
1410 3432 1587 3488 illud:
1625 3454 1644 3486 ‹
1679 3432 1790 3490 Ceu
1822 3450 1983 3490 uvam

395 3516 454 3570 in
487 3517 705 3572 deserto
755 3519 938 3573 iuveni
991 3520 1158 3576 Israel
1205 3523 1272 3576 ⁷⁸.
1313 3542 1331 3574 ι
1370 3523 1644 3579 Caeterum
1682 3526 1736 3578 in
1765 3525 1984 3583 deserto

397 3608 595 3665 divinae
644 3613 1000 3681 cognitionis,
1063 3615 1116 3667 in
1169 3616 1257 3670 siti
1307 3625 1359 3670 et
1407 3624 1561 3681 aestu,
1589 3618 1642 3671 in
1675 3619 1796 3674 loco
1825 3620 1983 3689 aquis

399 3717 594 3756 vacuo.
636 3702 756 3756 Non
819 3704 966 3758 enim
1011 3704 1288 3759 desertum
1340 3707 1470 3762 illud
1506 3708 1731 3764 ﬂuvium
1767 3710 1980 3775 habuit,

399 3795 492 3862 qui
524 3795 801 3866 civitatem
851 3795 947 3852 Dei
1005 3797 1298 3863 reforillat,
1366 3815 1545 3870 neque
1591 3800 1794 3856 fontem
1835 3803 1980 3869 vitm,

399 3902 579 3956 neque
615 3898 908 3944 torrentem
941 3889 1289 3945 deliciarum.
1320 3891 1456 3946 Cum
1487 3893 1655 3964 igitur
1684 3895 1983 3952 invenisset

395 3995 547 4044 eum,
595 3982 716 4050 ejus
753 3982 1008 4036 subvenit
1049 3983 1264 4052 inopiae.
1310 3983 1431 4039 Non
1480 3985 1626 4040 enim
1661 3986 1804 4042 alius
1845 3988 1980 4057 ipsis

398 4071 749 4137 suﬂiciebat,
797 4088 1100 4144 eorumque
1153 4074 1277 4130 lidei
1329 4076 1793 4131 accommodatior
1839 4087 1979 4135 erat.

399 4163 574 4219 Porro
611 4163 976 4235 Symmachus
1009 4166 1215 4220 clarius
1251 4166 1430 4222 adhuc
1457 4169 1709 4236 exposuit
1739 4185 1752 4220 :
1789 4168 1854 4224 In
1887 4171 1981 4225 de-

395 4267 539 4311 serto
571 4257 798 4321 inculto,
823 4266 992 4321 vasto,
1044 4259 1292 4313 obscuro.
1326 4259 1461 4327 Quis
1491 4260 1636 4315 enim
1665 4261 1800 4316 ordo
1837 4263 1980 4333 apud

396 4366 495 4406 eos
545 4351 636 4419 qui
703 4349 964 4407 Crcatore
1021 4360 1337 4424 contempto
1383 4363 1652 4409 creaturae
1692 4356 1984 4410 serviunt?

398 4458 523 4510 quae
555 4458 687 4498 sane
718 4459 745 4496 a
782 4455 969 4500 sancta
1013 4442 1280 4501 Triiiitate
1317 4446 1562 4501 desolata
1597 4464 1612 4513 ;
1669 4463 1777 4502 non
1835 4450 1978 4503 enim

2085 3269 2276 3323 νισμα.

2158 3343 2550 3412 Αὐτάρκησεν
2577 3343 2767 3398 αὐτὸν
2793 3344 2863 3397 ἐν
2893 3343 2971 3412 τῇ
3017 3343 3234 3412 ἐρήμῳ.
3285 3343 3525 3405 Ἀκύλας
3582 3339 3675 3393 καὶ

2083 3434 2404 3500 Θεοδοτίων,
2454 3429 2648 3502 Εὗρεν
2698 3433 2906 3498 αὐτὸν,
2973 3433 3331 3501 ἐκδεδώκασι,
3395 3431 3540 3486 κατὰ
3591 3429 3670 3494 τὸ,

2089 3544 2109 3578 ι
2164 3527 2254 3588 Ὠς
2286 3524 2565 3596 σταφυλὴν
2596 3527 2654 3580 ἐν
2685 3525 2880 3596 ἐρήμῳ
2910 3517 3069 3595 εὗρον
3096 3525 3187 3578 τδν
3245 3524 3490 3597 Ἰσραήλ.
3522 3541 3542 3574 ι
3589 3523 3672 3574 Ἐν

2082 3618 2229 3690 δίψει
2268 3618 2551 3689 καύματος
2601 3618 2660 3672 ἐν
2721 3618 2958 3688 ἀνύδρῳ.
3018 3618 3093 3670 Οὐ
3129 3617 3238 3686 γὰρ
3281 3613 3397 3686 εἶχε
3434 3611 3671 3680 ποταμὸν

2081 3713 2174 3768 τὸν
2211 3712 2574 3784 εὐφραίνοντα
2603 3712 2702 3782 τὴν
2735 3710 2889 3765 πόλιν
2911 3709 3005 3763 τοῦ
3028 3708 3190 3770 Θεοῦ,
3216 3709 3341 3762 οὐδὲ
3368 3707 3470 3777 τὴν
3496 3701 3670 3772 πηγὴν

2081 3805 2185 3876 τῆς
2233 3804 2404 3875 ζωῆς,
2451 3803 2573 3857 οὐδὲ
2630 3803 2728 3857 τὸν
2777 3802 3114 3874 χειμάρρουν
3161 3799 3260 3869 τῆς
3305 3797 3519 3867 τρυφῆς
3572 3793 3669 3861 (6)-

2085 3896 2250 3950 Ὅθεν
2301 3899 2358 3949 ἐν
2410 3895 2541 3967 δίψῃ
2591 3889 2662 3966 ἦν
2686 3893 3064 3971 συγκαιομένη
3111 3892 3218 3944 ὑπὸ
3254 3889 3353 3942 τοῦ
3393 3883 3666 3940 Διαὸὀλου.

2099 3988 2157 4042 '0
2209 3988 2506 4059 Σύμμαχος
2548 3986 2812 4052 ἐξέδωκεν
2864 3984 2947 4038 ἔτι
2998 3983 3375 4055 σαφέστερον·
3447 3975 3553 4032 Καὶ
3603 3972 3670 4026 ἐν

2082 4077 2318 4144 ἀτάκτῳ
2344 4076 2444 4133 καὶ
2473 4075 2735 4144 ἀοικήτῳ
2759 4074 3173 4145 ἡφανισμένῃ.
3202 4070 3348 4127 Ποία
3382 4066 3494 4136 γὰρ
3523 4060 3666 4126 τάξις

2083 4167 2236 4238 παρὰ
2259 4167 2375 4228 τοῖς
2404 4167 2470 4234 τῇ
2503 4164 2682 4217 κτίσει
2713 4164 2862 4236 παρὰ
2888 4163 2980 4217 τὸν
3014 4162 3255 4232 Κτίστην
3281 4153 3662 4238 λατρεύουσιγῖ

2082 4237 2205 4328 ἥτις
2227 4254 2482 4326 ἀοίκητος
2510 4256 2606 4325 τῆς
2628 4255 2790 4322 ἁγίας
2821 4253 3071 4325 Τριάδος.
3099 4253 3173 4306 Οὐ
3199 4252 3308 4324 γὰρ
3344 4241 3590 4305 κατοικεῖ
3612 4237 3664 4290 ἐν

2086 4350 2303 4420 σώματι
2329 4348 2622 4418 καταχρέῳ
2675 4347 2972 4416 ἁμαρτίας,
3007 4348 3064 4398 ἐν
3119 4343 3433 4415 ἀνθρώποις
3456 4333 3663 4392 ποιοῦσι

2085 4442 2452 4513 παρανομίαν.
2501 4442 2566 4494 Ἠ
2631 4441 2689 4492 δὲ
2745 4440 2949 4509 ἔρημος
2985 4438 3047 4490 οὐ
3087 4437 3247 4506 φύσει
3269 4432 3517 4501 τοιαύτη,
3549 4423 3658 4481 ἀλλ’

399 4532 459 4587 in
490 4548 720 4604 corpore
773 4535 986 4604 peccati
1033 4551 1140 4590 tere
1173 4537 1390 4599 obruto,
1438 4537 1491 4589 in
1524 4537 1839 4593 hominibus
1874 4538 1979 4592 ini-

2087 4532 2509 4606 ἠφάνισταιὺπὺ
2533 4534 2630 4601 τῆς
2684 4529 3074 4598 ἀντικειμένης
3129 4527 3438 4598 δυνάμεως.
3478 4521 3656 4575 Νοοίτο

401 4624 669 4700 quitatem
697 4624 1113 4695 designantibus
1152 4625 1386 4680 habitat.
1417 4625 1530 4681 Hoc
1555 4641 1683 4682 vero
1711 4628 1983 4683 desertum

399 4728 513 4767 non
548 4713 653 4766 tale
679 4723 872 4768 natura
903 4715 1143 4778 exsistit,
1171 4729 1361 4768 verum
1394 4717 1788 4771 obscuritatem
1825 4733 1981 4774 suam

399 4818 465 4856 cx
497 4802 544 4856 vi
580 4802 825 4872 opposita
878 4803 1170 4857 contraxit.
1215 4803 1306 4858 Sic
1357 4802 1541 4874 itaque
1577 4805 1750 4863 illud:
1788 4827 1806 4858 ι
1839 4807 1986 4868 Satis

2083 4627 2129 4681 δ’
2163 4626 2228 4680 ἂν
2261 4626 2356 4678 καὶ
2376 4624 2518 4678 οὕτω
2539 4623 2619 4688 τὺ,
2662 4641 2681 4675 ι
2721 4620 3119 4691 Αὐτάρκησεν·
3158 4638 3176 4672 ι
3234 4618 3525 4688 αὐτάρκεις
3554 4607 3652 4678 γὰρ

2087 4719 2284 4782 αὐτοὺς
2309 4715 2602 4787 πεποίηκε,
2628 4714 2853 4785 μηδενὸς
2875 4710 3216 4781 ὑστερεῖσθαι
3243 4703 3653 4780 παρασκευάσας

2096 4814 2156 4865 ἐν
2190 4811 2384 4882 ἐρήμῳ
2409 4809 2630 4862 πάντων
2660 4805 2892 4879 νοσούσῃ
2913 4803 3010 4876 τὴν
3040 4803 3268 4857 ἔνδειαν.

402 4893 532 4948 fecit
561 4893 632 4958 ei,
674 4913 692 4944 ι
733 4892 1108 4963 concipiatur;
1173 4891 1354 4947 eﬁecit
1401 4893 1548 4948 enim
1599 4901 1657 4948 ut
1685 4910 1784 4950 sua
1824 4907 1974 4954 sorte
2003 4899 2246 4957 contenti
2302 4905 2512 4962 essent,
2540 4895 2799 4966 nullaque
2825 4895 2953 4950 rein
2976 4894 3193 4951 deserto
3255 4891 3498 4949 omnium
3561 4894 3636 4935 re-

403 5005 524 5042 rum
559 4989 740 5058 inopia
771 4987 1055 5042 laborante
1085 4984 1400 5040 deﬁcerent.

475 5079 848 5137 Circumduxit
874 5095 991 5132 eum
1016 5087 1065 5133 et
1094 5077 1321 5132 erudivit
1349 5094 1486 5132 eum.
1509 5076 1691 5133 Multis
1715 5082 1858 5134 enim
1887 5082 1982 5137 tri-

402 5174 782 5230 bulationibus
847 5179 1031 5242 patres
1088 5185 1278 5225 eorum
1342 5170 1692 5241 pertentavit,
1734 5185 1880 5228 nunc
1912 5189 1980 5229 ex

2207 5082 2585 5134 Ἑκύκλωσεν
2637 5078 2824 5133 αὐτὸν·
2890 5079 2984 5132 καὶ
3031 5076 3392 5131 ἐπαίδευσεν
3441 5065 3632 5124 αὐτόν.

2085 5177 2103 5199 ¹
2141 5173 2468 5242 Ἐδοκίμασε
2528 5169 2640 5240 γὰρ
2689 5169 2819 5233 τοὺς
2871 5167 3116 5239 πατέρας
3146 5167 3326 5220 αὐτῶν
3356 5162 3430 5234 (7)
3460 5155 3549 5210 καὶ
3565 5147 3641 5204 διὰ

476 5333 520 5365 ⁸⁸
556 5332 701 5391 Psal.
731 5348 926 5392 xxxut,
963 5333 1016 5386 8.
1093 5331 1296 5387 “Psal.
1325 5295 1406 5392 xc.
1442 5333 1530 5386 ll.
1607 5333 1652 5364 "°
1693 5331 1858 5386 Hebr.
1893 5347 1934 5392 I.
1979 5331 2065 5384 14.
2142 5332 2183 5361 ⁷¹
2213 5327 2372 5383 Joan.
2407 5342 2446 5390 ι,
2477 5327 2564 5382 5|.
2641 5327 2686 5357 "
2711 5325 2857 5379 Psal.
2899 5339 2993 5387 cn,
3019 5323 3111 5377 2L
3188 5325 3234 5356 ⁷³
3263 5319 3438 5392 Judic.
3471 5303 3635 5392 Vt.

405 5374 2082 5470 τι1αὀῗΪὶῙἫἻιἸυιιίοῖΞῖἱὶξῖἱῑίἿαΡεειῖἶῖιξῦιὶἶ,εἴ.
2153 5374 2580 5462 "saeuitia.
2653 5374 3155 5460 τδῑνὲέἰζιζὲώξὶὶ.
3217 5374 3638 5445 τίοεεειωο.

1947 5516 2174 5575 NOTAE.

482 5639 560 5708 (6)
606 5641 797 5712 Rapa»;
834 5634 926 5694 οὖν
959 5640 1142 5706 αὐτὸν,
1186 5639 1432 5712 ἠρκέσθη
1465 5637 1635 5712 αὐτῷ,
1665 5637 1740 5691 Οὐ
1775 5637 1885 5707 γὰρ
1912 5631 1980 5706 ἦν

409 5709 599 5779 ἔτερος
627 5709 806 5774 ίκανδς
824 5714 901 5774 εἰς
930 5709 1283 5781 αὐτάρκειαν,
1316 5711 1410 5763 καὶ
1440 5710 1519 5771 είς
1565 5709 1982 5781 ⁸ιτίστινκσητιίιψ

413 5777 688 5848 τισμενος.
714 5783 899 5837 Ταῦτα
929 5785 1046 5838 ἀντὶ
1076 5777 1185 5837 τῶν
1214 5781 1336 5853 ἑξῆς
1360 5783 1386 5835 ὁ
1407 5781 1507 5853 τῆς
1535 5779 1672 5848 Λὺγ.
1709 5777 1836 5833 κώδ.

2165 5633 2241 5702 (7)
2285 5630 2492 5700 ’Υμῶν,
2533 5629 2626 5684 καὶ
2659 5626 2750 5680 διὰ
2788 5624 3220 5706 πυρὸς,-καὶδια
3251 5613 3453 5699 nonat:

2175 5720 2222 5723 ”-
2283 5701 2394 5723 “"4
2484 5702 2537 5723 ιη
2607 5698 2684 5723 -ν-ἰ
2757 5697 2858 5723 01m
2923 5713 3016 5723 ..-η
3049 5697 3077 5723 ιι
3111 5711 3208 5723 -..η
3235 5694 3308 5723 ,3,
3346 5697 3462 5723 mu,

2094 5694 2234 5774 ρασε
2283 5694 2426 5786 θολίψ.
2483 5702 2538 5755 ἐν
2602 5698 2714 5755 σἐλ,
2756 5694 2880 5753 869ζ
2923 5696 3017 5770 τοῦ
3049 5697 3080 5750 5
3111 5695 3208 5765 τῆς
3235 5694 3308 5755 εἰς
3346 5694 3458 5743 τοὺς

2093 5790 2228 5844 σειρ.
2263 5786 2388 5842 top.
