4010 6230
370 398 474 461 θίῖί

1280 377 1818 444 COMMENTARII
1855 377 1938 437 ΙΝ
1970 372 2665 438 DEUTEBONOMIUM.

3550 316 3656 426 9&2

377 492 590 559 πολλῶν
615 497 868 568 ὲπύρωσε
901 494 1153 565 θλίψεων.
1180 492 1406 564 Πρῶτον
1434 490 1535 563 μὲν
1566 490 1679 544 ἀπὸ
1706 488 1807 559 τῆς
1848 489 1973 540 Ἀσ-

2100 488 2299 559 tssyiia
2357 484 2410 537 in
2462 482 2856 546 Chananaeam,
2888 481 3012 537 inde
3047 482 3102 536 in
3146 479 3467 554 Egyptum,
3504 496 3655 538 nunc

378 595 570 668 συρίας
591 592 669 661 (8)
695 592 777 652 είς
803 588 909 658 γῆν
966 585 1191 640 Χαναὰν
1246 574 1617 655 μεταστήσας,
1654 580 1750 634 καὶ
1803 578 1967 632 πάλιν

376 689 458 751 εἰς
486 684 789 752 Αἴγυπτον,
850 678 948 732 καὶ
996 678 1056 744 ἐξ
1092 675 1373 745 Αἰγύπτου
1409 674 1572 728 πάλιν
1600 672 1682 734 είς
1719 670 1967 736 Χαναὰν,

378 777 477 832 καὶ
512 772 731 846 μυρίοις
751 768 1087 840 πειρασμοῖς
1106 764 1421 836 περιέϐαλε,
1447 758 1745 815 παιδεῦσαι
1771 760 1970 820 αὐτοὺς

379 866 730 940 βουλόμενος.
758 860 866 915 Τὸν
925 855 1123 912 Ἰακὼὸ
1149 854 1206 909 δὲ
1254 855 1352 909 καὶ
1400 854 1481 918 είς
1534 850 1973 920 Μεσοποταμίαν

380 961 665 1026 ἀπήγαγε,
697 952 795 1008 καὶ
848 947 1134 1004 δουλεῦσαι
1165 946 1470 1016 πεποίηκεν
1494 962 1509 979 ο
1559 945 1709 1006 ὅπως
1754 941 1845 995 διὰ
1873 940 1972 1009 τῆς

381 1045 663 1119 ὑπομονῆς
708 1041 807 1098 καὶ
838 1040 943 1112 τῆς
973 1039 1054 1101 είς
1091 1036 1227 1091 Θεὸν
1252 1035 1467 1099 ἐλπίδος
1520 1033 1972 1104 κατεργάσωνται

377 1140 479 1211 τὴν
510 1134 723 1191 ἑαυτῶν
745 1129 1046 1203 σωτηρίαν.

463 1229 552 1291 Ὧς
572 1225 759 1293 λέγειν
789 1221 883 1277 τὸν
940 1217 1163 1284 Ἰακὼϐ,
1196 1237 1214 1271 ι
1262 1217 1322 1273 '0
1342 1214 1573 1285 ἄγγελος
1632 1216 1661 1268 ὀ
1710 1212 1976 1285 ρυόμενός

384 1326 453 1394 μέ
483 1322 546 1373 ὲκ
574 1318 793 1373 πάντων
831 1313 941 1369 τῶν
973 1311 1163 1365 κακῶν
1196 1326 1319 1379 μου.
1363 1326 1383 1360 ι
1404 1308 1514 1361 Καὶ
1543 1306 1728 1372 πάλιν,
1758 1324 1776 1356 ι
1796 1298 1872 1357 Ἐί
1894 1304 1971 1375 μὴ

381 1416 412 1468 ὁ
437 1410 570 1473 Θεὸς
598 1406 693 1462 τοῦ
722 1406 929 1478 πατρός
954 1420 1055 1473 μου
1100 1400 1354 1473 Ἀϐραὰμ
1375 1396 1444 1473 ἦν
1484 1415 1599 1470 μοι,
1621 1398 1720 1452 καὶ
1757 1400 1784 1452 ὁ
1811 1397 1974 1468 φόϐος

395 1499 601 1567 Ἰσαὰκ,
633 1496 729 1552 νῦν
762 1496 829 1550 ἂν
854 1492 1015 1550 κενόν
1049 1508 1117 1563 με
1153 1489 1571 1558 ἐξαπέστειλας.
1603 1507 1622 1540 ι

464 1593 627 1649 Ἀλλὰ
678 1590 776 1646 καὶ
826 1589 952 1652 τοὺς
1014 1584 1110 1642 νῦν
1141 1584 1441 1649 ἀκούοντας
1468 1583 1751 1638 ὲκύκλωσε
1793 1580 1846 1654 μ’
1878 1581 1975 1653 έτη

383 1685 482 1758 τὴν
517 1684 746 1757 ἔρημον,
774 1680 853 1742 ὡς
878 1678 1063 1748 λέγειν
1090 1676 1329 1732 Μωσέαο
1352 1693 1369 1728 ι
1409 1675 1523 1729 Καὶ
1555 1674 1846 1746 μνησθήσῃ
1869 1676 1970 1726 πᾶ-

389 1795 488 1835 σαν
519 1777 616 1851 τὴν
633 1776 772 1842 ὁδὸν,
820 1773 888 1846 ἢν
943 1770 1119 1842 ἤγαγέ
1143 1786 1205 1823 σε
1243 1767 1449 1840 Κύριος
1470 1769 1500 1821 ὁ
1532 1768 1666 1832 Θεός
1702 1785 1796 1821 σου
1819 1766 1980 1821 τοῦτο

2045 580 2266 633 οἰιειοιιιιι
2297 578 2351 631 in
2399 575 2763 631 Cliauanaeam
2809 573 3215 630 transferendo.
3264 573 3449 629 Voluit
3472 582 3658 630 autem

2069 669 2286 723 erudire
2303 683 2420 733 eos,
2452 665 2918 736 quemadmodum
2952 662 3220 720 Jacobqu
3264 667 3321 720 in
3345 666 3662 736 Mesopma-

2077 759 2241 813 miam
2275 774 2400 814 cum
2434 757 2682 823 duceret,
2726 764 2781 810 et
2815 755 2883 810 ad
2933 756 3130 811 salutis
3187 758 3658 826 exspectationem

2073 850 2423 906 conﬁrmare.
2494 849 2715 903 Interim
2773 857 2953 904 tamen
2981 847 3106 919 ejus
3138 858 3399 918 tanquam
3432 848 3662 919 pupillae

2077 943 2226 1000 oculi
2258 955 2447 997 curam
2483 943 2674 1011 gessit.
3318 938 3321 943 ’

2150 1209 2221 1287 Ut
2244 1209 2456 1265 diceret
2484 1207 2656 1264 Jacob
2684 1226 2698 1263 :
2731 1226 2751 1260 ι
2785 1208 3025 1279 Angelus
3060 1207 3274 1263 Domini
3307 1224 3371 1264 ex
3405 1207 3665 1266 omnibus

2082 1303 2239 1357 malis
2272 1302 2407 1356 meis
2459 1317 2547 1357 me
2608 1301 2813 1371 eripuit
2844 1301 2914 1355 ⁸⁸.
2959 1318 2978 1350 ι
3019 1299 3084 1354 Et
3129 1301 3369 1355 iterum:
3407 1320 3423 1352 ι
3464 1302 3520 1355 Si
3553 1318 3661 1355 non

2084 1392 2230 1448 Deus
2252 1392 2422 1463 patris
2458 1391 2560 1446 mei
2597 1391 2873 1446 Abraham
2928 1389 3200 1446 adfuisset
3226 1392 3381 1456 mihi,
3422 1401 3475 1446 et
3500 1393 3663 1447 timor

2079 1483 2250 1549 Isaac,
2284 1498 2432 1538 nunc
2454 1499 2540 1538 me
2577 1498 2810 1538 vacuum
2835 1483 3142 1540 dimisisses
3169 1485 3355 1556 utique
3375 1485 3439 1537 ει.
3473 1504 3492 1537 ι

2157 1573 2298 1642 Quin
2321 1584 2377 1629 et
2406 1584 2702 1643 praesentes
2722 1575 3000 1632 auditores
3033 1574 3401 1631 circumduxit
3427 1574 3668 1645 quadra-

2087 1668 2236 1740 ginta
2267 1680 2441 1723 annos
2481 1681 2577 1738 per
2620 1668 2915 1734 desertum,
2949 1677 3010 1723 ut
3030 1668 3178 1724 dicat
3210 1667 3386 1724 Moses
3424 1686 3440 1723 :
3491 1687 3510 1721 ι
3548 1666 3670 1721 Me-

2088 1762 2315 1818 mineris
2361 1778 2585 1833 quoque
2616 1762 2802 1818 cuncti
2850 1761 3066 1818 itineris
3089 1777 3186 1834 per
3218 1762 3366 1831 quod
3401 1770 3453 1817 te
3482 1761 3664 1816 Domi-

386 1866 831 1940 τεσσαρακοστδν
879 1864 1000 1929 ἔτος
1027 1865 1086 1917 ὲν
1123 1864 1192 1933 τῇ
1220 1862 1446 1932 ὲρήμῳυ
1476 1861 1626 1923 ὅπως
1655 1859 1721 1913 ἂν
1753 1857 1977 1930 κακώσῃ

2100 1868 2194 1909 nus
2238 1852 2381 1910 Deus
2412 1862 2540 1908 tuus
2588 1851 2833 1907 deduxit.
2863 1853 3098 1924 Jamque
3126 1852 3580 1924 quadragesimus
3610 1851 3665 1905 in

392 1964 592 2030 σερκαὶ
613 1959 917 2032 έκπειράσῃ
941 1974 1023 2024 σε,
1053 1955 1149 2011 καὶ
1171 1953 1478 2025 διαγνωσθῇ
1501 1952 1570 2007 τά
1603 1954 1662 2005 έν
1684 1953 1753 2022 τῇ
1779 1949 1981 2022 καρδίᾳ

391 2073 512 2121 σου,
544 2056 594 2108 εί
628 2051 842 2124 φυλάξῃ
863 2051 963 2114 τὰς
992 2048 1215 2111 ἐντολάς
1264 2046 1453 2111 αὑτοῦ,
1481 2044 1514 2116 ἣ
1548 2042 1632 2099 οὔ.
1670 2061 1687 2095 ι
1725 2042 1839 2096 Καὶ
1876 2040 1982 2096 πά⁹

389 2145 495 2212 λιν,
528 2163 547 2197 ‹
595 2144 684 2209 Ὠς
710 2143 764 2198 εῑ
787 2159 872 2207 τις
901 2138 1192 2196 παιδεῦσαι
1213 2138 1503 2209 ἄνθρωπος
1530 2134 1620 2190 τὸν
1647 2134 1761 2187 υίδν
1786 2129 1977 2198 αὑτοῦ,

376 2234 533 2300 ὀὕτω
557 2232 767 2307 Κύριος
805 2230 1003 2294 δθεός
1038 2245 1134 2284 σου
1169 2226 1452 2283 παιδεύσει
1478 2242 1562 2282 σε.
1600 2243 1619 2276 ι

2085 1945 2306 2001 deserto
2351 1945 2531 2015 agitur
2585 1959 2785 2008 annus,
2816 1960 2928 2012 quo
2959 1952 3011 1999 te
3044 1943 3245 2015 adligat
3275 1951 3329 1999 et
3380 1953 3550 1999 tentet
3589 1953 3665 2009 te,

2084 2045 2139 2093 et
2173 2036 2535 2108 cogitationes
2558 2034 2740 2089 cordis
2765 2037 2843 2088 tui
2874 2035 3293 2107 dignoscantur,
3319 2051 3386 2090 an
3408 2037 3666 2093 mandata

2085 2128 2207 2198 ejus
2224 2127 2628 2190 observaveris,
2653 2142 2721 2181 an
2751 2127 2933 2181 minus
2959 2126 3026 2181 ⁸³.
3063 2145 3082 2179 ι
3121 2126 3186 2181 Et
3214 2128 3409 2183 iterum
3433 2145 3447 2182 :
3471 2147 3489 2179 ι
3513 2126 3668 2194 Quo-

2087 2220 2234 2275 niam
2269 2228 2331 2275 ut
2362 2219 2526 2275 homo
2563 2218 2736 2273 ﬁlium
2791 2233 2953 2274 suum
3012 2220 3232 2274 erudire
3260 2220 3420 2285 solet,
3450 2220 3526 2275 ita
3560 2219 3667 2275 Do-

2088 2313 2271 2367 minus
2310 2310 2454 2367 Deus
2485 2318 2615 2367 tuus
2647 2318 2699 2366 te
2723 2308 2963 2367 erudivit
2991 2310 3057 2365 ⁸³.
3096 2330 3115 2363 ι

465 2423 921 2493 Quemadmodum
952 2418 1133 2492 aquila
1154 2416 1284 2473 solet
1300 2422 1569 2485 protegere
1597 2409 1779 2466 nidum
1796 2424 1974 2467 suum.
1993 2405 2238 2481 [XXXIL
2269 2404 2382 2479 11.]
2400 2406 2519 2461 Hoc
2535 2404 2736 2493 animal
2757 2418 2951 2460 amans
2981 2419 3204 2460 suorum
3234 2406 3506 2476 pullorum
3537 2414 3623 2464 est
3649 2423 3666 2461 :

395 2492 536 2587 quos
558 2527 692 2568 cum
730 2511 793 2566 in
823 2517 1195 2565 monstrosam
1229 2502 1624 2560 sublimitatem
1684 2497 1949 2587 subduxit
1995 2503 2052 2551 et
2075 2495 2272 2587 volare
2305 2494 2492 2559 docet,
2541 2500 2596 2547 et
2625 2492 2867 2548 diductis
2893 2493 3072 2587 oculis
3102 2495 3285 2587 solem
3346 2498 3660 2587 oppositum

397 2581 624 2659 intueri.
655 2599 815 2665 Quod
845 2598 893 2654 si
928 2610 1074 2651 unus
1123 2608 1190 2648 ex
1242 2592 1330 2646 bis
1376 2587 1471 2660 qui
1505 2587 1639 2644 solis
1678 2586 2029 2657 splendorem
2066 2581 2312 2654 perferre
2358 2589 2615 2652 nequeat,
2644 2596 2745 2651 pro
2778 2581 2970 2652 spurio
3025 2582 3192 2637 habet
3214 2589 3269 2638 et
3315 2582 3669 2640 condemnat.

397 2690 477 2746 Ita
504 2703 669 2746 veros
702 2686 1027 2747 adoratores
1052 2682 1106 2736 in
1134 2679 1300 2752 566
1325 2677 1496 2732 altum
1524 2670 2013 2740 contemplationis
2042 2668 2355 2740 spiritualis
2401 2667 2614 2732 educit,
2639 2668 2707 2724 de
2738 2668 2941 2738 quibus
2986 2666 3158 2724 Isaias
3212 2669 3395 2741 inquit
3427 2688 3440 2723 :
3477 2688 3497 2723 ι
3535 2671 3666 2727 Alas

400 2778 594 2834 tollent
613 2776 758 2833 sicut
789 2771 1008 2844 aquilae.
1032 2767 1303 2828 Currunt,
1351 2771 1409 2820 et
1456 2762 1780 2832 neutiquam
1855 2756 2308 2829 defatigabuntur
2337 2754 2406 2810 ⁸⁵.
2445 2774 2464 2808 ›
2495 2753 2601 2822 Qui
2650 2770 2783 2844 vero
2827 2765 3059 2811 currant
3111 2755 3372 2813 Servatur
3413 2758 3619 2814 indicat
3652 2777 3668 2814 :
3706 2782 3707 2785 η

406 2885 426 2919 ι
458 2866 561 2923 Ubi
603 2843 861 2928 cadaver,
900 2860 974 2916 ibi
1003 2854 1492 2928 congregabuntur
1518 2852 1718 2921 aquilae
1747 2847 1815 2902 ⁸⁸.
1856 2865 1875 2900 ι
1904 2846 2148 2912 Quorum
2193 2845 2454 2915 juventus
2496 2859 2595 2914 per
2642 2843 2889 2899 divinam
2923 2844 3250 2900 tinctionem
3282 2846 3432 2901 velut
3467 2847 3666 2917 aquilae

400 2953 760 3011 renovabitur
783 2950 853 3002 ⁸⁸.
882 2947 940 3004 Si
973 2960 1106 3002 vero
1128 2944 1253 3015 quis
1278 2941 1418 3014 civis
1444 2939 1689 2995 ctelestis
1724 2936 1900 2990 factus
1929 2932 2117 2996 fuerit,
2151 2933 2337 2988 audiet
2363 2930 2607 2987 :Umbra
2667 2932 3023 3003 scapularum
3062 2946 3289 2988 suarum
3323 2941 3568 3004 proteget
3598 2943 3671 3000 te,

401 3049 457 3095 et
483 3027 589 3096 sub
618 3038 723 3093 alis
757 3035 937 3107 ipsius
964 3047 1118 3104 spem
1144 3028 1436 3085 recondes.
1498 3023 1677 3094 Super
1730 3021 1992 3076 humeros
2033 3020 2179 3075 enim
2234 3020 2523 3107 tollentur,
2568 3027 2624 3075 et
2658 3034 2824 3089 super
2854 3019 3083 3075 brachio
3118 3019 3560 3076 sublevabuntur
3600 3023 3673 3080 ⁸⁷.

402 3127 560 3195 Quod
591 3106 1009 3181 autemitantam
1051 3124 1180 3187 erga
1201 3131 1298 3172 eos
1329 3127 1520 3169 curam
1553 3110 1822 3195 declaret,
1852 3107 1969 3177 ipse
2000 3121 2220 3195 quoque
2261 3106 2523 3195 servator
2561 3108 2618 3161 in
2669 3106 3028 3163 similitudine
3059 3122 3164 3177 qua
3212 3122 3340 3177 erga
3369 3106 3674 3164 Jerusalem

406 3194 564 3278 usus,
587 3210 855 3267 indicavit
887 3225 902 3263 :
937 3225 956 3259 ι
998 3204 1227 3272 Quoties
1255 3200 1518 3271 colligere
1548 3206 1675 3253 tuos
1705 3194 1931 3260 liberos,
1968 3194 2435 3266 quemadmodum
2468 3194 2673 3267 gallina
2699 3194 2838 3251 solet
2870 3194 3052 3265 pullos
3076 3208 3207 3249 suos
3233 3194 3338 3249 sub
3374 3194 3489 3251 alas
3520 3210 3674 3263 suas,

405 3301 575 3366 volui,
601 3307 655 3356 et
677 3312 791 3356 non
824 3294 1052 3353 voluisti
1080 3292 1128 3328 ⁸⁸
1159 3307 1175 3345 :

479 3390 603 3443 οὐκ
650 3380 731 3458 ἦν
781 3383 910 3454 μετ’
945 3379 1147 3437 αὐτῶν
1187 3376 1341 3443 Θεὸς
1381 3375 1724 3443 ἀλλότριος.
1758 3375 1777 3394 ⁸
1800 3368 1985 3433 Καθὼς

2178 3368 2291 3425 Nec
2316 3382 2431 3425 erat
2461 3387 2581 3425 cum
2605 3387 2667 3425 eo
2688 3368 2831 3425 Deus
2881 3369 3107 3424 alienus.
3159 3367 3296 3443 [Ιί]
3348 3371 3479 3436 Quae
3528 3370 3675 3426 enim

388 3452 572 3552 ίιρησιν
594 3479 622 3531 ὁ
649 3452 934 3538 θεσπέσιος
958 3471 1172 3535 Παῦλος
1191 3486 1206 3500 ο
1235 3469 1365 3523 ποία
1391 3466 1646 3521 κοινωνία
1677 3464 1818 3533 φωτὶ
1855 3462 1985 3534 πρὸς

2100 3458 2486 3552 communitas,
2515 3455 2687 3512 Paulo
2718 3465 2855 3513 teste
2870 3457 2942 3524 ⁸³,
2964 3458 3070 3511 luci
3094 3473 3217 3515 cum
3251 3459 3534 3516 tenebris?
3556 3476 3678 3531 quae

408 3535 635 3636 σκότοςς
659 3566 695 3639 ἢ
721 3566 802 3631 τίς
836 3535 1193 3639 συμφώνησις
1219 3556 1457 3629 Χριστοῦ
1487 3557 1621 3627 πρὸς
1657 3553 1855 3608 Βελίαλ
1880 3568 1897 3620 ;

2100 3550 2394 3605 consensio
2424 3535 2647 3606 Christo
2671 3563 2795 3605 cum
2820 3549 3034 3604 Belial?
3413 3547 3416 3550 ’

491 3636 879 3717 Ἀνεόίϐασεν
907 3636 1133 3720 aurati}
1188 3650 1291 3705 ἐπὶ
1337 3649 1455 3718 τὴν
1480 3646 1668 3717 ἰσχὺν
1704 3645 1816 3715 τῆς
1860 3642 1993 3715 τῆς.

360 3755 366 3760 ’
409 3757 432 3780 *
473 3749 820 3814 ’Δνεὸίῦασε,
870 3744 1153 3801 τουτέστιν
1213 3739 1582 3812 ὑψηλοτέρους
1637 3736 1837 3800 αὐτοὺς
1882 3733 1995 3793 τῶν

407 3845 613 3914 γηΐνων
646 3839 970 3908 πεποίηκεν.
1025 3835 1111 3899 Ὦς
1128 3833 1238 3905 γὰρ
1281 3831 1516 3896 Ἀκύλας
1540 3827 1732 3899 φησὶν,
1772 3825 1997 3881 Ἐπίτὸ

396 3926 627 4006 ’ὕψωμα
650 3930 764 4001 τῆς
801 3929 915 4003 γῆς
940 3926 1164 3992 αὐτοὺς
1212 3924 1556 3987 ἀνεϐίϐασε,
1605 3919 1773 3991 μηδὲν
1800 3934 1996 3971 ταπει·

409 4026 562 4099 νδνῆ
595 4022 936 4096 χαμαίζηλον
987 4020 1186 4083 αὐτοὺς
1238 4008 1596 4087 ἐνθυμεῖσθαι
1650 4009 1994 4082 βουλόμενος.
2036 4052 2039 4055 λ

480 4117 643 4174 Κατὰ
664 4117 765 4188 τὴν
797 4113 1061 4184 ἱστορίαν,
1092 4111 1194 4189 τῂν
1219 4109 1324 4181 γῆν
1354 4122 1491 4178 φησι
1508 4104 1611 4175 τῆς
1639 4101 1994 4171 ἐπαγγελίας,

411 4211 488 4272 ῶς
522 4207 788 4279 γεγονότα
846 4203 1142 4275 λαμϐάνων
1172 4199 1243 4254 τά
1275 4197 1563 4271 μέλλοντα,
1597 4194 1648 4247 εί
1670 4190 1851 4247 καὶτὰ
1893 4189 1999 4261 μά-

404 4303 572 4356 ’λιστα
599 4298 879 4369 ἐπέδησαν
911 4294 1015 4373 ἤδη
1049 4293 1252 4364 μέρους
1306 4287 1501 4359 αὐτῆς.
1533 4285 1825 4356 Συμφωνεϊ
1854 4282 1910 4337 δὲ
1936 4282 1997 4335 τὸ

412 4393 789 4464 ὲπαγόμενοψ
818 4407 840 4442 ι
872 4385 1182 4458 Ἐψώμισεν
1199 4380 1398 4446 αὐτοὺς
1411 4378 1574 4449 γεννὴ
1585 4393 1730 4449 ματα
1751 4375 1956 4445 ἀγρῶν.
1972 4392 1990 4425 ι

415 4482 585 4539 Οὔπω
613 4482 723 4554 γάρ
748 4481 955 4552 ἔφαγον
976 4476 1085 4531 τῶν
1130 4473 1492 4547 γεννημάτων
1533 4469 1633 4539 τῆς
1658 4469 1757 4538 γῆς
1786 4483 1801 4498 ο
1829 4466 1907 4538 τῷ
1939 4464 1997 4520 δὲ

419 4575 597 4648 μάννα
623 4575 753 4645 πρὶν
770 4566 1239 4640 διαπεραιωθῆναι
1258 4564 1351 4617 τὸν
1382 4559 1656 4648 Ἰορδάνην
1678 4555 1991 4633 ἐτρέφοντο.

430 4667 574 4721 Ἀλλ’
628 4663 751 4720 οὐδὲ
811 4662 935 4734 μέλι
988 4659 1168 4732 ὄρειον
1242 4654 1396 4710 οῦπω
1447 4646 1592 4721 ἦσαν
1640 4648 1992 4720 δρεψάμενοι,

416 4761 539 4815 οὐδὲ
564 4758 677 4813 τῶν
707 4755 907 4811 ἐλαιῶν
934 4771 950 4785 ·
987 4753 1045 4808 αἱ
1078 4747 1364 4822 φιληδοῦσι
1405 4744 1638 4814 πέτραις
1662 4742 1758 4795 καὶ
1788 4740 1993 4811 ὄρεσιν.

2168 3636 2357 3693 Evexit
2392 3655 2480 3693 eos
2505 3640 2556 3693 in
2582 3638 2909 3708 fortalitium
2936 3650 3111 3694 teme.
3140 3636 3278 3711 [15.]
3298 3637 3491 3716 Supra
3517 3645 3678 3692 terra!

2099 3730 2309 3786 incolas
2344 3746 2440 3786 eos
2474 3731 2693 3786 extulit.
2736 3729 2939 3786 Eodem
2997 3729 3160 3785 modo
3205 3730 3405 3800 Aquila
3452 3745 3676 3801 quoque

2098 3826 2282 3896 inquit
2320 3843 2334 3881 :
2369 3825 2438 3880 In
2466 3826 2637 3881 altum
2660 3837 2813 3883 terra:
2842 3841 2929 3882 eos
2946 3825 3193 3883 adduxit.

2170 4092 2226 4147 Si
2254 4106 2381 4148 vero
2395 4091 2588 4147 oculos
2605 4090 2672 4145 ad
2702 4090 2986 4147 historiam
3007 4101 3416 4152 convertemus.
3440 4089 3507 4145 de
3535 4101 3678 4145 terra

2098 4185 2372 4256 promissa
2430 4199 2492 4239 ea
2536 4198 2661 4239 esse
2713 4183 2859 4238 dicta
2898 4183 3287 4253 intelligemus,
3336 4184 3424 4237 ubi
3450 4183 3674 4252 quidem

2100 4278 2221 4333 loco
2253 4278 2655 4348 prmteritorum
2692 4276 2901 4343 futura,
2957 4279 3211 4347 quamvis
3246 4278 3535 4330 maximam
3562 4277 3676 4346 jam

2099 4368 2221 4439 ejus
2250 4377 2462 4437 partem
2519 4368 2871 4438 contigerint,
2928 4366 3112 4421 habet.
3149 4365 3304 4431 Quod
3331 4367 3508 4435 ipsum
3544 4381 3679 4420 sane

2100 4461 2154 4517 id
2182 4461 2330 4531 quod
2350 4459 2621 4529 sequitur,
2658 4474 2877 4532 quoque
2906 4458 3257 4528 comprobat,
3292 4473 3414 4513 cum
3447 4457 3627 4529 inquit
3661 4475 3676 4512 :

2107 4573 2125 4605 ι
2158 4554 2429 4621 Agrorum
2495 4551 2856 4622 proventibus
2923 4551 3125 4606 cibavit
3184 4565 3301 4607 eos.
3350 4570 3369 4604 ι
3424 4550 3677 4608 Nondum

2100 4647 2246 4701 enim
2307 4644 2667 4716 proventibus
2715 4653 2876 4699 terrae
2933 4643 3279 4711 victitabant,
3333 4654 3524 4714 utpote
3582 4646 3679 4717 qui

2029 4721 2074 4776 Ι)
2105 4751 2305 4792 manna
2345 4737 2667 4807 priusquam
2703 4734 2999 4792 Jordanem
3050 4738 3423 4801 transiissent,
3454 4739 3678 4794 aleban-

429 4865 523 4910 tur
557 4868 750 4922 usque.
779 4850 892 4904 Imo
921 4862 1053 4903 vero
1086 4860 1153 4900 ne
1212 4842 1317 4898 mel
1347 4840 1600 4897 silvestre
1628 4833 1848 4904 quidem
1893 4831 2072 4887 adhuc
2101 4831 2452 4902 colligebant,
2485 4846 2667 4902 neque
2694 4831 2940 4887 olearum
2997 4846 3119 4902 quae
3182 4832 3333 4887 saxis
3397 4838 3453 4886 et
3520 4846 3680 4885 mon-

412 4945 567 4999 tibus
595 4941 962 5000 delectantur,
994 4935 1213 4988 baccas.

491 5038 765 5092 Caeterum
794 5030 972 5086 mellis
1004 5025 1226 5082 nomine
1277 5035 1473 5093 aquam
1509 5017 1809 5091 signiﬁcari
1859 5015 2083 5086 quidam
2111 5022 2388 5075 asserunt,
2421 5011 2703 5082 quaeipsis
2737 5012 2790 5065 in
2819 5010 3037 5066 deserto
3059 5007 3349 5064 sitibuudis
3380 5006 3556 5063 mellis
3585 5021 3676 5062 sa-

422 5138 608 5195 porem
631 5120 837 5174 habere
863 5117 981 5172 visa
1012 5113 1199 5170 fuerit.

497 5212 687 5274 Εἴποις
717 5208 763 5262 δ’
793 5207 860 5260 ἂν
891 5202 1212 5274 άλληγορῶν
1244 5197 1443 5260 αὐτοὺς
1498 5191 1840 5264 ὲψωμικέναι
1872 5207 1999 5260 γεν-

421 5317 641 5378 νήματα
676 5302 785 5357 τῶν
821 5293 1270 5367 πεπληρωμένων
1315 5286 1545 5350 εὐωδίας
1600 5284 2002 5355 πνευματικῆς,

425 5400 519 5463 οὓς
547 5395 820 5468 ηὑλόγησε
848 5388 1076 5459 Κύριος.
1448 5396 1454 5402 ·

2175 5189 2385 5245 Licebit
2414 5204 2546 5245 vero
2573 5204 2668 5260 per
2719 5187 2947 5260 ﬁguram
2970 5199 3229 5266 agrorum
3274 5182 3535 5238 odoribus
3566 5184 3681 5253 spi-

2105 5283 2400 5339 ritualibus
2456 5279 3060 5349 refertorum,,Deique
3090 5291 3223 5332 voce
3273 5274 3678 5330 fortunatorum

2107 5374 2323 5446 pavisse
2357 5374 2630 5445 frugibus,
2660 5368 3029 5442 interpretari.
3106 5432 3111 5435 _

510 5552 557 5585 ⁸⁸
587 5550 725 5606 Gen.
770 5558 959 5605 xum,
990 5539 1078 5594 16.
1153 5539 1197 5571 ’ί
1218 5535 1356 5593 Gen.
1386 5550 1539 5601 xxvi,
1565 5530 1655 5606 12.
1678 5531 1779 5606 ηδ’
1805 5528 1958 5606 Deut.
1978 5530 2168 5606 ηιμ-ξ.
2250 5531 2299 5606 9f
2334 5530 2466 5606 ibid.
2496 5530 2546 5584 5.
2624 5527 2832 5606 διμιδιο...
2850 5542 2936 5595 ιιι,
2957 5526 3047 5583 51.
3114 5522 3163 5556 ⁸⁸
3188 5519 3378 5577 Matth.
3411 5534 3558 5586 εχιτ,
3586 5516 3681 5574 ‘28.

431 5617 477 5649 "
504 5621 650 5678 Psal.
680 5634 775 5683 cu,
811 5615 864 5669 5.
944 5612 989 5644 ⁸⁷
1025 5609 1173 5666 Psal.
1201 5607 1372 5674 n.1,
1419 5607 1508 5674 19.,

1608 5603 1652 5636 ⁸⁸
1676 5601 1869 5679 Matth.
1899 5614 2062 5663 mn,
2091 5603 2184 5658 37.
2260 5603 2305 5636 ⁸³
2344 5602 2382 5657 ll
2412 5603 2541 5658 Cor.
2569 5616 2643 5668 vt,
2673 5597 2857 5672 14,15.

1939 5713 2171 5773 ΝΟΤίΕ.

501 5804 582 5877 (8)
622 5800 755 5858 Ἀπδ
779 5798 879 5870 τῆς
911 5794 1132 5870 Συρίας.
1179 5792 1237 5848 '0
1265 5790 1386 5845 αὐτ.
