4010 6230
403 406 506 468 «:61

1745 412 2099 473 PROCOPII
2131 415 2372 474 GAZ/EI

3545 431 3640 495 9‘33

408 497 724 582 absumpta',
759 524 812 568 et
843 516 894 568 in
930 518 1344 586 propugnacula
1382 516 1794 590 transfugarum
1843 522 2058 576 exCelsa
2101 533 2155 576 et
2189 526 2398 578 munita
2434 539 2697 580 cavernas
2729 525 2855 580 item
2907 536 2961 582 et
3008 528 3234 583 latibula
3280 531 3535 587 redactis.
3585 537 3640 588 lat

402 602 519 655 haec.
555 602 776 668 quidem
818 618 883 656 cx
909 604 1159 656 historia.

470 712 641 767 Porro
670 714 807 765 alius
843 723 928 766 est
958 713 1110 782 ignis
1135 715 1376 782 divinus,
1414 721 1508 790 qui
1551 736 1767 778 omnem
1802 731 1952 779 terre

2138 725 2268 796 -Ιῐῦρ
2299 727 2450 781 ἅπαν
2485 729 2544 782 τὸ
2573 729 2772 798 γεῶδες
2804 732 3007 798 γίνεται
3055 733 3330 805 φρόνημα,
3371 737 3469 792 καὶ
3515 727 3640 794 κατ-

400 809 567 858 strem
607 803 853 870 depascit
882 818 1110 857 sensum
1146 805 1416 874 videlicet,
1443 825 1506 863 ex
1541 827 1653 880 quo
1679 815 1964 879 scortatio,

398 890 748 956 adulterium,
781 891 1210 948 simulacrorum
1245 896 1451 962 cultus,
1476 908 1530 952 et
1563 899 1665 954 alia
1692 899 1967 970 ejusmodi

396 992 720 1036 nascuntur.

466 1159 732 1214 Montium
784 1178 916 1217 vero
971 1163 1148 1218 fulcra
1199 1165 1236 1218 ii
1287 1175 1412 1219 sunt
1460 1169 1550 1236 qui
1609 1184 1730 1225 sese
1780 1181 1971 1227 contra

393 1251 602 1308 Christi
628 1255 996 1325 cognitionem
1025 1257 1284 1321 eiii-runt,
1308 1260 1594 1313 comimret
1619 1263 1760 1316 enim
1781 1265 1969 1320 mundi

392 1344 559 1416 hujus
592 1347 916 1417 principem,
961 1365 1088 1404 cum
1121 1359 1234 1405 tota
1262 1352 1436 1420 ipsius
1470 1368 1655 1408 manu.

2077 816 2247 869 εσθίει
2275 820 2400 881 τοὺς
2437 823 2883 891 προστετηκότας
2904 827 2970 894 τῇ
2995 827 3090 893 γῇ,
3115 829 3209 878 καὶ
3231 827 3297 880 τὰ
3327 831 3639 900 γεννήματα

2071 907 2130 960 δὲ
2151 910 2250 978 τῆς
2275 910 2400 980 γῆς,
2435 913 2716 981 πορνείαν,
2755 916 3025 983 μοιχείαν,
3054 916 3521 988 εἰδωλολατρείαν,
3551 922 3640 974 καὶ

2073 997 2144 1051 τὰ
2186 1000 2332 1070 ἑξῆς.
2368 1001 2555 1055 Ταῦτα
2607 1005 2716 1074 γὰρ
2765 1004 2863 1076 τῆς
2911 1007 2970 1060 ἐν
3013 1007 3145 1108 ήμὲίν
3197 1008 3299 1079 γῆς
3352 1011 3422 1063 τὰ
3453 1014 3640 1084 γεννή-

2077 1106 2246 1159 ματα.

2143 1183 2256 1234 Kal
2299 1183 2365 1236 τὰ
2401 1183 2628 1252 θεμέλια
2662 1186 2772 1239 τῶν
2799 1187 2990 1257 ὀρέων,
3025 1191 3309 1260 τροπικῶς
3341 1191 3641 1265 λεγομένων

2073 1270 2246 1339 ὀρέων
2284 1272 2392 1326 τῶν
2420 1275 2515 1327 καὶ
2547 1277 2928 1347 ἐπαιρομένων
2958 1280 3101 1333 κατὰ
3139 1283 3238 1352 τῆς
3269 1284 3524 1351 γνώσεως
3551 1286 3640 1340 τοῦ

2073 1359 2230 1425 Θεοῦ,
2263 1361 2445 1429 φλέξει
2483 1365 2610 1428 τοὺς
2656 1364 2963 1435 θεμελίους,
3002 1367 3144 1441 [καὶ]
3184 1375 3526 1444 καταργήσει
3557 1377 3642 1430 τὺν

2072 1447 2307 1520 ἄρχοντα
2336 1451 2430 1504 τοῦ
2461 1453 2654 1518 αἰῶνος
2683 1456 2903 1526 τούτου,
2930 1458 3026 1511 καὶ
3047 1460 3150 1524 τὰς
3168 1459 3272 1514 ’ὑπ’
3298 1464 3462 1518 αὑτὸν
3487 1483 3642 1538 πονη-

2071 1538 2172 1611 ρὰς
2197 1540 2479 1613 δυνάμεις.

462 1661 783 1731 Hujusmodi
817 1662 958 1717 enim
986 1661 1240 1734 quiddam
1285 1663 1546 1722 Servator
1583 1683 1803 1739 quoque
1833 1669 2063 1744 indicat,
2101 1690 2226 1732 cum
2255 1677 2475 1749 inquit:
2509 1699 2528 1733 ι
2552 1681 2731 1741 Dicite
2764 1687 2937 1743 monti
2991 1689 3122 1748 huic
3150 1710 3166 1749 :
3199 1692 3447 1754 Amolire
3476 1705 3551 1768 te,
3575 1706 3627 1756 et

393 1752 678 1805 amolielur
707 1751 770 1803 “.
805 1769 823 1802 ι

458 1889 797 1960 Congregabo
814 1907 970 1960 super
986 1909 1074 1946 eos
1100 1894 1266 1957 mala,
1284 1905 1330 1949 et
1349 1902 1573 1967 sagittas
1594 1916 1732 1956 meas
1758 1903 1810 1957 in
1831 1906 1958 1974 ipsis

388 1981 685 2035 absumam.
717 1981 956 2053 [XXXI],
981 1985 1100 2056 25.]
1126 1985 1390 2042 Patientia
1423 1989 1514 2046 Dei
1542 1993 1835 2062 indicatur,
1858 1999 1963 2054 hoc

2140 1905 2389 1971 Συνάξω
2447 1912 2536 1976 εἰς
2562 1913 2784 1982 αὐτοὺς
2831 1918 3006 1988 κακὰ,
3052 1922 3154 1977 καί
3206 1923 3282 1979 τὰ
3327 1921 3486 1995 ,βέλη
3529 1943 3639 1996 μου

2071 2000 2423 2054 συντελέσω
2451 2006 2539 2069 είς
2580 2008 2823 2074 αὐτούς.
2856 2011 2930 2064 Τὸ
2960 2014 3364 2085 μακροθυμεῖν,
3397 2020 3640 2085 συνάγειν

389 2073 644 2141 colligere
693 2075 834 2126 mala
881 2083 1072 2128 contra
1126 2077 1542 2148 immorigeros,
1571 2100 1692 2152 quae
1737 2087 1952 2157 ipsimel

2058 2089 2278 2156 λέγεται
2328 2094 2471 2146 κατὰ
2510 2095 2618 2149 τῶν
2667 2073 3042 2156 ἀπειθούντων
3079 2073 3265 2160 ’κακέ
3327 2073 3394 2163 ’Ᾰ
3441 2073 3638 2181 κυρίως

389 2163 690 2216 conciliant
719 2164 811 2232 qui
847 2179 956 2217 non
984 2175 1308 2233 paruerunt.
1335 2167 1526 2225 Omnis
1555 2172 1610 2225 in
1643 2173 1710 2228 iis
1739 2176 1963 2232 cuditur

390 2253 536 2317 faba,
557 2254 645 2323 qui
686 2255 887 2308 meraci
915 2256 1176 2323 poculum
1201 2268 1494 2328 evacuant,
1522 2277 1796 2337 omneque
1827 2284 1962 2339 sup-

389 2345 616 2416 plicium
651 2346 706 2400 in
736 2347 844 2403 illis
877 2348 1194 2404 insumitur.

459 2549 591 2613 Quae
619 2548 838 2617 quidem
875 2551 967 2604 Dei
990 2550 1261 2620 elegantia
1300 2554 1405 2608 tela
1435 2555 1716 2624 dicuntur,
1743 2559 1811 2616 de
1835 2564 1958 2632 qui-

385 2633 490 2690 bus
520 2632 623 2690 Job
652 2637 767 2689 ait:
800 2656 819 2688 ‹
857 2636 982 2692 Tela
1026 2640 1170 2693 enim
1225 2642 1437 2697 Domini
1479 2645 1534 2700 in
1567 2663 1802 2719 corpore
1837 2667 1957 2707 meo

385 2732 544 2787 sunt,
603 2741 837 2794 quorum
899 2728 1080 2782 rabies
1130 2731 1451 2800 sanguinem
1511 2752 1690 2790 meum
1750 2735 1958 2796 exhatf-

385 2816 458 2867 rit
483 2816 559 2881 ¹¹;
597 2835 614 2866 ι
646 2847 715 2855 -
743 2834 760 2866 ι
787 2817 1010 2887 sanguis
1038 2818 1182 2872 enim
1217 2831 1272 2874 et
1304 2837 1434 2875 caro
1473 2823 1568 2879 Dei
1607 2830 1755 2898 regni
1786 2831 1957 2885 haere-

383 2903 607 2958 ditatem
640 2919 748 2958 non
777 2917 1183 2976 consequentur
1207 2909 1270 2964 ⁸³.
1304 2929 1324 2962 ›

383 3209 760 3277 perturbatum
800 3219 919 3263 erat
947 3224 1042 3264 cor
1073 3227 1275 3275 meum,
1305 3214 1539 3271 eli‘usum
1571 3220 1622 3274 in
1659 3231 1862 3281 terram
1900 3231 1912 3281 i

447 3781 626 3835 Nolim
647 3797 774 3836 vero
801 3797 1108 3853 repugnare
1137 3787 1181 3840 si
1207 3791 1332 3856 quis
1359 3789 1472 3852 haec
1497 3793 1566 3849 de
1591 3807 1746 3865 pastu
1773 3803 1954 3859 avium
1984 3816 2024 3870 C
2132 3813 2293 3872 Εἴποι
2340 3819 2386 3872 δ’
2420 3821 2488 3875 ἄν

377 3870 526 3926 dicta
577 3881 726 3936 sunt,
778 3889 844 3928 ex
895 3876 1062 3931 rebus
1119 3877 1173 3930 in
1217 3878 1457 3952 {Egypto
1504 3888 1672 3954 gestis
1728 3896 1956 3962 repetita

378 3977 543 4025 esse,
603 3963 820 4033 quando
876 3966 1135 4021 videlicet
1203 3969 1256 4023 in
1325 3973 1485 4026 bilem
1535 3978 1955 4040 comedentibus

377 4067 506 4105 aves
547 4051 966 4121 degenerarunt.

444 4140 542 4195 Est
589 4157 719 4196 vero
759 4152 975 4197 tetanus
1007 4147 1315 4201 contractio
1340 4154 1711 4209 Inllsculorum
1744 4175 1865 4227 quae
1896 4162 1952 4216 in

375 4232 532 4300 spina
583 4241 712 4286 sunt
746 4234 922 4301 dorsi,
965 4252 1086 4304 quae
1127 4245 1300 4292 totum
1361 4256 1561 4309 corpus
1614 4256 1760 4303 retro
1809 4255 1945 4323 agit,

375 4321 708 4393 intonsoque
757 4325 908 4378 arcui
950 4326 1184 4381 similem
1245 4329 1426 4384 eliicit.
1465 4321 1947 4400 Verumenimvero

375 4423 436 4466 ut
476 4415 761 4469 historiam
789 4417 1013 4471 missam
1039 4416 1330 4488 faciamus,
1366 4427 1780 4488 consideremus
1819 4438 1943 4504 qui-

375 4506 495 4559 dem
529 4505 723 4573 l'amem
764 4524 872 4578 qua
906 4511 1025 4578 cjus
1073 4513 1255 4578 inopia
1307 4516 1624 4575 laborarunt
1667 4527 1759 4593 qui
1790 4527 1943 4584 dice-

374 4601 504 4647 ret:
563 4612 581 4644 ‹
619 4593 742 4649 Haec
795 4597 928 4651 dicit
978 4598 1264 4658 Dominus.
1293 4623 1311 4655 ι
1370 4605 1534 4662 Esum
1579 4627 1708 4668 vero
1744 4619 1946 4686 avium,

376 4699 472 4754 per
515 4686 706 4742 inanes
747 4704 1056 4757 sermones,
1094 4695 1257 4763 inque
1305 4713 1432 4752 aera
1462 4690 1666 4759 frustra
1707 4707 1946 4776 jactatos

373 4778 595 4846 quando
650 4794 934 4835 sacrarum
985 4783 1320 4842 Litterarum
1368 4794 1607 4847 studium
1665 4801 1806 4865 apud
1851 4818 1945 4859 eos

376 4868 616 4951 rel‘risit,
647 4871 804 4940 juxta
858 4872 1119 4930 Davidem
1168 4882 1261 4948 qui
1296 4882 1428 4937 dicit
1461 4903 1474 4938 :
1521 4905 1539 4937 ι
1572 4887 1756 4945 Rebus
1786 4895 1943 4951 vanis

372 4943 642 5012 dederunt
692 4977 914 5031 operam
940 4965 1002 5018 ¹⁵.
1042 4985 1059 5017 ι
1095 4966 1361 5025 Tetanum
1407 4989 1537 5028 vero
1564 4992 1658 5045 per
1699 4978 1752 5034 id
1795 4987 1938 5052 quod

381 5051 551 5104 citato
575 5055 744 5122 gradu
769 5065 1059 5109 cesserunt
1098 5069 1264 5114 retro.

373 5245 497 5286 cum
550 5249 690 5288 uxor
724 5234 823 5289 Lot
874 5237 1212 5306 admisisset,
1245 5242 1376 5295 salis
1411 5254 1592 5299 statua
1625 5247 1764 5305 facta
1791 5262 1877 5310 est

375 5393 378 5398 ‘
440 5319 631 5376 Dentes
657 5323 892 5390 ferarum
923 5326 1214 5380 immittam
1245 5330 1296 5384 in
1321 5346 1435 5385 eos.
1468 5332 1677 5390 Mittam
1705 5345 1789 5395 vel

441 5477 703 5560 “Hyallit.
727 5495 861 5560 ξνιι,
890 5480 975 5533 19.
1050 5480 1221 5560 l’nlob
1278 5500 1348 5548 vr,
1386 5485 1438 5538 4.
1521 5487 1566 5519 ’⁸
1599 5487 1618 5540 ι
1655 5491 1781 5548 Cor.
1821 5480 1907 5560 xv,
1937 5499 2026 5556 50.

371 5561 446 5607 Ix,
481 5549 569 5602 ϋΞ.
651 5549 687 5578 ³⁷
723 5549 857 5604 Gen.
904 5567 1017 5612 xu,
1046 5552 1138 5605 96.

2069 2179 2188 2233 καθ’
2223 2182 2430 2236 ἑαυτῶν
2459 2185 2508 2236 oi
2543 2185 2617 2255 μὴ
2649 2189 2970 2255 πεισθέντες
3001 2196 3356 2265 συνάγουσιν,
3401 2179 3527 2252 ὅλον
3551 2201 3640 2253 ἐπὶ

2067 2271 2212 2325 τέλει
2247 2274 2370 2327 καθ’
2409 2277 2620 2330 ἑαυτῶν
2662 2281 3019 2349 ὲκκενοῦντες
3050 2288 3112 2341 τὸ
3142 2288 3236 2342 τοῦ
3268 2291 3514 2362 ἀκράτου
3544 2309 3636 2344 πο-

2067 2365 2290 2435 τήριον,
2343 2368 2528 2440 πάσης
2577 2370 2666 2423 ἐπ’
2701 2375 2904 2438 αὐτοὺς
2953 2379 3224 2450 τιμωρίας
3279 2383 3638 2452 συντελουμέ-

2067 2472 2187 2525 νης.
2972 2481 2978 2487 ·

2138 2566 2278 2639 Βέλη
2310 2569 2366 2622 δὲ
2400 2574 2610 2647 Κυρίου
2643 2576 2758 2649 [τὰ]
2791 2579 2929 2650 πρὸς
2978 2579 3328 2655 ἐπιστροφὴν
3375 2587 3469 2640 καὶ
3515 2603 3638 2640 παι-

2063 2657 2214 2712 δείαν
2254 2663 2595 2735 ὲπαγόμενα,
2630 2669 2815 2733 καθὼς
2854 2672 2948 2724 καὶ
2981 2673 3011 2725 ὁ
3052 2673 3172 2727 Ἰὼϐ
3218 2675 3408 2744 λέγει·
3446 2695 3466 2729 ‹
3504 2677 3635 2748 Βέλη

2066 2749 2276 2819 Κυρίου
2303 2754 2362 2805 ἐν
2387 2756 2465 2826 τῷ
2495 2759 2706 2827 σώματί
2745 2762 2849 2830 μού
2879 2763 3047 2817 εἰσιν·
3080 2759 3154 2818 ὦν
3183 2768 3211 2820 ὁ
3234 2766 3416 2836 θυμὸς
3435 2768 3635 2822 ἐκπίνει

2068 2858 2172 2909 μου
2205 2843 2265 2895 τὸ
2299 2842 2460 2915 αἷμα.
2498 2868 2516 2900 ι
2553 2847 2704 2921 Αἷμα
2735 2853 2843 2922 γὰρ
2875 2855 2972 2906 καὶ
3015 2857 3154 2929 σὰρξ
3182 2859 3468 2930 βασιλείαν
3505 2862 3635 2916 Θεοῦ

1982 2941 2026 2998 (ς
2068 2930 2128 2982 οὐ
2155 2931 2648 3008 κληρονομήσουσι.

455 3033 765 3103 Consumpti
823 3034 962 3103 fame
997 3045 1048 3089 et
1086 3050 1245 3105 pastu
1280 3042 1474 3106 avium,
1508 3043 1632 3098 item
1681 3055 1891 3106 tetanus
1936 3056 2366 3122 immedicabilis.

380 3131 591 3192 gestum
623 3124 903 3190 praecessit
949 3121 1143 3190 fames,
1183 3127 1252 3181 de
1307 3143 1415 3197 qua
1464 3131 1518 3185 in
1561 3132 1797 3194 Threnis
1853 3141 2121 3204 Jeremias
2161 3151 2238 3206 im

2411 3067 2556 3142 [2-4.]
2607 3073 2816 3130 Bellum
2865 3086 3061 3134 contra
3126 3079 3628 3139 Nabuchodonosor

2238 3154 2378 3223 luit:
2419 3175 2438 3207 ι
2475 3159 2813 3218 Deﬁciebant
2860 3181 2973 3236 pra:
3005 3166 3265 3238 lacrymis
3313 3172 3459 3226 oculi
3507 3171 3627 3232 mei.

2516 3839 2602 3886 τις
2637 3826 2732 3878 καὶ
2791 3828 2935 3882 κατὰ
2982 3831 3264 3900 ἀναφορὰν
3312 3833 3422 3887 τῶν
3473 3835 3528 3888 ὲν
3558 3835 3620 3902 τῇ

2058 3902 2254 3974 ἐρήμῳ
2309 3907 2560 3978 εἰρῆσθαι
2611 3913 2690 3978 τὸ,
2737 3913 2936 3984 βρώσει
2995 3920 3232 3989 ὀρνέων·
3280 3923 3369 3975 ὅτε
3412 3940 3516 3994 περ
3547 3925 3621 3985 εἰς

2057 3993 2289 4064 χολέραν
2321 4000 2507 4063 αὐτοῖς
2535 4004 2842 4078 μετεϐλήθη
2879 4009 3133 4078 φαγοῦσι.

2140 4169 2197 4223 '0
2232 4170 2584 4237 ὀπισθότονος
2642 4181 2893 4250 σπασμὸς
2913 4183 3021 4236 τῶν
3046 4185 3103 4238 ἐν
3133 4187 3286 4256 ράχει
3311 4187 3424 4258 (12)
3454 4190 3617 4258 μυῶν,

2052 4260 2174 4314 ὅλον
2208 4264 2288 4326 είς
2323 4266 2568 4320 τούπίσω
2617 4269 2793 4324 ἕλκων
2839 4273 2898 4326 τὺ
2950 4275 3130 4346 σῶμα,
3161 4278 3256 4330 καὶ
3290 4280 3366 4344 ὡς
3409 4283 3617 4333 ἐντετα-

2057 4351 2220 4419 μένον
2253 4353 2406 4418 τόξον
2439 4358 2910 4432 ἀπεργαζόμενος.
2938 4366 3059 4419 Eiet
3086 4367 3141 4421 δὲ
3165 4368 3339 4421 ταῦτα
3360 4371 3452 4423 καὶ
3477 4369 3616 4440 πάθη

2051 4440 2251 4514 ψυχῆς,
2291 4447 2392 4518 τὴν
2425 4449 2534 4503 ἀπὸ
2589 4451 2684 4505 τοῦ
2718 4454 2854 4507 Θεοῦ
2917 4457 3271 4529 ἀποστροφὴν
3319 4461 3615 4516 ἐπιδεικνύ-

2053 4550 2214 4604 μενα,
2264 4537 2541 4610 μηδεμίαν
2569 4544 2649 4607 εἰς
2699 4538 2898 4611 αὐτοὺς
2940 4549 3311 4619 ὑποφαίνοντα
3354 4538 3614 4623 σωτηρίας

2045 4625 2260 4682 ἐλπίδα.
2295 4630 2474 4701 Λιμὺν
2502 4634 2601 4704 μὲν
2636 4636 2747 4708 γὰρ
2786 4641 3082 4711 νοήσομεν,
3122 4643 3246 4698 καθ’
3277 4645 3336 4698 ὃν
3378 4647 3474 4698 οὐκ
3505 4645 3612 4697 ἔστι

2045 4720 2178 4788 παρ’
2213 4722 2398 4785 αὐτοῖς
2428 4722 2584 4794 λόγος
2650 4727 2824 4782 Θεοῦ·
2875 4731 3082 4803 βρῶσιν
3121 4734 3177 4788 δὲ
3231 4737 3456 4805 ὀρνέων,
3494 4737 3615 4798 τοὺς

2044 4812 2238 4875 κενοὺς
2277 4813 2495 4885 λόγους,
2545 4819 2641 4873 καὶ
2674 4822 2856 4893 μάτην
2895 4827 2976 4889 είς
3020 4826 3160 4897 ἀέρα
3213 4828 3607 4898 διῖπταμένους-

2045 4902 2119 4955 Οὐ
2155 4904 2460 4962 παύσονται
2489 4910 2597 4983 γὰρ
2641 4914 2699 4965 ὲν
2734 4915 2947 4980 τούτοις
2973 4917 3308 4988 μελετῶντες
3353 4919 3606 4990 ματαίως,

2046 4995 2122 5057 ῶς
2154 5012 2324 5065 φησιν
2352 5000 2381 5052 ὁ
2402 5001 2566 5054 Δαϐίδ
2585 5020 2598 5034 ο
2635 5021 2654 5055 ‹
2681 5005 3051 5078 Ἐμελέτησαν
3085 5010 3240 5074 κενὰ,
3273 5013 3354 5074 είς
3379 5011 3608 5064 τούπίσω

1979 5072 2024 5126 Β
2050 5087 2362 5156 χωροῦντες
2387 5072 2824 5168 ἀμεταστρεπτί.
2854 5119 2872 5152 ι

447 5143 640 5199 Nullus
669 5147 812 5200 enim
844 5149 936 5217 qui
975 5165 1199 5204 manum
1233 5163 1418 5207 aratro
1452 5155 1715 5225 admovit,
1737 5173 1791 5218 et
1823 5143 2082 5232 reversus
2100 5143 2204 5244 est,
2239 5182 2305 5233 ad

2335 5199 2565 5255 regnum
2600 5191 2866 5246 caelorum
2898 5203 3059 5262 aptus
3091 5204 3177 5253 est
3203 5196 3265 5249 ".
3303 5193 3456 5261 Quod
3484 5209 3604 5248 sane

1883 5297 1898 5321 ,
1931 5273 1997 5314 eo
2033 5266 2176 5332 quod
2209 5268 2277 5321 ad
2311 5272 2512 5326 malum
2548 5277 2747 5331 reverti
2780 5281 3061 5348 gestiisset
3088 5284 3153 5338 ".

1829 5349 2054 5413 promisi
2088 5351 2253 5418 dixit,
2280 5367 2340 5411 ut
2361 5374 2458 5415 eos
2498 5361 2698 5418 iterum
2733 5367 3056 5425 admoneret
3087 5387 3275 5428 eorum
3309 5375 3362 5429 in
3383 5387 3517 5444 quos
3551 5370 3600 5422 in

2148 5505 2188 5538 “
2227 5506 2429 5567 Thren.
2465 5530 2527 5582 ιι,
2563 5517 2650 5582 ll,
2686 5519 2771 5574 12.

2891 5523 2931 5555 ⁸⁵
2961 5519 3106 5582 Psal.
3151 5544 3210 5594 ιι,
3247 5529 3295 5582 i.
3407 5529 3448 5562 '°
3475 5529 3592 5583 Luc.

1873 5652 2108 5716 NOTAE.

439 5749 810 5830 (ΙῖλΒριιιχεξίἶ
875 5757 940 5830 QE
981 5756 1248 5830 ἡμέτεροι
1307 5759 1433 5814 κὼδ.
1465 5757 1677 5830 βράχει.
1723 5763 1779 5815 ὲν
1831 5767 1941 5824 σελ.

367 5818 473 5884 λῶς
509 5818 740 5885 πάντεςῖ
769 5825 914 5877 Ἀντὶ
937 5818 1042 5880 τοῦ
1066 5818 1223 5898 ῥάχέι
1247 5845 1260 5860 ·
1294 5818 1626 5902 Ὅσπέρκἆὶ
1646 5831 1847 5918 ἐτέθη.¹

1984 5769 2089 5832 876
2123 5777 2216 5832 τοῦ
2243 5780 2470 5854 ὅτόμου
2513 5787 2610 5860 τῆς
2649 5793 2732 5856 είς
2794 5795 2922 5861 τοὺς
2987 5799 3134 5856 Ψαλ.
3188 5819 3323 5874 σειρ.
3379 5805 3589 5870 ἐπισφα-
