4018 6230
472 359 572 425 971

1811 354 2163 415 PROCOPII
2197 348 2439 416 GAZEI

3612 349 3709 426 972

478 476 596 541 Dei,
634 482 756 530 erat
779 513 795 539 ,
832 470 1204 543 perdiderunt.
1256 468 1331 523 De
1367 482 1474 538 quo
1505 465 1672 522 David
1706 470 1919 537 psalmo
1965 485 2047 526 se~

2156 487 2251 524 σαν
2282 469 2377 540 τὴν
2407 468 2626 539 βουλήν.
2665 468 2799 538 Περὶ
2826 461 2892 539 ἦς
2917 467 3081 521 Δαὸὶδ
3108 470 3167 521 ἐν
3195 468 3270 538 οβ’
3301 469 3497 540 ψαλμῷ
3525 485 3708 539 φησιν’

475 566 817 639 pluagesimo
867 561 1111 620 secundo
1161 560 1339 630 inquit
1379 577 1390 612 :
1446 578 1463 610 ι
1496 559 1746 615 Tcnuisti
1803 562 2049 617 dextram

475 673 654 715 meam
690 671 936 718 manum,
972 661 1027 709 et
1073 652 1308 707 consilio
1356 660 1449 705 tuo
1503 650 1778 706 deduxisti
1823 652 1987 706 me".
2026 671 2044 703 ι

474 751 550 808 De
585 751 688 807 hoc
737 748 907 803 lsaias
940 744 1120 814 inquit
1156 762 1171 799 :
1208 762 1226 794 ι
1257 741 1321 797 Et
1352 742 1537 813 magni,
1565 742 1782 796 consilii
1822 743 2050 813 angelus

472 859 568 900 seu
620 840 848 896 nuntius
884 835 1253 892 vocabitur".
1286 854 1305 888 ι
1340 834 1394 888 1η
1452 835 1572 904 ipso
1622 834 1768 888 enim
1818 834 2049 904 spiritus

469 932 689 990 consilii
715 937 831 985 erat
856 938 911 983 et
942 927 1161 982 virtutis
1186 926 1250 992 “,
1287 940 1451 994 quam
1483 924 1846 996 perdiderunt
1874 924 2052 980 lsrae-

456 1027 599 1091 ’litaa,
633 1020 1098 1094 quemadmodum
1130 1028 1185 1073 et
1212 1017 1520 1074 scientiam.
1548 1015 1621 1071 De
1651 1032 1755 1085 qua
1789 1015 2049 1070 Solomon

469 1116 649 1186 inquit
685 1132 698 1168 :
740 1132 757 1165 ι
789 1112 1066 1181 lnterpres
1112 1110 1259 1165 enim
1302 1106 1545 1162 scientiae
1589 1106 1791 1161 divinae
1825 1113 1907 1160 est
1925 1108 1990 1160 ".
2026 1125 2043 1157 ι

470 1211 830 1277 lnterpretem
884 1218 1017 1259 vero
1064 1200 1393 1271 sapientiam
1425 1206 1603 1254 vocat.
1632 1196 1737 1252 Job
1765 1198 1894 1253 item
1929 1213 2048 1253 eam

470 1299 776 1352 admiratus
801 1294 1015 1364 inquit:
1039 1312 1058 1344 ι
1078 1292 1213 1357 Quis
1237 1305 1366 1346 vero
1389 1290 1542 1345 locus
1572 1297 1657 1345 est
1680 1288 1927 1344 scientiae
1944 1289 2007 1341 ’⁸.
2025 1306 2043 1338 ι

468 1392 547 1442 Ac
574 1403 641 1443 ne
665 1388 807 1441 hanc
833 1385 1052 1455 quidem
1085 1382 1345 1439 Israelita:
1374 1382 1709 1446 habuerunt,
1744 1394 1867 1434 cum
1894 1378 2051 1434 Chri-

475 1490 624 1537 stum
650 1477 832 1532 Patris
860 1475 1186 1546 sapientiam
1219 1489 1330 1529 non
1362 1472 1704 1543 recepissent
1727 1511 1744 1537 ,
1779 1478 1833 1525 et
1864 1471 2050 1524 consi—

472 1569 606 1624 lium
633 1565 929 1631 Altissimi,
959 1562 1103 1632 apud
1129 1578 1289 1633 quem
1325 1561 1667 1633 cognitionis
1694 1559 1964 1628 thesauri,
1998 1566 2050 1616 et

468 1659 713 1716 omnium
744 1669 929 1710 rerum
966 1652 1278 1708 scicntia".
1988 1652 1993 1655 ’

542 1747 591 1806 0
612 1749 660 1805 si
682 1755 926 1816 saperent
952 1743 1403 1814 intelligerentque
1442 1742 1538 1797 hoc
1558 1784 1571 1806 ,
1604 1743 2050 1811 expenderentque

2159 585 2177 615 ι
2200 562 2545 633 Ἐκράτησας
2577 561 2674 629 τῆς
2702 560 2886 632 χειρὸς
2925 560 3023 630 τῆς
3071 560 3254 624 δεξιᾶς
3287 579 3418 631 μου,
3450 562 3542 614 καὶ
3572 564 3625 614 ἐν
3650 565 3711 633 τῇ

2154 650 2318 721 βουλῇ
2368 666 2461 702 σου
2511 648 2800 719 ὡδήγησᾶς
2843 666 2932 718 με.
2977 668 2995 698 ι
3063 649 3199 719 Περὶ
3255 649 3460 720 ταύτης
3506 650 3713 713 Ἡσαΐας

2153 741 2289 811 φησί
2310 757 2322 770 °
2340 760 2357 792 ι
2380 740 2492 793 Καὶ
2518 739 2765 793 καλεῖται
2793 738 3032 808 μεγάλης
3058 739 3252 809 βουλῆς
3276 740 3585 807 Ἄγγελος.»
3608 740 3713 793 Ἐπ’

2152 833 2302 905 αύτῷ
2332 833 2439 904 γὰρ
2470 829 2537 903 ἦν
2567 831 2788 901 πνεῦμα
2820 831 3013 902 βουλῆς
3040 830 3138 884 καὶ
3165 831 3484 902 ἰσχύος.Ἦν
3513 831 3710 886 ἀπώλει-

2153 941 2253 977 σαν
2283 924 2331 976 οἱ
2367 922 2425 988 ἐξ
2466 921 2718 993 Ἰσραὴλ,
2746 922 2822 985 ὡς
2861 920 2957 975 καὶ
2986 921 3085 991 τὴν
3112 922 3449 993 ἐπιστήμην.
3489 921 3619 992 Περὶ
3655 914 3715 993 ἧς

2152 1030 2291 1082 φησι
2323 1009 2599 1083 Σολομὼν,
2635 1031 2653 1064 ι
2681 1010 2891 1074 Μύστις
2925 1011 3035 1082 γάρ
3066 1012 3179 1083 ἐστι
3202 1012 3303 1081 τῆς
3331 1010 3425 1064 τοῦ
3455 1010 3585 1064 Θεοῦ
3607 1012 3718 1063 ἐπι-

2154 1078 2391 1172 στημης.
2421 1121 2439 1152 ι
2461 1078 2699 1155 τΜύστιν
2738 1101 2798 1154 δέ
2834 1078 2969 1172 φησι
3000 1078 3347 1173 τῆν’σοφίαν.
3388 1102 3497 1155 Καὶ
3532 1100 3643 1154 ’1ὼὸ
3668 1100 3719 1152 δὲ

2150 1194 2356 1263 ταύτην
2402 1192 2831 1263 ἀποθαυμάσας,
2857 1192 3030 1262 φησί·
3076 1211 3095 1243 ι
3130 1195 3289 1256 Ποῖος
3334 1192 3393 1245 δέ
3431 1191 3588 1254 τόπος
3616 1192 3722 1244 ἐστὶ

2150 1286 2250 1355 τῆς
2280 1286 2628 1356 ἐπιστήμηςς
2667 1304 2684 1337 ι
2732 1284 2868 1338 Ούδέ
2897 1284 3104 1355 ταύτην
3141 1279 3290 1355 εἶχον
3330 1285 3381 1337 οἱ
3412 1283 3470 1348 ἐξ
3502 1282 3718 1354 Ἰσραὴλ,

2155 1378 2231 1450 μὴ
2263 1377 2703 1448 παραδεξάμενοι
2747 1376 3010 1447 Χριστὸν,
3054 1377 3191 1431 Θεοῦ
3239 1378 3454 1446 σοφίαν,
3498 1376 3591 1429 καὶ
3633 1375 3721 1443 τὴν

2154 1467 2351 1538 βουλὴν
2381 1467 2476 1519 τοῦ
2510 1467 2789 1536 Ὑψίστου,
2820 1465 2954 1537 παρ’
2981 1459 3025 1534 ᾧ
3053 1466 3152 1536 τῆς
3180 1465 3438 1535 γνώσεως
3464 1467 3513 1519 οἱ
3536 1464 3723 1535 θησαυ-

2156 1560 2264 1631 ροὶ,
2299 1560 2394 1613 καὶ
2423 1558 2532 1612 τῶν
2563 1558 2736 1612 ὄντων
2768 1559 2800 1628 ἡ
2837 1559 3140 1629 ἐπιστήμη.

2228 1758 2349 1809 Οὐκ
2403 1755 2752 1823 ἐφρόνησαν
2795 1752 3107 1807 συνιέναι·
3166 1752 3357 1805 ταῦτα
3410 1750 3720 1815 καταδεξά-

466 1839 593 1899 vuid
611 1838 822 1892 tandem
836 1836 1073 1905 futurum
1090 1836 1159 1888 sit
1177 1835 1433 1903 ipsis,etc.
1452 1831 2048 1905 [XXXII,29.]Aquiias

2156 1850 2405 1902 σθωσαν
2449 1849 2537 1909 εὶς
2581 1845 2687 1899 τὸν
2728 1845 2976 1898 ἐπιόντα
3021 1846 3266 1913 χρόνον.
3306 1842 3534 1907 Ἀκύλας
3565 1842 3721 1905 οὕτως

471 1933 554 1987 sic
584 1930 840 2000 exposuit
865 1946 878 1982 :
909 1926 1032 1982 Non
1063 1934 1142 1981 est
1167 1927 1219 1981 in
1246 1928 1321 1980 eis
1351 1942 1556 1991 sensus,
1588 1926 1791 1978 utinam
1819 1924 2046 1977 circum-

467 2024 606 2078 venti
646 2021 884 2076 oratione
914 2026 1181 2079 essent,ut
1214 2016 1497 2071 consilium
1519 2015 1652 2069 illud
1671 2014 2045 2084 intelligerent.

469 2112 809 2168 Erudiantur
836 2120 1071 2166 extrema
1114 2116 1270 2162 a'tate
1309 2124 1429 2161 sua.
1460 2107 1760 2177 Postquam
1796 2106 1943 2161 enim
1984 2118 2049 2160 ea

468 2224 593 2281 quae
618 2208 730 2263 illis
759 2206 907 2261 dicta
939 2213 1089 2269 sunt,
1126 2202 1434 2272 intelligere
1487 2201 1822 2265 noluerunt,
1870 2210 2051 2255 extre-

456 2301 574 2356 mis
604 2298 947 2368 temporibus
977 2296 1232 2366 gentibus
1254 2294 1486 2358 vocatis,
1514 2292 1759 2361 ipsisque
1788 2288 2048 2360 repudia-

472 2393 579 2454 tis,
624 2388 1041 2457 comperientur
1069 2426 1085 2450 ,
1126 2400 1192 2439 eo
1238 2383 1385 2454 quod
1433 2382 1659 2437 Christo
1705 2381 1953 2439 scicntia:
1993 2385 2049 2435 et

460 2482 702 2538 consilio
735 2479 914 2535 Patris
946 2476 1110 2531 ﬁdem
1142 2476 1511 2544 dcuegarunt.

540 2569 815 2639 Quomodo
845 2575 1241 2637 persequeretur
1282 2582 1418 2620 unus
1455 2564 1649 2620 mille?
1683 2562 1817 2636 [δα]
1856 2562 2046 2618 Divina

464 2666 616 2734 enim
678 2661 1024 2734 protectione
1072 2658 1356 2723 denudati,
1389 2667 1500 2712 tam
1551 2658 1621 2712 ab
1673 2672 1782 2712 uno
1810 2670 1978 2734 quam
2015 2670 2047 2709 a

470 2731 658 2813 multis
680 2731 749 2809 vin
789 2755 975 2821 fugam
1006 2752 1120 2806 acti
1149 2759 1301 2809 sunt.
1339 2751 1500 2817 Quod
1532 2765 1564 2806 e
1594 2749 1814 2804 diverso
1867 2731 2049 2802 fu'crat

468 2851 515 2905 si
547 2848 741 2919 pietati
776 2845 1182 2900 incubuissent.
1221 2843 1377 2897 Dictu
1418 2842 1564 2897 enim
1608 2839 1931 2896 incredibile
1963 2846 2047 2894 est

467 2946 817 3010 quantopere
835 2935 1111 2989 Palaestini
1138 2948 1366 2989 suorum
1396 2932 1821 2987 simulacrorum
1849 2943 1953 2999 ope
1982 2942 2048 2983 ac

468 3024 717 3094 pOtentia
744 3037 840 3078 eos
867 3021 1192 3091 presserint.
1232 3018 1395 3074 Nulla
1426 3020 1572 3074 enim
1603 3016 1909 3076 similitudo
1937 3014 2048 3072 Deo

2151 1938 2417 2005 ἐξέδωκεν
2434 1953 2450 1968 ο
2479 1938 2600 1990 Οὐκ
2625 1936 2799 1990 ἐστιν
2823 1935 2894 1989 ἐν
2923 1935 3129 2001 αὐτοῖς
3151 1935 3452 2004 φρόνησις
3471 1950 3484 1963 ο
3521 1934 3725 2003 ὄφελον

2150 2028 2578 2096 ἐσοφίσθησαν
2623 2027 2989 2079 ἐπίστασθαι
3035 2025 3252 2092 αὐτήν.
3299 2024 3724 2091 Σιννετισθήτω-

2150 2135 2271 2174 σαν
2297 2120 2383 2184 εις
2409 2116 2681 2186 ἐσχάτην
2704 2116 2922 2171 αὐτῶν.
2941 2116 3161 2187 Ἐπειδὴ
3198 2115 3311 2186 γὰρ
3357 2117 3459 2169 οὐκ
3499 2116 3725 2186 ἔγνωσαν

2148 2210 2218 2262 τὰ
2243 2207 2532 2279 εἰρημένα,
2562 2209 2620 2260 ἐν
2671 2206 2928 2277 ἐσχάταις
2963 2206 3202 2277 ἡμέραις
3235 2204 3563 2273 γνώσονται,
3597 2204 3727 2258 κατὰ

2146 2301 2249 2370 τὴν
2274 2299 2384 2352 τῶν
2412 2298 2579 2353 ἐθνῶν
2608 2299 2798 2368 κλῆσιν
2825 2297 3281 2368 ἀποϐαλλόμενοι,
3310 2297 3388 2370 μὴ
3418 2298 3727 2351 πιστεύσανα

2150 2406 2241 2455 τες
2269 2389 2513 2462 Χριστῷ,
2544 2392 2610 2461 τῇ
2638 2388 2734 2442 τοῦ
2780 2389 2991 2460 Πατρὺς
3014 2390 3297 2462 ἐπιστήμῃ
3329 2407 3390 2444 τε
3421 2390 3516 2443 καὶ
3546 2387 3720 2459 βουλῇ.

2221 2570 2353 2639 Πῶς
2393 2570 2486 2625 διό
2504 2570 2663 2635 ferat
2712 2564 2801 2638 εἷς
2847 2569 3132 2640 χιλίους;
3172 2567 3284 2639 Τῆς
3315 2567 3410 2621 τοῦ
3450 2565 3582 2620 Θεοῦ
3624 2566 3723 2636 γὰρ
3794 2558 3797 2563 ’

2154 2667 2364 2735 σκέπης
2411 2662 2793 2733 γυμνωθέντες
2821 2700 2837 2727 ,
2887 2662 2977 2730 ὑφ’
3008 2661 3147 2724 ἐνὸς,
3194 2659 3270 2723 ὡς
3317 2659 3422 2712 ὑπὸ
3473 2659 3718 2729 πλήθους.

2152 2749 2672 2825 ἐδιώκοντοΪΩνπερ
2701 2750 2768 2825 ἦν
2798 2752 3109 2807 τούναντίον
3156 2752 3322 2823 ἡνίκα
3372 2755 3436 2823 τῇ
3487 2750 3725 2821 εὐσεϐείᾳ

2149 2849 2526 2920 προσέκειντο,
2564 2847 2639 2900 Οὐ
2675 2846 2784 2916 γὰρ
2815 2844 2963 2899 ἐστιν
2997 2846 3208 2912 εἰπεῖν,
3244 2845 3323 2907 ὡς
3362 2845 3413 2898 οἱ
3443 2843 3722 2911 ἀλλόφυλοι

2147 2942 2237 2996 διὰ
2264 2941 2360 3012 τὴν
2393 2942 2548 3010 ἰσχὺν
2580 2939 2690 2992 τῶν
2725 2936 2962 2991 εἰδώλων
3001 2936 3182 2991 αὐτῶν
3223 2937 3452 3000 τούτους
3490 2936 3719 2990 ἐδίωκον.

2148 3033 2386 3103 Οὐδεμία
2427 3031 2537 3102 γὰρ
2579 3030 2834 3102 ὁμοιότης
2873 3030 3009 3101 πρὸς
3062 3030 3154 3084 τὸν
3199 3029 3338 3083 Θεὸν
3385 3025 3724 3100 quamam

388 3120 399 3133 '
464 3114 777 3184 respondet
802 3123 1016 3175 nostro,
1047 3112 1298 3181 adeoque
1344 3112 1539 3168 vesani
1575 3112 1612 3166 ii
1655 3118 1786 3168 sunt
1817 3109 1912 3180 qui
1950 3121 2047 3164 eas

2154 3126 2245 3180 καὶ
2283 3125 2516 3195 ἄφρονες
2562 3124 2613 3176 οἱ
2661 3122 2884 3185 τούτους
2927 3122 3324 3193 λατρεύοντες,
3356 3120 3605 3190 λέγοντες
3653 3117 3724 3190 τῷ

470 3208 656 3263 colunt
686 3226 701 3263 :
737 3225 758 3260 ι
784 3208 849 3262 Ει
887 3207 1034 3276 ligno
1073 3206 1279 3261 :Pater
1316 3221 1471 3261 meus
1504 3222 1564 3262 es
1591 3213 1686 3273 tu;
1734 3213 1789 3261 et
1830 3202 1997 3274 lapidi
2030 3221 2045 3257 :

470 3301 553 3355 Tu
604 3316 693 3356 me
725 3301 961 3370 genuisti
983 3300 1050 3365 ³⁸,
1087 3318 1105 3351 ι
1162 3298 1376 3354 dicunt.
1426 3296 1649 3353 Possem
1696 3310 1829 3353 vero
1885 3296 2049 3350 etiam

471 3393 734 3448 victorias
760 3391 1139 3447 lsraelitarum
1172 3392 1266 3462 qui
1301 3392 1431 3446 olim
1466 3392 1727 3462 pietatem
1771 3390 2049 3456 colebant,

468 3497 938 3547 commemorare,
971 3496 1110 3551 quas
1162 3495 1541 3551 saepenumero
1592 3478 1730 3534 citra
1772 3478 2052 3550 pulverem

471 3581 824 3643 pepererunt.

545 3664 811 3731 Quoniam
850 3664 915 3718 de
942 3663 1102 3717 tinea
1132 3660 1483 3717 Sodomorum
1513 3662 1634 3715 vitis
1662 3675 1866 3715 eorum.
1895 3659 2047 3733 [52.]

471 3752 573 3810 Per
605 3753 897 3810 Jeremiam
929 3767 1147 3823 quoque
1177 3751 1321 3808 Deus
1352 3752 1530 3821 inquit
1560 3769 1574 3805 :
1615 3770 1635 3804 ι
1663 3750 1773 3821 Ego
1800 3759 1852 3807 te
1894 3753 2050 3821 plan-

472 3843 582 3898 tavi
612 3843 827 3895 vineam
861 3841 1203 3898 fructiferam
1229 3882 1245 3909 ,
1281 3843 1560 3913 quomodo
1599 3842 1942 3913 degenerasti
1995 3842 2050 3896 in

466 3934 727 3989 acerbam
758 3934 885 3989 vitis
913 3934 1095 3989 aliena
1113 3934 1200 3989 ὀἳ
1228 3954 1248 3987 ι
1283 3935 1554 3989 Caeterum
1586 3935 1847 4005 quoniam
1879 3934 2048 3989 vesti-

466 4024 572 4094 giis
612 4022 1023 4083 Sodomitarum
1077 4034 1135 4080 et
1178 4024 1655 4081 Gomorrhmorum
1700 4024 2044 4090 institerunt,

466 4136 641 4192 genus
681 4136 842 4177 suum
877 4122 1005 4175 inde
1039 4121 1241 4182 ducere
1268 4120 2044 4187 dicuntur.Quemadmodum

466 4227 497 4266 e
530 4220 729 4268 contra
771 4211 870 4266 ﬁlii
921 4210 1198 4266 Abraham
1253 4212 1347 4282 qui
1403 4211 1562 4266 ﬁdem
1610 4212 1732 4281 ejus
1777 4220 1831 4267 ct
1879 4225 2045 4281 opera

463 4303 807 4357 aemulantur.

2159 3219 2321 3290 ξύλῳ,
2345 3218 2538 3289 Πατήρ
2566 3233 2670 3287 μου
2700 3211 2753 3269 εἳ
2781 3214 2844 3269 σύ
2865 3231 2877 3244 ⁸
2903 3214 2999 3268 καὶ
3019 3214 3098 3285 τῷ
3129 3212 3285 3283 λίθῳ,
3308 3212 3381 3277 Σύ
3416 3230 3482 3284 με
3510 3212 3720 3280 ἐγέννη-

2160 3327 2277 3374 σας.
2310 3309 2548 3362 Δυνατον
2568 3308 2626 3362 δὲ
2650 3306 2747 3362 καὶ
2778 3307 2906 3377 περὶ
2929 3305 3086 3377 νίκης
3111 3306 3219 3359 τῶν
3244 3305 3304 3371 ἐξ
3335 3304 3548 3376 Ἰσραὴλ
3576 3301 3721 3356 suat-

2159 3402 2398 3457 ὅούντων
2419 3400 2781 3472 προλέγεσθαι
2797 3413 2812 3428 ·
2843 3400 2930 3453 ὅτε
2956 3398 3052 3454 καὶ
3070 3398 3170 3471 τὴν
3187 3396 3348 3470 νίκην
3372 3396 3581 3453 ἀκονιτὶ
3600 3393 3723 3449 πολ-

2159 3494 2314 3557 λάκις
2345 3491 2671 3563 ἐλάμϐανον.

2234 3673 2338 3726 Ἐκ
2365 3672 2477 3741 γὰρ
2503 3653 2791 3742 ἆμπέλων
2816 3668 3095 3737 Σοδόμων
3140 3669 3178 3737 ἡ
3210 3667 3486 3736 ἄμπελος
3514 3665 3719 3723 αὐτῶν.

2152 3765 2170 3785 ¹
2212 3764 2355 3834 Ἔφη
2385 3779 2487 3815 που
2517 3762 2613 3815 καὶ
2639 3762 2667 3814 ὁ
2700 3761 2970 3832 μακάριος
3005 3758 3275 3831 Ἱερεμίας
3305 3760 3469 3833 (πρὸς
3499 3758 3594 3829 τὴν
3624 3756 3721 3810 τῶν

2170 3855 2435 3908 Ἰουδαίων
2470 3853 2794 3923 συναγωγὴν
2815 3852 2855 3923 ),
2889 3851 2965 3915 ὡς
2996 3852 3061 3905 ἐκ
3104 3849 3407 3923 προσώπου
3441 3850 3533 3906 τοῦ
3560 3847 3719 3904 Θεοῦ·

2161 3966 2177 3996 ι
2203 3943 2343 4013 Ἐγὼ
2359 3945 2633 4014 ἐφύτευσά
2655 3960 2715 3996 σε
2737 3943 2981 4015 ἄμπελον
3004 3943 3388 4014 καρποφόρον·
3409 3942 3524 4006 πῶς
3543 3938 3722 4011 ἐστρά-

2153 4050 2261 4102 φης
2292 4033 2369 4095 εἰς
2393 4031 2620 4101 πικρίαν
2649 4033 2683 4103 ἠ
2711 4032 2954 4103 ἄμπελος
2992 4035 3026 4103 ἡ
3061 4032 3357 4105 ἀλλοτρίας
3390 4052 3409 4086 ι
3449 4031 3719 4103 Ζηλώσαν-

2152 4138 2242 4183 τες
2270 4122 2376 4190 γὰρ
2411 4121 2718 4191 Σοδομιτῶν
2748 4121 2815 4175 τὰ
2854 4121 2993 4192 ἔργα
3017 4162 3032 4188 ,
3077 4122 3173 4177 καὶ
3212 4122 3286 4177 τὰ
3324 4121 3713 4194 ἐπιτηδεύματα

2152 4209 2260 4262 τῶν
2292 4211 2580 4281 Γομόρρας
2622 4209 2857 4265 πολιτῶν
2887 4212 3284 4283 ἀσπαζόμενοι,
3312 4214 3375 4267 τὸ
3404 4214 3556 4285 γένος
3584 4211 3715 4264 ἐκεῖ·

2153 4299 2244 4353 θεν
2279 4300 2528 4368 λέγονται
2562 4302 3066 4374 κατάγειν.’”Ωσπερ
3100 4303 3209 4374 γὰρ
3248 4305 3298 4357 οἱ
3339 4303 3410 4359 τὰ
3456 4303 3586 4374 ἔργα
3626 4301 3713 4369 ζη-

462 4354 1075 4467 λοῦντεςντοῦνἋὸραὰμ
1095 4395 1189 4449 καὶ
1214 4354 1659 4466 μεταδιώκοντες,
1678 4394 1784 4447 uici.
1826 4393 2076 4465 Ἀϐραὰμ
2113 4393 2213 4445 οὐκ
2244 4354 3045 4464 ἀπεικότωςἀναγορεύονταιο⁵
3073 4354 3568 4466 [ὲῡξωᾌεαῖοι
3624 4354 3707 4445 id-

460 4484 699 4552 δομιτῶν
764 4484 1171 4556 ἐπιτηδεύματα
1243 4484 1688 4555 φιλοτιμούμενοι
1736 4483 1999 4538 πάνδεινα
2031 4522 2046 4548 ,
2086 4482 2343 4550 ἀπόγονοι
2363 4480 2457 4535 τοῦ
2491 4483 2800 4538 ἀποστάτου
2837 4483 3109 4553 γίγνοιντο
3139 4482 3251 4555 (16)
3284 4482 3588 4557 διαϐόλου.]

534 4594 727 4647 Annon
782 4610 898 4648 ecce
952 4598 1064 4648 lucc
1122 4596 1301 4648 omnia
1352 4596 1582 4663 reposita
1632 4604 1757 4648 sunt
1810 4593 1951 4663 apud
2029 4607 2130 4655 me,
2170 4600 2220 4646 et
2273 4593 2547 4664 obsignata
2584 4593 2641 4646 in
2681 4593 2947 4649 thesauris
3000 4597 3178 4652 meis?
3216 4595 3368 4669 [54.]
3408 4597 3708 4653 Peccatorcs

461 4680 609 4735 enim
644 4679 788 4735 Deus
819 4680 1050 4750 patitur,
1084 4696 1258 4755 usque
1291 4681 1417 4735 dum
1456 4696 1713 4737 mensura
1746 4690 1831 4736 est
1858 4680 2062 4749 repleta
2084 4720 2098 4746 ,
2132 4694 2198 4733 ex
2232 4695 2343 4750 quo
2373 4679 2705 4749 supplicium
2739 4688 2868 4736 ante
2896 4681 3064 4751 pedes
3091 4692 3197 4739 est.
3226 4684 3399 4750 Quale
3431 4683 3561 4739 illud
3588 4688 3703 4736 est:

468 4785 487 4818 ι
520 4765 772 4820 Nondum
805 4775 1189 4820 consummata
1223 4777 1352 4821 sunt
1381 4776 1607 4836 peccata
1641 4767 2084 4821 Amorrhaeorum
2110 4766 2174 4817 ³ο.
2209 4783 2227 4816 ι
2263 4766 2395 4821 Post
2420 4767 2955 4823 consummationem
2985 4770 3131 4825 enim
3160 4779 3376 4839 tempus
3415 4780 3468 4825 et
3493 4769 3607 4825 dies
3636 4766 3705 4821 ul-

465 4853 636 4909 tionis
678 4853 972 4918 accelerat,
1009 4854 1056 4907 si
1099 4855 1225 4923 quis
1266 4870 1294 4907 a
1336 4857 1420 4908 via
1462 4862 1611 4909 recta
1649 4853 1954 4909 deﬂexerit.

531 4944 764 5011 Quidam
797 4959 927 4999 vero
959 4946 1211 5016 prmsagii
1253 4945 1418 5001 modo
1472 4945 1608 5000 illud
1668 4946 2037 5017 interpretan-
2070 4949 2115 5004 D

462 5045 585 5099 tur,
627 5031 786 5101 quasi
841 5031 990 5086 dicat
1044 5032 1188 5088 Deus
1222 5052 1234 5087 :
1269 5035 1409 5089 Ecce
1460 5034 1744 5103 prospicio
1796 5024 2071 5090 futuram'

464 5126 776 5181 Scrvatoris
799 5125 1022 5189 caedem,
1054 5126 1414 5182 nihilominus
1439 5136 1619 5180 tamen
1655 5127 1834 5180 locum
1862 5127 2039 5183 libero

463 5219 668 5273 homini
700 5219 967 5284 concedo,
1003 5228 1369 5289 eventumque
1396 5231 1680 5289 exspecto.

2211 4941 2232 5015 [
2258 4944 2275 4965 '
2310 4941 2367 4995 '0
2394 4940 2711 5015 Σύμμαχος]
2738 4942 3077 5015 σαφέστερον
3109 4945 3427 5017 ἑρμηνεύων
3452 4946 3663 5013 ἐξέδωκε
3685 4956 3698 4973 '

2152 5058 2169 5090 ι
2203 5039 2294 5108 Μὴ
2328 5038 2450 5107 οὐχ).
2474 5036 2636 5091 τοῦτο
2661 5037 2948 5093 ἀπόκειται
2976 5042 3107 5111 παρ’
3128 5041 3290 5111 ἐμοί;
3329 5061 3347 5093 ι
3379 5042 3616 5095 τουτέστι
3645 5035 3698 5090 τὸ

2142 5131 2408 5203 θηριῶδες
2429 5129 2611 5183 αὐτῶν
2636 5133 2730 5184 καὶ
2754 5130 3059 5201 μιαιφόνον,
3094 5133 3188 5187 καὶ
3217 5132 3254 5188 ἃ
3289 5133 3399 5205 (l7)
3435 5133 3695 5204 μέλλουσιν

2143 5223 2415 5294 ἐγχειρεῖν
2445 5221 2743 5286 λυττῶντες
2773 5223 2916 5277 κατὰ
2943 5221 3037 5275 τοῦ
3077 5224 3330 5296 Σωτῆρος
3357 5223 3531 5278 αὐτῶν
3550 5238 3564 5252 ’
3592 5217 3693 5273 ἀλλ’

2141 5313 2288 5382 ὅμως
2320 5313 2730 5384 ὰναόάλλομαι,
2779 5313 2877 5368 καὶ
2928 5315 3125 5386 δίδωμι
3171 5315 3355 5387 χώραν
3401 5316 3479 5388 τῷ
3521 5309 3692 5375 αὐτεε“

2141 5404 2328 5473 ουσίῳ,
2367 5404 2650 5474 ἀναμένων
2676 5403 2774 5474 τὴν
2804 5405 3022 5474 πρᾶξιν.

529 5515 573 5593 ’ξ
612 5512 759 5568 Psal.
795 5528 961 5593 Lxxn.
990 5510 1083 5593 ει,
1122 5509 1352 5593 ,βξ-πελ.
1389 5512 1576 5593 Ix.“6.ﬂ
1629 5511 1673 5543 "’
1714 5512 1816 5565 lsa.
1842 5529 1926 5593 με).
1958 5512 2013 5567 2.
2091 5517 2134 5549 ²³
2177 5516 2304 5586 Sap.
2336 5532 2453 5580 vin,
2487 5519 2539 5572 4.
2617 5521 2661 5550 ’³
2699 5517 2802 5574 Joh
2861 5535 3047 5593 xxviii,
3080 5520 3164 5574 12.
3242 5522 3285 5554 ³⁷
3318 5519 3526 5577 001035.
3558 5513 3684 5580 ",5.

457 5582 502 5613 ’⁸
537 5582 737 5637 Jerem.
772 5598 839 5646 tt,
871 5582 960 5634 Ἦ.
1037 5583 1079 5613 ³⁸
1122 5581 1254 5635 ibid.
1286 5580 1375 5634 2|.
1454 5581 1499 5612 ³⁰
1537 5582 1674 5637 Gen.
1711 5598 1797 5647 xv,
1836 5582 1920 5634 16.

1968 5673 2197 5731 NOTAE.
2876 5680 2905 5685 “

538 5762 647 5831 816)
688 5764 1019 5820 Δείκνυυται.
1040 5768 1124 5819 Ἐν
1154 5768 1264 5821 σελ.
1299 5767 1401 5821 879
1429 5768 1521 5820 τοῦ
1549 5770 1734 5838 εἰρημ.
1775 5772 1899 5842 τόμ.

2216 5774 2326 5844 (ιτ)
2371 5769 2483 5837 Οἷς.
2515 5775 2645 5831 Ain.
2714 5768 2722 5775 '
