4018 6230
380 338 495 422 bis

1316 344 1866 420 COMMENTARII
1902 346 1980 416 1N
2026 336 2731 441 DEUTERONDMI'UM.

3550 353 3657 419 9η

449 466 466 485 ⁸
484 461 624 515 Τότε
648 461 780 533 γὰρ,
800 462 991 533 φησὶν,
1015 446 1391 536 είσπράξομαι
1409 465 1590 535 δίκην,
1618 463 1963 536 ὅτανιόρθῶς

2140 462 2484 534 Supplicium
2517 455 2662 520 enim
2697 462 2954 532 irrogabo
2993 464 3040 519 ci
3078 479 3239 534 quem
3270 464 3437 534 pedes
3472 467 3554 523 sui
3590 468 3661 523 ad

378 556 454 627 μὴ
485 554 684 608 θέλωσι
717 553 944 625 βαίνειν,
973 554 1146 628 ἀλλὰ]
1190 556 1289 635 τῆς
1328 557 1543 619 εὐθείας
1582 554 1963 629 παρατραπῶ-

2091 554 2456 611 :ﬂ‘undeudum
2487 555 2815 626 sanguinem
2848 556 3220 612 incitaveriut.

377 662 462 698 σιν
490 643 632 710 ὁδοῦ,
659 644 758 697 καὶ
792 645 961 713 ἐγγὺς
985 645 1254 712 γένωνται
1278 645 1372 699 τοῦ
1401 646 1587 717 ἐκχέαι
1618 641 1776 714 αἷμα.

446 737 466 763 ‘
500 737 595 808 Τῷ
648 736 975 810 προφητικῷ
1024 736 1299 808 πνεύματι
1343 738 1413 791 τὰ
1467 738 1687 800 πολλοῖς
1740 734 1968 802 ὕστερον

376 831 613 903 ἐσόμενα
647 831 886 901 χρόνοις,
907 831 982 894 ὡς
1008 831 1254 903 παρόντα
1292 831 1391 885 καὶ
1417 830 1708 899 ἐγγίζοντα
1739 827 1968 899 θεωρεῖ-

375 939 467 976 ται
494 922 630 995 (18),
665 923 834 992 ἐγγὺς
860 923 1035 992 λέγων
1059 925 1157 994 τῆς
1181 923 1458 986 ἀπωλείας
1489 920 1672 975 αὐτῶν
1694 921 1793 991 τὴν
1821 918 1966 989 ὴμέ-

378 1031 501 1087 ραν,
534 1015 629 1067 καὶ
679 1014 779 1086 τὴν
825 1014 1018 1085 κλῆσιν
1063 1015 1171 1068 τῶν
1223 1013 1395 1070 ἐθνῶν
1438 1013 1797 1085 ἑτοιμοτάτην
1842 1010 1964 1064 ἔσε-

380 1105 528 1159 σθαι.

448 1195 465 1217 ⁶
506 1196 949 1265 Καταψηφιεῖται
991 1195 1102 1264 γὰρ
1130 1195 1226 1249 τοῦ
1260 1196 1394 1250 ἰδίου
1425 1195 1582 1258 λαοῦ,
1614 1196 1770 1265 φησὶ,
1809 1212 1827 1245 ι
1860 1192 1971 1247 Καὶ

375 1289 625 1359 ἑγκρινεῖ
668 1290 897 1355 αὐτοὺς,
938 1289 1033 1343 καὶ
1072 1288 1167 1342 ἐπὶ
1195 1291 1309 1352 τοῖς
1351 1288 1410 1355 ἐξ
1446 1287 1622 1342 ἐθνῶν
1658 1286 1971 1363 πιστεύουσι

376 1379 872 1452 παρακληθήσεται
894 1396 909 1412 ο
941 1394 960 1432 ι
995 1380 1217 1443 δούλους
1247 1380 1355 1450 γὰρ
1386 1375 1553 1434 αὐτοῦ
1593 1378 1837 1441 ἐκείνους
1871 1395 1974 1448 φη-

380 1471 463 1524 σίν
487 1487 500 1501 ·
527 1469 561 1541 ἢ
589 1471 686 1524 καλ⁵
708 1472 839 1535 τοὺς
868 1470 1212 1542 Ἰσραηλίτας
1238 1470 1474 1542 ἐλεήσει,
1500 1470 1596 1524 καὶ
1629 1470 1729 1524 οὐκ
1768 1469 1849 1533 είς
1880 1470 1971 1522 τὲ-

378 1556 472 1626 λος
500 1561 784 1617 ἀπώσεται
812 1563 902 1616 τὸν
930 1563 1056 1617 λαὸν
1081 1562 1273 1617 αὐτοῦς

446 1724 675 1811 Μήποτε
692 1726 753 1793 δὲ
788 1737 869 1792 ἔτι
904 1737 1034 1811 περὶ
1068 1739 1178 1793 τῶν
1212 1737 1319 1809 πρὸ
1345 1737 1444 1807 τῆς
1471 1736 1768 1807 ἐπιδημίας
1808 1724 1858 1789 δ’
1879 1734 1970 1789 λό-

2139 733 2219 787 Ac
2266 732 2480 787 idcirco
2526 746 2663 805 sane
2708 730 2907 800 Spiritu
2956 730 3197 787 vatidico
3240 746 3304 787 ea
3339 749 3461 804 quae
3503 733 3665 806 longe

2071 829 2195 892 post
2225 829 2459 877 ventura
2493 826 2686 887 erant,
2722 835 2909 875 coram
2939 825 3096 892 quasi
3124 837 3190 878 ac
3218 839 3391 895 prope
3417 837 3665 883 content-

2071 916 2275 987 platur.
2306 914 2557 983 Ipsorum
2586 912 2875 969 interitum
2911 930 3082 986 prope
3115 931 3241 972 esse
3277 917 3501 984 dicens,
3533 935 3663 982 nec-

2071 1020 2182 1060 non
2216 1004 2460 1076 gentium
2488 1018 2712 1076 quoque
2736 1005 3085 1061 vocationem
3111 1008 3167 1061 in
3201 1010 3488 1079 procinctu
3516 1026 3658 1068 esse.

2145 1179 2497 1253 Quapropter
2524 1183 2824 1263 subintulit
2854 1200 2868 1237 :
2909 1203 2927 1237 ι
2957 1183 3230 1251 Quoniam
3268 1188 3666 1244 condemnabit

2073 1274 2333 1345 populum
2383 1291 2544 1331 suum
2571 1318 2586 1339 ,
2626 1274 2810 1348 470
2845 1284 2901 1332 et
2940 1277 2995 1332 in
3038 1278 3105 1333 iis
3153 1280 3244 1350 qui
3294 1296 3360 1336 ex
3403 1284 3665 1352 gentibus

2071 1368 2326 1435 credunt,
2349 1368 2715 1423 recreabitur.
2744 1387 2762 1419 ι
2800 1367 2993 1425 Posset
3022 1386 3157 1426 vero
3191 1371 3357 1427 etiam
3387 1388 3483 1428 eos
3512 1374 3664 1444 ipsos

2074 1473 2268 1515 servos
2322 1474 2558 1524 vocare,
2608 1460 2866 1530 quoniam
2920 1478 3029 1516 non
3081 1462 3337 1533 stirpitus
3391 1464 3664 1520 exstinxit

2073 1567 2235 1607 suum
2270 1553 2562 1623 populum,
2596 1568 2692 1607 eos
2727 1555 2822 1624 qui
2854 1568 2919 1608 ex
2948 1556 3069 1624 ipso
3101 1555 3478 1624 crediderant,
3511 1573 3663 1615 reve-

2075 1644 2239 1710 ritus,
2278 1659 2489 1699 necnon
2523 1651 2740 1715 patrum
2778 1646 3071 1716 primitias.

2150 1735 2269 1792 Non
2300 1737 2536 1807 amplius
2569 1753 2702 1793 vero
2737 1753 2921 1794 sermo
2955 1748 3039 1794 est
3068 1740 3136 1795 de
3168 1741 3240 1795 iis
3272 1741 3366 1811 qui
3401 1748 3530 1796 aute
3566 1741 3668 1796 ad-

378 1849 497 1903 γος.
526 1834 726 1903 ὅτεπερ
787 1833 987 1899 αὐτοὺς
1036 1833 1101 1885 ἐκ
1144 1834 1244 1901 τῆς
1291 1828 1678 1900 αἰχμαλωσίας
1707 1828 1967 1882 ἀνεκαλέ-

2091 1835 2304 1883 vcntum
2337 1827 2545 1884 Christi
2588 1827 2848 1896 fuerunt,
2875 1845 2939 1885 ex
2972 1846 3081 1901 quo
3113 1846 3214 1887 eos.
3239 1847 3304 1887 ex
3343 1833 3668 1902 captivitate

381 1940 550 1991 σατος
596 1926 690 1979 καὶ
732 1925 891 1996 δῆλον
940 1926 1006 1978 ἐκ
1044 1923 1139 1978 τοῦ
1188 1922 1472 1988 ὀνειδίζειν
1515 1923 1699 1984 αὐτοῖς
1730 1919 1831 1990 τὴν
1869 1920 1967 1991 πρὲ

2091 1921 2378 1976 revocavit.
2412 1918 2483 1975 Ut
2529 1921 2672 1976 satis
2717 1931 2934 1977 constat
2966 1924 3396 1993 exprobratione
3426 1925 3663 1980 idolola-

376 2020 582 2084 ταύτης
606 2018 1073 2089 εἰδωλολατρείαν,
1114 2017 1322 2085 λέγων·
1373 2034 1392 2066 ι
1419 2014 1529 2069 Ποῦ
1574 2015 1714 2067 είσιν
1755 2014 1807 2066 οἱ
1851 2013 1975 2067 Θεοὶ

377 2111 593 2177 αὐτῶν;
629 2130 647 2163 ι
685 2111 841 2166 Μετὰ
871 2111 980 2182 γὰρ
1024 2112 1244 2180 ἐκείνην
1273 2109 1335 2162 οὐ
1365 2108 1647 2175 φαίνονται
1678 2107 1864 2161 λοιπὸν
1892 2108 1973 2161 εί·-

375 2200 914 2273 δωλολατρήσαντες.

461 2293 934 2359 Ἀναστήτωσαίν
963 2292 1065 2347 καί
1090 2293 1581 2363 βοηθησάτωσαν
1599 2291 1789 2362 ὑμῖν)
1818 2292 1966 2345 Ταῦ-

376 2401 445 2438 τα
486 2382 608 2454 [καὶ
635 2385 686 2437 oi
714 2383 897 2438 lor-ml.
925 2388 1224 2457 προφῆται,
1261 2386 1357 2439 καὶ
1398 2383 1658 2456 μάλιστα]
1696 2385 1969 2455 Ἱερεμίας

375 2474 484 2549 ἱείς
526 2475 747 2548 ἔλεγχον
788 2479 888 2548 τῆς
930 2479 1188 2543 ἀσεϐείας
1232 2477 1483 2551 [auram],
1517 2477 1795 2541 ὀνειδίζων
1829 2490 1966 2548 προι

378 2568 545 2637 έφερε
564 2568 725 2641 t19)]'
745 2573 878 2641 φησι
909 2571 1076 2641 γάρ’(
1098 2572 1195 2624 Διά
1227 2569 1385 2623 τοῦτο
1404 2569 1529 2623 τάδε
1560 2568 1711 2638 λέγει
1736 2565 1962 2641 Κύριοξ·

389 2647 520 2714 Ἰδοὺ
561 2660 671 2729 ἐγὼ
698 2661 786 2715 ἐπ’
823 2662 1025 2725 αὐτοὺς
1061 2663 1253 2729 ἐπάγω
1286 2662 1466 2727 κακὰ,
1500 2662 1558 2728 ἐξ
1600 2656 1674 2716 ὧν
1712 2662 1775 2714 οὐ
1803 2661 1965 2734 δυνή-

379 2754 565 2805 σονται
600 2751 838 2817 ἐξελθεῖν
871 2753 931 2819 ἐξ
963 2754 1173 2808 αὐτῶν
1208 2756 1303 2808 καὶ
1326 2754 1687 2825 κεκράξονται
1712 2754 1848 2826 πρός
1872 2772 1964 2825 με,

377 2846 469 2899 καὶ
490 2844 595 2899 οὐκ
636 2846 1032 2917 εἰσακούσομαι
1063 2846 1263 2902 αὐτῶν.
1296 2848 1405 2901 Καὶ
1445 2846 1801 2918 πορεύσονται
1828 2846 1966 2917 πρὸς

2078 2014 2198 2067 tria:
2229 2028 2335 2083 qua
2368 2021 2495 2068 ante
2523 2013 2894 2082 captivitatem
2927 2031 3062 2071 usus
3090 2032 3219 2087 erga
3251 2033 3345 2073 cos
3371 2056 3385 2082 ,
3420 2018 3612 2073 dicens
3647 2038 3661 2074 :

2085 2125 2103 2158 ι
2137 2105 2239 2161 Ubi
2267 2115 2393 2160 sunt
2420 2106 2494 2160 dii
2519 2120 2709 2162 eorum
2726 2107 2850 2160 ιιι»
2878 2105 3012 2163 Post
3037 2123 3155 2163 eam
3189 2110 3335 2164 enim
3368 2108 3515 2164 idola
3546 2125 3660 2165 non

2076 2197 2313 2267 amplius
2348 2197 2588 2254 coluisse
2619 2198 2895 2254 videntur.

2137 2289 2371 2361 Surgunt
2388 2298 2436 2344 et
2455 2290 2931 2359 opitulenturvobis
2960 2288 3320 2363 [XXXII,38.]
3339 2290 3663 2361 Hujusmodi

2076 2400 2174 2455 per
2203 2384 2491 2439 Jeremiam
2514 2400 2732 2454 quoque
2748 2383 2908 2439 dicit:
2937 2384 3107 2440 «Ecce
3136 2400 3239 2456 ego
3257 2386 3482 2456 injungo
3498 2385 3657 2454 ipsis,

2078 2475 2218 2528 mala
2244 2491 2274 2530 e
2304 2474 2503 2545 quibus
2540 2491 2821 2547 emergere
2866 2492 2977 2531 non
3012 2487 3273 2547 poterunt
3295 2519 3309 2544 ,
3347 2488 3401 2533 et
3452 2480 3660 2532 clama-

2076 2569 2211 2623 bunt
2242 2568 2308 2622 ad
2342 2583 2448 2635 me,
2480 2584 2658 2639 neque
2692 2570 2912 2623 audiam
2944 2585 3061 2626 eos.
3090 2570 3155 2626 Et
3202 2571 3361 2626 ibunt
3405 2572 3660 2627 civitates

2074 2660 2213 2715 Juda
2256 2668 2311 2715 et
2358 2660 2554 2716 incolae
2597 2659 2928 2728 Jerusalem,
2961 2670 3016 2718 et
3069 2663 3390 2718 clamabunt
3421 2664 3487 2717 ad
3526 2663 3661 2719 deos

2075 2753 2277 2823 quibus
2344 2752 2454 2822 ipsi
2506 2752 2687 2807 sumta
2743 2753 2997 2820 adolent,
3058 2770 3163 2810 nec
3208 2756 3510 2811 servabunt
3562 2771 3660 2810 eos

2074 2859 2442 2900 aerumnarum
2474 2859 2699 2900 suarum
2736 2842 3065 2915 tempore".

379 2939 534 2993 πόλιν
578 2940 749 2993 Ἰούδα
780 2942 874 2994 καὶ
917 2943 964 2995 οἱ
1006 2941 1388 3006 κατοικοῦντες
1420 2940 1795 3013 Ἰερουσαλὴμ,
1853 2940 1948 2993 καὶ
1985 2938 2346 3012 κεκράξονται
2378 2939 2513 3009 πρὸς
2545 2938 2672 3002 τοὺς
2731 2938 2890 3001 θεοὺς
2942 2938 3144 3005 αὐτῶν,
3180 2939 3277 2992 καὶ
3313 2940 3375 2992 οὐ
3429 2939 3505 3010 μὴ
3547 2940 3656 2993 σώ-

380 3045 566 3085 σουσιν
618 3032 814 3097 αὐτοὺς
871 3034 930 3086 ὲν
986 3034 1167 3106 καιρῷ
1217 3034 1404 3089 κακῶν
1452 3032 1654 3098 αὐτῶν,
1686 3051 1702 3082 ι
1744 3032 1840 3086 καὶ
1890 3031 1959 3086 τὰ
1997 3031 2148 3103 ἑξῆς.

451 3125 659 3190 Ἴδετε,
700 3116 989 3192 {dumdu
1022 3129 1137 3199 ἐγώ
1177 3131 1314 3199 ειμι.
1357 3126 1654 3191 Τουτέστι,
1682 3124 1962 3180 παιδεύσει

382 3234 443 3272 σε
469 3222 504 3289 ἡ
537 3220 842 3275 ἀποστασία
889 3238 981 3275 σου
1006 3262 1021 3287 ,
1050 3221 1147 3276 καὶ
1193 3224 1228 3293 ἡ
1274 3222 1443 3276 κακία
1487 3238 1582 3275 σου
1626 3218 1838 3288 ἐλέγξει
1879 3235 1958 3270 σε.

380 3312 494 3365 Καὶ
522 3313 817 3385 ἐπειδήπερ
844 3310 930 3386 [εὖ
958 3312 1238 3386 πράττων]
1263 3317 1364 3369 οὐκ
1422 3315 1595 3383 ἔγνως
1620 3313 1711 3367 τὸν
1742 3311 1963 3383 εὐεργέ-

2152 3125 2545 3190 Videte,videte
2577 3124 2718 3196 quod
2748 3141 2842 3195 ego
2876 3141 3014 3178 sum.
3046 3123 3185 3197 [59.]
3230 3125 3342 3181 Iloc
3374 3134 3480 3192 cst,
3511 3125 3660 3181 defe-

2071 3219 2179 3272 ctio
2207 3227 2298 3272 tua
2323 3224 2377 3272 te
2402 3216 2636 3283 erudiet,
2661 3225 2713 3270 et
2736 3217 2948 3271 malitia
2979 3225 3071 3271 tua
3100 3227 3155 3273 te
3184 3219 3655 3289 redarguet.Cum

2071 3311 2217 3364 enim
2259 3310 2422 3365 rebus
2456 3309 2716 3365 secundis
2741 3307 3148 3365 benefactorem
3202 3318 3355 3364 tuum
3405 3327 3512 3365 uou
3562 3326 3658 3367 co-

377 3415 500 3474 1ιτην,
538 3404 638 3458 καὶ
682 3405 790 3460 τῶν
839 3405 1057 3475 ἀγαθῶν
1103 3406 1196 3458 τὸν
1242 3405 1501 3477 χορηγὸν,
1547 3402 1966 3475 τιμωρούμενος

2091 3400 2361 3469 moveris.
2395 3400 2629 3454 alllictus
2660 3399 2842 3469 ipsum
2879 3399 3055 3454 disce.

381 3496 622 3567 μάνθανε
647 3497 765 3570 ίτὺν
790 3498 1204 3570 ἀπαραιτήτους
1232 3498 1363 3567 ὑμῖν
1384 3497 1662 3565 ἐπάγοντα
1692 3494 1791 3558 τὰς
1825 3492 2062 3565 πληγὰς,
2092 3492 2152 3559 ἐξ
2186 3485 2262 3545 ὧν
2294 3492 2439 3563 ὑμᾶς
2467 3491 2642 3555 οὐδεὶς
2696 3490 2968 3563 ἐρρύσατο
3023 3490 3133 3544 τῶν
3160 3549 3166 3555 _
3196 3489 3466 3556 δοξάντων
3527 3492 3658 3563 ὑμῖν

380 3586 522 3645 εἶναι
561 3590 749 3663 θεῶν].

452 3686 657 3743 Verum
698 3702 815 3744 non
856 3687 957 3744 abs
992 3704 1051 3743 re
1084 3697 1137 3743 te
1167 3688 1374 3759 punio,
1408 3687 1465 3742 in
1513 3694 1605 3740 tua
1638 3684 1783 3740 enim
1833 3683 2009 3755 gratia
2054 3681 2106 3735 id
2152 3680 2334 3750 ipsum
2376 3692 2598 3749 quoque
2626 3676 2790 3734 facio.
2822 3676 3083 3734 Occidam
3120 3678 3266 3733 enim
3301 3688 3359 3733 ut
3390 3688 3442 3733 te
3472 3678 3656 3733 vivum

382 3774 645 3844 reddam;
678 3776 1008 3842 vulnerabo,
1040 3785 1100 3832 ut
1127 3777 1366 3832 medear.
1405 3774 1525 3846 Ipse
1554 3775 1702 3829 enim
1735 3773 1980 3828 dolorem
2010 3770 2141 3824 ciet.
2176 3769 2240 3821 Et
2270 3767 2469 3821 iterum
2500 3767 2555 3821 in
2586 3766 2856 3837 integrum
2899 3766 3145 3822 restituit
3183 3766 3269 3820 ubi
3300 3766 3468 3819 anitni
3508 3782 3656 3821 tuor-

383 3861 485 3918 bos
514 3863 753 3919 curavit.
785 3861 1059 3919 Caeterum
1095 3863 1378 3918 medicina:
1403 3869 1619 3930 tempus
1664 3860 1963 3924 invehitur,
1999 3872 2123 3911 cum
2152 3855 2208 3908 in
2240 3854 2442 3909 malum
2490 3868 2713 3907 manum
2766 3868 2922 3908 suam
2974 3853 3289 3909 sustulerit.
3324 3853 3476 3909 More
3509 3853 3655 3907 enim

381 3953 628 4017 humano
654 3950 922 4008 exaltavit
958 3950 1160 4006 Filium
1193 3966 1353 4007 suum
1386 3951 1479 4021 qui
1516 3949 1712 4005 dextra
1748 3947 1868 4017 ejus
1897 3956 1949 4002 et
1978 3955 2062 3999 est
2108 3950 2160 3998 et
2208 3940 2436 4005 dicitur,
2467 3955 2532 3996 eo
2567 3940 2718 4009 quod
2773 3941 3023 4015 ejusdem
3060 3942 3318 3997 essentia:
3371 3941 3533 4011 eique
3561 3956 3656 3997 co-

381 4045 629 4094 aeternus
656 4046 765 4093 est.
798 4039 1148 4110 Quapropter
1176 4053 1277 4108 per
1307 4037 1482 4108 ipsam
1510 4049 1729 4106 quoque
1755 4030 2142 4103 jusjurandum
2182 4027 2331 4083 facit.
2368 4026 2486 4080 Non
2521 4028 2665 4080 enim
2705 4044 2800 4098 per
2826 4029 3090 4097 majorem
3126 4031 3306 4099 potuit
3335 4038 3473 4085 teste
3504 4031 3653 4101 Apo-

385 4126 608 4182 stolo”.
648 4126 722 4182 De
750 4127 940 4182 eadem
977 4126 1147 4180 David
1178 4141 1398 4197 quoque
1424 4123 1559 4179 dicit
1590 4140 1604 4177 :
1642 4140 1660 4174 ι
1689 4120 1891 4176 Dextra
1924 4118 2137 4174 Domini
2182 4117 2354 4171 edidit
2390 4115 2733 4170 virtutem“.
2769 4135 2788 4168 ι
2831 4115 2897 4170 Et
2931 4117 3129 4170 iterum
3159 4130 3170 4167 :
3213 4134 3231 4167 ι
3263 4116 3346 4172 Me
3388 4133 3517 4171 vero
3553 4133 3650 4188 ap-

384 4214 680 4285 prehendit
712 4215 905 4270 dextra
934 4222 1032 4270 tua
1053 4216 1118 4270 ³⁸.
1147 4233 1167 4268 ι
1198 4214 1334 4270 Cum
1368 4228 1475 4284 qua
1511 4212 1566 4266 in
1597 4220 1862 4266 aeternum
1885 4208 2068 4263 vivere
2097 4205 2320 4261 dicitur.
2354 4205 2424 4258 At
2451 4203 2642 4258 dextra
2676 4204 2767 4258 illa
2800 4204 3022 4258 tolletur
3052 4206 3104 4259 in
3144 4207 3402 4274 sublime,
3429 4208 3653 4276 quando

387 4298 513 4360 linis
551 4304 949 4360 vestrarumin
984 4318 1102 4359 eam
1138 4302 1603 4359 contumeliarum
1634 4299 1762 4355 erit.
1797 4297 1874 4351 lta
1904 4296 2050 4352 enim
2093 4291 2408 4362 intelligetis
2454 4291 2602 4361 quod
2652 4306 2774 4346 sese
2809 4291 3134 4348 submiscrit
3168 4291 3360 4358 Filius,
3397 4295 3653 4364 ultroque

298 4433 305 4439 .
384 4403 616 4448 mortem
666 4392 1000 4462 susceperit,
1029 4392 1414 4461 judiciumque
1465 4398 1661 4444 contra
1713 4401 1905 4443 onmes
1958 4380 2253 4452 acceperit.
2297 4396 2316 4429 ι
2347 4377 2550 4444 Quare,
2584 4379 2783 4449 inquit,
2819 4395 3013 4435 manus
3059 4396 3175 4435 mea
3219 4381 3652 4451 rctiuebitjudi-

382 4482 551 4535 cium.
579 4498 598 4533 ι
651 4478 930 4535 Iudicium
988 4480 1135 4534 enim
1190 4479 1332 4534 Filio
1384 4477 1630 4543 tradidit,
1668 4486 1728 4531 ut
1780 4475 1850 4530 ab
1898 4487 1963 4529 eo
2006 4471 2216 4526 dictum
2250 4477 2448 4521 exstat.
2480 4465 2558 4519 Ac
2590 4476 2718 4521 tunc
2752 4482 2885 4521 sane
2918 4467 3220 4522 ulciscendi
3253 4469 3373 4538 ejus
3403 4468 3649 4539 efﬁcacia

382 4568 684 4639 conspicua
732 4568 875 4632 erit,
911 4582 1077 4636 quam
1111 4565 1354 4636 gladium
1390 4571 1589 4629 vocat,
1625 4564 1693 4619 de
1735 4577 1845 4633 quo
1880 4560 2147 4631 prOpheta
2178 4557 2315 4612 dixit
2349 4575 2363 4611 :
2402 4574 2421 4608 ι
2448 4555 2676 4611 Gladius
2714 4556 2929 4610 Domini
2967 4557 3020 4611 in
3053 4558 3193 4612 caelo
3227 4559 3597 4613 incanduit".
3624 4578 3642 4611 ο

382 4653 461 4709 De
491 4672 598 4726 qua
629 4670 777 4710 nunc
812 4654 1100 4724 subiungit
1138 4670 1152 4707 :
1190 4671 1210 4704 ι
1238 4652 1373 4706 Nam
1403 4653 1616 4723 gladius
1647 4664 1801 4706 meus
1835 4647 2120 4704 devorabit
2148 4661 2345 4702 carnes
2366 4684 2381 4709 ,
2413 4653 2467 4701 et
2508 4647 2615 4701 tela
2648 4662 2768 4702 mea
2803 4646 3122 4702 imbuentur
3150 4648 3503 4719 sanguine".
3528 4648 3647 4705 Ca2-

382 4744 494 4797 sari
526 4744 672 4799 enim
705 4754 800 4798 eos
831 4742 1082 4805 tradidit,
1113 4756 1275 4811 quem
1312 4755 1497 4810 regem
1526 4753 1687 4793 suum
1715 4736 2156 4807 designavcrant.
2183 4733 2361 4789 Gladii
2392 4748 2611 4803 quoque
2637 4737 3009 4789 Romanorum
3039 4751 3134 4791 eos
3164 4737 3440 4793 animatas
3463 4740 3652 4808 utique

382 4845 580 4886 carnes
645 4829 1056 4902 deglutierunt,
1126 4844 1191 4883 ac
1250 4828 1480 4899 quosvis
1549 4826 1742 4881 obvios
1812 4827 2275 4894 absumpserunt,
2344 4822 2566 4891 quando
2635 4831 2690 4876 ct
2757 4822 2931 4877 saucii
2978 4832 3032 4877 et
3082 4823 3308 4893 captivii
3338 4824 3466 4878 facti
3498 4834 3649 4879 sunt.

384 4919 463 4973 Ita
492 4919 713 4989 quidem
751 4919 941 4974 sensili
978 4918 1175 4988 partim
1205 4930 1301 4971 eos
1331 4914 1535 4984 objecit
1571 4913 1758 4984 gladio
1779 4952 1793 4976 ,
1825 4912 2023 4981 partim
2053 4924 2185 4963 vero
2217 4908 2492 4977 spirituali
2525 4924 2745 4979 quoque
2766 4951 2781 4975 ,
2825 4910 2918 4980 qui
2950 4924 3085 4965 sane
3114 4911 3344 4966 verbum
3367 4910 3464 4966 Dei
3492 4910 3652 4965 Pauli

382 5013 468 5058 est
498 5003 843 5069 testimonio,
873 5003 965 5074 qui
998 5003 1130 5056 dicit
1158 5019 1170 5055 :
1213 5020 1230 5051 ι
1263 4999 1329 5053 Et
1358 4998 1540 5070 gladio
1575 4997 1802 5067 spiritus
1823 4995 1889 5049 ³⁸.
1922 5014 1940 5045 ι
1972 4994 2150 5064 Caput
2174 4996 2440 5064 gentium,
2468 4997 2570 5050 hoc
2602 5003 2705 5061 est,
2738 4996 3034 5063 Satanam;
3074 5005 3268 5068 gentes
3295 4998 3440 5051 enim
3471 4997 3654 5067 impiae

383 5091 557 5160 copiae
586 5091 691 5161 ipsi
727 5090 959 5158 subjecti
986 5096 1135 5144 sunt.
1169 5087 1260 5141 Ait
1284 5087 1435 5141 enim
1482 5082 1653 5139 Isaias
1687 5101 1698 5137 :
1742 5094 1760 5134 t
1793 5080 1850 5135 In
1888 5082 2191 5137 novissimo
2217 5083 2305 5137 die
2336 5083 2572 5138 adducet
2619 5082 2883 5140 Dominus
2928 5084 3170 5154 gladium
3221 5093 3497 5148 sanctum,
3530 5100 3650 5137 ma-

383 5194 549 5248 gnum
581 5188 637 5233 et
687 5179 973 5234 robustum
1020 5184 1215 5231 contra
1259 5174 1557 5229 draconem
1606 5179 1917 5239 serpentem
1964 5171 2264 5241 malignum
2281 5170 2346 5225 ”.
2379 5188 2397 5221 ι
2436 5171 2629 5225 Vivum
2659 5171 2802 5224 enim
2846 5170 2940 5226 Dei
2975 5172 3201 5225 verbum
3245 5173 3445 5238 quovis
3471 5170 3652 5240 gladio
3720 5206 3726 5212 ι

384 5269 623 5339 ancipite
644 5277 738 5337 est
762 5269 982 5324 acutius
1002 5268 1069 5323 ⁸ο.
1108 5266 1230 5337 ipse
1265 5266 1433 5338 igitur
1463 5278 1590 5318 cum
1627 5261 1870 5316 venisset
1905 5260 1961 5314 in
1995 5269 2196 5314 terram
2221 5259 2409 5327 cepias
2443 5257 2753 5312 invisibiles
2775 5256 3088 5324 debellavit,
3117 5257 3570 5326 triumphumque
3593 5258 3649 5311 iu

383 5372 548 5413 cruce
577 5359 645 5413 ab
673 5360 755 5414 eis
786 5356 1127 5429 reportavit,
1167 5356 1590 5423 libertatemque
1620 5348 1991 5418 recuperavit.
2026 5346 2199 5401 Porro
2235 5346 2323 5400 hic
2351 5345 2569 5417 gladius
2598 5355 2786 5402 nostra
2819 5360 3040 5415 quoque
3062 5344 3310 5398 carnalia
3346 5345 3650 5414 amputavit
3706 5399 3712 5417 ν

1171 5510 1214 5543 ³¹
1256 5508 1456 5566 Jerem.
1495 5524 1573 5573 XI,
1622 5507 1708 5571 11,
1750 5505 1837 5559 12.
1914 5503 1961 5535 ³³
2002 5502 2167 5558 Hebr.
2217 5519 2292 5565 vi,
2353 5503 2440 5556 15.
2522 5503 2567 5573 δὲ
2605 5501 3073 5573 Psal.cxvtt,_16.
3153 5500 3199 5532 ³⁵
3240 5498 3383 5557 Psal.
3423 5516 3555 5569 Lxu,
3589 5512 3647 5565 9.

1343 5580 1386 5613 ³⁸
1430 5571 1628 5649 Ephcs.
1667 5593 1741 5642 Vl,
1779 5577 1864 5631 Π.
1941 5576 1985 5606 ³³
2029 5573 2133 5628 lsa.
2210 5589 2380 5637 xxvtt,
2414 5573 2462 5625 1.
2539 5572 2584 5602 ⁴⁰
2627 5571 2791 5625 Hrhr.
2831 5588 2904 5637 tv,
2936 5571 3021 5624 12.

1896 5684 2129 5742 NOTAE.

2144 5778 2254 5848 (19)
2298 5776 2763 5847 Προσέφερεν.“ῐίν
2788 5773 2863 5843 τῷ
2901 5776 3088 5844 εἰρημ.
3127 5775 3255 5845 τὸμ.

451 5514 493 5546 ³¹
535 5513 695 5568 Deut.
751 5512 940 5579 xxxn,‘
971 5510 1061 5566 37.

394 5576 437 5608 "
468 5583 569 5641 lsa.
603 5599 791 5648 χχχιι,
822 5583 875 5637 5.
910 5576 918 5579 ⁷
956 5582 997 5613 ³⁷
1040 5581 1174 5636 ibitl.
1213 5581 1264 5635 ϐ.

450 5787 563 5860 (18)
601 5787 827 5860 Θεωρεῖ.
857 5786 988 5841 Αὐτ.
