  <div class='ocr_page' id='page_1' title='image "/cluster/home/n/w/nwhite01/storage/ocr_20150623/87 pt.1/mdp.39015032856539/517.png"; bbox 0 0 4018 6230; ppageno 0'>
   <div class='ocr_carea' id='block_1_1' title="bbox 425 321 2012 396">
    <p class='ocr_par' dir='ltr' id='par_1_1' title="bbox 425 321 2012 385">
     <span class='ocr_line' id='line_1_1' title="bbox 425 321 2012 385; baseline 0 -3"><span class='ocrx_word' id='word_1_1' title='bbox 425 321 551 385; x_wconf 61' lang='lat'><strong>~97!)</strong></span> <span class='ocrx_word' id='word_1_2' title='bbox 793 377 800 384; x_wconf 82' lang='lat'><strong>.</strong></span> <span class='ocrx_word' id='word_1_3' title='bbox 1721 369 1729 376; x_wconf 94' lang='lat'><strong>.</strong></span> <span class='ocrx_word' id='word_1_4' title='bbox 1757 323 2012 382; x_wconf 69' lang='lat' dir='ltr'><strong>PROCOJ</strong></span> 
     </span>
    </p>
   </div>
   <div class='ocr_carea' id='block_1_2' title="bbox 2076 321 3663 396">
    <p class='ocr_par' dir='ltr' id='par_1_2' title="bbox 2092 325 3663 396">
     <span class='ocr_line' id='line_1_2' title="bbox 2092 325 3663 396; baseline 0.008 -14"><span class='ocrx_word' id='word_1_5' title='bbox 2092 327 2109 382; x_wconf 83' lang='lat' dir='ltr'><strong>l.</strong></span> <span class='ocrx_word' id='word_1_6' title='bbox 2151 325 2396 384; x_wconf 65' lang='lat' dir='ltr'><strong>GAZZEI</strong></span> <span class='ocrx_word' id='word_1_7' title='bbox 3574 330 3663 396; x_wconf 76' lang='lat'><strong>976</strong></span> 
     </span>
    </p>
   </div>
   <div class='ocr_carea' id='block_1_3' title="bbox 3918 320 3936 368">
    <p class='ocr_par' dir='ltr' id='par_1_3' title="bbox 3918 320 3936 368">
     <span class='ocr_line' id='line_1_3' title="bbox 3918 320 3936 368; baseline 0 0"><span class='ocrx_word' id='word_1_8' title='bbox 3918 320 3936 368; x_wconf 61' lang='grc' dir='ltr'><strong><em>ἕ</em></strong></span> 
     </span>
    </p>
   </div>
   <div class='ocr_carea' id='block_1_4' title="bbox 444 429 3665 507">
    <p class='ocr_par' dir='ltr' id='par_1_4' title="bbox 444 429 3665 507">
     <span class='ocr_line' id='line_1_4' title="bbox 444 429 3665 507; baseline 0.001 -20"><span class='ocrx_word' id='word_1_9' title='bbox 444 447 634 504; x_wconf 82' lang='lat' dir='ltr'><strong>opera,</strong></span> <span class='ocrx_word' id='word_1_10' title='bbox 662 431 819 502; x_wconf 76' lang='lat' dir='ltr'><strong>juxta</strong></span> <span class='ocrx_word' id='word_1_11' title='bbox 872 431 1002 486; x_wconf 76' lang='lat' dir='ltr'><strong>illud</strong></span> <span class='ocrx_word' id='word_1_12' title='bbox 1043 449 1055 485; x_wconf 88' lang='lat'>:</span> <span class='ocrx_word' id='word_1_13' title='bbox 1097 450 1112 481; x_wconf 74' lang='grc' dir='ltr'>ι</span> <span class='ocrx_word' id='word_1_14' title='bbox 1143 429 1262 485; x_wconf 83' lang='lat' dir='ltr'><strong>Non</strong></span> <span class='ocrx_word' id='word_1_15' title='bbox 1312 438 1526 484; x_wconf 76' lang='lat' dir='ltr'><strong>maneat</strong></span> <span class='ocrx_word' id='word_1_16' title='bbox 1569 429 1798 500; x_wconf 73' lang='lat' dir='ltr'><strong>spiritus</strong></span> <span class='ocrx_word' id='word_1_17' title='bbox 1847 445 2000 485; x_wconf 89' lang='lat' dir='ltr'><strong>meus</strong></span> <span class='ocrx_word' id='word_1_18' title='bbox 2044 433 2096 484; x_wconf 87' lang='lat' dir='ltr'><strong>in</strong></span> <span class='ocrx_word' id='word_1_19' title='bbox 2137 435 2239 502; x_wconf 82' lang='lat' dir='ltr'><strong>eis,</strong></span> <span class='ocrx_word' id='word_1_20' title='bbox 2274 449 2338 489; x_wconf 86' lang='lat' dir='ltr'><strong>eo</strong></span> <span class='ocrx_word' id='word_1_21' title='bbox 2383 433 2526 503; x_wconf 86' lang='lat' dir='ltr'><strong>quod</strong></span> <span class='ocrx_word' id='word_1_22' title='bbox 2563 433 2667 504; x_wconf 82' lang='lat' dir='ltr'><strong>ipsi</strong></span> <span class='ocrx_word' id='word_1_23' title='bbox 2699 433 2809 491; x_wconf 89' lang='lat' dir='ltr'><strong>sint</strong></span> <span class='ocrx_word' id='word_1_24' title='bbox 2856 437 3136 503; x_wconf 79' lang='lat' dir='ltr'><strong>carnes&quot;,</strong></span> <span class='ocrx_word' id='word_1_25' title='bbox 3175 454 3193 488; x_wconf 76' lang='grc' dir='ltr'><strong><em>ι</em></strong></span> <span class='ocrx_word' id='word_1_26' title='bbox 3233 437 3665 507; x_wconf 78' lang='lat' dir='ltr'><strong>quemadmodum</strong></span> 
     </span>
    </p>
   </div>
   <div class='ocr_carea' id='block_1_5' title="bbox 443 520 1018 575">
    <p class='ocr_par' dir='ltr' id='par_1_5' title="bbox 443 520 1018 575">
     <span class='ocr_line' id='line_1_5' title="bbox 443 520 1018 575; baseline -0.002 0"><span class='ocrx_word' id='word_1_27' title='bbox 443 535 591 574; x_wconf 90' lang='lat' dir='ltr'><strong>nunc</strong></span> <span class='ocrx_word' id='word_1_28' title='bbox 617 529 703 575; x_wconf 88' lang='lat' dir='ltr'><strong>est</strong></span> <span class='ocrx_word' id='word_1_29' title='bbox 732 520 962 574; x_wconf 85' lang='lat' dir='ltr'><strong>dictum.</strong></span> <span class='ocrx_word' id='word_1_30' title='bbox 1010 555 1018 562; x_wconf 93' lang='lat'><strong><em>-</em></strong></span> 
     </span>
    </p>
   </div>
   <div class='ocr_carea' id='block_1_6' title="bbox 509 602 3668 680">
    <p class='ocr_par' dir='ltr' id='par_1_6' title="bbox 509 602 3668 680">
     <span class='ocr_line' id='line_1_6' title="bbox 509 602 3668 680; baseline 0.002 -20"><span class='ocrx_word' id='word_1_31' title='bbox 509 605 970 674; x_wconf 70' lang='lat' dir='ltr'><strong>Lwtamini,cwli,</strong></span> <span class='ocrx_word' id='word_1_32' title='bbox 1003 604 1273 672; x_wconf 83' lang='lat' dir='ltr'><strong>eumipsa.</strong></span> <span class='ocrx_word' id='word_1_33' title='bbox 1297 602 1667 676; x_wconf 50' lang='lat' dir='ltr'><strong>[XXXILL’L]</strong></span> <span class='ocrx_word' id='word_1_34' title='bbox 1691 604 1748 660; x_wconf 94' lang='lat' dir='ltr'><strong>Si</strong></span> <span class='ocrx_word' id='word_1_35' title='bbox 1779 607 1924 660; x_wconf 90' lang='lat' dir='ltr'><strong>enim</strong></span> <span class='ocrx_word' id='word_1_36' title='bbox 1956 613 2180 676; x_wconf 79' lang='lat' dir='ltr'><strong>propter</strong></span> <span class='ocrx_word' id='word_1_37' title='bbox 2208 621 2376 660; x_wconf 90' lang='lat' dir='ltr'><strong>unum</strong></span> <span class='ocrx_word' id='word_1_38' title='bbox 2397 616 2744 677; x_wconf 89' lang='lat' dir='ltr'><strong>peccatorem</strong></span> <span class='ocrx_word' id='word_1_39' title='bbox 2776 609 2872 678; x_wconf 86' lang='lat' dir='ltr'><strong>qui</strong></span> <span class='ocrx_word' id='word_1_40' title='bbox 2903 616 3156 666; x_wconf 85' lang='lat' dir='ltr'><strong>servatur</strong></span> <span class='ocrx_word' id='word_1_41' title='bbox 3184 609 3435 680; x_wconf 77' lang='lat' dir='ltr'><strong>gaudium</strong></span> <span class='ocrx_word' id='word_1_42' title='bbox 3461 609 3512 664; x_wconf 92' lang='lat' dir='ltr'><strong>in</strong></span> <span class='ocrx_word' id='word_1_43' title='bbox 3544 613 3668 668; x_wconf 62' lang='lat' dir='ltr'><strong>cutio</strong></span> 
     </span>
    </p>
   </div>
   <div class='ocr_carea' id='block_1_7' title="bbox 443 691 3670 768">
    <p class='ocr_par' dir='ltr' id='par_1_7' title="bbox 443 691 3670 768">
     <span class='ocr_line' id='line_1_7' title="bbox 443 691 3670 768; baseline 0 -17"><span class='ocrx_word' id='word_1_44' title='bbox 443 695 701 759; x_wconf 76' lang='lat' dir='ltr'><strong>oritur&quot;,</strong></span> <span class='ocrx_word' id='word_1_45' title='bbox 740 701 945 764; x_wconf 91' lang='lat' dir='ltr'><strong>quanto</strong></span> <span class='ocrx_word' id='word_1_46' title='bbox 975 691 1151 762; x_wconf 77' lang='lat' dir='ltr'><strong>magis</strong></span> <span class='ocrx_word' id='word_1_47' title='bbox 1181 691 1252 746; x_wconf 92' lang='lat' dir='ltr'><strong>ob</strong></span> <span class='ocrx_word' id='word_1_48' title='bbox 1285 692 1516 746; x_wconf 91' lang='lat' dir='ltr'><strong>salutem</strong></span> <span class='ocrx_word' id='word_1_49' title='bbox 1551 693 2304 761; x_wconf 84' lang='lat' dir='ltr'><strong>publicam,diabolisublata</strong></span> <span class='ocrx_word' id='word_1_50' title='bbox 2343 695 2654 764; x_wconf 83' lang='lat' dir='ltr'><strong>tyrannide.</strong></span> <span class='ocrx_word' id='word_1_51' title='bbox 2683 695 2790 751; x_wconf 86' lang='lat' dir='ltr'><strong>Pro</strong></span> <span class='ocrx_word' id='word_1_52' title='bbox 2809 697 3012 766; x_wconf 88' lang='lat' dir='ltr'><strong>quibus</strong></span> <span class='ocrx_word' id='word_1_53' title='bbox 3049 712 3158 751; x_wconf 89' lang='lat' dir='ltr'><strong>una</strong></span> <span class='ocrx_word' id='word_1_54' title='bbox 3180 712 3302 751; x_wconf 82' lang='lat' dir='ltr'><strong>curn</strong></span> <span class='ocrx_word' id='word_1_55' title='bbox 3333 699 3530 766; x_wconf 77' lang='lat' dir='ltr'><strong>angelis</strong></span> <span class='ocrx_word' id='word_1_56' title='bbox 3554 714 3670 768; x_wconf 58' lang='lat' dir='ltr'><strong>sup.</strong></span> 
     </span>
    </p>
   </div>
   <div class='ocr_carea' id='block_1_8' title="bbox 440 777 3671 855">
    <p class='ocr_par' dir='ltr' id='par_1_8' title="bbox 440 777 3671 855">
     <span class='ocr_line' id='line_1_8' title="bbox 440 777 3671 855; baseline 0.001 -17"><span class='ocrx_word' id='word_1_57' title='bbox 440 784 712 853; x_wconf 81' lang='lat' dir='ltr'><strong>plicantur</strong></span> <span class='ocrx_word' id='word_1_58' title='bbox 745 787 1015 852; x_wconf 84' lang='lat' dir='ltr'><strong>quotquot</strong></span> <span class='ocrx_word' id='word_1_59' title='bbox 1065 777 1120 834; x_wconf 84' lang='lat' dir='ltr'><strong>in</strong></span> <span class='ocrx_word' id='word_1_60' title='bbox 1167 779 1308 834; x_wconf 81' lang='lat' dir='ltr'><strong>filios</strong></span> <span class='ocrx_word' id='word_1_61' title='bbox 1345 779 1438 835; x_wconf 88' lang='lat' dir='ltr'><strong>Dei</strong></span> <span class='ocrx_word' id='word_1_62' title='bbox 1492 791 1623 836; x_wconf 89' lang='lat' dir='ltr'><strong>sunt</strong></span> <span class='ocrx_word' id='word_1_63' title='bbox 1677 783 1856 847; x_wconf 84' lang='lat' dir='ltr'><strong>relati,</strong></span> <span class='ocrx_word' id='word_1_64' title='bbox 1885 791 1940 836; x_wconf 92' lang='lat' dir='ltr'><strong>et</strong></span> <span class='ocrx_word' id='word_1_65' title='bbox 1989 797 2112 836; x_wconf 89' lang='lat' dir='ltr'><strong>cum</strong></span> <span class='ocrx_word' id='word_1_66' title='bbox 2168 782 2388 836; x_wconf 83' lang='lat' dir='ltr'><strong>civitate</strong></span> <span class='ocrx_word' id='word_1_67' title='bbox 2419 781 2632 836; x_wconf 74' lang='lat' dir='ltr'><strong>caelesti</strong></span> <span class='ocrx_word' id='word_1_68' title='bbox 2678 783 3038 853; x_wconf 84' lang='lat' dir='ltr'><strong>participant.</strong></span> <span class='ocrx_word' id='word_1_69' title='bbox 3073 785 3304 854; x_wconf 79' lang='lat' dir='ltr'><strong>Insuper</strong></span> <span class='ocrx_word' id='word_1_70' title='bbox 3338 783 3440 837; x_wconf 84' lang='lat' dir='ltr'><strong>alia</strong></span> <span class='ocrx_word' id='word_1_71' title='bbox 3471 800 3671 855; x_wconf 90' lang='lat' dir='ltr'><strong>quoque</strong></span> 
     </span>
    </p>
   </div>
   <div class='ocr_carea' id='block_1_9' title="bbox 442 836 3927 1003">
    <p class='ocr_par' dir='ltr' id='par_1_9' title="bbox 442 836 3927 1003">
     <span class='ocr_line' id='line_1_9' title="bbox 442 836 3927 1003; baseline 0 -75"><span class='ocrx_word' id='word_1_72' title='bbox 442 873 746 944; x_wconf 86' lang='lat' dir='ltr'><strong>Scriptura,</strong></span> <span class='ocrx_word' id='word_1_73' title='bbox 779 890 798 924; x_wconf 75' lang='lat' dir='ltr'><strong>t</strong></span> <span class='ocrx_word' id='word_1_74' title='bbox 830 868 1035 926; x_wconf 87' lang='lat' dir='ltr'><strong>Omnes</strong></span> <span class='ocrx_word' id='word_1_75' title='bbox 1067 869 1243 939; x_wconf 82' lang='lat' dir='ltr'><strong>angeli</strong></span> <span class='ocrx_word' id='word_1_76' title='bbox 1291 868 1407 933; x_wconf 90' lang='lat' dir='ltr'><strong>Dei,</strong></span> <span class='ocrx_word' id='word_1_77' title='bbox 1437 889 1455 921; x_wconf 68' lang='grc' dir='ltr'><em>υ</em></span> <span class='ocrx_word' id='word_1_78' title='bbox 1492 871 1674 924; x_wconf 85' lang='lat' dir='ltr'><strong>habet.</strong></span> <span class='ocrx_word' id='word_1_79' title='bbox 1707 871 2175 938; x_wconf 82' lang='lat' dir='ltr'><strong>Quemadmodum</strong></span> <span class='ocrx_word' id='word_1_80' title='bbox 2235 871 2438 925; x_wconf 87' lang='lat' dir='ltr'><strong>Paulus</strong></span> <span class='ocrx_word' id='word_1_81' title='bbox 2491 871 2544 925; x_wconf 94' lang='lat' dir='ltr'><strong>id</strong></span> <span class='ocrx_word' id='word_1_82' title='bbox 2597 887 2816 943; x_wconf 85' lang='lat' dir='ltr'><strong>quoque</strong></span> <span class='ocrx_word' id='word_1_83' title='bbox 2867 873 3114 939; x_wconf 83' lang='lat' dir='ltr'><strong>addidit,</strong></span> <span class='ocrx_word' id='word_1_84' title='bbox 3141 874 3334 928; x_wconf 90' lang='lat' dir='ltr'><strong>dicens</strong></span> <span class='ocrx_word' id='word_1_85' title='bbox 3365 889 3380 926; x_wconf 89' lang='lat'><strong>:</strong></span> <span class='ocrx_word' id='word_1_86' title='bbox 3413 891 3430 922; x_wconf 71' lang='grc' dir='ltr'>ι</span> <span class='ocrx_word' id='word_1_87' title='bbox 3460 872 3672 938; x_wconf 83' lang='lat' dir='ltr'><strong>Quando</strong></span> <span class='ocrx_word' id='word_1_88' title='bbox 3919 836 3927 1003; x_wconf 65' lang='lat'><em>‘</em></span> 
     </span>
     <span class='ocr_line' id='line_1_10' title="bbox 442 951 3672 1003; baseline 0 0"><span class='ocrx_word' id='word_1_89' title='bbox 442 973 566 1003; x_wconf 66' lang='lat' dir='ltr'><strong>vero</strong></span> <span class='ocrx_word' id='word_1_90' title='bbox 600 957 966 1003; x_wconf 69' lang='lat' dir='ltr'><strong>introduxerit.</strong></span> <span class='ocrx_word' id='word_1_91' title='bbox 997 955 1427 1003; x_wconf 68' lang='lat' dir='ltr'><strong>nrimogenitttm</strong></span> <span class='ocrx_word' id='word_1_92' title='bbox 1463 956 1516 1003; x_wconf 92' lang='lat' dir='ltr'><strong>in</strong></span> <span class='ocrx_word' id='word_1_93' title='bbox 1551 967 1823 1003; x_wconf 61' lang='lat' dir='ltr'><strong>terrarum</strong></span> <span class='ocrx_word' id='word_1_94' title='bbox 1852 959 2041 1003; x_wconf 68' lang='lat' dir='ltr'><strong>nrhem</strong></span> <span class='ocrx_word' id='word_1_95' title='bbox 2087 958 2222 1003; x_wconf 71' lang='grc' dir='ltr'><strong>Λίρίι</strong></span> <span class='ocrx_word' id='word_1_96' title='bbox 2251 977 2264 1003; x_wconf 73' lang='lat'><strong><em>2</em></strong></span> <span class='ocrx_word' id='word_1_97' title='bbox 2294 957 2358 1003; x_wconf 68' lang='grc' dir='ltr'><strong>ἰεῖι</strong></span> <span class='ocrx_word' id='word_1_98' title='bbox 2390 959 2621 1003; x_wconf 63' lang='lat' dir='ltr'><strong>adorent</strong></span> <span class='ocrx_word' id='word_1_99' title='bbox 2653 975 2777 1003; x_wconf 63' lang='lat' dir='ltr'><strong>eum</strong></span> <span class='ocrx_word' id='word_1_100' title='bbox 2807 951 2998 1003; x_wconf 68' lang='lat' dir='ltr'><strong>nihilne</strong></span> <span class='ocrx_word' id='word_1_101' title='bbox 3047 962 3222 1003; x_wconf 72' lang='lat' dir='ltr'><strong>ntiopli</strong></span> <span class='ocrx_word' id='word_1_102' title='bbox 3253 956 3344 1003; x_wconf 67' lang='grc' dir='ltr'><strong>ἶ)ρὶ</strong></span> <span class='ocrx_word' id='word_1_103' title='bbox 3364 961 3430 1003; x_wconf 67' lang='grc'><strong>⁸⁸-</strong></span> <span class='ocrx_word' id='word_1_104' title='bbox 3466 959 3672 1003; x_wconf 68' lang='lat' dir='ltr'><strong>Snmnpr</strong></span> 
     </span>
    </p>
   </div>
   <div class='ocr_carea' id='block_1_10' title="bbox 436 951 3672 1032">
    <p class='ocr_par' dir='ltr' id='par_1_10' title="bbox 436 951 3672 1032">
     <span class='ocr_line' id='line_1_11' title="bbox 436 951 3672 1032; baseline 0.001 -21"><span class='ocrx_word' id='word_1_105' title='bbox 436 973 566 1014; x_wconf 79' lang='lat' dir='ltr'><strong>vero</strong></span> <span class='ocrx_word' id='word_1_106' title='bbox 599 957 966 1013; x_wconf 81' lang='lat' dir='ltr'><strong>introduxerit</strong></span> <span class='ocrx_word' id='word_1_107' title='bbox 997 955 1427 1028; x_wconf 82' lang='lat' dir='ltr'><strong>primOgenitum</strong></span> <span class='ocrx_word' id='word_1_108' title='bbox 1463 956 1516 1009; x_wconf 91' lang='lat' dir='ltr'><strong>in</strong></span> <span class='ocrx_word' id='word_1_109' title='bbox 1551 967 1824 1010; x_wconf 84' lang='lat' dir='ltr'><strong>terrarum</strong></span> <span class='ocrx_word' id='word_1_110' title='bbox 1852 959 2042 1012; x_wconf 87' lang='lat' dir='ltr'><strong>orbem</strong></span> <span class='ocrx_word' id='word_1_111' title='bbox 2087 958 2222 1013; x_wconf 88' lang='lat' dir='ltr'><strong>dicit</strong></span> <span class='ocrx_word' id='word_1_112' title='bbox 2251 977 2264 1012; x_wconf 89' lang='lat'><strong>:</strong></span> <span class='ocrx_word' id='word_1_113' title='bbox 2294 957 2358 1013; x_wconf 86' lang='lat' dir='ltr'><strong>Et</strong></span> <span class='ocrx_word' id='word_1_114' title='bbox 2390 959 2622 1014; x_wconf 84' lang='lat' dir='ltr'><strong>adorent</strong></span> <span class='ocrx_word' id='word_1_115' title='bbox 2653 975 2777 1015; x_wconf 89' lang='lat' dir='ltr'><strong>eum</strong></span> <span class='ocrx_word' id='word_1_116' title='bbox 2807 951 2998 1017; x_wconf 87' lang='lat' dir='ltr'><strong>omnes</strong></span> <span class='ocrx_word' id='word_1_117' title='bbox 3047 962 3224 1032; x_wconf 79' lang='lat' dir='ltr'><strong>angeli</strong></span> <span class='ocrx_word' id='word_1_118' title='bbox 3251 956 3345 1015; x_wconf 86' lang='lat' dir='ltr'><strong>Dei</strong></span> <span class='ocrx_word' id='word_1_119' title='bbox 3364 961 3431 1012; x_wconf 72' lang='grc'><strong>⁸⁸.</strong></span> <span class='ocrx_word' id='word_1_120' title='bbox 3466 959 3672 1029; x_wconf 84' lang='lat' dir='ltr'><strong>Semper</strong></span> 
     </span>
    </p>
   </div>
   <div class='ocr_carea' id='block_1_11' title="bbox 433 1033 3925 1208">
    <p class='ocr_par' dir='ltr' id='par_1_11' title="bbox 433 1033 3925 1208">
     <span class='ocr_line' id='line_1_12' title="bbox 433 1033 3925 1208; baseline 0.001 -109"><span class='ocrx_word' id='word_1_121' title='bbox 433 1045 655 1116; x_wconf 83' lang='lat' dir='ltr'><strong>quidem</strong></span> <span class='ocrx_word' id='word_1_122' title='bbox 704 1053 962 1116; x_wconf 82' lang='lat' dir='ltr'><strong>tanqdam</strong></span> <span class='ocrx_word' id='word_1_123' title='bbox 996 1033 1172 1098; x_wconf 48' lang='lat' dir='ltr'><strong>&#39;Deum</strong></span> <span class='ocrx_word' id='word_1_124' title='bbox 1213 1040 1266 1098; x_wconf 83' lang='lat' dir='ltr'><strong>et</strong></span> <span class='ocrx_word' id='word_1_125' title='bbox 1311 1044 1662 1098; x_wconf 77' lang='lat' dir='ltr'><strong>conditorem.</strong></span> <span class='ocrx_word' id='word_1_126' title='bbox 1690 1057 1849 1100; x_wconf 89' lang='lat' dir='ltr'><strong>suum</strong></span> <span class='ocrx_word' id='word_1_127' title='bbox 1895 1046 2162 1111; x_wconf 88' lang='lat' dir='ltr'><strong>adorant,</strong></span> <span class='ocrx_word' id='word_1_128' title='bbox 2211 1055 2343 1101; x_wconf 90' lang='lat' dir='ltr'><strong>tunc</strong></span> <span class='ocrx_word' id='word_1_129' title='bbox 2375 1057 2514 1102; x_wconf 71' lang='lat' dir='ltr'><strong>Vero</strong></span> <span class='ocrx_word' id='word_1_130' title='bbox 2563 1047 2751 1104; x_wconf 90' lang='lat' dir='ltr'><strong>laudes</strong></span> <span class='ocrx_word' id='word_1_131' title='bbox 2801 1063 2904 1120; x_wconf 85' lang='lat' dir='ltr'><strong>pro</strong></span> <span class='ocrx_word' id='word_1_132' title='bbox 2948 1049 3293 1102; x_wconf 86' lang='lat' dir='ltr'><strong>humanitate</strong></span> <span class='ocrx_word' id='word_1_133' title='bbox 3333 1046 3500 1116; x_wconf 88' lang='lat' dir='ltr'><strong>ipsius</strong></span> <span class='ocrx_word' id='word_1_134' title='bbox 3538 1045 3672 1101; x_wconf 82' lang='lat' dir='ltr'><strong>defc-</strong></span> <span class='ocrx_word' id='word_1_135' title='bbox 3915 1043 3925 1208; x_wconf 68' lang='grc'><strong>1</strong></span> 
     </span>
     <span class='ocr_line' id='line_1_13' title="bbox 438 1140 590 1188; baseline 0.007 -2"><span class='ocrx_word' id='word_1_136' title='bbox 438 1140 590 1188; x_wconf 88' lang='lat' dir='ltr'><strong>runt.</strong></span> 
     </span>
    </p>
   </div>
   <div class='ocr_carea' id='block_1_12' title="bbox 438 1140 590 1188">
    <p class='ocr_par' dir='ltr' id='par_1_12' title="bbox 438 1140 590 1188">
     <span class='ocr_line' id='line_1_14' title="bbox 438 1140 590 1188; baseline 0.007 -2"><span class='ocrx_word' id='word_1_137' title='bbox 438 1140 590 1188; x_wconf 88' lang='lat' dir='ltr'><strong>runt.</strong></span> 
     </span>
    </p>
   </div>
   <div class='ocr_carea' id='block_1_13' title="bbox 501 1215 2088 1326">
    <p class='ocr_par' dir='ltr' id='par_1_13' title="bbox 501 1215 2084 1314">
     <span class='ocr_line' id='line_1_15' title="bbox 501 1215 2084 1314; baseline 0.001 -20"><span class='ocrx_word' id='word_1_138' title='bbox 501 1239 810 1308; x_wconf 73' lang='lat' dir='ltr'><strong>Lwtamini,</strong></span> <span class='ocrx_word' id='word_1_139' title='bbox 832 1249 1029 1314; x_wconf 81' lang='lat' dir='ltr'><strong>gentes,</strong></span> <span class='ocrx_word' id='word_1_140' title='bbox 1051 1215 1170 1296; x_wconf 54' lang='lat' dir='ltr'><strong>c&#39;um</strong></span> <span class='ocrx_word' id='word_1_141' title='bbox 1202 1243 1395 1312; x_wconf 80' lang='lat' dir='ltr'><strong>populo</strong></span> <span class='ocrx_word' id='word_1_142' title='bbox 1421 1241 1559 1311; x_wconf 82' lang='lat' dir='ltr'><strong>ejus.</strong></span> <span class='ocrx_word' id='word_1_143' title='bbox 1602 1239 1844 1297; x_wconf 86' lang='lat' dir='ltr'><strong>Tametsi</strong></span> <span class='ocrx_word' id='word_1_144' title='bbox 1879 1256 2007 1312; x_wconf 59' lang='lat' dir='ltr'><strong>prce</strong></span> <span class='ocrx_word' id='word_1_145' title='bbox 2038 1248 2084 1306; x_wconf 78' lang='grc' dir='ltr'>Α</span> 
     </span>
    </p>
   </div>
   <div class='ocr_carea' id='block_1_14' title="bbox 2125 1215 3712 1326">
    <p class='ocr_par' dir='ltr' id='par_1_14' title="bbox 2183 1247 3712 1326">
     <span class='ocr_line' id='line_1_16' title="bbox 2183 1247 3712 1326; baseline 0.001 -27"><span class='ocrx_word' id='word_1_146' title='bbox 2183 1247 2590 1315; x_wconf 73' lang='grc' dir='ltr'><strong>Εὐφράνθητε,</strong></span> <span class='ocrx_word' id='word_1_147' title='bbox 2619 1249 2784 1315; x_wconf 70' lang='grc' dir='ltr'><strong>ἔθνη,</strong></span> <span class='ocrx_word' id='word_1_148' title='bbox 2800 1247 2949 1317; x_wconf 80' lang='grc' dir='ltr'>μετὰ</span> <span class='ocrx_word' id='word_1_149' title='bbox 2973 1247 3080 1302; x_wconf 83' lang='grc' dir='ltr'>τοῦ</span> <span class='ocrx_word' id='word_1_150' title='bbox 3110 1247 3264 1302; x_wconf 73' lang='grc' dir='ltr'>λαοῦ</span> <span class='ocrx_word' id='word_1_151' title='bbox 3282 1249 3560 1304; x_wconf 52' lang='lat' dir='ltr'><strong>anteibit</strong></span> <span class='ocrx_word' id='word_1_152' title='bbox 3581 1248 3676 1318; x_wconf 82' lang='grc' dir='ltr'>γὰρ</span> <span class='ocrx_word' id='word_1_153' title='bbox 3708 1311 3712 1326; x_wconf 36' lang='grc' dir='ltr'>ί</span> 
     </span>
    </p>
   </div>
   <div class='ocr_carea' id='block_1_15' title="bbox 432 1333 2019 1410">
    <p class='ocr_par' dir='ltr' id='par_1_15' title="bbox 432 1333 2004 1405">
     <span class='ocr_line' id='line_1_17' title="bbox 432 1333 2004 1405; baseline -0.003 -15"><span class='ocrx_word' id='word_1_154' title='bbox 432 1341 554 1404; x_wconf 88' lang='lat' dir='ltr'><strong>pter</strong></span> <span class='ocrx_word' id='word_1_155' title='bbox 579 1350 710 1390; x_wconf 89' lang='lat' dir='ltr'><strong>oves</strong></span> <span class='ocrx_word' id='word_1_156' title='bbox 728 1335 982 1405; x_wconf 83' lang='lat' dir='ltr'><strong>perditas</strong></span> <span class='ocrx_word' id='word_1_157' title='bbox 999 1334 1196 1391; x_wconf 91' lang='lat' dir='ltr'><strong>domus</strong></span> <span class='ocrx_word' id='word_1_158' title='bbox 1220 1334 1384 1389; x_wconf 88' lang='lat' dir='ltr'><strong>Israel</strong></span> <span class='ocrx_word' id='word_1_159' title='bbox 1410 1349 1468 1388; x_wconf 91' lang='lat' dir='ltr'><strong>se</strong></span> <span class='ocrx_word' id='word_1_160' title='bbox 1488 1333 1780 1388; x_wconf 84' lang='lat' dir='ltr'><strong>advenisse</strong></span> <span class='ocrx_word' id='word_1_161' title='bbox 1805 1333 1941 1388; x_wconf 86' lang='lat' dir='ltr'><strong>dicit</strong></span> <span class='ocrx_word' id='word_1_162' title='bbox 1959 1335 2004 1366; x_wconf 69' lang='lat'><em>“</em></span> 
     </span>
    </p>
   </div>
   <div class='ocr_carea' id='block_1_16' title="bbox 2123 1333 3710 1410">
    <p class='ocr_par' dir='ltr' id='par_1_16' title="bbox 2123 1333 3710 1410">
     <span class='ocr_line' id='line_1_18' title="bbox 2123 1333 3710 1410; baseline 0.002 -21"><span class='ocrx_word' id='word_1_163' title='bbox 2123 1338 2209 1390; x_wconf 74' lang='grc' dir='ltr'><strong>καὶ</strong></span> <span class='ocrx_word' id='word_1_164' title='bbox 2239 1337 2326 1390; x_wconf 72' lang='grc' dir='ltr'><strong>διὰ</strong></span> <span class='ocrx_word' id='word_1_165' title='bbox 2349 1338 2416 1392; x_wconf 76' lang='grc' dir='ltr'>τὰ</span> <span class='ocrx_word' id='word_1_166' title='bbox 2445 1339 2695 1410; x_wconf 75' lang='grc' dir='ltr'>πρόϐατα</span> <span class='ocrx_word' id='word_1_167' title='bbox 2720 1342 2787 1392; x_wconf 83' lang='grc' dir='ltr'>τὰ</span> <span class='ocrx_word' id='word_1_168' title='bbox 2810 1339 3132 1394; x_wconf 73' lang='grc' dir='ltr'><strong>ἀπολωλότα</strong></span> <span class='ocrx_word' id='word_1_169' title='bbox 3157 1339 3312 1394; x_wconf 78' lang='grc' dir='ltr'>οἴκου</span> <span class='ocrx_word' id='word_1_170' title='bbox 3353 1339 3559 1410; x_wconf 84' lang='grc' dir='ltr'>Ἰσραὴλ</span> <span class='ocrx_word' id='word_1_171' title='bbox 3583 1357 3676 1393; x_wconf 82' lang='grc' dir='ltr'>πα·-</span> <span class='ocrx_word' id='word_1_172' title='bbox 3703 1333 3710 1346; x_wconf 79' lang='grc'><em>’</em></span> 
     </span>
    </p>
   </div>
   <div class='ocr_carea' id='block_1_17' title="bbox 428 1425 2015 1500">
    <p class='ocr_par' dir='ltr' id='par_1_17' title="bbox 428 1425 2008 1498">
     <span class='ocr_line' id='line_1_19' title="bbox 428 1425 2008 1498; baseline -0.003 -16"><span class='ocrx_word' id='word_1_173' title='bbox 428 1431 552 1498; x_wconf 85' lang='lat' dir='ltr'><strong>ipse</strong></span> <span class='ocrx_word' id='word_1_174' title='bbox 584 1436 765 1482; x_wconf 80' lang='lat' dir='ltr'><strong>tamen</strong></span> <span class='ocrx_word' id='word_1_175' title='bbox 795 1435 906 1484; x_wconf 86' lang='lat' dir='ltr'><strong>met</strong></span> <span class='ocrx_word' id='word_1_176' title='bbox 935 1427 1077 1482; x_wconf 76' lang='lat' dir='ltr'><strong>dixit</strong></span> <span class='ocrx_word' id='word_1_177' title='bbox 1107 1447 1119 1483; x_wconf 88' lang='lat'><strong>:</strong></span> <span class='ocrx_word' id='word_1_178' title='bbox 1159 1447 1178 1480; x_wconf 84' lang='grc'><strong>‹</strong></span> <span class='ocrx_word' id='word_1_179' title='bbox 1201 1427 1354 1483; x_wconf 85' lang='lat' dir='ltr'><strong>Alias</strong></span> <span class='ocrx_word' id='word_1_180' title='bbox 1384 1441 1604 1497; x_wconf 85' lang='lat' dir='ltr'><strong>quoque</strong></span> <span class='ocrx_word' id='word_1_181' title='bbox 1657 1440 1788 1480; x_wconf 87' lang='lat' dir='ltr'><strong>oves</strong></span> <span class='ocrx_word' id='word_1_182' title='bbox 1835 1425 2008 1479; x_wconf 82' lang='lat' dir='ltr'><strong>habeo</strong></span> 
     </span>
    </p>
   </div>
   <div class='ocr_carea' id='block_1_18' title="bbox 2090 1425 3677 1500">
    <p class='ocr_par' dir='ltr' id='par_1_18' title="bbox 2118 1429 3677 1500">
     <span class='ocr_line' id='line_1_20' title="bbox 2118 1429 3677 1500; baseline 0.001 -20"><span class='ocrx_word' id='word_1_183' title='bbox 2118 1429 2518 1500; x_wconf 74' lang='grc' dir='ltr'>ραγεγενῆσθαξ</span> <span class='ocrx_word' id='word_1_184' title='bbox 2551 1447 2734 1500; x_wconf 74' lang='grc' dir='ltr'>φησιν,</span> <span class='ocrx_word' id='word_1_185' title='bbox 2769 1431 2879 1500; x_wconf 73' lang='lat'><strong>(‘20)</strong></span> <span class='ocrx_word' id='word_1_186' title='bbox 2919 1431 3034 1485; x_wconf 69' lang='grc' dir='ltr'>ἀλλ’</span> <span class='ocrx_word' id='word_1_187' title='bbox 3062 1433 3090 1484; x_wconf 88' lang='grc' dir='ltr'>ὁ</span> <span class='ocrx_word' id='word_1_188' title='bbox 3127 1431 3291 1493; x_wconf 75' lang='grc' dir='ltr'>αὐτὸς</span> <span class='ocrx_word' id='word_1_189' title='bbox 3321 1430 3479 1484; x_wconf 78' lang='grc' dir='ltr'>πάλιν</span> <span class='ocrx_word' id='word_1_190' title='bbox 3505 1433 3557 1483; x_wconf 81' lang='grc' dir='ltr'>ὲν</span> <span class='ocrx_word' id='word_1_191' title='bbox 3579 1431 3677 1484; x_wconf 82' lang='grc' dir='ltr'><strong>Εὑ-</strong></span> 
     </span>
    </p>
   </div>
   <div class='ocr_carea' id='block_1_19' title="bbox 431 1508 2018 1594">
    <p class='ocr_par' dir='ltr' id='par_1_19' title="bbox 431 1519 2010 1593">
     <span class='ocr_line' id='line_1_21' title="bbox 431 1519 2010 1593; baseline -0.003 -17"><span class='ocrx_word' id='word_1_192' title='bbox 431 1536 555 1593; x_wconf 70' lang='grc' dir='ltr'><strong>(ιιιεε</strong></span> <span class='ocrx_word' id='word_1_193' title='bbox 579 1536 684 1576; x_wconf 91' lang='lat' dir='ltr'><strong>non</strong></span> <span class='ocrx_word' id='word_1_194' title='bbox 721 1528 849 1576; x_wconf 89' lang='lat' dir='ltr'><strong>sunt</strong></span> <span class='ocrx_word' id='word_1_195' title='bbox 877 1520 943 1576; x_wconf 89' lang='lat' dir='ltr'><strong>de</strong></span> <span class='ocrx_word' id='word_1_196' title='bbox 970 1522 1128 1577; x_wconf 82' lang='lat' dir='ltr'><strong>caule</strong></span> <span class='ocrx_word' id='word_1_197' title='bbox 1156 1522 1288 1586; x_wconf 92' lang='lat' dir='ltr'><strong>hac,</strong></span> <span class='ocrx_word' id='word_1_198' title='bbox 1315 1536 1453 1590; x_wconf 87' lang='lat' dir='ltr'><strong>quas</strong></span> <span class='ocrx_word' id='word_1_199' title='bbox 1483 1535 1569 1574; x_wconf 88' lang='lat' dir='ltr'><strong>me</strong></span> <span class='ocrx_word' id='word_1_200' title='bbox 1597 1519 1760 1574; x_wconf 88' lang='lat' dir='ltr'><strong>etiam</strong></span> <span class='ocrx_word' id='word_1_201' title='bbox 1793 1527 2010 1588; x_wconf 88' lang='lat' dir='ltr'><strong>oportet</strong></span> 
     </span>
    </p>
   </div>
   <div class='ocr_carea' id='block_1_20' title="bbox 2091 1508 3678 1594">
    <p class='ocr_par' dir='ltr' id='par_1_20' title="bbox 2117 1508 3678 1594">
     <span class='ocr_line' id='line_1_22' title="bbox 2117 1508 3678 1594; baseline 0.006 -22"><span class='ocrx_word' id='word_1_202' title='bbox 2117 1517 2392 1586; x_wconf 75' lang='grc' dir='ltr'>αγγελξοις</span> <span class='ocrx_word' id='word_1_203' title='bbox 2423 1520 2564 1590; x_wconf 65' lang='grc' dir='ltr'>ἐρεῖ*</span> <span class='ocrx_word' id='word_1_204' title='bbox 2593 1539 2610 1571; x_wconf 80' lang='grc' dir='ltr'>ι</span> <span class='ocrx_word' id='word_1_205' title='bbox 2639 1521 2807 1572; x_wconf 77' lang='grc' dir='ltr'>Ἀλλα</span> <span class='ocrx_word' id='word_1_206' title='bbox 2837 1522 3084 1591; x_wconf 79' lang='grc' dir='ltr'>πρόσατα</span> <span class='ocrx_word' id='word_1_207' title='bbox 3112 1522 3240 1594; x_wconf 80' lang='grc' dir='ltr'>ἔχω,</span> <span class='ocrx_word' id='word_1_208' title='bbox 3265 1508 3310 1578; x_wconf 46' lang='grc' dir='ltr'><strong>’ἃ</strong></span> <span class='ocrx_word' id='word_1_209' title='bbox 3339 1527 3437 1580; x_wconf 72' lang='grc' dir='ltr'>οὐκ</span> <span class='ocrx_word' id='word_1_210' title='bbox 3463 1526 3596 1580; x_wconf 77' lang='grc' dir='ltr'>ἔστιν</span> <span class='ocrx_word' id='word_1_211' title='bbox 3623 1529 3678 1581; x_wconf 66' lang='grc' dir='ltr'>ἐκ</span> 
     </span>
    </p>
   </div>
   <div class='ocr_carea' id='block_1_21' title="bbox 433 1548 2020 1797">
    <p class='ocr_par' dir='ltr' id='par_1_21' title="bbox 433 1548 2011 1776">
     <span class='ocr_line' id='line_1_23' title="bbox 433 1548 2010 1593; baseline -0.002 -17"><span class='ocrx_word' id='word_1_212' title='bbox 433 1548 555 1593; x_wconf 75' lang='lat' dir='ltr'><strong>qua:</strong></span> <span class='ocrx_word' id='word_1_213' title='bbox 579 1548 684 1576; x_wconf 79' lang='grc' dir='ltr'>ιιυιι</span> <span class='ocrx_word' id='word_1_214' title='bbox 721 1548 849 1576; x_wconf 74' lang='grc' dir='ltr'>διιιιι</span> <span class='ocrx_word' id='word_1_215' title='bbox 877 1548 943 1576; x_wconf 81' lang='lat' dir='ltr'><strong>uc</strong></span> <span class='ocrx_word' id='word_1_216' title='bbox 970 1548 1128 1577; x_wconf 65' lang='lat' dir='ltr'><strong>UWIC</strong></span> <span class='ocrx_word' id='word_1_217' title='bbox 1157 1548 1288 1586; x_wconf 73' lang='grc' dir='ltr'>ιιίιυ,</span> <span class='ocrx_word' id='word_1_218' title='bbox 1315 1548 1453 1590; x_wconf 63' lang='lat' dir='ltr'><strong>quita</strong></span> <span class='ocrx_word' id='word_1_219' title='bbox 1484 1548 1569 1574; x_wconf 80' lang='grc' dir='ltr'>ιιιυ</span> <span class='ocrx_word' id='word_1_220' title='bbox 1597 1548 1760 1574; x_wconf 71' lang='grc' dir='ltr'><strong>ειηιιιι</strong></span> <span class='ocrx_word' id='word_1_221' title='bbox 1793 1548 1917 1588; x_wconf 80' lang='grc' dir='ltr'><strong>υμυι</strong></span> <span class='ocrx_word' id='word_1_222' title='bbox 1935 1548 2010 1573; x_wconf 78' lang='grc' dir='ltr'><strong>ιυι</strong></span> 
     </span>
     <span class='ocr_line' id='line_1_24' title="bbox 433 1611 2006 1683; baseline -0.004 -14"><span class='ocrx_word' id='word_1_223' title='bbox 433 1613 634 1669; x_wconf 90' lang='lat' dir='ltr'><strong>ducere</strong></span> <span class='ocrx_word' id='word_1_224' title='bbox 652 1612 718 1667; x_wconf 76' lang='lat'><strong>&quot;.</strong></span> <span class='ocrx_word' id='word_1_225' title='bbox 749 1631 768 1664; x_wconf 72' lang='grc' dir='ltr'><strong><em>ι</em></strong></span> <span class='ocrx_word' id='word_1_226' title='bbox 815 1612 998 1683; x_wconf 89' lang='lat' dir='ltr'><strong>lnquit</strong></span> <span class='ocrx_word' id='word_1_227' title='bbox 1039 1627 1206 1683; x_wconf 88' lang='lat' dir='ltr'><strong>porro</strong></span> <span class='ocrx_word' id='word_1_228' title='bbox 1239 1613 1406 1666; x_wconf 88' lang='lat' dir='ltr'><strong>etiam</strong></span> <span class='ocrx_word' id='word_1_229' title='bbox 1437 1611 1597 1666; x_wconf 84' lang='lat' dir='ltr'><strong>divus</strong></span> <span class='ocrx_word' id='word_1_230' title='bbox 1624 1611 2006 1680; x_wconf 71' lang='lat' dir='ltr'><strong>Apostolus&quot;,</strong></span> 
     </span>
     <span class='ocr_line' id='line_1_25' title="bbox 433 1703 2011 1776; baseline -0.004 -15"><span class='ocrx_word' id='word_1_231' title='bbox 433 1703 609 1776; x_wconf 65' lang='grc'><strong>47],</strong></span> <span class='ocrx_word' id='word_1_232' title='bbox 654 1713 710 1760; x_wconf 90' lang='lat' dir='ltr'><strong>ut</strong></span> <span class='ocrx_word' id='word_1_233' title='bbox 744 1719 810 1760; x_wconf 75' lang='lat' dir='ltr'><strong>ex</strong></span> <span class='ocrx_word' id='word_1_234' title='bbox 846 1704 1062 1760; x_wconf 91' lang='lat' dir='ltr'><strong>duobus</strong></span> <span class='ocrx_word' id='word_1_235' title='bbox 1101 1720 1269 1760; x_wconf 91' lang='lat' dir='ltr'><strong>unum</strong></span> <span class='ocrx_word' id='word_1_236' title='bbox 1316 1719 1518 1758; x_wconf 88' lang='lat' dir='ltr'><strong>novum</strong></span> <span class='ocrx_word' id='word_1_237' title='bbox 1563 1703 1841 1758; x_wconf 92' lang='lat' dir='ltr'><strong>hominem</strong></span> <span class='ocrx_word' id='word_1_238' title='bbox 1875 1717 2011 1758; x_wconf 92' lang='lat' dir='ltr'><strong>con-</strong></span> 
     </span>
    </p>
   </div>
   <div class='ocr_carea' id='block_1_22' title="bbox 2335 1548 3922 1797">
    <p class='ocr_par' dir='ltr' id='par_1_22' title="bbox 2335 1548 3914 1776">
     <span class='ocr_line' id='line_1_26' title="bbox 2335 1548 3679 1594; baseline 0.009 -25"><span class='ocrx_word' id='word_1_239' title='bbox 2335 1548 2389 1580; x_wconf 68' lang='lat' dir='ltr'><strong>m,</strong></span> <span class='ocrx_word' id='word_1_240' title='bbox 2423 1548 2561 1590; x_wconf 49' lang='lat' dir='ltr'><strong>eius</strong></span> <span class='ocrx_word' id='word_1_241' title='bbox 2593 1548 2610 1571; x_wconf 84' lang='grc' dir='ltr'>ι</span> <span class='ocrx_word' id='word_1_242' title='bbox 2662 1548 2807 1572; x_wconf 57' lang='lat' dir='ltr'><strong>nunc.</strong></span> <span class='ocrx_word' id='word_1_243' title='bbox 2837 1548 3084 1591; x_wconf 71' lang='grc' dir='ltr'><strong>πρυυςιῖα</strong></span> <span class='ocrx_word' id='word_1_244' title='bbox 3112 1548 3240 1594; x_wconf 60' lang='lat' dir='ltr'><strong>Exn),</strong></span> <span class='ocrx_word' id='word_1_245' title='bbox 3273 1548 3310 1578; x_wconf 83' lang='grc' dir='ltr'>α.</span> <span class='ocrx_word' id='word_1_246' title='bbox 3339 1548 3437 1580; x_wconf 70' lang='grc' dir='ltr'><strong>ουκ</strong></span> <span class='ocrx_word' id='word_1_247' title='bbox 3463 1548 3596 1580; x_wconf 75' lang='grc' dir='ltr'>εστιν</span> <span class='ocrx_word' id='word_1_248' title='bbox 3623 1548 3679 1581; x_wconf 75' lang='grc' dir='ltr'><strong>εκ</strong></span> 
     </span>
     <span class='ocr_line' id='line_1_27' title="bbox 2335 1609 3914 1686; baseline 0.006 -26"><span class='ocrx_word' id='word_1_249' title='bbox 2335 1609 2410 1680; x_wconf 82' lang='grc' dir='ltr'>,ἧς</span> <span class='ocrx_word' id='word_1_250' title='bbox 2443 1609 2669 1680; x_wconf 82' lang='grc' dir='ltr'>ταύτης,</span> <span class='ocrx_word' id='word_1_251' title='bbox 2705 1613 2936 1665; x_wconf 76' lang='grc' dir='ltr'>κάκεῖνά</span> <span class='ocrx_word' id='word_1_252' title='bbox 2963 1629 3031 1682; x_wconf 87' lang='grc' dir='ltr'><strong>με</strong></span> <span class='ocrx_word' id='word_1_253' title='bbox 3071 1613 3152 1667; x_wconf 84' lang='grc' dir='ltr'><strong>δεῖ</strong></span> <span class='ocrx_word' id='word_1_254' title='bbox 3191 1615 3440 1683; x_wconf 83' lang='grc' dir='ltr'><strong>ἀγαγεῖν,</strong></span> <span class='ocrx_word' id='word_1_255' title='bbox 3469 1619 3559 1670; x_wconf 76' lang='grc' dir='ltr'><strong>καὶ</strong></span> <span class='ocrx_word' id='word_1_256' title='bbox 3590 1619 3680 1686; x_wconf 84' lang='grc' dir='ltr'><strong>τῆς</strong></span> <span class='ocrx_word' id='word_1_257' title='bbox 3912 1647 3914 1650; x_wconf 54' lang='grc' dir='ltr'><strong>ν</strong></span> 
     </span>
     <span class='ocr_line' id='line_1_28' title="bbox 2335 1700 3680 1776; baseline 0.004 -23"><span class='ocrx_word' id='word_1_258' title='bbox 2335 1718 2433 1770; x_wconf 84' lang='grc' dir='ltr'>μου</span> <span class='ocrx_word' id='word_1_259' title='bbox 2461 1701 2778 1768; x_wconf 79' lang='grc' dir='ltr'>ἀκούσουσι,</span> <span class='ocrx_word' id='word_1_260' title='bbox 2811 1704 2906 1757; x_wconf 76' lang='grc' dir='ltr'><strong>καὶ</strong></span> <span class='ocrx_word' id='word_1_261' title='bbox 2934 1707 3221 1775; x_wconf 76' lang='grc' dir='ltr'>γενήσεται</span> <span class='ocrx_word' id='word_1_262' title='bbox 3251 1707 3352 1776; x_wconf 77' lang='grc' dir='ltr'><strong>μία</strong></span> <span class='ocrx_word' id='word_1_263' title='bbox 3375 1700 3680 1776; x_wconf 73' lang='grc' dir='ltr'>ποίμνη,εἷς</span> 
     </span>
    </p>
   </div>
   <div class='ocr_carea' id='block_1_23' title="bbox 433 1700 2020 1776">
    <p class='ocr_par' dir='ltr' id='par_1_23' title="bbox 433 1703 2011 1776">
     <span class='ocr_line' id='line_1_29' title="bbox 433 1703 2011 1776; baseline -0.004 -15"><span class='ocrx_word' id='word_1_264' title='bbox 433 1703 609 1776; x_wconf 65' lang='grc'><strong>47],</strong></span> <span class='ocrx_word' id='word_1_265' title='bbox 654 1713 710 1760; x_wconf 90' lang='lat' dir='ltr'><strong>ut</strong></span> <span class='ocrx_word' id='word_1_266' title='bbox 744 1719 810 1760; x_wconf 75' lang='lat' dir='ltr'><strong>ex</strong></span> <span class='ocrx_word' id='word_1_267' title='bbox 846 1704 1062 1760; x_wconf 91' lang='lat' dir='ltr'><strong>duobus</strong></span> <span class='ocrx_word' id='word_1_268' title='bbox 1101 1720 1269 1760; x_wconf 91' lang='lat' dir='ltr'><strong>unum</strong></span> <span class='ocrx_word' id='word_1_269' title='bbox 1316 1719 1518 1758; x_wconf 88' lang='lat' dir='ltr'><strong>novum</strong></span> <span class='ocrx_word' id='word_1_270' title='bbox 1563 1703 1841 1758; x_wconf 92' lang='lat' dir='ltr'><strong>hominem</strong></span> <span class='ocrx_word' id='word_1_271' title='bbox 1875 1717 2011 1758; x_wconf 92' lang='lat' dir='ltr'><strong>con-</strong></span> 
     </span>
    </p>
   </div>
   <div class='ocr_carea' id='block_1_24' title="bbox 2092 1700 3679 1776">
    <p class='ocr_par' dir='ltr' id='par_1_24' title="bbox 2117 1700 3679 1776">
     <span class='ocr_line' id='line_1_30' title="bbox 2117 1700 3679 1776; baseline 0.004 -24"><span class='ocrx_word' id='word_1_272' title='bbox 2117 1702 2300 1770; x_wconf 79' lang='grc' dir='ltr'>φωνῆς</span> <span class='ocrx_word' id='word_1_273' title='bbox 2333 1718 2433 1770; x_wconf 84' lang='grc' dir='ltr'>μου</span> <span class='ocrx_word' id='word_1_274' title='bbox 2461 1701 2778 1768; x_wconf 79' lang='grc' dir='ltr'>ἀκούσουσι,</span> <span class='ocrx_word' id='word_1_275' title='bbox 2811 1704 2906 1757; x_wconf 76' lang='grc' dir='ltr'><strong>καὶ</strong></span> <span class='ocrx_word' id='word_1_276' title='bbox 2934 1707 3221 1775; x_wconf 76' lang='grc' dir='ltr'>γενήσεται</span> <span class='ocrx_word' id='word_1_277' title='bbox 3251 1707 3352 1776; x_wconf 77' lang='grc' dir='ltr'><strong>μία</strong></span> <span class='ocrx_word' id='word_1_278' title='bbox 3375 1700 3679 1776; x_wconf 74' lang='grc' dir='ltr'>ποίμνη,εἷς</span> 
     </span>
    </p>
   </div>
   <div class='ocr_carea' id='block_1_25' title="bbox 432 1793 2019 1868">
    <p class='ocr_par' dir='ltr' id='par_1_25' title="bbox 432 1794 2012 1868">
     <span class='ocr_line' id='line_1_31' title="bbox 432 1794 2012 1868; baseline -0.003 -16"><span class='ocrx_word' id='word_1_279' title='bbox 432 1797 949 1868; x_wconf 72' lang='lat' dir='ltr'><strong>deret,‘pacemque</strong></span> <span class='ocrx_word' id='word_1_280' title='bbox 981 1795 1203 1852; x_wconf 79' lang='lat' dir='ltr'><strong>faceret.</strong></span> <span class='ocrx_word' id='word_1_281' title='bbox 1231 1795 1389 1862; x_wconf 85' lang='lat' dir='ltr'><strong>Quod</strong></span> <span class='ocrx_word' id='word_1_282' title='bbox 1425 1802 1485 1848; x_wconf 91' lang='lat' dir='ltr'><strong>ut</strong></span> <span class='ocrx_word' id='word_1_283' title='bbox 1520 1794 1754 1864; x_wconf 76' lang='lat' dir='ltr'><strong>Aquilus</strong></span> <span class='ocrx_word' id='word_1_284' title='bbox 1791 1809 2012 1864; x_wconf 89' lang='lat' dir='ltr'><strong>quoque</strong></span> 
     </span>
    </p>
   </div>
   <div class='ocr_carea' id='block_1_26' title="bbox 2094 1793 3681 1868">
    <p class='ocr_par' dir='ltr' id='par_1_26' title="bbox 2114 1793 3681 1864">
     <span class='ocr_line' id='line_1_32' title="bbox 2114 1793 3681 1864; baseline 0.006 -22"><span class='ocrx_word' id='word_1_285' title='bbox 2114 1793 2340 1862; x_wconf 84' lang='grc' dir='ltr'>ποιμήν.</span> <span class='ocrx_word' id='word_1_286' title='bbox 2381 1811 2400 1844; x_wconf 77' lang='lat' dir='ltr'><strong>s</strong></span> <span class='ocrx_word' id='word_1_287' title='bbox 2440 1793 2587 1864; x_wconf 79' lang='grc' dir='ltr'><strong>Ἔφη</strong></span> <span class='ocrx_word' id='word_1_288' title='bbox 2631 1793 2686 1845; x_wconf 85' lang='grc' dir='ltr'><strong>δὲ</strong></span> <span class='ocrx_word' id='word_1_289' title='bbox 2736 1794 2832 1846; x_wconf 58' lang='grc' dir='ltr'><strong>καὶ¹</strong></span> <span class='ocrx_word' id='word_1_290' title='bbox 2882 1797 2910 1849; x_wconf 97' lang='lat'><strong>6</strong></span> <span class='ocrx_word' id='word_1_291' title='bbox 2955 1795 3093 1858; x_wconf 80' lang='grc' dir='ltr'>Οεῖος</span> <span class='ocrx_word' id='word_1_292' title='bbox 3129 1797 3477 1860; x_wconf 81' lang='grc' dir='ltr'>Ἀπόστολος·</span> <span class='ocrx_word' id='word_1_293' title='bbox 3533 1814 3552 1848; x_wconf 79' lang='lat' dir='ltr'><strong>t</strong></span> <span class='ocrx_word' id='word_1_294' title='bbox 3579 1796 3681 1851; x_wconf 81' lang='grc' dir='ltr'>Ἵνα</span> 
     </span>
    </p>
   </div>
   <div class='ocr_carea' id='block_1_27' title="bbox 432 1885 2019 1964">
    <p class='ocr_par' dir='ltr' id='par_1_27' title="bbox 432 1887 2009 1961">
     <span class='ocr_line' id='line_1_33' title="bbox 432 1887 2009 1961; baseline -0.003 -17"><span class='ocrx_word' id='word_1_295' title='bbox 432 1889 720 1956; x_wconf 82' lang='lat' dir='ltr'><strong>indicaret,</strong></span> <span class='ocrx_word' id='word_1_296' title='bbox 740 1889 995 1961; x_wconf 77' lang='lat' dir='ltr'><strong>exposuit</strong></span> <span class='ocrx_word' id='word_1_297' title='bbox 1025 1909 1039 1945; x_wconf 87' lang='lat'><strong>:</strong></span> <span class='ocrx_word' id='word_1_298' title='bbox 1079 1887 1234 1944; x_wconf 87' lang='lat' dir='ltr'><strong>Unite</strong></span> <span class='ocrx_word' id='word_1_299' title='bbox 1255 1888 1399 1944; x_wconf 80' lang='lat' dir='ltr'><strong>vobis</strong></span> <span class='ocrx_word' id='word_1_300' title='bbox 1421 1896 1598 1959; x_wconf 84' lang='lat' dir='ltr'><strong>gentes</strong></span> <span class='ocrx_word' id='word_1_301' title='bbox 1644 1887 1812 1956; x_wconf 79' lang='lat' dir='ltr'><strong>ipsius</strong></span> <span class='ocrx_word' id='word_1_302' title='bbox 1835 1902 2009 1957; x_wconf 82' lang='lat' dir='ltr'><strong>popu-</strong></span> 
     </span>
    </p>
   </div>
   <div class='ocr_carea' id='block_1_28' title="bbox 2334 1885 3921 1964">
    <p class='ocr_par' dir='ltr' id='par_1_28' title="bbox 2334 1885 3921 1964">
     <span class='ocr_line' id='line_1_34' title="bbox 2334 1885 3921 1964; baseline 0.006 -27"><span class='ocrx_word' id='word_1_303' title='bbox 2334 1885 2393 1939; x_wconf 77' lang='lat' dir='ltr'><strong>ito</strong></span> <span class='ocrx_word' id='word_1_304' title='bbox 2445 1887 2606 1959; x_wconf 78' lang='grc' dir='ltr'>κτίσῃ</span> <span class='ocrx_word' id='word_1_305' title='bbox 2654 1887 2819 1952; x_wconf 79' lang='grc' dir='ltr'>λαοὺς</span> <span class='ocrx_word' id='word_1_306' title='bbox 2853 1891 2934 1953; x_wconf 78' lang='grc' dir='ltr'>εἰς</span> <span class='ocrx_word' id='word_1_307' title='bbox 2983 1890 3080 1944; x_wconf 70' lang='grc' dir='ltr'><strong>ἕνα</strong></span> <span class='ocrx_word' id='word_1_308' title='bbox 3131 1893 3323 1946; x_wconf 75' lang='grc' dir='ltr'>καινὸν</span> <span class='ocrx_word' id='word_1_309' title='bbox 3372 1893 3677 1964; x_wconf 82' lang='grc' dir='ltr'>ἄνθρωπον,</span> <span class='ocrx_word' id='word_1_310' title='bbox 3907 1892 3921 1957; x_wconf 66' lang='grc' dir='ltr'><strong>Ι</strong></span> 
     </span>
    </p>
   </div>
   <div class='ocr_carea' id='block_1_29' title="bbox 433 1979 3919 2057">
    <p class='ocr_par' dir='ltr' id='par_1_29' title="bbox 433 1979 3919 2057">
     <span class='ocr_line' id='line_1_35' title="bbox 433 1979 3919 2057; baseline 0.003 -28"><span class='ocrx_word' id='word_1_311' title='bbox 433 1983 534 2038; x_wconf 63' lang='lat' dir='ltr'><strong>ius,</strong></span> <span class='ocrx_word' id='word_1_312' title='bbox 2019 2009 2028 2020; x_wconf 87' lang='lat'><strong><em>-</em></strong></span> <span class='ocrx_word' id='word_1_313' title='bbox 2112 1979 2282 2034; x_wconf 78' lang='grc' dir='ltr'>ποιῶν</span> <span class='ocrx_word' id='word_1_314' title='bbox 2301 1980 2544 2052; x_wconf 80' lang='grc' dir='ltr'><strong>εἰρήνην,</strong></span> <span class='ocrx_word' id='word_1_315' title='bbox 2565 1981 2660 2034; x_wconf 74' lang='grc' dir='ltr'>καὶ</span> <span class='ocrx_word' id='word_1_316' title='bbox 2687 1982 3188 2037; x_wconf 75' lang='grc' dir='ltr'>ἁποκαταλλάσσων</span> <span class='ocrx_word' id='word_1_317' title='bbox 3209 1985 3336 2048; x_wconf 80' lang='grc' dir='ltr'>τοὺς</span> <span class='ocrx_word' id='word_1_318' title='bbox 3359 1985 3680 2057; x_wconf 71' lang='grc' dir='ltr'>ἀμφοτέρους</span> <span class='ocrx_word' id='word_1_319' title='bbox 3915 1982 3919 1991; x_wconf 85' lang='grc'><em>’</em></span> 
     </span>
    </p>
   </div>
   <div class='ocr_carea' id='block_1_30' title="bbox 427 2068 3680 2144">
    <p class='ocr_par' dir='ltr' id='par_1_30' title="bbox 427 2068 3680 2144">
     <span class='ocr_line' id='line_1_36' title="bbox 427 2068 3680 2144; baseline 0 -14"><span class='ocrx_word' id='word_1_320' title='bbox 427 2075 492 2130; x_wconf 63' lang='grc' dir='ltr'>ἐν</span> <span class='ocrx_word' id='word_1_321' title='bbox 528 2077 609 2130; x_wconf 74' lang='grc' dir='ltr'><strong>ἑνὶ</strong></span> <span class='ocrx_word' id='word_1_322' title='bbox 635 2073 908 2144; x_wconf 83' lang='grc' dir='ltr'>πνεύματι</span> <span class='ocrx_word' id='word_1_323' title='bbox 940 2073 1075 2144; x_wconf 67' lang='grc' dir='ltr'>πρὸς</span> <span class='ocrx_word' id='word_1_324' title='bbox 1103 2072 1193 2126; x_wconf 68' lang='grc' dir='ltr'>τὸν</span> <span class='ocrx_word' id='word_1_325' title='bbox 1224 2071 1464 2142; x_wconf 78' lang='grc' dir='ltr'><strong>Πατέρα.</strong></span> <span class='ocrx_word' id='word_1_326' title='bbox 1497 2091 1516 2121; x_wconf 73' lang='grc' dir='ltr'>ι</span> <span class='ocrx_word' id='word_1_327' title='bbox 1552 2069 1782 2133; x_wconf 82' lang='grc' dir='ltr'>Ἀκύλας</span> <span class='ocrx_word' id='word_1_328' title='bbox 1806 2068 1862 2120; x_wconf 79' lang='grc' dir='ltr'>δὲ</span> <span class='ocrx_word' id='word_1_329' title='bbox 1896 2069 2015 2121; x_wconf 69' lang='grc' dir='ltr'>ἀντὶ</span> <span class='ocrx_word' id='word_1_330' title='bbox 2061 2070 2178 2136; x_wconf 81' lang='grc' dir='ltr'>τοῦ,</span> <span class='ocrx_word' id='word_1_331' title='bbox 2211 2072 2576 2144; x_wconf 80' lang='grc' dir='ltr'>εὐφράνοητε,</span> <span class='ocrx_word' id='word_1_332' title='bbox 2627 2073 2813 2144; x_wconf 76' lang='grc' dir='ltr'>φησὶν,</span> <span class='ocrx_word' id='word_1_333' title='bbox 2851 2075 3284 2142; x_wconf 77' lang='grc' dir='ltr'>Ἐνοποιήσατε</span> <span class='ocrx_word' id='word_1_334' title='bbox 3331 2075 3473 2144; x_wconf 78' lang='grc' dir='ltr'><strong>ἔθνη</strong></span> <span class='ocrx_word' id='word_1_335' title='bbox 3508 2075 3680 2142; x_wconf 76' lang='grc' dir='ltr'>λαοὺς</span> 
     </span>
    </p>
   </div>
   <div class='ocr_carea' id='block_1_31' title="bbox 431 2166 644 2223">
    <p class='ocr_par' dir='ltr' id='par_1_31' title="bbox 431 2166 644 2223">
     <span class='ocr_line' id='line_1_37' title="bbox 431 2166 644 2223; baseline 0.005 -2"><span class='ocrx_word' id='word_1_336' title='bbox 431 2166 644 2223; x_wconf 84' lang='grc' dir='ltr'>αὐτοῦ.</span> 
     </span>
    </p>
   </div>
   <div class='ocr_carea' id='block_1_32' title="bbox 501 2278 3680 2352">
    <p class='ocr_par' dir='ltr' id='par_1_32' title="bbox 501 2278 3680 2352">
     <span class='ocr_line' id='line_1_38' title="bbox 501 2278 3680 2352; baseline 0 -14"><span class='ocrx_word' id='word_1_337' title='bbox 501 2283 821 2352; x_wconf 77' lang='lat' dir='ltr'><strong>Confortent</strong></span> <span class='ocrx_word' id='word_1_338' title='bbox 852 2296 940 2336; x_wconf 86' lang='lat' dir='ltr'><strong>eos</strong></span> <span class='ocrx_word' id='word_1_339' title='bbox 965 2296 1146 2334; x_wconf 86' lang='lat' dir='ltr'><strong>omnes</strong></span> <span class='ocrx_word' id='word_1_340' title='bbox 1179 2281 1356 2351; x_wconf 78' lang='lat' dir='ltr'><strong>angeli</strong></span> <span class='ocrx_word' id='word_1_341' title='bbox 1387 2281 1525 2349; x_wconf 86' lang='lat' dir='ltr'><strong>ejus.</strong></span> <span class='ocrx_word' id='word_1_342' title='bbox 1566 2279 1714 2332; x_wconf 76' lang='lat' dir='ltr'><strong>Dit-it</strong></span> <span class='ocrx_word' id='word_1_343' title='bbox 1745 2278 1944 2334; x_wconf 89' lang='lat' dir='ltr'><strong>alicubi</strong></span> <span class='ocrx_word' id='word_1_344' title='bbox 1983 2279 2187 2334; x_wconf 84' lang='lat' dir='ltr'><strong>Paulus</strong></span> <span class='ocrx_word' id='word_1_345' title='bbox 2219 2279 2384 2334; x_wconf 82' lang='lat' dir='ltr'><strong>etiam</strong></span> <span class='ocrx_word' id='word_1_346' title='bbox 2420 2297 2434 2333; x_wconf 87' lang='lat'><strong>:</strong></span> <span class='ocrx_word' id='word_1_347' title='bbox 2472 2299 2490 2332; x_wconf 78' lang='grc' dir='ltr'>ι</span> <span class='ocrx_word' id='word_1_348' title='bbox 2517 2280 2720 2336; x_wconf 80' lang='lat' dir='ltr'><strong>Annon</strong></span> <span class='ocrx_word' id='word_1_349' title='bbox 2787 2295 2984 2337; x_wconf 87' lang='lat' dir='ltr'><strong>omnes</strong></span> <span class='ocrx_word' id='word_1_350' title='bbox 3014 2292 3146 2338; x_wconf 84' lang='lat' dir='ltr'><strong>sunt</strong></span> <span class='ocrx_word' id='word_1_351' title='bbox 3185 2283 3680 2339; x_wconf 84' lang='lat' dir='ltr'><strong>eomministrantes</strong></span> 
     </span>
    </p>
   </div>
   <div class='ocr_carea' id='block_1_33' title="bbox 433 2366 3682 2444">
    <p class='ocr_par' dir='ltr' id='par_1_33' title="bbox 433 2366 3682 2444">
     <span class='ocr_line' id='line_1_39' title="bbox 433 2366 3682 2444; baseline -0.002 -16"><span class='ocrx_word' id='word_1_352' title='bbox 433 2372 686 2444; x_wconf 82' lang='lat' dir='ltr'><strong>spiritus,</strong></span> <span class='ocrx_word' id='word_1_353' title='bbox 727 2369 796 2425; x_wconf 87' lang='lat' dir='ltr'><strong>ad</strong></span> <span class='ocrx_word' id='word_1_354' title='bbox 836 2367 1210 2425; x_wconf 80' lang='lat' dir='ltr'><strong>ministerium</strong></span> <span class='ocrx_word' id='word_1_355' title='bbox 1244 2367 1505 2438; x_wconf 79' lang='lat' dir='ltr'><strong>ablegati,</strong></span> <span class='ocrx_word' id='word_1_356' title='bbox 1563 2376 1785 2437; x_wconf 86' lang='lat' dir='ltr'><strong>propter</strong></span> <span class='ocrx_word' id='word_1_357' title='bbox 1815 2381 1910 2420; x_wconf 91' lang='lat' dir='ltr'><strong>eos</strong></span> <span class='ocrx_word' id='word_1_358' title='bbox 1959 2366 2164 2434; x_wconf 87' lang='lat' dir='ltr'><strong>quibus</strong></span> <span class='ocrx_word' id='word_1_359' title='bbox 2209 2366 2404 2420; x_wconf 85' lang='lat' dir='ltr'><strong>salutis</strong></span> <span class='ocrx_word' id='word_1_360' title='bbox 2461 2366 2757 2420; x_wconf 71' lang='lat' dir='ltr'><strong>haereditas</strong></span> <span class='ocrx_word' id='word_1_361' title='bbox 2808 2367 3112 2423; x_wconf 85' lang='lat' dir='ltr'><strong>ohventura</strong></span> <span class='ocrx_word' id='word_1_362' title='bbox 3143 2377 3228 2424; x_wconf 88' lang='lat' dir='ltr'><strong>est</strong></span> <span class='ocrx_word' id='word_1_363' title='bbox 3251 2370 3320 2423; x_wconf 70' lang='grc' dir='ltr'><strong>δ”.</strong></span> <span class='ocrx_word' id='word_1_364' title='bbox 3357 2389 3376 2422; x_wconf 77' lang='grc' dir='ltr'><strong><em>ι</em></strong></span> <span class='ocrx_word' id='word_1_365' title='bbox 3430 2369 3682 2423; x_wconf 88' lang='lat' dir='ltr'><strong>Similiter</strong></span> 
     </span>
    </p>
   </div>
   <div class='ocr_carea' id='block_1_34' title="bbox 436 2432 3932 2527">
    <p class='ocr_par' dir='ltr' id='par_1_34' title="bbox 436 2432 3932 2527">
     <span class='ocr_line' id='line_1_40' title="bbox 436 2432 3932 2527; baseline -0.002 -11"><span class='ocrx_word' id='word_1_366' title='bbox 436 2432 492 2516; x_wconf 69' lang='lat' dir='ltr'><strong>et</strong></span> <span class='ocrx_word' id='word_1_367' title='bbox 522 2432 694 2514; x_wconf 83' lang='lat' dir='ltr'><strong>David</strong></span> <span class='ocrx_word' id='word_1_368' title='bbox 727 2459 840 2513; x_wconf 89' lang='lat' dir='ltr'><strong>ait:</strong></span> <span class='ocrx_word' id='word_1_369' title='bbox 877 2475 896 2509; x_wconf 84' lang='grc'><em>‹</em></span> <span class='ocrx_word' id='word_1_370' title='bbox 929 2456 1177 2512; x_wconf 80' lang='lat' dir='ltr'><strong>Excubat</strong></span> <span class='ocrx_word' id='word_1_371' title='bbox 1199 2432 1442 2527; x_wconf 76' lang='lat' dir='ltr'><strong>Angelus</strong></span> <span class='ocrx_word' id='word_1_372' title='bbox 1471 2432 1690 2509; x_wconf 78' lang='lat' dir='ltr'><strong>Domini</strong></span> <span class='ocrx_word' id='word_1_373' title='bbox 1734 2453 1944 2508; x_wconf 89' lang='lat' dir='ltr'><strong>circum</strong></span> <span class='ocrx_word' id='word_1_374' title='bbox 1978 2432 2138 2523; x_wconf 38' lang='lat' dir='ltr'><strong>,circa</strong></span> <span class='ocrx_word' id='word_1_375' title='bbox 2191 2453 2449 2508; x_wconf 86' lang='lat' dir='ltr'><strong>timentes</strong></span> <span class='ocrx_word' id='word_1_376' title='bbox 2479 2453 2624 2522; x_wconf 88' lang='lat' dir='ltr'><strong>ejus,</strong></span> <span class='ocrx_word' id='word_1_377' title='bbox 2674 2461 2733 2506; x_wconf 93' lang='lat' dir='ltr'><strong>ut</strong></span> <span class='ocrx_word' id='word_1_378' title='bbox 2766 2452 2912 2523; x_wconf 88' lang='lat' dir='ltr'><strong>ipsos</strong></span> <span class='ocrx_word' id='word_1_379' title='bbox 2943 2464 3158 2510; x_wconf 82' lang='lat' dir='ltr'><strong>asserat</strong></span> <span class='ocrx_word' id='word_1_380' title='bbox 3181 2455 3250 2510; x_wconf 70' lang='grc'><strong>⁵⁸.</strong></span> <span class='ocrx_word' id='word_1_381' title='bbox 3289 2474 3309 2507; x_wconf 79' lang='lat' dir='ltr'><strong>s</strong></span> <span class='ocrx_word' id='word_1_382' title='bbox 3363 2455 3534 2509; x_wconf 81' lang='lat' dir='ltr'><strong>Habet</strong></span> <span class='ocrx_word' id='word_1_383' title='bbox 3562 2467 3682 2508; x_wconf 87' lang='lat' dir='ltr'><strong>vero</strong></span> 
     </span>
    </p>
   </div>
   <div class='ocr_carea' id='block_1_35' title="bbox 427 2541 3680 2618">
    <p class='ocr_par' dir='ltr' id='par_1_35' title="bbox 427 2541 3680 2618">
     <span class='ocr_line' id='line_1_41' title="bbox 427 2541 3680 2618; baseline -0.002 -14"><span class='ocrx_word' id='word_1_384' title='bbox 427 2548 543 2604; x_wconf 79' lang='lat' dir='ltr'><strong>alia</strong></span> <span class='ocrx_word' id='word_1_385' title='bbox 571 2547 894 2618; x_wconf 86' lang='lat' dir='ltr'><strong>scriptura:</strong></span> <span class='ocrx_word' id='word_1_386' title='bbox 932 2545 1128 2602; x_wconf 80' lang='lat' dir='ltr'><strong>Omnes</strong></span> <span class='ocrx_word' id='word_1_387' title='bbox 1166 2545 1268 2615; x_wconf 79' lang='lat' dir='ltr'><strong>ﬁlii</strong></span> <span class='ocrx_word' id='word_1_388' title='bbox 1319 2544 1442 2608; x_wconf 88' lang='lat' dir='ltr'><strong>Dei,</strong></span> <span class='ocrx_word' id='word_1_389' title='bbox 1490 2553 1600 2600; x_wconf 88' lang='lat' dir='ltr'><strong>etc.</strong></span> <span class='ocrx_word' id='word_1_390' title='bbox 1656 2543 1780 2609; x_wconf 84' lang='lat' dir='ltr'><strong>Quo</strong></span> <span class='ocrx_word' id='word_1_391' title='bbox 1823 2543 2101 2598; x_wconf 86' lang='lat' dir='ltr'><strong>indicatur</strong></span> <span class='ocrx_word' id='word_1_392' title='bbox 2153 2542 2431 2610; x_wconf 83' lang='lat' dir='ltr'><strong>apostolos</strong></span> <span class='ocrx_word' id='word_1_393' title='bbox 2478 2541 2686 2596; x_wconf 84' lang='lat' dir='ltr'><strong>divinis</strong></span> <span class='ocrx_word' id='word_1_394' title='bbox 2731 2557 2828 2598; x_wconf 88' lang='lat' dir='ltr'><strong>eos</strong></span> <span class='ocrx_word' id='word_1_395' title='bbox 2864 2542 3058 2612; x_wconf 87' lang='lat' dir='ltr'><strong>juvare</strong></span> <span class='ocrx_word' id='word_1_396' title='bbox 3109 2544 3357 2614; x_wconf 81' lang='lat' dir='ltr'><strong>potuisse</strong></span> <span class='ocrx_word' id='word_1_397' title='bbox 3384 2543 3680 2614; x_wconf 77' lang='lat' dir='ltr'><strong>praeceptis,</strong></span> 
     </span>
    </p>
   </div>
   <div class='ocr_carea' id='block_1_36' title="bbox 435 2632 2060 2707">
    <p class='ocr_par' dir='ltr' id='par_1_36' title="bbox 435 2632 2060 2707">
     <span class='ocr_line' id='line_1_42' title="bbox 435 2632 2060 2707; baseline -0.005 -15"><span class='ocrx_word' id='word_1_398' title='bbox 435 2651 578 2707; x_wconf 87' lang='lat' dir='ltr'><strong>pane</strong></span> <span class='ocrx_word' id='word_1_399' title='bbox 605 2635 880 2706; x_wconf 90' lang='lat' dir='ltr'><strong>spirituali</strong></span> <span class='ocrx_word' id='word_1_400' title='bbox 915 2636 1006 2706; x_wconf 93' lang='lat' dir='ltr'><strong>qui</strong></span> <span class='ocrx_word' id='word_1_401' title='bbox 1035 2649 1133 2689; x_wconf 88' lang='lat' dir='ltr'><strong>cor</strong></span> <span class='ocrx_word' id='word_1_402' title='bbox 1167 2633 1413 2689; x_wconf 85' lang='lat' dir='ltr'><strong>hominis</strong></span> <span class='ocrx_word' id='word_1_403' title='bbox 1439 2635 1748 2696; x_wconf 80' lang='lat' dir='ltr'><strong>conﬁrmat,</strong></span> <span class='ocrx_word' id='word_1_404' title='bbox 1787 2632 2060 2701; x_wconf 89' lang='lat' dir='ltr'><strong>apposito.</strong></span> 
     </span>
    </p>
   </div>
   <div class='ocr_carea' id='block_1_37' title="bbox 509 2729 2096 2814">
    <p class='ocr_par' dir='ltr' id='par_1_37' title="bbox 509 2731 2090 2814">
     <span class='ocr_line' id='line_1_43' title="bbox 509 2731 2090 2814; baseline -0.004 -16"><span class='ocrx_word' id='word_1_405' title='bbox 509 2744 776 2811; x_wconf 79' lang='lat' dir='ltr'><strong>Quoniam</strong></span> <span class='ocrx_word' id='word_1_406' title='bbox 825 2744 1136 2814; x_wconf 83' lang='lat' dir='ltr'><strong>sanguinem</strong></span> <span class='ocrx_word' id='word_1_407' title='bbox 1189 2741 1426 2810; x_wconf 81' lang='lat' dir='ltr'><strong>ﬁliorum</strong></span> <span class='ocrx_word' id='word_1_408' title='bbox 1462 2741 1768 2805; x_wconf 85' lang='lat' dir='ltr'><strong>uleiscetur,</strong></span> <span class='ocrx_word' id='word_1_409' title='bbox 1819 2751 1868 2794; x_wconf 83' lang='lat' dir='ltr'><strong>et</strong></span> <span class='ocrx_word' id='word_1_410' title='bbox 1902 2739 2017 2794; x_wconf 70' lang='lat' dir='ltr'><strong>vin-</strong></span> <span class='ocrx_word' id='word_1_411' title='bbox 2050 2731 2090 2786; x_wconf 82' lang='grc' dir='ltr'><strong>Β</strong></span> 
     </span>
    </p>
   </div>
   <div class='ocr_carea' id='block_1_38' title="bbox 2093 2729 3680 2814">
    <p class='ocr_par' dir='ltr' id='par_1_38' title="bbox 2193 2729 3680 2804">
     <span class='ocr_line' id='line_1_44' title="bbox 2193 2729 3680 2804; baseline 0.001 -16"><span class='ocrx_word' id='word_1_412' title='bbox 2193 2737 2322 2788; x_wconf 86' lang='grc' dir='ltr'><strong>’Ὅτι</strong></span> <span class='ocrx_word' id='word_1_413' title='bbox 2355 2734 2420 2788; x_wconf 83' lang='grc' dir='ltr'>τὸ</span> <span class='ocrx_word' id='word_1_414' title='bbox 2455 2729 2597 2804; x_wconf 80' lang='grc' dir='ltr'>αἷμα</span> <span class='ocrx_word' id='word_1_415' title='bbox 2631 2734 2752 2790; x_wconf 84' lang='grc' dir='ltr'>τῶν</span> <span class='ocrx_word' id='word_1_416' title='bbox 2792 2734 2940 2790; x_wconf 74' lang='grc' dir='ltr'><strong>υἱῶν</strong></span> <span class='ocrx_word' id='word_1_417' title='bbox 2971 2736 3156 2791; x_wconf 80' lang='grc' dir='ltr'>αὐτοῦ</span> <span class='ocrx_word' id='word_1_418' title='bbox 3188 2736 3506 2792; x_wconf 79' lang='grc' dir='ltr'>ἐκδικεῖται</span> <span class='ocrx_word' id='word_1_419' title='bbox 3530 2753 3544 2767; x_wconf 78' lang='grc' dir='ltr'><strong>ο</strong></span> <span class='ocrx_word' id='word_1_420' title='bbox 3590 2733 3680 2790; x_wconf 68' lang='grc' dir='ltr'><strong>καὶ</strong></span> 
     </span>
    </p>
   </div>
   <div class='ocr_carea' id='block_1_39' title="bbox 438 2825 2025 2900">
    <p class='ocr_par' dir='ltr' id='par_1_39' title="bbox 438 2829 2012 2900">
     <span class='ocr_line' id='line_1_45' title="bbox 438 2829 2012 2900; baseline -0.004 -11"><span class='ocrx_word' id='word_1_421' title='bbox 438 2835 638 2890; x_wconf 80' lang='lat' dir='ltr'><strong>dictum</strong></span> <span class='ocrx_word' id='word_1_422' title='bbox 689 2845 879 2890; x_wconf 84' lang='lat' dir='ltr'><strong>sumet.</strong></span> <span class='ocrx_word' id='word_1_423' title='bbox 929 2834 1019 2888; x_wconf 80' lang='lat' dir='ltr'><strong>Ait</strong></span> <span class='ocrx_word' id='word_1_424' title='bbox 1066 2833 1213 2888; x_wconf 86' lang='lat' dir='ltr'><strong>enim</strong></span> <span class='ocrx_word' id='word_1_425' title='bbox 1265 2831 1319 2886; x_wconf 89' lang='lat' dir='ltr'><strong>in</strong></span> <span class='ocrx_word' id='word_1_426' title='bbox 1362 2829 1673 2900; x_wconf 78' lang='lat' dir='ltr'><strong>Evangeliis</strong></span> <span class='ocrx_word' id='word_1_427' title='bbox 1711 2830 2012 2884; x_wconf 83' lang='lat' dir='ltr'><strong>Christus:</strong></span> 
     </span>
    </p>
   </div>
   <div class='ocr_carea' id='block_1_40' title="bbox 2095 2825 3682 2900">
    <p class='ocr_par' dir='ltr' id='par_1_40' title="bbox 2120 2825 3682 2898">
     <span class='ocr_line' id='line_1_46' title="bbox 2120 2825 3682 2898; baseline 0 -18"><span class='ocrx_word' id='word_1_428' title='bbox 2120 2825 2430 2893; x_wconf 76' lang='grc' dir='ltr'><strong>ἐκδικήσει</strong></span> <span class='ocrx_word' id='word_1_429' title='bbox 2477 2825 2578 2880; x_wconf 78' lang='grc' dir='ltr'><strong>καὶ</strong></span> <span class='ocrx_word' id='word_1_430' title='bbox 2627 2827 3042 2882; x_wconf 66' lang='grc' dir='ltr'>ἀνταποδώσω</span> <span class='ocrx_word' id='word_1_431' title='bbox 3106 2827 3308 2896; x_wconf 81' lang='grc' dir='ltr'><strong>δίκην.</strong></span> <span class='ocrx_word' id='word_1_432' title='bbox 3357 2832 3373 2851; x_wconf 87' lang='grc'><strong><em>“</em></strong></span> <span class='ocrx_word' id='word_1_433' title='bbox 3440 2829 3579 2898; x_wconf 84' lang='grc' dir='ltr'><strong>Ἔφη</strong></span> <span class='ocrx_word' id='word_1_434' title='bbox 3628 2829 3682 2881; x_wconf 77' lang='grc' dir='ltr'>ἐν</span> 
     </span>
    </p>
   </div>
   <div class='ocr_carea' id='block_1_41' title="bbox 444 2918 2031 2996">
    <p class='ocr_par' dir='ltr' id='par_1_41' title="bbox 444 2920 2015 2996">
     <span class='ocr_line' id='line_1_47' title="bbox 444 2920 2015 2996; baseline -0.004 -16"><span class='ocrx_word' id='word_1_435' title='bbox 444 2947 462 2980; x_wconf 73' lang='lat' dir='ltr'><strong>t</strong></span> <span class='ocrx_word' id='word_1_436' title='bbox 490 2925 630 2982; x_wconf 86' lang='lat' dir='ltr'><strong>Ecce</strong></span> <span class='ocrx_word' id='word_1_437' title='bbox 663 2940 764 2996; x_wconf 77' lang='lat' dir='ltr'><strong>ego</strong></span> <span class='ocrx_word' id='word_1_438' title='bbox 814 2925 974 2980; x_wconf 88' lang='lat' dir='ltr'><strong>mitto</strong></span> <span class='ocrx_word' id='word_1_439' title='bbox 1020 2923 1088 2978; x_wconf 89' lang='lat' dir='ltr'><strong>ad</strong></span> <span class='ocrx_word' id='word_1_440' title='bbox 1123 2939 1219 2978; x_wconf 83' lang='lat' dir='ltr'><strong>vos</strong></span> <span class='ocrx_word' id='word_1_441' title='bbox 1258 2921 1577 2993; x_wconf 85' lang='lat' dir='ltr'><strong>prophetas,</strong></span> <span class='ocrx_word' id='word_1_442' title='bbox 1633 2920 1933 2990; x_wconf 85' lang='lat' dir='ltr'><strong>sapientes,</strong></span> <span class='ocrx_word' id='word_1_443' title='bbox 1962 2928 2015 2974; x_wconf 91' lang='lat' dir='ltr'><strong>et</strong></span> 
     </span>
    </p>
   </div>
   <div class='ocr_carea' id='block_1_42' title="bbox 2092 2918 3679 2996">
    <p class='ocr_par' dir='ltr' id='par_1_42' title="bbox 2122 2918 3679 2990">
     <span class='ocr_line' id='line_1_48' title="bbox 2122 2918 3679 2990; baseline -0.001 -18"><span class='ocrx_word' id='word_1_444' title='bbox 2122 2918 2478 2986; x_wconf 73' lang='grc' dir='ltr'>Εὑαγγελίοις</span> <span class='ocrx_word' id='word_1_445' title='bbox 2510 2919 2538 2970; x_wconf 87' lang='lat'><strong>6</strong></span> <span class='ocrx_word' id='word_1_446' title='bbox 2569 2918 2772 2990; x_wconf 78' lang='grc' dir='ltr'>Κύριος</span> <span class='ocrx_word' id='word_1_447' title='bbox 2801 2919 2915 2982; x_wconf 87' lang='grc' dir='ltr'>τοῖς</span> <span class='ocrx_word' id='word_1_448' title='bbox 2961 2918 3234 2982; x_wconf 77' lang='grc' dir='ltr'><strong>Ἰουδαίοις</strong></span> <span class='ocrx_word' id='word_1_449' title='bbox 3263 2919 3642 2989; x_wconf 77' lang='grc' dir='ltr'>διαλεγόμενος</span> <span class='ocrx_word' id='word_1_450' title='bbox 3667 2933 3679 2948; x_wconf 93' lang='grc'><strong>·</strong></span> 
     </span>
    </p>
   </div>
   <div class='ocr_carea' id='block_1_43' title="bbox 439 3008 2026 3083">
    <p class='ocr_par' dir='ltr' id='par_1_43' title="bbox 439 3010 2014 3083">
     <span class='ocr_line' id='line_1_49' title="bbox 439 3010 2014 3083; baseline -0.005 -10"><span class='ocrx_word' id='word_1_451' title='bbox 439 3019 672 3083; x_wconf 85' lang='lat' dir='ltr'><strong>scribas,</strong></span> <span class='ocrx_word' id='word_1_452' title='bbox 699 3026 754 3072; x_wconf 93' lang='lat' dir='ltr'><strong>et</strong></span> <span class='ocrx_word' id='word_1_453' title='bbox 779 3031 970 3074; x_wconf 87' lang='lat' dir='ltr'><strong>eorum</strong></span> <span class='ocrx_word' id='word_1_454' title='bbox 1003 3014 1287 3077; x_wconf 88' lang='lat' dir='ltr'><strong>occidetis,</strong></span> <span class='ocrx_word' id='word_1_455' title='bbox 1329 3015 1496 3083; x_wconf 88' lang='lat' dir='ltr'><strong>inque</strong></span> <span class='ocrx_word' id='word_1_456' title='bbox 1523 3025 1744 3066; x_wconf 89' lang='lat' dir='ltr'><strong>crucem</strong></span> <span class='ocrx_word' id='word_1_457' title='bbox 1780 3010 2014 3082; x_wconf 81' lang='lat' dir='ltr'><strong>adigetis</strong></span> 
     </span>
    </p>
   </div>
   <div class='ocr_carea' id='block_1_44' title="bbox 2098 3008 3685 3083">
    <p class='ocr_par' dir='ltr' id='par_1_44' title="bbox 2129 3008 3685 3082">
     <span class='ocr_line' id='line_1_50' title="bbox 2129 3008 3685 3082; baseline 0.001 -19"><span class='ocrx_word' id='word_1_458' title='bbox 2129 3029 2148 3062; x_wconf 72' lang='grc' dir='ltr'>ι</span> <span class='ocrx_word' id='word_1_459' title='bbox 2184 3011 2294 3063; x_wconf 78' lang='grc' dir='ltr'><strong>Καὶ</strong></span> <span class='ocrx_word' id='word_1_460' title='bbox 2324 3011 2483 3080; x_wconf 82' lang='grc' dir='ltr'>ὑμεῖς</span> <span class='ocrx_word' id='word_1_461' title='bbox 2515 3008 2928 3082; x_wconf 80' lang='grc' dir='ltr'>[ὲ]πληρώσατε</span> <span class='ocrx_word' id='word_1_462' title='bbox 2960 3011 3021 3064; x_wconf 85' lang='grc' dir='ltr'>τὸ</span> <span class='ocrx_word' id='word_1_463' title='bbox 3051 3010 3248 3082; x_wconf 79' lang='grc' dir='ltr'><strong>μέτρον</strong></span> <span class='ocrx_word' id='word_1_464' title='bbox 3283 3011 3396 3065; x_wconf 85' lang='grc' dir='ltr'>τῶν</span> <span class='ocrx_word' id='word_1_465' title='bbox 3447 3009 3685 3082; x_wconf 81' lang='grc' dir='ltr'><strong>πατέρων</strong></span> 
     </span>
    </p>
   </div>
   <div class='ocr_carea' id='block_1_45' title="bbox 438 3105 2025 3180">
    <p class='ocr_par' dir='ltr' id='par_1_45' title="bbox 438 3105 2014 3179">
     <span class='ocr_line' id='line_1_51' title="bbox 438 3105 2014 3179; baseline -0.004 -17"><span class='ocrx_word' id='word_1_466' title='bbox 438 3111 650 3179; x_wconf 82' lang='lat' dir='ltr'><strong>aliquos</strong></span> <span class='ocrx_word' id='word_1_467' title='bbox 685 3108 765 3174; x_wconf 66' lang='lat'><strong>&quot;;</strong></span> <span class='ocrx_word' id='word_1_468' title='bbox 801 3127 820 3160; x_wconf 68' lang='grc' dir='ltr'><strong>ι</strong></span> <span class='ocrx_word' id='word_1_469' title='bbox 856 3107 944 3162; x_wconf 90' lang='lat' dir='ltr'><strong>cui</strong></span> <span class='ocrx_word' id='word_1_470' title='bbox 979 3107 1262 3176; x_wconf 80' lang='lat' dir='ltr'><strong>subjttngit</strong></span> <span class='ocrx_word' id='word_1_471' title='bbox 1293 3125 1306 3160; x_wconf 88' lang='lat'><strong>:</strong></span> <span class='ocrx_word' id='word_1_472' title='bbox 1347 3123 1366 3156; x_wconf 71' lang='grc' dir='ltr'><strong>ε</strong></span> <span class='ocrx_word' id='word_1_473' title='bbox 1401 3105 1523 3170; x_wconf 86' lang='lat' dir='ltr'><strong>Quo</strong></span> <span class='ocrx_word' id='word_1_474' title='bbox 1565 3118 1729 3172; x_wconf 81' lang='lat' dir='ltr'><strong>super</strong></span> <span class='ocrx_word' id='word_1_475' title='bbox 1754 3119 1853 3159; x_wconf 87' lang='lat' dir='ltr'><strong>vos</strong></span> <span class='ocrx_word' id='word_1_476' title='bbox 1875 3118 2014 3158; x_wconf 86' lang='lat' dir='ltr'><strong>cun-</strong></span> 
     </span>
    </p>
   </div>
   <div class='ocr_carea' id='block_1_46' title="bbox 2096 3105 3683 3180">
    <p class='ocr_par' dir='ltr' id='par_1_46' title="bbox 2123 3105 3683 3180">
     <span class='ocr_line' id='line_1_52' title="bbox 2123 3105 3683 3180; baseline -0.002 -20"><span class='ocrx_word' id='word_1_477' title='bbox 2123 3107 2300 3177; x_wconf 85' lang='grc' dir='ltr'>ύμῶν.</span> <span class='ocrx_word' id='word_1_478' title='bbox 2343 3110 2554 3177; x_wconf 73' lang='grc' dir='ltr'>Ὀερεις,</span> <span class='ocrx_word' id='word_1_479' title='bbox 2576 3109 2892 3180; x_wconf 81' lang='grc' dir='ltr'>γεννήματα</span> <span class='ocrx_word' id='word_1_480' title='bbox 2925 3108 3174 3178; x_wconf 76' lang='grc' dir='ltr'><strong>ἐχιδνῶν,</strong></span> <span class='ocrx_word' id='word_1_481' title='bbox 3209 3107 3329 3172; x_wconf 82' lang='grc' dir='ltr'>πῶς</span> <span class='ocrx_word' id='word_1_482' title='bbox 3354 3108 3558 3178; x_wconf 76' lang='grc' dir='ltr'>φύγητε</span> <span class='ocrx_word' id='word_1_483' title='bbox 3585 3105 3683 3160; x_wconf 75' lang='grc' dir='ltr'><strong>ἀπὸ</strong></span> 
     </span>
    </p>
   </div>
   <div class='ocr_carea' id='block_1_47' title="bbox 439 3193 2026 3270">
    <p class='ocr_par' dir='ltr' id='par_1_47' title="bbox 439 3195 2015 3268">
     <span class='ocr_line' id='line_1_53' title="bbox 439 3195 2015 3268; baseline -0.006 -11"><span class='ocrx_word' id='word_1_484' title='bbox 439 3213 566 3258; x_wconf 90' lang='lat' dir='ltr'><strong>ctus</strong></span> <span class='ocrx_word' id='word_1_485' title='bbox 613 3199 886 3268; x_wconf 79' lang='lat' dir='ltr'><strong>iustorum</strong></span> <span class='ocrx_word' id='word_1_486' title='bbox 927 3199 1176 3268; x_wconf 74' lang='lat' dir='ltr'><strong>sanguis,</strong></span> <span class='ocrx_word' id='word_1_487' title='bbox 1223 3199 1290 3252; x_wconf 87' lang='lat' dir='ltr'><strong>ab</strong></span> <span class='ocrx_word' id='word_1_488' title='bbox 1325 3197 1511 3251; x_wconf 84' lang='lat' dir='ltr'><strong>Abelis</strong></span> <span class='ocrx_word' id='word_1_489' title='bbox 1553 3195 1690 3265; x_wconf 77' lang='lat' dir='ltr'><strong>justi</strong></span> <span class='ocrx_word' id='word_1_490' title='bbox 1726 3195 2015 3266; x_wconf 77' lang='lat' dir='ltr'><strong>sanguine,</strong></span> 
     </span>
    </p>
   </div>
   <div class='ocr_carea' id='block_1_48' title="bbox 2097 3193 3684 3270">
    <p class='ocr_par' dir='ltr' id='par_1_48' title="bbox 2121 3193 3684 3270">
     <span class='ocr_line' id='line_1_54' title="bbox 2121 3193 3684 3270; baseline -0.002 -20"><span class='ocrx_word' id='word_1_491' title='bbox 2121 3201 2222 3270; x_wconf 77' lang='grc' dir='ltr'><strong>τῆς</strong></span> <span class='ocrx_word' id='word_1_492' title='bbox 2255 3199 2488 3269; x_wconf 81' lang='grc' dir='ltr'>κρίσεως</span> <span class='ocrx_word' id='word_1_493' title='bbox 2537 3201 2637 3268; x_wconf 80' lang='grc' dir='ltr'>τῆς</span> <span class='ocrx_word' id='word_1_494' title='bbox 2688 3199 2950 3268; x_wconf 79' lang='grc' dir='ltr'>γεέννης;</span> <span class='ocrx_word' id='word_1_495' title='bbox 3001 3200 3099 3252; x_wconf 82' lang='grc' dir='ltr'><strong>Διὰ</strong></span> <span class='ocrx_word' id='word_1_496' title='bbox 3139 3199 3322 3265; x_wconf 75' lang='grc' dir='ltr'>τοῦτο,</span> <span class='ocrx_word' id='word_1_497' title='bbox 3376 3219 3394 3252; x_wconf 85' lang='grc'><strong>(</strong></span> <span class='ocrx_word' id='word_1_498' title='bbox 3425 3200 3550 3262; x_wconf 77' lang='grc' dir='ltr'>ἰδοὺ,</span> <span class='ocrx_word' id='word_1_499' title='bbox 3583 3193 3684 3264; x_wconf 73' lang='grc' dir='ltr'><strong>ἐγὼ</strong></span> 
     </span>
    </p>
   </div>
   <div class='ocr_carea' id='block_1_49' title="bbox 435 3286 2022 3362">
    <p class='ocr_par' dir='ltr' id='par_1_49' title="bbox 435 3286 2016 3362">
     <span class='ocr_line' id='line_1_55' title="bbox 435 3286 2016 3362; baseline -0.005 -14"><span class='ocrx_word' id='word_1_500' title='bbox 435 3293 508 3348; x_wconf 77' lang='lat' dir='ltr'><strong>ad</strong></span> <span class='ocrx_word' id='word_1_501' title='bbox 557 3291 837 3347; x_wconf 70' lang='lat' dir='ltr'><strong>Zachariae</strong></span> <span class='ocrx_word' id='word_1_502' title='bbox 883 3289 982 3345; x_wconf 80' lang='lat' dir='ltr'><strong>ﬁlii</strong></span> <span class='ocrx_word' id='word_1_503' title='bbox 1031 3287 1316 3343; x_wconf 73' lang='lat' dir='ltr'><strong>Barachia:</strong></span> <span class='ocrx_word' id='word_1_504' title='bbox 1365 3302 1540 3358; x_wconf 87' lang='lat' dir='ltr'><strong>usque</strong></span> <span class='ocrx_word' id='word_1_505' title='bbox 1589 3289 1914 3362; x_wconf 79' lang='lat' dir='ltr'><strong>sanguinem</strong></span> <span class='ocrx_word' id='word_1_506' title='bbox 1961 3286 2016 3341; x_wconf 88' lang='lat' dir='ltr'><strong>itt</strong></span> 
     </span>
    </p>
   </div>
   <div class='ocr_carea' id='block_1_50' title="bbox 2097 3286 3684 3362">
    <p class='ocr_par' dir='ltr' id='par_1_50' title="bbox 2122 3287 3684 3362">
     <span class='ocr_line' id='line_1_56' title="bbox 2122 3287 3684 3362; baseline -0.003 -18"><span class='ocrx_word' id='word_1_507' title='bbox 2122 3289 2438 3344; x_wconf 78' lang='grc' dir='ltr'><strong>ἀποστέλλω</strong></span> <span class='ocrx_word' id='word_1_508' title='bbox 2483 3293 2562 3353; x_wconf 86' lang='grc' dir='ltr'>εἰς</span> <span class='ocrx_word' id='word_1_509' title='bbox 2617 3291 2763 3360; x_wconf 79' lang='grc' dir='ltr'>ὑμᾶς</span> <span class='ocrx_word' id='word_1_510' title='bbox 2809 3291 3131 3362; x_wconf 82' lang='grc' dir='ltr'>προφήτας,</span> <span class='ocrx_word' id='word_1_511' title='bbox 3183 3292 3278 3344; x_wconf 73' lang='grc' dir='ltr'><strong>καὶ</strong></span> <span class='ocrx_word' id='word_1_512' title='bbox 3331 3292 3544 3360; x_wconf 78' lang='grc' dir='ltr'>σοφοὺς,</span> <span class='ocrx_word' id='word_1_513' title='bbox 3597 3287 3684 3341; x_wconf 77' lang='grc' dir='ltr'><strong>καὶ</strong></span> 
     </span>
    </p>
   </div>
   <div class='ocr_carea' id='block_1_51' title="bbox 443 3361 2030 3452">
    <p class='ocr_par' dir='ltr' id='par_1_51' title="bbox 443 3361 1606 3440">
     <span class='ocr_line' id='line_1_57' title="bbox 443 3361 1606 3440; baseline -0.008 -2"><span class='ocrx_word' id='word_1_514' title='bbox 443 3396 644 3440; x_wconf 87' lang='lat' dir='ltr'><strong>terram</strong></span> <span class='ocrx_word' id='word_1_515' title='bbox 679 3383 887 3440; x_wconf 84' lang='lat' dir='ltr'><strong>eli&#39;usus</strong></span> <span class='ocrx_word' id='word_1_516' title='bbox 919 3381 1126 3437; x_wconf 89' lang='lat' dir='ltr'><strong>recidat</strong></span> <span class='ocrx_word' id='word_1_517' title='bbox 1155 3380 1221 3434; x_wconf 79' lang='grc' dir='ltr'><strong>⁸ο.</strong></span> <span class='ocrx_word' id='word_1_518' title='bbox 1263 3397 1282 3430; x_wconf 75' lang='grc' dir='ltr'><strong><em>ι</em></strong></span> <span class='ocrx_word' id='word_1_519' title='bbox 1593 3361 1606 3374; x_wconf 80' lang='grc'><em>’</em></span> 
     </span>
    </p>
   </div>
   <div class='ocr_carea' id='block_1_52' title="bbox 2098 3361 3685 3452">
    <p class='ocr_par' dir='ltr' id='par_1_52' title="bbox 2123 3381 3685 3452">
     <span class='ocr_line' id='line_1_58' title="bbox 2123 3381 3685 3452; baseline -0.001 -18"><span class='ocrx_word' id='word_1_520' title='bbox 2123 3383 2506 3452; x_wconf 74' lang='grc' dir='ltr'>γραμματεῖς·</span> <span class='ocrx_word' id='word_1_521' title='bbox 2541 3382 2634 3435; x_wconf 73' lang='grc' dir='ltr'>καὶ</span> <span class='ocrx_word' id='word_1_522' title='bbox 2667 3381 2726 3448; x_wconf 76' lang='grc' dir='ltr'>ἐξ</span> <span class='ocrx_word' id='word_1_523' title='bbox 2773 3383 2952 3436; x_wconf 77' lang='grc' dir='ltr'>αὐτῶν</span> <span class='ocrx_word' id='word_1_524' title='bbox 2995 3384 3352 3436; x_wconf 85' lang='grc' dir='ltr'>ἀποκτενεῖτε</span> <span class='ocrx_word' id='word_1_525' title='bbox 3397 3385 3488 3436; x_wconf 77' lang='grc' dir='ltr'>καὶ</span> <span class='ocrx_word' id='word_1_526' title='bbox 3535 3394 3685 3434; x_wconf 64' lang='lat' dir='ltr'><strong>cauo-</strong></span> 
     </span>
    </p>
   </div>
   <div class='ocr_carea' id='block_1_53' title="bbox 435 3458 3682 3544">
    <p class='ocr_par' dir='ltr' id='par_1_53' title="bbox 435 3458 3682 3544">
     <span class='ocr_line' id='line_1_59' title="bbox 435 3458 3682 3544; baseline -0.001 -13"><span class='ocrx_word' id='word_1_527' title='bbox 435 3476 669 3544; x_wconf 72' lang='grc' dir='ltr'>ρώσετε,</span> <span class='ocrx_word' id='word_1_528' title='bbox 711 3476 806 3529; x_wconf 72' lang='grc' dir='ltr'><strong>καὶ</strong></span> <span class='ocrx_word' id='word_1_529' title='bbox 843 3475 903 3542; x_wconf 73' lang='grc' dir='ltr'>ἐξ</span> <span class='ocrx_word' id='word_1_530' title='bbox 939 3473 1117 3528; x_wconf 78' lang='grc' dir='ltr'>αὐτῶν</span> <span class='ocrx_word' id='word_1_531' title='bbox 1165 3471 1542 3544; x_wconf 80' lang='grc' dir='ltr'>μαστιγώσετε</span> <span class='ocrx_word' id='word_1_532' title='bbox 1615 3473 1674 3526; x_wconf 78' lang='grc' dir='ltr'>ἐν</span> <span class='ocrx_word' id='word_1_533' title='bbox 1721 3474 1842 3537; x_wconf 79' lang='grc' dir='ltr'>ταῖς</span> <span class='ocrx_word' id='word_1_534' title='bbox 1884 3473 2239 3542; x_wconf 82' lang='grc' dir='ltr'>Συναγωγαῖς</span> <span class='ocrx_word' id='word_1_535' title='bbox 2307 3474 2484 3544; x_wconf 80' lang='grc' dir='ltr'>ὑμῶν,</span> <span class='ocrx_word' id='word_1_536' title='bbox 2543 3475 2639 3528; x_wconf 78' lang='grc' dir='ltr'>καὶ</span> <span class='ocrx_word' id='word_1_537' title='bbox 2681 3462 2898 3540; x_wconf 76' lang='grc' dir='ltr'>διώξετε</span> <span class='ocrx_word' id='word_1_538' title='bbox 2942 3476 3052 3529; x_wconf 83' lang='grc' dir='ltr'><strong>ἀπὸ</strong></span> <span class='ocrx_word' id='word_1_539' title='bbox 3096 3458 3306 3540; x_wconf 68' lang='grc' dir='ltr'>πτόλεως</span> <span class='ocrx_word' id='word_1_540' title='bbox 3375 3478 3454 3539; x_wconf 72' lang='grc' dir='ltr'>εἰς</span> <span class='ocrx_word' id='word_1_541' title='bbox 3521 3474 3682 3529; x_wconf 72' lang='grc' dir='ltr'>πόλιν*</span> 
     </span>
    </p>
   </div>
   <div class='ocr_carea' id='block_1_54' title="bbox 437 3563 3684 3655">
    <p class='ocr_par' dir='ltr' id='par_1_54' title="bbox 437 3563 3684 3655">
     <span class='ocr_line' id='line_1_60' title="bbox 437 3563 3684 3655; baseline -0.001 -32"><span class='ocrx_word' id='word_1_542' title='bbox 437 3573 588 3636; x_wconf 73' lang='grc' dir='ltr'><strong>ὅπως</strong></span> <span class='ocrx_word' id='word_1_543' title='bbox 618 3571 748 3646; x_wconf 78' lang='grc' dir='ltr'><strong>ἔλθῃ</strong></span> <span class='ocrx_word' id='word_1_544' title='bbox 777 3571 862 3640; x_wconf 75' lang='grc' dir='ltr'><strong>ἐφ’</strong></span> <span class='ocrx_word' id='word_1_545' title='bbox 895 3570 1040 3641; x_wconf 76' lang='grc' dir='ltr'>ὑμᾶς</span> <span class='ocrx_word' id='word_1_546' title='bbox 1079 3571 1187 3622; x_wconf 81' lang='grc' dir='ltr'>πᾶν</span> <span class='ocrx_word' id='word_1_547' title='bbox 1220 3563 1359 3637; x_wconf 72' lang='grc' dir='ltr'>αἷμα</span> <span class='ocrx_word' id='word_1_548' title='bbox 1403 3567 1616 3622; x_wconf 78' lang='grc' dir='ltr'>δίκαιον</span> <span class='ocrx_word' id='word_1_549' title='bbox 1658 3567 2018 3638; x_wconf 79' lang='grc' dir='ltr'>ὲκχυνόμενον</span> <span class='ocrx_word' id='word_1_550' title='bbox 2057 3569 2150 3620; x_wconf 75' lang='grc' dir='ltr'><strong>ἐπὶ</strong></span> <span class='ocrx_word' id='word_1_551' title='bbox 2185 3568 2282 3639; x_wconf 79' lang='grc' dir='ltr'>τὴν</span> <span class='ocrx_word' id='word_1_552' title='bbox 2320 3569 2444 3639; x_wconf 77' lang='grc' dir='ltr'>γῆν,</span> <span class='ocrx_word' id='word_1_553' title='bbox 2501 3568 2610 3622; x_wconf 78' lang='grc' dir='ltr'><strong>ἀπὸ</strong></span> <span class='ocrx_word' id='word_1_554' title='bbox 2648 3569 2740 3622; x_wconf 78' lang='grc' dir='ltr'>τοῦ</span> <span class='ocrx_word' id='word_1_555' title='bbox 2785 3569 3018 3640; x_wconf 82' lang='grc' dir='ltr'>αἵματος</span> <span class='ocrx_word' id='word_1_556' title='bbox 3087 3569 3254 3622; x_wconf 75' lang='grc' dir='ltr'>’Ἅϐελ</span> <span class='ocrx_word' id='word_1_557' title='bbox 3323 3568 3420 3623; x_wconf 81' lang='grc' dir='ltr'>τοῦ</span> <span class='ocrx_word' id='word_1_558' title='bbox 3465 3568 3684 3655; x_wconf 50' lang='grc' dir='ltr'><strong>δικαίουἰ</strong></span> 
     </span>
    </p>
   </div>
   <div class='ocr_carea' id='block_1_55' title="bbox 437 3657 3396 3734">
    <p class='ocr_par' dir='ltr' id='par_1_55' title="bbox 437 3657 3396 3734">
     <span class='ocr_line' id='line_1_61' title="bbox 437 3657 3396 3734; baseline -0.001 -16"><span class='ocrx_word' id='word_1_559' title='bbox 437 3665 544 3728; x_wconf 75' lang='grc' dir='ltr'><strong>ἓως</strong></span> <span class='ocrx_word' id='word_1_560' title='bbox 577 3663 810 3734; x_wconf 76' lang='grc' dir='ltr'>αἵματος</span> <span class='ocrx_word' id='word_1_561' title='bbox 846 3659 1120 3732; x_wconf 79' lang='grc' dir='ltr'>Ζαχαρίου</span> <span class='ocrx_word' id='word_1_562' title='bbox 1169 3657 1286 3711; x_wconf 83' lang='grc' dir='ltr'><strong>υἱοῦ</strong></span> <span class='ocrx_word' id='word_1_563' title='bbox 1329 3657 1630 3727; x_wconf 81' lang='grc' dir='ltr'>Βαραχίου,</span> <span class='ocrx_word' id='word_1_564' title='bbox 1684 3657 1742 3711; x_wconf 85' lang='grc' dir='ltr'>ὃν</span> <span class='ocrx_word' id='word_1_565' title='bbox 1787 3658 2119 3727; x_wconf 65' lang='grc' dir='ltr'>ἐφονεύσατε</span> <span class='ocrx_word' id='word_1_566' title='bbox 2158 3659 2363 3731; x_wconf 79' lang='grc' dir='ltr'>μεταξὺ</span> <span class='ocrx_word' id='word_1_567' title='bbox 2391 3663 2486 3713; x_wconf 77' lang='grc' dir='ltr'>τοῦ</span> <span class='ocrx_word' id='word_1_568' title='bbox 2515 3659 2644 3714; x_wconf 75' lang='grc' dir='ltr'>ναοῦ</span> <span class='ocrx_word' id='word_1_569' title='bbox 2675 3660 2772 3714; x_wconf 73' lang='grc' dir='ltr'><strong>καὶ</strong></span> <span class='ocrx_word' id='word_1_570' title='bbox 2803 3660 2896 3714; x_wconf 79' lang='grc' dir='ltr'>τοῦ</span> <span class='ocrx_word' id='word_1_571' title='bbox 2925 3659 3338 3732; x_wconf 77' lang='grc' dir='ltr'>Θυσιαστηρίου.</span> <span class='ocrx_word' id='word_1_572' title='bbox 3376 3681 3396 3714; x_wconf 77' lang='lat' dir='ltr'><strong>s</strong></span> 
     </span>
    </p>
   </div>
   <div class='ocr_carea' id='block_1_56' title="bbox 523 3773 3686 3848">
    <p class='ocr_par' dir='ltr' id='par_1_56' title="bbox 523 3773 3686 3848">
     <span class='ocr_line' id='line_1_62' title="bbox 523 3773 3686 3848; baseline -0.001 -16"><span class='ocrx_word' id='word_1_573' title='bbox 523 3779 656 3846; x_wconf 82' lang='lat' dir='ltr'><strong>Quae</strong></span> <span class='ocrx_word' id='word_1_574' title='bbox 681 3793 817 3836; x_wconf 86' lang='lat' dir='ltr'><strong>sane</strong></span> <span class='ocrx_word' id='word_1_575' title='bbox 844 3787 1038 3834; x_wconf 87' lang='lat' dir='ltr'><strong>cuncta</strong></span> <span class='ocrx_word' id='word_1_576' title='bbox 1069 3783 1194 3846; x_wconf 82' lang='lat' dir='ltr'><strong>post</strong></span> <span class='ocrx_word' id='word_1_577' title='bbox 1229 3773 1471 3828; x_wconf 80' lang='lat' dir='ltr'><strong>furorem</strong></span> <span class='ocrx_word' id='word_1_578' title='bbox 1498 3789 1620 3828; x_wconf 90' lang='lat' dir='ltr'><strong>cum</strong></span> <span class='ocrx_word' id='word_1_579' title='bbox 1655 3775 1876 3830; x_wconf 84' lang='lat' dir='ltr'><strong>Christo</strong></span> <span class='ocrx_word' id='word_1_580' title='bbox 1912 3778 2200 3848; x_wconf 78' lang='lat' dir='ltr'><strong>agitatum,</strong></span> <span class='ocrx_word' id='word_1_581' title='bbox 2229 3778 2434 3848; x_wconf 86' lang='lat' dir='ltr'><strong>templo</strong></span> <span class='ocrx_word' id='word_1_582' title='bbox 2464 3777 2583 3848; x_wconf 90' lang='lat' dir='ltr'><strong>ipso</strong></span> <span class='ocrx_word' id='word_1_583' title='bbox 2615 3792 2832 3848; x_wconf 86' lang='lat' dir='ltr'><strong>quoque</strong></span> <span class='ocrx_word' id='word_1_584' title='bbox 2871 3777 2953 3832; x_wconf 87' lang='lat' dir='ltr'><strong>eis</strong></span> <span class='ocrx_word' id='word_1_585' title='bbox 2985 3790 3178 3832; x_wconf 85' lang='lat' dir='ltr'><strong>everso</strong></span> <span class='ocrx_word' id='word_1_586' title='bbox 3205 3777 3537 3848; x_wconf 80' lang='lat' dir='ltr'><strong>supplicium</strong></span> <span class='ocrx_word' id='word_1_587' title='bbox 3566 3782 3686 3833; x_wconf 89' lang='lat' dir='ltr'><strong>sunt</strong></span> 
     </span>
    </p>
   </div>
   <div class='ocr_carea' id='block_1_57' title="bbox 439 3875 762 3924">
    <p class='ocr_par' dir='ltr' id='par_1_57' title="bbox 439 3875 762 3924">
     <span class='ocr_line' id='line_1_63' title="bbox 439 3875 762 3924; baseline -0.019 0"><span class='ocrx_word' id='word_1_588' title='bbox 439 3875 762 3924; x_wconf 82' lang='lat' dir='ltr'><strong>consecuta.</strong></span> 
     </span>
    </p>
   </div>
   <div class='ocr_carea' id='block_1_58' title="bbox 513 3951 2100 4026">
    <p class='ocr_par' dir='ltr' id='par_1_58' title="bbox 513 3951 2020 4014">
     <span class='ocr_line' id='line_1_64' title="bbox 513 3951 2020 4014; baseline -0.003 -2"><span class='ocrx_word' id='word_1_589' title='bbox 513 3959 734 4014; x_wconf 78' lang='lat' dir='ltr'><strong>Necnon</strong></span> <span class='ocrx_word' id='word_1_590' title='bbox 784 3956 1026 4010; x_wconf 86' lang='lat' dir='ltr'><strong>vindicta</strong></span> <span class='ocrx_word' id='word_1_591' title='bbox 1071 3955 1139 4009; x_wconf 88' lang='lat' dir='ltr'><strong>ab</strong></span> <span class='ocrx_word' id='word_1_592' title='bbox 1196 3953 1450 4009; x_wconf 83' lang='lat' dir='ltr'><strong>hostibus</strong></span> <span class='ocrx_word' id='word_1_593' title='bbox 1510 3951 1880 4008; x_wconf 85' lang='lat' dir='ltr'><strong>invisibilibus</strong></span> <span class='ocrx_word' id='word_1_594' title='bbox 1933 3964 2020 4010; x_wconf 89' lang='lat' dir='ltr'><strong>est</strong></span> 
     </span>
    </p>
   </div>
   <div class='ocr_carea' id='block_1_59' title="bbox 2095 3951 3682 4026">
    <p class='ocr_par' dir='ltr' id='par_1_59' title="bbox 2131 3954 3682 4026">
     <span class='ocr_line' id='line_1_65' title="bbox 2131 3954 3682 4026; baseline -0.002 -18"><span class='ocrx_word' id='word_1_595' title='bbox 2131 4009 2148 4022; x_wconf 37' lang='grc' dir='ltr'>μ</span> <span class='ocrx_word' id='word_1_596' title='bbox 2207 3955 2580 4024; x_wconf 83' lang='grc' dir='ltr'>Ἑκδεδῐκηται</span> <span class='ocrx_word' id='word_1_597' title='bbox 2616 3955 2675 4009; x_wconf 84' lang='grc' dir='ltr'><strong>δὲ</strong></span> <span class='ocrx_word' id='word_1_598' title='bbox 2715 3956 2812 4008; x_wconf 70' lang='grc' dir='ltr'>καὶ</span> <span class='ocrx_word' id='word_1_599' title='bbox 2861 3957 2971 4010; x_wconf 76' lang='grc' dir='ltr'>ἀπο</span> <span class='ocrx_word' id='word_1_600' title='bbox 3015 3956 3124 4010; x_wconf 85' lang='grc' dir='ltr'>τῶν</span> <span class='ocrx_word' id='word_1_601' title='bbox 3177 3956 3425 4024; x_wconf 75' lang='grc' dir='ltr'>ἀοράτων</span> <span class='ocrx_word' id='word_1_602' title='bbox 3466 3954 3682 4026; x_wconf 77' lang='grc' dir='ltr'>ἐχθρῶνι</span> 
     </span>
    </p>
   </div>
   <div class='ocr_carea' id='block_1_60' title="bbox 441 4041 2028 4121">
    <p class='ocr_par' dir='ltr' id='par_1_60' title="bbox 441 4047 2017 4121">
     <span class='ocr_line' id='line_1_66' title="bbox 441 4047 2017 4121; baseline -0.004 -12"><span class='ocrx_word' id='word_1_603' title='bbox 441 4057 588 4111; x_wconf 86' lang='lat' dir='ltr'><strong>illata</strong></span> <span class='ocrx_word' id='word_1_604' title='bbox 631 4063 870 4108; x_wconf 48' lang='lat' dir='ltr'><strong>:‘contra</strong></span> <span class='ocrx_word' id='word_1_605' title='bbox 905 4065 1046 4121; x_wconf 89' lang='lat' dir='ltr'><strong>quos</strong></span> <span class='ocrx_word' id='word_1_606' title='bbox 1095 4048 1284 4103; x_wconf 85' lang='lat' dir='ltr'><strong>divino</strong></span> <span class='ocrx_word' id='word_1_607' title='bbox 1325 4047 1612 4116; x_wconf 82' lang='lat' dir='ltr'><strong>repurgati</strong></span> <span class='ocrx_word' id='word_1_608' title='bbox 1657 4049 1924 4118; x_wconf 83' lang='lat' dir='ltr'><strong>sanguine</strong></span> <span class='ocrx_word' id='word_1_609' title='bbox 1962 4055 2017 4102; x_wconf 90' lang='lat' dir='ltr'><strong>et</strong></span> 
     </span>
    </p>
   </div>
   <div class='ocr_carea' id='block_1_61' title="bbox 2096 4041 3683 4121">
    <p class='ocr_par' dir='ltr' id='par_1_61' title="bbox 2123 4041 3683 4118">
     <span class='ocr_line' id='line_1_67' title="bbox 2123 4041 3683 4118; baseline -0.003 -18"><span class='ocrx_word' id='word_1_610' title='bbox 2123 4047 2244 4101; x_wconf 79' lang='grc' dir='ltr'><strong>καθ’</strong></span> <span class='ocrx_word' id='word_1_611' title='bbox 2275 4041 2352 4100; x_wconf 84' lang='grc' dir='ltr'>ὧν</span> <span class='ocrx_word' id='word_1_612' title='bbox 2384 4047 2447 4100; x_wconf 76' lang='grc' dir='ltr'><strong>τὸ</strong></span> <span class='ocrx_word' id='word_1_613' title='bbox 2473 4046 2675 4118; x_wconf 84' lang='grc' dir='ltr'>Θάρσος</span> <span class='ocrx_word' id='word_1_614' title='bbox 2702 4047 3029 4117; x_wconf 72' lang='grc' dir='ltr'>εἱλήφαμεν,</span> <span class='ocrx_word' id='word_1_615' title='bbox 3064 4046 3142 4117; x_wconf 80' lang='grc' dir='ltr'><strong>τῷ</strong></span> <span class='ocrx_word' id='word_1_616' title='bbox 3167 4047 3299 4116; x_wconf 78' lang='grc' dir='ltr'>θείῳ</span> <span class='ocrx_word' id='word_1_617' title='bbox 3340 4043 3683 4116; x_wconf 76' lang='grc' dir='ltr'>καθαρισθέν-</span> 
     </span>
    </p>
   </div>
   <div class='ocr_carea' id='block_1_62' title="bbox 445 4137 2032 4212">
    <p class='ocr_par' dir='ltr' id='par_1_62' title="bbox 445 4140 2010 4212">
     <span class='ocr_line' id='line_1_68' title="bbox 445 4140 2010 4212; baseline -0.004 -9"><span class='ocrx_word' id='word_1_618' title='bbox 445 4151 685 4212; x_wconf 86' lang='lat' dir='ltr'><strong>lavacro,</strong></span> <span class='ocrx_word' id='word_1_619' title='bbox 739 4146 981 4198; x_wconf 88' lang='lat' dir='ltr'><strong>animum</strong></span> <span class='ocrx_word' id='word_1_620' title='bbox 1039 4140 1424 4210; x_wconf 83' lang='lat' dir='ltr'><strong>sumpsimus,</strong></span> <span class='ocrx_word' id='word_1_621' title='bbox 1480 4153 1590 4207; x_wconf 90' lang='lat' dir='ltr'><strong>quo</strong></span> <span class='ocrx_word' id='word_1_622' title='bbox 1637 4147 1784 4192; x_wconf 86' lang='lat' dir='ltr'><strong>terra</strong></span> <span class='ocrx_word' id='word_1_623' title='bbox 1835 4140 2010 4196; x_wconf 88' lang='lat' dir='ltr'><strong>simus</strong></span> 
     </span>
    </p>
   </div>
   <div class='ocr_carea' id='block_1_63' title="bbox 2100 4137 3687 4212">
    <p class='ocr_par' dir='ltr' id='par_1_63' title="bbox 2116 4137 3687 4209">
     <span class='ocr_line' id='line_1_69' title="bbox 2116 4137 3687 4209; baseline -0.004 -17"><span class='ocrx_word' id='word_1_624' title='bbox 2116 4157 2206 4202; x_wconf 84' lang='grc' dir='ltr'><strong>τες</strong></span> <span class='ocrx_word' id='word_1_625' title='bbox 2258 4139 2455 4209; x_wconf 80' lang='grc' dir='ltr'>αἵματι</span> <span class='ocrx_word' id='word_1_626' title='bbox 2509 4138 2604 4192; x_wconf 74' lang='grc' dir='ltr'><strong>καὶ</strong></span> <span class='ocrx_word' id='word_1_627' title='bbox 2645 4137 2890 4208; x_wconf 78' lang='grc' dir='ltr'><strong>λουτρῷ⁸</strong></span> <span class='ocrx_word' id='word_1_628' title='bbox 2933 4138 3008 4201; x_wconf 86' lang='grc' dir='ltr'><strong>ὡς</strong></span> <span class='ocrx_word' id='word_1_629' title='bbox 3056 4137 3122 4190; x_wconf 78' lang='grc' dir='ltr'><strong>ἂν</strong></span> <span class='ocrx_word' id='word_1_630' title='bbox 3166 4138 3236 4207; x_wconf 88' lang='grc' dir='ltr'>γῆ</span> <span class='ocrx_word' id='word_1_631' title='bbox 3289 4137 3568 4206; x_wconf 81' lang='grc' dir='ltr'>γενόμενοι</span> <span class='ocrx_word' id='word_1_632' title='bbox 3597 4149 3687 4186; x_wconf 87' lang='grc' dir='ltr'><strong>κα·</strong></span> 
     </span>
    </p>
   </div>
   <div class='ocr_carea' id='block_1_64' title="bbox 443 4221 2030 4309">
    <p class='ocr_par' dir='ltr' id='par_1_64' title="bbox 443 4227 2016 4309">
     <span class='ocr_line' id='line_1_70' title="bbox 443 4227 2016 4309; baseline -0.007 -16"><span class='ocrx_word' id='word_1_633' title='bbox 443 4254 579 4309; x_wconf 89' lang='lat' dir='ltr'><strong>pura</strong></span> <span class='ocrx_word' id='word_1_634' title='bbox 641 4245 696 4292; x_wconf 90' lang='lat' dir='ltr'><strong>et</strong></span> <span class='ocrx_word' id='word_1_635' title='bbox 757 4234 995 4289; x_wconf 84' lang='lat' dir='ltr'><strong>fructum</strong></span> <span class='ocrx_word' id='word_1_636' title='bbox 1053 4231 1294 4287; x_wconf 80' lang='lat' dir='ltr'><strong>feramus</strong></span> <span class='ocrx_word' id='word_1_637' title='bbox 1352 4230 1551 4299; x_wconf 89' lang='lat' dir='ltr'><strong>partim</strong></span> <span class='ocrx_word' id='word_1_638' title='bbox 1615 4227 2016 4299; x_wconf 74' lang='lat' dir='ltr'><strong>trigccu&#39;plum,</strong></span> 
     </span>
    </p>
   </div>
   <div class='ocr_carea' id='block_1_65' title="bbox 2100 4221 3687 4309">
    <p class='ocr_par' dir='ltr' id='par_1_65' title="bbox 2125 4225 3687 4301">
     <span class='ocr_line' id='line_1_71' title="bbox 2125 4225 3687 4301; baseline -0.004 -18"><span class='ocrx_word' id='word_1_639' title='bbox 2125 4229 2289 4301; x_wconf 78' lang='grc' dir='ltr'>θαρὰ,</span> <span class='ocrx_word' id='word_1_640' title='bbox 2322 4229 2766 4300; x_wconf 77' lang='grc' dir='ltr'>καρποφορῶμεν</span> <span class='ocrx_word' id='word_1_641' title='bbox 2795 4228 2900 4282; x_wconf 79' lang='grc' dir='ltr'><strong>ἀνὰ</strong></span> <span class='ocrx_word' id='word_1_642' title='bbox 2921 4228 2966 4280; x_wconf 87' lang='grc' dir='ltr'>λ’</span> <span class='ocrx_word' id='word_1_643' title='bbox 2998 4229 3093 4282; x_wconf 72' lang='lat' dir='ltr'><strong>mi.</strong></span> <span class='ocrx_word' id='word_1_644' title='bbox 3119 4228 3160 4294; x_wconf 78' lang='grc' dir='ltr'><strong>ξ’</strong></span> <span class='ocrx_word' id='word_1_645' title='bbox 3187 4229 3282 4282; x_wconf 73' lang='grc' dir='ltr'>καὶ</span> <span class='ocrx_word' id='word_1_646' title='bbox 3312 4226 3381 4300; x_wconf 87' lang='grc' dir='ltr'>ρ’,</span> <span class='ocrx_word' id='word_1_647' title='bbox 3413 4228 3510 4280; x_wconf 82' lang='grc' dir='ltr'><strong>οὐκ</strong></span> <span class='ocrx_word' id='word_1_648' title='bbox 3531 4225 3687 4280; x_wconf 71' lang='grc' dir='ltr'>ἀκάνο</span> 
     </span>
    </p>
   </div>
   <div class='ocr_carea' id='block_1_66' title="bbox 442 4315 2029 4398">
    <p class='ocr_par' dir='ltr' id='par_1_66' title="bbox 442 4318 2020 4398">
     <span class='ocr_line' id='line_1_72' title="bbox 442 4318 2020 4398; baseline -0.007 -14"><span class='ocrx_word' id='word_1_649' title='bbox 442 4327 888 4398; x_wconf 76' lang='lat' dir='ltr'><strong>scxagecuplum,</strong></span> <span class='ocrx_word' id='word_1_650' title='bbox 921 4333 976 4380; x_wconf 90' lang='lat' dir='ltr'><strong>et</strong></span> <span class='ocrx_word' id='word_1_651' title='bbox 1010 4319 1414 4390; x_wconf 74' lang='lat' dir='ltr'><strong>centuplum&quot;,</strong></span> <span class='ocrx_word' id='word_1_652' title='bbox 1465 4333 1572 4372; x_wconf 90' lang='lat' dir='ltr'><strong>non</strong></span> <span class='ocrx_word' id='word_1_653' title='bbox 1617 4318 1828 4388; x_wconf 85' lang='lat' dir='ltr'><strong>spinas.</strong></span> <span class='ocrx_word' id='word_1_654' title='bbox 1863 4319 2020 4374; x_wconf 89' lang='lat' dir='ltr'><strong>Insu-</strong></span> 
     </span>
    </p>
   </div>
   <div class='ocr_carea' id='block_1_67' title="bbox 2098 4315 3685 4398">
    <p class='ocr_par' dir='ltr' id='par_1_67' title="bbox 2129 4315 3685 4392">
     <span class='ocr_line' id='line_1_73' title="bbox 2129 4315 3685 4392; baseline 0 -16"><span class='ocrx_word' id='word_1_655' title='bbox 2129 4321 2228 4384; x_wconf 79' lang='grc' dir='ltr'>ϐας</span> <span class='ocrx_word' id='word_1_656' title='bbox 2263 4323 2359 4374; x_wconf 80' lang='grc' dir='ltr'><strong>καὶ</strong></span> <span class='ocrx_word' id='word_1_657' title='bbox 2380 4321 2664 4392; x_wconf 75' lang='grc' dir='ltr'>τριϐόλους</span> <span class='ocrx_word' id='word_1_658' title='bbox 2697 4321 2777 4374; x_wconf 76' lang='grc' dir='ltr'><strong>ἔτι</strong></span> <span class='ocrx_word' id='word_1_659' title='bbox 2803 4321 3216 4392; x_wconf 79' lang='grc' dir='ltr'>βλαστάνοντες,</span> <span class='ocrx_word' id='word_1_660' title='bbox 3252 4319 3535 4390; x_wconf 84' lang='grc' dir='ltr'>γεγονότες</span> <span class='ocrx_word' id='word_1_661' title='bbox 3560 4315 3685 4386; x_wconf 76' lang='grc' dir='ltr'>ἀρᾶς</span> 
     </span>
    </p>
   </div>
   <div class='ocr_carea' id='block_1_68' title="bbox 445 4407 2032 4488">
    <p class='ocr_par' dir='ltr' id='par_1_68' title="bbox 445 4407 2020 4488">
     <span class='ocr_line' id='line_1_74' title="bbox 445 4407 2020 4488; baseline -0.005 -14"><span class='ocrx_word' id='word_1_662' title='bbox 445 4435 544 4488; x_wconf 86' lang='lat' dir='ltr'><strong>per</strong></span> <span class='ocrx_word' id='word_1_663' title='bbox 567 4419 729 4474; x_wconf 88' lang='lat' dir='ltr'><strong>etiam</strong></span> <span class='ocrx_word' id='word_1_664' title='bbox 757 4417 849 4486; x_wconf 90' lang='lat' dir='ltr'><strong>qui</strong></span> <span class='ocrx_word' id='word_1_665' title='bbox 883 4413 1116 4470; x_wconf 86' lang='lat' dir='ltr'><strong>tribulos</strong></span> <span class='ocrx_word' id='word_1_666' title='bbox 1145 4410 1444 4466; x_wconf 83' lang='lat' dir='ltr'><strong>edebamus</strong></span> <span class='ocrx_word' id='word_1_667' title='bbox 1473 4407 1602 4466; x_wconf 77' lang='lat' dir='ltr'><strong>facti</strong></span> <span class='ocrx_word' id='word_1_668' title='bbox 1636 4425 1826 4466; x_wconf 83' lang='lat' dir='ltr'><strong>sumus</strong></span> <span class='ocrx_word' id='word_1_669' title='bbox 1860 4425 2020 4466; x_wconf 78' lang='lat' dir='ltr'><strong>exse-</strong></span> 
     </span>
    </p>
   </div>
   <div class='ocr_carea' id='block_1_69' title="bbox 1232 4407 2819 4488">
    <p class='ocr_par' dir='ltr' id='par_1_69' title="bbox 1232 4407 2819 4484">
     <span class='ocr_line' id='line_1_75' title="bbox 1232 4407 2819 4484; baseline 0.001 -19"><span class='ocrx_word' id='word_1_670' title='bbox 1232 4411 1444 4466; x_wconf 78' lang='lat' dir='ltr'><strong>:bamus</strong></span> <span class='ocrx_word' id='word_1_671' title='bbox 1473 4407 1602 4466; x_wconf 78' lang='lat' dir='ltr'><strong>facti</strong></span> <span class='ocrx_word' id='word_1_672' title='bbox 1636 4425 1826 4466; x_wconf 85' lang='lat' dir='ltr'><strong>sumus</strong></span> <span class='ocrx_word' id='word_1_673' title='bbox 1860 4425 2020 4466; x_wconf 79' lang='lat' dir='ltr'><strong>exse-</strong></span> <span class='ocrx_word' id='word_1_674' title='bbox 2128 4415 2228 4484; x_wconf 80' lang='grc' dir='ltr'>τῆς</span> <span class='ocrx_word' id='word_1_675' title='bbox 2261 4413 2495 4484; x_wconf 76' lang='grc' dir='ltr'>ἀρχαίας</span> <span class='ocrx_word' id='word_1_676' title='bbox 2524 4412 2819 4480; x_wconf 76' lang='grc' dir='ltr'>ἐλεύθεροι.</span> 
     </span>
    </p>
   </div>
   <div class='ocr_carea' id='block_1_70' title="bbox 445 4505 1172 4578">
    <p class='ocr_par' dir='ltr' id='par_1_70' title="bbox 445 4505 1172 4578">
     <span class='ocr_line' id='line_1_76' title="bbox 445 4505 1172 4578; baseline -0.01 -14"><span class='ocrx_word' id='word_1_677' title='bbox 445 4511 694 4564; x_wconf 90' lang='lat' dir='ltr'><strong>cratione</strong></span> <span class='ocrx_word' id='word_1_678' title='bbox 729 4508 956 4578; x_wconf 90' lang='lat' dir='ltr'><strong>antiqua</strong></span> <span class='ocrx_word' id='word_1_679' title='bbox 992 4505 1172 4560; x_wconf 82' lang='lat' dir='ltr'><strong>liberi.</strong></span> 
     </span>
    </p>
   </div>
   <div class='ocr_carea' id='block_1_71' title="bbox 524 4603 3686 4694">
    <p class='ocr_par' dir='ltr' id='par_1_71' title="bbox 524 4603 3686 4694">
     <span class='ocr_line' id='line_1_77' title="bbox 524 4603 3686 4694; baseline -0.006 -16"><span class='ocrx_word' id='word_1_680' title='bbox 524 4625 600 4690; x_wconf 77' lang='lat' dir='ltr'><strong>Et</strong></span> <span class='ocrx_word' id='word_1_681' title='bbox 619 4626 893 4694; x_wconf 84' lang='lat' dir='ltr'><strong>ingressus</strong></span> <span class='ocrx_word' id='word_1_682' title='bbox 933 4631 1011 4676; x_wconf 89' lang='lat' dir='ltr'><strong>est</strong></span> <span class='ocrx_word' id='word_1_683' title='bbox 1089 4616 1292 4687; x_wconf 82' lang='lat' dir='ltr'><strong>Moses,</strong></span> <span class='ocrx_word' id='word_1_684' title='bbox 1347 4633 1396 4678; x_wconf 89' lang='lat' dir='ltr'><strong>et</strong></span> <span class='ocrx_word' id='word_1_685' title='bbox 1439 4625 1647 4680; x_wconf 81' lang='lat' dir='ltr'><strong>locutus</strong></span> <span class='ocrx_word' id='word_1_686' title='bbox 1707 4631 1785 4674; x_wconf 85' lang='lat' dir='ltr'><strong>est</strong></span> <span class='ocrx_word' id='word_1_687' title='bbox 1833 4627 2048 4674; x_wconf 85' lang='lat' dir='ltr'><strong>cunctos</strong></span> <span class='ocrx_word' id='word_1_688' title='bbox 2095 4635 2358 4674; x_wconf 82' lang='lat' dir='ltr'><strong>sermones</strong></span> <span class='ocrx_word' id='word_1_689' title='bbox 2405 4617 2534 4688; x_wconf 82' lang='lat' dir='ltr'><strong>legis</strong></span> <span class='ocrx_word' id='word_1_690' title='bbox 2579 4616 2737 4685; x_wconf 84' lang='lat' dir='ltr'><strong>hujus</strong></span> <span class='ocrx_word' id='word_1_691' title='bbox 2776 4617 2832 4668; x_wconf 88' lang='lat' dir='ltr'><strong>in</strong></span> <span class='ocrx_word' id='word_1_692' title='bbox 2879 4631 3034 4669; x_wconf 85' lang='lat' dir='ltr'><strong>aures</strong></span> <span class='ocrx_word' id='word_1_693' title='bbox 3061 4611 3245 4682; x_wconf 80' lang='lat' dir='ltr'><strong>populi</strong></span> <span class='ocrx_word' id='word_1_694' title='bbox 3300 4613 3411 4680; x_wconf 79' lang='lat' dir='ltr'><strong>ipse</strong></span> <span class='ocrx_word' id='word_1_695' title='bbox 3449 4617 3498 4665; x_wconf 87' lang='lat' dir='ltr'><strong>et</strong></span> <span class='ocrx_word' id='word_1_696' title='bbox 3534 4603 3686 4662; x_wconf 73' lang='lat' dir='ltr'><strong>Iosue</strong></span> 
     </span>
    </p>
   </div>
   <div class='ocr_carea' id='block_1_72' title="bbox 455 4699 3678 4783">
    <p class='ocr_par' dir='ltr' id='par_1_72' title="bbox 455 4699 3678 4783">
     <span class='ocr_line' id='line_1_78' title="bbox 455 4699 3678 4783; baseline -0.007 -17"><span class='ocrx_word' id='word_1_697' title='bbox 455 4713 603 4783; x_wconf 75' lang='lat' dir='ltr'><strong>ﬁlius</strong></span> <span class='ocrx_word' id='word_1_698' title='bbox 631 4710 799 4766; x_wconf 82' lang='lat' dir='ltr'><strong>Nave.</strong></span> <span class='ocrx_word' id='word_1_699' title='bbox 818 4707 962 4782; x_wconf 54' lang='grc' dir='ltr'>με]</span> <span class='ocrx_word' id='word_1_700' title='bbox 981 4708 1112 4762; x_wconf 84' lang='lat' dir='ltr'><strong>Post</strong></span> <span class='ocrx_word' id='word_1_701' title='bbox 1143 4709 1420 4780; x_wconf 75' lang='lat' dir='ltr'><strong>principes</strong></span> <span class='ocrx_word' id='word_1_702' title='bbox 1443 4709 1511 4764; x_wconf 87' lang='lat' dir='ltr'><strong>ad</strong></span> <span class='ocrx_word' id='word_1_703' title='bbox 1535 4709 1795 4780; x_wconf 86' lang='lat' dir='ltr'><strong>populum</strong></span> <span class='ocrx_word' id='word_1_704' title='bbox 1817 4705 2054 4776; x_wconf 79' lang='lat' dir='ltr'><strong>denique</strong></span> <span class='ocrx_word' id='word_1_705' title='bbox 2079 4706 2321 4761; x_wconf 90' lang='lat' dir='ltr'><strong>delatum</strong></span> <span class='ocrx_word' id='word_1_706' title='bbox 2352 4713 2456 4772; x_wconf 90' lang='lat' dir='ltr'><strong>est,</strong></span> <span class='ocrx_word' id='word_1_707' title='bbox 2485 4705 2552 4759; x_wconf 86' lang='lat' dir='ltr'><strong>ad</strong></span> <span class='ocrx_word' id='word_1_708' title='bbox 2578 4719 2739 4774; x_wconf 89' lang='lat' dir='ltr'><strong>quem</strong></span> <span class='ocrx_word' id='word_1_709' title='bbox 2768 4703 2946 4758; x_wconf 84' lang='lat' dir='ltr'><strong>Moses</strong></span> <span class='ocrx_word' id='word_1_710' title='bbox 2978 4702 3032 4755; x_wconf 91' lang='lat' dir='ltr'><strong>in</strong></span> <span class='ocrx_word' id='word_1_711' title='bbox 3071 4711 3254 4755; x_wconf 83' lang='lat' dir='ltr'><strong>castra</strong></span> <span class='ocrx_word' id='word_1_712' title='bbox 3281 4709 3367 4754; x_wconf 90' lang='lat' dir='ltr'><strong>est</strong></span> <span class='ocrx_word' id='word_1_713' title='bbox 3395 4699 3678 4768; x_wconf 76' lang='lat' dir='ltr'><strong>ingressus.</strong></span> 
     </span>
    </p>
   </div>
   <div class='ocr_carea' id='block_1_73' title="bbox 451 4783 3662 4866">
    <p class='ocr_par' dir='ltr' id='par_1_73' title="bbox 451 4783 3662 4866">
     <span class='ocr_line' id='line_1_79' title="bbox 451 4783 3662 4866; baseline -0.006 -13"><span class='ocrx_word' id='word_1_714' title='bbox 451 4799 620 4854; x_wconf 82' lang='lat' dir='ltr'><strong>.losttc</strong></span> <span class='ocrx_word' id='word_1_715' title='bbox 651 4797 780 4852; x_wconf 87' lang='lat' dir='ltr'><strong>item</strong></span> <span class='ocrx_word' id='word_1_716' title='bbox 817 4797 910 4865; x_wconf 87' lang='lat' dir='ltr'><strong>qui</strong></span> <span class='ocrx_word' id='word_1_717' title='bbox 940 4809 1233 4866; x_wconf 87' lang='lat' dir='ltr'><strong>personam</strong></span> <span class='ocrx_word' id='word_1_718' title='bbox 1263 4795 1406 4866; x_wconf 77' lang='lat' dir='ltr'><strong>gerit</strong></span> <span class='ocrx_word' id='word_1_719' title='bbox 1438 4796 1644 4850; x_wconf 89' lang='lat' dir='ltr'><strong>Christi</strong></span> <span class='ocrx_word' id='word_1_720' title='bbox 1677 4794 1770 4863; x_wconf 88' lang='lat' dir='ltr'><strong>qui</strong></span> <span class='ocrx_word' id='word_1_721' title='bbox 1818 4793 1991 4862; x_wconf 83' lang='lat' dir='ltr'><strong>legem</strong></span> <span class='ocrx_word' id='word_1_722' title='bbox 2019 4801 2074 4849; x_wconf 88' lang='lat' dir='ltr'><strong>et</strong></span> <span class='ocrx_word' id='word_1_723' title='bbox 2103 4797 2404 4865; x_wconf 89' lang='lat' dir='ltr'><strong>prophetas</strong></span> <span class='ocrx_word' id='word_1_724' title='bbox 2451 4792 2718 4862; x_wconf 86' lang='lat' dir='ltr'><strong>implevit.</strong></span> <span class='ocrx_word' id='word_1_725' title='bbox 2764 4790 3037 4845; x_wconf 84' lang='lat' dir='ltr'><strong>Jubentur</strong></span> <span class='ocrx_word' id='word_1_726' title='bbox 3067 4803 3196 4843; x_wconf 83' lang='lat' dir='ltr'><strong>vero</strong></span> <span class='ocrx_word' id='word_1_727' title='bbox 3221 4802 3346 4842; x_wconf 84' lang='lat' dir='ltr'><strong>curn</strong></span> <span class='ocrx_word' id='word_1_728' title='bbox 3378 4787 3479 4855; x_wconf 89' lang='lat' dir='ltr'><strong>ipsi</strong></span> <span class='ocrx_word' id='word_1_729' title='bbox 3511 4783 3662 4837; x_wconf 87' lang='lat' dir='ltr'><strong>obser</strong></span> 
     </span>
    </p>
   </div>
   <div class='ocr_carea' id='block_1_74' title="bbox 451 4867 3674 4954">
    <p class='ocr_par' dir='ltr' id='par_1_74' title="bbox 451 4867 3674 4954">
     <span class='ocr_line' id='line_1_80' title="bbox 451 4867 3674 4954; baseline -0.007 -13"><span class='ocrx_word' id='word_1_730' title='bbox 451 4901 602 4952; x_wconf 88' lang='lat' dir='ltr'><strong>vare,</strong></span> <span class='ocrx_word' id='word_1_731' title='bbox 643 4893 760 4940; x_wconf 89' lang='lat' dir='ltr'><strong>tum</strong></span> <span class='ocrx_word' id='word_1_732' title='bbox 791 4883 990 4939; x_wconf 89' lang='lat' dir='ltr'><strong>docere</strong></span> <span class='ocrx_word' id='word_1_733' title='bbox 1019 4898 1151 4938; x_wconf 88' lang='lat' dir='ltr'><strong>suos</strong></span> <span class='ocrx_word' id='word_1_734' title='bbox 1194 4884 1660 4954; x_wconf 68' lang='lat' dir='ltr'><strong>posteros,,juxta</strong></span> <span class='ocrx_word' id='word_1_735' title='bbox 1699 4880 1874 4949; x_wconf 70' lang='lat' dir='ltr'><strong>illud:</strong></span> <span class='ocrx_word' id='word_1_736' title='bbox 1923 4899 1942 4932; x_wconf 71' lang='grc' dir='ltr'><strong>ε</strong></span> <span class='ocrx_word' id='word_1_737' title='bbox 1971 4882 2295 4951; x_wconf 87' lang='lat' dir='ltr'><strong>Quicunque</strong></span> <span class='ocrx_word' id='word_1_738' title='bbox 2324 4898 2454 4937; x_wconf 89' lang='lat' dir='ltr'><strong>vero</strong></span> <span class='ocrx_word' id='word_1_739' title='bbox 2505 4881 2717 4945; x_wconf 79' lang='lat' dir='ltr'><strong>fecerit,</strong></span> <span class='ocrx_word' id='word_1_740' title='bbox 2769 4887 2825 4933; x_wconf 90' lang='lat' dir='ltr'><strong>et</strong></span> <span class='ocrx_word' id='word_1_741' title='bbox 2868 4877 3123 4934; x_wconf 91' lang='lat' dir='ltr'><strong>docuerit</strong></span> <span class='ocrx_word' id='word_1_742' title='bbox 3152 4891 3318 4931; x_wconf 89' lang='lat' dir='ltr'><strong>unum</strong></span> <span class='ocrx_word' id='word_1_743' title='bbox 3349 4889 3418 4929; x_wconf 80' lang='lat' dir='ltr'><strong>ex</strong></span> <span class='ocrx_word' id='word_1_744' title='bbox 3443 4867 3674 4927; x_wconf 85' lang='lat' dir='ltr'><strong>minimis</strong></span> 
     </span>
    </p>
   </div>
   <div class='ocr_carea' id='block_1_75' title="bbox 455 4970 2390 5044">
    <p class='ocr_par' dir='ltr' id='par_1_75' title="bbox 455 4970 2390 5044">
     <span class='ocr_line' id='line_1_81' title="bbox 455 4970 2390 5044; baseline -0.004 -15"><span class='ocrx_word' id='word_1_745' title='bbox 455 4976 632 5037; x_wconf 88' lang='lat' dir='ltr'><strong>hisce,</strong></span> <span class='ocrx_word' id='word_1_746' title='bbox 667 4973 758 5028; x_wconf 88' lang='lat' dir='ltr'><strong>hic</strong></span> <span class='ocrx_word' id='word_1_747' title='bbox 788 4988 1048 5044; x_wconf 76' lang='lat' dir='ltr'><strong>magnum</strong></span> <span class='ocrx_word' id='word_1_748' title='bbox 1085 4987 1284 5028; x_wconf 90' lang='lat' dir='ltr'><strong>nomen</strong></span> <span class='ocrx_word' id='word_1_749' title='bbox 1327 4973 1382 5027; x_wconf 93' lang='lat' dir='ltr'><strong>in</strong></span> <span class='ocrx_word' id='word_1_750' title='bbox 1408 4987 1579 5042; x_wconf 77' lang='lat' dir='ltr'><strong>regno</strong></span> <span class='ocrx_word' id='word_1_751' title='bbox 1612 4970 1878 5024; x_wconf 66' lang='lat' dir='ltr'><strong>caelorum</strong></span> <span class='ocrx_word' id='word_1_752' title='bbox 1905 4970 2237 5039; x_wconf 75' lang='lat' dir='ltr'><strong>adipiscetur</strong></span> <span class='ocrx_word' id='word_1_753' title='bbox 2262 4973 2334 5026; x_wconf 76' lang='grc'><strong>⁸⁸.</strong></span> <span class='ocrx_word' id='word_1_754' title='bbox 2373 4991 2390 5022; x_wconf 75' lang='grc' dir='ltr'><strong>ι</strong></span> 
     </span>
    </p>
   </div>
   <div class='ocr_carea' id='block_1_76' title="bbox 526 5052 3678 5132">
    <p class='ocr_par' dir='ltr' id='par_1_76' title="bbox 526 5052 3678 5132">
     <span class='ocr_line' id='line_1_82' title="bbox 526 5052 3678 5132; baseline -0.005 -18"><span class='ocrx_word' id='word_1_755' title='bbox 526 5058 639 5116; x_wconf 87' lang='lat' dir='ltr'><strong>Nec</strong></span> <span class='ocrx_word' id='word_1_756' title='bbox 670 5061 742 5114; x_wconf 84' lang='lat' dir='ltr'><strong>sit</strong></span> <span class='ocrx_word' id='word_1_757' title='bbox 769 5059 912 5114; x_wconf 80' lang='lat' dir='ltr'><strong>vobis</strong></span> <span class='ocrx_word' id='word_1_758' title='bbox 943 5059 1027 5114; x_wconf 81' lang='lat' dir='ltr'><strong>hic</strong></span> <span class='ocrx_word' id='word_1_759' title='bbox 1061 5075 1232 5113; x_wconf 86' lang='lat' dir='ltr'><strong>sermo</strong></span> <span class='ocrx_word' id='word_1_760' title='bbox 1263 5076 1452 5124; x_wconf 80' lang='lat' dir='ltr'><strong>vanus,</strong></span> <span class='ocrx_word' id='word_1_761' title='bbox 1477 5058 1727 5129; x_wconf 85' lang='lat' dir='ltr'><strong>quoniam</strong></span> <span class='ocrx_word' id='word_1_762' title='bbox 1771 5057 1882 5110; x_wconf 76' lang='lat' dir='ltr'><strong>ltwe</strong></span> <span class='ocrx_word' id='word_1_763' title='bbox 1923 5066 2002 5111; x_wconf 84' lang='lat' dir='ltr'><strong>est</strong></span> <span class='ocrx_word' id='word_1_764' title='bbox 2035 5059 2145 5113; x_wconf 78' lang='lat' dir='ltr'><strong>vita</strong></span> <span class='ocrx_word' id='word_1_765' title='bbox 2179 5070 2372 5127; x_wconf 82' lang='lat' dir='ltr'><strong>vestra,</strong></span> <span class='ocrx_word' id='word_1_766' title='bbox 2403 5067 2509 5116; x_wconf 88' lang='lat' dir='ltr'><strong>etc.</strong></span> <span class='ocrx_word' id='word_1_767' title='bbox 2559 5058 2700 5132; x_wconf 71' lang='lat'><strong>[47.]</strong></span> <span class='ocrx_word' id='word_1_768' title='bbox 2756 5058 2930 5115; x_wconf 82' lang='lat' dir='ltr'><strong>Verax</strong></span> <span class='ocrx_word' id='word_1_769' title='bbox 2965 5057 3110 5114; x_wconf 87' lang='lat' dir='ltr'><strong>enim</strong></span> <span class='ocrx_word' id='word_1_770' title='bbox 3142 5069 3325 5114; x_wconf 86' lang='lat' dir='ltr'><strong>sermo</strong></span> <span class='ocrx_word' id='word_1_771' title='bbox 3358 5052 3522 5108; x_wconf 86' lang='lat' dir='ltr'><strong>vitam</strong></span> <span class='ocrx_word' id='word_1_772' title='bbox 3556 5062 3678 5132; x_wconf 82' lang='lat' dir='ltr'><strong>coa—</strong></span> 
     </span>
    </p>
   </div>
   <div class='ocr_carea' id='block_1_77' title="bbox 459 5131 3668 5220">
    <p class='ocr_par' dir='ltr' id='par_1_77' title="bbox 459 5131 3668 5220">
     <span class='ocr_line' id='line_1_83' title="bbox 459 5131 3668 5220; baseline -0.004 -16"><span class='ocrx_word' id='word_1_773' title='bbox 459 5151 598 5214; x_wconf 76' lang='lat' dir='ltr'><strong>tert&#39;,</strong></span> <span class='ocrx_word' id='word_1_774' title='bbox 629 5149 787 5220; x_wconf 75' lang='lat' dir='ltr'><strong>juxta</strong></span> <span class='ocrx_word' id='word_1_775' title='bbox 820 5149 953 5204; x_wconf 91' lang='lat' dir='ltr'><strong>illud</strong></span> <span class='ocrx_word' id='word_1_776' title='bbox 990 5167 1003 5202; x_wconf 91' lang='lat'><strong>:</strong></span> <span class='ocrx_word' id='word_1_777' title='bbox 1037 5156 1058 5202; x_wconf 68' lang='grc' dir='ltr'>ι</span> <span class='ocrx_word' id='word_1_778' title='bbox 1094 5148 1147 5202; x_wconf 91' lang='lat' dir='ltr'><strong>In</strong></span> <span class='ocrx_word' id='word_1_779' title='bbox 1185 5149 1290 5202; x_wconf 91' lang='lat' dir='ltr'><strong>hoc</strong></span> <span class='ocrx_word' id='word_1_780' title='bbox 1343 5162 1476 5203; x_wconf 81' lang='lat' dir='ltr'><strong>vero</strong></span> <span class='ocrx_word' id='word_1_781' title='bbox 1528 5144 1784 5201; x_wconf 90' lang='lat' dir='ltr'><strong>consistit</strong></span> <span class='ocrx_word' id='word_1_782' title='bbox 1817 5144 1944 5211; x_wconf 89' lang='lat' dir='ltr'><strong>vita,</strong></span> <span class='ocrx_word' id='word_1_783' title='bbox 1995 5153 2056 5200; x_wconf 91' lang='lat' dir='ltr'><strong>ut</strong></span> <span class='ocrx_word' id='word_1_784' title='bbox 2091 5155 2394 5217; x_wconf 78' lang='lat' dir='ltr'><strong>agnoscant</strong></span> <span class='ocrx_word' id='word_1_785' title='bbox 2439 5156 2493 5204; x_wconf 88' lang='lat' dir='ltr'><strong>te</strong></span> <span class='ocrx_word' id='word_1_786' title='bbox 2535 5131 2712 5203; x_wconf 76' lang='lat' dir='ltr'><strong>solum</strong></span> <span class='ocrx_word' id='word_1_787' title='bbox 2749 5161 2939 5204; x_wconf 88' lang='lat' dir='ltr'><strong>verum</strong></span> <span class='ocrx_word' id='word_1_788' title='bbox 2973 5144 3166 5209; x_wconf 88' lang='lat' dir='ltr'><strong>Deum,</strong></span> <span class='ocrx_word' id='word_1_789' title='bbox 3196 5152 3251 5200; x_wconf 89' lang='lat' dir='ltr'><strong>et</strong></span> <span class='ocrx_word' id='word_1_790' title='bbox 3278 5155 3442 5214; x_wconf 86' lang='lat' dir='ltr'><strong>quom</strong></span> <span class='ocrx_word' id='word_1_791' title='bbox 3484 5131 3668 5192; x_wconf 79' lang='lat' dir='ltr'><strong>misisti</strong></span> 
     </span>
    </p>
   </div>
   <div class='ocr_carea' id='block_1_78' title="bbox 457 5230 2932 5304">
    <p class='ocr_par' dir='ltr' id='par_1_78' title="bbox 457 5230 2932 5304">
     <span class='ocr_line' id='line_1_84' title="bbox 457 5230 2932 5304; baseline -0.003 -10"><span class='ocrx_word' id='word_1_792' title='bbox 457 5237 646 5294; x_wconf 76' lang='lat' dir='ltr'><strong>Jesum</strong></span> <span class='ocrx_word' id='word_1_793' title='bbox 683 5237 964 5293; x_wconf 84' lang='lat' dir='ltr'><strong>Christum</strong></span> <span class='ocrx_word' id='word_1_794' title='bbox 987 5237 1054 5291; x_wconf 84' lang='grc'><strong>³³.</strong></span> <span class='ocrx_word' id='word_1_795' title='bbox 1088 5254 1108 5288; x_wconf 75' lang='grc' dir='ltr'><strong>ι</strong></span> <span class='ocrx_word' id='word_1_796' title='bbox 1139 5234 1316 5302; x_wconf 87' lang='lat' dir='ltr'><strong>Quam</strong></span> <span class='ocrx_word' id='word_1_797' title='bbox 1348 5234 1443 5304; x_wconf 91' lang='lat' dir='ltr'><strong>qui</strong></span> <span class='ocrx_word' id='word_1_798' title='bbox 1475 5246 1666 5287; x_wconf 91' lang='lat' dir='ltr'><strong>verum</strong></span> <span class='ocrx_word' id='word_1_799' title='bbox 1705 5230 2000 5287; x_wconf 79' lang='lat' dir='ltr'><strong>Jordanem</strong></span> <span class='ocrx_word' id='word_1_800' title='bbox 2031 5234 2474 5303; x_wconf 88' lang='lat' dir='ltr'><strong>pertransierunt</strong></span> <span class='ocrx_word' id='word_1_801' title='bbox 2508 5243 2638 5291; x_wconf 92' lang='lat' dir='ltr'><strong>sunt</strong></span> <span class='ocrx_word' id='word_1_802' title='bbox 2669 5233 2932 5290; x_wconf 86' lang='lat' dir='ltr'><strong>assecuti.</strong></span> 
     </span>
    </p>
   </div>
   <div class='ocr_carea' id='block_1_79' title="bbox 532 5372 2119 5460">
    <p class='ocr_par' dir='ltr' id='par_1_79' title="bbox 532 5386 2118 5460">
     <span class='ocr_line' id='line_1_85' title="bbox 532 5386 2118 5460; baseline 0.012 -11"><span class='ocrx_word' id='word_1_803' title='bbox 532 5395 573 5427; x_wconf 73' lang='lat'>”</span> <span class='ocrx_word' id='word_1_804' title='bbox 614 5395 751 5450; x_wconf 85' lang='lat' dir='ltr'><strong>Gen.</strong></span> <span class='ocrx_word' id='word_1_805' title='bbox 783 5409 862 5456; x_wconf 72' lang='lat' dir='ltr'><strong>VI,</strong></span> <span class='ocrx_word' id='word_1_806' title='bbox 893 5393 948 5448; x_wconf 84' lang='lat'><strong>&#39;5.</strong></span> <span class='ocrx_word' id='word_1_807' title='bbox 1025 5393 1071 5425; x_wconf 74' lang='lat'>“</span> <span class='ocrx_word' id='word_1_808' title='bbox 1112 5392 1244 5446; x_wconf 92' lang='lat' dir='ltr'><strong>Lttc.</strong></span> <span class='ocrx_word' id='word_1_809' title='bbox 1284 5407 1374 5454; x_wconf 81' lang='lat' dir='ltr'><strong>xv,</strong></span> <span class='ocrx_word' id='word_1_810' title='bbox 1403 5390 1454 5450; x_wconf 87' lang='lat'><strong>7.</strong></span> <span class='ocrx_word' id='word_1_811' title='bbox 1532 5387 1578 5420; x_wconf 72' lang='lat'>&quot;</span> <span class='ocrx_word' id='word_1_812' title='bbox 1620 5386 1784 5460; x_wconf 49' lang='lat' dir='ltr'><strong>&quot;9b.&quot;</strong></span> <span class='ocrx_word' id='word_1_813' title='bbox 1820 5403 1857 5450; x_wconf 76' lang='grc' dir='ltr'><strong>¹ν</strong></span> <span class='ocrx_word' id='word_1_814' title='bbox 1889 5387 1944 5443; x_wconf 71' lang='grc' dir='ltr'><strong>θ’</strong></span> <span class='ocrx_word' id='word_1_815' title='bbox 2019 5389 2118 5444; x_wconf 59' lang='lat' dir='ltr'><strong>“M</strong></span> 
     </span>
    </p>
   </div>
   <div class='ocr_carea' id='block_1_80' title="bbox 2088 5372 3675 5460">
    <p class='ocr_par' dir='ltr' id='par_1_80' title="bbox 2088 5372 3675 5460">
     <span class='ocr_line' id='line_1_86' title="bbox 2088 5372 3675 5460; baseline 0.004 -15"><span class='ocrx_word' id='word_1_816' title='bbox 2088 5391 2261 5446; x_wconf 77' lang='lat' dir='ltr'><strong>llatth.</strong></span> <span class='ocrx_word' id='word_1_817' title='bbox 2296 5409 2386 5460; x_wconf 82' lang='lat' dir='ltr'><strong>xv,</strong></span> <span class='ocrx_word' id='word_1_818' title='bbox 2420 5393 2510 5447; x_wconf 70' lang='lat' dir='ltr'><strong>2i.</strong></span> <span class='ocrx_word' id='word_1_819' title='bbox 2591 5392 2637 5424; x_wconf 67' lang='grc' dir='ltr'>δ’</span> <span class='ocrx_word' id='word_1_820' title='bbox 2679 5391 2840 5447; x_wconf 79' lang='lat' dir='ltr'><strong>Joan.</strong></span> <span class='ocrx_word' id='word_1_821' title='bbox 2901 5408 2954 5448; x_wconf 72' lang='grc' dir='ltr'>χ,</span> <span class='ocrx_word' id='word_1_822' title='bbox 2995 5391 3078 5446; x_wconf 79' lang='grc'><strong>16.</strong></span> <span class='ocrx_word' id='word_1_823' title='bbox 3157 5389 3202 5420; x_wconf 71' lang='grc'>⁸⁸</span> <span class='ocrx_word' id='word_1_824' title='bbox 3245 5385 3554 5460; x_wconf 64' lang='grc' dir='ltr'>Εριιεεε,ιι,υ</span> 
     </span>
    </p>
   </div>
   <div class='ocr_carea' id='block_1_81' title="bbox 456 5446 2043 5598">
    <p class='ocr_par' dir='ltr' id='par_1_81' title="bbox 456 5446 2043 5598">
     <span class='ocr_line' id='line_1_87' title="bbox 456 5446 2043 5528; baseline -0.001 -14"><span class='ocrx_word' id='word_1_825' title='bbox 456 5465 503 5496; x_wconf 66' lang='grc' dir='ltr'><strong>ι’</strong></span> <span class='ocrx_word' id='word_1_826' title='bbox 536 5446 762 5528; x_wconf 36' lang='lat' dir='ltr'><strong>“ebrii,</strong></span> <span class='ocrx_word' id='word_1_827' title='bbox 794 5446 914 5518; x_wconf 41' lang='grc' dir='ltr'><strong>Π(</strong></span> <span class='ocrx_word' id='word_1_828' title='bbox 983 5461 1027 5494; x_wconf 69' lang='grc'><strong>⁸⁸</strong></span> <span class='ocrx_word' id='word_1_829' title='bbox 1059 5461 1199 5515; x_wconf 83' lang='lat' dir='ltr'><strong>Psal.</strong></span> <span class='ocrx_word' id='word_1_830' title='bbox 1233 5446 1513 5526; x_wconf 32' lang='lat' dir='ltr'><strong>surtu-8.</strong></span> <span class='ocrx_word' id='word_1_831' title='bbox 1615 5459 1662 5491; x_wconf 70' lang='grc'><strong>⁸⁹</strong></span> <span class='ocrx_word' id='word_1_832' title='bbox 1695 5446 1888 5512; x_wconf 84' lang='lat' dir='ltr'><strong>Matth.</strong></span> <span class='ocrx_word' id='word_1_833' title='bbox 1915 5473 2043 5514; x_wconf 81' lang='lat' dir='ltr'><strong>mn</strong></span> 
     </span>
     <span class='ocr_line' id='line_1_88' title="bbox 460 5531 1203 5598; baseline -0.004 -13"><span class='ocrx_word' id='word_1_834' title='bbox 460 5549 510 5598; x_wconf 83' lang='lat' dir='ltr'><strong>v,</strong></span> <span class='ocrx_word' id='word_1_835' title='bbox 549 5535 630 5587; x_wconf 89' lang='lat' dir='ltr'><strong>t9.</strong></span> <span class='ocrx_word' id='word_1_836' title='bbox 707 5535 753 5566; x_wconf 81' lang='lat'><strong>&quot;</strong></span> <span class='ocrx_word' id='word_1_837' title='bbox 781 5531 941 5588; x_wconf 81' lang='lat' dir='ltr'><strong>Joan.</strong></span> <span class='ocrx_word' id='word_1_838' title='bbox 984 5547 1118 5598; x_wconf 76' lang='lat' dir='ltr'><strong>xvtt,</strong></span> <span class='ocrx_word' id='word_1_839' title='bbox 1151 5532 1203 5584; x_wconf 74' lang='lat'><strong>23.</strong></span> 
     </span>
    </p>
   </div>
   <div class='ocr_carea' id='block_1_82' title="bbox 2088 5446 3675 5598">
    <p class='ocr_par' dir='ltr' id='par_1_82' title="bbox 2100 5446 3675 5530">
     <span class='ocr_line' id='line_1_89' title="bbox 2100 5446 3675 5530; baseline -0.003 -16"><span class='ocrx_word' id='word_1_840' title='bbox 2100 5461 2189 5515; x_wconf 75' lang='lat' dir='ltr'><strong>st.</strong></span> <span class='ocrx_word' id='word_1_841' title='bbox 2265 5446 2738 5530; x_wconf 52' lang='lat' dir='ltr'><strong>subsessas.</strong></span> <span class='ocrx_word' id='word_1_842' title='bbox 2837 5463 2879 5495; x_wconf 74' lang='grc' dir='ltr'><strong>δι</strong></span> <span class='ocrx_word' id='word_1_843' title='bbox 2919 5446 3109 5515; x_wconf 77' lang='lat' dir='ltr'><strong>Matth.</strong></span> <span class='ocrx_word' id='word_1_844' title='bbox 3146 5475 3262 5526; x_wconf 82' lang='lat' dir='ltr'><strong>xm,</strong></span> <span class='ocrx_word' id='word_1_845' title='bbox 3293 5446 3358 5513; x_wconf 87' lang='lat'><strong>&#39;8.</strong></span> <span class='ocrx_word' id='word_1_846' title='bbox 3430 5446 3675 5504; x_wconf 72' lang='lat' dir='ltr'><strong>&quot;Matth-</strong></span> 
     </span>
    </p>
   </div>
   <div class='ocr_carea' id='block_1_83' title="bbox 1964 5620 2196 5676">
    <p class='ocr_par' dir='ltr' id='par_1_83' title="bbox 1964 5620 2196 5676">
     <span class='ocr_line' id='line_1_90' title="bbox 1964 5620 2196 5676; baseline 0.009 -2"><span class='ocrx_word' id='word_1_847' title='bbox 1964 5620 2196 5676; x_wconf 66' lang='lat' dir='ltr'><strong>NOTAE.</strong></span> 
     </span>
    </p>
   </div>
   <div class='ocr_carea' id='block_1_84' title="bbox 531 5716 2966 5794">
    <p class='ocr_par' dir='ltr' id='par_1_84' title="bbox 531 5716 2966 5794">
     <span class='ocr_line' id='line_1_91' title="bbox 531 5716 2966 5794; baseline -0 -19"><span class='ocrx_word' id='word_1_848' title='bbox 531 5721 640 5792; x_wconf 63' lang='grc' dir='ltr'><strong>βο)</strong></span> <span class='ocrx_word' id='word_1_849' title='bbox 679 5723 1113 5794; x_wconf 70' lang='grc' dir='ltr'>Παραγεγονένπι</span> <span class='ocrx_word' id='word_1_850' title='bbox 1163 5722 1347 5790; x_wconf 67' lang='grc' dir='ltr'>φησὶν,</span> <span class='ocrx_word' id='word_1_851' title='bbox 1388 5721 1501 5776; x_wconf 78' lang='grc' dir='ltr'>ἀλλ’</span> <span class='ocrx_word' id='word_1_852' title='bbox 1525 5716 1618 5775; x_wconf 77' lang='grc' dir='ltr'>οὗν</span> <span class='ocrx_word' id='word_1_853' title='bbox 1657 5719 1816 5781; x_wconf 79' lang='grc' dir='ltr'>αὐτὸς</span> <span class='ocrx_word' id='word_1_854' title='bbox 1852 5718 2022 5788; x_wconf 79' lang='grc' dir='ltr'>ἔλεγε,</span> <span class='ocrx_word' id='word_1_855' title='bbox 2063 5719 2156 5772; x_wconf 76' lang='grc' dir='ltr'>καὶ</span> <span class='ocrx_word' id='word_1_856' title='bbox 2187 5718 2342 5786; x_wconf 76' lang='grc' dir='ltr'>ἄλλα,</span> <span class='ocrx_word' id='word_1_857' title='bbox 2369 5737 2456 5776; x_wconf 81' lang='grc' dir='ltr'>κτ.</span> <span class='ocrx_word' id='word_1_858' title='bbox 2489 5722 2516 5775; x_wconf 88' lang='lat'><strong>6</strong></span> <span class='ocrx_word' id='word_1_859' title='bbox 2544 5720 2643 5792; x_wconf 79' lang='grc' dir='ltr'>τῆς</span> <span class='ocrx_word' id='word_1_860' title='bbox 2671 5720 2805 5790; x_wconf 79' lang='grc' dir='ltr'>Αύγ.</span> <span class='ocrx_word' id='word_1_861' title='bbox 2832 5720 2966 5774; x_wconf 85' lang='grc' dir='ltr'><strong>κώδ.</strong></span> 
     </span>
    </p>
   </div>
  </div>
