4018 6230
407 357 526 424 977‘
1338 377 1749 440 COMMENTA
1762 383 1876 442 ΗΠ
1931 385 2005 444 1N

2081 361 2746 449 lEUTERONUMlUM;
3564 386 3671 450 s73

473 471 584 572 [ἰαὶ
607 490 688 572 ’τε
702 474 878 528 lenita
901 476 971 530 ἐι·
1014 478 1090 544 τῷ
1128 482 1246 551 ὄρει
1280 487 1368 551 εἰς
1411 489 1442 540 ὃ
1471 488 1812 559 ἀναϐαίνεις
1841 495 1982 549 ἐκεῖ.

2165 495 2235 549 Et
2292 513 2495 552 morere
2543 499 2599 554 in
2638 507 2810 554 monte
2854 500 2908 552 in
2945 515 3092 569 quem
3143 505 3197 552 tu
3242 497 3500 554 asc-endis.
3536 497 3671 572 [49.]

404 563 512 662 Τοῦ
557 563 666 636 γὰρ
712 565 842 662 λοιοῦ
901 569 1187 639 μέλλοντος
1233 576 1500 651 διαπερᾷν
1539 582 1631 635 τὸν
1694 585 1984 658 Ἰορδάνην,

2095 585 2231 643 Cum
2281 591 2426 646 enim
2475 592 2711 662 populus
2761 592 2874 661 jam
2945 563 3042 662 per
3093 590 3407 652 Jordanem
3441 563 3676 646 transire

404 653 561 716 τέλος
586 656 866 727 ἐπιτίθησι
889 659 966 729 τῷ
999 663 1149 734 νόμῳ
1175 665 1328 730 Θεὸς.
1579 721 1588 728 .
1767 653 1777 656 I
1921 653 1932 658 ⁷

2093 681 2278 746 vellet,
2311 653 2492 738 tinem-
2519 653 2624 756 legi
2656 653 3110 756 imponere-Deus
3144 685 3336 740 voluit.

484 761 738 867 lia-cleat
771 766 1064 867 benedictio
1094 788 1206 867 qua
1233 775 1498 832 benedixit
1545 779 1720 836 Moses
1769 785 1846 836 vir
1877 784 1975 838 Dei
2019 787 2148 850 ﬁliis
2204 789 2406 851 Israel.
2440 793 2705 866 [XXXIIL
2737 793 2816 867 1.]
2851 795 2969 850 Non
3015 795 3190 850 solum
3228 795 3546 850 hominibus
3583 811 3677 865 DL?"

408 851 586 948 ϐιιιιὶιιε
631 854 980 949 Increditario
1013 860 1335 928 obveniunt,
1369 882 1558 920 verum
1588 869 1753 922 etiam
1789 882 2109 927 sanctorum
2140 892 2328 931 eorum
2367 851 2461 949 qui
2494 896 2524 936 e
2582 882 2721 938 vivis
2753 851 3027 937 excedunt
3053 883 3202 945 ﬁliis,
3261 881 3670 938 benedictioues

411 937 748 1037 .spit'ilualeti.
793 941 1140 1040 Quapmpter
1169 963 1290 1002 cum
1326 953 1394 1006 ad
1423 964 1636 1008 :etatem
1669 967 1918 1011 exactam
1943 963 2284 1028 pervenisset
2321 937 2493 1033 Isaac,
2524 969 2625 1037 ipsi
2662 969 2816 1027 Esau
2843 970 3168 1027 benedicere
3194 969 3466 1040 cupiebat.
3497 968 3679 1030 Jacolt

411 1023 545 1081 item.
571 1027 817 1127 moriens
844 1029 1066 1127 ἔρδερῖιί
1110 1036 1323 1101 liberis,
1354 1040 1589 1110 aliisque
1617 1055 1884 1112 qtmtquot
1943 1046 2096 1116 digni
2125 1061 2305 1116 erant,
2348 1023 2653 1110 benedixit.
2681 1055 2925 1127 Denique
2981 1071 3112 1112 vero
3141 1023 3290 1110 nunc
3319 1055 3500 1111 Moses
3533 1073 3672 1126 quo-

409 1127 517 1210 que
548 1115 823 1210 ιι-ῑιιιιιιιιε.
858 1116 1052 1176 Patres
1083 1125 1230 1177 enim
1257 1127 1588 1183 decedentes
1620 1128 1823 1184 donum
1864 1131 1917 1186 id
1955 1115 2100 1203 quod
2135 1136 2268 1206 ipsis
2303 1143 2582 1210 peculiare
2609 1154 2750 1208 erat,
2782 1115 2850 1199 ini
2867 1159 3162 1200 commune
3195 1145 3666 1200 transmittebant.

409 1195 544 1252 Nam
579 1216 643 1254 ex
677 1204 846 1259 unico
884 1208 1158 1279 principio
1191 1214 1244 1264 in
1295 1215 1585 1271 universos
1624 1215 1766 1274 Deus
1797 1234 1952 1276 suam
1999 1226 2252 1292 provehit
2302 1195 2558 1298 gratiam,
2600 1230 2748 1302 quod
2779 1247 2966 1287 verum
3015 1230 3352 1303 principium
3385 1233 3666 1288 Christum

409 1299 604 1391 nemp:
629 1300 1009 1388 repraesentat,
1048 1297 1139 1363 qui
1178 1299 1378 1351 donum
1409 1315 1569 1353 suum
1617 1317 1645 1356 ιι
1689 1320 1747 1358 se
1786 1306 1838 1358 in
1891 1323 2020 1365 suos
2053 1297 2399 1382 transmittit,
2435 1297 2724 1389 postquam
2763 1320 2818 1374 in
2849 1321 3054 1376 cmlum
3092 1321 3368 1391 migravit,
3417 1321 3674 1375 divinum

407 1380 538 1479 ρεπιιξ
564 1373 982 1479 διιίι·ἱιιιιιι,.ροι;
1009 1397 1288 1479 (ιιιοιιιιιιιί⁵
1306 1386 1621 1479 hominibus
1655 1389 1752 1446 Dei
1801 1391 1944 1451 filios
1975 1397 2159 1464 eﬂicit,
2193 1417 2258 1458 ac
2307 1373 2610 1476 discipulos
2779 1373 3046 1479 imagines
3076 1373 3368 1473 reddituri
3428 1373 3674 1478 ιλιι-Προε-

407 1460 567 1559 nobis
599 1471 802 1566 praesto
833 1465 920 1566 sit.
953 1465 1120 1566 Juxta
1155 1470 1332 1566 illud:
1376 1491 1394 1525 ι
1426 1472 1531 1541 Qui
1563 1491 1661 1533 vos
1689 1479 1908 1549 recipit,
1940 1499 2026 1540 me
2056 1460 2256 1558 recipit
2283 1492 2348 1545 ⁵⁵.
2377 1460 2412 1545 ί)
2449 1460 2797 1565 Quapropter
2849 1460 3012 1550 muatri
3043 1460 3276 1566 quoque
3297 1495 3364 1552 de
3389 1460 3666 1566 discipulo

409 1560 512 1599 suo
545 1550 598 1600 in
631 1550 745 1654 hinc
773 1551 947 1608 verba
977 1554 1111 1654 dicit
1144 1575 1156 1612 :
1207 1579 1227 1611 ‹
1259 1559 1400 1615 Ecce
1434 1563 1576 1654 illius
1612 1572 1740 1621 tuus
1769 1568 1871 1622 ⁵³.»
1908 1569 2041 1624 Nam
2075 1573 2153 1630 illi
2184 1587 2440 1649 tanquam
2472 1550 2713 1651 seipsum
2754 1550 3187 1650 commendavit:
3209 1600 3371 1653 quam
3402 1585 3456 1638 in
3489 1584 3668 1654 ipsius

409 1647 630 1738 quoque
663 1637 820 1692 tidem
863 1656 972 1694 non
1003 1645 1164 1723 aliter
1189 1663 1352 1716 quam
1403 1651 1487 1704 sui
1526 1647 1780 1718 tradidit,
1817 1671 1880 1711 ac
1938 1659 2180 1719 vicissim
2233 1637 2308 1721 ad.
2343 1637 2676 1738 discipulum
2733 1637 2896 1724 dixit:
3208 1637 3380 1728 mater
3412 1637 3606 1726 tua'”.
3642 1691 3695 1724 1--

407 1726 512 1791 Qui
538 1729 704 1798 igitur
738 1733 956 1788 unicam
988 1734 1210 1790 domum
1250 1738 1574 1805 fundarunt,
1629 1743 1684 1798 in
1716 1760 1836 1800 eam
1874 1764 2029 1804 suam
2075 1764 2174 1805 sua
2217 1749 2358 1805 bona
2401 1726 2838 1818 transfundam;
2892 1755 2986 1822 qui
3040 1755 3270 1824 insuper
3320 1763 3562 1825 gentem,
3611 1757 3664 1810 in

407 1825 627 1884 gentem
663 1818 1029 1878 transferunt.
1057 1824 1132 1878 Ita
1173 1825 1431 1882 Christus
1464 1831 1518 1884 in
1553 1845 1678 1886 cum
1715 1849 1937 1905 quoque
1968 1839 2058 1904 qui
2087 1839 2136 1892 ei
2167 1839 2404 1894 maxime
2437 1839 2602 1895 fuerit
2635 1841 2855 1906 similis,
2893 1818 2988 1912 qui
3023 1856 3130 1897 non
3165 1857 3426 1897 carncnm
3460 1858 3664 1913 genus,

407 1917 600 1988 verum
637 1909 913 1963 subditum
949 1913 1222 1968 condidit.
1251 1913 1421 1971 Jacob
1449 1918 1634 1988 itaque
1661 1921 1903 1976 moriens
1957 1923 2141 1980 futura
2189 1928 2584 1998 prmdicturum
2639 1909 2925 1998 promisit,
2953 1944 3054 1986 nec
3099 1929 3279 1984 fausta
3309 1931 3425 1985 illis.
3448 1909 3671 1987 nuncun

407 1994 580 2084 pavit.
617 1995 907 2066 Aliquibus
941 2000 1086 2053 enim
1121 2002 1362 2057 tribuum
1391 2005 1513 2061 dira
1545 2017 1625 2061 est
1651 2007 2004 2078 imprecatus,
2033 1994 2219 2084 utpote
2274 2014 2406 2069 Levi
2447 2030 2512 2070 ac
2567 1994 2836 2072 Sinteoni.
2877 2016 2987 2072 Sua
3049 2032 3179 2072 vero
3217 2019 3384 2074 verba
3435 2019 3664 2075 benedi-

406 2081 622 2176 ctiones
652 2093 813 2139 vocat
841 2085 1036 2154 Moses,
1069 2091 1162 2158 qui
1191 2089 1382 2147 Jacobi
1415 2097 1826 2154 exsecrationes
1857 2081 2162 2157 enervavit.
2189 2102 2258 2156 At
2296 2103 2606 2160 benedictio
2635 2105 2766 2174 quid
2799 2105 2947 2158 aliud
2979 2111 3084 2171 est,
3121 2121 3288 2176 quam
3320 2107 3668 2167 exsecratio»

408 2169 497 2222 nis
530 2170 823 2225 dissolutio
847 2174 871 2226 ἲ
895 2173 972 2230 Ac
1005 2175 1108 2231 hoc
1148 2179 1370 2247 quidem
1403 2179 1566 2252 472
1596 2183 1824 2254 ﬁgurant
1852 2191 1975 2242 tulit
2000 2190 2209 2244 Christi
2250 2191 2342 2261 qui
2367 2190 2626 2246 lsraelem
2653 2169 2685 2246 ιι
2713 2191 2850 2262 legis
2885 2169 3272 2246 maledictione
3304 2203 3424 2248 erat
3455 2192 3660 2249 libera-

406 2263 586 2348 turus.
628 2259 689 2313 In
723 2261 845 2330 ipso
893 2263 1096 2318 etenim
1135 2267 1308 2336 copiae
1339 2283 1508 2322 cornu
1557 2283 1660 2326 est.
1699 2270 1981 2344 Siquidem
2031 2277 2084 2331 in
2124 2259 2356 2348 lege,»ut
2388 2278 2566 2348 inquit
2599 2280 2666 2343 ⁸⁷,
2704 2259 2855 2333 nulla
2890 2287 2974 2333 est
3007 2277 3289 2348 perfectio.
3326 2279 3482 2347 Quod
3531 2294 3666 2342 sane
3759 2306 3777 2328 ι

406 2342 660 2402 lsraelent
687 2349 830 2404 seire
867 2355 1272 2419 conveniebat,
1305 2360 1450 2426 quod
1487 2342 1798 2417 exsecratio
1841 2365 1896 2418 in
1949 2342 2384 2420 benediciionem
2427 2373 2673 2422 transeat
2707 2365 2982 2430 videlicet,
3037 2380 3136 2422 nec
3171 2367 3396 2423 Christo
3433 2372 3524 2438 qui
3559 2383 3664 2426 'cos

406 2432 464 2486 in
519 2433 958 2491 benedictionem
1012 2443 1319 2506 transtulit,
1357 2459 1602 2513 crucem,
1657 2462 1723 2502 ac
1765 2465 1796 2504 e
1842 2451 1987 2522 ligno
2053 2454 2472 2520 suspensionem
2541 2455 2893 2524 exprobrare.
2941 2453 3213 2521 Quocirca
3271 2455 3324 2510 in
3374 2456 3668 2528 principiis

407 2533 633 2612 suarum
712 2524 1158 2582 benedictionum
1231 2529 1585 2588 Servatorem
1663 2534 1844 2592 Moses
1903 2541 2213 2594 constituit.
2292 2539 2396 2606 Qui
2467 2548 2636 2610 caput
2714 2551 2770 2596 et
2845 2543 3090 2612 priorum
3163 2554 3216 2598 et
3293 2524 3666 2612 posteriorum

405 2606 854 2666 benedictionum
905 2622 1034 2678 est,
1084 2631 1198 2671 non
1243 2632 1432 2673 earum
1485 2621 1664 2677 solum
1721 2639 1842 2693 quae
1893 2623 2146 2682 lsraelem
2197 2635 2486 2696 spectant,
2535 2606 2726 2683 verum
2781 2629 2945 2684 etiam
2991 2645 3112 2700 qum
3169 2646 3332 2714 regna
3378 2632 3480 2686 alia
3534 2631 3660 2688 nni;

405 2711 591 2753 versa.

477 2803 740 2862 Dominus
761 2807 831 2900 de
861 2808 996 2900 Sina
1029 2813 1192 2878 venit,
1221 2822 1270 2868 et
1307 2819 1609 2885 comparuit
1653 2819 1806 2876 nobis
1854 2823 1920 2878 de
1949 2823 2088 2880 Seir.
2115 2824 2222 2897 [2.]
2255 2824 2330 2881 De
2367 2827 2715 2898 apparitione
2745 2825 2958 2884 Domini
2994 2843 3058 2884 ea
3089 2812 3374 2895 loquitur,
3410 2844 3575 2900 quam
3605 2830 3660 2884 in

407 2903 595 2987 tuente
616 2909 740 2948 cum
761 2895 934 2975 legem
971 2899 1162 2962 ferret,
1189 2916 1313 2956 cum
1346 2907 1595 2960 exercitu
1621 2909 1942 2976 angelorum
1979 2895 2134 2976 fecit,
2160 2895 2256 2980 per
2285 2895 2647 2983 quoslegcm
2684 2915 3076 2985 promulgavit,
3109 2915 3357 2987 Mosique
3399 2917 3659 2971 eximiam

403 2975 628 3035 lsraelis
657 2993 860 3036 sortem
902 2988 1327 3043 commendavit.
1364 2989 1438 3044 De
1469 3008 1577 3062 qua
1605 2975 1873 3064 scriptum
1918 3007 2003 3052 est
2033 3017 2047 3054 :
2084 3019 2102 3050 ι
2132 2999 2249 3054 Νοιι
2285 3009 2570 3071 tantOpere
2601 3003 2767 3056 ullam
2813 3002 2997 3058 all‘ecit
3026 3014 3270 3074 gentem,
3322 3018 3426 3058 nec
3453 3003 3662 3072 judicia

407 3080 509 3162 sua
538 3077 671 3123 nota
703 3069 829 3162 fecit
859 3073 940 3162 eis
962 3073 1027 3128 ⁵³.
1065 3093 1084 3126 ι
1134 3074 1340 3132 Deinde
1383 3081 1702 3134 vaticinium
1736 3083 1804 3138 de
1831 3083 2051 3141 Christo
2087 3091 2194 3142 tale
2218 3089 2413 3154 edidit,
2439 3069 2585 3156 quod
2623 3090 2739 3160 ipse
2776 3069 3052 3146 Dominus
3071 3091 3136 3146 sit
3167 3092 3259 3160 qui
3295 3069 3468 3162 legem
3493 3091 3652 3147 dede-

407 3156 499 3249 rit,
522 3171 586 3210 ac
620 3173 717 3212 rex
755 3159 941 3216 dilecti
973 3164 1159 3233 populi
1189 3165 1448 3230 exsistat,
1477 3184 1604 3223 cum
1642 3185 1752 3240 quo
1781 3173 2038 3228 omnibus
2067 3190 2288 3244 quoque
2336 3156 2918 3248 benedicet'populis,
2966 3179 3058 3246 qui
3095 3156 3406 3249 principum
3439 3177 3675 3234 nomine-

405 3241 814 3334 signillcantur.
872 3248 1342 3314 Quemadmodum
1397 3255 1568 3312 David
1622 3275 1842 3330 quoque
1891 3261 2030 3316 dixit
2073 3241 2099 3314 ε-
2143 3241 2480 3334 (Principes
2538 3241 2866 3334 populorum
2906 3241 3138 3320 collecti
3194 3241 3325 3322 sunt
3380 3265 3447 3320 ad
3489 3265 3658 3321 Deum

404 3332 682 3388 Abraham
714 3336 782 3391 ".
819 3354 838 3390 ι
880 3337 1128 3392 Nondum
1160 3343 1304 3396 enim
1335 3358 1458 3398 cum
1492 3345 1576 3400 lex
1612 3350 1922 3403 sanciretur
1952 3351 2171 3405 sincere
2213 3351 2334 3420 ejus
2367 3332 2553 3422 regno
2570 3332 2886 3422 parebatur.
2919 3352 3054 3406 Nam
3089 3370 3212 3409 cum
3245 3356 3326 3410 lex
3381 3355 3673 3424 pmdagogi-

403 3419 557 3475 vices
582 3423 801 3488 habeat,
833 3441 944 3480 non
977 3429 1114 3483 satis
1141 3444 1267 3483 cum
1317 3429 1427 3486 Deo
1453 3434 1787 3489 conciliandi
1817 3435 1919 3492 fuit
1950 3437 2168 3504 idonea,
2221 3419 2401 3494 donec
2435 3419 2690 3510 seipsum
2725 3441 2955 3509 ipsemet
2985 3440 3137 3495 dedit
3169 3441 3436 3496 Dominus
3467 3456 3656 3512 regno.

403 3520 470 3560 ac
499 3508 968 3567 administrationi
1005 3529 1186 3570 rerum
1224 3513 1580 3572 Iudaicarum
1622 3519 2204 3593 Graecanicarumque.
2253 3525 2412 3592 Quod
2478 3508 2606 3582 vero
2637 3508 2886 3598 qtuedam
2941 3529 3075 3584 dicit
3123 3529 3362 3600 deipso,
3409 3532 3661 3600 qnmdam

403 3609 536 3650 vero
561 3596 628 3650 ad
657 3597 858 3667 ipsum,
892 3601 975 3656 vel
1009 3603 1112 3656 hoc
1143 3603 1472 3674 simpliciter
1493 3605 1662 3672 fecit,
1694 3609 1780 3662 vel
1807 3607 2085 3679 duplicem
2117 3613 2236 3682 ejus
2272 3631 2563 3684 personam
2597 3596 2983 3674 demonstrare
3018 3619 3157 3683 vult,
3183 3596 3254 3672 ac.
3281 3618 3424 3673 Patri
3458 3618 3658 3674 Filium

403 3696 506 3737 ceu
531 3686 956 3744 coessentialem
985 3689 1329 3760 conjungere
1371 3707 1386 3746 :
1419 3695 1878 3762 quemadmodum
1905 3696 2204 3756 Zacharias
2235 3718 2456 3774 quoque
2496 3719 2557 3758 ex
2603 3719 2843 3772 persona
2878 3705 2971 3760 Dei
3025 3706 3276 3776 loquens,
3309 3706 3658 3760 alllictionem

402 3789 468 3830 ac
492 3787 724 3832 mortem
759 3778 880 3848 ejus
905 3779 1192 3847 indicavit,
1234 3781 1370 3837 dicit
1401 3785 1545 3839 enim
1577 3803 1590 3840 :
1632 3807 1650 3838 ι
1680 3789 1960 3857 Aspicient
1987 3803 2146 3858 quem
2181 3797 2626 3858 compunxerunt
2647 3792 2712 3846 ⁸ο.
2745 3811 2762 3843 ι
2800 3792 2922 3846 Alio
2947 3793 3074 3847 item
3125 3793 3266 3855 loco,
3297 3795 3401 3848 alia
3438 3794 3658 3862 quidem

401 3877 638 3932 persona
673 3881 792 3935 quae
839 3867 1006 3922 mittit
1065 3869 1398 3937 ostenditur,
1437 3873 1542 3928 alia
1584 3889 1710 3929 vero
1761 3892 1883 3946 quae
1921 3875 2178 3930 mittitur.
2231 3874 2496 3932 Dominus
2563 3879 2688 3934 item
2740 3879 3060 3949 angelorum
3109 3881 3507 3950 pronntlgatnr.
3564 3897 3660 3948 per

403 3966 542 4020 quos
602 3953 773 4023 legem
838 3969 1060 4026 quoque
1127 3956 1318 4024 dedit,
1371 3959 1531 4030 juxta
1598 3962 1730 4017 illud
1788 3979 1800 4016 :
1864 3982 1882 4015 ι
1931 3962 2192 4016 Ordinata
2251 3963 2362 4032 'per
2418 3964 2658 4032 Angelos
2719 3965 2772 4019 in
2846 3981 3010 4020 manu
3079 3968 3467 4024 intercessoris
3507 3969 3573 4022 ⁶¹.
3633 3985 3674 4022 ›.

405 4035 723 4109 Stephanus
755 4039 886 4095 item
923 4042 1106 4111 inquit
1143 4056 1158 4096 :
1201 4061 1218 4094 ι
1250 4043 1560 4116 Accepistis
1595 4048 1766 4118 legem
1796 4050 1952 4120 juxta
1987 4051 2304 4121 praescripta
2337 4051 2684 4121 angelorum,
2725 4068 2827 4109 nec
2857 4057 3122 4111 servastis
3157 4055 3221 4108 δ’.
3265 4075 3282 4106 ι

471 4167 544 4221 To
577 4169 728 4237 Σινᾶ,
779 4171 902 4240 ὅρος
949 4173 1068 4226 ἐστὶ
1112 4175 1212 4244 τῆς
1263 4177 1489 4247 Φαρὰνν
1529 4179 1652 4250 ἥτις
1710 4182 1829 4236 ἐστὶ
1878 4183 1977 4252 τῆς

2156 4181 2329 4243 Porro
2377 4181 2506 4238 Sina
2534 4197 2690 4239 mons
2731 4184 2785 4239 in
2837 4185 3060 4241 deserto
3107 4185 3338 4241 Pharam
3370 4229 3382 4250 ,
3417 4189 3561 4258 quod
3601 4189 3668 4242 in-

412 4257 692 4331 Ἀραϐίας,
723 4261 799 4323 ὡς
823 4261 852 4314 ὁ
877 4262 1087 4326 Παῦλος
1118 4282 1305 4335 φησιν.
1323 4265 1384 4320 Ἡ
1415 4267 1471 4320 δὲ
1501 4268 1684 4340 Φαράν
1733 4273 1850 4325 ἔστι
1875 4273 1982 4326 Κά-

397 4349 519 4422 δης,
577 4351 652 4415 ὥς
707 4370 870 4422 φησιν
923 4355 982 4406 ὲν
1037 4359 1152 4420 τοῖς
1198 4359 1496 4429 Ἀριθμοϊς.
1555 4362 1721 4432 Σηεὶρ
1772 4362 1830 4416 δὲ
1886 4363 1980 4417 καὶ

411 4441 592 4512 Ἐδυῖιμ
623 4445 774 4496 ἐστιν
815 4446 844 4498 ὁ
884 4445 1076 4500 Ἠσαῦ.
1121 4441 1194 4502 Ui}
1229 4450 1290 4503 τὸ
1340 4451 1464 4522 ὅρος
1511 4453 1744 4524 πλησίον
1768 4456 1975 4526 ψαράν.

407 4553 432 4587 ι
457 4535 556 4588 Ἐκ
589 4537 720 4590 Σινὰ
751 4537 828 4602 δὲ,
879 4540 1067 4608 φησιν,
1117 4541 1244 4611 ἣκει.
1298 4544 1522 4616 Κύριος,
1552 4565 1571 4598 ι
1619 4546 1735 4600 ἀλλ’
1771 4548 1870 4600 οὐκ
1899 4550 1978 4612 εἰς

399 4629 552 4693 Σινὰ,
591 4631 686 4684 καὶ
710 4631 983 4701 ὲπέφανεν
1031 4635 1094 4686 ἐκ
1131 4635 1322 4707 Σηεὶρ,
1361 4638 1676 4707 ὑποφαίνων
1707 4639 1806 4711 τὴν
1840 4641 1980 4695 κατὰ

400 4723 582 4792 σάρκα
607 4724 774 4776 αὑτοῦ
807 4725 1084 4795 γέννησιν,
1123 4727 1218 4780 τοῦ
1254 4732 1348 4782 καὶ
1375 4731 1431 4782 ὲν
1461 4733 1590 4786 Σινὰ
1620 4735 1882 4801 φχνέντος
1921 4737 1984 4788 ὲν

395 4813 527 4866 εῖδει
561 4815 754 4883 πυρὸς,
801 4817 895 4869 καὶ
935 4817 1228 4882 δεδωκότος
1299 4822 1482 4886 αὐτοῖς
1532 4823 1624 4876 τὸν
1667 4823 1850 4896 νόμον.
1893 4827 1978 4891 Ὡς

397 4906 699 4975 ἀναγκαῖον
729 4908 840 4978 γὰρ
867 4909 1050 4972 αὐτοῖς
1081 4911 1176 4962 καὶ
1228 4913 1495 4982 σωτήριον
1527 4912 1684 4966 τοῦτο
1712 4915 1773 4967 τὸ
1803 4915 1978 4986 μάθη-

400 5014 477 5063 μα
508 4997 896 5068 παραδίδωσιν,
931 5000 1016 5052 ὅτι
1062 5000 1359 5072 ὀφθήσεται
1401 5004 1464 5055 ἐκ
1497 5004 1664 5074 Σηείρ
1689 5020 1702 5033 ’
1744 5005 1802 5068 ὃς
1829 5007 1978 5059 ἐστιν

409 5088 586 5160 Ἐἰώμ
605 5105 617 5120 ο
639 5090 816 5160 Ἐδὼμ
839 5091 920 5155 δὲ,
950 5095 978 5146 ὁ
1004 5094 1212 5163 γήϊνος.
1239 5113 1258 5145 ι
1284 5095 1394 5147 Καὶ
1410 5096 1537 5148 κατὲ
1549 5112 1770 5161 σπευσε,
1786 5101 1973 5168 φησὶν,

397 5181 452 5242 ἐξ
471 5182 630 5254 ὅρους
659 5184 866 5254 Φαρὰν,
898 5203 918 5236 ο
942 5184 1036 5238 τοῦ
1071 5187 1238 5256 νόμον
1286 5188 1385 5258 τὴν
1415 5187 1630 5241 παῦλαν
1667 5187 1866 5257 δηλῶν.
1899 5192 1974 5244 Οὐ

398 5270 508 5342 γὰρ
537 5271 618 5325 ἔτι
663 5274 810 5345 μόνῳ
861 5277 1196 5347 χρηματίζει
1239 5278 1318 5349 τῷ
1359 5273 1611 5348 προτέρῳ
1659 5279 1793 5351 λαῷ,
1840 5281 1975 5337 ἀλλὰ

399 5365 494 5416 καὶ
520 5367 690 5420 πᾶσιν
714 5367 815 5438 ἢδη
847 5371 962 5432 τοῖς
1000 5369 1200 5426 ἔθνεσι.
1235 5372 1512 5442 Γράφεται
1539 5373 1596 5425 δὲ
1631 5373 1745 5439 καὶ,
1787 5393 1805 5426 ι
1841 5393 1974 5428 κατ-

398 5455 690 5524 έπαυσενει
713 5459 849 5530 ὅπερ
867 5461 1018 5528 δηλοῖ
1037 5462 1096 5514 τὸ
1121 5463 1444 5528 σπουδάζειν
1469 5465 1631 5517 αὐτὸν
1653 5465 1974 5520 καταλιπεῖν

475 5637 521 5670 ’τ’
553 5637 742 5692 Matth.
778 5655 831 5700 x,
866 5639 953 5692 40.

397 5724 542 5772 τινι,
579 5709 666 5762 10..

399 5778 447 5815 ⁸⁵
476 5778 642 5836 Num.
687 5793 804 5848 xm,
824 5779 916 5834 27.

1033 5640 1076 5672 ⁵⁸
1106 5639 1264 5697 Joan.
1311 5658 1423 5706 λιιι,
1454 5643 1562 5698 '26.

1639 5645 1685 5674 δῦ
1725 5644 1834 5680 ἰὶιίιΙ
1904 5645 1973 5680 0‘7

778 5655 831 5700 ις,
866 5645 953 5692 40.
1033 5645 1076 5672 ⁵³
1106 5645 1264 5697 Joan.
1311 5658 1423 5706 λιιι,
1454 5645 1562 5698 '26.
1639 5645 1685 5674 δθ
1724 5645 1858 5699 ibid.
1904 5645 1991 5698 ‘27.
2105 5647 2148 5675 ⁵⁷
2186 5645 2350 5699 llcbr.
2383 5663 2404 5697 ι

772 5707 1078 5784 “°_Z_aehar.
1118 5728 1210 5779 xu,
1255 5713 1367 5782 10;
1414 5713 1570 5770 Joau.
1613 5731 1727 5784 xtx,
1753 5715 1842 5769 5'7.
1919 5717 1961 5746 δι
1997 5715 2172 5770 Galat.
2207 5731 2286 5781 ιιι,
2327 5716 2404 5768 l9.

2081 4275 2308 4338 Arabia,
2337 4275 2508 4332 Paulo
2537 4293 2760 4348 quoque
2790 4287 2927 4334 teete
2957 4280 3023 4342 ⁶³,
3069 4279 3234 4336 situm
3269 4288 3375 4335 est.
3427 4282 3494 4336 At
3523 4279 3661 4336 Pha-

2083 4384 2180 4422 ran
2229 4367 2410 4424 Cades
2464 4377 2550 4424 est
2605 4371 3069 4440 quemadmodum
3130 4373 3294 4426 tradit
3356 4374 3410 4427 in
3459 4371 3662 4430 Nume-

2083 4459 2158 4515 ris
2185 4458 2252 4514 ⁸⁸.
2286 4459 2462 4514 Porro
2487 4461 2609 4516 Seir
2631 4470 2685 4516 et
2716 4461 2886 4515 Edoni
2916 4462 3060 4516 Esau
3091 4471 3242 4526 sunt,
3275 4465 3439 4534 cujus
3472 4465 3660 4520 termi-

2081 4568 2186 4606 nus
2221 4567 2392 4622 prope
2452 4552 2668 4610 l’haran
2700 4563 2804 4608 est.
2846 4552 2985 4608 Dicit
3018 4569 3145 4609 vero
3179 4575 3192 4610 :
3240 4575 3258 4607 ι
3288 4557 3364 4610 Ex
3403 4555 3538 4612 Sina
3565 4573 3660 4612 ve-

2080 4642 2164 4694 nit
2206 4639 2497 4705 Dominus,
2534 4662 2552 4694 »
2591 4659 2714 4707 nec,
2765 4641 2821 4697 ln
2881 4643 3034 4711 Sina,
3080 4647 3206 4699 item
3245 4657 3398 4701 ortus
3431 4657 3535 4702 est.
3582 4647 3659 4700 Ex

2082 4732 2207 4785 Seir
2267 4733 2388 4801 ejus
2426 4748 2682 4789 eameam
2729 4735 3140 4804 generationem
3192 4733 3470 4802 declarat,
3513 4735 3657 4805 ejus,

2081 4823 2330 4892 inquam,
2367 4823 2458 4892 qui
2491 4824 2543 4877 in
2583 4831 2766 4878 monte
2809 4839 3030 4894 quoque
3067 4825 3210 4892 ignis
3261 4826 3430 4895 ligura
3463 4826 3677 4892 eluxit,

2081 4915 2366 4984 legemque
2409 4915 2543 4985 ipsis
2575 4917 2823 4979 tradidit,
2861 4933 3024 4987 quam
3061 4917 3368 4987 disciplina:
3399 4932 3660 4973 necessa-

2079 5008 2179 5062 riae
2217 5023 2282 5062 ac
2321 5009 2583 5063 salutaris
2633 5009 2752 5064 vice
2805 5009 2914 5064 illis
2959 5011 3330 5064 commendat.
3381 5008 3653 5075 Quoniam

2078 5099 2448 5170 conspicietur
2477 5117 2542 5155 ex
2575 5101 2717 5164 Seir,
2763 5101 2854 5172 qui
2916 5110 3168 5154 terrenus
3209 5099 3376 5152 Edent
3423 5107 3530 5154 est.
3589 5099 3654 5152 Et

2079 5193 2249 5246 movit
2283 5207 2348 5247 ex
2399 5203 2584 5248 monte
2636 5193 2873 5255 Pharon,
2921 5207 3031 5262 quo
3071 5193 3205 5264 legis
3242 5193 3402 5245 linem
3456 5191 3654 5245 suhin-

2077 5284 2218 5346 nttit,
2256 5299 2364 5337 non
2405 5286 2548 5340 enim
2577 5286 2757 5355 primo
2788 5285 2992 5356 populo
3015 5284 3238 5338 oracula
3274 5291 3488 5352 promet
3524 5283 3650 5346 soli,

2077 5393 2262 5430 verum
2310 5378 2527 5430 cunctis
2576 5393 2738 5446 porro
2781 5377 3058 5446 gentibus.
3110 5373 3382 5429 Scribitur
3415 5375 3566 5436 item,
3598 5385 3654 5428 et

2075 5465 2392 5530 festinavit,
2428 5481 2537 5535 quo
2598 5465 2874 5520 indicatur
2921 5463 3163 5519 studium
3210 5477 3322 5532 quo
3365 5463 3654 5519 contendit

2724 5644 2766 5674 ⁸⁸
2799 5642 2941 5696 Psal.
3009 5657 3208 5700 CXLVII,
3255 5642 3344 5700 ΞΟ.
3423 5642 3468 5674 δ’
3499 5642 3645 5700 Psal.

2105 5647 2148 5675 ⁵⁷
2186 5644 2350 5699 llcbr.
2383 5662 2475 5711 vn,
2525 5645 2608 5698 19.
2724 5644 2766 5674 ⁸⁸
2799 5644 2941 5696 Psal.
3009 5657 3208 5700 CXLVII,
3255 5644 3344 5700 ιο.
3423 5644 3468 5674 δ’
3499 5644 3656 5707 Ρδιιέ.

2105 5725 2172 5770 ιιι.
2207 5731 2286 5776 ιιι,
2327 5716 2404 5768 l9.
2518 5716 2560 5746 ιη
2604 5717 2723 5768 Act.
2760 5729 2855 5776 vn,
3081 5711 3125 5742 ⁸³
3172 5711 3350 5770 Galat.
3425 5729 3508 5776 tv,
3553 5713 3650 5776 25.

3195 5741 3350 5770 Julillo
3425 5741 3508 5778 IV,
3555 5741 3650 5794 Ξυμι

2518 5716 2560 5746 6³
2604 5717 2723 5768 Act.
2760 5729 2855 5779 vn,
